4136 6316
523 394 673 456 1Ξ91

1842 387 2080 450 INDEX
2125 341 2626 451 SCRIPTORUM

3797 390 3978 450 1292

516 530 637 602 psit
665 529 843 592 etiam
871 529 1062 582 Artem
1094 528 1396 582 oratoriam
1444 529 1502 581 et
1556 521 1889 597 Δημγορίας,
1923 523 2150 579 Concio-

2277 523 2579 593 Magnetis,
2611 516 2983 596 Βαρϐατιστὰς
3037 527 3095 578 et
3147 523 3424 596 Ὀρνιθας.
3477 522 3732 596 Scripsit
3761 526 3966 582 etiam

514 635 630 686 nes,
689 618 950 686 itemque
1007 617 1272 669 Encomia
1327 619 1385 668 et
1463 614 1755 668 Orationes
1808 611 2065 686 funebres
2109 615 2168 664 et

515 707 798 776 Epistolas
837 706 957 769 VII,
1008 718 1186 757 unam
1245 703 1688 774 pragmaticam,
1722 701 1984 771 reliquas
2029 715 2163 753 vero

515 796 853 865 amatorias,
907 809 1157 864 quarum
1211 793 1473 864 quinque
1525 797 1663 847 sunt
1709 790 1782 846 ad
1823 789 2164 844 adolescen-

514 886 692 940 tulos.

587 973 989 1045 Lysimachus,
1043 971 1214 1041 cujus
1291 971 1566 1025 meminit
1624 969 2049 1024 Demosthenes
2101 968 2163 1022 in

513 1064 791 1119 Oratione
824 1061 895 1116 de
946 1060 1448 1124 immunitatibus,
1506 1065 1632 1113 erat
1692 1059 1965 1113 Aristidis
2019 1057 2164 1112 Justi

512 1152 710 1218 filius;
745 1157 805 1206 at
842 1150 1244 1221 Lysimachus,
1301 1149 1470 1219 cujus
1527 1149 1802 1203 meminit
1847 1149 2163 1219 Lycurgus,

511 1246 638 1296 erat
666 1241 797 1294 vilis
829 1245 1001 1312 poeta
1031 1239 1299 1292 melicus.

582 1329 892 1401 Lysippus,
929 1344 996 1381 ex
1028 1327 1196 1396 cujus
1237 1325 1602 1381 dramatibus
1661 1329 1798 1380 sunt
1837 1324 2067 1397 Βάκχαι,
2101 1329 2166 1377 ut

510 1418 785 1472 meminit
815 1416 1134 1469 Athenaeus
1166 1413 1242 1468 III
1300 1420 1359 1468 et
1389 1415 1507 1467 VIII
1544 1412 1982 1484 Dipn030phist.
2017 1413 2166 1466 Sunt

509 1513 568 1561 et
596 1505 726 1561 alia)
753 1506 882 1576 ejus
912 1502 1237 1570 commdiaa,
1271 1508 1338 1558 ut
1365 1501 1735 1575 Θυρσοκόμος.

1307 1593 1357 1646 Μ

581 1681 814 1736 Macarii
855 1680 970 1735 duo
1002 1679 1168 1735 fuere
1199 1679 1466 1734 celebres
1493 1679 1566 1734 ob
1598 1679 2019 1734 abstinentiam
2043 1694 2164 1732 mo-

512 1786 732 1840 resque
756 1778 809 1823 et
841 1768 914 1822 ob
941 1767 1250 1822 miracula.
1287 1767 1452 1822 Alter
1480 1774 1608 1822 erat
1635 1768 1956 1839 Egyptius.
1989 1766 2157 1832 alter,

509 1857 974 1924 Alexandrinus;
997 1856 1054 1910 in
1085 1856 1195 1910 hoc
1226 1871 1344 1909 uno
1377 1854 1750 1927 discrepabat
1780 1855 1852 1909 ab
1873 1855 2157 1926 Egyptio,

507 1945 665 2016 quod
696 1944 942 1999 hilarior
971 1947 1146 2006 esset,
1181 1948 1239 1997 et
1272 1944 1547 1997 comitate
1597 1943 1849 2013 quadam
1887 1942 2160 2014 juniores

506 2033 579 2088 ad
603 2033 983 2104 disciplinam
1020 2032 1408 2086 monasticam
1441 2031 1955 2085 alliceret.Horum
1979 2029 2156 2084 disci-

505 2122 680 2194 pulus
707 2121 1008 2194 Evagrius,
1039 2120 1140 2190 qui
1200 2121 1457 2190 primum
1495 2136 1528 2173 a
1560 2120 1832 2190 Gregorio
1863 2118 2157 2190 Theologo

503 2212 674 2269 CPoli
708 2212 991 2266 diaconus
1022 2209 1736 2280 ordinatus,postmodum
1768 2227 1886 2263 una
1908 2209 2158 2264 cumillo

507 2297 568 2351 in
606 2299 914 2367 .Egyptum
973 2295 1048 2350 ad
1104 2295 1240 2349 illos
1299 2294 1598 2365 profectus
1659 2300 1766 2348 est.
1823 2295 1923 2348 Hic
1977 2294 2159 2348 libros

508 2386 747 2456 scripsit
770 2385 936 2439 valde
970 2384 1168 2448 utiles,
1203 2401 1456 2454 quorum
1504 2400 1662 2438 unus
1713 2383 2010 2438 Monachus
2061 2384 2155 2438 in-

508 2475 904 2530 scribiturseu
934 2474 1005 2527 de
1028 2473 1239 2527 virtute
1253 2474 1438 2527 activa
1463 2473 1641 2527 :alter
1669 2472 2157 2538 Gnosticus,velde

509 2563 582 2616 iis
615 2562 715 2632 qui
748 2561 1058 2617 scientiam
1090 2561 1371 2631 consequi
1404 2566 1772 2624 meruerunt,
1804 2560 1866 2614 in
1915 2566 2156 2614 centum

507 2649 1215 2722 (quinquaginta)divisus
1242 2650 1455 2720 capita.
1478 2650 1706 2704 Tertius
1736 2649 2157 2704 Antirrheticus

489 2745 699 2795 contra
727 2745 1052 2794 tentatores
1083 2739 1406 2802 dzemones,
1439 2739 1732 2810 capitibus
1775 2745 1904 2792 octo
1942 2755 2151 2793 secun-

490 2828 634 2884 dum
667 2845 985 2883 numerum
1018 2834 1149 2883 octo
1183 2827 1626 2899 cogitationum.
1649 2828 2154 2899 Scripsitpraiter-

490 2934 562 2973 ea
585 2919 959 2988 Prognostica
985 2917 1339 2988 problemata
1368 2923 1646 2972 sexcenta.
1706 2917 1974 2988 Denique
2034 2937 2150 2969 στι-

498 3007 651 3083 χηρᾶ
685 3007 750 3080 β’,
785 3011 926 3062 duos
959 3006 1138 3062 libros
1161 3006 1912 3076 Aphorismorum,alterum
1932 3005 2005 3060 ad
2022 3023 2148 3060 mo-

490 3098 739 3163 nachos,
776 3097 876 3167 qui
908 3097 970 3150 in
1004 3094 1288 3150 coenobiis
1322 3095 1561 3166 degunt,
1597 3094 1851 3149 alterum
1883 3094 1956 3149 ad
1974 3095 2148 3166 virgi-

490 3204 652 3253 nem,
675 3192 788 3241 etc.

562 3274 940 3330 Macedonius
999 3273 1350 3328 Novatianos
1407 3271 1697 3343 quosdam
1738 3272 1811 3328 ad
1859 3275 2144 3328 Arianum
2175 3255 2219 3323 (ἶ

489 3364 704 3434 dogma
732 3362 1038 3434 impellere
1061 3368 1308 3417 conatus
1340 3367 1447 3426 est,
1465 3366 1524 3416 et
1552 3362 1836 3433 reliquias
1860 3364 2144 3418 Constan-

491 3453 599 3507 tini
633 3452 696 3507 in
727 3451 910 3508 alium
941 3451 1138 3507 locum
1168 3451 1496 3518 transtulit,
1530 3450 1788 3522 denique
1819 3451 2141 3524 depositus,

487 3548 600 3598 etc.
635 3559 705 3597 ex
738 3541 1014 3608 Socratis,
1046 3541 1118 3610 II,
1143 3543 1229 3596 38.
1922 3610 1925 3613 .

559 3631 936 3686 Macedonius
967 3629 1259 3701 alius,qui
1292 3629 1399 3685 sub
1428 3629 1660 3686 Iuliano
1683 3633 1952 3702 apostata
1965 3630 2145 3686 vitam

487 3721 772 3793 martyrio
797 3719 970 3774 finiit.

561 3811 1106 3876 Machaon,nomen
1137 3809 1449 3876 medici,ut
1469 3814 1528 3864 et
1557 3808 2140 3874 Chiron,centaurus.

563 3899 900 3965 Maeonides,
957 3901 1262 3954 Homerus.
1329 3901 1506 3953 Vetus
1547 3899 1946 3969 epigramma:
1999 3896 2063 3952 Ei
2097 3894 2144 3950 δ’

487 3985 690 4053 ἑάλως,
718 3985 1211 4059 συγγνωστὸνβπεί
1244 3986 1333 4039 καὶ
1356 3984 1606 4058 κοίρανος
1627 3983 1806 4056 ὕμνων
1841 3983 2142 4046 Μαιονίδας

471 4077 700 4152 ’γρίφων
727 4067 1046 4147 ἶχθυϐόλων
1078 4067 1250 4135 ἔθανε.
1286 4097 1313 4123 ‹‹
1348 4073 1402 4127 Si
1454 4079 1660 4145 captus
1695 4079 1800 4138 est,
1835 4075 2006 4129 venia
2037 4074 2142 4129 tibi

490 4188 518 4215 α
548 4163 744 4218 danda
777 4169 882 4222 est,
921 4163 1204 4232 quoniam
1238 4168 1295 4215 et
1328 4163 1582 4232 principi
1615 4162 1994 4232 hymnorum,
2028 4163 2139 4217 Ho-

492 4274 521 4303 ‹‹
551 4268 738 4318 mero,
779 4249 1028 4322 aenigma
1053 4251 1410 4321 piscatorum
1455 4256 1704 4304 mortem
1736 4251 1998 4305 attulit.»

561 4340 766 4413 Magia,
801 4339 1093 4394 invocatio
1153 4338 1491 4392 daemonum
1543 4337 1968 4407 beneficorum,
1998 4340 2138 4396 boni

488 4429 741 4500 alicujus
773 4426 1071 4482 efﬁciendi
1105 4443 1301 4491 causa,
1327 4431 1462 4489 etc.,
1497 4443 1674 4497 supra
1705 4427 1763 4480 in
1815 4427 2063 4495 Γοητεία.

557 4516 800 4589 Μαγική.
836 4517 999 4570 Hanc
1028 4513 1174 4568 Medi
1209 4519 1266 4567 et
1290 4515 1483 4568 Persa:
1516 4514 1893 4570 invenerunt.

555 4606 700 4675 Magi
729 4605 884 4677 apud
907 4605 1117 4658 Persas
1149 4608 1430 4658 vocantur
1460 4602 1798 4675 phiIOSOppi
1857 4610 1915 4659 et
1945 4605 2136 4676 philo-
2172 4612 2215 4675 Ι)

487 4696 630 4761 thei,
655 4710 908 4766 quorum
931 4694 1208 4764 princeps
1240 4693 1350 4747 fuit
1377 4694 1712 4746 Zoroastres
1745 4699 1802 4746 et
1840 4701 1974 4764 post
2005 4711 2138 4749 eum

487 4788 719 4842 Ostanaa
755 4788 812 4838 et
839 4782 1304 4853 Astrampsychi.

559 4877 791 4947 Magnes
815 4890 884 4927 ex
920 4873 1126 4936 Icario,
1179 4871 1323 4926 urbe
1382 4871 1609 4938 Atticae,
1670 4872 1954 4938 comicus,
2013 4873 2136 4943 qui,

487 4961 835 5016 adolescens
865 4961 1284 5031 Epicharmum
1320 4975 1523 5014 senem
1555 4959 1766 5030 attigit.
1801 4959 2010 5014 Docuit
2037 4961 2137 5015 Co-

485 5051 732 5106 mcedias
762 5050 1140 5116 novem,vicit
1161 5048 1252 5102 bis
1278 5067 1291 5116 ;
1326 5049 1586 5119 antiquae
1617 5049 1918 5103 commdiaa
1941 5054 2134 5120 poeta.

487 5138 914 5210 Aristophanes
967 5139 1052 5207 (in
1109 5137 1465 5208 Equitibus),
1524 5137 1738 5192 alludit
1802 5137 1876 5192 ad
1932 5138 2138 5194 drama

562 5395 671 5478 (8i)
703 5396 914 5478 Kuster
944 5395 1004 5477 in
1028 5400 1189 5462 nota,
1222 5398 1274 5460 5,
1307 5401 1449 5478 tom.
1485 5397 1844 5478 II,“pag..490
1867 5397 2136 5478 animad-

489 5468 663 5523 vertit
687 5467 1172 5536 antiquissimum
1229 5466 1494 5536 codicem
1551 5466 1801 5523 Parisin.
1855 5471 2134 5527 exhibere

487 5532 1034 5610 Ἀλωπικοννῆσιος,
1116 5537 1254 5590 κατὰ
1334 5532 1392 5591 δέ
1460 5557 1606 5610 uvae
1685 5543 2130 5610 Προικοννήσιος·

485 5629 736 5682 vereque
760 5609 1010 5684 judicat,
1027 5610 1373 5684 posteriora
1401 5609 1576 5684 verba
1613 5626 1656 5684 ρ.
1711 5609 2132 5684 festinantibus

484 5680 744 5740 librariis
764 5680 994 5738 'omissa
1017 5680 1200 5736 fuisse
1223 5687 1464 5754 propter
1493 5681 1748 5736 similem
1780 5682 2127 5743 γοαΆλωπ.

2272 607 2480 671 Λυδοὺς
2513 613 2723 684 (Supra
2753 613 2914 685 Lydi)
2949 620 3007 668 et
3044 614 3232 676 Ψῆνας
3265 618 3324 667 et
3367 613 3712 687 Βατράχους.
3745 616 3966 671 Genus

2271 707 2471 756 autem
2503 703 2720 758 coloris
2751 710 2838 758 est
2868 703 3199 776 Βατράχιον,
3233 720 3349 774 quo
3381 704 3707 759 histriones
3722 705 3960 760 faciem

2270 790 2605 857 illinebant,
2665 799 2985 864 antequam
3064 793 3356 848 larvarum
3434 810 3576 848 usus
3661 803 3959 866 repertus

2271 885 2445 935 esset.

2343 971 2602 1041 Magnus,
2636 971 2721 1025 vir
2765 973 3122 1042 Smyrnaeus,
3184 971 3348 1043 poesi
3409 977 3465 1026 et
3519 971 3755 1027 musica
3824 981 3957 1027 arte

2270 1058 2541 1131 insignis,
2575 1060 2850 1130 idemque
2901 1061 3092 1114 forma
3133 1061 3384 1131 egregia,
3416 1061 3594 1116 urbes
3642 1061 3959 1116 circuibat

2271 1154 2329 1201 et
2359 1149 2623 1203 carmina
2677 1167 2783 1205 sua
2831 1151 3068 1222 publice
3120 1150 3424 1205 recitabat.
3483 1151 3673 1222 Hujus
3731 1169 3953 1208 amore

2271 1241 2394 1290 tum
2428 1238 2527 1291 alii
2556 1239 2751 1306 multi,
2782 1245 2906 1294 tum
2937 1242 3120 1311 Gyges
3153 1241 3408 1294 maxime
3441 1241 3712 1304 ardebat,
3748 1251 3876 1298 etc.

2360 1327 2542 1382 Malor
2589 1325 2849 1402 (Μαίωρ),
2899 1329 3168 1396 Arabius,
3221 1329 3513 1401 Sophista,
3565 1332 3823 1402 scripsit
3877 1335 3949 1386 De

2267 1419 2498 1473 statibus
2579 1435 2868 1474 causarum
2934 1419 3102 1475 libros
3177 1421 3328 1474 XIII.
3429 1421 3591 1475 Idem
3682 1423 3947 1493 aequalis

2268 1508 2506 1579 Apsinai
2538 1513 2595 1563 et
2624 1511 2918 1581 Nicagoras
2952 1509 3060 1565 sub
3093 1510 3390 1581 Philippo,
3450 1512 3855 1583 imperatore,
3891 1521 3948 1568 et

2268 1603 2424 1654 ante.

2339 1688 2627 1756 Malchus,
2660 1690 2992 1760 Byzantius,
3026 1690 3319 1761 Sophista.
3355 1691 3601 1762 Scripsit
3621 1694 3946 1748 Historiam

2266 1776 2339 1830 ab
2373 1777 2625 1848 imperio
2659 1779 3029 1834 Constantini
3061 1796 3251 1850 usque
3281 1779 3354 1834 ad
3384 1781 3796 1848 Anastasium,
3887 1783 3946 1836 in

2190 1891 2236 1958 Β
2268 1883 2385 1936 qua
2401 1884 2495 1922 res
2530 1875 2723 1940 gestas
2745 1869 2996 1922 Zenonis
3028 1874 3085 1922 et
3117 1868 3382 1924 Basilisci
3427 1874 3485 1922 et
3513 1870 3947 1942 conflagratio-

2266 1975 2402 2012 nem
2443 1959 2695 2030 publica:
2729 1959 3101 2013 bibliothecas
3127 1964 3186 2013 et
3204 1964 3531 2014 statuarum
3554 1962 3945 2033 Augustalis,

2265 2052 2322 2100 et
2349 2046 2465 2102 alia
2486 2048 2757 2118 quaedam
2799 2054 3248 2110 commemorat,
3305 2049 3456 2120 stylo
3508 2055 3689 2105 utens
3745 2054 3944 2122 gravi,

2266 2143 2324 2192 et
2355 2138 2556 2207 tragici
2592 2139 2779 2193 instar
2802 2155 2871 2194 ea
2901 2155 3032 2208 quae
3065 2139 3410 2193 acciderunt
3431 2155 3823 2212 exaggerans.

2335 2224 2559 2279 Μᾶλλον
2621 2227 2648 2280 ὁ
2707 2225 2872 2300 Φρύξ.
2925 2228 3160 2299 Septem
3220 2229 3517 2299 sapientes
3577 2232 3854 2298 Graeciae,
3908 2250 3941 2287 a

2264 2315 2458 2370 Croeso
2478 2318 2843 2388 interrogati,
2862 2318 2994 2388 quis
3027 2317 3298 2372 omnium
3322 2325 3478 2373 esset
3497 2318 3940 2376 beatissimus?

2264 2405 2364 2459 alii
2396 2405 2852 2476 responderunt,
2886 2406 3042 2461 feras
3069 2407 3426 2474 animantes,
3463 2424 3560 2462 eas
3622 2410 3790 2464 enim
3827 2429 3933 2482 pro

2264 2494 2535 2550 libertate
2563 2496 2710 2549 mori
2739 2515 2751 2561 ;
2778 2495 2879 2549 alii
2911 2496 3224 2563 circonias,
3259 2512 3358 2551 eas
3383 2498 3600 2568 quippe
3621 2500 3754 2554 sine
3778 2499 3935 2572 lege,

2263 2584 2411 2639 duce
2441 2591 2676 2653 natura,
2703 2586 3000 2657 justitiam
3021 2586 3215 2641 colere
3241 2586 3454 2652 ;Solon
3479 2605 3613 2642 vero
3636 2589 3793 2644 dixit
3823 2608 3928 2646 ne-

2263 2674 2482 2729 minem
2513 2679 2648 2727 ante
2679 2674 2916 2730 obitum.
2977 2677 3135 2730 Tunc
3185 2681 3384 2731 astans
3442 2678 3714 2748 Esopus,
3758 2679 3930 2734 fabu-

2261 2764 2450 2818 lator:
2483 2766 2754 2832 Tantum,
2789 2765 3002 2835 inquit,
3036 2770 3280 2820 caeteros
3331 2783 3596 2837 superas,
3626 2777 3921 2837 quantum

2263 2870 2424 2907 mare
2457 2853 2704 2920 fluvios;
2756 2855 2988 2909 Crassus
3019 2860 3239 2921 autem,
3299 2855 3409 2909 hoc
3461 2855 3686 2924 audito,
3732 2858 3922 2914 dixit:

2258 2944 2435 3012 Magis
2468 2947 2582 3013 ipse
2607 2944 2822 3014 Phryx.

2330 3032 2751 3100 Manaechmus,
2780 3032 3291 3104 Alopeconnesius
3337 3035 3472 3105 (81),
3524 3035 3924 3108 philosophus

2258 3120 2619 3186 Platonicus,
2657 3122 2895 3194 scripsit
2930 3143 2950 3172 ι
2989 3121 3497 3194 Philosophica,et
3526 3124 3586 3178 in
3610 3125 3924 3182 Platonem

2259 3232 2286 3259 ‹‹
2322 3211 2401 3263 De
2434 3227 2556 3281 rep.
2593 3209 2776 3265 libros
2810 3211 2906 3268 III.
2929 3234 2948 3258 ο

2330 3297 2748 3360 Manaachmus,
2773 3297 3105 3368 Sicyonius,
3149 3297 3308 3353 filius
3357 3298 3569 3353 Alcibii
3619 3299 3712 3354 vel
3766 3301 3920 3355 Alci-

2256 3383 2467 3451 biadis,
2500 3384 2840 3453 historicus,
2895 3386 2995 3456 qui
3046 3386 3153 3440 sub
3215 3386 3534 3442 Alexandri
3580 3388 3653 3442 M.
3688 3405 3918 3444 succes-

2257 3472 2492 3528 soribus
2541 3473 2698 3528 vixit.
2761 3474 3007 3546 Scripsit
3057 3475 3370 3532 Historiam
3424 3476 3740 3531 Aledandri
3798 3481 3920 3534 Ma-

2261 3561 2501 3617 cedom's.

2327 3653 2670 3723 Manasthos,
2703 3652 3058 3720 Mendesius,
3095 3655 3371 3711 sacerdos
3419 3655 3745 3727 Egyptius,
3780 3659 3921 3712 scri-

2257 3741 2378 3813 psit
2407 3741 2481 3796 De
2511 3742 2910 3813 compositione
2939 3742 3052 3813 (82)
3081 3741 3313 3818 κυφίων.

2325 3831 2665 3894 Manmthos,
2727 3829 3187 3902 Diospolitanus,
3232 3832 3531 3905 {Egyptius
3573 3833 3664 3887 vel
3685 3835 3911 3890 Seben-

2255 3920 2429 3974 nites.
2457 3921 2704 3991 Scripsit
2728 3921 3118 3990 Phystologica
3151 3922 3616 3993 apotelesmatica
3641 3925 3913 3980 versibus

2252 4007 2634 4075 hexametris,
2666 4014 2725 4062 et
2744 4008 2861 4063 alia
2883 4009 3155 4080 quasdam
3186 4011 3580 4068 astronomica.

2326 4099 2592 4152 Maneros
2649 4103 2707 4151 et
2735 4098 3100 4167 Perimanos,
3129 4101 3377 4156 nomina
3414 4101 3730 4159 cantionis.
3794 4106 3905 4160 Eu—

2251 4185 2425 4240 bulus
2456 4186 2858 4258 Campylione.

2323 4277 2539 4330 Manes.
2591 4277 2692 4331 Hic
2744 4276 3125 4332 exsecrabilis
3173 4279 3353 4334 homo
3415 4279 3523 4335 sub
3585 4281 3905 4338 Aureliano

2250 4363 2391 4435 imp.
2427 4365 2688 4430 exstitit;
2739 4383 2801 4420 se
2833 4365 3132 4422 Christum
3181 4375 3239 4422 et
3294 4368 3578 4440 Spiritum
3635 4379 3900 4426 sanctum

2249 4469 2378 4506 esse
2413 4453 2894 4521 comminiscens,
2929 4462 2987 4509 et
3015 4457 3111 4511 Xll
3167 4457 3494 4528 discipulos
3524 4466 3590 4514 ut
3637 4460 3898 4516 Christus

2249 4558 2449 4596 secum
2482 4541 2728 4609 habens,
2762 4545 2862 4613 qui
2919 4561 3052 4599 cum
3121 4562 3190 4601 ex
3247 4547 3528 4603 omnibus
3578 4549 3894 4605 han‘esibus

2249 4647 2378 4701 quae
2413 4631 2472 4684 in
2506 4632 2578 4686 iis
2605 4631 2762 4687 mala
2792 4640 2979 4693 erant.
3011 4635 3367 4708 collegisset,
3399 4653 3466 4692 ex
3517 4638 3752 4694 Perside
3797 4641 3890 4695 Dei

2250 4719 2544 4788 permissu
2588 4721 2646 4774 in
2697 4721 2983 4777 ditionem
3033 4725 3357 4779 Romanam
3393 4728 3571 4781 venit.
3621 4729 3746 4797 Hic,
3801 4730 3887 4800 qui

2249 4816 2303 4864 et
2347 4812 2544 4864 Manes
2603 4817 2661 4864 et
2727 4811 3082 4882 Scythianus
3135 4815 3474 4884 vocabatur,
3533 4817 3645 4872 fuit
3691 4836 3891 4891 genere

2249 4899 2618 4964 Brachmam,
2652 4907 3198 4974 praeceptoremque
3228 4905 3439 4960 habuit
3481 4906 3765 4974 Buddam,
3797 4910 3888 4961 Te-

2246 4986 2586 5042 rebinthum
2620 4995 2757 5043 ante
2787 4996 3082 5058 vocatum,
3141 4994 3240 5063 qui
3303 4995 3642 5050 Graecorum
3690 4996 3889 5050 litteris

2246 5075 2576 5144 institutus,
2596 5079 2970 5150 Empedoclis
3002 5088 3222 5138 sectam
3253 5084 3567 5150 adamavit,
3599 5085 3714 5140 duo
3737 5087 3891 5156 prin~

2246 5165 2418 5237 cipia,
2448 5167 2601 5222 inter
2632 5185 2694 5224 se
2726 5171 3042 5239 contraria,
3075 5174 3411 5243 statuentis,
3448 5173 3614 5230 litem
3643 5180 3700 5231 et
3747 5177 3885 5230 ami-

2245 5407 2304 5457 et
2333 5404 2617 5470 Προικονν.
2652 5404 3152 5462 terminationem.
3190 5409 3361 5464 ΒΑΜ..

2317 5475 2420 5542 (82)
2456 5475 2863 5551 Kﬁprmistu‘ra
2894 5479 3190 5551 sexdecim
3235 5481 3568 5551 specierum
3625 5482 3686 5535 in
3723 5497 3888 5535 usum

2244 5561 2476 5622 sacrum
2509 5546 2862 5622 abhibenda.
2893 5549 3030 5604 Vide
3063 5546 3462 5622 Plutarchum,
3499 5555 3576 5608 De
3624 5553 3778 5608 Iside
3809 5558 3892 5608 est

2243 5616 2491 5681 Osiride,
2520 5634 2650 5690 pag.
2677 5620 2777 5674 383
2811 5637 2934 5690 seq.
