4128 6308
341 425 345 428 .
444 373 630 439 [1295

1760 369 2020 430 INDEX
2071 367 2571 430 SCRIPTOBUM

3728 369 3883 434 1296

471 515 865 587 respondens,
896 513 1264 569 verissimam
1286 525 1415 565 esse
1437 506 1709 580 probavit
1728 503 2120 576 dialogiillius
2149 503 2206 570 Α
2236 503 2525 574 plurimos
2557 507 2616 558 et
2644 525 2672 553 «
2706 505 2987 559 Poemata
3014 520 3186 559 versu
3217 502 3456 559 heroico
3488 510 3538 558 et
3574 503 3879 578 Epigram-

474 605 546 660 de
577 605 692 659 diis
719 604 1172 676 expositionem.
1209 602 1399 665 Quare
1431 598 1546 652 nisi
1571 597 1698 667 jam
1730 595 1886 649 liber
1913 593 2127 648 fuisset
2233 613 2260 642 ί(
2293 599 2453 647 mata
2482 599 2532 647 et
2561 593 2792 664 Elegias
2823 614 2850 640 »
2883 605 2942 647 et
2970 593 3087 648 alia
3117 594 3392 664 plurima.

475 695 690 759 editus,
729 693 905 747 etiam
937 693 1096 745 hunc
1125 687 1394 744 fortassis
1425 685 1796 740 abolevisset.
1852 684 2124 737 Fortasse

474 783 652 838 etlam
704 781 932 836 obstitit
985 778 1325 842 somnium;
1377 791 1515 829 nam
1570 772 1814 828 Proclus
1867 770 2014 824 dixit
2060 787 2122 824 se

475 873 808 928 somniasse
839 870 1105 924 futurum
1164 872 1229 921 ut
1277 866 1536 920 Marinus
1593 864 1655 917 in
1707 859 2121 916 Parmenidem

472 960 930 1017 commentarios
961 957 1265 1012 scriberet.
1298 957 1402 1024 (Ex
1433 951 1784 1019 Damascio).

540 1050 844 1120 Marpsias,
879 1051 1077 1102 orator
1107 1044 1378 1117 garrulus
1408 1049 1466 1097 et
1496 1041 1896 1108 turbulentus,
1946 1037 2118 1108 eujus

467 1140 743 1196 meminit
771 1139 1216 1208 Aristophanes.

537 1232 816 1300 Marsyas,
835 1225 1142 1281 Periandri
1165 1226 1250 1289 F.,
1273 1222 1546 1290 Pellaeus,
1568 1220 1920 1285 historicus;
1945 1218 2116 1273 initio

461 1321 758 1376 litterator
811 1310 1506 1391 (γραμματοδιδάσκαΛος),
1564 1312 1747 1366 frater
1814 1307 2113 1379 Antigoni,

449 1410 564 1480 qui
613 1412 820 1479 postea
868 1423 970 1460 rex
1025 1404 1156 1470 fuit,
1216 1418 1337 1456 una
1393 1418 1527 1456 cum
1584 1416 1718 1471 rege
1779 1398 2112 1453 Alexandro

461 1497 765 1553 educatus.
825 1495 1074 1565 Scripsit
1126 1489 1482 1546 Macedonica
1533 1489 1689 1544 libris
1717 1490 1784 1555 X,
1840 1503 1874 1541 a
1921 1487 2112 1557 primo

458 1601 594 1655 rege
628 1581 1014 1638 Macedonum
1051 1579 1126 1634 ad
1159 1577 1479 1633 Alexandri
1508 1575 1762 1646 Philippi
1793 1575 1852 1628 F.
1875 1574 2112 1644 expedi-

459 1675 684 1729 tionem
716 1672 777 1726 in
839 1671 1065 1743 Syriam
1119 1673 1255 1739 post
1311 1665 1613 1721 conditam
1669 1663 2108 1718 Alexandriam.

457 1766 640 1819 Attica
671 1761 828 1816 libris
847 1761 950 1816 XII
973 1779 995 1824 ;
1022 1760 1282 1828 itemque
1315 1756 1619 1812 Alexandri
1643 1754 2038 1809 educationem.

2301 680 2750 752 Melanippides,
2785 681 3039 736 senioris
3069 698 3139 736 ex
3199 682 3322 737 filia
3365 699 3573 753 nepos,
3623 683 3872 740 Critonis

2228 771 2312 839 F.,
2348 776 2406 825 et
2435 771 2561 841 ipse
2594 771 2815 841 lyricus
2841 788 2853 823 :
2887 771 2989 841 qui
3019 771 3078 824 in
3103 771 3536 842 compositione
3559 771 3871 844 dithyram-

2226 859 2437 914 borum
2470 859 2729 930 plurima
2759 859 3076 925 innovavit,
3111 867 3170 914 et
3190 859 3346 930 apud
3387 859 3727 915 Perdiccam
3775 880 3868 917 ιυρ-

2224 964 2356 1020 gem
2388 948 2630 1018 degens,
2691 948 2814 1002 illic
2860 948 3036 1002 vitam
3097 948 3271 1002 finiit.
3333 947 3580 1020 Scripsit
3630 955 3689 1003 et
3744 951 3869 1022 ipse

2224 1062 2252 1091 (ι
2283 1041 2523 1095 Cantica
2553 1040 2738 1112 lyrica
2766 1047 2819 1094 et
2857 1040 3289 1110 Dithyrambos.

2295 1131 2659 1200 Melanopus,
2692 1129 2890 1184 affinis
2926 1130 3257 1200 Diophanti,
3292 1130 3564 1185 oratoris.

2294 1220 2694 1281 Melesermus,
2730 1219 3128 1287 Atheniensis,
3153 1219 3444 1289 Sophista.
3479 1220 3724 1292 Scripsit
3751 1224 3869 1277 Me-

2224 1329 2252 1358 a
2279 1308 2653 1363 retriciarum
2686 1309 3081 1379 Epistolarum
3112 1309 3298 1363 libros
3326 1310 3468 1375 XIV,
3493 1311 3866 1366 Rusticarum

2222 1417 2250 1446 ‹‹
2280 1414 2500 1464 unum;
2521 1398 2889 1452 Culinarium
2920 1398 3316 1469 Epistolarum
3342 1415 3528 1454 unum
3559 1400 3868 1466 ;Conviva-

2219 1508 2247 1536 «
2282 1486 2420 1541 lium
2446 1487 2667 1541 librum
2697 1503 2903 1541 unum.

2290 1576 2543 1643 Melitus,
2578 1576 2707 1630 Lari
2765 1577 2849 1640 F.,
2883 1575 3286 1642 Atheniensis,
3320 1582 3540 1646 orator,
3595 1579 3694 1648 qui
3729 1595 3865 1635 cum

2217 1665 2407 1735 Anyto
2442 1665 2743 1719 Socratem
2785 1666 3082 1720 accusavit
3110 1670 3168 1720 et
3213 1666 3548 1738 Tragoedias
3605 1668 3864 1739 scripsit.

2215 1755 2264 1808 A
2296 1755 2540 1809 comicis
2570 1759 2767 1809 autem
2801 1755 3240 1826 perstringitur,
3274 1761 3338 1809 ut
3396 1762 3571 1826 poeta
3613 1756 3866 1830 frigidus

533 1855 810 1922 Marsyas,
843 1847 1206 1920 Critophemi
1230 1848 1270 1901 F
1295 1887 1317 1914 ,
1339 1843 2104 1916 Philippensis,historicus,
2137 1879 2184 1944 B
2217 1848 2276 1898 et
2303 1843 2600 1898 malitioso
2649 1844 2886 1915 ingenio
2934 1844 3238 1914 praeditus.
3297 1845 3596 1916 Aristoph.
3653 1847 3866 1899 ΣκοΑιὰ

452 1959 680 2014 Junior.

528 2034 808 2103 Marsyas,
867 2029 1038 2084 Marsi
1096 2030 1181 2090 F.,
1239 2025 1509 2082 Tabenus
1565 2023 1702 2096 (85),
1787 2022 2106 2078 historicus

456 2121 696 2192 scripsit
726 2114 1183 2192 Ἀρχαιολογίαν,
1236 2115 1356 2170 sive
1408 2135 1435 2164 «
1466 2112 1886 2183 Antiqnitates,
1937 2111 2106 2165 libris

450 2211 588 2276 XII;
622 2205 852 2272 Μυθικὰ,
887 2205 1196 2271 Fabulosa,
1229 2203 1398 2257 libris
1432 2202 1525 2255 VII
1559 2222 1609 2269 ››,
1661 2205 1720 2254 et
1767 2199 1885 2254 alia
1932 2215 2101 2269 quae-

450 2299 585 2353 dam
618 2296 690 2351 de
721 2296 914 2367 patria
943 2311 1068 2348 sua.

520 2389 778 2458 Marsyas
826 2381 1193 2454 temporibus
1227 2379 1500 2452 judicum
1556 2377 1958 2440 Judaicorum,
2016 2377 2102 2430 vir

449 2477 708 2547 sapiens,
743 2473 887 2528 artis
919 2471 1160 2526 musicas
1191 2470 1438 2542 peritus,
1499 2467 1600 2538 qui
1648 2465 1821 2521 tibias
1865 2467 2102 2520 arundi-

451 2581 595 2620 neas
621 2569 680 2619 et
707 2579 892 2618 aareas
921 2561 1163 2628 invenit,
1197 2565 1306 2614 etc.

522 2657 790 2719 Matreas,
826 2648 1163 2716 λαοπλάνος,
1190 2651 1476 2719 impostor,
1509 2646 1611 2717 qui
1638 2645 1889 2702 bestiam
1939 2645 2098 2702 alere

451 2760 514 2798 se
547 2741 799 2806 dicebat,
834 2757 965 2810 quas
1012 2739 1142 2810 ipsa
1194 2753 1322 2792 sese
1372 2735 1712 2791 comederet
1757 2735 1882 2803 (86).
1930 2735 2096 2798 Quaa-

452 2833 624 2898 ritur,
660 2845 935 2901 quaenam
961 2828 1138 2883 fuerit
1168 2825 1273 2881 illa
1303 2828 1535 2880 Matrem
1562 2823 1781 2878 bellua.
1841 2823 2094 2893 Compo-

449 2922 568 2976 suit
599 2920 774 2976 etiam
809 2920 1140 2984 Quaestiones
1173 2916 1246 2972 ad
1278 2916 1466 2970 instar
1495 2913 1929 2984 problematum
1963 2913 2094 2966 Ari-

448 3011 700 3076 stotelis,
733 3026 804 3064 ex
835 3007 1052 3079 quibus
1083 3011 1210 3060 erat
1238 3005 1362 3059 haec
1389 3021 1401 3058 :
1435 3005 1625 3068 Quare
1679 3002 1768 3056 sol
1817 3001 2094 3057 occidens

447 3100 678 3155 dicatur
703 3095 898 3166 δύνειν,
930 3112 1051 3150 non
1078 3086 1400 3165 κωλυμϐᾷν.

515 3189 845 3253 Matthaaus,
903 3183 1282 3256 evangelista,
1342 3181 1520 3236 habet
1569 3179 1774 3236 titulos
1850 3181 2088 3246 LXVIII,

442 3278 638 3347 capita
666 3275 905 3330 CCCLV.

513 3364 847 3431 Mauricius,
875 3363 1276 3417 Romanorum
1326 3359 1448 3430 imp
1481 3400 1494 3425 ,
1535 3357 1724 3412 fertur
1777 3356 2092 3412 verborum

439 3454 943 3526 magnificentiam
968 3450 1209 3523 plurimi
1226 3449 1438 3504 fecisse
1463 3453 1522 3503 et
1537 3447 1800 3503 eruditos
1815 3446 2090 3502 maximis

439 3543 769 3599 honoribus
799 3541 1091 3608 affecisse,
1125 3543 1233 3595 etc.
1269 3538 1430 3593 Infra
1448 3538 1511 3592 in
1560 3535 1901 3606 Menandro,
1949 3553 2090 3607 pro-

437 3637 680 3689 tectore.

513 3721 801 3777 Maximus
828 3720 1056 3792 Tyrius,
1115 3717 1528 3789 philosophus,
1574 3716 1676 3787 qui
1725 3717 1925 3771 Romae
1977 3714 2084 3770 sub

432 3809 754 3864 Commodo
786 3807 943 3862 vixit.
977 3806 1228 3877 Scripsit
1255 3828 1281 3854 ‹‹
1319 3805 1398 3859 De
1449 3805 1700 3858 Homero
1759 3808 1818 3856 et
1846 3818 1976 3873 quas
2007 3801 2086 3855 sit

439 3921 460 3949 ι
495 3897 652 3968 apud
685 3913 820 3952 eum
852 3896 1100 3965 antiqua
1127 3893 1508 3964 philosophia
1536 3909 1549 3947 :
1584 3894 1840 3947 Rectene
1874 3891 2082 3944 Socra-

433 4009 460 4037 «
495 3992 582 4040 tes
606 3984 834 4050 fecerit,
872 3983 1030 4054 quod
1089 3987 1400 4037 accusatus
1447 3997 1568 4035 non
1617 3979 1995 4051 responderit
2027 3999 2078 4033 ».

427 4076 577 4130 Item
607 4073 754 4129 alias
781 4072 1066 4143 quasdam
1100 4070 1460 4141 quaestiones
1482 4069 1944 4140 philosophicas.

500 4163 806 4226 Maximus,
837 4161 1095 4230 Epirota,
1129 4159 1218 4213 vel
1262 4158 1615 4229 Byzantinus
1664 4157 2073 4228 philosophus,

427 4250 646 4307 Iuliani
679 4249 945 4314 Cassaris,
977 4247 1274 4319 parabataa
1308 4247 1603 4318 magister.
1659 4245 1902 4316 Scripsit
1931 4267 1957 4293 «
1993 4245 2072 4299 De

427 4361 456 4390 «
491 4337 913 4394 insolubilibus
967 4335 1442 4406 objectionihus;
1478 4335 1554 4389 De
1606 4333 1956 4404 principiis;
1990 4334 2070 4388 De

422 4451 450 4480 ‹‹
484 4429 788 4494 numeris;
823 4426 1326 4494 Commentarium
1385 4425 1446 4478 in
1499 4423 1878 4478 Aristotelem
1913 4444 1963 4490 »,
2014 4428 2072 4477 et

418 4518 536 4574 alia
565 4517 838 4589 quaedam
864 4516 940 4572 ad
963 4515 1238 4571 eumdem
1267 4513 1588 4568 lulianum.

2216 1929 2456 1986 ΜεΛίτου
2490 1933 2741 2006 Καρικῶν
2772 1930 3130 2004 αὐλημάτων,
3165 1955 3194 1984 ‹‹
3229 1933 3555 1989 Scoliorum
3594 1935 3774 1990 Meliii
3807 1943 3867 1991 et

2215 2043 2243 2071 ‹‹
2272 2023 2628 2090 carminum,
2661 2040 2792 2094 quaa
2824 2023 2998 2078 Cares
3032 2023 3175 2078 tibia
3213 2029 3457 2080 cantant
3486 2047 3536 2078 ››,
3588 2025 3868 2083 Carmina

2212 2128 2348 2167 vero
2379 2113 2584 2168 Carica
2613 2118 2782 2168 erant
2810 2113 3102 2185 lugubria.

2282 2201 2513 2256 Melitus
2551 2203 2692 2256 vixit
2748 2203 3115 2273 temporibus
3172 2203 3445 2271 Zenonis,
3507 2204 3741 2271 Eleates,
3807 2211 3865 2260 et

2211 2290 2604 2361 Empedoclis.
2641 2291 2887 2362 Scripsit
2916 2293 2987 2346 De
3016 2299 3157 2347 ente.
3190 2294 3256 2346 In
3295 2293 3444 2363 reip.
3477 2293 3859 2350 administra-

2210 2379 2369 2434 tione
2400 2380 2742 2436 adversatus
2769 2385 2859 2436 est
2887 2381 3120 2447 Pericli,
3149 2387 3207 2434 et
3226 2398 3362 2436 cum
3387 2383 3714 2437 Samiorum
3735 2383 3858 2438 dux

2211 2474 2386 2537 esset,
2421 2471 2614 2524 navali
2642 2470 2846 2541 praelio
2890 2471 3168 2543 pugnavit
3211 2487 3348 2525 cum
3395 2472 3700 2542 Sophocle,
3735 2478 3859 2527 tra-

2208 2557 2356 2630 gico,
2393 2558 2738 2629 Olympiade
2769 2558 3054 2614 LXXXIV.
3087 2558 3322 2630 [Suidas
3371 2559 3509 2614 huic
3557 2561 3733 2615 etiam
3784 2577 3856 2615 ea

2206 2647 2434 2714 tribuit,
2469 2664 2600 2718 quas
2631 2647 2861 2702 dixerat
2889 2647 2958 2702 de
2991 2647 3344 2719 superiore.]

2278 2737 2616 2804 Menander,
2650 2736 3052 2804 Atheniensis,
3086 2739 3348 2793 comicus
3379 2739 3679 2809 antiquus.

2277 2827 2597 2881 Menander
2626 2825 2798 2895 alius,
2830 2826 3232 2895 Atheniensis,
3265 2827 3557 2898 Diopithis
3589 2834 3648 2883 et
3675 2829 3856 2901 Hege-

2205 2915 2472 2970 sistrates
2492 2917 2575 2983 F.,
2601 2916 2702 2986 qui
2725 2916 2995 2970 omnium
3018 2932 3292 2971 sermone
3311 2916 3853 2987 celebratur,i\'ovaa

2203 3007 2505 3061 commdias
2535 3012 2729 3077 poeta,
2762 3007 2960 3062 strabo
2989 3006 3230 3077 quidem
3263 3008 3474 3074 oculis,
3527 3009 3628 3064 sed
3678 3017 3852 3065 acuto

2202 3095 2438 3166 ingenio
2470 3095 2754 3167 praeditus
2786 3101 2844 3150 et
2873 3097 2934 3150 in
2963 3096 3283 3152 mulierum
3315 3113 3581 3153 amorem
3605 3101 3685 3153 eti"
3687 3116 3849 3154 usus.

2202 3184 2449 3255 Scripsit
2469 3207 2496 3235 «
2519 3184 2828 3240 Comedias
2850 3184 3014 3239 CVlIl
3035 3202 3047 3239 :
3068 3188 3304 3255 itemque
3326 3185 3614 3256 Epistolas
3629 3187 3705 3243 ad
3722 3191 3853 3243 Pto-

2116 3247 2158 3312 (ἶ
2197 3295 2224 3322 ‹‹
2259 3273 2536 3328 lemaaum
2560 3289 2760 3346 regem
2788 3298 2838 3341 ι,
2863 3279 2920 3328 et
2941 3274 3209 3329 oratione
3232 3291 3409 3345 prosa
3432 3274 3690 3346 plurima
3711 3278 3846 3332 alia.

2267 3363 2608 3432 Menander,
2671 3362 2975 3430 Laodicea,
3007 3362 3082 3418 ad
3132 3365 3346 3434 Lycum
3387 3363 3654 3431 ﬂuvium,
3713 3366 3847 3434 sita,

2197 3450 2508 3518 oriundus,
2569 3451 2856 3521 sophista,
2915 3452 3153 3522 scripsit
3203 3474 3232 3503 ‹‹
3264 3453 3732 3509 Commentarios
3783 3457 3845 3510 in

2197 3560 2224 3589 ‹‹
2258 3540 2643 3613 Hermogenis
2673 3545 2861 3595 artem
2908 3546 2958 3595 et
2987 3541 3305 3596 Minuciani
3353 3559 3844 3614 progymnasma-

2191 3651 2221 3679 «
2255 3634 2314 3684 ta
2349 3652 2397 3697 ο,
2429 3636 2488 3686 et
2515 3629 2651 3686 alia.

2260 3720 2598 3789 Menander,
2632 3724 2951 3790 protector,
2983 3719 3324 3788 historicus,
3358 3723 3460 3792 qui
3510 3723 3594 3778 sic
3646 3723 3718 3779 de
3777 3742 3838 3780 se

2188 3805 2316 3877 ipso
2335 3807 2570 3862 scribit:
2595 3830 2623 3856 «
2649 3810 2822 3863 Pater
2837 3808 2983 3862 mihi
3016 3814 3144 3863 erat
3171 3809 3524 3881 Euphratas,
3560 3813 3834 3883 Byzantio

2186 3896 2496 3963 oriundus,
2532 3897 2777 3951 minime
2800 3896 2902 3951 ille
2925 3897 3166 3967 quidem
3195 3898 3483 3954 eruditus.
3508 3901 3839 3956 Herodotus

2182 3982 2367 4039 frater
2395 4002 2733 4057 germanus,
2769 3986 2890 4056 qui,
2925 3985 3120 4058 legum
3183 3987 3457 4044 doctrina
3507 3989 3838 4061 degustata,

2183 4075 2380 4127 statim
2412 4074 2484 4128 ab
2515 4074 2724 4129 barum
2757 4075 2952 4129 studio
2985 4077 3250 4130 recessit.
3294 4078 3411 4149 Ego
3464 4094 3600 4132 vero
3655 4079 3834 4151 hujus

2182 4163 2361 4218 studii
2393 4165 2552 4235 quod
2580 4164 2803 4220 absolvi
2836 4165 3200 4234 professione
3226 4182 3345 4220 non
3383 4183 3515 4222 sum
3539 4185 3702 4232 usus,
3727 4170 3832 4225 sed

2179 4251 2252 4306 ad
2284 4251 2666 4308 decursiones
2700 4258 3004 4324 equestres
3034 4258 3093 4308 et
3142 4253 3487 4311 saltationes
3531 4258 3828 4328 pantomi-

2177 4356 2410 4395 morum
2441 4347 2497 4396 et
2526 4341 2862 4412 palaastram
2895 4358 2988 4396 me
3011 4342 3256 4398 contuli.
3282 4345 3672 4416 Posteaquam
3693 4364 3827 4402 vero

2175 4430 2489 4485 Mauricius
2519 4431 2837 4502 imperium
2896 4433 3228 4502 capessivit,
3277 4434 3575 4506 princeps,
3624 4437 3726 4506 qui
3771 4442 3830 4492 et

2173 4518 2376 4589 populi
2408 4519 2661 4574 salutem
2692 4520 2936 4590 provide
2967 4520 3210 4576 curabat
3241 4527 3298 4575 et
3326 4524 3521 4594 Musas
3567 4524 3822 4592 amabat,

487 4605 812 4680 Μεγαρίσαι,
873 4607 1229 4676 megarizare,
1289 4606 1406 4658 sive
1465 4602 1800 4673 philosophi
1873 4604 2062 4674 Mega-
2094 4607 2139 4671 D
2171 4608 2543 4678 poematibus
2573 4614 2633 4664 et
2661 4608 2927 4664 historiis
2953 4609 3266 4665 audiendis
3298 4627 3478 4681 quam
3499 4613 3823 4683 plurimum

411 4698 606 4752 rensis
683 4702 904 4752 sectam
963 4694 1152 4765 sequi.
1215 4693 1398 4765 Stilpo
1469 4707 1536 4746 ex
1595 4690 1859 4761 Megaris,
1915 4691 2060 4745 urbe

411 4787 668 4852 Graaciza,
702 4785 991 4840 oriundus
1053 4789 1198 4850 erat,
1260 4782 1360 4852 qui
1415 4781 1586 4852 copia
1639 4779 1953 4835 verborum
2004 4786 2060 4834 et

2173 4696 2594 4762 delectabatur,
2631 4703 2833 4768 utpote
2881 4699 2984 4768 qui
3033 4715 3307 4771 magnam
3357 4703 3551 4756 noctis
3593 4709 3820 4774 partem

2172 4787 2234 4841 in
2267 4787 2480 4842 studiis
2511 4788 2638 4858 ipse
2669 4794 3066 4854 consumeret,
3128 4795 3185 4843 et
3231 4789 3473 4862 ingenia
3515 4791 3821 4848 hebetiora

410 4875 758 4929 dexteritate
793 4873 1127 4928 disserendi
1159 4876 1404 4926 czeteros
1453 4869 1600 4923 adeo
1647 4869 1960 4939 superavit,
1995 4874 2060 4923 ut
2169 4876 2580 4930 muniﬁcentia
2615 4893 2720 4931 sua
2761 4878 3046 4932 excitaret
3087 4884 3146 4932 et
3195 4885 3476 4945 acueret;
3529 4887 3668 4936 tunc
3715 4899 3816 4953 ego

406 4968 530 5018 tota
555 4964 982 5035 propemodum
1014 4963 1255 5027 Grmcia,
1284 4961 1479 5031 ipsum
1505 4964 1800 5038 spectans,
1835 4965 2056 5014 sectam
2165 4964 2376 5019 dolens
2409 4983 2640 5021 mecum
2682 4972 2956 5036 reputare
3009 4968 3179 5039 coepi,
3231 4985 3352 5023 non
3399 4977 3672 5041 oportere
3723 4989 3816 5026 me

403 5053 750 5123 Megaricam
785 5053 1266 5123 amplecteretur.
2166 5055 2342 5109 vitam
2375 5054 2520 5110 adeo
2552 5056 2805 5110 inertem
2838 5072 3031 5128 agere,
3066 5063 3124 5111 et
3166 5057 3241 5112 ad
3299 5057 3456 5114 hanc
3505 5060 3816 5115 historiam

471 5139 794 5208 Melampus,
853 5138 1236 5193 divinationis
1295 5137 1544 5207 peritus,
1599 5135 1757 5191 conf.
1818 5135 2051 5190 Kusteri
2164 5142 2540 5198 scribendam
2601 5161 2696 5200 me
2751 5145 2975 5216 appuli,
3035 5161 3214 5215 quam
3273 5153 3410 5217 post
3464 5148 3811 5204 defunctum

400 5234 522 5284 not.
558 5234 700 5282 tom.
736 5229 806 5294 II,
838 5245 968 5301 pag.
998 5229 1123 5285 521.
2160 5231 2465 5303 Agathiam
2501 5247 2632 5286 sum
2664 5232 3024 5303 auspicatus.
3062 5258 3083 5286 ι

471 5316 917 5387 Melanippides,
952 5316 1206 5370 Critonis
1238 5317 1323 5380 F.,
1354 5316 1582 5380 Melius,
1625 5320 1800 5371 natus
1850 5314 2047 5387 Olym-
2231 5323 2612 5387 Menecrates,
2647 5321 2929 5377 comicus.
2965 5323 3180 5380 Drama
3204 5325 3334 5396 ejus
3358 5324 3662 5398 μανέκτωρ,
3687 5329 3810 5383 sive

395 5407 568 5479 piade
603 5407 765 5461 LXV.
801 5405 1047 5476 Scripsit
1076 5404 1557 5472 Dithyramborum
1605 5403 1790 5460 libros
1837 5421 2047 5476 quam-
2158 5408 2494 5484 Ἑρμιονεύς.

461 5621 576 5687 (85)
606 5611 1453 5693 Εχ-Τεώὶηᾼιξεώἱω-οἱχίιειις..
1593 5688 1603 5693 Δ
1693 5691 1702 5693 _
1893 5689 1906 5693 _
1997 5689 2007 5693 _

2218 5621 2443 5677 iriiicus
2474 5620 2666 5693 Pipini
2698 5619 2851 5692 apud
2875 5621 3182 5678 Thuanum
3205 5623 3359 5680 libro
3391 5643 3468 5693 γι,
3503 5634 3560 5683 et
3579 5629 3814 5686 Morbo-

461 5639 576 5687 (ob)
609 5639 687 5673 ω
727 5639 876 5684 lam,
912 5639 1142 5670 Ai'umw
1168 5639 1430 5667 υινιιαιυ.
2154 5639 2443 5677 mmncus
2474 5639 2538 5676 ιιι
2585 5639 2666 5675 1m
2698 5639 2851 5692 apud
2876 5639 3112 5677 111118.111]

459 5695 570 5763 (86)
603 5689 848 5745 Videtur
876 5690 1110 5743 Matreas
1141 5682 1344 5740 bellua
1371 5683 1554 5739 fuisse
1583 5688 1749 5758 ignis,
1798 5693 1865 5743 ut
1892 5689 2045 5760 lapis
2153 5693 2321 5762 fium,
2353 5693 2458 5748 lib-
2491 5708 2510 5748 ι
2542 5639 2826 5764 Polyhist.
2863 5708 2989 5764 cap.
3025 5695 3112 5750 13.
