4136 6316
432 404 592 466 1299

1743 401 1990 464 INDEX
2030 399 2532 467 SCRIPTOBUM

3693 401 3872 464 130°

437 536 548 593 dus
577 540 637 590 et
667 532 976 591 oculorum
1019 533 1306 590 medicus.
1340 532 1726 589 Melanthium
1757 533 2078 604 reprehen-
2119 537 2175 606 Α,-
2201 557 2226 583 ‹‹
2258 537 2420 591 taris.
2445 537 2610 602 Quod
2632 541 2829 598 autem
2850 536 2938 602 illi
2960 535 3093 594 urbi
3117 553 3288 609 opem
3309 535 3464 593 ferre
3485 535 3860 606 velis,eique

441 625 530 680 dit
559 629 624 678 ut
653 623 994 678 helluonem
1026 622 1265 693 Eupolis
1287 622 1348 676 in
1375 620 1624 688 Κόλαξιν.

2199 646 2225 673 ‹‹
2245 625 2574 691 studeas,in
2589 643 2707 697 qua
2719 627 2954 683 scholas
2965 626 3435 693 habuisti,animi
3449 625 3862 698 philosophici

513 713 825 788 Μόρσιμος,
875 714 1088 781 fatalis.
1131 713 1210 769 De
1265 713 1579 784 Apollonio
1637 715 1910 784 Tyaneo;
1963 712 2092 767 vide
2199 714 3586 785 «estargumentum.Quaremihivideturprius
3607 712 3860 784 quidem

447 820 626 875 supra
655 803 716 857 in
741 803 1094 858 Domitiano.

530 911 859 983 Morychus,
892 916 1065 981 poeta
1094 911 1373 983 tragicus,
1401 911 1500 981 qui
1524 917 1589 966 ut
1619 911 1819 966 helluo
1849 927 1882 966 a
1911 909 2095 965 comi-

445 1003 530 1056 cis
560 1001 999 1072 perstringitur.

516 1107 845 1178 Morychus,
877 1107 1102 1174 Teleas,
1154 1107 1463 1163 Glaucotes
1512 1108 1585 1162 ob
1629 1107 1912 1162 veneficia
1940 1105 2092 1160 male

443 1197 787 1253 audiebant.

517 1307 806 1371 Moschus,
842 1305 1264 1376 Syracusanus,
1299 1306 1741 1376 grammaticus,
1775 1303 2096 1359 Aristarchi

446 1395 796 1466 discipulus,
823 1395 922 1464 qui
955 1394 1251 1449 secundus
1274 1401 1363 1449 est
1387 1411 1420 1449 a
1441 1395 1771 1461 Theocrito,
1795 1400 1968 1466 poeta
1990 1394 2097 1448 bu-

447 1486 656 1541 colico.
689 1483 935 1556 Scripsit
964 1491 1022 1538 et
1052 1483 1176 1555 ipse
1208 1483 1485 1537 Bucolica.

2201 801 2399 856 «illud
2429 803 2651 858 Socrati
2683 804 3015 870 convenire,
3049 804 3162 858 hoc
3185 820 3319 858 vero
3350 802 3689 875 posteribus
3717 804 3855 855 Mu—

2198 912 2224 938 ‹‹
2261 891 2450 945 sonio.
2486 893 2628 946 Nam
2670 892 2771 948 ille
2801 893 2888 948 fas
2920 909 3046 948 esse
3091 893 3367 965 negabat,
3396 893 3589 946 virum
3627 891 3860 946 bonum

2199 1000 2228 1028 «
2262 979 2334 1034 ab
2367 979 2470 1034 illo
2503 980 2774 1052 improbo
2798 980 2952 1036 laadi.
2981 1003 3008 1030 »
3040 981 3143 1036 Hic
3174 997 3316 1035 vero
3339 997 3652 1035 murorum.
3679 996 3858 1035 cura-

2200 1072 2292 1123 tor
2322 1072 2469 1136 erat,
2499 1086 2634 1124 cum
2666 1070 2860 1141 ipsum
2890 1071 3039 1125 Nero
3069 1069 3340 1125 exsulare
3363 1069 3568 1140 jussit.

2273 1159 2596 1223 Musonius,
2619 1159 2710 1212 vir
2729 1175 2927 1213 rerum
2949 1158 3342 1231 gerendarum
3365 1157 3682 1230 prudentia
3708 1157 3865 1210 insi-

2201 1247 2352 1318 gnis,
2388 1248 2496 1303 sub
2529 1249 2672 1321 imp.
2704 1250 3032 1316 Joviniano,
3069 1254 3127 1303 et
3173 1249 3494 1320 Eunapius,
3545 1247 3861 1319 Phrygius,

2204 1341 2422 1400 orator,
2449 1337 2685 1394 tributis
2708 1338 2940 1394 Asianis
2961 1337 3310 1410 colligendis
3341 1336 3720 1408 praepositus,
3744 1339 3863 1389 etc.

2278 1421 2519 1498 Μύδρος.
2553 1429 2926 1499 Anaxagoras
2956 1427 3104 1480 dixit
3133 1427 3321 1481 solem
3353 1441 3483 1481 esse
3516 1419 3718 1498 μύδρον
3753 1443 3861 1475 πυ-

2207 1513 2418 1588 ρόεντα,
2453 1515 2700 1586 ignitam
2748 1515 2897 1571 ferri
2946 1532 3227 1581 massam,
3278 1516 3689 1586 Peloponneso
3721 1530 3864 1568 ma-

520 1594 813 1661 Moschus,
846 1592 1039 1647 malus
1081 1591 1460 1659 citharasdus,
1503 1592 1602 1661 qui
1648 1591 1867 1646 multos
1898 1609 2100 1646 versus
2199 1605 2416 1676 λοι-ειη,
2451 1605 2524 1661 ob
2558 1604 2714 1676 quod
2745 1611 2934 1660 morte
2964 1604 3311 1660 multandus
3336 1611 3482 1660 erat,

451 1701 570 1738 uno
605 1682 818 1753 spiritu
847 1687 1106 1738 caneret.
1136 1681 1386 1736 Carmen
1409 1681 1695 1736 Bmotium
1721 1681 1947 1735 invenit
1966 1682 2100 1735 Ter-

453 1771 704 1842 pander,
736 1777 802 1825 ut
823 1776 880 1824 et
906 1770 1246 1841 Phrygium.

2280 1695 2448 1766 Myia,
2483 1697 2825 1768 Thespiaca,
2859 1695 3061 1767 lyrica.
3097 1697 3342 1768 Scripsit
3383 1699 3628 1751 carmina
3661 1696 3865 1764 lyrica.

2281 1786 2452 1856 Myia,
2489 1787 2796 1857 Spartana.
2830 1785 3078 1858 poetria.
3112 1787 3357 1856 Hymnos
3386 1788 3446 1840 in
3471 1785 3793 1855 Apollinem
3817 1792 3868 1838 et

525 1879 729 1944 Moses,
764 1877 1054 1948 propheta
1085 1882 1142 1931 et
1172 1876 1688 1948 legislator.Hujus
1713 1891 1868 1930 anno
1891 1875 2099 1941 LXXX,
2131 1879 2179 1944 Β
2210 1875 2449 1929 Dianam
2467 1875 2723 1946 scripsit.

453 1965 560 2020 ﬁlii
593 1965 824 2020 lsraelis
858 1981 928 2019 ex
957 1969 1200 2037 Egypto
1231 1965 1450 2037 egressi
1484 1971 1643 2032 sunt,
1670 1970 1761 2020 etc
1809 1963 1962 2020 conf.
1995 1966 2105 2020 Ku-

455 2055 595 2109 steri
627 2060 749 2109 not.
786 2060 926 2109 tom.
964 2057 1034 2121 II,
1067 2071 1196 2125 pag.
1231 2056 1354 2108 583.

523 2145 702 2206 Moso,
739 2144 957 2198 mulier
987 2144 1252 2209 Hebraea,
1285 2159 1320 2198 a
1351 2159 1470 2212 qua
1497 2143 1719 2214 scripta
1749 2148 1847 2198 est.
1866 2142 1960 2196 lex
1993 2143 2106 2196 He-

452 2232 767 2299 braeorum,
799 2238 865 2288 ut
897 2232 1076 2287 tradit
1104 2231 1406 2288 Alxander
1437 2232 1792 2303 Polyhistor.

525 2322 795 2386 Musaaus,
848 2321 1205 2386 Eleusinius,
1241 2321 1642 2385 Atheniensis,
1677 2319 2016 2391 Antiphemi
2053 2323 2120 2382 et,

455 2409 693 2464 Helenae
744 2411 828 2475 F.,
869 2415 1043 2480 poeta
1073 2410 1274 2480 epicus
1306 2414 1364 2463 et
1391 2409 1606 2479 Orphei
1634 2408 1982 2480 discipulus,
2014 2408 2108 2462 vel

456 2499 654 2570 potius
683 2515 751 2554 eo
783 2499 1102 2569 antiquior.
1145 2498 1370 2553 Floruit
1399 2503 1663 2568 tempore
1710 2498 1982 2569 Cecropis
2015 2513 2109 2551 se-

459 2587 656 2642 cundi.
689 2588 934 2658 Scripsit
959 2590 1240 2657 Praecepta
1265 2588 1338 2641 ad
1369 2588 1719 2657 Eumolpum,
1743 2587 1954 2654 ﬁlium,
1981 2603 2103 2640 ver-

461 2676 624 2732 sibus
651 2683 860 2746 quater
890 2677 1053 2732 mille
1115 2682 1174 2730 et
1227 2677 1346 2732 alia
1403 2676 1682 2746 plurima.
1718 2677 2109 2747 Antiphemus

460 2763 622 2818 ﬁlius
677 2763 789 2817 fuit
845 2765 1154 2835 Euphemi,
1218 2781 1404 2835 nepos
1458 2764 1767 2835 Ecphanti,
1813 2781 2110 2836 pronepos

455 2852 803 2923 Cercyonis,
826 2869 1003 2922 quem
1036 2853 1355 2910 debellavit
1383 2854 1662 2908 Theseus.

524 2960 795 3027 Musaeus,
827 2960 1158 3028 Thebanus,
1210 2961 1516 3031 Thamyrin
1561 2961 1655 3025 F.,
1680 2959 2111 3018 Philammonis

453 3063 659 3118 nepos,
692 3052 870 3118 poeta
894 3048 1135 3118 lyricus,
1169 3049 1268 3118 qui
1328 3048 1516 3103 multo
1543 3055 1680 3104 ante
1706 3049 1930 3104 bellum
1961 3051 2108 3104 Tro-

446 3135 659 3205 janum
689 3135 848 3189 vixit.
887 3135 1132 3206 Scripsit
1163 3153 1364 3190 versus
1397 3136 1611 3206 lyricos
1643 3142 1701 3190 et
1730 3137 1979 3192 cantica.

526 3225 796 3288 Musaaus,
821 3223 1129 3293 Ephesius,
1155 3229 1327 3293 poeta
1350 3224 1551 3294 epicus
1574 3227 1680 3276 τῶν
1706 3223 1787 3285 εἰς
1813 3224 1943 3286 τοὺς
1974 3230 2110 3297 Περ·
2141 3247 2184 3312 C

454 3309 738 3386 γαμηνοὺς
788 3309 877 3363 καὶ
928 3310 1087 3371 αὐτὸς
1137 3308 1395 3379 κύκλους,
1431 3329 1582 3368 unus
1629 3330 1698 3366 ex
1731 3330 1976 3382 numero
2009 3331 2106 3369 eo-

455 3417 613 3468 rum,
647 3401 747 3470 qui
797 3399 858 3454 in
907 3403 1169 3455 Museum
1224 3403 1651 3476 Pergamenum
1694 3403 1892 3458 allecti
1924 3409 2110 3458 erant.

462 3490 708 3560 Scripsit
736 3491 1005 3546 Perseidis
1038 3491 1202 3546 libros
1250 3493 1300 3546 X
1340 3491 1600 3562 itemque
1641 3492 1699 3547 in
1731 3495 2025 3547 Eumenem
2059 3498 2116 3546 et

464 3578 732 3633 Attalum.
768 3580 830 3633 ’V.
866 3579 1097 3633 Kusteri
1130 3585 1251 3634 not.
1285 3582 1337 3647 4,
1372 3585 1513 3635 tom.
1543 3580 1614 3649 II,
1647 3598 1775 3654 pag.
1809 3583 1933 3635 378.

537 3669 813 3736 Musaeus,
833 3667 1225 3742 philosophus
1247 3669 1402 3746 apud
1429 3671 1658 3724 Graecos
1681 3672 1813 3741 (88).
1834 3670 2031 3742 Lysias
2054 3670 2113 3725 in

465 3757 740 3812 Oratione
763 3762 968 3812 contra
992 3755 1288 3812 Mixidemi
1311 3759 1774 3825 accusationem,
1799 3760 1847 3814 si
1867 3760 2042 3813 modo
2067 3759 2115 3814 is

467 3863 639 3901 verus
663 3847 793 3917 ejus
812 3852 1018 3902 auctor
1038 3847 1113 3901 sit
1139 3864 1151 3901 :
1175 3870 1198 3896 ε(
1219 3849 1440 3902 Pueros
1462 3847 1573 3918 ipsi
1599 3847 1954 3918 pedisequus
1972 3847 2120 3903 duos

460 3957 487 3984 «
524 3951 674 4002 esse,
708 3951 961 4005 quorum
1021 3935 1272 3990 alterum
1331 3941 1496 3991 vocat
1527 3937 1826 4005 Musaeum,
1861 3937 2115 3992 alterum

459 4044 486 4072 «
524 4023 863 4077 Hesiodum.
900 4019 962 4077 Id
993 4030 1191 4078 autem
1212 4041 1380 4079 reum
1405 4024 1600 4080 studio
1631 4025 1844 4081 fecisse
1876 4030 2055 4096 patet.
2085 4047 2112 4074 »ι

460 4114 740 4168 Musaeum
773 4129 906 4167 vero
938 4113 1039 4168 alii
1071 4114 1355 4168 Thracem
1395 4131 1524 4168 esse
1557 4115 1855 4181 dixerunt,
1890 4115 1991 4169 alii
2023 4115 2117 4169 in-

460 4200 734 4272 digenam
766 4207 824 4255 et
852 4201 1128 4255 Eleusine
1162 4202 1503 4256 oriundum.

530 4307 851 4375 Musonius,
883 4307 1184 4380 Capitonis
1234 4309 1320 4374 F.,
1352 4309 1710 4379 Tyrrhenus,
1744 4327 1815 4364 ex
1852 4311 2114 4366 Bulsinio

459 4395 711 4459 civitate,
743 4393 1086 4450 dialecticus
1113 4401 1169 4450 et
1201 4396 1590 4466 phi1030phus
1620 4398 1867 4466 Stoicus,
1901 4401 2001 4470 qui
2033 4401 2114 4455 vi-

458 4485 544 4538 xit
575 4484 682 4538 sub
704 4485 1260 4555 Nerone,Apollonii
1284 4486 1520 4556 Tyanei,
1546 4491 1604 4541 et
1621 4486 1950 4543 multorum
1971 4489 2115 4544 alio-

458 4591 590 4629 rum
614 4573 1045 4645 discipulus,ad
1069 4591 1246 4644 quem
1269 4579 1327 4629 et
1350 4575 1615 4675 epistolae
1636 4577 1910 4632 feruntur
1930 4580 2106 4650 Apol-
2141 4610 2190 4675 D

458 4663 626 4728 lonii,
651 4670 709 4718 et
729 4663 892 4718 illius
914 4663 986 4718 ad
1015 4663 1419 4734 Apollonium.
1451 4659 1552 4720 Hic
1575 4666 1646 4720 ob
1686 4667 2110 4723 conﬁdentiam

459 4760 518 4808 et
545 4753 826 4825 arguendi
869 4754 1131 4808 studium
1175 4759 1233 4807 et
1280 4753 1662 4810 immodicam
1709 4755 2046 4813 libertatem
2078 4774 2113 4811 a

459 4845 686 4897 Nerone
726 4842 1070 4897 interfectus
1103 4847 1209 4897 est.
1263 4844 1558 4897 Feruntur
1587 4845 1715 4915 ejus
1747 4845 2031 4900 Orationes
2061 4853 2113 4900 et

457 4933 720 5000 Epistolas
772 4933 1014 4986 diversae
1064 4931 1510 5002 philosophicas.
1556 4934 1635 4987 De
1685 4934 1794 4988 hoc
1846 4936 2111 4990 Musonio

461 5021 1097 5088 (Julianus)Parabates
1117 5020 1177 5074 in
1201 5020 1460 5090 Epistola
1477 5021 1562 5075 sic
1580 5022 1818 5076 scribit:
1844 5045 1871 5072 «
1897 5026 2112 5078 Contu-

461 5132 486 5158 «
515 5111 1132 5181 meliam,quapraases
1148 5111 1383 5165 Graeciaa
1401 5127 1510 5166 nos
1530 5113 1918 5172 aﬂ‘ecit;tanta
1929 5115 2112 5168 animi

462 5220 488 5249 «
512 5198 865 5254 celsitudine
888 5201 1168 5268 tulisti,ut
1189 5200 1340 5254 nihil
1361 5202 1574 5256 horum
1597 5202 1658 5257 in
1682 5209 1737 5257 te
1760 5202 1979 5258 factum
2004 5220 2114 5275 pu-

475 5467 477 5469 ι
533 5405 640 5476 (88)
673 5405 834 5460 Idem
867 5421 1000 5460 cum
1033 5405 1223 5476 primo
1258 5407 1494 5477 Musaeo,
1527 5407 1682 5478 apud
1715 5409 1952 5464 Suidam
1987 5427 2108 5465 me-

460 5482 1002 5624 mggﬁiustergin
1045 5549 1290 5624 nothi,
1344 5551 1486 5601 tom.
1536 5548 1608 5624 II_,
1657 5568 1786 5624 pag.
1820 5553 1946 5624 59‘0)
1978 5569 2113 5624 cum

462 5617 715 5748 Illileur'sio
747 5620 810 5675 in
844 5617 1121 5685 Biblioth.
1154 5619 1335 5676 attica
1382 5617 1675 5678 emendat
1700 5617 2127 5686 Τῖτανότέαιδες..

512 5710 636 5748 ΑΜ..

2286 1964 2456 2034 Myia,
2490 1963 2834 2035 Pythagorae
2865 1964 3060 2037 magni
3089 1969 3148 2020 et
3174 1963 3426 2019 Theanis
3458 1963 3602 2028 filia,
3643 1963 3872 2017 Samia.

2284 2057 2473 2126 Myro,
2503 2055 2797 2128 Bysantia,
2834 2056 3082 2127 poetria,
3115 2073 3246 2126 quas
3276 2071 3480 2110 versus
3510 2054 3784 2108 heroicos
3815 2060 3875 2107 et

2215 2145 2508 2216 elegiacos
2539 2150 2598 2198 et
2635 2144 2880 2202 melicos
2930 2145 3186 2216 scripsit,
3218 2144 3456 2198 Homeri
3482 2144 3682 2212 tragici
3718 2144 3870 2208 filia,

2214 2251 2363 2289 uxor
2395 2233 2808 2301 Andromachi,
2842 2238 3230 2305 cognomento
3264 2232 3570 2304 philologi.

2286 2325 2466 2395 Myro,
2496 2323 2746 2386 Rhodia,
2768 2322 3397 2394 philosopha.Scripsit
3426 2323 3614 2377 Chrias
3633 2320 3866 2391 regina-

2214 2429 2338 2467 rum
2366 2420 2416 2467 et
2453 2413 2693 2480 fabulas.

2287 2501 2574 2572 Myrtilus,
2619 2499 3021 2569 Atheniensis,
3073 2502 3356 2566 comicus,
3411 2501 3566 2556 ﬁlius
3608 2499 3864 2571 Lysidis,

2216 2590 2398 2645 frater
2428 2588 2640 2644 comici
2689 2589 3012 2661 Hermippi.
3046 2591 3186 2662 Ejus
3215 2590 3521 2647 dramata:
3565 2593 3867 2642 Τιτανοπᾶο

2216 2699 2298 2739 νες
2329 2679 2464 2750 (89),
2498 2678 2754 2751 Ἔρωτες,
3087 2743 3098 2746 _

2290 2768 2470 2827 Μῦθος
2503 2772 2562 2822 et
2591 2766 2738 2826 αἶνος
2767 2767 3073 2836 differunt,
3090 2768 3250 2839 quod
3271 2769 3574 2829 αἶνοςῐιοιι.
3597 2785 3702 2839 pro
3724 2784 3872 2839 pue-

2218 2858 2321 2927 ris,
2355 2856 2458 2911 sed
2484 2857 2624 2912 viris
2653 2857 2842 2914 factus
2869 2858 2964 2926 sit,
2988 2875 3098 2914 nec
3117 2863 3347 2914 tantum
3373 2859 3640 2914 animum
3673 2858 3873 2912 oblec-

2218 2951 2321 3013 tet,
2355 2946 2460 3001 sed
2491 2952 2549 3000 et
2577 2945 3047 3002 admonitionem
3078 2947 3397 3003 contineat.
3438 2946 3678 3003 Occulte
3711 2947 3874 3002 enim

2221 3040 2278 3088 et
2306 3052 2412 3105 per
2440 3034 2717 3107 ambages
2772 3035 2982 3090 suadet
3028 3051 3096 3090 ac
3139 3035 3329 3104 docet,
3375 3035 3534 3107 quod
3585 3035 3876 3090 Hesiodus

2220 3123 2428 3179 fecisse
2449 3124 2698 3178 videtur.

2293 3213 2606 3284 Myscelus,
2634 3218 2875 3284 accepto
2922 3213 3184 3280 oraculo,
3214 3213 3618 3269 valetudinem
3658 3214 3874 3269 bonam

2223 3303 2562 3372 anteposuit
2615 3302 2873 3370 divitiis;
2935 3303 3043 3358 has
3101 3303 3320 3374 delegit
3373 3303 3654 3358 Archias:
3718 3303 3875 3357 unde

2221 3391 2574 3446 Crotoniatas
2606 3397 2744 3448 sunt
2773 3391 2999 3448 robusti
3023 3410 3036 3459 ;
3064 3393 3420 3464 Syracusani
3443 3399 3643 3447 autem
3663 3393 3875 3447 divites

2223 3487 2555 3536 evaserunt.

2294 3569 2595 3640 Mysorum
2627 3569 2911 3642 praedatio
2943 3571 3162 3642 (Μυσῶν
3212 3567 3350 3641 λεία)
3390 3569 3767 3641 proverbium
3799 3568 3872 3623 de

2224 3659 2296 3716 iis
2327 3677 2588 3730 quorum:
2612 3677 2727 3727 res,
2761 3667 2826 3716 ut
2855 3661 3156 3731 Mysorum
3178 3677 3212 3716 a
3231 3661 3440 3715 vicinis
3466 3660 3877 3731 praedonibus,

2222 3749 2480 3820 Telopho
2539 3766 2674 3822 rege
2732 3766 2973 3821 peregre
3032 3749 3316 3820 profecto,
3375 3749 3672 3804 hostiliter
3717 3749 3877 3804 diri-

2223 3839 2489 3910 piuntur.

2295 3928 2522 3998 Myxus,
2556 3921 2724 3982 Βαϐαὶ
2757 3925 2954 3996 Μύξος.
2988 3928 3221 3984 Dictum
3251 3928 3363 3983 hoc
3394 3928 3457 3982 in
3478 3927 3882 3999 jactabundos

2224 4021 2283 4072 et
2310 4017 2620 4089 gloriosos.
2673 4017 2880 4087 Myxus
2937 4018 3098 4073 enim
3154 4017 3268 4072 fuit
3321 4017 3598 4073 sacerdos
3649 4019 3878 4087 Dianas,

2223 4107 2400 4164 homo
2436 4107 2656 4164 facetus
2687 4111 2746 4162 et
2766 4106 3187 4178 jactabundns.

3031 4215 3086 4268 N;

2295 4305 2621 4358 Nannacus'
2667 4303 2801 4374 (90).
2863 4302 2963 4356 Vir
3006 4302 3236 4373 priscus
3283 4305 3423 4356 ante
3455 4301 3871 4356 Deucalionem

2223 4409 2442 4464 regem,
2476 4392 2574 4461 qui
2608 4389 2872 4445 futurum
2902 4389 3187 4444 diluvium
3220 4391 3563 4461 praesciens,
3596 4389 3872 4444 omnibus

2224 4483 2285 4535 in
2320 4481 2607 4551 templum
2639 4480 3028 4551 congregatis,
3054 4495 3186 4534 cum
3213 4478 3493 4550 lacrymis
3517 4480 3698 4533 Deum
3732 4494 3872 4549 sup-

2224 4569 2459 4640 pliciter
2486 4570 2690 4625 oravit.
2716 4571 2784 4622 Et
2807 4568 3208 4639 proverbium,
3230 4585 3264 4622 α
3284 4569 3571 4634 Nannaco,
3596 4567 3667 4622 de
3699 4567 3872 4621 rebus

2223 4657 2544 4714 admodum
2578 4660 2843 4714 vetustis.

2295 4745 2560 4815 Ναυάτος,
2592 4747 2872 4802 Ecclesiae
2901 4746 3210 4818 presbyter
3247 4747 3529 4802 Romanis
3557 4763 3571 4812 ;
3605 4763 3659 4802 v.
3696 4747 3874 4800 Nora-

2224 4844 2307 4892 tus
2390 4840 2581 4908 Atque
2653 4833 2979 4888 Ναυατιανοὶ
3041 4834 3304 4908 αἱρεσῖται
3359 4841 3499 4890 sunt
3553 4837 3865 4901 Novatiani,

2223 4927 2490 4995 haeretici,
2523 4927 2642 4982 sive
2667 4926 2765 4996 qui
2790 4926 2988 4980 Novati
3021 4925 3380 4980 sententiam
3413 4931 3761 4996 sequuntur.

2293 5017 2619 5085 Naucratis,
2651 5015 2792 5070 urbs
2840 5015 3067 5087 Egypti
3098 5032 3132 5070 a
3163 5015 3405 5069 Milesiis
3443 5015 3702 5078 condita,
3733 5030 3866 5068 cum

2221 5107 2403 5161 maris
2433 5105 2750 5175 imperium
2772 5103 3129 5159 obtinerent.
3156 5104 3342 5176 Hujus
3363 5104 3506 5159 civis
3532 5104 3643 5159 fuit
3663 5103 3864 5157 doctus

2223 5195 2326 5250 ille
2356 5195 2694 5250 Athenaeus.

2293 5405 2405 5476 (90)
2429 5403 2671 5457 Videtur
2698 5417 2918 5476 nomen
2951 5401 3248 5476 ex_Noa_chi
3265 5399 3506 5476 nomine
3529 5404 3868 5476 corruptum

2221 5472 2397 5530 licet'
2442 5476 2732 5529 Nanna'cus
2806 5473 2905 5526 hic
2988 5473 3306 5544 (Stephano
3360 5473 3500 5544 Byz.
3565 5472 3862 5544 'Avvaxoc),

2221 5491 2362 5530 licet
2442 5491 2732 5529 mannacus
2808 5491 2905 5526 mc
2988 5491 3306 5544 (δωρηθηο
3375 5491 3500 5526 [γι.
3587 5491 3862 5539 Αννακος),

2219 5548 2505 5617 Phrygum
2533 5562 2633 5599 rea:
2663 5544 2879 5617 dicitur
2907 5543 3100 5599 Suidoa
3130 5545 3192 5600 in
3238 5543 3307 5598 τὰ
3346 5491 3450 5598 sui
3481 5542 3777 5610 Navva’mou,
3810 5547 3866 5596 et

2220 5635 2326 5674 rex
2343 5615 2512 5679 infra
2532 5615 2837 5672 Ναννὼιου.
