  <div class='ocr_page' id='page_1' title='image "/cluster/home/n/w/nwhite01/storage/ocr_20150623/117/mdp.39015038086818/659.png"; bbox 0 0 4128 6308; ppageno 0'>
   <div class='ocr_carea' id='block_1_1' title="bbox 444 325 602 386">
    <p class='ocr_par' dir='ltr' id='par_1_1' title="bbox 444 325 602 386">
     <span class='ocr_line' id='line_1_1' title="bbox 444 325 602 386; baseline 0.006 -1"><span class='ocrx_word' id='word_1_1' title='bbox 444 327 472 385; x_wconf 81' lang='grc'><strong>1</strong></span> <span class='ocrx_word' id='word_1_2' title='bbox 483 325 602 386; x_wconf 88' lang='lat'>303</span> 
     </span>
    </p>
   </div>
   <div class='ocr_carea' id='block_1_2' title="bbox 1742 313 2547 384">
    <p class='ocr_par' dir='ltr' id='par_1_2' title="bbox 1742 313 2547 384">
     <span class='ocr_line' id='line_1_2' title="bbox 1742 313 2547 384; baseline -0.007 0"><span class='ocrx_word' id='word_1_3' title='bbox 1742 319 1986 384; x_wconf 81' lang='lat' dir='ltr'><strong>INDEX</strong></span> <span class='ocrx_word' id='word_1_4' title='bbox 2031 313 2364 377; x_wconf 78' lang='lat' dir='ltr'>SCRIPTO</span> <span class='ocrx_word' id='word_1_5' title='bbox 2374 315 2547 379; x_wconf 83' lang='lat' dir='ltr'>RUM-</span> 
     </span>
    </p>
   </div>
   <div class='ocr_carea' id='block_1_3' title="bbox 3701 320 3880 384">
    <p class='ocr_par' dir='ltr' id='par_1_3' title="bbox 3701 320 3880 384">
     <span class='ocr_line' id='line_1_3' title="bbox 3701 320 3880 384; baseline -0.006 -3"><span class='ocrx_word' id='word_1_6' title='bbox 3701 325 3728 381; x_wconf 78' lang='grc' dir='ltr'><strong><em>ι</em></strong></span> <span class='ocrx_word' id='word_1_7' title='bbox 3744 320 3880 384; x_wconf 68' lang='grc'>304</span> 
     </span>
    </p>
   </div>
   <div class='ocr_carea' id='block_1_4' title="bbox 446 446 3872 530">
    <p class='ocr_par' dir='ltr' id='par_1_4' title="bbox 446 446 3872 530">
     <span class='ocr_line' id='line_1_4' title="bbox 446 446 3872 530; baseline -0.001 -20"><span class='ocrx_word' id='word_1_8' title='bbox 446 457 674 527; x_wconf 82' lang='lat' dir='ltr'>diasque</span> <span class='ocrx_word' id='word_1_9' title='bbox 703 456 864 513; x_wconf 86' lang='lat' dir='ltr'>haud</span> <span class='ocrx_word' id='word_1_10' title='bbox 897 458 1263 530; x_wconf 88' lang='lat' dir='ltr'>spernendas</span> <span class='ocrx_word' id='word_1_11' title='bbox 1295 459 1598 514; x_wconf 85' lang='lat' dir='ltr'>scriberet.</span> <span class='ocrx_word' id='word_1_12' title='bbox 1634 460 1844 512; x_wconf 81' lang='lat' dir='ltr'>Postea</span> <span class='ocrx_word' id='word_1_13' title='bbox 1866 458 1938 512; x_wconf 92' lang='lat' dir='ltr'>ad</span> <span class='ocrx_word' id='word_1_14' title='bbox 1963 455 2100 518; x_wconf 57' lang='lat' dir='ltr'>rhe-s</span> <span class='ocrx_word' id='word_1_15' title='bbox 2125 446 2182 513; x_wconf 75' lang='grc' dir='ltr'>Α,</span> <span class='ocrx_word' id='word_1_16' title='bbox 2213 464 2382 521; x_wconf 74' lang='lat' dir='ltr'>agere</span> <span class='ocrx_word' id='word_1_17' title='bbox 2402 450 2774 520; x_wconf 80' lang='lat' dir='ltr'>credebatur,</span> <span class='ocrx_word' id='word_1_18' title='bbox 2797 468 2831 506; x_wconf 74' lang='grc' dir='ltr'>ει</span> <span class='ocrx_word' id='word_1_19' title='bbox 2889 470 3004 524; x_wconf 90' lang='lat' dir='ltr'>quo</span> <span class='ocrx_word' id='word_1_20' title='bbox 3037 453 3412 526; x_wconf 82' lang='lat' dir='ltr'>proverbium</span> <span class='ocrx_word' id='word_1_21' title='bbox 3463 453 3606 529; x_wconf 81' lang='grc' dir='ltr'>Ἐγὼ</span> <span class='ocrx_word' id='word_1_22' title='bbox 3631 455 3872 523; x_wconf 75' lang='grc' dir='ltr'>ποιήσω</span> 
     </span>
    </p>
   </div>
   <div class='ocr_carea' id='block_1_5' title="bbox 442 546 2096 616">
    <p class='ocr_par' dir='ltr' id='par_1_5' title="bbox 442 546 2096 616">
     <span class='ocr_line' id='line_1_5' title="bbox 442 546 2096 616; baseline -0.001 -16"><span class='ocrx_word' id='word_1_23' title='bbox 442 548 698 602; x_wconf 89' lang='lat' dir='ltr'>toricam</span> <span class='ocrx_word' id='word_1_24' title='bbox 726 564 793 602; x_wconf 91' lang='lat' dir='ltr'>ac</span> <span class='ocrx_word' id='word_1_25' title='bbox 825 549 1113 604; x_wconf 87' lang='lat' dir='ltr'>musicam</span> <span class='ocrx_word' id='word_1_26' title='bbox 1147 555 1205 604; x_wconf 90' lang='lat' dir='ltr'>et</span> <span class='ocrx_word' id='word_1_27' title='bbox 1255 549 1705 604; x_wconf 89' lang='lat' dir='ltr'>mathematicas</span> <span class='ocrx_word' id='word_1_28' title='bbox 1749 546 2096 616; x_wconf 80' lang='lat' dir='ltr'>disciplinas</span> 
     </span>
    </p>
   </div>
   <div class='ocr_carea' id='block_1_6' title="bbox 445 635 2094 708">
    <p class='ocr_par' dir='ltr' id='par_1_6' title="bbox 445 635 2094 708">
     <span class='ocr_line' id='line_1_6' title="bbox 445 635 2094 708; baseline -0.001 -18"><span class='ocrx_word' id='word_1_29' title='bbox 445 641 622 706; x_wconf 89' lang='lat' dir='ltr'>atque</span> <span class='ocrx_word' id='word_1_30' title='bbox 670 636 1004 692; x_wconf 84' lang='lat' dir='ltr'>universam</span> <span class='ocrx_word' id='word_1_31' title='bbox 1064 638 1442 708; x_wconf 91' lang='lat' dir='ltr'>disciplinam</span> <span class='ocrx_word' id='word_1_32' title='bbox 1475 638 1738 692; x_wconf 91' lang='lat' dir='ltr'>animum</span> <span class='ocrx_word' id='word_1_33' title='bbox 1788 635 2094 707; x_wconf 78' lang='lat' dir='ltr'>applicuit.</span> 
     </span>
    </p>
   </div>
   <div class='ocr_carea' id='block_1_7' title="bbox 445 725 2097 798">
    <p class='ocr_par' dir='ltr' id='par_1_7' title="bbox 445 725 2097 798">
     <span class='ocr_line' id='line_1_7' title="bbox 445 725 2097 798; baseline -0.001 -18"><span class='ocrx_word' id='word_1_34' title='bbox 445 726 825 781; x_wconf 78' lang='lat' dir='ltr'>Aristotelem</span> <span class='ocrx_word' id='word_1_35' title='bbox 861 728 918 780; x_wconf 90' lang='lat' dir='ltr'>in</span> <span class='ocrx_word' id='word_1_36' title='bbox 951 728 1397 798; x_wconf 88' lang='lat' dir='ltr'>primisimitari</span> <span class='ocrx_word' id='word_1_37' title='bbox 1432 728 1790 792; x_wconf 90' lang='lat' dir='ltr'>studebat,et</span> <span class='ocrx_word' id='word_1_38' title='bbox 1811 725 2097 796; x_wconf 85' lang='lat' dir='ltr'>multipli-</span> 
     </span>
    </p>
   </div>
   <div class='ocr_carea' id='block_1_8' title="bbox 451 815 2096 888">
    <p class='ocr_par' dir='ltr' id='par_1_8' title="bbox 451 815 2096 888">
     <span class='ocr_line' id='line_1_8' title="bbox 451 815 2096 888; baseline -0.002 -18"><span class='ocrx_word' id='word_1_39' title='bbox 451 832 580 870; x_wconf 91' lang='lat' dir='ltr'>cem</span> <span class='ocrx_word' id='word_1_40' title='bbox 613 816 742 886; x_wconf 84' lang='lat' dir='ltr'>ejus</span> <span class='ocrx_word' id='word_1_41' title='bbox 770 817 874 869; x_wconf 91' lang='lat' dir='ltr'>viri</span> <span class='ocrx_word' id='word_1_42' title='bbox 907 817 1239 872; x_wconf 78' lang='lat' dir='ltr'>doctrinam</span> <span class='ocrx_word' id='word_1_43' title='bbox 1273 835 1649 888; x_wconf 83' lang='lat' dir='ltr'>summopere</span> <span class='ocrx_word' id='word_1_44' title='bbox 1672 815 2096 872; x_wconf 81' lang='lat' dir='ltr'>admirabatur.</span> 
     </span>
    </p>
   </div>
   <div class='ocr_carea' id='block_1_9' title="bbox 450 905 2100 977">
    <p class='ocr_par' dir='ltr' id='par_1_9' title="bbox 450 905 2100 977">
     <span class='ocr_line' id='line_1_9' title="bbox 450 905 2100 977; baseline 0 -19"><span class='ocrx_word' id='word_1_45' title='bbox 450 905 676 971; x_wconf 87' lang='lat' dir='ltr'>Aiebat,</span> <span class='ocrx_word' id='word_1_46' title='bbox 711 905 842 959; x_wconf 93' lang='lat' dir='ltr'>ideo</span> <span class='ocrx_word' id='word_1_47' title='bbox 883 906 1084 976; x_wconf 83' lang='lat' dir='ltr'>plures</span> <span class='ocrx_word' id='word_1_48' title='bbox 1129 924 1329 963; x_wconf 85' lang='lat' dir='ltr'>musas</span> <span class='ocrx_word' id='word_1_49' title='bbox 1377 925 1410 963; x_wconf 89' lang='lat' dir='ltr'>a</span> <span class='ocrx_word' id='word_1_50' title='bbox 1466 908 1762 962; x_wconf 87' lang='lat' dir='ltr'>veteribus</span> <span class='ocrx_word' id='word_1_51' title='bbox 1813 905 2100 977; x_wconf 83' lang='lat' dir='ltr'>theologis</span> 
     </span>
    </p>
   </div>
   <div class='ocr_carea' id='block_1_10' title="bbox 449 993 2100 1069">
    <p class='ocr_par' dir='ltr' id='par_1_10' title="bbox 449 993 2100 1069">
     <span class='ocr_line' id='line_1_10' title="bbox 449 993 2100 1069; baseline 0.001 -23"><span class='ocrx_word' id='word_1_52' title='bbox 449 993 817 1049; x_wconf 91' lang='lat' dir='ltr'>introductas</span> <span class='ocrx_word' id='word_1_53' title='bbox 845 1011 994 1064; x_wconf 90' lang='lat' dir='ltr'>esse,</span> <span class='ocrx_word' id='word_1_54' title='bbox 1032 997 1188 1066; x_wconf 93' lang='lat' dir='ltr'>quod</span> <span class='ocrx_word' id='word_1_55' title='bbox 1220 997 1280 1051; x_wconf 91' lang='lat' dir='ltr'>in</span> <span class='ocrx_word' id='word_1_56' title='bbox 1309 997 1640 1069; x_wconf 89' lang='lat' dir='ltr'>disciplinis</span> <span class='ocrx_word' id='word_1_57' title='bbox 1680 997 1828 1051; x_wconf 90' lang='lat' dir='ltr'>mira</span> <span class='ocrx_word' id='word_1_58' title='bbox 1850 996 2100 1050; x_wconf 85' lang='lat' dir='ltr'>varietas</span> 
     </span>
    </p>
   </div>
   <div class='ocr_carea' id='block_1_11' title="bbox 447 1084 2098 1158">
    <p class='ocr_par' dir='ltr' id='par_1_11' title="bbox 447 1084 2098 1158">
     <span class='ocr_line' id='line_1_11' title="bbox 447 1084 2098 1158; baseline -0.001 -20"><span class='ocrx_word' id='word_1_59' title='bbox 447 1089 505 1138; x_wconf 89' lang='lat' dir='ltr'>et</span> <span class='ocrx_word' id='word_1_60' title='bbox 536 1084 611 1139; x_wconf 89' lang='lat' dir='ltr'>ad</span> <span class='ocrx_word' id='word_1_61' title='bbox 641 1102 848 1140; x_wconf 91' lang='lat' dir='ltr'>omnes</span> <span class='ocrx_word' id='word_1_62' title='bbox 879 1103 1022 1141; x_wconf 90' lang='lat' dir='ltr'>usus</span> <span class='ocrx_word' id='word_1_63' title='bbox 1052 1092 1190 1158; x_wconf 90' lang='lat' dir='ltr'>apta</span> <span class='ocrx_word' id='word_1_64' title='bbox 1219 1087 1524 1142; x_wconf 87' lang='lat' dir='ltr'>diversitas</span> <span class='ocrx_word' id='word_1_65' title='bbox 1547 1086 1895 1158; x_wconf 90' lang='lat' dir='ltr'>reperiatur.</span> <span class='ocrx_word' id='word_1_66' title='bbox 1923 1086 2098 1155; x_wconf 89' lang='lat' dir='ltr'>Inge-</span> 
     </span>
    </p>
   </div>
   <div class='ocr_carea' id='block_1_12' title="bbox 446 1175 2101 1245">
    <p class='ocr_par' dir='ltr' id='par_1_12' title="bbox 446 1175 2101 1245">
     <span class='ocr_line' id='line_1_12' title="bbox 446 1175 2101 1245; baseline -0.001 -18"><span class='ocrx_word' id='word_1_67' title='bbox 446 1191 563 1227; x_wconf 90' lang='lat' dir='ltr'>nuo</span> <span class='ocrx_word' id='word_1_68' title='bbox 599 1175 826 1228; x_wconf 88' lang='lat' dir='ltr'>homini</span> <span class='ocrx_word' id='word_1_69' title='bbox 859 1175 1218 1245; x_wconf 87' lang='lat' dir='ltr'>imperitiam</span> <span class='ocrx_word' id='word_1_70' title='bbox 1241 1178 1455 1230; x_wconf 91' lang='lat' dir='ltr'>artium</span> <span class='ocrx_word' id='word_1_71' title='bbox 1477 1175 2101 1244; x_wconf 91' lang='lat' dir='ltr'>humaniorum,atque</span> 
     </span>
    </p>
   </div>
   <div class='ocr_carea' id='block_1_13' title="bbox 444 1262 2103 1335">
    <p class='ocr_par' dir='ltr' id='par_1_13' title="bbox 444 1262 2103 1335">
     <span class='ocr_line' id='line_1_13' title="bbox 444 1262 2103 1335; baseline 0.001 -20"><span class='ocrx_word' id='word_1_72' title='bbox 444 1263 833 1318; x_wconf 88' lang='lat' dir='ltr'>illiberalium</span> <span class='ocrx_word' id='word_1_73' title='bbox 857 1264 1126 1334; x_wconf 89' lang='lat' dir='ltr'>peritiam</span> <span class='ocrx_word' id='word_1_74' title='bbox 1153 1265 1323 1335; x_wconf 80' lang='lat' dir='ltr'>juxta</span> <span class='ocrx_word' id='word_1_75' title='bbox 1337 1271 1566 1335; x_wconf 85' lang='lat' dir='ltr'>turpem</span> <span class='ocrx_word' id='word_1_76' title='bbox 1600 1262 2103 1333; x_wconf 84' lang='lat' dir='ltr'>esse.Disciplina-</span> 
     </span>
    </p>
   </div>
   <div class='ocr_carea' id='block_1_14' title="bbox 448 1352 2099 1425">
    <p class='ocr_par' dir='ltr' id='par_1_14' title="bbox 448 1352 2099 1425">
     <span class='ocr_line' id='line_1_14' title="bbox 448 1352 2099 1425; baseline -0.002 -18"><span class='ocrx_word' id='word_1_77' title='bbox 448 1369 580 1418; x_wconf 88' lang='lat' dir='ltr'>rum</span> <span class='ocrx_word' id='word_1_78' title='bbox 612 1352 820 1418; x_wconf 85' lang='lat' dir='ltr'>orbem</span> <span class='ocrx_word' id='word_1_79' title='bbox 843 1353 1099 1408; x_wconf 89' lang='lat' dir='ltr'>similem</span> <span class='ocrx_word' id='word_1_80' title='bbox 1124 1371 1251 1408; x_wconf 87' lang='lat' dir='ltr'>esse</span> <span class='ocrx_word' id='word_1_81' title='bbox 1276 1352 1902 1425; x_wconf 88' lang='lat' dir='ltr'>peregrinationi,alibi</span> <span class='ocrx_word' id='word_1_82' title='bbox 1922 1367 2099 1423; x_wconf 89' lang='lat' dir='ltr'>pran-</span> 
     </span>
    </p>
   </div>
   <div class='ocr_carea' id='block_1_15' title="bbox 451 1439 2100 1514">
    <p class='ocr_par' dir='ltr' id='par_1_15' title="bbox 451 1439 2100 1514">
     <span class='ocr_line' id='line_1_15' title="bbox 451 1439 2100 1514; baseline -0.002 -19"><span class='ocrx_word' id='word_1_83' title='bbox 451 1441 631 1496; x_wconf 91' lang='lat' dir='ltr'>dendi</span> <span class='ocrx_word' id='word_1_84' title='bbox 654 1458 830 1496; x_wconf 84' lang='lat' dir='ltr'>causa</span> <span class='ocrx_word' id='word_1_85' title='bbox 861 1441 1441 1509; x_wconf 88' lang='lat' dir='ltr'>divertendum,alibi</span> <span class='ocrx_word' id='word_1_86' title='bbox 1461 1439 2100 1514; x_wconf 87' lang='lat' dir='ltr'>pernoctandum,alibi</span> 
     </span>
    </p>
   </div>
   <div class='ocr_carea' id='block_1_16' title="bbox 449 1530 2099 1602">
    <p class='ocr_par' dir='ltr' id='par_1_16' title="bbox 449 1530 2099 1602">
     <span class='ocr_line' id='line_1_16' title="bbox 449 1530 2099 1602; baseline -0.001 -18"><span class='ocrx_word' id='word_1_87' title='bbox 449 1530 895 1585; x_wconf 89' lang='lat' dir='ltr'>consistendum</span> <span class='ocrx_word' id='word_1_88' title='bbox 929 1548 1035 1601; x_wconf 92' lang='lat' dir='ltr'>per</span> <span class='ocrx_word' id='word_1_89' title='bbox 1072 1533 1273 1602; x_wconf 90' lang='lat' dir='ltr'>plures</span> <span class='ocrx_word' id='word_1_90' title='bbox 1305 1531 1452 1597; x_wconf 91' lang='lat' dir='ltr'>dies,</span> <span class='ocrx_word' id='word_1_91' title='bbox 1489 1531 1608 1586; x_wconf 89' lang='lat' dir='ltr'>alia</span> <span class='ocrx_word' id='word_1_92' title='bbox 1639 1531 1830 1585; x_wconf 86' lang='lat' dir='ltr'>obiter</span> <span class='ocrx_word' id='word_1_93' title='bbox 1860 1546 2099 1600; x_wconf 90' lang='lat' dir='ltr'>percur-</span> 
     </span>
    </p>
   </div>
   <div class='ocr_carea' id='block_1_17' title="bbox 447 1617 2102 1692">
    <p class='ocr_par' dir='ltr' id='par_1_17' title="bbox 447 1617 2102 1692">
     <span class='ocr_line' id='line_1_17' title="bbox 447 1617 2102 1692; baseline 0 -19"><span class='ocrx_word' id='word_1_94' title='bbox 447 1619 901 1686; x_wconf 90' lang='lat' dir='ltr'>renda,tandem</span> <span class='ocrx_word' id='word_1_95' title='bbox 935 1621 1352 1676; x_wconf 88' lang='lat' dir='ltr'>revertendum</span> <span class='ocrx_word' id='word_1_96' title='bbox 1377 1621 1447 1676; x_wconf 90' lang='lat' dir='ltr'>ad</span> <span class='ocrx_word' id='word_1_97' title='bbox 1468 1629 1734 1692; x_wconf 88' lang='lat' dir='ltr'>penates,</span> <span class='ocrx_word' id='word_1_98' title='bbox 1770 1621 1878 1674; x_wconf 88' lang='lat' dir='ltr'>hoc</span> <span class='ocrx_word' id='word_1_99' title='bbox 1911 1626 2000 1673; x_wconf 81' lang='lat' dir='ltr'>est</span> <span class='ocrx_word' id='word_1_100' title='bbox 2030 1617 2102 1673; x_wconf 89' lang='lat' dir='ltr'>ad</span> 
     </span>
    </p>
   </div>
   <div class='ocr_carea' id='block_1_18' title="bbox 449 1709 2101 1782">
    <p class='ocr_par' dir='ltr' id='par_1_18' title="bbox 449 1709 2101 1782">
     <span class='ocr_line' id='line_1_18' title="bbox 449 1709 2101 1782; baseline -0.001 -20"><span class='ocrx_word' id='word_1_101' title='bbox 449 1709 913 1779; x_wconf 90' lang='lat' dir='ltr'>philosophiam,</span> <span class='ocrx_word' id='word_1_102' title='bbox 951 1716 1229 1780; x_wconf 87' lang='lat' dir='ltr'>tanquam</span> <span class='ocrx_word' id='word_1_103' title='bbox 1261 1710 1334 1765; x_wconf 90' lang='lat' dir='ltr'>ad</span> <span class='ocrx_word' id='word_1_104' title='bbox 1380 1712 1630 1782; x_wconf 90' lang='lat' dir='ltr'>patriam</span> <span class='ocrx_word' id='word_1_105' title='bbox 1684 1710 1956 1779; x_wconf 89' lang='lat' dir='ltr'>laresque</span> <span class='ocrx_word' id='word_1_106' title='bbox 2009 1725 2101 1761; x_wconf 84' lang='lat' dir='ltr'>re-</span> 
     </span>
    </p>
   </div>
   <div class='ocr_carea' id='block_1_19' title="bbox 455 1797 1497 1869">
    <p class='ocr_par' dir='ltr' id='par_1_19' title="bbox 455 1797 1497 1869">
     <span class='ocr_line' id='line_1_19' title="bbox 455 1797 1497 1869; baseline 0.004 -18"><span class='ocrx_word' id='word_1_107' title='bbox 455 1797 781 1865; x_wconf 92' lang='lat' dir='ltr'>deundum,</span> <span class='ocrx_word' id='word_1_108' title='bbox 813 1798 1013 1869; x_wconf 89' lang='lat' dir='ltr'>ibique</span> <span class='ocrx_word' id='word_1_109' title='bbox 1045 1799 1497 1855; x_wconf 86' lang='lat' dir='ltr'>considendum.</span> 
     </span>
    </p>
   </div>
   <div class='ocr_carea' id='block_1_20' title="bbox 533 1887 2111 1959">
    <p class='ocr_par' dir='ltr' id='par_1_20' title="bbox 533 1887 2111 1959">
     <span class='ocr_line' id='line_1_20' title="bbox 533 1887 2111 1959; baseline 0 -19"><span class='ocrx_word' id='word_1_110' title='bbox 533 1887 1163 1958; x_wconf 88' lang='lat' dir='ltr'>Nicolaus,discipulus</span> <span class='ocrx_word' id='word_1_111' title='bbox 1192 1889 1506 1956; x_wconf 86' lang='lat' dir='ltr'>Plutarchi,</span> <span class='ocrx_word' id='word_1_112' title='bbox 1531 1888 1882 1959; x_wconf 77' lang='lat' dir='ltr'>cognomine</span> <span class='ocrx_word' id='word_1_113' title='bbox 1905 1889 2111 1942; x_wconf 87' lang='lat' dir='ltr'>Nesto-</span> 
     </span>
    </p>
   </div>
   <div class='ocr_carea' id='block_1_21' title="bbox 454 1975 2085 2048">
    <p class='ocr_par' dir='ltr' id='par_1_21' title="bbox 454 1975 2085 2048">
     <span class='ocr_line' id='line_1_21' title="bbox 454 1975 2085 2048; baseline 0.001 -19"><span class='ocrx_word' id='word_1_114' title='bbox 454 1975 549 2045; x_wconf 89' lang='lat' dir='ltr'>rii,</span> <span class='ocrx_word' id='word_1_115' title='bbox 587 1977 826 2048; x_wconf 88' lang='lat' dir='ltr'>scripsit</span> <span class='ocrx_word' id='word_1_116' title='bbox 877 1979 1373 2048; x_wconf 82' lang='lat' dir='ltr'>Progymnasmata</span> <span class='ocrx_word' id='word_1_117' title='bbox 1406 1986 1464 2032; x_wconf 91' lang='lat' dir='ltr'>et</span> <span class='ocrx_word' id='word_1_118' title='bbox 1513 1980 1941 2033; x_wconf 81' lang='lat' dir='ltr'>Declamationes</span> <span class='ocrx_word' id='word_1_119' title='bbox 1989 1977 2085 2030; x_wconf 82' lang='lat' dir='ltr'>rhe</span> 
     </span>
    </p>
   </div>
   <div class='ocr_carea' id='block_1_22' title="bbox 461 2066 2111 2137">
    <p class='ocr_par' dir='ltr' id='par_1_22' title="bbox 461 2066 2111 2137">
     <span class='ocr_line' id='line_1_22' title="bbox 461 2066 2111 2137; baseline -0.001 -18"><span class='ocrx_word' id='word_1_120' title='bbox 461 2067 662 2120; x_wconf 82' lang='lat' dir='ltr'>toricas</span> <span class='ocrx_word' id='word_1_121' title='bbox 691 2071 751 2120; x_wconf 92' lang='lat' dir='ltr'>et</span> <span class='ocrx_word' id='word_1_122' title='bbox 772 2067 890 2121; x_wconf 89' lang='lat' dir='ltr'>alia</span> <span class='ocrx_word' id='word_1_123' title='bbox 921 2068 1212 2137; x_wconf 73' lang='lat' dir='ltr'>quaedam.</span> <span class='ocrx_word' id='word_1_124' title='bbox 1239 2069 1465 2122; x_wconf 91' lang='lat' dir='ltr'>Floruit</span> <span class='ocrx_word' id='word_1_125' title='bbox 1495 2068 1600 2122; x_wconf 87' lang='lat' dir='ltr'>sub</span> <span class='ocrx_word' id='word_1_126' title='bbox 1628 2069 1818 2122; x_wconf 87' lang='lat' dir='ltr'>Leone</span> <span class='ocrx_word' id='word_1_127' title='bbox 1858 2066 2111 2132; x_wconf 90' lang='lat' dir='ltr'>seniore,</span> 
     </span>
    </p>
   </div>
   <div class='ocr_carea' id='block_1_23' title="bbox 464 2154 1755 2226">
    <p class='ocr_par' dir='ltr' id='par_1_23' title="bbox 464 2154 1755 2226">
     <span class='ocr_line' id='line_1_23' title="bbox 464 2154 1755 2226; baseline 0.002 -18"><span class='ocrx_word' id='word_1_128' title='bbox 464 2154 614 2226; x_wconf 88' lang='lat' dir='ltr'>Imp.</span> <span class='ocrx_word' id='word_1_129' title='bbox 649 2172 836 2226; x_wconf 89' lang='lat' dir='ltr'>usque</span> <span class='ocrx_word' id='word_1_130' title='bbox 859 2156 932 2210; x_wconf 89' lang='lat' dir='ltr'>ad</span> <span class='ocrx_word' id='word_1_131' title='bbox 963 2158 1260 2211; x_wconf 91' lang='lat' dir='ltr'>Zenonem</span> <span class='ocrx_word' id='word_1_132' title='bbox 1280 2163 1338 2211; x_wconf 93' lang='lat' dir='ltr'>et</span> <span class='ocrx_word' id='word_1_133' title='bbox 1357 2158 1755 2211; x_wconf 82' lang='lat' dir='ltr'>Anastasium.</span> 
     </span>
    </p>
   </div>
   <div class='ocr_carea' id='block_1_24' title="bbox 529 2243 2112 2315">
    <p class='ocr_par' dir='ltr' id='par_1_24' title="bbox 529 2243 2112 2315">
     <span class='ocr_line' id='line_1_24' title="bbox 529 2243 2112 2315; baseline 0.001 -19"><span class='ocrx_word' id='word_1_134' title='bbox 529 2243 824 2312; x_wconf 90' lang='lat' dir='ltr'>Nicolaus,</span> <span class='ocrx_word' id='word_1_135' title='bbox 851 2261 880 2299; x_wconf 92' lang='lat' dir='ltr'>e</span> <span class='ocrx_word' id='word_1_136' title='bbox 906 2246 1079 2315; x_wconf 86' lang='lat' dir='ltr'>Myris</span> <span class='ocrx_word' id='word_1_137' title='bbox 1114 2246 1510 2315; x_wconf 69' lang='lat' dir='ltr'>Lycia3,frater</span> <span class='ocrx_word' id='word_1_138' title='bbox 1541 2243 2112 2315; x_wconf 85' lang='lat' dir='ltr'>Dioscoridisgram-</span> 
     </span>
    </p>
   </div>
   <div class='ocr_carea' id='block_1_25' title="bbox 458 2331 2113 2405">
    <p class='ocr_par' dir='ltr' id='par_1_25' title="bbox 458 2331 2113 2405">
     <span class='ocr_line' id='line_1_25' title="bbox 458 2331 2113 2405; baseline 0 -21"><span class='ocrx_word' id='word_1_139' title='bbox 458 2331 681 2398; x_wconf 90' lang='lat' dir='ltr'>matici,</span> <span class='ocrx_word' id='word_1_140' title='bbox 739 2338 796 2385; x_wconf 92' lang='lat' dir='ltr'>et</span> <span class='ocrx_word' id='word_1_141' title='bbox 851 2333 1168 2404; x_wconf 87' lang='lat' dir='ltr'>Hipparchi</span> <span class='ocrx_word' id='word_1_142' title='bbox 1227 2340 1285 2387; x_wconf 90' lang='lat' dir='ltr'>et</span> <span class='ocrx_word' id='word_1_143' title='bbox 1328 2335 1537 2404; x_wconf 84' lang='lat' dir='ltr'>Hypati</span> <span class='ocrx_word' id='word_1_144' title='bbox 1595 2333 1848 2405; x_wconf 89' lang='lat' dir='ltr'>patricii.</span> <span class='ocrx_word' id='word_1_145' title='bbox 1902 2331 2113 2386; x_wconf 88' lang='lat' dir='ltr'>Docuit</span> 
     </span>
    </p>
   </div>
   <div class='ocr_carea' id='block_1_26' title="bbox 457 2420 2115 2493">
    <p class='ocr_par' dir='ltr' id='par_1_26' title="bbox 457 2420 2115 2493">
     <span class='ocr_line' id='line_1_26' title="bbox 457 2420 2115 2493; baseline 0 -19"><span class='ocrx_word' id='word_1_146' title='bbox 457 2420 651 2487; x_wconf 89' lang='lat' dir='ltr'>CPoli,</span> <span class='ocrx_word' id='word_1_147' title='bbox 684 2420 911 2491; x_wconf 79' lang='lat' dir='ltr'>fuitque</span> <span class='ocrx_word' id='word_1_148' title='bbox 945 2421 1272 2493; x_wconf 92' lang='lat' dir='ltr'>discipulus</span> <span class='ocrx_word' id='word_1_149' title='bbox 1301 2423 1596 2477; x_wconf 87' lang='lat' dir='ltr'>Lacharis.</span> <span class='ocrx_word' id='word_1_150' title='bbox 1656 2421 1902 2493; x_wconf 88' lang='lat' dir='ltr'>Scripsit</span> <span class='ocrx_word' id='word_1_151' title='bbox 1931 2422 2115 2474; x_wconf 82' lang='lat' dir='ltr'>Artem</span> 
     </span>
    </p>
   </div>
   <div class='ocr_carea' id='block_1_27' title="bbox 459 2509 1367 2566">
    <p class='ocr_par' dir='ltr' id='par_1_27' title="bbox 459 2509 1367 2566">
     <span class='ocr_line' id='line_1_27' title="bbox 459 2509 1367 2566; baseline 0.003 -3"><span class='ocrx_word' id='word_1_152' title='bbox 459 2509 792 2564; x_wconf 76' lang='lat' dir='ltr'>rhetoricam</span> <span class='ocrx_word' id='word_1_153' title='bbox 823 2515 882 2565; x_wconf 91' lang='lat' dir='ltr'>et</span> <span class='ocrx_word' id='word_1_154' title='bbox 918 2512 1367 2566; x_wconf 84' lang='lat' dir='ltr'>Declamationes.</span> 
     </span>
    </p>
   </div>
   <div class='ocr_carea' id='block_1_28' title="bbox 536 2593 2112 2671">
    <p class='ocr_par' dir='ltr' id='par_1_28' title="bbox 536 2593 2112 2671">
     <span class='ocr_line' id='line_1_28' title="bbox 536 2593 2112 2671; baseline 0.001 -19"><span class='ocrx_word' id='word_1_155' title='bbox 536 2599 928 2653; x_wconf 87' lang='lat' dir='ltr'>Nicomachus</span> <span class='ocrx_word' id='word_1_156' title='bbox 986 2615 1054 2654; x_wconf 87' lang='lat' dir='ltr'>ex</span> <span class='ocrx_word' id='word_1_157' title='bbox 1114 2599 1468 2656; x_wconf 80' lang='lat' dir='ltr'>Alexandria</span> <span class='ocrx_word' id='word_1_158' title='bbox 1512 2600 1794 2664; x_wconf 75' lang='lat' dir='ltr'>~Troadis,</span> <span class='ocrx_word' id='word_1_159' title='bbox 1838 2593 2112 2671; x_wconf 77' lang='lat' dir='ltr'>tragicus,</span> 
     </span>
    </p>
   </div>
   <div class='ocr_carea' id='block_1_29' title="bbox 463 2684 2114 2760">
    <p class='ocr_par' dir='ltr' id='par_1_29' title="bbox 463 2684 2114 2760">
     <span class='ocr_line' id='line_1_29' title="bbox 463 2684 2114 2760; baseline -0.002 -18"><span class='ocrx_word' id='word_1_160' title='bbox 463 2688 704 2758; x_wconf 89' lang='lat' dir='ltr'>scripsit</span> <span class='ocrx_word' id='word_1_161' title='bbox 734 2689 1044 2760; x_wconf 71' lang='lat' dir='ltr'>tragmdias</span> <span class='ocrx_word' id='word_1_162' title='bbox 1069 2690 1192 2744; x_wconf 85' lang='lat' dir='ltr'>XXI</span> <span class='ocrx_word' id='word_1_163' title='bbox 1213 2708 1284 2745; x_wconf 86' lang='lat' dir='ltr'>ex</span> <span class='ocrx_word' id='word_1_164' title='bbox 1306 2689 1522 2760; x_wconf 88' lang='lat' dir='ltr'>quibus</span> <span class='ocrx_word' id='word_1_165' title='bbox 1547 2695 1714 2744; x_wconf 91' lang='lat' dir='ltr'>sunt:</span> <span class='ocrx_word' id='word_1_166' title='bbox 1737 2684 2114 2758; x_wconf 69' lang='grc' dir='ltr'>Ἀλέξανδρος,</span> 
     </span>
    </p>
   </div>
   <div class='ocr_carea' id='block_1_30' title="bbox 462 2773 2112 2851">
    <p class='ocr_par' dir='ltr' id='par_1_30' title="bbox 462 2773 2112 2851">
     <span class='ocr_line' id='line_1_30' title="bbox 462 2773 2112 2851; baseline -0.001 -21"><span class='ocrx_word' id='word_1_167' title='bbox 462 2777 757 2851; x_wconf 74' lang='grc' dir='ltr'>Ἑριφύπη,</span> <span class='ocrx_word' id='word_1_168' title='bbox 792 2777 1099 2848; x_wconf 73' lang='grc' dir='ltr'>Γηρυόνης,</span> <span class='ocrx_word' id='word_1_169' title='bbox 1133 2775 1436 2846; x_wconf 82' lang='grc' dir='ltr'>Ἀλετίδης,</span> <span class='ocrx_word' id='word_1_170' title='bbox 1479 2776 1770 2848; x_wconf 75' lang='grc' dir='ltr'>Εἶλήθυια,</span> <span class='ocrx_word' id='word_1_171' title='bbox 1804 2773 2112 2830; x_wconf 69' lang='grc' dir='ltr'>Νεοπτόλε-</span> 
     </span>
    </p>
   </div>
   <div class='ocr_carea' id='block_1_31' title="bbox 463 2863 2110 2942">
    <p class='ocr_par' dir='ltr' id='par_1_31' title="bbox 463 2863 2110 2942">
     <span class='ocr_line' id='line_1_31' title="bbox 463 2863 2110 2942; baseline 0 -24"><span class='ocrx_word' id='word_1_172' title='bbox 463 2885 588 2937; x_wconf 85' lang='grc' dir='ltr'>μος,</span> <span class='ocrx_word' id='word_1_173' title='bbox 619 2865 820 2934; x_wconf 81' lang='grc' dir='ltr'>Μυσοὶ,</span> <span class='ocrx_word' id='word_1_174' title='bbox 853 2863 1140 2936; x_wconf 79' lang='grc' dir='ltr'>Οἰδίπους,</span> <span class='ocrx_word' id='word_1_175' title='bbox 1173 2867 1367 2942; x_wconf 80' lang='grc' dir='ltr'>Περσὶς</span> <span class='ocrx_word' id='word_1_176' title='bbox 1396 2867 1430 2936; x_wconf 64' lang='grc' dir='ltr'><strong>ἢ</strong></span> <span class='ocrx_word' id='word_1_177' title='bbox 1468 2865 1767 2936; x_wconf 75' lang='grc' dir='ltr'>Πολυξένη,</span> <span class='ocrx_word' id='word_1_178' title='bbox 1825 2864 2110 2940; x_wconf 81' lang='grc' dir='ltr'>Τριλογία,</span> 
     </span>
    </p>
   </div>
   <div class='ocr_carea' id='block_1_32' title="bbox 463 2950 2011 3031">
    <p class='ocr_par' dir='ltr' id='par_1_32' title="bbox 463 2950 2011 3031">
     <span class='ocr_line' id='line_1_32' title="bbox 463 2950 2011 3031; baseline 0.002 -23"><span class='ocrx_word' id='word_1_179' title='bbox 463 2950 946 3024; x_wconf 80' lang='grc' dir='ltr'>Μετεκϐαίνουσαι,</span> <span class='ocrx_word' id='word_1_180' title='bbox 979 2953 1297 3031; x_wconf 81' lang='grc' dir='ltr'>Τυνδάρεως</span> <span class='ocrx_word' id='word_1_181' title='bbox 1327 2954 1362 3024; x_wconf 77' lang='grc' dir='ltr'><strong>ἥ</strong></span> <span class='ocrx_word' id='word_1_182' title='bbox 1398 2955 1730 3027; x_wconf 76' lang='grc' dir='ltr'>Ἀλκμαίων.</span> <span class='ocrx_word' id='word_1_183' title='bbox 1761 2959 2011 3027; x_wconf 77' lang='grc' dir='ltr'>Τεῦκρος.</span> 
     </span>
    </p>
   </div>
   <div class='ocr_carea' id='block_1_33' title="bbox 538 3046 2117 3118">
    <p class='ocr_par' dir='ltr' id='par_1_33' title="bbox 538 3046 2117 3118">
     <span class='ocr_line' id='line_1_33' title="bbox 538 3046 2117 3118; baseline -0.001 -17"><span class='ocrx_word' id='word_1_184' title='bbox 538 3047 952 3113; x_wconf 83' lang='lat' dir='ltr'>Nicomachus,</span> <span class='ocrx_word' id='word_1_185' title='bbox 981 3047 1382 3110; x_wconf 83' lang='lat' dir='ltr'>Atheniensis,</span> <span class='ocrx_word' id='word_1_186' title='bbox 1415 3047 1692 3118; x_wconf 82' lang='lat' dir='ltr'>tragicus,</span> <span class='ocrx_word' id='word_1_187' title='bbox 1748 3046 1846 3116; x_wconf 91' lang='lat' dir='ltr'>qui</span> <span class='ocrx_word' id='word_1_188' title='bbox 1902 3051 2117 3116; x_wconf 58' lang='lat' dir='ltr'>praeter</span> 
     </span>
    </p>
   </div>
   <div class='ocr_carea' id='block_1_34' title="bbox 465 3134 2110 3207">
    <p class='ocr_par' dir='ltr' id='par_1_34' title="bbox 465 3134 2110 3207">
     <span class='ocr_line' id='line_1_34' title="bbox 465 3134 2110 3207; baseline -0.004 -15"><span class='ocrx_word' id='word_1_189' title='bbox 465 3137 730 3192; x_wconf 90' lang='lat' dir='ltr'>omnium</span> <span class='ocrx_word' id='word_1_190' title='bbox 767 3137 1112 3207; x_wconf 89' lang='lat' dir='ltr'>opinionem</span> <span class='ocrx_word' id='word_1_191' title='bbox 1145 3135 1485 3206; x_wconf 91' lang='lat' dir='ltr'>Euripidem</span> <span class='ocrx_word' id='word_1_192' title='bbox 1539 3141 1597 3193; x_wconf 87' lang='lat' dir='ltr'>et</span> <span class='ocrx_word' id='word_1_193' title='bbox 1625 3134 1925 3206; x_wconf 89' lang='lat' dir='ltr'>Theognin</span> <span class='ocrx_word' id='word_1_194' title='bbox 1957 3135 2110 3189; x_wconf 86' lang='lat' dir='ltr'>vicit.</span> 
     </span>
    </p>
   </div>
   <div class='ocr_carea' id='block_1_35' title="bbox 469 3224 1464 3296">
    <p class='ocr_par' dir='ltr' id='par_1_35' title="bbox 469 3224 1464 3296">
     <span class='ocr_line' id='line_1_35' title="bbox 469 3224 1464 3296; baseline 0 -16"><span class='ocrx_word' id='word_1_195' title='bbox 469 3227 551 3279; x_wconf 84' lang='lat' dir='ltr'>Ex</span> <span class='ocrx_word' id='word_1_196' title='bbox 581 3227 709 3295; x_wconf 86' lang='lat' dir='ltr'>ejus</span> <span class='ocrx_word' id='word_1_197' title='bbox 739 3225 1056 3296; x_wconf 73' lang='lat' dir='ltr'>Traguadiis</span> <span class='ocrx_word' id='word_1_198' title='bbox 1089 3230 1179 3278; x_wconf 90' lang='lat' dir='ltr'>est</span> <span class='ocrx_word' id='word_1_199' title='bbox 1207 3224 1464 3294; x_wconf 74' lang='lat' dir='ltr'>(Edipus.</span> 
     </span>
    </p>
   </div>
   <div class='ocr_carea' id='block_1_36' title="bbox 541 3313 2125 3386">
    <p class='ocr_par' dir='ltr' id='par_1_36' title="bbox 541 3313 2125 3386">
     <span class='ocr_line' id='line_1_36' title="bbox 541 3313 2125 3386; baseline -0.001 -18"><span class='ocrx_word' id='word_1_200' title='bbox 541 3314 1269 3386; x_wconf 85' lang='lat' dir='ltr'>Nicomachus,Stagyrita,</span> <span class='ocrx_word' id='word_1_201' title='bbox 1295 3313 1706 3384; x_wconf 88' lang='lat' dir='ltr'>Philosophus,</span> <span class='ocrx_word' id='word_1_202' title='bbox 1719 3313 1876 3368; x_wconf 85' lang='lat' dir='ltr'>ﬁlius</span> <span class='ocrx_word' id='word_1_203' title='bbox 1892 3313 2084 3368; x_wconf 84' lang='lat' dir='ltr'>Aristo</span> <span class='ocrx_word' id='word_1_204' title='bbox 2101 3341 2125 3354; x_wconf 87' lang='lat'><strong>-</strong></span> 
     </span>
    </p>
   </div>
   <div class='ocr_carea' id='block_1_37' title="bbox 473 3402 2128 3474">
    <p class='ocr_par' dir='ltr' id='par_1_37' title="bbox 473 3402 2128 3474">
     <span class='ocr_line' id='line_1_37' title="bbox 473 3402 2128 3474; baseline -0.001 -17"><span class='ocrx_word' id='word_1_205' title='bbox 473 3403 604 3458; x_wconf 87' lang='lat' dir='ltr'>telis</span> <span class='ocrx_word' id='word_1_206' title='bbox 629 3403 1391 3474; x_wconf 85' lang='lat' dir='ltr'>philosophi,Theophrasti</span> <span class='ocrx_word' id='word_1_207' title='bbox 1440 3402 1768 3473; x_wconf 90' lang='lat' dir='ltr'>discipulus</span> <span class='ocrx_word' id='word_1_208' title='bbox 1799 3408 1874 3471; x_wconf 89' lang='lat' dir='ltr'>et,</span> <span class='ocrx_word' id='word_1_209' title='bbox 1908 3409 1971 3456; x_wconf 92' lang='lat' dir='ltr'>ut</span> <span class='ocrx_word' id='word_1_210' title='bbox 1995 3402 2128 3472; x_wconf 91' lang='lat' dir='ltr'>qui-</span> 
     </span>
    </p>
   </div>
   <div class='ocr_carea' id='block_1_38' title="bbox 473 3491 2126 3563">
    <p class='ocr_par' dir='ltr' id='par_1_38' title="bbox 473 3491 2126 3563">
     <span class='ocr_line' id='line_1_38' title="bbox 473 3491 2126 3563; baseline -0.001 -16"><span class='ocrx_word' id='word_1_211' title='bbox 473 3493 609 3547; x_wconf 91' lang='lat' dir='ltr'>dam</span> <span class='ocrx_word' id='word_1_212' title='bbox 670 3491 931 3560; x_wconf 87' lang='lat' dir='ltr'>tradunt,</span> <span class='ocrx_word' id='word_1_213' title='bbox 993 3492 1274 3547; x_wconf 89' lang='lat' dir='ltr'>amasius.</span> <span class='ocrx_word' id='word_1_214' title='bbox 1335 3491 1582 3563; x_wconf 90' lang='lat' dir='ltr'>Scripsit</span> <span class='ocrx_word' id='word_1_215' title='bbox 1605 3492 1926 3546; x_wconf 74' lang='lat' dir='ltr'>Etihcorum</span> <span class='ocrx_word' id='word_1_216' title='bbox 1958 3492 2126 3545; x_wconf 82' lang='lat' dir='ltr'>libros</span> 
     </span>
    </p>
   </div>
   <div class='ocr_carea' id='block_1_39' title="bbox 453 3572 1801 3652">
    <p class='ocr_par' dir='ltr' id='par_1_39' title="bbox 453 3572 1801 3652">
     <span class='ocr_line' id='line_1_39' title="bbox 453 3572 1801 3652; baseline -0.001 -16"><span class='ocrx_word' id='word_1_217' title='bbox 453 3583 569 3651; x_wconf 88' lang='lat' dir='ltr'>-VI,</span> <span class='ocrx_word' id='word_1_218' title='bbox 597 3572 856 3652; x_wconf 85' lang='lat' dir='ltr'>itemque</span> <span class='ocrx_word' id='word_1_219' title='bbox 888 3587 965 3636; x_wconf 93' lang='lat' dir='ltr'>De</span> <span class='ocrx_word' id='word_1_220' title='bbox 996 3582 1231 3651; x_wconf 79' lang='lat' dir='ltr'>Physica</span> <span class='ocrx_word' id='word_1_221' title='bbox 1260 3583 1668 3650; x_wconf 79' lang='lat' dir='ltr'>acroasiputris</span> <span class='ocrx_word' id='word_1_222' title='bbox 1696 3582 1801 3635; x_wconf 85' lang='lat' dir='ltr'>sui.</span> 
     </span>
    </p>
   </div>
   <div class='ocr_carea' id='block_1_40' title="bbox 547 3668 2128 3740">
    <p class='ocr_par' dir='ltr' id='par_1_40' title="bbox 547 3668 2128 3740">
     <span class='ocr_line' id='line_1_40' title="bbox 547 3668 2128 3740; baseline -0.002 -16"><span class='ocrx_word' id='word_1_223' title='bbox 547 3671 960 3738; x_wconf 87' lang='lat' dir='ltr'>Nicomachus,</span> <span class='ocrx_word' id='word_1_224' title='bbox 986 3669 1339 3738; x_wconf 89' lang='lat' dir='ltr'>medicus,et</span> <span class='ocrx_word' id='word_1_225' title='bbox 1367 3670 1493 3740; x_wconf 91' lang='lat' dir='ltr'>ipse</span> <span class='ocrx_word' id='word_1_226' title='bbox 1525 3669 1832 3740; x_wconf 77' lang='lat' dir='ltr'>Stagyrita,</span> <span class='ocrx_word' id='word_1_227' title='bbox 1868 3668 2128 3722; x_wconf 85' lang='lat' dir='ltr'>Machao-</span> 
     </span>
    </p>
   </div>
   <div class='ocr_carea' id='block_1_41' title="bbox 476 3757 2125 3830">
    <p class='ocr_par' dir='ltr' id='par_1_41' title="bbox 476 3757 2125 3830">
     <span class='ocr_line' id='line_1_41' title="bbox 476 3757 2125 3830; baseline 0 -18"><span class='ocrx_word' id='word_1_228' title='bbox 476 3759 571 3813; x_wconf 88' lang='lat' dir='ltr'>nis</span> <span class='ocrx_word' id='word_1_229' title='bbox 603 3760 687 3827; x_wconf 91' lang='lat' dir='ltr'>F.,</span> <span class='ocrx_word' id='word_1_230' title='bbox 719 3759 1294 3830; x_wconf 46' lang='lat' dir='ltr'>Alsculapiineposg;</span> <span class='ocrx_word' id='word_1_231' title='bbox 1311 3775 1426 3828; x_wconf 92' lang='lat' dir='ltr'>quo</span> <span class='ocrx_word' id='word_1_232' title='bbox 1456 3773 1644 3830; x_wconf 85' lang='lat' dir='ltr'>genus</span> <span class='ocrx_word' id='word_1_233' title='bbox 1671 3757 1837 3811; x_wconf 89' lang='lat' dir='ltr'>duxit</span> <span class='ocrx_word' id='word_1_234' title='bbox 1857 3757 2125 3812; x_wconf 85' lang='lat' dir='ltr'>Nicoma-</span> 
     </span>
    </p>
   </div>
   <div class='ocr_carea' id='block_1_42' title="bbox 477 3845 2121 3919">
    <p class='ocr_par' dir='ltr' id='par_1_42' title="bbox 477 3845 2121 3919">
     <span class='ocr_line' id='line_1_42' title="bbox 477 3845 2121 3919; baseline -0.001 -17"><span class='ocrx_word' id='word_1_235' title='bbox 477 3848 643 3915; x_wconf 91' lang='lat' dir='ltr'>chus,</span> <span class='ocrx_word' id='word_1_236' title='bbox 676 3854 844 3919; x_wconf 90' lang='lat' dir='ltr'>pater</span> <span class='ocrx_word' id='word_1_237' title='bbox 867 3848 1201 3903; x_wconf 82' lang='lat' dir='ltr'>Aristotelis</span> <span class='ocrx_word' id='word_1_238' title='bbox 1232 3847 1659 3918; x_wconf 89' lang='lat' dir='ltr'>philosophi,et</span> <span class='ocrx_word' id='word_1_239' title='bbox 1688 3846 1814 3917; x_wconf 90' lang='lat' dir='ltr'>ipse</span> <span class='ocrx_word' id='word_1_240' title='bbox 1837 3845 2121 3900; x_wconf 89' lang='lat' dir='ltr'>medicus.</span> 
     </span>
    </p>
   </div>
   <div class='ocr_carea' id='block_1_43' title="bbox 474 3935 2130 4009">
    <p class='ocr_par' dir='ltr' id='par_1_43' title="bbox 474 3935 2130 4009">
     <span class='ocr_line' id='line_1_43' title="bbox 474 3935 2130 4009; baseline -0.001 -18"><span class='ocrx_word' id='word_1_241' title='bbox 474 3938 721 4009; x_wconf 88' lang='lat' dir='ltr'>Scripsit</span> <span class='ocrx_word' id='word_1_242' title='bbox 747 3939 1046 4008; x_wconf 66' lang='lat' dir='ltr'>’Iarpixaw,</span> <span class='ocrx_word' id='word_1_243' title='bbox 1078 3937 1196 3991; x_wconf 87' lang='lat' dir='ltr'>sive</span> <span class='ocrx_word' id='word_1_244' title='bbox 1227 3937 1300 3990; x_wconf 89' lang='lat' dir='ltr'>De</span> <span class='ocrx_word' id='word_1_245' title='bbox 1355 3953 1412 3990; x_wconf 86' lang='lat' dir='ltr'>re</span> <span class='ocrx_word' id='word_1_246' title='bbox 1459 3935 1688 4004; x_wconf 81' lang='lat' dir='ltr'>medica,</span> <span class='ocrx_word' id='word_1_247' title='bbox 1719 3935 1888 3990; x_wconf 80' lang='lat' dir='ltr'>libros</span> <span class='ocrx_word' id='word_1_248' title='bbox 1942 3935 2036 4004; x_wconf 88' lang='lat' dir='ltr'>VI,</span> <span class='ocrx_word' id='word_1_249' title='bbox 2070 3939 2130 3989; x_wconf 92' lang='lat' dir='ltr'>et</span> 
     </span>
    </p>
   </div>
   <div class='ocr_carea' id='block_1_44' title="bbox 476 4024 1698 4095">
    <p class='ocr_par' dir='ltr' id='par_1_44' title="bbox 476 4024 1698 4095">
     <span class='ocr_line' id='line_1_44' title="bbox 476 4024 1698 4095; baseline 0.002 -17"><span class='ocrx_word' id='word_1_250' title='bbox 476 4030 753 4095; x_wconf 80' lang='grc' dir='ltr'>Φυσικῶν,</span> <span class='ocrx_word' id='word_1_251' title='bbox 787 4029 859 4082; x_wconf 87' lang='lat' dir='ltr'>De</span> <span class='ocrx_word' id='word_1_252' title='bbox 892 4029 1052 4081; x_wconf 81' lang='lat' dir='ltr'>rebus</span> <span class='ocrx_word' id='word_1_253' title='bbox 1081 4024 1457 4090; x_wconf 77' lang='lat' dir='ltr'>naturalibus,</span> <span class='ocrx_word' id='word_1_254' title='bbox 1491 4041 1698 4081; x_wconf 90' lang='lat' dir='ltr'>unum.</span> 
     </span>
    </p>
   </div>
   <div class='ocr_carea' id='block_1_45' title="bbox 543 4114 2123 4187">
    <p class='ocr_par' dir='ltr' id='par_1_45' title="bbox 543 4114 2123 4187">
     <span class='ocr_line' id='line_1_45' title="bbox 543 4114 2123 4187; baseline -0.002 -16"><span class='ocrx_word' id='word_1_255' title='bbox 543 4117 870 4187; x_wconf 80' lang='lat' dir='ltr'>NicoPhon,</span> <span class='ocrx_word' id='word_1_256' title='bbox 910 4115 1195 4169; x_wconf 90' lang='lat' dir='ltr'>Theronis</span> <span class='ocrx_word' id='word_1_257' title='bbox 1244 4116 1328 4179; x_wconf 91' lang='lat' dir='ltr'>F.,</span> <span class='ocrx_word' id='word_1_258' title='bbox 1379 4115 1779 4181; x_wconf 85' lang='lat' dir='ltr'>Atheniensis,</span> <span class='ocrx_word' id='word_1_259' title='bbox 1835 4114 2123 4179; x_wconf 90' lang='lat' dir='ltr'>comicus,</span> 
     </span>
    </p>
   </div>
   <div class='ocr_carea' id='block_1_46' title="bbox 474 4202 2126 4275">
    <p class='ocr_par' dir='ltr' id='par_1_46' title="bbox 474 4202 2126 4275">
     <span class='ocr_line' id='line_1_46' title="bbox 474 4202 2126 4275; baseline -0.001 -16"><span class='ocrx_word' id='word_1_260' title='bbox 474 4205 721 4275; x_wconf 67' lang='lat' dir='ltr'>aequalis</span> <span class='ocrx_word' id='word_1_261' title='bbox 753 4203 1166 4275; x_wconf 85' lang='lat' dir='ltr'>Aristophanis</span> <span class='ocrx_word' id='word_1_262' title='bbox 1218 4202 1450 4258; x_wconf 92' lang='lat' dir='ltr'>comici.</span> <span class='ocrx_word' id='word_1_263' title='bbox 1486 4205 1568 4257; x_wconf 89' lang='lat' dir='ltr'>Ex</span> <span class='ocrx_word' id='word_1_264' title='bbox 1599 4203 1726 4274; x_wconf 91' lang='lat' dir='ltr'>ejus</span> <span class='ocrx_word' id='word_1_265' title='bbox 1759 4202 2126 4258; x_wconf 89' lang='lat' dir='ltr'>dramatibus</span> 
     </span>
    </p>
   </div>
   <div class='ocr_carea' id='block_1_47' title="bbox 474 4287 2125 4368">
    <p class='ocr_par' dir='ltr' id='par_1_47' title="bbox 474 4287 2125 4368">
     <span class='ocr_line' id='line_1_47' title="bbox 474 4287 2125 4368; baseline -0.003 -20"><span class='ocrx_word' id='word_1_266' title='bbox 474 4299 616 4348; x_wconf 91' lang='lat' dir='ltr'>sunt</span> <span class='ocrx_word' id='word_1_267' title='bbox 674 4294 758 4355; x_wconf 83' lang='grc' dir='ltr'>Ἐς</span> <span class='ocrx_word' id='word_1_268' title='bbox 814 4288 945 4362; x_wconf 77' lang='grc' dir='ltr'>ᾅδου</span> <span class='ocrx_word' id='word_1_269' title='bbox 999 4290 1185 4360; x_wconf 82' lang='grc' dir='ltr'>ἀνιὼν,</span> <span class='ocrx_word' id='word_1_270' title='bbox 1239 4287 1562 4368; x_wconf 77' lang='grc' dir='ltr'>’Λφροδίτης</span> <span class='ocrx_word' id='word_1_271' title='bbox 1619 4290 1790 4364; x_wconf 85' lang='grc' dir='ltr'>γοναὶ,</span> <span class='ocrx_word' id='word_1_272' title='bbox 1839 4287 2125 4362; x_wconf 77' lang='grc' dir='ltr'>Πανδώρα,</span> 
     </span>
    </p>
   </div>
   <div class='ocr_carea' id='block_1_48' title="bbox 473 4382 1225 4456">
    <p class='ocr_par' dir='ltr' id='par_1_48' title="bbox 473 4382 1225 4456">
     <span class='ocr_line' id='line_1_48' title="bbox 473 4382 1225 4456; baseline -0.005 -18"><span class='ocrx_word' id='word_1_273' title='bbox 473 4382 918 4456; x_wconf 72' lang='grc' dir='ltr'>Χειρογάστορες,</span> <span class='ocrx_word' id='word_1_274' title='bbox 953 4387 1225 4456; x_wconf 81' lang='grc' dir='ltr'>Σειρῆνες.</span> 
     </span>
    </p>
   </div>
   <div class='ocr_carea' id='block_1_49' title="bbox 545 4470 2123 4538">
    <p class='ocr_par' dir='ltr' id='par_1_49' title="bbox 545 4470 2123 4538">
     <span class='ocr_line' id='line_1_49' title="bbox 545 4470 2123 4538; baseline -0.003 -10"><span class='ocrx_word' id='word_1_275' title='bbox 545 4474 929 4536; x_wconf 87' lang='lat' dir='ltr'>Nicostratus,</span> <span class='ocrx_word' id='word_1_276' title='bbox 962 4473 1217 4538; x_wconf 87' lang='lat' dir='ltr'>Macedo,</span> <span class='ocrx_word' id='word_1_277' title='bbox 1252 4477 1467 4527; x_wconf 89' lang='lat' dir='ltr'>orator.</span> <span class='ocrx_word' id='word_1_278' title='bbox 1529 4472 1632 4526; x_wconf 84' lang='lat' dir='ltr'>Hic</span> <span class='ocrx_word' id='word_1_279' title='bbox 1689 4470 1912 4525; x_wconf 90' lang='lat' dir='ltr'>relatus</span> <span class='ocrx_word' id='word_1_280' title='bbox 1941 4476 2032 4525; x_wconf 92' lang='lat' dir='ltr'>est</span> <span class='ocrx_word' id='word_1_281' title='bbox 2061 4471 2123 4524; x_wconf 90' lang='lat' dir='ltr'>in</span> 
     </span>
    </p>
   </div>
   <div class='ocr_carea' id='block_1_50' title="bbox 474 4553 2203 4632">
    <p class='ocr_par' dir='ltr' id='par_1_50' title="bbox 474 4553 2203 4632">
     <span class='ocr_line' id='line_1_50' title="bbox 474 4553 2203 4632; baseline -0.002 -14"><span class='ocrx_word' id='word_1_282' title='bbox 474 4579 792 4618; x_wconf 90' lang='lat' dir='ltr'>numerum</span> <span class='ocrx_word' id='word_1_283' title='bbox 815 4562 1019 4617; x_wconf 91' lang='lat' dir='ltr'>decem</span> <span class='ocrx_word' id='word_1_284' title='bbox 1051 4561 1314 4629; x_wconf 91' lang='lat' dir='ltr'>illorum,</span> <span class='ocrx_word' id='word_1_285' title='bbox 1348 4561 1448 4632; x_wconf 94' lang='lat' dir='ltr'>qui</span> <span class='ocrx_word' id='word_1_286' title='bbox 1481 4560 1806 4615; x_wconf 89' lang='lat' dir='ltr'>secundum</span> <span class='ocrx_word' id='word_1_287' title='bbox 1839 4577 1873 4614; x_wconf 90' lang='lat' dir='ltr'>a</span> <span class='ocrx_word' id='word_1_288' title='bbox 1919 4559 2126 4630; x_wconf 90' lang='lat' dir='ltr'>primis</span> <span class='ocrx_word' id='word_1_289' title='bbox 2153 4553 2203 4621; x_wconf 88' lang='lat' dir='ltr'><strong>D</strong></span> 
     </span>
    </p>
   </div>
   <div class='ocr_carea' id='block_1_51' title="bbox 470 4649 2126 4724">
    <p class='ocr_par' dir='ltr' id='par_1_51' title="bbox 470 4649 2126 4724">
     <span class='ocr_line' id='line_1_51' title="bbox 470 4649 2126 4724; baseline -0.002 -15"><span class='ocrx_word' id='word_1_290' title='bbox 470 4653 667 4709; x_wconf 91' lang='lat' dir='ltr'>locum</span> <span class='ocrx_word' id='word_1_291' title='bbox 682 4660 884 4709; x_wconf 91' lang='lat' dir='ltr'>tenere</span> <span class='ocrx_word' id='word_1_292' title='bbox 899 4651 1603 4724; x_wconf 70' lang='lat' dir='ltr'>judicabantur,aequalis</span> <span class='ocrx_word' id='word_1_293' title='bbox 1623 4649 1901 4706; x_wconf 83' lang='lat' dir='ltr'>Aristidis</span> <span class='ocrx_word' id='word_1_294' title='bbox 1921 4655 1979 4704; x_wconf 92' lang='lat' dir='ltr'>et</span> <span class='ocrx_word' id='word_1_295' title='bbox 1995 4652 2126 4706; x_wconf 83' lang='lat' dir='ltr'>Dio-</span> 
     </span>
    </p>
   </div>
   <div class='ocr_carea' id='block_1_52' title="bbox 471 4739 2125 4816">
    <p class='ocr_par' dir='ltr' id='par_1_52' title="bbox 471 4739 2125 4816">
     <span class='ocr_line' id='line_1_52' title="bbox 471 4739 2125 4816; baseline -0.002 -16"><span class='ocrx_word' id='word_1_296' title='bbox 471 4746 563 4800; x_wconf 90' lang='lat' dir='ltr'>nis</span> <span class='ocrx_word' id='word_1_297' title='bbox 621 4743 1026 4816; x_wconf 88' lang='lat' dir='ltr'>Chrysostomi</span> <span class='ocrx_word' id='word_1_298' title='bbox 1076 4759 1088 4808; x_wconf 93' lang='lat'><strong>;</strong></span> <span class='ocrx_word' id='word_1_299' title='bbox 1143 4741 1285 4796; x_wconf 84' lang='lat' dir='ltr'>vixit</span> <span class='ocrx_word' id='word_1_300' title='bbox 1368 4741 1477 4797; x_wconf 90' lang='lat' dir='ltr'>sub</span> <span class='ocrx_word' id='word_1_301' title='bbox 1554 4742 1626 4795; x_wconf 86' lang='lat' dir='ltr'>M.</span> <span class='ocrx_word' id='word_1_302' title='bbox 1675 4740 1932 4794; x_wconf 85' lang='lat' dir='ltr'>Atonino</span> <span class='ocrx_word' id='word_1_303' title='bbox 1981 4739 2125 4812; x_wconf 90' lang='lat' dir='ltr'>imp.</span> 
     </span>
    </p>
   </div>
   <div class='ocr_carea' id='block_1_53' title="bbox 475 4828 2124 4908">
    <p class='ocr_par' dir='ltr' id='par_1_53' title="bbox 475 4828 2124 4908">
     <span class='ocr_line' id='line_1_53' title="bbox 475 4828 2124 4908; baseline -0.004 -18"><span class='ocrx_word' id='word_1_304' title='bbox 475 4836 722 4908; x_wconf 91' lang='lat' dir='ltr'>Scripsit</span> <span class='ocrx_word' id='word_1_305' title='bbox 772 4834 1178 4904; x_wconf 82' lang='lat' dir='ltr'>Decamythiam</span> <span class='ocrx_word' id='word_1_306' title='bbox 1204 4849 1226 4896; x_wconf 87' lang='lat'><em>;</em></span> <span class='ocrx_word' id='word_1_307' title='bbox 1274 4833 1543 4901; x_wconf 78' lang='lat' dir='ltr'>Imagines</span> <span class='ocrx_word' id='word_1_308' title='bbox 1587 4848 1608 4894; x_wconf 88' lang='lat'><em>;</em></span> <span class='ocrx_word' id='word_1_309' title='bbox 1662 4828 2124 4900; x_wconf 79' lang='lat' dir='ltr'>Polymythiam;</span> 
     </span>
    </p>
   </div>
   <div class='ocr_carea' id='block_1_54' title="bbox 481 4919 2129 4994">
    <p class='ocr_par' dir='ltr' id='par_1_54' title="bbox 481 4919 2129 4994">
     <span class='ocr_line' id='line_1_54' title="bbox 481 4919 2129 4994; baseline -0.002 -16"><span class='ocrx_word' id='word_1_310' title='bbox 481 4925 891 4994; x_wconf 81' lang='lat' dir='ltr'>Thalatturgos,</span> <span class='ocrx_word' id='word_1_311' title='bbox 951 4929 1009 4976; x_wconf 90' lang='lat' dir='ltr'>et</span> <span class='ocrx_word' id='word_1_312' title='bbox 1055 4922 1173 4977; x_wconf 92' lang='lat' dir='ltr'>alia</span> <span class='ocrx_word' id='word_1_313' title='bbox 1227 4919 1506 4992; x_wconf 89' lang='lat' dir='ltr'>plurima.</span> <span class='ocrx_word' id='word_1_314' title='bbox 1563 4920 1710 4974; x_wconf 87' lang='lat' dir='ltr'>Item</span> <span class='ocrx_word' id='word_1_315' title='bbox 1751 4921 2012 4974; x_wconf 80' lang='lat' dir='ltr'>Encomia</span> <span class='ocrx_word' id='word_1_316' title='bbox 2070 4921 2129 4974; x_wconf 78' lang='lat' dir='ltr'>in</span> 
     </span>
    </p>
   </div>
   <div class='ocr_carea' id='block_1_55' title="bbox 473 5011 1432 5084">
    <p class='ocr_par' dir='ltr' id='par_1_55' title="bbox 473 5011 1432 5084">
     <span class='ocr_line' id='line_1_55' title="bbox 473 5011 1432 5084; baseline -0.002 -16"><span class='ocrx_word' id='word_1_317' title='bbox 473 5015 721 5068; x_wconf 81' lang='lat' dir='ltr'>Marcum</span> <span class='ocrx_word' id='word_1_318' title='bbox 752 5013 1164 5084; x_wconf 83' lang='lat' dir='ltr'>(Antoninum)</span> <span class='ocrx_word' id='word_1_319' title='bbox 1194 5017 1244 5065; x_wconf 83' lang='lat' dir='ltr'>et</span> <span class='ocrx_word' id='word_1_320' title='bbox 1273 5011 1432 5066; x_wconf 82' lang='lat' dir='ltr'>alios.</span> 
     </span>
    </p>
   </div>
   <div class='ocr_carea' id='block_1_56' title="bbox 549 5098 2131 5170">
    <p class='ocr_par' dir='ltr' id='par_1_56' title="bbox 549 5098 2131 5170">
     <span class='ocr_line' id='line_1_56' title="bbox 549 5098 2131 5170; baseline -0.003 -15"><span class='ocrx_word' id='word_1_321' title='bbox 549 5101 1225 5168; x_wconf 86' lang='lat' dir='ltr'>Nicostratus,comicus,</span> <span class='ocrx_word' id='word_1_322' title='bbox 1259 5099 1430 5170; x_wconf 89' lang='lat' dir='ltr'>cujus</span> <span class='ocrx_word' id='word_1_323' title='bbox 1463 5099 1734 5154; x_wconf 90' lang='lat' dir='ltr'>dramata</span> <span class='ocrx_word' id='word_1_324' title='bbox 1763 5098 1919 5168; x_wconf 91' lang='lat' dir='ltr'>apud</span> <span class='ocrx_word' id='word_1_325' title='bbox 1949 5098 2131 5152; x_wconf 90' lang='lat' dir='ltr'>Athe-</span> 
     </span>
    </p>
   </div>
   <div class='ocr_carea' id='block_1_57' title="bbox 479 5183 2129 5260">
    <p class='ocr_par' dir='ltr' id='par_1_57' title="bbox 479 5183 2129 5260">
     <span class='ocr_line' id='line_1_57' title="bbox 479 5183 2129 5260; baseline -0.004 -17"><span class='ocrx_word' id='word_1_326' title='bbox 479 5204 674 5243; x_wconf 67' lang='lat' dir='ltr'>naeum</span> <span class='ocrx_word' id='word_1_327' title='bbox 747 5185 1019 5260; x_wconf 70' lang='grc' dir='ltr'>Πάνδαρος</span> <span class='ocrx_word' id='word_1_328' title='bbox 1074 5189 1170 5257; x_wconf 88' lang='lat' dir='ltr'>(al.</span> <span class='ocrx_word' id='word_1_329' title='bbox 1233 5183 1566 5258; x_wconf 81' lang='grc' dir='ltr'>Πάνδροσος)</span> <span class='ocrx_word' id='word_1_330' title='bbox 1617 5189 1736 5242; x_wconf 81' lang='lat' dir='ltr'>sive</span> <span class='ocrx_word' id='word_1_331' title='bbox 1800 5183 2129 5255; x_wconf 84' lang='grc' dir='ltr'>Ἀντυλλος,</span> 
     </span>
    </p>
   </div>
   <div class='ocr_carea' id='block_1_58' title="bbox 476 5275 2131 5350">
    <p class='ocr_par' dir='ltr' id='par_1_58' title="bbox 476 5275 2131 5350">
     <span class='ocr_line' id='line_1_58' title="bbox 476 5275 2131 5350; baseline -0.002 -18"><span class='ocrx_word' id='word_1_332' title='bbox 476 5277 814 5348; x_wconf 65' lang='lat' dir='ltr'>(Philetaaro</span> <span class='ocrx_word' id='word_1_333' title='bbox 847 5294 880 5331; x_wconf 90' lang='lat' dir='ltr'>a</span> <span class='ocrx_word' id='word_1_334' title='bbox 911 5277 1267 5347; x_wconf 89' lang='lat' dir='ltr'>quibusdam</span> <span class='ocrx_word' id='word_1_335' title='bbox 1313 5276 1630 5346; x_wconf 90' lang='lat' dir='ltr'>tribuitur),</span> <span class='ocrx_word' id='word_1_336' title='bbox 1665 5283 1724 5331; x_wconf 89' lang='lat' dir='ltr'>et</span> <span class='ocrx_word' id='word_1_337' title='bbox 1769 5275 2131 5350; x_wconf 78' lang='grc' dir='ltr'>Ὶεροφάντης,</span> 
     </span>
    </p>
   </div>
   <div class='ocr_carea' id='block_1_59' title="bbox 485 5357 2132 5437">
    <p class='ocr_par' dir='ltr' id='par_1_59' title="bbox 485 5357 2132 5437">
     <span class='ocr_line' id='line_1_59' title="bbox 485 5357 2132 5437; baseline -0.001 -19"><span class='ocrx_word' id='word_1_338' title='bbox 485 5363 678 5432; x_wconf 81' lang='grc' dir='ltr'>Κλίνη,</span> <span class='ocrx_word' id='word_1_339' title='bbox 704 5357 900 5436; x_wconf 80' lang='grc' dir='ltr'>”Αϐρα.</span> <span class='ocrx_word' id='word_1_340' title='bbox 944 5361 1218 5431; x_wconf 83' lang='grc' dir='ltr'>Ἡσίοδος,</span> <span class='ocrx_word' id='word_1_341' title='bbox 1252 5357 1537 5424; x_wconf 78' lang='grc' dir='ltr'>Διάϐολος.</span> <span class='ocrx_word' id='word_1_342' title='bbox 1599 5364 1926 5437; x_wconf 56' lang='grc' dir='ltr'>’Δντερῶοομ</span> <span class='ocrx_word' id='word_1_343' title='bbox 1976 5361 2132 5419; x_wconf 74' lang='grc' dir='ltr'>Ἐκᾶ-</span> 
     </span>
    </p>
   </div>
   <div class='ocr_carea' id='block_1_60' title="bbox 481 5451 2135 5529">
    <p class='ocr_par' dir='ltr' id='par_1_60' title="bbox 481 5451 2135 5529">
     <span class='ocr_line' id='line_1_60' title="bbox 481 5451 2135 5529; baseline -0.007 -19"><span class='ocrx_word' id='word_1_344' title='bbox 481 5477 574 5525; x_wconf 84' lang='grc' dir='ltr'>τη,</span> <span class='ocrx_word' id='word_1_345' title='bbox 605 5455 902 5528; x_wconf 80' lang='grc' dir='ltr'>Μάγειρος,</span> <span class='ocrx_word' id='word_1_346' title='bbox 933 5453 1106 5519; x_wconf 81' lang='grc' dir='ltr'>Ὤτις,</span> <span class='ocrx_word' id='word_1_347' title='bbox 1148 5451 1416 5520; x_wconf 77' lang='grc' dir='ltr'>Πλοῦτος,</span> <span class='ocrx_word' id='word_1_348' title='bbox 1479 5451 1675 5524; x_wconf 84' lang='grc' dir='ltr'>Σύρος,</span> <span class='ocrx_word' id='word_1_349' title='bbox 1728 5454 2135 5529; x_wconf 78' lang='grc' dir='ltr'>Ἀπελαυνόμε-</span> 
     </span>
    </p>
   </div>
   <div class='ocr_carea' id='block_1_61' title="bbox 483 5537 1453 5618">
    <p class='ocr_par' dir='ltr' id='par_1_61' title="bbox 483 5537 1453 5618">
     <span class='ocr_line' id='line_1_61' title="bbox 483 5537 1453 5618; baseline -0.003 -19"><span class='ocrx_word' id='word_1_350' title='bbox 483 5567 594 5614; x_wconf 83' lang='grc' dir='ltr'>νος,</span> <span class='ocrx_word' id='word_1_351' title='bbox 626 5537 1142 5618; x_wconf 77' lang='grc' dir='ltr'>ψευδοπιγματίας,</span> <span class='ocrx_word' id='word_1_352' title='bbox 1173 5541 1453 5608; x_wconf 77' lang='grc' dir='ltr'>τοκιστής.</span> 
     </span>
    </p>
   </div>
   <div class='ocr_carea' id='block_1_62' title="bbox 551 5629 2136 5704">
    <p class='ocr_par' dir='ltr' id='par_1_62' title="bbox 551 5629 2136 5704">
     <span class='ocr_line' id='line_1_62' title="bbox 551 5629 2136 5704; baseline -0.002 -10"><span class='ocrx_word' id='word_1_353' title='bbox 551 5637 938 5702; x_wconf 87' lang='lat' dir='ltr'>Nicostratus,</span> <span class='ocrx_word' id='word_1_354' title='bbox 962 5630 1191 5699; x_wconf 89' lang='lat' dir='ltr'>histrio,</span> <span class='ocrx_word' id='word_1_355' title='bbox 1225 5629 1506 5694; x_wconf 84' lang='lat' dir='ltr'>comicus,</span> <span class='ocrx_word' id='word_1_356' title='bbox 1540 5630 1641 5702; x_wconf 88' lang='lat' dir='ltr'>qui</span> <span class='ocrx_word' id='word_1_357' title='bbox 1673 5632 2136 5704; x_wconf 89' lang='lat' dir='ltr'>optimefabulas</span> 
     </span>
    </p>
   </div>
   <div class='ocr_carea' id='block_1_63' title="bbox 2207 538 2963 616">
    <p class='ocr_par' dir='ltr' id='par_1_63' title="bbox 2207 538 2963 616">
     <span class='ocr_line' id='line_1_63' title="bbox 2207 538 2963 616; baseline 0.009 -26"><span class='ocrx_word' id='word_1_358' title='bbox 2207 538 2381 591; x_wconf 81' lang='grc' dir='ltr'>πάντα</span> <span class='ocrx_word' id='word_1_359' title='bbox 2411 539 2546 593; x_wconf 69' lang='grc' dir='ltr'>κατὰ</span> <span class='ocrx_word' id='word_1_360' title='bbox 2571 541 2963 616; x_wconf 80' lang='grc' dir='ltr'>Νικόστρατον.</span> 
     </span>
    </p>
   </div>
   <div class='ocr_carea' id='block_1_64' title="bbox 2278 627 3870 704">
    <p class='ocr_par' dir='ltr' id='par_1_64' title="bbox 2278 627 3870 704">
     <span class='ocr_line' id='line_1_64' title="bbox 2278 627 3870 704; baseline 0.004 -22"><span class='ocrx_word' id='word_1_361' title='bbox 2278 627 2551 699; x_wconf 79' lang='grc' dir='ltr'>Νομάδες.</span> <span class='ocrx_word' id='word_1_362' title='bbox 2586 631 2785 698; x_wconf 82' lang='lat' dir='ltr'>Sacas,</span> <span class='ocrx_word' id='word_1_363' title='bbox 2820 633 3200 704; x_wconf 80' lang='lat' dir='ltr'>Aristophani</span> <span class='ocrx_word' id='word_1_364' title='bbox 3234 633 3318 701; x_wconf 90' lang='lat' dir='ltr'>(in</span> <span class='ocrx_word' id='word_1_365' title='bbox 3367 632 3606 702; x_wconf 84' lang='lat' dir='ltr'>Avibus)</span> <span class='ocrx_word' id='word_1_366' title='bbox 3633 650 3870 688; x_wconf 89' lang='lat' dir='ltr'>memo-</span> 
     </span>
    </p>
   </div>
   <div class='ocr_carea' id='block_1_65' title="bbox 2209 722 3871 794">
    <p class='ocr_par' dir='ltr' id='par_1_65' title="bbox 2209 722 3871 794">
     <span class='ocr_line' id='line_1_65' title="bbox 2209 722 3871 794; baseline 0.005 -24"><span class='ocrx_word' id='word_1_367' title='bbox 2209 723 2392 784; x_wconf 90' lang='lat' dir='ltr'>ratus,</span> <span class='ocrx_word' id='word_1_368' title='bbox 2427 726 2554 774; x_wconf 89' lang='lat' dir='ltr'>erat</span> <span class='ocrx_word' id='word_1_369' title='bbox 2581 727 2757 792; x_wconf 91' lang='lat' dir='ltr'>poeta</span> <span class='ocrx_word' id='word_1_370' title='bbox 2790 723 3064 794; x_wconf 86' lang='lat' dir='ltr'>tragicus,</span> <span class='ocrx_word' id='word_1_371' title='bbox 3100 723 3187 778; x_wconf 91' lang='lat' dir='ltr'>sic</span> <span class='ocrx_word' id='word_1_372' title='bbox 3237 723 3450 790; x_wconf 87' lang='lat' dir='ltr'>dictus,</span> <span class='ocrx_word' id='word_1_373' title='bbox 3475 722 3636 794; x_wconf 90' lang='lat' dir='ltr'>quod</span> <span class='ocrx_word' id='word_1_374' title='bbox 3692 740 3871 794; x_wconf 88' lang='lat' dir='ltr'>pere—</span> 
     </span>
    </p>
   </div>
   <div class='ocr_carea' id='block_1_66' title="bbox 2209 807 2617 877">
    <p class='ocr_par' dir='ltr' id='par_1_66' title="bbox 2209 807 2617 877">
     <span class='ocr_line' id='line_1_66' title="bbox 2209 807 2617 877; baseline 0.012 -19"><span class='ocrx_word' id='word_1_375' title='bbox 2209 807 2411 877; x_wconf 88' lang='lat' dir='ltr'>grinus</span> <span class='ocrx_word' id='word_1_376' title='bbox 2442 815 2617 864; x_wconf 89' lang='lat' dir='ltr'>esset.</span> 
     </span>
    </p>
   </div>
   <div class='ocr_carea' id='block_1_67' title="bbox 2283 913 3878 990">
    <p class='ocr_par' dir='ltr' id='par_1_67' title="bbox 2283 913 3878 990">
     <span class='ocr_line' id='line_1_67' title="bbox 2283 913 3878 990; baseline 0.006 -25"><span class='ocrx_word' id='word_1_377' title='bbox 2283 913 2657 990; x_wconf 80' lang='grc' dir='ltr'>Νομογράφοι,</span> <span class='ocrx_word' id='word_1_378' title='bbox 2707 918 3035 985; x_wconf 81' lang='lat' dir='ltr'>Decemviri,</span> <span class='ocrx_word' id='word_1_379' title='bbox 3087 919 3188 989; x_wconf 91' lang='lat' dir='ltr'>qui</span> <span class='ocrx_word' id='word_1_380' title='bbox 3247 935 3405 974; x_wconf 89' lang='lat' dir='ltr'>anno</span> <span class='ocrx_word' id='word_1_381' title='bbox 3442 917 3615 974; x_wconf 90' lang='lat' dir='ltr'>Urbis</span> <span class='ocrx_word' id='word_1_382' title='bbox 3667 921 3878 974; x_wconf 63' lang='lat' dir='ltr'>Romae</span> 
     </span>
    </p>
   </div>
   <div class='ocr_carea' id='block_1_68' title="bbox 2209 1001 3880 1076">
    <p class='ocr_par' dir='ltr' id='par_1_68' title="bbox 2209 1001 3880 1076">
     <span class='ocr_line' id='line_1_68' title="bbox 2209 1001 3880 1076; baseline 0.005 -22"><span class='ocrx_word' id='word_1_383' title='bbox 2209 1001 2382 1068; x_wconf 81' lang='lat' dir='ltr'>CCCI,</span> <span class='ocrx_word' id='word_1_384' title='bbox 2414 1002 2574 1076; x_wconf 88' lang='lat' dir='ltr'>leges</span> <span class='ocrx_word' id='word_1_385' title='bbox 2605 1006 2923 1076; x_wconf 80' lang='lat' dir='ltr'>populares</span> <span class='ocrx_word' id='word_1_386' title='bbox 2955 1012 3015 1062; x_wconf 88' lang='lat' dir='ltr'>et</span> <span class='ocrx_word' id='word_1_387' title='bbox 3043 1009 3273 1064; x_wconf 72' lang='lat' dir='ltr'>Graacas</span> <span class='ocrx_word' id='word_1_388' title='bbox 3303 1009 3366 1063; x_wconf 90' lang='lat' dir='ltr'>in</span> <span class='ocrx_word' id='word_1_389' title='bbox 3407 1008 3611 1064; x_wconf 89' lang='lat' dir='ltr'>decem</span> <span class='ocrx_word' id='word_1_390' title='bbox 3636 1009 3880 1063; x_wconf 87' lang='lat' dir='ltr'>tabulas</span> 
     </span>
    </p>
   </div>
   <div class='ocr_carea' id='block_1_69' title="bbox 2208 1090 2702 1160">
    <p class='ocr_par' dir='ltr' id='par_1_69' title="bbox 2208 1090 2702 1160">
     <span class='ocr_line' id='line_1_69' title="bbox 2208 1090 2702 1160; baseline 0.012 -17"><span class='ocrx_word' id='word_1_391' title='bbox 2208 1090 2561 1160; x_wconf 89' lang='lat' dir='ltr'>retulerunt,</span> <span class='ocrx_word' id='word_1_392' title='bbox 2595 1099 2702 1148; x_wconf 90' lang='lat' dir='ltr'>etc.</span> 
     </span>
    </p>
   </div>
   <div class='ocr_carea' id='block_1_70' title="bbox 2284 1199 3879 1275">
    <p class='ocr_par' dir='ltr' id='par_1_70' title="bbox 2284 1199 3879 1275">
     <span class='ocr_line' id='line_1_70' title="bbox 2284 1199 3879 1275; baseline 0.006 -27"><span class='ocrx_word' id='word_1_393' title='bbox 2284 1199 2609 1268; x_wconf 80' lang='grc' dir='ltr'>Νομοθέται,</span> <span class='ocrx_word' id='word_1_394' title='bbox 2657 1203 3080 1270; x_wconf 79' lang='lat' dir='ltr'>Legumlatores.</span> <span class='ocrx_word' id='word_1_395' title='bbox 3114 1203 3281 1259; x_wconf 88' lang='lat' dir='ltr'>Tales</span> <span class='ocrx_word' id='word_1_396' title='bbox 3335 1203 3502 1258; x_wconf 86' lang='lat' dir='ltr'>fuere</span> <span class='ocrx_word' id='word_1_397' title='bbox 3559 1204 3699 1258; x_wconf 91' lang='lat' dir='ltr'>olim</span> <span class='ocrx_word' id='word_1_398' title='bbox 3735 1204 3879 1275; x_wconf 85' lang='lat' dir='ltr'>qui-</span> 
     </span>
    </p>
   </div>
   <div class='ocr_carea' id='block_1_71' title="bbox 2212 1286 3878 1364">
    <p class='ocr_par' dir='ltr' id='par_1_71' title="bbox 2212 1286 3878 1364">
     <span class='ocr_line' id='line_1_71' title="bbox 2212 1286 3878 1364; baseline 0.005 -25"><span class='ocrx_word' id='word_1_399' title='bbox 2212 1286 2343 1340; x_wconf 90' lang='lat' dir='ltr'>dem</span> <span class='ocrx_word' id='word_1_400' title='bbox 2381 1289 2588 1357; x_wconf 84' lang='lat' dir='ltr'>Moses,</span> <span class='ocrx_word' id='word_1_401' title='bbox 2638 1297 2842 1360; x_wconf 89' lang='lat' dir='ltr'>postea</span> <span class='ocrx_word' id='word_1_402' title='bbox 2899 1293 3186 1348; x_wconf 87' lang='lat' dir='ltr'>Christus.</span> <span class='ocrx_word' id='word_1_403' title='bbox 3251 1293 3415 1364; x_wconf 82' lang='lat' dir='ltr'>Apud</span> <span class='ocrx_word' id='word_1_404' title='bbox 3474 1293 3878 1348; x_wconf 83' lang='lat' dir='ltr'>Athenienses</span> 
     </span>
    </p>
   </div>
   <div class='ocr_carea' id='block_1_72' title="bbox 2211 1376 3882 1453">
    <p class='ocr_par' dir='ltr' id='par_1_72' title="bbox 2211 1376 3882 1453">
     <span class='ocr_line' id='line_1_72' title="bbox 2211 1376 3882 1453; baseline 0.005 -23"><span class='ocrx_word' id='word_1_405' title='bbox 2211 1376 2439 1447; x_wconf 89' lang='lat' dir='ltr'>primus</span> <span class='ocrx_word' id='word_1_406' title='bbox 2470 1378 2773 1450; x_wconf 88' lang='lat' dir='ltr'>legislator</span> <span class='ocrx_word' id='word_1_407' title='bbox 2799 1381 2912 1436; x_wconf 87' lang='lat' dir='ltr'>fuit</span> <span class='ocrx_word' id='word_1_408' title='bbox 2937 1387 3294 1453; x_wconf 85' lang='lat' dir='ltr'>Draco;post</span> <span class='ocrx_word' id='word_1_409' title='bbox 3318 1383 3478 1438; x_wconf 89' lang='lat' dir='ltr'>hunc</span> <span class='ocrx_word' id='word_1_410' title='bbox 3509 1383 3714 1450; x_wconf 88' lang='lat' dir='ltr'>Solon;</span> <span class='ocrx_word' id='word_1_411' title='bbox 3737 1393 3882 1453; x_wconf 89' lang='lat' dir='ltr'>post</span> 
     </span>
    </p>
   </div>
   <div class='ocr_carea' id='block_1_73' title="bbox 2213 1467 3398 1543">
    <p class='ocr_par' dir='ltr' id='par_1_73' title="bbox 2213 1467 3398 1543">
     <span class='ocr_line' id='line_1_73' title="bbox 2213 1467 3398 1543; baseline 0.007 -25"><span class='ocrx_word' id='word_1_412' title='bbox 2213 1481 2348 1519; x_wconf 91' lang='lat' dir='ltr'>eum</span> <span class='ocrx_word' id='word_1_413' title='bbox 2371 1467 2601 1536; x_wconf 87' lang='lat' dir='ltr'>Thales,</span> <span class='ocrx_word' id='word_1_414' title='bbox 2637 1474 2694 1523; x_wconf 90' lang='lat' dir='ltr'>et</span> <span class='ocrx_word' id='word_1_415' title='bbox 2723 1477 2857 1540; x_wconf 91' lang='lat' dir='ltr'>post</span> <span class='ocrx_word' id='word_1_416' title='bbox 2883 1472 3041 1526; x_wconf 89' lang='lat' dir='ltr'>hunc</span> <span class='ocrx_word' id='word_1_417' title='bbox 3070 1471 3398 1543; x_wconf 65' lang='lat' dir='ltr'>lEschylus.</span> 
     </span>
    </p>
   </div>
   <div class='ocr_carea' id='block_1_74' title="bbox 2289 1551 3886 1630">
    <p class='ocr_par' dir='ltr' id='par_1_74' title="bbox 2289 1551 3886 1630">
     <span class='ocr_line' id='line_1_74' title="bbox 2289 1551 3886 1630; baseline 0.004 -23"><span class='ocrx_word' id='word_1_418' title='bbox 2289 1551 2474 1624; x_wconf 80' lang='grc' dir='ltr'>Νόμοι</span> <span class='ocrx_word' id='word_1_419' title='bbox 2513 1554 2890 1628; x_wconf 79' lang='grc' dir='ltr'>κιθαρῳδικοί.</span> <span class='ocrx_word' id='word_1_420' title='bbox 2942 1560 3175 1630; x_wconf 85' lang='lat' dir='ltr'>Apollo,</span> <span class='ocrx_word' id='word_1_421' title='bbox 3233 1566 3300 1615; x_wconf 94' lang='lat' dir='ltr'>ut</span> <span class='ocrx_word' id='word_1_422' title='bbox 3353 1561 3542 1627; x_wconf 87' lang='lat' dir='ltr'>aiunt,</span> <span class='ocrx_word' id='word_1_423' title='bbox 3603 1559 3886 1616; x_wconf 84' lang='lat' dir='ltr'>adhibita</span> 
     </span>
    </p>
   </div>
   <div class='ocr_carea' id='block_1_75' title="bbox 2214 1641 3882 1719">
    <p class='ocr_par' dir='ltr' id='par_1_75' title="bbox 2214 1641 3882 1719">
     <span class='ocr_line' id='line_1_75' title="bbox 2214 1641 3882 1719; baseline 0.004 -24"><span class='ocrx_word' id='word_1_424' title='bbox 2214 1641 2362 1713; x_wconf 90' lang='lat' dir='ltr'>lyra,</span> <span class='ocrx_word' id='word_1_425' title='bbox 2399 1643 2558 1716; x_wconf 82' lang='lat' dir='ltr'>leges</span> <span class='ocrx_word' id='word_1_426' title='bbox 2586 1646 2928 1702; x_wconf 88' lang='lat' dir='ltr'>hominibus</span> <span class='ocrx_word' id='word_1_427' title='bbox 2961 1647 3144 1716; x_wconf 90' lang='lat' dir='ltr'>dedit,</span> <span class='ocrx_word' id='word_1_428' title='bbox 3179 1649 3506 1704; x_wconf 90' lang='lat' dir='ltr'>secundum</span> <span class='ocrx_word' id='word_1_429' title='bbox 3538 1665 3684 1719; x_wconf 89' lang='lat' dir='ltr'>quas</span> <span class='ocrx_word' id='word_1_430' title='bbox 3711 1649 3882 1702; x_wconf 82' lang='lat' dir='ltr'>vive-</span> 
     </span>
    </p>
   </div>
   <div class='ocr_carea' id='block_1_76' title="bbox 2214 1735 3878 1809">
    <p class='ocr_par' dir='ltr' id='par_1_76' title="bbox 2214 1735 3878 1809">
     <span class='ocr_line' id='line_1_76' title="bbox 2214 1735 3878 1809; baseline 0.004 -24"><span class='ocrx_word' id='word_1_431' title='bbox 2214 1738 2368 1799; x_wconf 92' lang='lat' dir='ltr'>rent,</span> <span class='ocrx_word' id='word_1_432' title='bbox 2395 1735 2673 1807; x_wconf 77' lang='lat' dir='ltr'>mitigans</span> <span class='ocrx_word' id='word_1_433' title='bbox 2700 1737 2878 1791; x_wconf 89' lang='lat' dir='ltr'>simul</span> <span class='ocrx_word' id='word_1_434' title='bbox 2909 1739 3418 1800; x_wconf 85' lang='lat' dir='ltr'>cantu,feritatem</span> <span class='ocrx_word' id='word_1_435' title='bbox 3437 1739 3583 1809; x_wconf 88' lang='lat' dir='ltr'>ipsis</span> <span class='ocrx_word' id='word_1_436' title='bbox 3606 1739 3878 1803; x_wconf 89' lang='lat' dir='ltr'>insitam,</span> 
     </span>
    </p>
   </div>
   <div class='ocr_carea' id='block_1_77' title="bbox 2140 1813 3886 1891">
    <p class='ocr_par' dir='ltr' id='par_1_77' title="bbox 2140 1813 3886 1891">
     <span class='ocr_line' id='line_1_77' title="bbox 2140 1813 3886 1891; baseline 0.001 -12"><span class='ocrx_word' id='word_1_437' title='bbox 2140 1813 2189 1879; x_wconf 86' lang='grc' dir='ltr'>Β</span> <span class='ocrx_word' id='word_1_438' title='bbox 2221 1828 2277 1876; x_wconf 89' lang='lat' dir='ltr'>et</span> <span class='ocrx_word' id='word_1_439' title='bbox 2304 1839 2686 1879; x_wconf 89' lang='lat' dir='ltr'>numerorum</span> <span class='ocrx_word' id='word_1_440' title='bbox 2736 1827 3099 1881; x_wconf 90' lang='lat' dir='ltr'>musicorum</span> <span class='ocrx_word' id='word_1_441' title='bbox 3149 1827 3434 1882; x_wconf 85' lang='lat' dir='ltr'>suavitate</span> <span class='ocrx_word' id='word_1_442' title='bbox 3464 1827 3752 1891; x_wconf 81' lang='lat' dir='ltr'>efﬁciens,</span> <span class='ocrx_word' id='word_1_443' title='bbox 3810 1833 3886 1881; x_wconf 88' lang='lat' dir='ltr'>ut</span> 
     </span>
    </p>
   </div>
   <div class='ocr_carea' id='block_1_78' title="bbox 2222 1913 3880 1986">
    <p class='ocr_par' dir='ltr' id='par_1_78' title="bbox 2222 1913 3880 1986">
     <span class='ocr_line' id='line_1_78' title="bbox 2222 1913 3880 1986; baseline 0.002 -20"><span class='ocrx_word' id='word_1_444' title='bbox 2222 1919 2518 1984; x_wconf 70' lang='lat' dir='ltr'>prmcepta</span> <span class='ocrx_word' id='word_1_445' title='bbox 2548 1913 2781 1970; x_wconf 88' lang='lat' dir='ltr'>facilius</span> <span class='ocrx_word' id='word_1_446' title='bbox 2808 1915 3211 1986; x_wconf 88' lang='lat' dir='ltr'>admitterent,</span> <span class='ocrx_word' id='word_1_447' title='bbox 3239 1917 3397 1971; x_wconf 91' lang='lat' dir='ltr'>unde</span> <span class='ocrx_word' id='word_1_448' title='bbox 3429 1917 3568 1985; x_wconf 85' lang='lat' dir='ltr'>leges</span> <span class='ocrx_word' id='word_1_449' title='bbox 3617 1915 3880 1972; x_wconf 77' lang='lat' dir='ltr'>citharoe-</span> 
     </span>
    </p>
   </div>
   <div class='ocr_carea' id='block_1_79' title="bbox 2223 2001 3881 2071">
    <p class='ocr_par' dir='ltr' id='par_1_79' title="bbox 2223 2001 3881 2071">
     <span class='ocr_line' id='line_1_79' title="bbox 2223 2001 3881 2071; baseline 0.001 -16"><span class='ocrx_word' id='word_1_450' title='bbox 2223 2002 2357 2056; x_wconf 70' lang='lat' dir='ltr'>dicaa</span> <span class='ocrx_word' id='word_1_451' title='bbox 2385 2001 2555 2056; x_wconf 68' lang='lat' dir='ltr'>dictas</span> <span class='ocrx_word' id='word_1_452' title='bbox 2587 2005 2901 2059; x_wconf 86' lang='lat' dir='ltr'>sunt.Hinc</span> <span class='ocrx_word' id='word_1_453' title='bbox 2932 2021 3087 2071; x_wconf 88' lang='lat' dir='ltr'>vero,</span> <span class='ocrx_word' id='word_1_454' title='bbox 3120 2011 3186 2060; x_wconf 92' lang='lat' dir='ltr'>ut</span> <span class='ocrx_word' id='word_1_455' title='bbox 3215 2010 3274 2060; x_wconf 91' lang='lat' dir='ltr'>et</span> <span class='ocrx_word' id='word_1_456' title='bbox 3304 2005 3606 2060; x_wconf 85' lang='lat' dir='ltr'>Aristoteli</span> <span class='ocrx_word' id='word_1_457' title='bbox 3621 2005 3881 2070; x_wconf 86' lang='lat' dir='ltr'>videtur,</span> 
     </span>
    </p>
   </div>
   <div class='ocr_carea' id='block_1_80' title="bbox 2223 2091 3882 2166">
    <p class='ocr_par' dir='ltr' id='par_1_80' title="bbox 2223 2091 3882 2166">
     <span class='ocr_line' id='line_1_80' title="bbox 2223 2091 3882 2166; baseline 0.001 -21"><span class='ocrx_word' id='word_1_458' title='bbox 2223 2091 2448 2146; x_wconf 90' lang='lat' dir='ltr'>moduli</span> <span class='ocrx_word' id='word_1_459' title='bbox 2483 2093 3048 2158; x_wconf 86' lang='lat' dir='ltr'>musici,secundum</span> <span class='ocrx_word' id='word_1_460' title='bbox 3082 2111 3231 2165; x_wconf 90' lang='lat' dir='ltr'>quos</span> <span class='ocrx_word' id='word_1_461' title='bbox 3257 2095 3882 2166; x_wconf 79' lang='lat' dir='ltr'>canimus,magnifico</span> 
     </span>
    </p>
   </div>
   <div class='ocr_carea' id='block_1_81' title="bbox 2223 2179 3259 2253">
    <p class='ocr_par' dir='ltr' id='par_1_81' title="bbox 2223 2179 3259 2253">
     <span class='ocr_line' id='line_1_81' title="bbox 2223 2179 3259 2253; baseline 0.003 -19"><span class='ocrx_word' id='word_1_462' title='bbox 2223 2181 2466 2236; x_wconf 90' lang='lat' dir='ltr'>nomine</span> <span class='ocrx_word' id='word_1_463' title='bbox 2497 2179 2657 2252; x_wconf 83' lang='grc' dir='ltr'>νόμοι</span> <span class='ocrx_word' id='word_1_464' title='bbox 2690 2182 2972 2253; x_wconf 89' lang='lat' dir='ltr'>appellati</span> <span class='ocrx_word' id='word_1_465' title='bbox 3001 2183 3259 2238; x_wconf 88' lang='lat' dir='ltr'>fuerunt.</span> 
     </span>
    </p>
   </div>
   <div class='ocr_carea' id='block_1_82' title="bbox 2296 2273 3890 2345">
    <p class='ocr_par' dir='ltr' id='par_1_82' title="bbox 2296 2273 3890 2345">
     <span class='ocr_line' id='line_1_82' title="bbox 2296 2273 3890 2345; baseline 0.001 -21"><span class='ocrx_word' id='word_1_466' title='bbox 2296 2273 2516 2325; x_wconf 91' lang='lat' dir='ltr'>Nomus</span> <span class='ocrx_word' id='word_1_467' title='bbox 2547 2277 2605 2324; x_wconf 91' lang='lat' dir='ltr'>et</span> <span class='ocrx_word' id='word_1_468' title='bbox 2630 2273 2961 2336; x_wconf 69' lang='lat' dir='ltr'>Ianuarius,</span> <span class='ocrx_word' id='word_1_469' title='bbox 2995 2273 3207 2328; x_wconf 90' lang='lat' dir='ltr'>virtute</span> <span class='ocrx_word' id='word_1_470' title='bbox 3240 2274 3378 2328; x_wconf 89' lang='lat' dir='ltr'>licet</span> <span class='ocrx_word' id='word_1_471' title='bbox 3406 2273 3722 2345; x_wconf 91' lang='lat' dir='ltr'>pollentes,</span> <span class='ocrx_word' id='word_1_472' title='bbox 3756 2273 3890 2344; x_wconf 87' lang='lat' dir='ltr'>pri-</span> 
     </span>
    </p>
   </div>
   <div class='ocr_carea' id='block_1_83' title="bbox 2223 2361 3888 2433">
    <p class='ocr_par' dir='ltr' id='par_1_83' title="bbox 2223 2361 3888 2433">
     <span class='ocr_line' id='line_1_83' title="bbox 2223 2361 3888 2433; baseline 0.004 -23"><span class='ocrx_word' id='word_1_473' title='bbox 2223 2365 2414 2414; x_wconf 90' lang='lat' dir='ltr'>vatam</span> <span class='ocrx_word' id='word_1_474' title='bbox 2440 2365 2498 2414; x_wconf 90' lang='lat' dir='ltr'>et</span> <span class='ocrx_word' id='word_1_475' title='bbox 2527 2361 2777 2416; x_wconf 88' lang='lat' dir='ltr'>otiosam</span> <span class='ocrx_word' id='word_1_476' title='bbox 2837 2361 3013 2416; x_wconf 88' lang='lat' dir='ltr'>vitam</span> <span class='ocrx_word' id='word_1_477' title='bbox 3063 2363 3319 2433; x_wconf 82' lang='lat' dir='ltr'>amplexi</span> <span class='ocrx_word' id='word_1_478' title='bbox 3375 2369 3535 2426; x_wconf 88' lang='lat' dir='ltr'>sunt,</span> <span class='ocrx_word' id='word_1_479' title='bbox 3595 2379 3626 2417; x_wconf 90' lang='lat' dir='ltr'>e</span> <span class='ocrx_word' id='word_1_480' title='bbox 3667 2362 3888 2433; x_wconf 87' lang='lat' dir='ltr'>quibus</span> 
     </span>
    </p>
   </div>
   <div class='ocr_carea' id='block_1_84' title="bbox 2225 2449 3888 2520">
    <p class='ocr_par' dir='ltr' id='par_1_84' title="bbox 2225 2449 3888 2520">
     <span class='ocr_line' id='line_1_84' title="bbox 2225 2449 3888 2520; baseline 0.001 -18"><span class='ocrx_word' id='word_1_481' title='bbox 2225 2449 2444 2503; x_wconf 86' lang='lat' dir='ltr'>Nemus</span> <span class='ocrx_word' id='word_1_482' title='bbox 2468 2449 2834 2520; x_wconf 84' lang='lat' dir='ltr'>ingeniosior</span> <span class='ocrx_word' id='word_1_483' title='bbox 2862 2451 2974 2504; x_wconf 89' lang='lat' dir='ltr'>fuit</span> <span class='ocrx_word' id='word_1_484' title='bbox 3003 2456 3062 2506; x_wconf 91' lang='lat' dir='ltr'>et</span> <span class='ocrx_word' id='word_1_485' title='bbox 3091 2451 3378 2507; x_wconf 68' lang='lat' dir='ltr'>doctrinm</span> <span class='ocrx_word' id='word_1_486' title='bbox 3408 2452 3727 2512; x_wconf 86' lang='lat' dir='ltr'>amantior,</span> <span class='ocrx_word' id='word_1_487' title='bbox 3763 2457 3888 2505; x_wconf 88' lang='lat' dir='ltr'>tam</span> 
     </span>
    </p>
   </div>
   <div class='ocr_carea' id='block_1_85' title="bbox 2224 2538 3887 2612">
    <p class='ocr_par' dir='ltr' id='par_1_85' title="bbox 2224 2538 3887 2612">
     <span class='ocr_line' id='line_1_85' title="bbox 2224 2538 3887 2612; baseline 0.002 -22"><span class='ocrx_word' id='word_1_488' title='bbox 2224 2538 2672 2608; x_wconf 62' lang='lat' dir='ltr'>philosophica,</span> <span class='ocrx_word' id='word_1_489' title='bbox 2699 2556 2876 2610; x_wconf 89' lang='lat' dir='ltr'>quam</span> <span class='ocrx_word' id='word_1_490' title='bbox 2913 2541 3044 2610; x_wconf 89' lang='lat' dir='ltr'>ejus</span> <span class='ocrx_word' id='word_1_491' title='bbox 3093 2557 3212 2612; x_wconf 91' lang='lat' dir='ltr'>qua</span> <span class='ocrx_word' id='word_1_492' title='bbox 3252 2547 3666 2612; x_wconf 74' lang='lat' dir='ltr'>praeparantur</span> <span class='ocrx_word' id='word_1_493' title='bbox 3685 2540 3887 2594; x_wconf 88' lang='lat' dir='ltr'>adole-</span> 
     </span>
    </p>
   </div>
   <div class='ocr_carea' id='block_1_86' title="bbox 2225 2629 3877 2703">
    <p class='ocr_par' dir='ltr' id='par_1_86' title="bbox 2225 2629 3877 2703">
     <span class='ocr_line' id='line_1_86' title="bbox 2225 2629 3877 2703; baseline 0.001 -23"><span class='ocrx_word' id='word_1_494' title='bbox 2225 2633 2476 2683; x_wconf 90' lang='lat' dir='ltr'>scentes.</span> <span class='ocrx_word' id='word_1_495' title='bbox 2512 2629 2581 2682; x_wconf 89' lang='lat' dir='ltr'>Et</span> <span class='ocrx_word' id='word_1_496' title='bbox 2609 2629 2764 2683; x_wconf 90' lang='lat' dir='ltr'>inter</span> <span class='ocrx_word' id='word_1_497' title='bbox 2795 2644 3001 2684; x_wconf 89' lang='lat' dir='ltr'>omnes</span> <span class='ocrx_word' id='word_1_498' title='bbox 3033 2635 3159 2684; x_wconf 89' lang='lat' dir='ltr'>erat</span> <span class='ocrx_word' id='word_1_499' title='bbox 3207 2629 3624 2703; x_wconf 67' lang='grc' dir='ltr'>κριτιιιώτατος,</span> <span class='ocrx_word' id='word_1_500' title='bbox 3659 2631 3762 2700; x_wconf 91' lang='lat' dir='ltr'>qui</span> <span class='ocrx_word' id='word_1_501' title='bbox 3789 2629 3877 2700; x_wconf 60' lang='lat' dir='ltr'>juo</span> 
     </span>
    </p>
   </div>
   <div class='ocr_carea' id='block_1_87' title="bbox 2223 2714 3882 2790">
    <p class='ocr_par' dir='ltr' id='par_1_87' title="bbox 2223 2714 3882 2790">
     <span class='ocr_line' id='line_1_87' title="bbox 2223 2714 3882 2790; baseline 0.001 -21"><span class='ocrx_word' id='word_1_502' title='bbox 2223 2714 2420 2771; x_wconf 91' lang='lat' dir='ltr'>dicare</span> <span class='ocrx_word' id='word_1_503' title='bbox 2453 2718 2674 2788; x_wconf 90' lang='lat' dir='ltr'>optime</span> <span class='ocrx_word' id='word_1_504' title='bbox 2701 2719 3374 2790; x_wconf 88' lang='lat' dir='ltr'>potuitvirtutesetvitia</span> <span class='ocrx_word' id='word_1_505' title='bbox 3397 2725 3522 2774; x_wconf 93' lang='lat' dir='ltr'>tum</span> <span class='ocrx_word' id='word_1_506' title='bbox 3539 2723 3882 2790; x_wconf 88' lang='lat' dir='ltr'>poematum</span> 
     </span>
    </p>
   </div>
   <div class='ocr_carea' id='block_1_88' title="bbox 2224 2804 3882 2878">
    <p class='ocr_par' dir='ltr' id='par_1_88' title="bbox 2224 2804 3882 2878">
     <span class='ocr_line' id='line_1_88' title="bbox 2224 2804 3882 2878; baseline 0.001 -21"><span class='ocrx_word' id='word_1_507' title='bbox 2224 2809 2349 2858; x_wconf 89' lang='lat' dir='ltr'>tum</span> <span class='ocrx_word' id='word_1_508' title='bbox 2371 2804 2624 2860; x_wconf 85' lang='lat' dir='ltr'>aliorum</span> <span class='ocrx_word' id='word_1_509' title='bbox 2647 2807 3022 2878; x_wconf 91' lang='lat' dir='ltr'>scriptorum.</span> <span class='ocrx_word' id='word_1_510' title='bbox 3040 2809 3127 2875; x_wconf 88' lang='lat' dir='ltr'>Et,</span> <span class='ocrx_word' id='word_1_511' title='bbox 3153 2813 3218 2862; x_wconf 91' lang='lat' dir='ltr'>ut</span> <span class='ocrx_word' id='word_1_512' title='bbox 3249 2808 3495 2862; x_wconf 89' lang='lat' dir='ltr'>omnino</span> <span class='ocrx_word' id='word_1_513' title='bbox 3527 2808 3746 2873; x_wconf 91' lang='lat' dir='ltr'>dicam,</span> <span class='ocrx_word' id='word_1_514' title='bbox 3780 2822 3882 2860; x_wconf 89' lang='lat' dir='ltr'>ne-</span> 
     </span>
    </p>
   </div>
   <div class='ocr_carea' id='block_1_89' title="bbox 2225 2895 3881 2968">
    <p class='ocr_par' dir='ltr' id='par_1_89' title="bbox 2225 2895 3881 2968">
     <span class='ocr_line' id='line_1_89' title="bbox 2225 2895 3881 2968; baseline 0.001 -21"><span class='ocrx_word' id='word_1_515' title='bbox 2225 2909 2339 2963; x_wconf 90' lang='lat' dir='ltr'>que</span> <span class='ocrx_word' id='word_1_516' title='bbox 2374 2895 2775 2962; x_wconf 88' lang='lat' dir='ltr'>Severianum,</span> <span class='ocrx_word' id='word_1_517' title='bbox 2834 2912 3028 2966; x_wconf 89' lang='lat' dir='ltr'>neque</span> <span class='ocrx_word' id='word_1_518' title='bbox 3075 2896 3361 2968; x_wconf 83' lang='lat' dir='ltr'>Agapium</span> <span class='ocrx_word' id='word_1_519' title='bbox 3430 2895 3881 2968; x_wconf 89' lang='lat' dir='ltr'>philosophum,</span> 
     </span>
    </p>
   </div>
   <div class='ocr_carea' id='block_1_90' title="bbox 2223 2983 3882 3056">
    <p class='ocr_par' dir='ltr' id='par_1_90' title="bbox 2223 2983 3882 3056">
     <span class='ocr_line' id='line_1_90' title="bbox 2223 2983 3882 3056; baseline 0.001 -20"><span class='ocrx_word' id='word_1_520' title='bbox 2223 2983 2582 3038; x_wconf 90' lang='lat' dir='ltr'>crediderim</span> <span class='ocrx_word' id='word_1_521' title='bbox 2605 2985 2836 3054; x_wconf 89' lang='lat' dir='ltr'>judicio</span> <span class='ocrx_word' id='word_1_522' title='bbox 2893 2985 3178 3040; x_wconf 65' lang='lat' dir='ltr'>doctrina;</span> <span class='ocrx_word' id='word_1_523' title='bbox 3239 2985 3595 3056; x_wconf 61' lang='lat' dir='ltr'>eloquentiae</span> <span class='ocrx_word' id='word_1_524' title='bbox 3649 2991 3882 3040; x_wconf 85' lang='lat' dir='ltr'>tantum</span> 
     </span>
    </p>
   </div>
   <div class='ocr_carea' id='block_1_91' title="bbox 2225 3071 3885 3145">
    <p class='ocr_par' dir='ltr' id='par_1_91' title="bbox 2225 3071 3885 3145">
     <span class='ocr_line' id='line_1_91' title="bbox 2225 3071 3885 3145; baseline 0.001 -20"><span class='ocrx_word' id='word_1_525' title='bbox 2225 3071 2499 3127; x_wconf 87' lang='lat' dir='ltr'>valuisse.</span> <span class='ocrx_word' id='word_1_526' title='bbox 2531 3073 2850 3128; x_wconf 85' lang='lat' dir='ltr'>Januarius</span> <span class='ocrx_word' id='word_1_527' title='bbox 2879 3090 3014 3128; x_wconf 90' lang='lat' dir='ltr'>vero</span> <span class='ocrx_word' id='word_1_528' title='bbox 3047 3074 3132 3128; x_wconf 91' lang='lat' dir='ltr'>rei</span> <span class='ocrx_word' id='word_1_529' title='bbox 3190 3073 3462 3145; x_wconf 72' lang='lat' dir='ltr'>gerendas</span> <span class='ocrx_word' id='word_1_530' title='bbox 3521 3074 3770 3145; x_wconf 88' lang='lat' dir='ltr'>peritior</span> <span class='ocrx_word' id='word_1_531' title='bbox 3827 3079 3885 3127; x_wconf 87' lang='lat' dir='ltr'>et</span> 
     </span>
    </p>
   </div>
   <div class='ocr_carea' id='block_1_92' title="bbox 2147 3161 3700 3252">
    <p class='ocr_par' dir='ltr' id='par_1_92' title="bbox 2147 3161 3700 3252">
     <span class='ocr_line' id='line_1_92' title="bbox 2147 3161 3700 3252; baseline 0.003 -38"><span class='ocrx_word' id='word_1_532' title='bbox 2147 3181 2194 3252; x_wconf 65' lang='grc' dir='ltr'>α</span> <span class='ocrx_word' id='word_1_533' title='bbox 2231 3161 2580 3252; x_wconf 71' lang='lat' dir='ltr'>prudentior</span> <span class='ocrx_word' id='word_1_534' title='bbox 2611 3163 2671 3252; x_wconf 86' lang='lat' dir='ltr'>in</span> <span class='ocrx_word' id='word_1_535' title='bbox 2701 3163 2975 3217; x_wconf 90' lang='lat' dir='ltr'>civilibus</span> <span class='ocrx_word' id='word_1_536' title='bbox 3003 3162 3184 3252; x_wconf 85' lang='lat' dir='ltr'>fratre</span> <span class='ocrx_word' id='word_1_537' title='bbox 3215 3179 3322 3217; x_wconf 90' lang='lat' dir='ltr'>suo</span> <span class='ocrx_word' id='word_1_538' title='bbox 3351 3165 3569 3252; x_wconf 51' lang='lat' dir='ltr'>Nemo,</span> <span class='ocrx_word' id='word_1_539' title='bbox 3588 3169 3700 3252; x_wconf 84' lang='lat' dir='ltr'>etc.</span> 
     </span>
    </p>
   </div>
   <div class='ocr_carea' id='block_1_93' title="bbox 2304 3247 3884 3325">
    <p class='ocr_par' dir='ltr' id='par_1_93' title="bbox 2304 3247 3884 3325">
     <span class='ocr_line' id='line_1_93' title="bbox 2304 3247 3884 3325; baseline -0.001 -21"><span class='ocrx_word' id='word_1_540' title='bbox 2304 3249 2513 3320; x_wconf 86' lang='grc' dir='ltr'>Νόμος.</span> <span class='ocrx_word' id='word_1_541' title='bbox 2547 3251 2678 3305; x_wconf 89' lang='lat' dir='ltr'>Tria</span> <span class='ocrx_word' id='word_1_542' title='bbox 2709 3252 3038 3323; x_wconf 83' lang='lat' dir='ltr'>significat:</span> <span class='ocrx_word' id='word_1_543' title='bbox 3074 3251 3166 3306; x_wconf 84' lang='lat' dir='ltr'>lex</span> <span class='ocrx_word' id='word_1_544' title='bbox 3199 3252 3357 3306; x_wconf 91' lang='lat' dir='ltr'>enim</span> <span class='ocrx_word' id='word_1_545' title='bbox 3403 3269 3524 3307; x_wconf 91' lang='lat' dir='ltr'>una</span> <span class='ocrx_word' id='word_1_546' title='bbox 3551 3247 3681 3325; x_wconf 80' lang='grc' dir='ltr'>δίχα</span> <span class='ocrx_word' id='word_1_547' title='bbox 3707 3271 3884 3324; x_wconf 63' lang='grc' dir='ltr'>γραμο</span> 
     </span>
    </p>
   </div>
   <div class='ocr_carea' id='block_1_94' title="bbox 2237 3339 3884 3412">
    <p class='ocr_par' dir='ltr' id='par_1_94' title="bbox 2237 3339 3884 3412">
     <span class='ocr_line' id='line_1_94' title="bbox 2237 3339 3884 3412; baseline 0.002 -22"><span class='ocrx_word' id='word_1_548' title='bbox 2237 3339 2420 3410; x_wconf 78' lang='grc' dir='ltr'>μάτων</span> <span class='ocrx_word' id='word_1_549' title='bbox 2454 3339 2678 3410; x_wconf 89' lang='lat' dir='ltr'>absque</span> <span class='ocrx_word' id='word_1_550' title='bbox 2710 3341 3057 3412; x_wconf 84' lang='lat' dir='ltr'>litteris,per</span> <span class='ocrx_word' id='word_1_551' title='bbox 3085 3341 3448 3396; x_wconf 88' lang='lat' dir='ltr'>creationem</span> <span class='ocrx_word' id='word_1_552' title='bbox 3479 3341 3670 3396; x_wconf 81' lang='lat' dir='ltr'>indita</span> <span class='ocrx_word' id='word_1_553' title='bbox 3687 3342 3884 3396; x_wconf 84' lang='lat' dir='ltr'>homi-</span> 
     </span>
    </p>
   </div>
   <div class='ocr_carea' id='block_1_95' title="bbox 2234 3428 3884 3504">
    <p class='ocr_par' dir='ltr' id='par_1_95' title="bbox 2234 3428 3884 3504">
     <span class='ocr_line' id='line_1_95' title="bbox 2234 3428 3884 3504; baseline 0.002 -22"><span class='ocrx_word' id='word_1_554' title='bbox 2234 3430 2443 3496; x_wconf 87' lang='lat' dir='ltr'>nibus;</span> <span class='ocrx_word' id='word_1_555' title='bbox 2477 3431 2666 3485; x_wconf 89' lang='lat' dir='ltr'>altera</span> <span class='ocrx_word' id='word_1_556' title='bbox 2721 3428 2773 3483; x_wconf 82' lang='grc' dir='ltr'>ἐν</span> <span class='ocrx_word' id='word_1_557' title='bbox 2826 3431 3131 3504; x_wconf 84' lang='grc' dir='ltr'>γράμματι,</span> <span class='ocrx_word' id='word_1_558' title='bbox 3160 3432 3253 3486; x_wconf 84' lang='lat' dir='ltr'>lex</span> <span class='ocrx_word' id='word_1_559' title='bbox 3283 3432 3503 3503; x_wconf 87' lang='lat' dir='ltr'>scripta</span> <span class='ocrx_word' id='word_1_560' title='bbox 3532 3447 3638 3502; x_wconf 91' lang='lat' dir='ltr'>per</span> <span class='ocrx_word' id='word_1_561' title='bbox 3663 3433 3884 3496; x_wconf 80' lang='lat' dir='ltr'>Mosen,</span> 
     </span>
    </p>
   </div>
   <div class='ocr_carea' id='block_1_96' title="bbox 2234 3515 3886 3591">
    <p class='ocr_par' dir='ltr' id='par_1_96' title="bbox 2234 3515 3886 3591">
     <span class='ocr_line' id='line_1_96' title="bbox 2234 3515 3886 3591; baseline 0 -21"><span class='ocrx_word' id='word_1_562' title='bbox 2234 3517 2475 3572; x_wconf 92' lang='lat' dir='ltr'>illorum</span> <span class='ocrx_word' id='word_1_563' title='bbox 2497 3535 2697 3588; x_wconf 90' lang='lat' dir='ltr'>causa,</span> <span class='ocrx_word' id='word_1_564' title='bbox 2731 3520 2833 3589; x_wconf 91' lang='lat' dir='ltr'>qui</span> <span class='ocrx_word' id='word_1_565' title='bbox 2893 3521 3122 3591; x_wconf 88' lang='lat' dir='ltr'>priores</span> <span class='ocrx_word' id='word_1_566' title='bbox 3170 3520 3566 3585; x_wconf 85' lang='lat' dir='ltr'>violaverant;</span> <span class='ocrx_word' id='word_1_567' title='bbox 3599 3521 3772 3574; x_wconf 89' lang='lat' dir='ltr'>tertia</span> <span class='ocrx_word' id='word_1_568' title='bbox 3797 3515 3886 3570; x_wconf 71' lang='grc' dir='ltr'>διὰ</span> 
     </span>
    </p>
   </div>
   <div class='ocr_carea' id='block_1_97' title="bbox 2229 3604 3884 3680">
    <p class='ocr_par' dir='ltr' id='par_1_97' title="bbox 2229 3604 3884 3680">
     <span class='ocr_line' id='line_1_97' title="bbox 2229 3604 3884 3680; baseline 0.001 -20"><span class='ocrx_word' id='word_1_569' title='bbox 2229 3611 2329 3672; x_wconf 77' lang='grc' dir='ltr'>τῆς</span> <span class='ocrx_word' id='word_1_570' title='bbox 2346 3604 2811 3680; x_wconf 65' lang='grc' dir='ltr'>χάριτος.ςιτδ.ιὶω</span> <span class='ocrx_word' id='word_1_571' title='bbox 2841 3615 2899 3662; x_wconf 92' lang='lat' dir='ltr'>et</span> <span class='ocrx_word' id='word_1_572' title='bbox 2921 3609 3306 3678; x_wconf 84' lang='lat' dir='ltr'>spiritus.Lex</span> <span class='ocrx_word' id='word_1_573' title='bbox 3331 3607 3884 3675; x_wconf 88' lang='lat' dir='ltr'>autem;secundum</span> 
     </span>
    </p>
   </div>
   <div class='ocr_carea' id='block_1_98' title="bbox 2233 3696 3376 3770">
    <p class='ocr_par' dir='ltr' id='par_1_98' title="bbox 2233 3696 3376 3770">
     <span class='ocr_line' id='line_1_98' title="bbox 2233 3696 3376 3770; baseline 0.001 -20"><span class='ocrx_word' id='word_1_574' title='bbox 2233 3696 2602 3766; x_wconf 89' lang='lat' dir='ltr'>Apostolum,</span> <span class='ocrx_word' id='word_1_575' title='bbox 2637 3703 2892 3768; x_wconf 90' lang='lat' dir='ltr'>quatuor</span> <span class='ocrx_word' id='word_1_576' title='bbox 2918 3697 3233 3770; x_wconf 83' lang='lat' dir='ltr'>signiﬁcat,</span> <span class='ocrx_word' id='word_1_577' title='bbox 3263 3703 3376 3752; x_wconf 90' lang='lat' dir='ltr'>etc.</span> 
     </span>
    </p>
   </div>
   <div class='ocr_carea' id='block_1_99' title="bbox 2302 3784 3885 3857">
    <p class='ocr_par' dir='ltr' id='par_1_99' title="bbox 2302 3784 3885 3857">
     <span class='ocr_line' id='line_1_99' title="bbox 2302 3784 3885 3857; baseline -0.001 -18"><span class='ocrx_word' id='word_1_578' title='bbox 2302 3784 2529 3853; x_wconf 80' lang='grc' dir='ltr'>’Άξονας</span> <span class='ocrx_word' id='word_1_579' title='bbox 2548 3785 2708 3857; x_wconf 84' lang='lat' dir='ltr'>leges</span> <span class='ocrx_word' id='word_1_580' title='bbox 2730 3785 2964 3841; x_wconf 89' lang='lat' dir='ltr'>Solonis</span> <span class='ocrx_word' id='word_1_581' title='bbox 2979 3785 3375 3841; x_wconf 88' lang='lat' dir='ltr'>Athenienses</span> <span class='ocrx_word' id='word_1_582' title='bbox 3392 3786 3885 3856; x_wconf 87' lang='lat' dir='ltr'>vocarunt.Supra</span> 
     </span>
    </p>
   </div>
   <div class='ocr_carea' id='block_1_100' title="bbox 2236 3870 2481 3943">
    <p class='ocr_par' dir='ltr' id='par_1_100' title="bbox 2236 3870 2481 3943">
     <span class='ocr_line' id='line_1_100' title="bbox 2236 3870 2481 3943; baseline 0.016 -16"><span class='ocrx_word' id='word_1_583' title='bbox 2236 3870 2481 3943; x_wconf 73' lang='grc' dir='ltr'>Κύρὸεις.</span> 
     </span>
    </p>
   </div>
   <div class='ocr_carea' id='block_1_101' title="bbox 2305 3983 3880 4056">
    <p class='ocr_par' dir='ltr' id='par_1_101' title="bbox 2305 3983 3880 4056">
     <span class='ocr_line' id='line_1_101' title="bbox 2305 3983 3880 4056; baseline 0 -18"><span class='ocrx_word' id='word_1_584' title='bbox 2305 3985 2568 4054; x_wconf 90' lang='lat' dir='ltr'>Nonnus,</span> <span class='ocrx_word' id='word_1_585' title='bbox 2589 3983 2961 4055; x_wconf 85' lang='lat' dir='ltr'>Panapolita,</span> <span class='ocrx_word' id='word_1_586' title='bbox 2998 4001 3066 4038; x_wconf 85' lang='lat' dir='ltr'>ex</span> <span class='ocrx_word' id='word_1_587' title='bbox 3093 3985 3357 4056; x_wconf 70' lang='lat' dir='ltr'>Egypto,</span> <span class='ocrx_word' id='word_1_588' title='bbox 3391 3984 3477 4038; x_wconf 91' lang='lat' dir='ltr'>vir</span> <span class='ocrx_word' id='word_1_589' title='bbox 3505 3983 3880 4038; x_wconf 86' lang='lat' dir='ltr'>doctissimus</span> 
     </span>
    </p>
   </div>
   <div class='ocr_carea' id='block_1_102' title="bbox 2235 4071 3884 4145">
    <p class='ocr_par' dir='ltr' id='par_1_102' title="bbox 2235 4071 3884 4145">
     <span class='ocr_line' id='line_1_102' title="bbox 2235 4071 3884 4145; baseline -0.001 -19"><span class='ocrx_word' id='word_1_590' title='bbox 2235 4073 2336 4142; x_wconf 91' lang='lat' dir='ltr'>qui</span> <span class='ocrx_word' id='word_1_591' title='bbox 2369 4072 2644 4144; x_wconf 88' lang='lat' dir='ltr'>Theologi</span> <span class='ocrx_word' id='word_1_592' title='bbox 2665 4073 2904 4145; x_wconf 83' lang='lat' dir='ltr'>virginis</span> <span class='ocrx_word' id='word_1_593' title='bbox 2923 4073 3333 4144; x_wconf 87' lang='lat' dir='ltr'>paraphrasim</span> <span class='ocrx_word' id='word_1_594' title='bbox 3356 4071 3621 4128; x_wconf 89' lang='lat' dir='ltr'>versibus</span> <span class='ocrx_word' id='word_1_595' title='bbox 3634 4073 3884 4127; x_wconf 86' lang='lat' dir='ltr'>heroicis</span> 
     </span>
    </p>
   </div>
   <div class='ocr_carea' id='block_1_103' title="bbox 2233 4161 3887 4232">
    <p class='ocr_par' dir='ltr' id='par_1_103' title="bbox 2233 4161 3887 4232">
     <span class='ocr_line' id='line_1_103' title="bbox 2233 4161 3887 4232; baseline 0.001 -18"><span class='ocrx_word' id='word_1_596' title='bbox 2233 4162 2492 4232; x_wconf 90' lang='lat' dir='ltr'>scripsit.</span> <span class='ocrx_word' id='word_1_597' title='bbox 2530 4162 2853 4227; x_wconf 85' lang='lat' dir='ltr'>Ausonius,</span> <span class='ocrx_word' id='word_1_598' title='bbox 2888 4162 3175 4232; x_wconf 80' lang='lat' dir='ltr'>saphista,</span> <span class='ocrx_word' id='word_1_599' title='bbox 3209 4161 3501 4232; x_wconf 89' lang='lat' dir='ltr'>Epistolas</span> <span class='ocrx_word' id='word_1_600' title='bbox 3532 4167 3590 4216; x_wconf 91' lang='lat' dir='ltr'>et</span> <span class='ocrx_word' id='word_1_601' title='bbox 3617 4161 3734 4216; x_wconf 88' lang='lat' dir='ltr'>alia</span> <span class='ocrx_word' id='word_1_602' title='bbox 3762 4178 3887 4216; x_wconf 85' lang='lat' dir='ltr'>exa-</span> 
     </span>
    </p>
   </div>
   <div class='ocr_carea' id='block_1_104' title="bbox 2232 4248 3463 4320">
    <p class='ocr_par' dir='ltr' id='par_1_104' title="bbox 2232 4248 3463 4320">
     <span class='ocr_line' id='line_1_104' title="bbox 2232 4248 3463 4320; baseline -0.003 -16"><span class='ocrx_word' id='word_1_603' title='bbox 2232 4252 2377 4306; x_wconf 82' lang='lat' dir='ltr'>ravit</span> <span class='ocrx_word' id='word_1_604' title='bbox 2405 4251 2480 4306; x_wconf 93' lang='lat' dir='ltr'>ad</span> <span class='ocrx_word' id='word_1_605' title='bbox 2511 4252 2804 4305; x_wconf 90' lang='lat' dir='ltr'>Nonnum.</span> <span class='ocrx_word' id='word_1_606' title='bbox 2840 4251 3032 4320; x_wconf 92' lang='lat' dir='ltr'>Supra</span> <span class='ocrx_word' id='word_1_607' title='bbox 3076 4251 3137 4304; x_wconf 92' lang='lat' dir='ltr'>in</span> <span class='ocrx_word' id='word_1_608' title='bbox 3173 4248 3463 4310; x_wconf 80' lang='grc' dir='ltr'>Αὐσόνιος,</span> 
     </span>
    </p>
   </div>
   <div class='ocr_carea' id='block_1_105' title="bbox 2302 4337 3883 4411">
    <p class='ocr_par' dir='ltr' id='par_1_105' title="bbox 2302 4337 3883 4411">
     <span class='ocr_line' id='line_1_105' title="bbox 2302 4337 3883 4411; baseline 0 -17"><span class='ocrx_word' id='word_1_609' title='bbox 2302 4341 2554 4394; x_wconf 89' lang='lat' dir='ltr'>Novatus</span> <span class='ocrx_word' id='word_1_610' title='bbox 2593 4337 2886 4407; x_wconf 77' lang='grc' dir='ltr'>(Ναύατος)</span> <span class='ocrx_word' id='word_1_611' title='bbox 2945 4338 3221 4394; x_wconf 72' lang='lat' dir='ltr'>Ecclesiaa</span> <span class='ocrx_word' id='word_1_612' title='bbox 3273 4341 3546 4394; x_wconf 67' lang='lat' dir='ltr'>Romanas</span> <span class='ocrx_word' id='word_1_613' title='bbox 3603 4339 3790 4411; x_wconf 91' lang='lat' dir='ltr'>presb.</span> <span class='ocrx_word' id='word_1_614' title='bbox 3851 4357 3883 4394; x_wconf 87' lang='lat' dir='ltr'>a</span> 
     </span>
    </p>
   </div>
   <div class='ocr_carea' id='block_1_106' title="bbox 2231 4428 3881 4500">
    <p class='ocr_par' dir='ltr' id='par_1_106' title="bbox 2231 4428 3881 4500">
     <span class='ocr_line' id='line_1_106' title="bbox 2231 4428 3881 4500; baseline 0 -16"><span class='ocrx_word' id='word_1_615' title='bbox 2231 4429 2524 4497; x_wconf 89' lang='lat' dir='ltr'>Cornelio,</span> <span class='ocrx_word' id='word_1_616' title='bbox 2557 4428 2859 4500; x_wconf 89' lang='lat' dir='ltr'>episcopo,</span> <span class='ocrx_word' id='word_1_617' title='bbox 2884 4429 3201 4484; x_wconf 90' lang='lat' dir='ltr'>dissidium</span> <span class='ocrx_word' id='word_1_618' title='bbox 3229 4429 3391 4497; x_wconf 83' lang='lat' dir='ltr'>fecit,</span> <span class='ocrx_word' id='word_1_619' title='bbox 3423 4435 3561 4498; x_wconf 90' lang='lat' dir='ltr'>etc.,</span> <span class='ocrx_word' id='word_1_620' title='bbox 3593 4447 3661 4484; x_wconf 86' lang='lat' dir='ltr'>ex</span> <span class='ocrx_word' id='word_1_621' title='bbox 3683 4429 3881 4484; x_wconf 88' lang='lat' dir='ltr'>Socra-</span> 
     </span>
    </p>
   </div>
   <div class='ocr_carea' id='block_1_107' title="bbox 2235 4521 2539 4588">
    <p class='ocr_par' dir='ltr' id='par_1_107' title="bbox 2235 4521 2539 4588">
     <span class='ocr_line' id='line_1_107' title="bbox 2235 4521 2539 4588; baseline -0.007 -12"><span class='ocrx_word' id='word_1_622' title='bbox 2235 4521 2309 4576; x_wconf 84' lang='lat' dir='ltr'>tis</span> <span class='ocrx_word' id='word_1_623' title='bbox 2336 4522 2423 4588; x_wconf 91' lang='lat' dir='ltr'>IV,</span> <span class='ocrx_word' id='word_1_624' title='bbox 2450 4523 2539 4574; x_wconf 87' lang='lat'>28.</span> 
     </span>
    </p>
   </div>
   <div class='ocr_carea' id='block_1_108' title="bbox 2310 4627 3877 4700">
    <p class='ocr_par' dir='ltr' id='par_1_108' title="bbox 2310 4627 3877 4700">
     <span class='ocr_line' id='line_1_108' title="bbox 2310 4627 3877 4700; baseline -0.001 -16"><span class='ocrx_word' id='word_1_625' title='bbox 2310 4629 2634 4684; x_wconf 92' lang='lat' dir='ltr'>Novatiani.</span> <span class='ocrx_word' id='word_1_626' title='bbox 2670 4630 2888 4683; x_wconf 83' lang='lat' dir='ltr'>Horum</span> <span class='ocrx_word' id='word_1_627' title='bbox 2921 4627 3236 4700; x_wconf 86' lang='lat' dir='ltr'>episcOpus</span> <span class='ocrx_word' id='word_1_628' title='bbox 3283 4628 3396 4683; x_wconf 91' lang='lat' dir='ltr'>fuit</span> <span class='ocrx_word' id='word_1_629' title='bbox 3424 4628 3739 4694; x_wconf 89' lang='lat' dir='ltr'>Sisinnius,</span> <span class='ocrx_word' id='word_1_630' title='bbox 3771 4633 3877 4684; x_wconf 85' lang='lat' dir='ltr'>etc.</span> 
     </span>
    </p>
   </div>
   <div class='ocr_carea' id='block_1_109' title="bbox 2235 4719 2878 4774">
    <p class='ocr_par' dir='ltr' id='par_1_109' title="bbox 2235 4719 2878 4774">
     <span class='ocr_line' id='line_1_109' title="bbox 2235 4719 2878 4774; baseline -0.003 0"><span class='ocrx_word' id='word_1_631' title='bbox 2235 4736 2306 4774; x_wconf 85' lang='lat' dir='ltr'>ex</span> <span class='ocrx_word' id='word_1_632' title='bbox 2328 4719 2627 4774; x_wconf 85' lang='lat' dir='ltr'>Sozomeni</span> <span class='ocrx_word' id='word_1_633' title='bbox 2653 4720 2793 4774; x_wconf 88' lang='lat' dir='ltr'>VIII.</span> <span class='ocrx_word' id='word_1_634' title='bbox 2830 4720 2878 4772; x_wconf 94' lang='grc'>1.</span> 
     </span>
    </p>
   </div>
   <div class='ocr_carea' id='block_1_110' title="bbox 2308 4825 3881 4898">
    <p class='ocr_par' dir='ltr' id='par_1_110' title="bbox 2308 4825 3881 4898">
     <span class='ocr_line' id='line_1_110' title="bbox 2308 4825 3881 4898; baseline -0.002 -17"><span class='ocrx_word' id='word_1_635' title='bbox 2308 4829 2497 4882; x_wconf 87' lang='lat' dir='ltr'>Numa</span> <span class='ocrx_word' id='word_1_636' title='bbox 2528 4825 2816 4897; x_wconf 81' lang='grc' dir='ltr'>(Νουμᾶς),</span> <span class='ocrx_word' id='word_1_637' title='bbox 2850 4828 3249 4881; x_wconf 84' lang='lat' dir='ltr'>Romanorum</span> <span class='ocrx_word' id='word_1_638' title='bbox 3285 4825 3607 4898; x_wconf 87' lang='lat' dir='ltr'>legislator.</span> <span class='ocrx_word' id='word_1_639' title='bbox 3668 4828 3881 4896; x_wconf 78' lang='grc' dir='ltr'>Νουμᾶς</span> 
     </span>
    </p>
   </div>
   <div class='ocr_carea' id='block_1_111' title="bbox 2237 4913 3880 4989">
    <p class='ocr_par' dir='ltr' id='par_1_111' title="bbox 2237 4913 3880 4989">
     <span class='ocr_line' id='line_1_111' title="bbox 2237 4913 3880 4989; baseline -0.001 -19"><span class='ocrx_word' id='word_1_640' title='bbox 2237 4913 2570 4988; x_wconf 83' lang='grc' dir='ltr'>Πομπίλιος.</span> <span class='ocrx_word' id='word_1_641' title='bbox 2599 4917 2704 4970; x_wconf 88' lang='lat' dir='ltr'>Hic</span> <span class='ocrx_word' id='word_1_642' title='bbox 2728 4933 2915 4988; x_wconf 91' lang='lat' dir='ltr'>remp.</span> <span class='ocrx_word' id='word_1_643' title='bbox 2949 4915 3178 4989; x_wconf 90' lang='lat' dir='ltr'>legibus</span> <span class='ocrx_word' id='word_1_644' title='bbox 3208 4922 3266 4971; x_wconf 92' lang='lat' dir='ltr'>et</span> <span class='ocrx_word' id='word_1_645' title='bbox 3295 4917 3586 4972; x_wconf 89' lang='lat' dir='ltr'>institutis</span> <span class='ocrx_word' id='word_1_646' title='bbox 3607 4916 3880 4972; x_wconf 65' lang='lat' dir='ltr'>fundavitv</span> 
     </span>
    </p>
   </div>
   <div class='ocr_carea' id='block_1_112' title="bbox 2238 5005 3881 5077">
    <p class='ocr_par' dir='ltr' id='par_1_112' title="bbox 2238 5005 3881 5077">
     <span class='ocr_line' id='line_1_112' title="bbox 2238 5005 3881 5077; baseline -0.002 -15"><span class='ocrx_word' id='word_1_647' title='bbox 2238 5023 2583 5076; x_wconf 86' lang='lat' dir='ltr'>annumque</span> <span class='ocrx_word' id='word_1_648' title='bbox 2641 5006 2868 5077; x_wconf 89' lang='lat' dir='ltr'>primus</span> <span class='ocrx_word' id='word_1_649' title='bbox 2901 5005 3129 5060; x_wconf 91' lang='lat' dir='ltr'>invenit</span> <span class='ocrx_word' id='word_1_650' title='bbox 3159 5010 3218 5060; x_wconf 90' lang='lat' dir='ltr'>et</span> <span class='ocrx_word' id='word_1_651' title='bbox 3249 5005 3393 5060; x_wconf 90' lang='lat' dir='ltr'>solis</span> <span class='ocrx_word' id='word_1_652' title='bbox 3421 5006 3754 5061; x_wconf 90' lang='lat' dir='ltr'>circuitum.</span> <span class='ocrx_word' id='word_1_653' title='bbox 3783 5005 3881 5074; x_wconf 90' lang='lat' dir='ltr'>qui</span> 
     </span>
    </p>
   </div>
   <div class='ocr_carea' id='block_1_113' title="bbox 2238 5093 3884 5167">
    <p class='ocr_par' dir='ltr' id='par_1_113' title="bbox 2238 5093 3884 5167">
     <span class='ocr_line' id='line_1_113' title="bbox 2238 5093 3884 5167; baseline -0.003 -15"><span class='ocrx_word' id='word_1_654' title='bbox 2238 5102 2413 5152; x_wconf 87' lang='lat' dir='ltr'>antea</span> <span class='ocrx_word' id='word_1_655' title='bbox 2438 5112 2614 5167; x_wconf 89' lang='lat' dir='ltr'>vagus</span> <span class='ocrx_word' id='word_1_656' title='bbox 2641 5101 2768 5149; x_wconf 91' lang='lat' dir='ltr'>erat</span> <span class='ocrx_word' id='word_1_657' title='bbox 2797 5101 2855 5149; x_wconf 92' lang='lat' dir='ltr'>et</span> <span class='ocrx_word' id='word_1_658' title='bbox 2900 5095 3186 5162; x_wconf 91' lang='lat' dir='ltr'>incertus,</span> <span class='ocrx_word' id='word_1_659' title='bbox 3220 5095 3280 5148; x_wconf 89' lang='lat' dir='ltr'>in</span> <span class='ocrx_word' id='word_1_660' title='bbox 3311 5095 3411 5149; x_wconf 77' lang='lat' dir='ltr'>XII</span> <span class='ocrx_word' id='word_1_661' title='bbox 3433 5111 3669 5150; x_wconf 89' lang='lat' dir='ltr'>menses</span> <span class='ocrx_word' id='word_1_662' title='bbox 3692 5093 3884 5149; x_wconf 82' lang='lat' dir='ltr'>distri-</span> 
     </span>
    </p>
   </div>
   <div class='ocr_carea' id='block_1_114' title="bbox 2239 5183 3883 5256">
    <p class='ocr_par' dir='ltr' id='par_1_114' title="bbox 2239 5183 3883 5256">
     <span class='ocr_line' id='line_1_114' title="bbox 2239 5183 3883 5256; baseline -0.002 -16"><span class='ocrx_word' id='word_1_663' title='bbox 2239 5185 2387 5240; x_wconf 91' lang='lat' dir='ltr'>buit.</span> <span class='ocrx_word' id='word_1_664' title='bbox 2426 5185 2672 5256; x_wconf 89' lang='lat' dir='ltr'>Templa</span> <span class='ocrx_word' id='word_1_665' title='bbox 2689 5185 2870 5239; x_wconf 89' lang='lat' dir='ltr'>etiam</span> <span class='ocrx_word' id='word_1_666' title='bbox 2902 5190 2959 5238; x_wconf 89' lang='lat' dir='ltr'>et</span> <span class='ocrx_word' id='word_1_667' title='bbox 2984 5183 3151 5239; x_wconf 92' lang='lat' dir='ltr'>lucos</span> <span class='ocrx_word' id='word_1_668' title='bbox 3181 5184 3883 5255; x_wconf 83' lang='lat' dir='ltr'>instituit,pontificesque</span> 
     </span>
    </p>
   </div>
   <div class='ocr_carea' id='block_1_115' title="bbox 2242 5272 3887 5344">
    <p class='ocr_par' dir='ltr' id='par_1_115' title="bbox 2242 5272 3887 5344">
     <span class='ocr_line' id='line_1_115' title="bbox 2242 5272 3887 5344; baseline -0.004 -14"><span class='ocrx_word' id='word_1_669' title='bbox 2242 5280 2301 5330; x_wconf 89' lang='lat' dir='ltr'>et</span> <span class='ocrx_word' id='word_1_670' title='bbox 2320 5275 2596 5330; x_wconf 87' lang='lat' dir='ltr'>ﬂamines</span> <span class='ocrx_word' id='word_1_671' title='bbox 2615 5272 3023 5329; x_wconf 91' lang='lat' dir='ltr'>sacerdotibus</span> <span class='ocrx_word' id='word_1_672' title='bbox 3039 5273 3324 5344; x_wconf 75' lang='lat' dir='ltr'>praafecit,</span> <span class='ocrx_word' id='word_1_673' title='bbox 3349 5278 3408 5327; x_wconf 90' lang='lat' dir='ltr'>et</span> <span class='ocrx_word' id='word_1_674' title='bbox 3446 5273 3632 5328; x_wconf 90' lang='lat' dir='ltr'>Salios</span> <span class='ocrx_word' id='word_1_675' title='bbox 3661 5289 3760 5344; x_wconf 90' lang='lat' dir='ltr'>per</span> <span class='ocrx_word' id='word_1_676' title='bbox 3787 5288 3887 5325; x_wconf 83' lang='lat' dir='ltr'>ur-</span> 
     </span>
    </p>
   </div>
   <div class='ocr_carea' id='block_1_116' title="bbox 2242 5363 3886 5436">
    <p class='ocr_par' dir='ltr' id='par_1_116' title="bbox 2242 5363 3886 5436">
     <span class='ocr_line' id='line_1_116' title="bbox 2242 5363 3886 5436; baseline -0.003 -16"><span class='ocrx_word' id='word_1_677' title='bbox 2242 5366 2379 5421; x_wconf 90' lang='lat' dir='ltr'>bem</span> <span class='ocrx_word' id='word_1_678' title='bbox 2408 5366 2624 5420; x_wconf 86' lang='lat' dir='ltr'>saltare</span> <span class='ocrx_word' id='word_1_679' title='bbox 2653 5363 2854 5435; x_wconf 89' lang='lat' dir='ltr'>jussit.</span> <span class='ocrx_word' id='word_1_680' title='bbox 2889 5363 2975 5418; x_wconf 87' lang='lat' dir='ltr'>Ad</span> <span class='ocrx_word' id='word_1_681' title='bbox 3011 5363 3136 5418; x_wconf 67' lang='lat' dir='ltr'>haec</span> <span class='ocrx_word' id='word_1_682' title='bbox 3190 5363 3344 5436; x_wconf 88' lang='lat' dir='ltr'>ignis</span> <span class='ocrx_word' id='word_1_683' title='bbox 3393 5368 3452 5418; x_wconf 90' lang='lat' dir='ltr'>et</span> <span class='ocrx_word' id='word_1_684' title='bbox 3496 5380 3663 5434; x_wconf 79' lang='lat' dir='ltr'>aquae</span> <span class='ocrx_word' id='word_1_685' title='bbox 3693 5378 3886 5416; x_wconf 90' lang='lat' dir='ltr'>curam</span> 
     </span>
    </p>
   </div>
   <div class='ocr_carea' id='block_1_117' title="bbox 2243 5452 3889 5530">
    <p class='ocr_par' dir='ltr' id='par_1_117' title="bbox 2243 5452 3889 5530">
     <span class='ocr_line' id='line_1_117' title="bbox 2243 5452 3889 5530; baseline -0.002 -20"><span class='ocrx_word' id='word_1_686' title='bbox 2243 5455 2571 5530; x_wconf 87' lang='lat' dir='ltr'>virginibus</span> <span class='ocrx_word' id='word_1_687' title='bbox 2597 5452 2932 5508; x_wconf 84' lang='lat' dir='ltr'>Vestalibus</span> <span class='ocrx_word' id='word_1_688' title='bbox 3019 5453 3335 5518; x_wconf 90' lang='lat' dir='ltr'>commisit,</span> <span class='ocrx_word' id='word_1_689' title='bbox 3369 5468 3622 5523; x_wconf 89' lang='lat' dir='ltr'>quarum</span> <span class='ocrx_word' id='word_1_690' title='bbox 3670 5469 3889 5508; x_wconf 86' lang='lat' dir='ltr'>summa</span> 
     </span>
    </p>
   </div>
   <div class='ocr_carea' id='block_1_118' title="bbox 2245 5541 3885 5617">
    <p class='ocr_par' dir='ltr' id='par_1_118' title="bbox 2245 5541 3885 5617">
     <span class='ocr_line' id='line_1_118' title="bbox 2245 5541 3885 5617; baseline -0.002 -16"><span class='ocrx_word' id='word_1_691' title='bbox 2245 5553 2372 5601; x_wconf 90' lang='lat' dir='ltr'>erat</span> <span class='ocrx_word' id='word_1_692' title='bbox 2393 5544 2651 5617; x_wconf 88' lang='lat' dir='ltr'>dignitas</span> <span class='ocrx_word' id='word_1_693' title='bbox 2684 5541 3010 5609; x_wconf 88' lang='lat' dir='ltr'>etillibata,</span> <span class='ocrx_word' id='word_1_694' title='bbox 3043 5541 3240 5612; x_wconf 89' lang='lat' dir='ltr'>quoad</span> <span class='ocrx_word' id='word_1_695' title='bbox 3261 5541 3542 5611; x_wconf 90' lang='lat' dir='ltr'>viverent,</span> <span class='ocrx_word' id='word_1_696' title='bbox 3573 5542 3885 5615; x_wconf 84' lang='lat' dir='ltr'>virginitas.</span> 
     </span>
    </p>
   </div>
   <div class='ocr_carea' id='block_1_119' title="bbox 2245 5629 3887 5702">
    <p class='ocr_par' dir='ltr' id='par_1_119' title="bbox 2245 5629 3887 5702">
     <span class='ocr_line' id='line_1_119' title="bbox 2245 5629 3887 5702; baseline -0.002 -11"><span class='ocrx_word' id='word_1_697' title='bbox 2245 5634 2411 5702; x_wconf 90' lang='lat' dir='ltr'>Quod</span> <span class='ocrx_word' id='word_1_698' title='bbox 2441 5634 2488 5690; x_wconf 90' lang='lat' dir='ltr'>si</span> <span class='ocrx_word' id='word_1_699' title='bbox 2513 5650 2649 5690; x_wconf 91' lang='lat' dir='ltr'>cum</span> <span class='ocrx_word' id='word_1_700' title='bbox 2670 5633 2791 5688; x_wconf 90' lang='lat' dir='ltr'>viro</span> <span class='ocrx_word' id='word_1_701' title='bbox 2830 5648 2954 5687; x_wconf 89' lang='lat' dir='ltr'>rem</span> <span class='ocrx_word' id='word_1_702' title='bbox 2986 5631 3188 5702; x_wconf 90' lang='lat' dir='ltr'>aliqua</span> <span class='ocrx_word' id='word_1_703' title='bbox 3222 5629 3548 5701; x_wconf 85' lang='lat' dir='ltr'>habuisset,</span> <span class='ocrx_word' id='word_1_704' title='bbox 3580 5631 3707 5688; x_wconf 86' lang='lat' dir='ltr'>viva</span> <span class='ocrx_word' id='word_1_705' title='bbox 3733 5631 3887 5688; x_wconf 87' lang='lat' dir='ltr'>defo-</span> 
     </span>
    </p>
   </div>
  </div>
