4062 6298
346 361 376 420 1
388 363 504 420 305

1652 373 1751 431 DE
1792 373 2079 442 QUIBUS
2123 375 2434 458 sumas.

3606 389 3758 449 l306

352 489 650 558 diebatur,
693 491 828 546 ideo
886 511 996 550 nec
1047 502 1370 569 unguento,
1411 516 1522 556 nec
1565 501 1832 573 floribus,
1886 522 1998 560 nec
2031 508 2084 574 Α
2110 509 2308 566 minus
2342 513 2672 584 perspicax.
2706 518 2780 568 At
2803 513 3156 570 Plutarchus
3182 515 3440 585 ‘censuit,
3490 517 3758 587 philoso-

349 583 536 641 veste,
571 581 686 634 nisi
715 581 832 649 alb,
864 585 948 637 uti
981 585 1101 639 illis
1132 586 1321 642 licuit.

419 670 770 737 Numenius,
798 674 1210 743 Apameensis,
1234 678 1432 748 Syrns,
1466 680 1854 752 philosophus
1885 685 1999 754 Py-

353 757 696 829 thagoreus,
730 761 831 830 qui
865 763 1172 820 Platonem
1217 769 1501 835 coarguit,
1552 771 1710 839 quod
1761 778 2001 827 senten-

349 845 494 901 tiam
526 863 694 902 suam
727 848 800 904 de
831 852 950 906 Deo
983 859 1042 907 et
1070 856 1371 911 creatione
1403 859 1610 914 mundi
1643 877 1712 915 ex
1731 862 1999 916 Mosaicis

354 935 591 1006 scriptis
633 939 958 994 suﬂ'uratus
1016 950 1191 1000 esset.
1253 945 1398 1000 Hinc
1455 948 1572 1002 ait:
1627 948 1694 1004 Τί
1738 947 1838 1024 γάρ
1886 947 1996 1003 ἐστι

354 1021 608 1094 Πλάτων,
640 1022 676 1094 ἤ
711 1031 949 1097 Μωτσῆς
980 1030 1334 1103 Ἀττικίζων;
1368 1037 1513 1102 Quid
1540 1044 1619 1094 est
1663 1021 1844 1107 Plato,
1889 1043 2000 1097 nisi

347 1115 518 1168 Moses
546 1118 854 1172 atticissans
883 1118 910 1174 ‘I

421 1205 766 1270 Numenius,
799 1208 1020 1277 rhetor,
1046 1212 1284 1283 scripsit
1306 1236 1333 1263 ‹‹
1362 1216 1441 1269 De
1465 1216 1668 1288 ﬁguris
1693 1217 1994 1285 dictionis,

343 1314 371 1341 «
405 1295 769 1366 Argumenta
797 1299 857 1353 in
889 1300 1371 1372 Demosthenem,
1404 1305 1713 1362 Chriarum
1771 1308 1992 1364 Collec-

341 1403 369 1429 ‹‹
393 1383 636 1452 tionem,
662 1387 1139 1446 Consolationem
1162 1393 1234 1447 ad
1267 1394 1628 1451 Hadrianum
1648 1397 1793 1469 imp.
1819 1415 1996 1469 super

346 1493 367 1519 ι
411 1482 602 1529 morte
631 1477 874 1533 Antinoi
909 1499 959 1535 ιο.

417 1563 722 1635 Nymphis,
755 1568 1079 1641 Xenagoraa
1113 1573 1197 1642 F.,
1243 1574 1640 1643 Heracleotes,
1688 1581 1988 1647 Ponticus,

345 1649 684 1708 historicus.
711 1656 956 1728 Scripsit
976 1659 1048 1714 de
1065 1661 1402 1720 Alexandro
1427 1666 1674 1737 ejusque
1688 1686 1992 1724 successo-

340 1739 507 1794 ribus
541 1747 597 1796 et
629 1745 917 1816 epigonis,
949 1749 1068 1804 sive
1100 1768 1509 1809 successorum
1536 1758 1989 1827 posterislibros

336 1827 528 1886 XXIV.
557 1832 637 1886 De
671 1835 951 1892 Heraclea
980 1837 1164 1895 libros
1194 1843 1346 1899 XIII.
1379 1845 1650 1900 Continet
1675 1853 1872 1902 autem
1895 1865 1988 1902 res
2021 1871 2067 1936 Β

335 1925 531 1990 gestas
550 1928 684 1992 post
707 1925 1010 1996 epigonos,
1040 1947 1226 2000 usque
1241 1931 1314 1986 ad
1339 1938 1726 2004 tyrannorum
1741 1937 1992 1993 eversio-

335 2023 477 2063 nem
511 2017 568 2064 et
595 2029 785 2084 usque
818 2015 893 2070 ad
922 2018 1164 2073 tertium
1197 2021 1605 2079 Ptolemaeum.
1639 2025 1803 2080 Conf.
1838 2029 1986 2082 Kus-

337 2097 448 2151 teri
484 2105 606 2155 not.
641 2102 694 2171 8,
731 2107 868 2158 tom.
903 2106 974 2169 II,
1009 2124 1138 2178 pag.
1169 2110 1296 2165 639.

409 2189 516 2242 Νῦν
552 2188 859 2260 εὐπλόηκα,
894 2190 985 2246 ὅτε
1029 2216 1384 2272 νεναυτγηκα,
1429 2219 1574 2258 nunc
1616 2207 1852 2260 secunda
1893 2223 1991 2260 na-

334 2277 614 2344 vigatione
665 2297 792 2336 usus
842 2299 982 2352 sum,
1040 2303 1162 2341 cum
1212 2293 1573 2360 naufragium
1624 2293 1754 2362 feci.
1812 2295 1988 2365 Zeno,

336 2364 607 2435 Cittieus,
640 2369 798 2426 dicto
832 2373 944 2429 hoc
974 2392 1119 2430 usus
1141 2383 1251 2442 est,
1275 2386 1590 2451 postquam
1615 2385 1988 2456 naufragium

335 2454 592 2526 fecisset,
617 2465 702 2514 et:
722 2464 863 2517 Bene
881 2467 1022 2532 facit
1040 2469 1292 2534 fortuna,
1325 2471 1472 2538 quod
1499 2487 1612 2525 non
1641 2474 1714 2526 ad
1740 2454 1990 2544 philoso-

331 2545 529 2612 phiam
550 2550 858 2618 compellat.
887 2555 1092 2624 ltaqne
1118 2556 1343 2612 relictis
1360 2559 1657 2628 prioribus
1675 2569 1988 2634 praecepto-

339 2631 526 2696 ribus,
569 2636 818 2692 Cratetis
847 2640 1036 2696 factus
1067 2650 1158 2698 est
1205 2644 1552 2717 discipulus,
1603 2631 1987 2722 animumque

343 2721 418 2775 ad
448 2722 885 2796 philosophiam
918 2731 1168 2801 appulit.

411 2813 586 2882 Nysia
617 2814 854 2871 saltatio
887 2824 976 2872 est
1006 2821 1214 2875 eadem
1237 2839 1306 2878 ac
1332 2824 1741 2897 Berecynthia,
1760 2829 1984 2884 Baccho

339 2915 526 2955 sacra.
562 2902 967 2976 Berecynthus
999 2909 1159 2964 enim
1189 2912 1250 2966 in
1282 2914 1459 2984 Nysia
1489 2915 1601 2970 sita
1627 2921 1734 2972 est.
1758 2918 1844 2972 Ita
1869 2919 1988 2975 alia

337 2986 555 3043 dicitur
601 2991 848 3062 Cretica,
898 2997 1017 3051 sive
1067 2998 1349 3068 Gnossia;
1398 3018 1537 3057 nam
1588 3004 1848 3060 Gnossus
1899 3011 1988 3061 est

335 3077 475 3133 urbs
507 3079 713 3153 Cretas,
746 3089 856 3139 etc.

1137 3179 1182 3234 Ο

397 3250 723 3331 Ὠϐἑλισται,
756 3265 906 3319 obelo
943 3273 1196 3323 notatum
1244 3278 1343 3340 est,
1402 3272 1463 3328 id
1521 3280 1631 3340 est,
1690 3276 1977 3347 rejectum

325 3350 436 3412 est,
459 3347 807 3406 damnatum
831 3359 938 3408 est.
965 3355 1182 3413 Obelus
1205 3361 1388 3429 enim,
1413 3363 1531 3418 sive
1551 3380 1712 3434 veru,
1729 3367 1790 3420 in
1811 3366 1978 3422 libris

325 3439 413 3486 est
445 3433 676 3506 signum
708 3439 1072 3508 rejectionis.

394 3518 456 3573 Ὀ
486 3520 724 3585 κάτωθεν
754 3526 944 3597 νόμος,
980 3531 1093 3584 Lex
1123 3532 1386 3590 inferior.
1439 3538 1886 3607 Demosthenes,
1915 3541 1976 3596 in

326 3609 603 3665 Oratione
634 3621 843 3670 contra
873 3618 1284 3676 Aristocratem
1314 3626 1404 3679 vel
1434 3627 1713 3683 Heliaaam
1754 3630 1838 3685 sic
1869 3649 1974 3685 vo-

327 3704 440 3763 cat,
476 3701 634 3768 quod
663 3702 1112 3762 dicasteriorum
1148 3712 1435 3784 (Athenis)
1479 3717 1596 3773 alia
1645 3722 1971 3791 superiora,

323 3785 442 3841 alia
472 3788 755 3846 inferiora
786 3794 1286 3867 nominarentur;
1319 3804 1410 3858 vel
1441 3804 1515 3859 ob
1546 3807 1797 3864 formam
1831 3811 1974 3865 scri-

325 3879 536 3944 pturas,
571 3894 688 3948 qua
717 3881 952 3937 Axones
986 3886 1187 3956 scripti
1219 3897 1429 3959 erant;
1481 3911 1550 3950 ea
1601 3903 1796 3952 autem
1839 3899 1974 3954 talis

328 3967 472 4028 erat,
504 3969 571 4017 ut
600 3981 773 4021 versu
806 3969 997 4038 primo
1029 3988 1064 4026 a
1091 3972 1298 4030 dextra
1328 3977 1400 4032 ad
1433 3980 1733 4038 sinistram
1766 4003 1973 4056 proce-

325 4049 524 4118 dente,
555 4067 757 4108 versus
789 4058 1084 4114 secundus
1115 4077 1150 4115 a
1182 4063 1422 4122 sinistra
1443 4068 1514 4122 ad
1541 4070 1806 4128 dextram
1829 4077 1974 4130 scri-

326 4143 462 4208 ptus
493 4145 651 4195 esset
699 4142 1111 4220 βουστροφηδὸν
1171 4151 1470 4211 sulcorum
1521 4174 1721 4227 more;
1772 4161 1972 4234 itaque

322 4221 511 4295 legem
532 4241 684 4294 eam,
709 4245 840 4298 quas
863 4246 897 4285 a
917 4232 1158 4290 sinistra
1185 4237 1412 4310 incipit,
1435 4242 1776 4302 inferiorem
1806 4221 1974 4306 vocat

322 4311 771 4372 Demosthenes.
803 4323 1037 4376 Axones
1056 4325 1216 4379 enim
1239 4332 1296 4380 et
1315 4328 1533 4399 Cyrbes
1555 4349 1645 4401 eo,
1674 4353 1788 4406 quo
1820 4339 1969 4393 dixi-

326 4416 477 4464 mus,
512 4403 687 4466 modo
720 4407 970 4478 scriptos
991 4426 1143 4480 esse,
1167 4415 1506 4486 Euphorion
1529 4422 1588 4476 in
1615 4403 1969 4495 Apollodoro

324 4487 543 4580 docuit.
581 4491 680 4546 Vel
697 4495 838 4563 quia
857 4497 1159 4567 Ephialtes
1178 4505 1413 4561 Axones
1440 4487 1726 4580 etCyrbes
1748 4530 1818 4568 ex
1841 4515 1967 4570 loco

2108 597 2293 667 phum
2328 617 2447 656 non
2478 601 2550 656 de
2591 602 2956 673 quibuslibet
3009 603 3186 658 rebus
3241 604 3752 677 interrogandum,

2108 701 2219 742 nec
2249 705 2384 742 eum
2418 690 2489 744 de
2520 693 2722 762 quavis
2754 709 2815 746 re
2847 709 2916 746 ex
2943 698 3210 764 tempore
3257 693 3619 764 respondere
3652 695 3757 749 de-

2107 775 2268 834 bere.
2300 779 2365 833 ln
2398 781 2605 850 primis
2635 782 2879 837 difﬁcile
2910 789 2970 836 et
2993 787 3223 837 tantum
3247 799 3365 836 non
3387 783 3756 853 impossibile

2109 882 2260 936 esse,
2293 876 2358 923 ut
2385 871 2656 928 homines
2688 872 2999 944 (explorati
3031 879 3088 926 et
3117 871 3282 942 certi)
3304 871 3531 942 aliquid
3553 873 3756 928 dicant

2108 957 2340 1012 sentian
2350 964 2438 1013 tve
2470 960 2541 1016 de
2573 961 2706 1015 diis.

2177 1047 2530 1118 (Enomaus,
2601 1051 2974 1118 Gadarensis,
3030 1052 3420 1121 philosophus
3487 1052 3751 1123 cynicus,

2106 1151 2225 1190 non
2255 1138 2442 1192 multo
2473 1140 2776 1210 antiquior
2822 1140 3168 1211 Porphyrio.
3219 1139 3464 1211 Scripsit
3511 1141 3584 1194 De
3612 1149 3756 1196 secta

2103 1228 2332 1293 cynica;
2367 1223 2651 1280 Πολιτείαν
2683 1229 2801 1283 sive
2832 1231 2909 1283 De
2935 1245 3080 1298 rep.,
3113 1230 3188 1283 De
3219 1229 3491 1282 homerica
3507 1229 3754 1298 philoso-

2095 1314 2276 1384 phia;
2306 1317 2379 1369 De
2407 1317 2644 1382 Cratete,
2682 1318 2917 1387 Diogene
2946 1323 3004 1372 et
3031 1317 3261 1372 caeteris
3288 1317 3585 1388 (Cynicis).

2172 1403 2574 1474 Ὀιωνιστικήν.
2633 1409 2836 1461 Artem
2866 1406 3194 1478 augurandi
3251 1405 3427 1477 primi
3479 1406 3756 1461 invenere

2101 1493 2380 1564 Phryges,
2407 1496 2653 1566 ejusque
2676 1496 2932 1566 species:
2959 1497 3034 1566 1.)
3058 1493 3526 1563 Ὀρνεοσκοπικὸν,
3550 1496 3755 1565 Auspi-

2099 1583 2264 1644 cium,
2298 1588 2364 1636 ut
2393 1600 2526 1638 cum
2566 1601 2668 1639 ave
2700 1586 2894 1639 fronte
2941 1584 3030 1638 vel
3073 1590 3234 1655 tergo
3288 1583 3524 1638 volante
3575 1587 3634 1638 et
3679 1583 3752 1638 ad

2099 1669 2368 1726 dextram
2399 1673 2489 1727 vel
2530 1674 2832 1728 sinistram
2879 1673 3241 1741 declinante,
3291 1671 3424 1742 quis
3472 1672 3638 1737 dicit,
3689 1671 3751 1725 id

2100 1759 2253 1816 hanc
2283 1761 2373 1816 vel
2394 1761 2560 1817 illam
2583 1780 2707 1817 rem
2732 1762 3086 1835 significare.
3109 1761 3372 1815 Primum
3397 1760 3467 1814 de
3493 1760 3602 1814 hac
3623 1767 3748 1815 arte

2099 1850 2335 1920 scripsit
2360 1852 2680 1921 Telegonus.
2712 1856 2784 1920 2.)
2807 1848 3237 1916 Οἷκοσκοπικὸν,
3265 1865 3400 1904 cum
3427 1849 3748 1904 observan-

2101 1942 2196 1991 tur
2225 1954 2294 1992 ea
2325 1956 2454 2009 quae
2481 1940 2640 1994 domi
2673 1941 2969 2007 accidunt,
2999 1937 3179 1992 veluti
3213 1937 3262 1991 si
3295 1937 3358 1991 in
3383 1942 3533 1991 tecto
3567 1953 3746 2008 appa-

2098 2026 2286 2080 ruerit
2305 2029 2559 2083 mustela
2581 2029 2670 2083 vel
2693 2045 2968 2099 serpens;
2992 2032 3094 2082 aut
3113 2026 3313 2081 oleum
3336 2026 3588 2079 effusum
3620 2025 3749 2079 fue-

2098 2114 2193 2181 rit,
2230 2121 2332 2171 aut
2361 2117 2500 2184 mel,
2533 2122 2635 2172 aut
2663 2118 2885 2184 vinum,
2917 2122 3022 2172 aut
3049 2131 3227 2186 aqua,
3261 2119 3364 2169 aut
3407 2114 3597 2171 cinis:
3645 2119 3750 2168 aut

2097 2201 2322 2275 lignum
2354 2207 2670 2277 crepuerit,
2711 2213 2814 2262 aut
2850 2205 3077 2276 aliquid
3112 2204 3276 2260 aliud
3311 2203 3611 2269 acciderit,
3637 2203 3747 2257 hoc

2097 2292 2186 2346 vel
2217 2293 2366 2349 illud
2406 2296 2722 2367 significat.
2785 2297 2865 2349 De
2924 2297 3034 2350 hac
3091 2293 3456 2349 divinatione
3511 2292 3749 2361 scripsit

2095 2382 2439 2436 Xenocrates.
2474 2384 2548 2446 3.)
2583 2379 2844 2448 Ἐνόδιον,
2879 2399 3012 2437 cum
3038 2383 3462 2452 interpretatur
3491 2379 3624 2449 quis
3654 2396 3746 2447 ea,

2096 2488 2228 2542 quas
2252 2471 2312 2526 in
2335 2472 2426 2526 via
2441 2473 2612 2527 nobis
2641 2478 2982 2536 occurrunt,
3001 2478 3066 2526 ut
3084 2488 3219 2526 cum
3243 2470 3375 2541 quis
3408 2468 3513 2522 tibi
3542 2469 3745 2523 obvius

2094 2558 2286 2614 factus
2311 2561 2508 2630 fuerit,
2541 2562 2654 2616 hoc
2684 2562 2772 2616 vel
2804 2561 2952 2615 illud
2984 2567 3244 2632 gestans,
3279 2559 3390 2612 hoc
3445 2557 3536 2612 vel
3583 2556 3748 2612 aliud

2096 2648 2201 2702 tibi
2235 2650 2482 2705 eveniet.
2511 2652 2592 2706 De
2627 2651 2738 2705 hoc
2769 2651 3007 2721 scripsit
3036 2649 3231 2704 Polles.
3266 2649 3342 2717 4.)
3375 2646 3738 2719 Χειροσκοπι-

2093 2735 2208 2804 κὸν,
2244 2756 2377 2794 cum
2409 2756 2591 2795 manu
2620 2755 2911 2811 exspansa
2942 2739 3189 2810 ejusque
3243 2737 3403 2808 rugis
3453 2735 3740 2806 inspectis

2095 2825 2370 2896 dicimus,
2406 2830 2645 2884 Liberos
2671 2829 3027 2901 procreabit,
3059 2827 3150 2881 vel
3178 2826 3296 2882 tale
3328 2825 3491 2896 quid.
3525 2827 3605 2879 De
3629 2825 3740 2879 hoc

2094 2918 2334 2991 scripsit
2359 2920 2614 2975 Helenus.
2646 2920 2723 2989 5.)
2757 2915 3064 2990 Παλμικὸν,
3094 2917 3190 2972 cui
3222 2916 3322 2987 qui
3377 2916 3634 2980 student,
3671 2931 3742 2969 ex

2094 3013 2350 3064 tremore
2369 3015 2428 3064 et
2447 3009 2836 3080 palpitatione
2859 3007 3262 3062 membrorum
3289 3004 3488 3058 futura
3518 3002 3738 3074 praedi-

2092 3105 2254 3167 cunt,
2287 3099 2465 3154 veluti
2495 3116 2634 3154 cum
2666 3099 2823 3154 saliit
2853 3098 3059 3154 oculus
3090 3098 3295 3152 dexter
3342 3094 3434 3148 vel
3477 3094 3739 3162 sinister,

2011 3228 2054 3296 C
2091 3187 2183 3240 vel
2214 3188 2498 3243 humerus
2526 3187 2616 3242 vel
2645 3187 2860 3251 femur,
2891 3186 2983 3240 vel
3012 3202 3147 3240 cum
3205 3200 3309 3256 pes
3356 3183 3605 3254 prurivit
3646 3181 3742 3236 vel

2098 3278 2239 3296 ---ᾉξν
2287 3279 2323 3296 ιο
2384 3278 2481 3296 ηυι
2535 3279 2559 3296 L
2585 3295 2596 3296 γ
2621 3293 2635 3296 Α
2680 3295 2685 3296 ,
2718 3279 2757 3296 ,l
2796 3275 2939 3296 SII,_.‘I
2982 3276 3198 3296 _____:-1
3260 3275 3331 3296 n-
3365 3273 3472 3296 ι.--
3520 3273 3705 3296 .ι;--;--..

2092 3278 2254 3333 auris
2283 3278 2506 3346 tinniit,
2535 3279 2643 3332 hoc
2671 3279 2763 3333 vel
2793 3275 2944 3332 illud
2975 3276 3221 3331 eveniet.
3255 3275 3335 3328 De
3365 3273 3476 3328 hoc
3514 3273 3744 3327 divina-

2093 3367 2272 3422 tionis
2305 3383 2520 3440 genere
2551 3367 2789 3438 scripsit
2818 3364 3187 3420 Posidonius.

2163 3456 2330 3523 Olen,
2355 3455 2742 3527 Dymasus,vel
2764 3456 3196 3525 Hyperporeus,
3219 3452 3309 3506 vel
3333 3451 3741 3522 Lycius,poeta

2091 3545 2314 3615 epicus.
2350 3546 2459 3600 Sed
2481 3545 2677 3616 potius
2714 3550 2804 3598 est
2825 3543 3030 3614 Lycius
3061 3559 3090 3596 e
3114 3542 3366 3606 Xantho,
3389 3547 3456 3594 ut
3478 3539 3744 3594 Lallima-

2091 3634 2240 3689 chus
2269 3634 2550 3702 declarat,
2585 3639 2644 3688 et
2673 3631 3048 3704 (Alexander)
3081 3630 3419 3701 Polyhistor
3451 3629 3512 3683 in
3547 3630 3742 3682 Histo-

2091 3724 2180 3778 ria
2212 3723 2416 3795 Lycias.

2161 3812 2501 3883 Olophyxis,
2533 3811 2737 3867 civitas
2767 3809 3026 3866 Thracias
3049 3809 3221 3880 juxta
3250 3812 3514 3862 montem
3538 3806 3734 3860 Athon

2088 3900 2259 3970 cujus
2289 3901 2428 3956 civis
2458 3901 2569 3955 fuit
2599 3900 2926 3955 Herodotus
2951 3897 3238 3968 OIOphyx,
3281 3895 3381 3966 qui
3432 3896 3504 3949 De
3554 3899 3730 3963 Nym-

2079 3989 2212 4058 phis
2240 3997 2292 4044 et
2320 3992 2622 4060 sacriﬁciis,
2657 3995 2722 4044 ut
2750 3990 2938 4056 aiunt,
2972 3987 3228 4058 scripsit.

2159 4079 2480 4150 Olympias,
2513 4085 2835 4144 certamen,
2869 4082 3077 4149 quarto
3101 4091 3335 4147 quoque
3353 4091 3509 4128 anno
3533 4073 3734 4145 peragi

2087 4167 2350 4237 solitum,
2383 4169 2456 4224 ob
2487 4169 2668 4237 diem,
2710 4170 2811 4240 qui
2843 4174 3053 4239 quarto
3085 4181 3322 4238 quoque
3355 4181 3511 4219 anno
3536 4181 3605 4219 ex
3631 4180 3734 4218 sex

2085 4255 2248 4312 horis
2281 4258 2597 4330 colligitur.
2631 4259 2830 4314 Prima
2857 4264 3054 4313 autem
3085 4256 3386 4328 Olympias
3430 4254 3643 4308 incidit
3672 4253 3735 4308 in

2085 4351 2318 4401 aetatem
2351 4347 2701 4413 Salomonis,
2736 4365 2852 4418 quo
2886 4353 3148 4417 tempore
3177 4345 3331 4400 Jovis
3362 4344 3580 4398 festum
3611 4359 3730 4413 pu-

2081 4433 2240 4490 blica
2269 4435 2644 4491 solemnitate
2674 4436 3037 4491 celebratum
3065 4441 3174 4489 est.

2152 4521 3460 4596 Olympiodorus,philosophusAlexandrinus
3473 4518 3730 4573 celeber-

327 4579 653 4647 δυρθνίοτθν
686 4582 746 4636 id
777 4591 868 4639 θεῖ
894 4603 1048 4657 arce.
1083 4591 1144 4644 ίῐι
1175 4593 1402 4650 curiam
1442 4603 1503 4652 et
1537 4599 1730 4658 forum
1777 4610 1971 4661 trans-
2002 4591 2049 4654 ί)
2080 4579 2267 4670 rimus
2293 4579 2382 4670 Ad
2408 4616 2566 4671 hunc
2594 4616 2957 4671 audiendum
2998 4615 3260 4680 Proclus,
3316 4613 3543 4684 Lycius,
3594 4610 3724 4664 Ari-

323 4665 476 4720 tulit.

389 4754 603 4854 Ochus,
635 4759 808 4854 'QXOE
851 4763 1005 4854 (aliis
1065 4767 1316 4842 Μῶχος),
1377 4775 1765 4850 phiIOSOphus
1815 4783 1972 4854 apud

318 4843 650 4986 Plfimnices,
681 4853 746 4901 ut
771 4850 1062 4910 Zamolxis
1093 4859 1249 4928 apud
1275 4843 1527 4920 Thraces
1551 4843 1793 4925 et-Atlas
1814 4843 1971 4944 apud

321 4935 368 4986 A
395 4949 515 4987 ros.

395 5023 590 5122 ochus
623 5026 961 5122 (Persarum
992 5036 1140 5105 rex),
1169 5039 1268 5107 qui
1303 5057 1436 5097 cum
1470 5046 1621 5116 Apin
1655 5051 1968 5122 (Egyptia-

319 5114 474 5182 rum)
508 5113 919 5187 interfecisset,
956 5137 1090 5178 eum
1123 5129 1328 5199 coquis
1369 5113 1600 5191 tradere
1654 5113 1856 5208 voluit,
1906 5148 1972 5197 ut

321 5217 455 5255 eum
487 5203 549 5258 in
579 5204 766 5262 frusta
795 5208 1162 5271 dissecarent
1190 5225 1249 5273 et
1277 5221 1351 5276 ad
1396 5240 1622 5282 cuinam
1672 5245 1824 5301 praaf
1837 5248 1967 5288 ara-

315 5296 468 5344 rent.

384 5381 764 5481 Odaanathus,
799 5388 996 5460 Syrus,
1031 5395 1354 5470 Plutarchi,
1388 5404 1726 5480 philosophi
1767 5413 1964 5481 (Athe-

316 5468 588 5572 niensis),
621 5475 887 5572 auditor,
935 5486 1297 5567 quaestiones
1342 5468 1640 5552 difﬁciles.
1687 5468 1964 5572 magistro

313 5556 640 5628 disputanti
663 5562 990 5625 identidem
1003 5561 1402 5648 proponebat,
1420 5587 1478 5638 et
1497 5556 1963 5648 dicentemusem:

310 5661 420 5716 per
447 5649 883 5723 interpellabat,
918 5659 991 5714 ad
1023 5665 1334 5724 veritatem
1364 5677 1797 5745 assequendam
1836 5681 1962 5754 ipse

2083 4705 2365 4760 stotelicaa
2387 4706 2668 4760 doctrinas
2691 4705 2988 4761 discendm
3005 4720 3184 4760 causa
3203 4721 3264 4758 se
3287 4702 3556 4758 contulit.
3580 4701 3726 4756 Cum

2079 4800 2278 4849 autem
2310 4795 2795 4866 Olympiodorum
2825 4794 3078 4857 audiret,
3102 4794 3288 4847 virum
3321 4791 3722 4860 eloquentem,

2082 4890 2140 4940 et
2167 4887 2266 4955 qui
2299 4891 2540 4956 propter
2577 4886 2794 4958 linguai
2818 4884 3246 4940 volubilitatem
3276 4887 3334 4936 et
3353 4881 3718 4936 celeritatem

2079 4973 2141 5027 in
2172 4972 2420 5027 dicendo
2451 4990 2485 5028 a
2515 4973 2718 5043 paucis
2748 4972 3117 5029 auditoribus
3140 4968 3599 5041 intelligebatur,
3633 4969 3717 5023 sic

2079 5061 2152 5116 ab
2182 5077 2250 5116 eo
2281 5061 2394 5116 fuit
2421 5061 2801 5133 approbatus,
2833 5067 2899 5118 ut
2931 5061 3196 5125 ﬁliolam,
3231 5065 3289 5114 et
3318 5059 3508 5130 ipsam
3530 5057 3721 5130 philo-

2079 5151 2320 5222 sophice
2350 5152 2704 5222 institutam,
2738 5153 2850 5224 ipsi
2885 5153 3254 5224 despondere
3273 5154 3542 5209 voluerit.
3565 5155 3722 5210 conf.

2077 5241 2310 5296 Kusteri
2342 5246 2462 5296 not.
2500 5243 2551 5309 3,
2588 5247 2727 5296 tom.
2761 5243 2832 5308 II,
2862 5259 2990 5313 pag.
3028 5245 3151 5297 683.

2147 5330 2452 5402 Olympus,
2478 5331 2788 5387 Generosas
2806 5330 3156 5402 (Γενερώσης)
3180 5331 3486 5403 frater,qui
3503 5332 3723 5387 exCili-

2075 5418 2166 5474 cia
2197 5418 2614 5474 Alexandriam
2646 5420 2805 5474 venit
2854 5418 2927 5474 ad
2979 5419 3298 5476 colendum
3355 5421 3718 5491 Serapidem'

2073 5508 2160 5562 vir
2186 5509 2425 5580 ingenio
2453 5508 2813 5579 admirabili,
2846 5526 3090 5581 corpore
3119 5526 3331 5582 magno
3363 5515 3422 5564 et
3447 5525 3717 5580 procero,

2070 5597 2220 5653 facie
2254 5598 2502 5654 honesta
2531 5605 2590 5654 et
2619 5598 2872 5667 liberali,
2908 5599 3092 5655 suada
3119 5598 3474 5655 incredibili.
3525 5599 3716 5662 Quare

2073 5688 2431 5746 constitutus
2453 5683 3232 5762 lepoSLSaicxaloc,sacrorum
3251 5685 3716 5759 magister,apud
