4088 6312
376 387 532 446 1307
1672 385 1921 448 INDEX
1966 386 2485 452 SCRIPTORUM
3433 467 3438 470 _
3631 390 3795 452 I308

379 517 837 583 Alexandrinos,
870 515 972 587 qui
1005 521 1145 571 tunc
1175 522 1438 572 torrente
1469 518 1638 588 quasi
1670 520 1818 591 reip.
1844 518 1904 574 in
1935 516 2028 574 de-

2169 522 2394 594 icripsit
2422 520 2567 596 Ηρός
2617 521 2742 583 τοὺς
2789 521 3125 596 ἀποροῦν-τάς
3190 523 3296 575 τῶν
3358 518 3582 594 ἰατρῶν,
3647 539 3670 569 ε
3703 520 3794 577 Ad

381 609 568 662 terius
598 607 1000 677 rapiebantur.
1032 605 1161 674 Ille,
1202 623 1350 676 quos
1405 609 1617 678 potuit,
1665 624 2030 681 congregans
2140 634 2166 660 α
2200 611 2462 666 medicos
2478 612 2841 678 dubitantes,
2862 611 3048 666 libros
3073 611 3180 678 IX;
3207 611 3294 666 Ad
3313 611 3618 667 Iulianum
3644 611 3766 682 Imp

379 697 628 766 antiqua
657 695 929 750 instituta
962 711 1062 750 eos
1090 695 1394 761 edocebat,
1418 702 1476 750 et
1495 698 1879 752 comitantem
1898 698 2028 760 hos,
2140 720 2169 750 «
2197 699 2380 754 libros
2413 701 2642 767 LXXII;
2677 702 2980 772 Epitomea
3013 717 3244 766 eorum,
3305 700 3491 755 libros
3539 701 3650 764 IX;
3707 699 3793 755 Ad

378 787 479 856 qui
516 801 587 840 ea
606 785 1007 848 observarent,
1032 784 1480 840 demonstrabat
1496 785 2030 844 felicitatem.Ami-
2143 809 2171 837 ‹‹
2196 789 2589 852 Eustathium,
2625 789 2836 845 ﬁlium.
2869 792 3004 845 Item
3032 791 3113 845 De
3140 805 3320 861 regno
3354 796 3408 843 et
3449 789 3522 844 de
3565 788 3797 844 aﬂ'ecti-

379 876 463 929 cis
496 891 628 929 vero
658 873 931 944 praedixit
964 873 1304 944 Serapidem
1336 875 1685 931 relicturum
1718 893 1848 932 esse
1881 882 2027 931 tem-
2141 899 2170 926 «
2203 876 2334 932 bus.
2369 899 2398 926 ιι

378 964 565 1035 plum,
604 963 762 1032 quod
795 967 851 1016 et
880 962 1100 1017 factum
1134 969 1242 1018 est.

453 1053 780 1124 Olympius,
810 1053 1049 1106 Maaonis
1084 1053 1168 1118 F.,
1202 1055 1415 1124 Mysus,
1446 1054 1686 1119 tibicen,
1713 1061 1888 1126 poeta
1909 1072 2036 1110 me-

382 1143 532 1197 licns
564 1145 623 1195 et
653 1141 969 1212 elegiacus,
1001 1147 1208 1196 auctor
1237 1143 1501 1208 musicas,
1536 1161 1667 1214 quae
1700 1145 2034 1216 pulsatione

384 1230 706 1303 peragitur,
729 1231 992 1300 itemque
1025 1231 1175 1301 ejus,
1211 1248 1342 1301 quae
1373 1238 1552 1287 cantu
1584 1233 1863 1288 tibiarum
1893 1251 2036 1288 con-

385 1329 496 1379 stat
523 1340 536 1377 :
568 1321 896 1392 discipulus
920 1327 978 1376 et
1001 1323 1256 1376 amatius
1282 1324 1545 1396 Marsya),
1566 1325 1666 1394 qui
1689 1341 1904 1396 genere
1925 1324 2039 1378 fuit

389 1413 648 1483 Satyrus,
683 1410 918 1465 auditor
958 1428 1095 1466 vero
1155 1417 1214 1466 et
1269 1411 1427 1467 ﬁlius
1484 1413 1824 1485 Hyagnidis.
1888 1415 2042 1469 Vixit

386 1501 671 1571 Olympus
700 1505 837 1554 ante
868 1499 1092 1554 bellum
1122 1501 1462 1572 Trojanum,
1497 1518 1532 1556 a
1559 1519 1674 1573 quo
1708 1507 1766 1556 et
1785 1519 1956 1557 mons
1979 1503 2039 1557 in

397 1591 580 1662 Mysia
605 1606 826 1644 nomen
859 1589 1103 1660 accepit.

466 1679 802 1744 Onesimus,
836 1679 1081 1749 Cyprius
1110 1679 1199 1733 vel
1239 1679 1582 1750 Spartanus,
1635 1681 1952 1736 historicus
1983 1685 2041 1734 et

2216 984 2516 1056 Origenes,
2551 985 2653 1056 qui
2684 991 2742 1039 et
2773 985 3176 1054 Adamantius,
3209 984 3296 1039 vir
3337 983 3707 1040 clarissimus
3742 990 3802 1040 et

2144 1074 2422 1130 subactus
2454 1076 2513 1130 in
2545 1076 2706 1130 omni
2733 1092 2948 1147 genere
2981 1075 3335 1148 disciplinae,
3368 1074 3606 1130 auditor
3655 1077 3801 1129 Am-

2142 1165 2329 1219 monii
2359 1169 2574 1231 Saccaa,
2607 1165 2963 1236 philosophi,
2996 1164 3068 1220 de
3099 1166 3269 1237 cujus
3299 1164 3417 1218 vita
3447 1169 3506 1219 et
3557 1164 3795 1235 scriptis

2145 1254 2316 1325 plura
2346 1256 2518 1310 affert
2545 1254 2753 1309 Suidas
2782 1272 2852 1310 ex
2881 1254 3119 1310 Eusebii
3152 1254 3303 1309 libro
3337 1255 3427 1321 VI,
3461 1253 3794 1324 Sophronia

2145 1350 2205 1399 et
2232 1344 2496 1399 Cedreno
2523 1361 2535 1398 :
2565 1350 2883 1415 narratque
2915 1344 3072 1400 inter
3102 1343 3238 1412 alia,
3301 1343 3594 1398 Ambrosii
3629 1342 3794 1396 Alex.

2143 1433 2418 1505 precibus
2432 1433 2862 1504 Scripturaram
2876 1449 3102 1488 sacram
3119 1432 3441 1504 explicasse
3455 1431 3614 1486 intra
3625 1432 3799 1486 XVIII

2145 1539 2336 1578 annos
2363 1527 2421 1577 et
2451 1521 2738 1577 librorum
2773 1523 3077 1594 scripsisse
3110 1521 3182 1577 ad
3214 1539 3315 1576 sex
3357 1521 3567 1586 millia,
3619 1527 3797 1591 atque

2147 1611 2218 1665 ob
2252 1627 2456 1665 eorum
2489 1611 2957 1678 multitudinem,
2991 1611 3210 1666 dictum
3257 1608 3641 1675 Συντακτικὸν,
3685 1617 3799 1664 etc.

2217 1700 2416 1766 Orion,
2449 1700 2784 1767 Thebanus,
2817 1701 3140 1772 Egyptius,
3167 1698 3802 1770 scripsitCollectionem

400 1769 665 1839 sophista
725 1768 1093 1838 temporibus
1147 1770 1520 1824 Constantini
1580 1771 1720 1841 imp.
1795 1770 2041 1840 Scripsit

2169 1787 2580 1854 Sententiarum,
2615 1804 2740 1856 seu,
2783 1768 3160 1862 Ἀνδὸλόγιον,
3193 1768 3571 1858 Florilegium,
3595 1787 3668 1843 ad
3689 1789 3802 1842 Eu-

393 1883 419 1910 ‹‹
457 1863 715 1912 statuum
749 1857 1118 1914 Divisiones:
1152 1863 1346 1912 Artem
1372 1859 1724 1930 judicialem
1765 1859 1838 1914 ad
1870 1859 2036 1930 Apsi-

2169 1877 2403 1942 lociam,
2437 1877 2578 1948 imp.
2611 1857 3205 1932 TheodosiiJunioris
3230 1877 3667 1936 uxoremJibris
3695 1877 3789 1932 III.

398 1963 419 1991 ι
455 1961 631 2011 nem;
666 1945 746 1998 De
771 1949 896 1998 arte
953 1945 1435 2012 contradicendi;
1494 1948 2042 2018 Progymnasmata,

394 2057 421 2085 ‹‹
457 2033 950 2103 Declamationes,
985 2035 1258 2090 encomia
1291 2057 1317 2083 ››
1352 2041 1409 2089 et
1439 2035 1556 2090 alia
1585 2035 1862 2106 plurima.

465 2123 852 2188 Onesicritus,
888 2125 1279 2195 Xenophonte
1313 2130 1474 2179 tanto
1524 2124 1771 2180 inferior
1816 2124 2045 2180 haben-

399 2214 529 2281 dus,
563 2225 784 2284 quanto
816 2213 1154 2283 exemplum
1181 2213 1519 2284 archetypo.

469 2301 930 2364 Onetor,Contra
950 2303 1107 2356 hunc
1127 2303 1554 2358 Demosthenes
1572 2302 2044 2374 scripsitOratio-

399 2409 505 2446 nes
537 2391 609 2445 de
631 2390 881 2461 judicio,
906 2387 1158 2461 ἐξούλης,
1192 2391 1309 2446 sive
1331 2393 1398 2446 de
1416 2393 1490 2447 vi.
1516 2392 1648 2447 Fuit
1668 2398 1864 2448 autem
1891 2409 2049 2447 unur

399 2499 470 2536 ex
500 2481 791 2553 choragis,
825 2481 998 2551 cujus
1029 2481 1208 2535 etiam
1240 2481 1529 2537 Isocrates
1559 2483 1620 2536 in
1669 2483 1944 2538 Oratione
1975 2481 2046 2536 de

2229 1969 2428 2036 Orion,
2458 1967 2915 2029 Alexandrinus.
2946 1969 3390 2041 grammaticus,
3411 1969 3647 2040 scripsit
3676 1972 3810 2020 Ἀν-

2157 2055 2431 2131 θολόγιον.
2468 2079 2496 2106 ››
2527 2059 2853 2112 Atticorum
2885 2057 3301 2113 vocabulorum
3342 2057 3766 2112 Collectionem
3794 2075 3810 2122 ;

2161 2167 2187 2196 «
2223 2147 2302 2200 De
2333 2146 2700 2219 Etymologia
2729 2164 2740 2214 ;
2774 2146 3121 2202 Encomium
3151 2145 3421 2213 Adriani,
3453 2147 3728 2202 Caasaris.

2231 2235 2498 2306 Orpheus
2530 2252 2598 2290 ex
2631 2235 2933 2290 Lebethris
2963 2236 3222 2290 Thraciae
3271 2235 3562 2290 oriundus
3614 2235 3812 2300 (Lebe-

2162 2325 2296 2379 thra
2325 2325 2528 2378 civitas
2558 2325 2765 2379 Pieriaa
2796 2325 3028 2394 vicina),
3062 2324 3267 2396 (Eagri
3297 2330 3356 2379 et
3401 2325 3693 2396 Calliopes
3745 2325 3805 2379 F.

2161 2414 2383 2485 (Eager
2409 2430 2566 2479 vero,
2599 2414 2843 2484 quintus
2875 2413 2944 2468 ab
2978 2413 3234 2475 Atlante,
3276 2430 3345 2468 ex
3377 2413 3658 2485 Alcyone,
3690 2429 3812 2466 una

2163 2502 2419 2558 ﬁliarum
2452 2503 2603 2574 ejus.
2641 2501 2793 2556 Vixit
2821 2501 3098 2557 undecim
3129 2501 3400 2556 aetatibus
3431 2507 3568 2557 ante
3590 2501 3812 2555 bellum

394 2571 788 2662 retributione
818 2569 1184 2662 mentionem
1213 2569 1371 2625 facit.
2161 2569 2501 2662 Trojanum,
2535 2591 2849 2662 ipsumque
2874 2591 2999 2646 Lini
3022 2590 3381 2662 discipulum
3401 2590 3582 2645 fuisse
3610 2591 3817 2646 dicunt

465 2661 834 2731 Onosander,
867 2661 1257 2733 philosophus
1290 2662 1652 2732 Platonicus,
1675 2663 1923 2735 scripsit
1945 2664 2041 2717 Ta-

2169 2685 2224 2734 et
2252 2661 2462 2735 novem
2514 2661 2717 2735 aetates
2742 2681 2977 2734 vixisse.
3031 2680 3144 2734 Alii
3176 2661 3504 2734 iundecim.
3566 2679 3816 2749 Scripsit

401 2762 565 2828 ctz'ca,
600 2760 720 2816 sive
754 2761 831 2814 De
865 2760 991 2814 acie
1023 2759 1416 2828 instruenda;
1455 2783 1475 2807 ι
1514 2763 1594 2816 De
1618 2761 2051 2833 strategemati-
2162 2772 2496 2842 Τριαγμους,
2531 2770 2630 2840 qui
2658 2769 2729 2823 ab
2763 2769 2896 2824 aliis
2951 2769 3108 2824 [onis
3159 2769 3364 2841 tragici
3427 2785 3557 2823 esse
3598 2767 3810 2822 dicun-

399 2874 426 2902 «
445 2851 586 2916 bus;
609 2851 1078 2905 Commentarios
1101 2851 1162 2905 in
1181 2851 2050 2923 librosPlatonis;Derepub1m
2165 2861 2361 2915 tur.In
2387 2859 2477 2913 his
2499 2858 2675 2913 etiam
2703 2857 3065 2913 fueruntilla
3089 2874 3221 2928 quae
3249 2857 3531 2912 dicuntur
3550 2857 3819 2930 Ἰεροστο-

473 2940 743 3013 Ophelio,
779 2941 1061 3010 comisns,
1113 2958 1181 2996 ex
1232 2942 1401 3013 cujus
1447 2942 1666 2998 fabulis
1715 2947 1854 2998 sunt
1905 2947 2041 2997 teste

2169 2944 2311 3002 λικά.
2357 2944 2579 3008 Κλίσεες
2637 2948 2735 3017 (an
2787 2945 3065 3017 κλήσεις.)
3121 2945 3403 3018 κοσμικαί⁶
3464 2943 3814 2998 Νεοτευτικά.

401 3033 705 3096 Athenaeo,
740 3027 1072 3097 Δευκαλίων,
1109 3029 1518 3106 ΚαλΛαίσχρος,
1569 3033 1892 3105 Κένταυρος,
1943 3033 2041 3085 Σά.

2169 3034 2366 3111 Ἰεροὺς
2399 3033 2619 3108 λόγους,
2677 3037 2875 3091 Sacros
2930 3037 3214 3091 Sermones
3265 3035 3434 3090 libris
3492 3035 3685 3090 XXIV.
3743 3035 3810 3088 Hi

398 3141 576 3194 τυροι,
617 3124 850 3187 Μοῦσαι,
915 3119 1293 3192 Μονότροποι.
1355 3121 1619 3176 Meminit
1680 3121 1844 3177 illius
1900 3121 2041 3177 librc

2169 3144 2298 3182 vero
2326 3127 2606 3181 dicuntur
2651 3143 2780 3181 esse
2842 3126 3155 3195 Theogneti,
3195 3125 3497 3193 Thessali;
3554 3125 3652 3180 alii
3714 3141 3815 3179 eos

403 3213 664 3268 secundo
689 3211 1134 3282 Dipnosophist.
2084 3253 2125 3286 η
2165 3216 2406 3284 Cercopi,
2439 3214 2827 3286 Pythagoreo,
2887 3214 3190 3268 tribuunt:
3249 3215 3506 3279 Oracula,
3567 3229 3698 3284 quae
3740 3212 3813 3267 ad

473 3306 536 3355 Ὠ
567 3253 826 3376 ἐφήμερζ,
856 3318 886 3354 ο
919 3253 1092 3356 ὸῖευίε
1119 3303 1224 3356 a’vi
1253 3301 1432 3357 homo.
1483 3303 1569 3356 Ita
1600 3302 1866 3357 Socrates
1897 3301 2041 3373 apud

2169 3253 2406 3284 υνινυμι,
2439 3253 2827 3286 .,.....δυ.υν,
2890 3253 3190 3268 νημαι...
3250 3253 3506 3279 ww-.."
3568 3253 3698 3284 ,μιν
3740 3253 3813 3267 ..μ

2169 3304 2574 3357 Onomacritum
2607 3302 2977 3368 referuntur;
3011 3298 3271 3368 Τελετὰς,
3301 3303 3494 3365 Initia,
3528 3319 3659 3372 qum
3716 3302 3816 3355 iti-

409 3394 709 3464 Aristoph.
742 3394 805 3447 in
834 3393 1074 3448 Nubibus
1131 3391 1204 3446 ad
1249 3392 1669 3464 Strepsiadem.
1722 3393 1888 3457 Quod
1934 3395 2060 3464 ipse
2167 3392 2298 3447 dem
2318 3393 2678 3448 Onomacriti
2701 3407 2831 3447 esse
2853 3393 3234 3447 dicunturln
3256 3393 3350 3446 his
3372 3392 3551 3446 etiam
3568 3391 3820 3446 estliber

410 3485 678 3539 animum
709 3483 782 3538 ad
812 3499 910 3538 res
939 3482 1167 3538 divinas
1199 3483 1494 3538 intentum
1517 3482 1781 3548 haberet,
1806 3483 1899 3537 vel
1922 3483 2064 3554 quia
2168 3485 2242 3536 De
2273 3482 2521 3551 lapidum
2549 3481 2832 3551 sculptura
2863 3481 2965 3552 qui
3015 3475 3550 3553 Ὀγδοηκοντάλιθος
3600 3478 3819 3533 inscri-

411 3575 679 3629 Socrates
699 3571 897 3627 Sileno
925 3573 1138 3627 similis
1163 3585 1290 3627 esse
1314 3571 1647 3639 dicebatur;
1681 3573 1869 3627 simus
1900 3573 2063 3628 enim
2165 3572 2345 3627 bitur.
2379 3571 2654 3643 Σωτήρια.
2686 3572 2818 3627 Haec
2846 3571 3144 3638 Timoclis,
3179 3572 3550 3643 Syracusani,
3585 3575 3640 3625 et
3673 3572 3818 3624 Per-

412 3669 470 3718 et
500 3662 697 3717 calvus
721 3663 885 3728 erat;
920 3661 1076 3733 apud
1106 3660 1429 3717 Pindarum
1455 3661 1674 3733 quippe
1723 3661 1959 3716 Silenus
1989 3661 2064 3716 ad
2168 3663 2312 3734 gini,
2340 3661 2571 3730 Milesii,
2605 3678 2732 3717 esse
2779 3662 3075 3717 dicuntur.
3129 3665 3434 3735 Κρατῆρτκς,
3491 3661 3551 3716 hi
3590 3662 3814 3731 Zopyro

410 3751 758 3823 Olympum:
791 3754 855 3802 Ὢ
883 3748 1074 3817 τάλας,
1109 3747 1376 3826 ὲφήμερε,
1434 3751 1619 3819 νήπιε,
1684 3749 1868 3824 βάζεις
1919 3750 2030 3823 χρή

2171 3751 2533 3806 tribuuntur.
2567 3748 2905 3824 Θρονισμοὺς
2959 3749 3272 3823 μητρῴους,
3325 3751 3650 3806 thronismos
3700 3765 3822 3802 ma-

413 3841 554 3913 μαιτά
588 3859 679 3911 μοι
708 3835 1094 3910 διακομπεύων
1121 3855 1133 3892 :
1169 3862 1197 3889 ‹‹
1231 3840 1274 3894 O
1305 3839 1507 3905 miser,
1543 3839 1833 3906 mortalis,
1862 3839 2041 3894 stulte

2172 3857 2292 3910 gnw
2320 3843 2514 3896 matris
2543 3841 2766 3894 deorum
2799 3846 2856 3895 et
2884 3841 3170 3903 Bacchica,
3205 3857 3336 3912 quae
3369 3840 3545 3895 Nicias
3599 3837 3815 3892 Eleatis

417 3953 441 3982 ι
475 3930 668 3984 verbis
700 3927 1036 4001 magniﬁcis
1068 3943 1210 3999 opes
1241 3935 1374 3984 tuas
1406 3928 1550 3982 mihi
1576 3930 1786 3999 jactas.
2173 3947 2302 3985 esse
2335 3929 2632 3984 dicuntur.
2667 3932 2988 3984 Descensum
3037 3930 3110 3984 ad
3165 3932 3394 3998 inferos,
3451 3928 3607 3999 quod
3663 3943 3814 3998 opus

484 4021 808 4091 Oppianus,
843 4018 991 4072 Cilix
1023 4035 1092 4072 ex
1123 4018 1343 4088 Coryco
1378 4017 2067 4090 civitate,grammaticus
2175 4017 2446 4073 Herodici
2478 4018 2764 4073 Perinthii
2788 4034 2916 4072 esse
2941 4017 3165 4082 fertur;
3195 4019 3421 4088 Peplum
3444 4019 3665 4072 etRete.
3691 4017 3828 4069 Haec

415 4115 475 4164 et
505 4115 680 4179 poeta
712 4107 933 4178 epicus,
970 4107 1070 4176 qui
1103 4106 1246 4160 vixit
1277 4106 1383 4160 sub
1417 4107 1486 4162 M.
1521 4108 1823 4162 Antonino
1872 4107 2068 4178 (Cara-
2176 4108 2351 4162 etiam
2385 4109 2606 4178 Zopyro
2642 4107 3002 4172 tribuuntur,
3036 4106 3107 4162 ab
3141 4105 3274 4161 aliis
3304 4106 3610 4161 Brontino.
3664 4104 3816 4158 Ὀνο-

415 4196 588 4265 calla)
622 4197 764 4266 imp.
797 4194 1043 4265 Scripsit
1092 4194 1411 4249 Halieutica'
1449 4195 1544 4266 (de
1595 4196 1947 4267 piscatione)
1996 4196 2069 4250 lio
2179 4196 2459 4268 μαστικὸν,
2520 4195 2788 4251 versibus
2842 4196 3096 4251 heroicis
3152 4196 3328 4262 MCC;
3387 4196 3828 4252 Astronomiam;

415 4285 555 4338 bros
589 4285 630 4336 V
658 4301 671 4350 ;
709 4285 1030 4353 Cynegetica
1057 4282 1150 4346 (de
1181 4284 1514 4354 venatione)
1539 4283 1722 4339 libros
1737 4285 1840 4352 IV;
1863 4287 2041 4339 Imeuti

2175 4282 2534 4357 Ἀμοκοπῐαν,
2569 4284 2918 4353 Gen-uoltibe
2967 4287 3084 4340 sive
3134 4285 3358 4340 Librum
3408 4285 3474 4339 de
3519 4283 3826 4351 sacriﬁciis,

417 4390 480 4429 ca
513 4373 606 4438 (de
640 4373 912 4444 aucupio)
972 4372 1158 4428 libros
1215 4374 1283 4429 II.
1341 4373 1486 4429 Cum
1535 4377 1733 4428 autem
1791 4375 2041 4428 Poemat;

2177 4372 2462 4428 Ὠσθυτικὰ
2516 4372 2552 4442 ἢ
2609 4369 2942 4441 ὠοσκοπικὰ,
3019 4375 3089 4428 De
3171 4375 3511 4429 divinatione
3567 4389 3635 4428 ea:
3690 4371 3833 4424 ovis:

419 4464 550 4535 ejus
577 4463 734 4535 apud
767 4464 911 4533 imp.
948 4463 1100 4518 lecta
1129 4462 1402 4529 fuissent,
1436 4464 1485 4518 is
1514 4480 1621 4534 pro
1650 4463 1900 4536 singulis
1942 4480 2071 4519 ver—
2176 4465 2443 4520 versibus
2472 4463 2762 4530 heroicis;
2823 4462 3258 4532 Καταζωστικόν,
3310 4466 3550 4534 Hymnos
3578 4479 3599 4526 ;
3653 4461 3825 4530 Cory-

418 4553 582 4609 sibus
613 4567 860 4608 aureum
892 4557 1171 4608 staterem
1207 4553 1328 4608 sive
1351 4554 1649 4608 nomisma
1673 4553 1785 4624 ipsi
1807 4554 2067 4616 donavit,
2181 4557 2459 4609 banticum
2490 4560 2540 4608 et
2571 4553 2826 4623 Physica,
2859 4571 2989 4625 quae
3019 4555 3282 4609 Brontini
3315 4571 3444 4609 esse
3486 4553 3709 4608 dicunt.

418 4644 500 4699 isa
530 4648 596 4698 ut
626 4660 731 4716 pro
765 4641 1042 4698 omnibus
1080 4643 1346 4698 versibus
1401 4642 1603 4714 viginti
1649 4642 1840 4698 millia
1878 4645 2066 4699 nomi-
2105 4631 2148 4694 D
2251 4644 2539 4715 Orpheus,
2565 4644 2874 4712 Ciconeus,
2907 4643 2997 4698 vel
3021 4645 3199 4698 Arcas
3230 4660 3299 4698 ex
3356 4639 3599 4697 Bisaltia
3644 4640 3832 4694 Thra-

421 4741 677 4790 smatum
708 4734 1023 4806 acciperet.
2180 4733 2326 4798 cica,
2359 4738 2531 4804 poeta
2561 4733 2781 4804 epicus.
2807 4733 2938 4787 Fuit
2956 4738 3013 4787 et
3029 4731 3125 4786 hic
3145 4737 3282 4787 ante
3313 4733 3650 4792 Homerum,
3683 4728 3834 4783 dua-

485 4823 879 4898 Ὀψαρτύτικὴ,
913 4839 1009 4879 ars
1027 4823 1336 4879 culinaria.
1359 4823 2064 4896 Artemidorus,'pseudo-
2178 4821 2290 4878 bus
2322 4822 2598 4877 aetatibus
2627 4822 2878 4892 Trojano
2911 4820 3068 4876 bello
3101 4821 3422 4892 antiquior.
3458 4817 3838 4890 ScripsitFa-

420 4915 900 4986 Aristophanius,
934 4930 1106 4970 voces
1132 4912 1207 4969 ad
1238 4919 1427 4969 artem
1471 4913 1825 4969 culinariam
1883 4914 2069 4986 perti-
2181 4910 2356 4979 bulas,
2386 4913 2828 4981 Epigrammata,
2855 4911 3115 4980 Hymnos.

420 5009 636 5057 nentes
667 5002 926 5074 collegit.
1112 5027 1128 5032 ··
2253 5003 2541 5074 Orpheus,
2575 5001 2880 5072 Odrysius,
2911 5006 3086 5073 poeta
3133 5001 3355 5072 epicus,
3406 5015 3585 5070 quem
3633 5002 3836 5051 tamen

489 5090 715 5164 Ὀργᾷν.
778 5089 1129 5158 Herodotus,
1207 5089 1584 5162 conspicatus
1667 5088 2072 5162 Thucydidem
2182 5091 2496 5162 Dionysius
2524 5107 2598 5145 ne
2631 5091 2924 5146 exstitisse
2956 5088 3199 5162 quidem
3231 5089 3391 5145 dicit.
3427 5083 3831 5144 Nihilominus

423 5181 592 5252 quasi
654 5178 946 5233 instinctu
1003 5179 1260 5249 quodam
1318 5179 1588 5234 Numinis
1644 5178 2074 5251 lacrymantem
2182 5185 2460 5252 poemata
2491 5177 2763 5250 quaedam
2795 5179 2845 5234 ei
2879 5179 3242 5234 tribuuntur.

422 5271 581 5343 (cum
617 5267 977 5322 Herodotum
1008 5268 1289 5322 historias
1320 5284 1459 5323 suas
1508 5265 1824 5340 legentem,
1874 5267 2076 5324 audis-
2254 5268 3553 5340 Orpheus,Crotoniates,poetaepicus,quem
3571 5264 3843 5320 Pisistra-

424 5363 554 5427 set),
591 5357 664 5412 ad
718 5363 946 5429 patrem
1005 5356 1364 5428 Thucydidis
1421 5357 1606 5411 dixit:
1670 5382 1691 5406 α
1727 5360 1969 5413 Beatum
2019 5363 2074 5411 te
2184 5363 2242 5414 to
2289 5364 2540 5429 tyranno
2599 5357 2954 5413 familiarem
3010 5357 3194 5413 fuisse
3253 5355 3633 5428 Asclepiades
3679 5352 3840 5406 libro

423 5449 597 5516 duco,
625 5448 818 5514 Olere,
853 5447 1091 5518 optimae
1124 5446 1309 5517 prolis
1331 5461 1526 5500 causa.
1559 5446 1743 5501 Filius
1765 5447 1922 5502 enim
1942 5453 2076 5502 tuus
2187 5449 2718 5504 Grammaticorum
2751 5452 2912 5501 sexto
2945 5445 3142 5501 tradit.
3179 5443 3427 5517 Scripsit
3459 5439 3843 5515 Δεκαετηρίαν,

425 5540 693 5596 animum
721 5538 919 5602 habet,
950 5535 1406 5606 disciplinarum
1431 5533 1735 5606 cupidum.
1764 5557 1792 5586 »
2185 5539 2555 5609 Argonautica
2585 5543 2642 5592 et
2671 5529 2789 5592 alia
2820 5536 3114 5607 quaedam.

494 5630 820 5700 Oribasius,
854 5624 1198 5693 Sardianus,
1231 5623 1544 5680 familiaris
1584 5625 1810 5681 amicus
1861 5626 2079 5682 Juliani
2257 5629 2547 5700 Orpheus,
2581 5623 3000 5693 Camarinaius',
3033 5619 3206 5697 poeta
3236 5619 3458 5697 epicus.
3491 5621 3660 5696 cujus
3707 5637 3839 5677 esse

421 5719 749 5794 Parabate,
782 5739 816 5779 a
845 5725 960 5794 quo
1007 5717 1212 5775 CPolis
1245 5719 1508 5788 quaestor
1559 5722 1650 5772 est
1697 5717 2076 5772 constitutus.
2188 5715 2393 5773 dicunt
2420 5719 2744 5774 Descensum
2773 5715 2845 5771 ad
2879 5717 3107 5785 Inferos.
