4062 6298
306 424 465 484 I309

1622 423 1724 484 DE
1768 422 2069 497 QUIBUS
2105 421 2421 488 SUIDAS.

3553 422 3718 484 1310

378 555 668 625 Orpheus,
700 568 802 609 rex
830 554 1145 619 Thracum,
1179 554 1351 625 cujus
1381 556 1649 625 tempore
1699 558 1952 610 Amazo-

2083 574 2105 602 τι
2128 553 2203 609 ad
2230 566 2432 610 ereum
2464 553 2725 620 demisit,
2773 553 3097 623 subjungit:
3151 549 3359 613 Λότοὺς
3404 548 3449 604 δ’
3507 551 3716 627 ἑλώρια

307 658 417 698 nes
448 643 711 715 Phrygas
739 643 848 698 sibi
886 642 1228 697 tributarios
1258 639 1469 697 fecere.

382 732 669 803 Tempore
723 732 995 786 Iudicum
1048 730 1422 797 Judmorum,
1481 736 1616 803 post
1662 732 1961 787 sublatum

318 820 775 875 Atheniensium
806 834 1081 892 regnum,
1131 820 1397 891 Orpheus
1444 821 1638 874 clauis
1694 821 1829 884 fuit,
1877 822 1964 875 vir

317 908 794 979 sapientissimus
826 913 885 961 et
913 908 1237 963 multorum
1276 909 1692 979 mysteriorum
1723 910 1962 981 peritis-

314 998 521 1054 simus.
554 999 740 1070 Hujus
782 998 959 1053 etiam
990 996 1264 1051 feruntur
1293 994 1423 1068 Περὶ
1446 996 1773 1070 θεογνωσίας
1806 996 1965 1070 λόγοι

312 1088 621 1158 (Kusterus
652 1103 723 1143 ex
743 1089 826 1143 Jo.
862 1086 1072 1142 Matala
1104 1091 1161 1139 et
1186 1085 1450 1140 Cedreno
1471 1085 1609 1159 Περὶ.
1632 1087 1754 1159 Θεοη
1770 1085 1962 1155 ονίας),

314 1175 376 1230 in
408 1177 632 1247 quibus
655 1177 811 1231 inter
840 1176 959 1231 alia
988 1181 1046 1229 et
1068 1175 1193 1229 hac
1219 1175 1362 1229 dicit
1387 1191 1400 1229 :
1434 1177 1713 1230 aetherem
1747 1176 1964 1246 princi-

316 1266 414 1336 pio
446 1283 480 1320 a
501 1267 617 1320 Deo
651 1265 957 1320 conditum
987 1264 1193 1333 fuisse,
1226 1270 1286 1318 et
1311 1264 1386 1318 ab
1435 1270 1685 1335 utraque
1724 1264 1963 1320 aetheris

314 1360 479 1426 parte
507 1354 687 1409 fuisse
710 1355 913 1422 chaOs,
947 1359 1058 1409 etc.

388 1461 604 1532 Orphei
640 1461 785 1531 lyra.

384 1571 551 1636 Orus,
586 1569 1043 1638 Alexandrinus,
1069 1570 1514 1643 grammaticus,
1550 1568 1650 1640 qui
1665 1569 1834 1624 CPoli
1867 1570 1966 1624 do-

316 1659 456 1714 cuit.
494 1659 737 1731 Scripsit
765 1679 785 1706 ι
812 1667 891 1715 De
920 1659 1219 1714 vocalibus
1236 1658 1595 1730 ancipitibus
1620 1678 1634 1725 ;
1662 1659 1965 1723 Quomodo

316 1771 344 1799 κ
377 1749 621 1821 gentilia
642 1749 759 1803 sint
780 1748 1112 1815 efferenda;
1137 1748 1471 1803 Solutiones
1492 1748 1964 1818 propositionum

322 1860 350 1888 «
379 1838 693 1893 Herodiani
719 1856 740 1901 ;
766 1836 967 1890 Πίνακα
999 1840 1108 1891 τῶν
1158 1836 1368 1905 ἑαυτοῦ,
1415 1837 1675 1892 Iudicem
1710 1837 1964 1908 Operum

320 1945 642 1994 «suorum;
672 1928 750 1982 De
775 1927 1066 1982 encliticis
1086 1926 1393 1999 particulis
1418 1944 1431 1993 ;
1474 1926 1964 1998 Orthographiam
1997 1933 2042 1996 Β

316 2018 511 2072 ordine
532 2017 872 2088 alphabetico
898 2034 910 2085 ;
943 2022 1017 2071 De
1044 2016 1411 2088 diphthongo
1435 2034 1449 2083 ;
1474 2015 1963 2087 Orthographiam

314 2129 341 2156 ‹‹
371 2126 423 2158 αι
455 2106 804 2178 diphthongi
852 2111 1057 2160 contra
1086 2105 1511 2175 Phyrnichum,
1541 2100 1734 2159 ordine
1765 2104 1962 2173 alpha-

315 2218 343 2244 «
371 2196 582 2260 betico;
613 2194 991 2267 Florilegium
1026 2195 1479 2249 sententiarum.

389 2303 642 2361 Ostanes.
678 2302 769 2357 Sic
800 2302 943 2357 olim
976 2301 1131 2372 apud
1163 2303 1372 2356 Persas
1404 2300 1558 2369 magi
1580 2299 1963 2366 vocabantur,

317 2391 419 2461 qui
446 2391 737 2446 Zoroastri
770 2395 1203 2446 successerunt.

388 2473 555 2533 Οὐδὲν
593 2476 827 2549 μᾶλλον.
865 2479 1114 2550 Sceptici
1148 2480 1266 2533 sive
1299 2478 1634 2548 Pyrrhonii,
1671 2483 1964 2533 sectarum

320 2567 586 2621 omnium
619 2567 855 2622 decreta
903 2572 1253 2637 evertentes,
1303 2568 1537 2622 nullum
1581 2567 1695 2638 ipsi
1756 2566 1967 2639 dogma

320 2660 572 2726 ponunt,
606 2662 717 2711 etc.

394 2758 555 2815 Οὐδὲν
588 2763 722 2837 πρὸς
740 2763 830 2841 τὸν
862 2762 1141 2819 Διόνυσον.
1166 2762 1309 2818 Cum
1339 2762 1627 2835 Epigenes
1659 2763 1965 2833 Sicyonius

320 2852 665 2924 tragoediam
697 2854 757 2908 in
790 2853 1081 2908 Bacchum
1108 2853 1365 2918 fecisset,
1384 2853 1495 2907 hoc
1525 2853 1961 2908 acclamarunt:

316 2941 474 2996 Nihil
504 2943 576 2996 ad
603 2943 896 2997 Bacchum.
934 2942 1033 2996 Vel
1061 2942 1294 3013 potius:
1328 2942 1471 2996 olim
1504 2941 1809 2996 certabant
1837 2957 1966 2995 car-

317 3030 602 3096 minibus,
639 3031 700 3085 in
751 3031 1049 3085 Bacchum.
1103 3031 1360 3101 scriptis,
1412 3038 1542 3101 quin
1584 3047 1654 3084 ex
1703 3031 1965 3101 Satyriea

319 3119 687 3175 dicebantur.
712 3121 923 3175 Postea
939 3137 1074 3175 vero
1098 3120 1410 3191 tragoedias
1426 3119 1683 3174 scribere
1704 3118 1962 3191 aggressi

316 3207 602 3278 paulatim
616 3207 1302 3262 ad’fabulasethistorias
1316 3207 1705 3273 deﬂexerunt,
1731 3206 1960 3261 nullam

2072 666 2099 693 ‹‹
2130 646 2346 717 τεῦχεν,
2379 643 2553 715 Ipsou
2581 659 2721 714 yero
2752 640 3011 713 praedam
3041 640 3181 696 fecit
3210 652 3445 696 canum.

2142 727 2366 787 Οῧτιδιέ
2404 733 2585 788 Utides
2627 738 2687 787 et
2732 733 2969 787 Seritz':
3026 731 3410 803 Paralogismi
3470 732 3711 802 quidam

2072 822 2155 875 ita
2184 822 2489 892 appellati.

2144 908 2219 967 Οὐ
2254 911 2386 984 χρὴ.
2418 912 2723 984 ASschylus
2772 911 2845 967 de
2893 911 3192 967 Alcibiade
3224 928 3237 966 :
3275 912 3368 977 Μὴ
3400 906 3711 987 ἀνατρέφειν

2074 999 2327 1075 φρόνημα
2344 996 2557 1074 ἔχοντα’
2578 1023 2607 1051 ‹‹
2632 1003 2710 1055 Ne
2734 1002 2921 1056 virum
2936 1001 3215 1056 callidum
3231 1001 3291 1055 in
3314 1002 3547 1057 civitate
3567 1001 3711 1068 alas,

2074 1112 2102 1140 «
2125 1090 2172 1144 si
2204 1107 2337 1144 vero
2361 1091 2600 1158 alueris,
2641 1107 2716 1145 ne
2736 1107 2873 1146 eum
2896 1091 3114 1153 irrites,
3151 1091 3253 1145 sed
3276 1091 3582 1146 blanditiis
3604 1091 3713 1145 de-

2074 1198 2101 1226 α
2127 1176 2411 1232 muleeas.
2437 1198 2465 1225 ››
2488 1177 2799 1247 Euripides
2829 1178 3034 1243 suasit,
3060 1194 3181 1231 non
3210 1176 3619 1248 recipiendum
3650 1178 3713 1231 in

2073 1264 2281 1319 urbem
2304 1265 2492 1319 leonis
2512 1266 2793 1321 catulum.
2820 1266 3081 1321 Bacchus
3106 1266 3179 1320 ad
3199 1266 3327 1320 haec
3356 1267 3534 1337 (apud
3555 1267 3713 1320 Aris-

2074 1354 2301 1424 toph):
2361 1354 2688 1410 Difficulter
2743 1356 3101 1410 sententiam
3132 1355 3279 1419 fero,
3338 1360 3470 1408 uter
3500 1355 3713 1408 melius

2074 1443 2308 1497 dixerit.
2343 1445 2486 1498 Nam
2518 1446 2699 1520 σοφῶς
2726 1444 3056 1510 Eschxlus,
3093 1443 3403 1515 Euripides
3434 1446 3641 1515 σαφῶς.

2873 1535 2916 1587 Ρ

2146 1624 2414 1691 Pacatus,
2448 1623 2738 1678 Minucius
2761 1623 2919 1678 idem
2942 1623 3155 1688 dictus,
3180 1628 3237 1676 et
3261 1621 3717 1685 lrenaaus,Alex-

2075 1712 2382 1776 andrinus,
2410 1714 2848 1785 grammaticus,
2871 1714 3110 1783 scripsit
3134 1732 3162 1765 ιι
3186 1714 3264 1767 De
3286 1713 3718 1766 Alexandrino-

2075 1823 2105 1850 «
2126 1818 2259 1855 rum
2284 1801 2556 1871 dialecto,
2583 1802 2694 1857 sive
2715 1805 2795 1857 De
2822 1804 3134 1857 Graecismo
3165 1803 3349 1856 libros
3374 1803 3482 1868 VlI,
3507 1802 3716 1855 ordine

2076 1911 2103 1939 κ
2139 1890 2512 1960 alphabetico
2537 1908 2550 1957 ;
2577 1893 2653 1945 De
2686 1891 3148 1963 proprietatibus
3180 1891 3386 1945 Atticm
3419 1895 3477 1945 et
3493 1891 3716 1944 Dorica)

2072 2001 2101 2027 ‹‹
2135 1979 2374 2034 dtalecti
2402 1997 2414 2047 ;
2446 1981 2527 2035 De
2556 1980 2851 2036 atticismo
2878 2001 2907 2030 ››
2942 1986 2999 2034 et
3026 1980 3147 2035 alia
3168 1980 3372 2035 multa.
3399 1980 3630 2050 (Supra,
3654 1979 3717 2031 in

2068 2068 2379 2138 lrenoeus.)

2141 2158 2385 2211 Paaa'nes
2442 2157 2558 2212 duo
2590 2163 2778 2223 arant,
2836 2175 2991 2213 unus
3049 2154 3298 2219 ἐνυάλιος
3353 2157 3470 2212 sive
3528 2155 3716 2221 Marti,

2071 2244 2180 2299 sub
2213 2246 2449 2301 initium
2473 2247 2661 2317 praelii
2695 2247 2787 2301 vel
2810 2253 2945 2304 ante
2960 2264 3238 2320 pugnam,
3272 2248 3422 2301 alter
3438 2252 3573 2317 post
3600 2246 3717 2298 vic-

2069 2334 2282 2389 toriam
2318 2332 2586 2406 Apollini.
2625 2336 2967 2392 Paeanismus
2998 2352 3259 2402 carmen,
3295 2336 3452 2406 quod
3485 2335 3722 2389 canitur

2069 2422 2141 2476 ab
2173 2424 2246 2477 iis
2278 2425 2377 2493 qui
2408 2436 2446 2478 a'
2473 2425 2645 2479 malis
2675 2426 3033 2495 quibusdam
3065 2426 3299 2480 liberati
3337 2430 3494 2479 sunt.

2139 2511 2545 2583 Palaephatus,
2571 2513 2968 2578 Atheniensis,
3002 2520 3175 2584 poeta
3200 2514 3419 2583 epicus,
3446 2512 3625 2566 Actaei
3655 2516 3723 2565 et

2070 2600 2275 2654 Bionis
2297 2602 2380 2661 F..
2413 2602 2523 2667 vel,
2556 2607 2621 2656 ut
2651 2600 2773 2670 alii,
2802 2603 2979 2657 Joclis
3011 2607 3074 2657 et
3100 2603 3419 2667 Metanira,
3451 2601 3543 2655 vel
3566 2602 3714 2654 Mer-

2069 2690 2238 2745 curii.
2278 2691 2427 2745 Vixit
2447 2692 2771 2748 secundum
2796 2693 3085 2763 quosdam
3118 2698 3251 2764 post
3289 2693 3712 2758 Phemonoem,

2072 2778 2398 2834 secundum
2429 2779 2607 2844 alios,
2640 2784 2778 2835 ante
2831 2796 2980 2836 eam.
3037 2781 3283 2851 Scripsit
3313 2776 3714 2852 Κοσμοποιΐαν,

2068 2868 2269 2921 Peema
2298 2867 2371 2921 ἀι·
2392 2870 2608 2937 opiﬁcio
2628 2872 2840 2936 mundi,
2873 2870 3140 2924 versibus
3170 2869 3488 2940 quinquies
3508 2868 3670 2922 mille
3698 2883 3711 2931 ;

2069 2974 2100 3004 «
2133 2956 2433 3027 Apollinis
2458 2964 2515 3012 et
2543 2959 2742 3013 Diana)
2787 2960 3178 3022 Na‘tivitatem,
3208 2960 3447 3013 versibus
3503 2960 3671 3012 MMM
3697 2973 3717 3018 ἐ

2070 3060 2098 3093 ‹‹
2137 3045 2378 3099 Veneris
2407 3052 2471 3101 et
2494 3047 2803 3119 Cupidinis
2845 3065 3013 3103 voces
3045 3055 3103 3103 et
3132 3064 3438 3103 sermones
3471 3070 3500 3097 »
3531 3046 3715 3100 versi-

2069 3132 2179 3188 bus
2211 3135 2529 3206 quinquies
2587 3138 2791 3206 mille;
2837 3161 2864 3187 ‹‹
2898 3139 3254 3193 Minervas'et
3282 3137 3545 3208 Neptuni
3571 3152 3715 3191 con-

2071 3244 2099 3272 «
2133 3225 2481 3292 tentionem,
2514 3228 2754 3281 versibus
2772 3229 2923 3282 mille
2952 3245 2973 3291 ;
3006 3229 3241 3283 Latona
3275 3243 3524 3282 comam.

315 3296 522 3351 Bacchi
554 3298 919 3351 mentionem
941 3295 1207 3367 amplius:
1234 3296 1538 3351 facientes.
1574 3296 1671 3350 Sic'
1695 3296 1957 3350 Chamasa

2142 3313 2535 3386 Palaaph'atus',
2597 3316 2815 3372 Parius?
2857 3318 2949 3371 vel
2996 3317 3365 3383 Prienensis,
3417 3316 3518 3387 qui
3574 3315 3717 3369 vixit

316 3386 452 3440 leon
478 3387 538 3439 in
563 3386 713 3440 libro
737 3388 816 3440 De
839 3386 1146 3457 Thespid'e.
1172 3386 1503 3440 Theaetetus
1526 3402 1681 3448 vero,
1718 3385 1791 3439 in:
1812 3384 1969 3438 libro

320 3478 400 3532 De
430 3478 737 3548 proverbio
770 3476 971 3545 refert,
1017 3476 1419 3545 Parrhasium,
1456 3481 1804 3540 certantem,
1848 3475 1964 3530 Co-

318 3562 507 3620 rinthi
539 3578 672 3620 cum
694 3565 828 3620 aliis
859 3565 1204 3636 pictoribus,
1230 3566 1495 3636 pinxisse
1518 3564 1809 3620 Bacchum
1839 3562 1969 3634 pul-A

320 3655 683 3711 cherrimum
721 3697 735 3721 ,
802 3660 862 3709 et
908 3654 1243 3709 Corinthios
1295 3654 1560 3708 videntes
1613 3654 1966 3708 mmulorum

320 3758 502 3814 opera
535 3742 898 3797 exclamasse
926 3758 940 3797 :
972 3742 1116 3806 Quid
1145 3742 1218 3795 ad
1239 3742 1512 3796 Bacchum
1533 3744 1561 3795 ?

379 3826 551 3885 Οὐδὲν
567 3828 617 3882 ἐν
636 3827 892 3897 σελίνοις,
911 3830 985 3884 Ne
1006 3832 1149 3884 inter
1162 3830 1543 3899 apiaquidem.
1564 3831 1629 3883 In
1644 3840 1744 3883 eos
1766 3828 1866 3900 qui
1887 3845 1961 3883 ne

308 3919 671 3991 principium
689 3918 1027 3990 quidem‘rei
1042 3919 1296 3974 assecuti
1319 3925 1461 3973 sunt
1482 3937 1495 3987 ;
1515 3924 1964 3990 sumpta‘trans-

316 4010 541 4064 latione
564 4010 636 4064 ab
668 4009 740 4064 iis
777 4010 877 4080 qui
910 4010 972 4063 in
992 4010 1193 4064 hortos
1217 4009 1651 4081 ingrediuntur,
1675 4009 1748 4065 ad
1780 4014 1964 4064 extre-

318 4117 447 4156 mas
468 4106 666 4155 autem
688 4100 995 4155 hortorum
1017 4105 1215 4171 partes
1237 4100 1636 4173 (περικήπους),
1660 4114 1807 4170 quas
1828 4101 1960 4171 apio

321 4193 379 4243 et
407 4195 541 4244 ruta
569 4205 883 4244 conserere
907 4188 1180 4243 solebant
1200 4189 1403 4256 Graeci,
1436 4206 1556 4243 non
1588 4188 1958 4260 perveniunt.

386 4274 649 4334 Οὐδὲποτ’
677 4275 783 4351 ἐγὼ
808 4278 1003 4330 τοῦὲον
1031 4273 1381 4348 ὑποδέξομαι.
1413 4279 1489 4333 Ini
1510 4278 1963 4349 compotationi-

318 4370 493 4425 nibus
538 4369 931 4424 Athenienses
962 4369 1106 4423 olim
1136 4380 1375 4423 carmen
1425 4368 1768 4435 cantabant,
1800 4369 1959 4439 quod

316 4459 635 4514 vocabatur
646 4458 1009 4513 Harmodium
1032 4458 1093 4511 in
1118 4457 1501 4513 Harmodium
1524 4462 1593 4513 et
1610 4458 1957 4530 Aristogito-

310 4564 470 4616 nem,
505 4548 605 4618 qui
632 4547 1140 4603 Pisistratidarum
1172 4546 1551 4618 tyrannidem
1602 4552 1955 4613 everterant,

2074 3405 2339 3473 tempore
2373 3407 2691 3461 Artaxeris.
2727 3408 2974 3479 Scripsit
3000 3407 3416 3462 Incredibilium
3447 3406 3621 3461 libros
3650 3407 3715 3461 V.

2072 3507 2221 3561 quos
2252 3494 2492 3563 quidam
2527 3496 2863 3567 Palaephato
2895 3496 3246 3551 Atheniensi
3277 3495 3564 3550 tribuunt.
3604 3495 3715 3549 Sed

2072 3584 2131 3633 et
2153 3581 2264 3635 iste
2296 3583 2368 3637 de
2390 3584 2597 3639 eodem
2630 3590 2975 3657 argumento
3008 3586 3264 3657 scripsit.

2140 3671 2534 3743 Palwpha‘tus,
2569 3674 2905 3745 Abydenus,
2935 3675 3271 3730 historicus.
3292 3673 3577 3744 Scripsit«
3605 3674 3711 3743 Cy-

2068 3780 2097 3809 «
2129 3761 2350 3830 priaca,
2384 3762 2637 3829 Deliaca,
2682 3765 2872 3819 Attica
2903 3768 2961 3818 et
3013 3763 3281 3818 Arabica.
3317 3784 3344 3812 »
3393 3762 3547 3816 Vixit
3602 3761 3710 3815 sub

2070 3849 2759 3921 Alexandro-Macedone,
2786 3857 2851 3907 et
2872 3852 3209 3907 Aristotelis
3238 3850 3574 3922 philosOphi
3608 3850 3709 3903 de-

2068 3937 2222 3992 licia)
2252 3938 2381 4000 mit,
2415 3945 2495 3993 ιη’
2519 3946 2725 3995 auctor
2754 3946 2847 3995 est-
2899 3941 3065 3995 Philo
3093 3942 3183 3992 Ἐν
3216 3943 3295 4009 τῷ
3325 3938 3585 4011 στοιχείῳ
3612 3940 3709 3990 τοῦ

2067 4024 2189 4095 περὶ
2220 4024 2523 4099 παραδόξου
2554 4028 2798 4103 ἱστορίας
2859 4024 3080 4102 βιϐλίου
3109 4028 3155 4081 αθ
3188 4047 3203 4097 ;
3260 4034 3318 4084 et
3344 4027 3708 4095 Theodorus,

2065 4116 2320 4182 Iliensis;
2352 4113 2502 4172 libro
2534 4128 2593 4174 nl
2625 4119 2983 4174 Troicorum’.

2138 4207 2531 4277 Palaephatus,
2564 4210 2865 4283 Egyptius
2921 4214 3023 4263 aut
3078 4208 3477 4274 Atheniensis,
3511 4223 3703 4279 gram-

2066 4297 2337 4364 maticus,
2370 4298 3005 4371 scripsit‘Theologiam
3029 4298 3444 4370 Egyptiacamr,
3476 4295 3705 4351 fabulo-

2068 4401 2266 4441 sorum
2301 4386 2519 4443 librum
2552 4405 2609 4455 1;
2648 4388 2919 4443 fabulose
2974 4387 3266 4443 dictorum
3321 4386 3654 4440 Solutiones
3688 4401 3701 4451 ;

2068 4476 2519 4547 Argumentabin‘
2570 4477 2986 4543 Simonidem;
3045 4478 3159 4531 Res
3214 4476 3518 4546 Trojanas,
3553 4472 3708 4543 quod

2065 4579 2213 4633 opus
2243 4563 2344 4618 alii
2402 4565 2572 4619 Pario
2632 4565 2969 4637 Palinphato
3029 4564 3314 4618 tribuunt.
3375 4560 3621 4631 Scripsit
3651 4564 3709 4614 et

314 4639 483 4709 cujus
515 4637 794 4691 initium:
843 4632 1551 4708 Φίλτατελλρμόδιιγοῶι
1604 4656 1710 4690 που
1762 4636 1952 4706 τεθνηξ

2083 4632 2385 4707 J’istoriam
2418 4653 2740 4724 propriam,
2773 4632 3031 4723 ’Ῑστορίαν
3066 4647 3226 4706 ἰδίαν.

308 4745 407 4785 κας
430 4727 559 4797 (94).
594 4726 775 4779 Erant
808 4730 868 4779 et
892 4725 1015 4779 alia
1064 4724 1430 4795 ejuscemodi
1488 4726 1772 4781 carmina.
1804 4738 1953 4796 quo-

312 4832 446 4869 rum
477 4829 663 4869 unum
694 4814 927 4867 Admeti.
964 4813 1309 4884 vocabatur,
1355 4814 1611 4869 alterum
1640 4816 1953 4884 Lamponis.

312 4903 503 4975 (Infra.
523 4902 595 4956 ini
610 4899 926 4973 Πάροινος.)

376 5008 485 5063 Οὐκ
511 5007 950 5081 ἐκομπολάκουν,
974 5025 1138 5064 «non
1167 5008 1377 5065 utebar
1406 5009 1888 5080 verbistum'idis,
1923 5033 1953 5062 »

308 5104 373 5154 ut
404 5098 730 5169 Eschylus‘.

379 5205 493 5263 Οὐκ
543 5202 713 5262 ἔνδον.
777 5207 949 5263 Ridet
1005 5208 1433 5281 Aristophanes
1490 5208 1851 5281 Euripidem,
1888 5215 1953 5266 ut

307 5294 739 5369 συλλογιστικὸν,
775 5303 909 5363 etc.,
939 5300 1168 5354 animas
1200 5298 1270 5353 ab
1303 5294 1649 5371 corporibus
1680 5299 1953 5357 distinxit

308 5402 471 5440 more
495 5386 825 5442 Homerico.
853 5387 1141 5442 Homerus
1159 5388 1321 5443 enim
1345 5406 1479 5443 cum
1505 5390 1780 5447 dixisset:
1803 5389 1947 5446 Πολ-

303 5471 403 5535 λὰς
421 5470 467 5527 δ’
484 5471 732 5550 ἰφθίμου,
746 5474 948 5548 ψυχὰς,
967 5498 994 5525 ‹‹
1010 5476 1220 5532 Multas
1246 5478 1476 5535 animas
1497 5479 1683 5536 fortes
1700 5476 1947 5536 heroum

378 5673 778 5750 (94)}bllta‘te,
813 5662 949 5744 etc.,
974 5674 1071 5750 hic
1102 5682 1192 5732 est
1238 5664 1491 5750 quintus
1514 5696 1717 5737 versus
1752 5676 1943 5747 s'colii,

300 5748 519 5807 AnthOl
547 5749 807 5805 Gmcam
838 5748 1131 5821 poeticam
1162 5748 1445 5819 (Baruthi,
1495 5752 1653 5821 4792,
1679 5753 1755 5824 8),
1786 5753 1945 5824 quod

2136 4739 2503 4808 Palamedes,
2536 4740 2786 4811 Eleates,
2818 4740 3283 4814 grammaticus,
3345 4736 3583 4808 scripsit
3630 4736 3702 4790 de

2064 4833 2293 4887 comica
2340 4838 2399 4888 et
2448 4834 2667 4906 tragica
2720 4834 3025 4889 dictione:
3086 4825 3543 4901 Ὀνομπιτολόγον,
3584 4828 3707 4881 sive

2064 4925 2615 4992 Nomenclatorem';
2676 4922 3273 4981 Commentarium'in
3303 4924 3559 4992 poetam.
3596 4919 3704 4974 Pin

2064 5012 2297 5070 darum.

2133 5104 2819 5176 Palamedes,Nauplii'et
2834 5104 3127 5159 Climenes
3139 5102 3197 5155 F.
3210 5143 3223 5168 ,
3248 5099 3515 5171 ArgiVus,
3530 5102 3706 5166 poeta

2063 5192 2285 5265 epicus,
2328 5200 2385 5250 et
2415 5194 2805 5249 consobrinus
2862 5193 3017 5265 regis
3072 5188 3556 5264 Agamemnonis,
3584 5203 3702 5242 non

2061 5283 2260 5337 minus
2274 5288 2479 5338 acutus
2498 5283 2909 5354 philosophus,
2937 5284 3313 5353 quam‘poeta
3335 5277 3701 5351 ingeniosus.

2059 5374 2219 5430 Idem
2254 5376 2525 5431 inventor
2562 5375 2892 5430 litterarum
2926 5378 2973 5441 ζ.
3005 5393 3065 5442 π,
3099 5393 3155 5449 φ,
3184 5390 3243 5446 χ,
3290 5372 3553 5441 itemque
3584 5368 3702 5423 cal-

2059 5464 2351 5535 culorum,
2367 5461 2814 5534 et‘tesserar'um,
2842 5470 2903 5521 et‘
2927 5463 3091 5532 alvaa‘,
3112 5469 3169 5518 et
3187 5468 3603 5518 menSurarum
3633 5473 3701 5511 ac

2058 5665 2373 5723 Calistrato‘
2403 5664 2581 5721 tribui
2638 5657 2808 5721 solet:
2871 5663 2933 5718 V'.
2975 5670 3110 5733 quas
3136 5658 3332 5715 notavi
3363 5655 3598 5726 ad-pag.
3631 5654 3700 5707 90

2057 5754 2187 5826 sqq.
2220 5753 2393 5811 Hist.
