4062 6298
399 406 550 464 1311

1701 402 1942 463 INDEX
1981 401 2491 463 SCRIPTOHUM

3652 394 3832 453 1312

395 539 746 610 ponderum.
779 538 1058 593 Poemata
1087 537 1217 607 ejus
1237 536 1697 608 Agamemnonis
1720 536 1940 607 posteri
1974 551 2042 590 ex
2069 538 2118 602 Λ
2155 535 2379 590 Deinde
2432 532 2640 600 invidi,
2698 531 3124 604 persuadentes
3168 527 3388 584 Zenoni
3446 543 3516 582 ac
3563 525 3800 580 Verinm

393 626 618 681 invidia
650 625 1058 688 aboleverunt,
1097 626 1383 680 Existimo
1437 631 1498 680 et
1537 631 1774 696 poetam
1826 625 2034 678 Home-

395 731 552 776 rum,
585 712 742 784 quod
783 713 988 767 eadem
1043 712 1265 767 invidia
1298 712 1612 772 laboraret,
1648 711 1879 766 nullam
1913 711 2043 782 ejus

398 803 762 856 mentionem
784 801 1017 856 fecisse.
1040 801 1313 854 Carmina
1342 800 1668 856 Palamedis
1691 805 1932 871 propter
1952 799 2046 853 in-

398 891 612 944 vidiam
645 889 716 943 ab
745 889 995 942 Homero
1027 888 1248 943 abolita
1270 895 1426 954 sunt,
1462 894 1572 944 etc.

467 977 787 1040 Palladius,
805 976 1102 1030 Palamedi
1127 978 1184 1033 F.
1200 1021 1210 1040 ,
1227 977 1609 1042 Methonceus,
1633 977 1918 1047 sophista,
1944 974 2044 1044 qui

393 1069 536 1122 vixit
567 1066 673 1122 sub
707 1067 1091 1121 Constantino
1123 1067 1261 1137 imp.
1299 1067 1544 1137 Scripsit
1572 1090 1598 1116 «
1635 1068 1714 1121 De
1741 1069 2042 1121 Romano-

394 1179 422 1206 ‹‹
458 1173 588 1210 rum
619 1155 808 1218 festis,
844 1156 1318 1226 Disputationes;
1351 1155 1660 1210 Orationes
1693 1154 1953 1218 diversas,
1984 1159 2047 1206 ut

395 1266 422 1293 «
457 1244 881 1314 Olympiacam,
916 1245 1357 1315 Panegyricam,
1389 1243 1727 1298 Judiciales.

469 1333 794 1404 Pamphile,
841 1332 1180 1403 Epidauria,
1233 1333 1491 1403 sapiens,
1550 1332 1671 1386 ﬁlia
1728 1329 2033 1394 Soteridis,

397 1422 569 1492 cujus
601 1438 730 1476 esse
778 1421 1058 1476 dicuntur
1113 1421 1547 1487 commentarii,
1581 1421 1682 1490 qui
1721 1418 2044 1489 Pamphila;

398 1513 642 1566 nomine
673 1511 946 1564 feruntur
968 1517 1053 1572 (ut
1068 1516 1272 1564 auctor
1298 1517 1386 1564 est
1409 1509 1726 1580 Dionysius
1751 1509 1902 1562 libro
1936 1525 2045 1561 xxx

399 1601 671 1654 Historiae
693 1600 976 1668 musicae),
1002 1600 1090 1653 vel
1116 1599 1453 1664 Socratidis,
1484 1599 1679 1653 mariti
1704 1598 1852 1668 ejus.
1890 1597 2042 1650 Scri-

397 1689 516 1759 psit
565 1711 593 1738 ‹‹
653 1689 1124 1743 Commentarios
1179 1688 1494 1742 historicos
1551 1686 1718 1740 libris
1770 1685 2043 1749 XXXIII;

393 1799 418 1824 ‹‹
454 1776 761 1846 Epitomen
793 1777 997 1831 Clesiaa
1023 1776 1191 1830 libris
1225 1777 1299 1830 III
1328 1795 1342 1840 ;
1404 1775 1704 1846 Epitomas
1761 1774 2039 1828 historia-

2153 623 2312 694 quod
2345 640 2480 678 cum
2512 621 2665 677 Hillo
2695 622 3119 676 vaticinaretur
3150 618 3432 674 adversus
3482 617 3810 686 imperato-

2151 729 2298 778 rem,
2332 713 2659 767 eﬂ‘ecerunt
2689 717 2754 766 ut
2800 710 3183 780 relegaretur.
3241 707 3387 760 Hinc
3443 707 3800 776 Pergamum

2152 804 2348 874 Mysia;
2380 803 2558 869 venit,
2592 818 2727 856 mox
2757 801 2828 855 ad
2857 800 3078 855 Hillum
3130 799 3191 852 in
3242 797 3530 851 Isauriam
3559 811 3809 849 revoca-

2153 901 2266 961 tur,
2309 901 2420 949 etc.
2457 894 2647 948 Hillus
2700 893 2811 946 iste
2841 907 2976 945 cum
3007 895 3166 945 esset
3203 888 3537 942 litterarum
3569 901 3804 951 amans,

2151 983 2650 1038 volebatvirorum
2663 979 2891 1036 erudito
2900 996 3030 1034 rum
3044 978 3116 1033 de
3130 977 3320 1032 anima
3340 975 3812 1045 disceptationes

2153 1072 2358 1128 audire
2389 1089 2401 1126 :
2436 1086 2690 1141 cumque
2723 1085 2792 1124 ex
2831 1068 3157 1124 multorum
3189 1066 3289 1136 qui
3324 1064 3590 1131 aderant,
3624 1062 3808 1117 variis

2154 1160 2660 1232 disputationibus
2679 1164 2736 1213 et
2757 1157 3034 1213 dissensu
3046 1156 3378 1211 orationem
3393 1152 3507 1207 sibi
3528 1169 3650 1207 non
3673 1168 3810 1206 con-

2154 1254 2311 1303 stare
2343 1252 2676 1319 appareret,
2706 1249 2950 1314 Marsus,
2981 1242 3393 1317 grammatista
3423 1241 3541 1296 sive
3573 1241 3806 1294 littera-

2152 1343 2266 1402 tor,
2292 1354 2361 1392 ex
2382 1339 2541 1391 Pane
2565 1335 2791 1407 Egypti
2813 1334 3135 1399 .oriundus,
3159 1332 3491 1387 orationem
3514 1329 3586 1384 de
3609 1331 3808 1384 anima

2152 1426 2253 1481 diu
2313 1426 2661 1481 meditatam
2720 1424 3023 1496 eleganter
3070 1421 3377 1484 recitavit,
3411 1425 3470 1474 et
3517 1419 3802 1489 quoniam

2157 1517 2400 1587 ignarus
2432 1515 2589 1568 inter
2622 1514 2878 1586 ignaros,
2913 1518 2978 1566 ut
3009 1512 3172 1566 Plato
3206 1510 3374 1577 dixit,
3405 1508 3643 1562 facilius
3666 1525 3802 1579 per-

2154 1605 2401 1660 suadere
2430 1609 2624 1675 potest
2662 1620 2838 1674 quam
2873 1601 3100 1666 doctus,
3135 1600 3307 1655 Marsi
3355 1599 3676 1653 artiﬁciosa
3711 1598 3793 1651 Io-

2153 1694 2449 1764 quacitate
2463 1693 2746 1763 deceptus
2760 1691 2950 1746 Hillus
2974 1706 3108 1745 eum
3123 1688 3507 1744 eruditiorem
3521 1686 3800 1741 omnibus

2151 1783 2403 1838 CPoleos
2442 1782 2784 1837 doctoribus
2816 1797 2943 1835 esse
2975 1778 3350 1844 existimavit,
3384 1783 3443 1832 et
3486 1777 3674 1830 multa
3708 1792 3806 1846 pe-

397 1884 424 1913 «
461 1881 614 1930 rum,
647 1864 1020 1934 aliorumque
1052 1864 1341 1918 librorum
1373 1864 1843 1934 quamplurimas
1870 1887 1883 1928 ;
1917 1865 2041 1932 Περὶ

2163 1872 2328 1927 :unia
2355 1889 2424 1926 ex
2467 1871 2706 1942 publico
2766 1870 2878 1940 ipsi
2939 1869 3180 1936 tributa,
3228 1864 3354 1926 τοὺς
3415 1867 3720 1924 φοιτῶντας
3753 1863 3807 1923 ἐς

399 1946 884 2027 ἀμφισϐητήσεων,
925 1955 1002 2008 De
1039 1956 1426 2020 controversis;
1461 1955 1533 2008 De
1560 1970 1619 2007 re
1676 1954 1918 2006 Venerea
1949 1969 1966 2010 .'
1992 1955 2050 2003 et

397 2041 536 2094 aliis
567 2041 790 2096 multis.

473 2132 834 2203 Pamphilus,
855 2133 1280 2204 Amphipolita,
1303 2133 1394 2187 vel
1416 2132 1746 2202 Sicyonius,
1769 2131 1860 2186 vel
1881 2130 2046 2184 Nico-

398 2220 601 2291 polita.
663 2221 1051 2292 philosophus
1105 2227 1496 2293 cognomento
1557 2217 2045 2292 Φιλοπράγματος.

397 2309 645 2378 Scripsit
669 2311 941 2378 Imagines
972 2309 1315 2380 [herbarum
1347 2309 1489 2379 (h5)]
1522 2308 1732 2363 ordine
1762 2305 2046 2377 alphabe-

396 2399 510 2451 tico
539 2422 552 2462 ;
594 2399 824 2451 «Artem
869 2398 1347 2468 grammaticam;
1393 2399 1472 2452 De
1504 2398 1736 2467 pictura
1766 2401 1826 2450 et
1853 2396 2042 2466 picto-

395 2507 424 2534 «
460 2485 626 2540 ribus
655 2485 1030 2552 illustribus;
1067 2486 1146 2540 De
1179 2503 1240 2540 re
1271 2486 1494 2540 rustica
1524 2485 1706 2539 libros
1737 2484 1830 2539 IIl.

471 2574 838 2644 Pamphilus,
869 2575 1312 2646 grammaticus,
1345 2575 1776 2641 Aristarcheus,
1811 2571 2049 2642 scripsit

395 2664 624 2717 Pratum
651 2663 769 2717 sive
799 2664 1092 2718 variarum
1124 2680 1322 2718 rerum
1354 2664 1763 2729 Collectanea;
1801 2664 1872 2716 De
1901 2661 2044 2730 glos-

395 2754 469 2805 sis
488 2754 600 2806 sive
627 2752 905 2806 vocabulis
931 2752 1094 2806 libros
1123 2754 1289 2820 XCV,
1321 2769 1356 2808 a
1376 2753 1574 2808 littera
1599 2754 1857 2823 Ejusque
1884 2750 1958 2805 ad
1979 2754 2040 2804 Ω.

395 2842 538 2894 Nam
569 2840 640 2894 ab
674 2842 720 2893 A
750 2856 938 2910 usque
982 2841 1057 2895 ad
1088 2848 1124 2893 Δ
1153 2842 1444 2912 Zopyrion
1497 2845 1948 2912 composuerat;
1979 2840 2043 2892 In

395 2931 662 2984 Nicandri
683 2929 804 2984 loca
827 2931 894 2984 ab
925 2930 1050 2984 aliis
1091 2932 1387 3000 explicata,
1449 2937 1507 2986 et
1565 2947 1695 3001 quae
1756 2934 2043 2985 vocantur

395 3016 626 3092 Ὀφιάκὰ
657 3020 760 3087 (96)
796 3019 914 3073 sive
945 3020 1022 3073 De
1049 3021 1428 3089 serpentibus;
1472 3022 1662 3074 Artem
1709 3020 1960 3073 criticum
1987 3021 2046 3072 et

396 3106 514 3161 alia
544 3106 716 3176 plura
744 3107 1148 3178 grammatica.

468 3196 848 3267 Pamphylus,
879 3197 978 3266 qui
1010 3197 1072 3250 in
1129 3197 1410 3252 conviviis
1449 3212 1651 3251 versus
1682 3211 1916 3267 semper
1946 3195 2038 3250 lo-

393 3283 704 3354 quebatur,
728 3289 794 3338 ut
820 3284 1001 3339 refert
1031 3284 1348 3341 Athedzeus
1371 3286 1432 3340 in
1465 3286 1829 3356 Dipnosoph.
1861 3285 1964 3340 lib.
1999 3301 2035 3354 ι,

396 3373 612 3442 pag.4.

465 3459 832 3530 Pamphilus,
867 3461 1222 3535 demagogus
1253 3463 1520 3532 Athenis,
1556 3468 1666 3518 etc.

466 3550 798 3620 Pamprius,
831 3552 930 3622 qui
979 3551 1137 3623 apud
1191 3554 1484 3607 Zenonem
1541 3551 1734 3623 (imp.)
1785 3551 2038 3606 multum

392 3639 606 3710 potuit,
647 3646 822 3695 natus
877 3642 1112 3706 Thebis,
1172 3641 1317 3697 urbe
1373 3644 1621 3714 .Egypti,
1671 3641 1908 3712 ingenio
1965 3641 2040 3695 ad

394 3729 596 3783 omnia
625 3735 760 3800 apto
821 3731 1123 3800 praeditus,
1166 3737 1340 3802 poeta
1370 3737 1428 3786 et
1455 3731 1529 3786 ad
1560 3731 1788 3801 poesim
1845 3735 2040 3801 aptus,

395 3835 534 3872 cum
569 3819 820 3874 Athenas
838 3820 1116 3889 venisset,
1139 3837 1172 3876 a
1201 3821 1434 3876 civitate
1451 3821 1715 3876 delectus
1743 3835 2042 3892 gramma-

395 3906 566 3975 ticus,
611 3908 832 3963 multos
863 3909 942 3962 ibi
975 3909 1176 3964 docuit
1203 3926 1412 3966 annos.
1446 3909 1749 3980 Simulque
1776 3908 1882 3963 sub
1915 3924 2042 3963 ma-

399 4012 511 4064 gno
545 3996 748 4050 Proclo
782 3997 1047 4052 eruditus
1077 4003 1167 4052 est
1195 3999 1256 4052 in
1289 3998 1564 4053 omnibus
1594 3997 1915 4053 reconditaa
1950 4013 2044 4051 sa-

399 4085 638 4154 pientiaa
655 4085 942 4154 partibus.
964 4086 1111 4140 Hinc
1141 4086 1291 4141 nulli
1314 4085 1610 4142 secundus
1630 4086 1813 4141 videri
1837 4086 2042 4141 volens

400 4187 537 4225 cum
560 4172 836 4226 omnibus
859 4173 1250 4244 philosophis,
1271 4181 1513 4246 excepto
1532 4175 1755 4240 Proclo,
1791 4180 2042 4230 conten-

401 4259 596 4325 debat,
632 4260 1010 4317 Plutarchum
1041 4263 1238 4327 etiam,
1273 4265 1455 4319 Hierii
1477 4266 1560 4331 F.,
1593 4265 2041 4331 Atheniensem,

400 4353 459 4403 et
495 4349 812 4419 Hermiam,
864 4351 1352 4420 Alexandrinum,
1385 4353 1704 4421 rhetorem,
1759 4352 2043 4407 doctrinas

398 4438 587 4510 gloria
616 4455 896 4510 superare
928 4439 1219 4497 studebat.
1253 4442 1396 4496 Cum
1427 4448 1626 4497 autem
1652 4459 1685 4498 a
1714 4442 2045 4497 calumnia-

402 4527 628 4582 toribus
650 4528 807 4599 apud
823 4529 1391 4601 Theagenem,illius
1413 4531 1526 4586 loci
1557 4532 1763 4599 civem,
1790 4529 2042 4597 delatus,

2162 1964 2406 2033 μουσεῖα,
2439 1961 2554 2013 κατ’
2607 1958 2842 2032 ἐκλογήν
2902 1955 3150 2016 ἒκὲλευςε
3206 1951 3498 2020 παιδεύειν,
3531 1971 3652 2019 eos,
3707 1955 3813 2025 qui

2159 2052 2393 2108 scholas
2415 2051 2882 2121 frequentarent,
2915 2064 3052 2102 cum
3085 2046 3319 2101 delectu
3351 2044 3562 2099 docere
3599 2044 3807 2114 jussit.

2229 2141 2360 2195 Πάν.
2385 2142 2466 2194 Ex
2494 2139 2715 2210 Esopi,
2749 2141 3111 2210 anagnostae,
3143 2135 3296 2190 libro
3327 2135 3398 2189 de
3435 2133 3673 2200 Helena,
3706 2150 3810 2187 su-

2157 2247 2266 2303 pra
2293 2231 2355 2284 in
2388 2228 2592 2301 Ἰχθῦς.

2227 2338 2542 2402 Panwtius,
2567 2334 2852 2399 Rhodius,
2879 2333 3106 2396 Senior,
3128 2330 3520 2402 philos0phus
3551 2328 3815 2384 celeber-

2154 2428 2364 2493 rimus,
2397 2426 2564 2497 cujus
2596 2423 2836 2496 plurimi
2871 2422 3007 2476 libri
3038 2419 3437 2492 philosophici
3489 2417 3811 2474 circumfe-

2155 2522 2388 2571 runtur.

2226 2624 2545 2686 Panaetius,
2599 2623 2824 2686 Junior,
2860 2620 3141 2691 Nicagora
3173 2619 3259 2684 F.,
3294 2616 3579 2681 Rhodius,
3613 2615 3808 2686 philo-

2155 2716 2377 2787 sophus
2417 2714 2666 2776 Stoicus,
2703 2710 2978 2783 Diogenis
3025 2707 3354 2778 discipulus
3386 2711 3445 2760 et
3473 2711 3810 2776 praeceptor

2153 2805 2446 2875 Scipionis
2483 2801 2760 2865 Africani,
2815 2803 2950 2871 post
2999 2796 3334 2867 Polybium,
3367 2793 3802 2866 Megapolitam.

2153 2894 2310 2949 Obiit
2346 2893 2614 2949 Athenis.

2223 2999 2589 3066 Pancratius,
2625 2997 2911 3068 sophista,
2944 2995 3182 3068 scripsit
3210 2994 3710 3051 commentarium
3745 2993 3810 3047 in

2152 3090 2469 3146 Minuciani
2501 3092 2689 3144 artem
2715 3087 3094 3142 rhetoricam.

2223 3179 2588 3235 Pancratius.
2620 3177 2804 3248 Hujus
2820 3177 3094 3231 feruntur
3113 3174 3482 3246 Opsartytica
3499 3174 3560 3228 in
3581 3171 3806 3244 quibus

2150 3269 2342 3324 varios
2372 3268 2516 3323 artis
2547 3266 2852 3322 culinariaa
2901 3265 3108 3321 modos
3141 3264 3335 3319 tradit.
3387 3263 3615 3318 Floruit
3647 3268 3808 3316 tem-

2141 3373 2284 3429 pore
2316 3356 2524 3411 Leonis
2556 3355 2842 3418 Senioris,
2875 3370 3066 3425 usque
3094 3353 3168 3407 ad
3199 3354 3515 3407 Zenonem.

2217 3440 2632 3503 Πανδελετείους
2690 3443 2942 3516 γνώμας.
3001 3440 3357 3496 Pandeletus
3427 3439 3803 3512 schphanta

2139 3534 2271 3598 fuit,
2304 3533 2500 3587 litium
2531 3548 2760 3598 amans,
2795 3531 3073 3602 idemque
3107 3529 3472 3601 sophismata
3501 3527 3806 3583 scribebat

2143 3629 2202 3679 et
2230 3638 2386 3676 unus
2417 3627 2544 3676 erat
2572 3638 2640 3675 ex
2674 3620 2817 3686 illis,
2852 3619 2952 3690 qui
2984 3619 3143 3674 circa
3165 3618 3393 3689 judicia
3423 3616 3629 3672 crebro
3661 3632 3798 3669 ver-

2144 3711 2445 3767 sabantur.
2480 3710 2748 3764 Meminit
2771 3709 2898 3779 ejus
2936 3709 3210 3763 Cratinus
3251 3707 3313 3761 in
3346 3705 3722 3760 Chironibus.

2214 3799 2553 3866 Panolhius,
2579 3804 2769 3870 poeta.
2797 3797 3042 3867 Scripsit
3071 3795 3336 3851 diversa:
3360 3794 3520 3849 velut
3548 3809 3798 3848 carmen

2143 3890 2224 3944 Ad
2251 3891 2573 3955 Etherium,
2610 3888 2813 3942 morbo
2865 3886 3209 3940 defunctum
3239 3902 3254 3949 ;
3288 3885 3378 3939 Ad
3418 3883 3744 3952 Erythrium
3772 3901 3788 3948 ;

2142 3979 2233 4032 Ad
2259 3977 2614 4044 Dorotheum,
2672 3974 2986 4047 praesidem
3034 3979 3092 4028 et
3119 3973 3418 4037 comitem,
3452 3975 3509 4025 in
3545 3971 3802 4040 Aphtho—

2142 4070 2320 4131 nium,
2379 4065 2694 4132 comitem;
2752 4063 3110 4134 Epitaphium
3169 4063 3427 4132 Hypatiz
3457 4103 3472 4128 ,
3527 4059 3795 4130 Erythrii

2145 4155 2307 4212 ﬁliai.

2145 4265 2324 4316 Πάντα
2354 4259 2518 4315 ὀκτώ.
2565 4261 2764 4315 Aiunt.
2799 4258 3160 4314 Stesicorum
3189 4257 3428 4312 Catanaa
3491 4253 3802 4325 splendide

2148 4352 2445 4424 sepultum
2475 4351 2657 4406 fuisse
2690 4350 2764 4405 ad
2795 4353 3015 4420 portas,
3051 4365 3181 4418 quea
3208 4347 3280 4402 ab
3313 4363 3380 4400 eo
3413 4345 3800 4400 Stesichorea:

2146 4447 2447 4510 vocantur,
2470 4443 2596 4513 ipso
2615 4444 3004 4494 monumento
3023 4443 3153 4492 octo
3185 4435 3495 4491 columnas
3518 4434 3797 4489 habente.

2149 4540 2279 4590 octo
2313 4534 2454 4588 item
2510 4531 2728 4604 gradus
2759 4535 2819 4584 et
2867 4528 3115 4601 angulos
3147 4531 3301 4582 octo.
3363 4525 3476 4579 Alii
3532 4523 3798 4591 tradunt,

399 4623 458 4671 et
485 4618 716 4687 gravius
774 4635 952 4689 quam
1010 4619 1358 4691 magistrum
1407 4619 1664 4690 deceret,
1719 4620 2043 4691 exagitatus
2074 4605 2120 4668 Β
2155 4624 2402 4691 Aletem,
2434 4639 2569 4678 cum
2599 4622 2933 4677 Corinthios
2983 4622 3044 4675 in
3092 4636 3276 4676 unam
3318 4619 3619 4674 civitatem
3668 4634 3801 4672 ora-

394 4707 623 4771 fuisset,
659 4708 997 4778 Byzantium
1015 4708 1177 4763 venit
1200 4708 1333 4763 :ubi
1361 4709 1422 4762 in
1440 4708 1583 4763 urbe
1606 4709 1800 4780 inqua
1829 4725 2038 4763 omnes

392 4795 710 4852 Christiani
737 4802 955 4863 essent,
988 4799 1188 4854 Graeca
1223 4813 1330 4854 sua
1374 4797 1682 4870 religione,
1712 4814 1888 4869 quam
1919 4814 2041 4852 non

395 4884 751 4954 dissimulat,
784 4887 1125 4957 opinionem
1183 4886 1382 4942 attulit
1434 4886 1798 4955 nominibus,
1833 4903 1895 4941 se
1925 4886 2042 4940 alia

397 4991 632 5046 quoque
665 4992 883 5030 arcana
913 4975 1184 5047 (magica)
1232 4976 1504 5032 doctrina
1534 4993 1662 5031 esse
1701 4976 2036 5047 praeditum.

398 5063 600 5130 Itaque
632 5062 798 5117 Illius
839 5080 973 5117 eum
1039 5080 1251 5135 poema
1309 5065 1605 5134 quoddam
1665 5065 2038 5132 recitantem,

400 5167 534 5205 cum
563 5152 843 5215 audisset,
868 5154 1352 5208 commendatum
1376 5154 1486 5208 sibi
1513 5153 1720 5208 habuit
1741 5159 1798 5208 et
1824 5154 2043 5225 stipen-

398 5239 562 5294 dium
594 5241 707 5310 ipsi
737 5241 902 5296 dedit
930 5243 1146 5313 partim
1172 5243 1244 5297 de
1275 5260 1403 5311 suo,
1434 5244 1651 5314 partim
1683 5243 1753 5298 de
1779 5244 2038 5315 publico.

468 5417 576 5486 (95)
603 5417 738 5472 Voc.
757 5417 1050 5472 herbarum
1075 5417 1340 5472 additum
1367 5421 1452 5470 est
1482 5417 1552 5471 de
1585 5418 1878 5472 Lambecii
1902 5434 2042 5472 con-

391 5487 645 5558 jectura,
679 5493 740 5544 at
767 5487 1232 5558 fallaci,utijam
1265 5504 1444 5558 supra
1461 5489 1746 5543 adnotare
1771 5489 2039 5544 memini.

397 5561 589 5631 Atque
619 5561 904 5615 Kusterus
937 5559 997 5614 in
1029 5565 1154 5614 not.
1187 5562 1217 5613 7
1249 5564 1306 5612 et
1334 5559 1384 5624 8,
1399 5563 1555 5631 tom.
1584 5560 1680 5626 III,
1711 5577 1767 5630 p.
1806 5563 1887 5628 14,
1909 5577 2039 5631 pro-

397 5629 697 5687 babilibus
711 5631 1028 5694 existimat,
1045 5647 1191 5701 opus
1211 5629 1502 5702 Pamphili
1523 5631 1595 5684 De
1619 5629 1864 5702 iconibus
1881 5629 2042 5702 ejus—

393 5702 530 5757 dem
580 5703 763 5761 fuisse
821 5702 1174 5776 argumenti,
1232 5701 1302 5756 de
1330 5718 1446 5772 quo
1478 5701 1680 5773 scripti
1738 5707 1879 5758 sunt
1915 5701 2039 5757 duo

2149 4713 2281 4770 culo
2305 4713 2508 4784 jussus
2557 4711 2866 4783 coegisset,
2900 4711 3054 4765 cives
3086 4711 3148 4764 in
3179 4715 3311 4764 octo
3364 4707 3576 4775 tribus,
3609 4713 3670 4762 et
3697 4724 3800 4762 ur-

2148 4801 2282 4858 bem
2313 4802 2374 4857 in
2404 4807 2536 4857 octo
2568 4806 2765 4872 partes
2795 4799 3188 4855 distribuisse.

2221 4891 2523 4963 Panyasis,
2545 4889 2854 4962 Polyarchi
2871 4891 2932 4943 F.
2946 4933 2958 4955 ,
2979 4888 3487 4954 Halicarnasseus,
3506 4886 3802 4958 prodigio-

2149 4998 2282 5036 rum
2309 4982 2602 5051 interpres
2629 4984 2687 5033 et
2732 4984 2906 5050 poeta
2931 4978 3159 5048 epicus,
3198 4976 3299 5047 qui
3331 4977 3542 5048 poesin
3574 4976 3800 5030 exstin-

2150 5074 2305 5124 ctam
2327 5070 2388 5122 in
2420 5085 2592 5122 usum
2622 5067 2934 5122 revocavit'
2969 5065 3141 5120 Duris
3175 5065 3435 5120 Samium
3463 5065 3646 5119 fuisse
3677 5069 3800 5117 tra-

2151 5157 2279 5224 dit,
2341 5157 2554 5211 Dioclis
2610 5155 2840 5220 ﬁlium;
2899 5154 3226 5208 Herodotus
3285 5159 3514 5225 patrem
3573 5152 3801 5208 habuit.

2149 5246 2266 5304 Alii
2289 5263 2408 5300 non
2440 5247 2677 5316 Lyxum,
2707 5243 3023 5299 Aerododti
3047 5249 3316 5314 patrum;
3341 5243 3447 5298 sed
3477 5243 3800 5314 Dryonem,

2151 5412 2492 5468 Philostrati
2526 5409 2653 5486 Περῖ
2682 5409 2907 5465 εἰκόνων
2945 5410 3104 5478 libri,
3138 5410 3314 5466 hodie
3343 5411 3536 5466 adhuc
3569 5416 3808 5466 exstan-

2152 5487 2467 5626 telbdlAgiiz'
2487 5571 2556 5609 ex
2585 5555 2998 5627 emendatione
3030 5553 3286 5627 Kusteri,
3321 5557 3461 5610 tom.
3489 5555 3582 5622 III,
3615 5572 3674 5627 p.
3713 5556 3810 5624 15,

2151 5634 2276 5683 not.
2305 5625 2356 5699 1,
2389 5643 2497 5698 pro
2526 5626 2759 5698 vulgata
2789 5626 2924 5681 lect.
2959 5628 3181 5681 Ὅπικα.
3225 5625 3401 5680 Hum.
