4062 6298
353 371 512 435 1313

1685 373 1788 434 DE
1831 371 2117 444 QUIBUS
2157 373 2466 437 SUIDAS.

3608 381 3767 442 1314

357 507 637 563 Herodoti
669 507 1296 580 matrem,Panyasidis
1317 507 1484 563 aiunt
1515 523 1777 563 sororem
1805 506 2008 563 fuisse.
2041 509 2093 574 Α
2124 511 2339 579 Elegias
2380 511 2439 564 in
2494 512 2751 566 Venerem
2773 527 2792 565 :
2851 511 3060 579 Aretes,
3134 515 3346 578 uxoris,
3405 516 3709 585 epicedium
3737 534 3759 581 ;

353 597 641 669 Panyasis
671 603 846 653 natus
878 602 969 652 est
993 596 1340 668 Olympiade
1360 597 1648 652 LXXVIII.
1673 596 2010 650 Secundum
2122 603 2314 655 Aretes
2344 601 2648 655 encomium
2679 601 2854 656 tribus
2885 602 3057 669 libris,
3091 606 3149 657 et
3204 603 3322 659 alia
3385 605 3591 660 multa.
3622 606 3760 662 Vide

348 685 502 742 alios
533 687 837 758 antiquior
882 685 992 741 fuit
1032 692 1090 742 et
1120 692 1388 758 tempore
1421 685 1563 740 belli
1593 685 1815 740 Persici
1846 685 2007 753 vixit,

354 775 590 830 occisus
620 792 653 831 a
684 775 1062 848 Lygdamide,
1096 777 1266 831 tertio
1309 774 1705 831 Halicarnassi
1732 779 2005 846 tyranno:

348 866 512 921 Inter
541 871 745 936 poetas
767 865 918 920 alter
931 866 982 919 ei
1002 870 1136 936 post
1161 866 1479 920 Homerum
1510 865 1676 920 locus
1708 863 2005 918 tribuitur:

355 955 684 1010 secundum
711 955 860 1010 alios
890 971 1030 1010 vero
1061 961 1195 1026 post
1225 955 1543 1010 Hesiodum
1561 954 1740 1009 etiam
1773 953 2005 1008 etAnti-

2121 690 2352 744 Kusteri
2381 695 2584 744 notam
2617 692 2671 756 3,
2699 696 2843 747 tom.
2903 693 3001 759 III,
3052 707 3184 764 pag.
3246 696 3335 757 52,
3393 693 3494 748 ubi
3539 695 3611 750 de
3642 695 3758 750 alio

2119 777 2374 848 quodam
2399 779 2721 846 Parthenio,
2747 780 3112 845 Phocmensi,
3147 781 3419 851 quaedam
3471 784 3686 840 attulit.

2187 865 2561 934 Parthenius,
2589 868 2788 935 Chius,
2814 875 2988 939 poeta
3011 869 3233 940 epicus,
3258 870 3417 925 ﬁlius
3436 873 3756 942 Thestoris,

2116 953 2217 1022 qui
2250 956 2701 1026 cognominatus
2730 957 2841 1010 fuit
2898 958 3113 1026 Chaos.,
3147 959 3233 1013 Ab
3288 961 3538 1016 Homero
3570 979 3754 1034 genus

329 1044 649 1099 -machum.
709 1044 960 1116 Scripsit
1006 1039 1394 1116 Ἦρακλειάδα.
1456 1045 1533 1097 De
1605 1044 1764 1098 rebus
1841 1044 2006 1111 gestis
2115 1041 2300 1098 duxit.
2342 1044 2591 1115 Scripsit
2636 1047 2712 1099 De
2744 1047 3016 1116 Thestore,
3044 1053 3210 1118 patre
3242 1065 3367 1116 suo,
3415 1050 3557 1105 item
3586 1055 3756 1108 Meta-

353 1133 602 1189 Herculis
625 1135 790 1189 libros
819 1136 970 1202 XIV,
996 1133 1266 1189 versibus
1312 1133 1550 1188 circiter
1577 1133 1737 1187 9000.
1770 1131 2001 1201 Ἰωνικὰ,

345 1225 425 1277 De
457 1223 631 1278 Codro
657 1230 707 1278 et
735 1225 918 1290 Nelea,
943 1225 1290 1293 coloniisque
1318 1223 1541 1288 Ionicis,
1564 1221 1827 1277 carmine
1857 1237 2001 1292 pen-

346 1317 618 1379 tametro,
647 1313 917 1368 versibus
933 1313 1172 1368 circiter
1199 1313 1359 1366 7000.

416 1401 806 1472 Paphnutius,
841 1403 1006 1458 urbis
1051 1401 1360 1474 cujusdam
1412 1401 1475 1455 in
1533 1400 1823 1471 superiori
1853 1401 2001 1456 The-

346 1490 522 1546 baide
553 1493 980 1565 episcopus,vir
1009 1495 1125 1548 Deo
1157 1494 1457 1558 charus,et
1474 1492 1779 1547 miraculis
1808 1491 1997 1564 incly-

348 1584 463 1635 tus.
487 1581 630 1635 Huic
644 1583 1074 1652 persecutionis
1097 1587 1362 1653 tempore
1374 1581 1580 1636 oculus
1603 1580 1994 1648 eﬁ'ossusfuit,

349 1685 527 1738 quem
549 1670 1349 1741 imperatortConstantinus)
1381 1670 1723 1741 frequenter
1735 1685 1998 1725 arcesse-

342 1758 464 1826 bat,
500 1759 859 1832 oculumque
919 1761 1047 1833 ejus
1095 1761 1568 1816 deosculabatur.
1611 1761 1756 1816 Cum
1795 1764 1992 1814 autem

2111 1133 2438 1199 morphoses.

2183 1222 2382 1283 Pases,
2411 1222 2647 1294 ingenio
2677 1224 2844 1278 molli
2871 1231 2930 1280 et
2968 1226 3330 1295 effeminato,
3363 1227 3466 1283 sed
3497 1229 3594 1300 qui
3627 1235 3752 1286 arte

2111 1310 2340 1381 magica
2369 1327 2578 1366 omnes
2605 1313 2919 1383 superavit,
2963 1312 3111 1369 adeo
3140 1321 3207 1368 ut
3246 1315 3751 1374 incantationibus

2110 1398 2231 1453 suis
2256 1399 2537 1469 efﬁceret,
2571 1406 2638 1455 ut
2666 1417 2846 1456 omna;
2868 1407 3230 1472 sumptuosa)
3262 1406 3749 1475 conspicerentur

2108 1490 2168 1538 et
2197 1492 2482 1556 praeterea
2495 1488 2897 1559 nonnulli,qui
2930 1489 3003 1543 ad
3030 1506 3297 1544 mensam
3313 1492 3748 1562 ministrarent,

2107 1573 2435 1644 eademque
2467 1576 2669 1631 omnia
2707 1593 2913 1631 rursus
2971 1585 3410 1636 evanescerent.
3443 1581 3660 1637 Habuit
3689 1590 3748 1638 et

2107 1662 2520 1730 semiobolum,
2551 1681 2621 1719 ex
2651 1665 2814 1719 mina
2843 1662 2903 1718 ἐκ
2948 1669 3082 1736 μνᾶς
3116 1667 3347 1735 (Portus
3377 1664 3436 1721 ἐκ
3497 1670 3742 1742 μαγεία.)

2103 1749 2177 1804 ab
2207 1751 2336 1822 ipso
2367 1751 2717 1824 factum,qui
2751 1770 2884 1808 cum
2911 1753 2982 1808 ab
3041 1754 3169 1824 ipso
3201 1754 3372 1810 datus
3420 1764 3578 1812 esset
3602 1775 3740 1813 ven-

345 1847 637 1919 episc0pis
669 1849 730 1904 in
761 1849 984 1920 synodo
1019 1851 1298 1920 (Nicaana)
1326 1851 1517 1905 visum
1548 1854 1723 1915 esset,
1756 1854 1840 1916 ut,
1861 1849 1993 1919 qui-
2019 1870 2068 1936 Β
2103 1838 2400 1938 fient-ibus.
2426 1858 2461 1896 ἃ
2492 1841 2708 1938 quibus
2745 1842 2987 1938 aliquid
3043 1857 3263 1938 (ἦωθςθ,
3287 1844 3537 1938 Whabiti,
3586 1847 3743 1938 apud

332 1953 569 2007 cunque
598 1937 660 1992 in
692 1955 926 1994 sacrum
958 1940 1231 1994 ordinem
1255 1939 1453 1995 allecti
1477 1937 1988 2010 essent,episcopi,

335 2026 932 2097 presbyteri,diaconi
964 2030 1379 2084 etsubdiaconi
1412 2028 1988 2084 abstinerentacon-

335 2113 540 2168 cubitu
572 2132 842 2183 uxorum,
873 2135 1020 2189 quas
1050 2135 1185 2173 cum
1228 2117 1364 2173 laici
1397 2122 1598 2172 essent
1624 2117 1988 2171 matrimonii

327 2200 468 2271 jure
495 2204 880 2272 sociaverant,
916 2222 1163 2278 surgens
1185 2205 1537 2261 vociferatus
1569 2209 1675 2274 est,
1707 2221 1829 2259 non
1860 2221 1990 2260 esse

331 2288 767 2360 imponendum
800 2310 974 2366 grave
1005 2296 1116 2350 hoc
1129 2296 1337 2367 jugum
1367 2293 1598 2349 clericis
1629 2299 1688 2348 et
1715 2293 1988 2348 sacerdo-

320 2376 404 2429 tib
427 2394 518 2446 us,
550 2380 930 2438 honorabiles
962 2399 1091 2438 esse
1123 2383 1384 2454 nuptias,
1433 2389 1544 2436 etc.
1577 2383 1678 2452 (Ex
1707 2381 1982 2449 Socratis,

334 2465 438 2519 lib.
465 2484 504 2537 ι,
539 2487 664 2542 cap.
707 2472 788 2534 ll,
822 2472 967 2526 Hist.
1003 2471 1239 2542 eccles.)

397 2567 651 2633 Pappus,
681 2561 1137 2626 Alexandrinus,
1168 2559 1684 2631 philosophus,qui
1707 2557 1814 2614 sub
1835 2559 1979 2630 imp.

334 2649 659 2704 Theodosio
691 2649 926 2702 seniore
956 2649 1114 2716 vixit,
1143 2665 1258 2719 quo
1291 2653 1556 2719 tempore
1586 2648 1763 2702 etiam
1781 2647 1984 2703 floruit

333 2739 553 2804 Theon,
585 2735 996 2806 philosophus,
1030 2736 1130 2806 qui
1163 2735 1465 2790 Ptolemaai
1508 2735 1807 2790 Canonem
1838 2737 1979 2790 scri-

326 2823 627 2896 psit.Libri
659 2822 787 2894 ejus
819 2829 957 2877 sunt
976 2820 1337 2898 Χωρογραφία
1368 2821 1750 2893 οἶκουμενική,
1782 2844 1810 2872 ‹‹
1834 2824 1979 2878 Cho-

324 2935 353 2964 «
386 2911 703 2984 rographia
733 2912 910 2967 totius
942 2911 1099 2966 orbis
1123 2911 1628 2979 ;Commentarius
1650 2911 1710 2966 in
1727 2917 1982 2982 quatuor

334 3021 356 3050 ε
381 3001 566 3056 libros
596 3017 826 3074 magum
851 3001 1120 3072 Syntaxis
1151 3000 1482 3067 Ptolemaai;
1515 3000 1839 3072 Descriptio
1857 3000 1978 3055 Ilu-

329 3113 356 3141 ‹,
399 3091 650 3155 viorum,
706 3090 807 3160 qui
867 3094 1005 3144 sunt
1059 3089 1122 3145 in
1174 3089 1397 3162 Libya;
1453 3090 1979 3161 Interpretationes

329 3202 357 3229 ‹‹
393 3180 780 3234 somniorum.
818 3200 845 3228 »

2099 1931 2297 2000 ipsum
2327 1947 2534 1985 rursus
2564 1931 2991 2000 inveniebatur,
3032 1932 3081 1986 si
3109 1933 3412 1989 voluisset.
3473 1936 3743 1991 Meminit

2097 2017 2226 2088 ejus
2249 2023 2308 2073 et
2336 2021 2544 2089 Apion,
2577 2021 3020 2092 grammaticus,
3054 2017 3106 2073 ἐν
3135 2024 3215 2091 τῷ
3249 2020 3380 2096 Περὶ
3441 2022 3630 2097 Μάγου
3671 2026 3735 2080 in

2095 2103 2246 2159 libro
2278 2107 2358 2160 De
2391 2109 2572 2179 Mago.

2164 2195 2453 2250 Patricius
2475 2196 2677 2251 ﬂoruit
2705 2196 2813 2252 sub
2841 2198 3498 2270 Jovianoimp.,fuitque
3521 2201 3734 2274 Lydus,

2093 2282 2192 2351 qui
2224 2284 2755 2353 phaanomenorum
2786 2287 3111 2342 cmlestium
3129 2293 3187 2342 et
3216 2289 3520 2360 signorum
3533 2307 3732 2346 occur-

2090 2372 2350 2426 rentium
2382 2375 2685 2446 conjector
2715 2379 2842 2430 erat
2869 2377 3273 2432 acutissimus.

2161 2463 2503 2532 Pattaecion,
2536 2464 2623 2518 vir
2651 2465 2752 2534 qui
2784 2470 3028 2535 questus
3060 2471 3186 2521 erat
3234 2456 3549 2524 calumniis
3579 2470 3728 2526 alios

2089 2566 2316 2620 vexare,
2350 2558 2410 2606 et
2429 2553 2838 2609 adolescentes
2869 2554 3111 2628 integras
3141 2555 3313 2611 fama;
3345 2562 3404 2612 et
3432 2558 3730 2616 existima-

2090 2640 2269 2697 tionis
2299 2642 2610 2698 lacessere.
2634 2643 2797 2699 Idem
2829 2661 2863 2699 a
2892 2645 3134 2700 comicis
3196 2648 3632 2720 perstringitur,
3667 2655 3733 2706 ut

2086 2728 2185 2785 fur
2213 2736 2270 2785 et
2300 2732 2594 2802 parietum
2626 2733 2946 2804 perfossor,
2980 2738 3094 2790 etc.

2158 2820 2396 2889 Paulus,
2431 2822 2712 2895 Egineta,
2745 2823 3034 2891 medicus,
3053 2824 3154 2895 qui
3185 2826 3262 2879 De
3287 2842 3348 2880 re
3376 2827 3726 2898 medicaplu-

2085 2925 2172 2964 res
2202 2911 2366 2966 libros
2390 2911 2646 2983 scripsit.

2157 2999 2396 3065 Paulus,
2423 2999 2652 3070 Tyrius,
2673 3000 2898 3067 rhetor,
2929 3000 3175 3071 aequalis
3202 3002 3488 3074 Philonis,
3513 3005 3723 3075 Byblii,

2085 3087 2160 3142 ad
2190 3087 2552 3143 Hadrianum
2583 3089 2800 3144 missus
2832 3090 3078 3162 legatus,
3103 3092 3319 3162 Tyrum
3367 3095 3724 3165 metropolin

2086 3177 2556 3249 effecit.Scripsit
2582 3181 2772 3234 Artem
2800 3179 3132 3235 rhetoricam
3156 3190 3640 3251 progymnasmata
3671 3190 3732 3240 et

401 3269 762 3343 Παραστιχῖς,
797 3270 981 3325 series
1003 3286 1303 3337 versuum,
1347 3285 1602 3340 quorum
1632 3269 1840 3341 primae
1880 3270 1975 3324 lit-

2106 3225 2526 3249 ._---_--_-_-,__

2106 3265 2534 3322 Declamationes.

323 3363 464 3413 teras
494 3374 715 3412 nomen
745 3357 836 3411 vel
882 3357 1240 3411 sententiam
1270 3356 1533 3428 aliquam
1591 3361 1958 3428 componunt

323 3443 1001 3511 Heraclides,Ponticus,
1037 3449 1174 3511 etc.,
1209 3459 1238 3497 e
1266 3443 1477 3498 Laertii
1513 3445 1575 3496 V.
1609 3445 1677 3497 92
1708 3459 1833 3514 seq.

388 3530 588 3604 Πάριον
623 3529 694 3585 ab
727 3529 1080 3591 Alexandro.
1115 3530 1348 3597 Paride,
1408 3529 1599 3584 dictus
1638 3529 1825 3596 locus,
1874 3530 1974 3600 qui

317 3625 493 3674 antea
522 3616 840 3672 Amander.
868 3617 1012 3671 Illuc
1033 3634 1067 3672 a
1090 3623 1257 3688 patre
1269 3617 1528 3684 Priamo,
1549 3618 1766 3671 missus
1789 3618 1973 3687 Paris,

318 3707 560 3778 ingenio
591 3705 748 3760 felici
781 3705 1064 3777 praeditus
1088 3711 1145 3760 et
1174 3722 1279 3777 per
1307 3706 1548 3778 triginta
1577 3712 1976 3761 commoratus

316 3814 507 3852 annos
541 3797 622 3851 ibi
647 3797 706 3850 in
727 3797 886 3852 omni
905 3798 1238 3852 Graecorum
1257 3797 1548 3867 sapientia
1564 3796 1830 3852 eruditus
1841 3797 1971 3851 fuit.

322 3885 521 3939 Edidit
551 3886 867 3941 Orationem
901 3886 958 3940 in
1006 3886 1232 3940 Veneris
1263 3886 1498 3953 laudem,
1533 3902 1650 3956 qua
1704 3887 1973 3943 Minervas

315 3990 448 4027 eam
481 3979 539 4028 et
567 3975 783 4028 Junoni
814 3973 1093 4045 prwtulit.
1115 3975 1393 4044 Hymnum
1423 3975 1601 4029 etiam
1632 3975 1694 4029 in
1722 3993 1852 4031 eam
1877 3994 1972 4032 ce—

315 4065 468 4118 cinit
490 4065 592 4134 qui
625 4072 796 4120 cestus
826 4065 1060 4120 dicitur.
1079 4065 1238 4120 Hanc
1269 4065 1408 4119 belli
1437 4065 1970 4137 (Trojani)causam

309 4151 497 4207 fuisse
523 4153 793 4208 scribunt
823 4153 896 4208 ob
944 4158 1174 4224 raptam
1233 4152 1389 4224 apud
1435 4153 1751 4225 Spartanos
1799 4156 1971 4212 Hele-

308 4258 470 4309 nam,
504 4247 615 4298 etc.

379 4331 783 4399 Parmenides,
811 4331 1042 4403 Pyretis
1073 4331 1155 4398 F,,
1189 4330 1963 4403 Eleates,philosophus,di-

307 4419 570 4490 scipulus
600 4418 1391 4492 Xenophanis,Colophonii,
1412 4419 1598 4484 vel,ut
1623 4420 1959 4492 Theophra-

304 4512 431 4561 stus
462 4512 732 4573 testatur,
764 4507 1214 4574 Anaximandri,
1243 4507 1472 4562 Milesii.
1506 4508 1698 4578 Ipsius
1729 4526 1961 4565 succes-

2153 3355 2390 3421 Paulus,
2451 3355 2876 3427 philosophus,
2938 3358 3174 3430 scripsit
3257 3358 3721 3416 introductionem

2080 3444 2395 3513 astrologi?
2424 3443 2543 3498 sive
2573 3445 3043 3515 apotelesmatica.

2150 3532 2370 3587 Paulus
2392 3534 2726 3600 Germinus,
2756 3535 3040 3606 scphista,
3073 3535 3174 3607 qui
3207 3537 3464 3608 scripsit,
3495 3539 3718 3609 «Lysias

2084 3642 2106 3674 ι
2141 3637 2270 3677 esse
2298 3621 2446 3677 duos
2472 3622 2608 3678 illos
2638 3623 2843 3691 libros,
2868 3624 2968 3695 qui
2999 3625 3072 3679 de
3093 3625 3248 3680 dono
3270 3627 3581 3698 Iphicratis
3603 3629 3720 3683 cir-

2079 3732 2106 3759 ‹‹
2143 3711 2571 3768 cumferuntur.
2603 3732 2630 3764 ι
2683 3715 2830 3768 Item
2887 3717 3303 3769 commentarios
3359 3718 3418 3769 in
3457 3716 3718 3787 reliquas

2075 3803 2256 3870 Lysiae
2278 3805 2572 3858 orationes.

2148 3889 2388 3957 Paulus,
2435 3891 2758 3963 Egyptius,
2820 3890 3176 3962 Lycopolita,
3229 3891 3514 3963 s0phista,
3559 3892 3719 3948 illius

2075 3977 2430 4045 Besarionis,
2465 3979 2565 4050 qui
2598 3985 2656 4034 et
2712 3979 2994 4050 Didymus
3053 3979 3292 4046 dicitur,
3353 3987 3527 4036 natus
3585 3981 3714 4038 sub.

2072 4068 2458 4122 Constantino
2499 4069 2668 4140 imp.,
2702 4069 2940 4140 scripsit
2965 4069 3284 4141 ὑπόμνημα.

2143 4157 2382 4222 Paulus,
2417 4158 2705 4213 Manentis
2737 4159 3002 4230 aaqualis,
3036 4160 3487 4225 Samosatensis,
3507 4163 3710 4217 Antio-

2071 4243 2218 4298 chiaa
2244 4262 2472 4318 magnas
2504 4247 2838 4318 episcopus,
2856 4249 2958 4319 qui
2988 4249 3307 4302 Dominum
3329 4250 3557 4305 nudum
3581 4267 3710 4306 esse

2069 4334 2750 4410 hominem,blaspheme
2769 4339 3002 4406 dixit,et
3028 4344 3093 4393 ut
3116 4339 3177 4394 in
3199 4357 3561 4412 unoquoque
3581 4361 3710 4414 pro-

2067 4425 2401 4495 phetarum,
2435 4428 2520 4482 sic
2550 4428 2728 4483 etiam
2754 4427 2816 4483 in
2846 4428 2974 4499 ipso
3007 4429 3270 4484 divinum
3295 4430 3537 4485 verbum
3551 4431 3712 4486 habi-

2067 4517 2242 4582 tasse,
2267 4521 2378 4572 etc.

302 4613 464 4650 sores
493 4595 660 4650 fuere
690 4597 1075 4668 Empedocles
1107 4595 1498 4667 philosophus
1531 4601 1589 4650 et
1609 4597 1962 4665 medicus,et
1993 4591 2038 4652 D
2142 4603 2371 4658 Paulus.
2400 4605 2504 4660 Hic
2535 4622 2668 4660 cum
2683 4605 3050 4677 Chrysantho
3081 4607 3413 4662 Novatianaa
3429 4607 3705 4664 Ecclesiae

300 4683 730 4748 Zeno,Eleates.
759 4685 1008 4754 Scripsit
1037 4683 1471 4754 Physiologiam
1502 4685 1961 4743 versibushexa—

305 4773 534 4839 metris,
567 4779 624 4827 et
654 4773 770 4828 alia
802 4773 1075 4844 quaadam
1124 4772 1393 4827 oratione
1454 4774 1666 4843 soluta,
1699 4792 1953 4846 quorum

301 4860 468 4914 Plato
500 4861 793 4916 meminit.

323 4949 332 4980 ί
373 4949 663 5021 Πάροινος.
702 4950 842 5006 Vide
874 4966 1074 5021 supra,
1108 4945 1358 5002 οὐδέποτ’
1397 4945 1523 5022 ἐγώ.

368 5036 738 5106 Parrhasius,
789 5038 1070 5093 Evenoris
1099 5039 1160 5094 F.
1221 5042 1281 5092 et
1333 5036 1681 5110 discipulus,
1734 5057 1949 5113 genere

292 5125 602 5196 Ephesius,
637 5127 845 5198 pictor.

362 5215 739 5283 Parthenius,
773 5213 1100 5270 Heraclidis
1122 5218 1180 5269 et
1209 5214 1482 5282 Eudoraa,
1514 5217 1624 5284 vel,
1684 5223 1750 5274 ut
1800 5221 1945 5276 Her-

289 5302 528 5373 mippus
560 5303 663 5368 ait,
688 5305 884 5359 Thetin
937 5305 1021 5371 F,,
1082 5303 1399 5358 Nicaeensis
1428 5310 1532 5360 aut
1585 5308 1940 5381 Myrleanus,

292 5390 688 5461 elegiacorum
717 5397 776 5446 et
805 5392 1100 5447 variorum
1137 5391 1469 5446 carminum
1526 5399 1718 5464 poeta.
1750 5397 1850 5453 Hic
1906 5415 1942 5455 a

287 5477 476 5533 Cinna
501 5485 706 5550 captus
738 5487 846 5550 est,
880 5480 1160 5536 Romanis
1190 5496 1324 5535 cum
1350 5481 1683 5538 Mithridate
1713 5484 1936 5543 bellum

278 5566 642 5638 gerentibus.
672 5571 882 5624 Postea
913 5569 1194 5625 dimissus
1213 5573 1302 5625 est
1321 5575 1561 5641 prapter
1577 5570 1930 5645 doctrinam,

275 5660 335 5711 et
365 5645 509 5711 vixit
564 5673 775 5741 usque-
812 5659 885 5715 ad
940 5658 1241 5714 Tiberium
1314 5658 1623 5729 cessarem.
1674 5663 1944 5739 Scripsit

2066 4693 2322 4762 praefuit,
2357 4694 2456 4764 qui
2485 4695 2648 4765 prius
2692 4695 2933 4765 quidem
2961 4695 3167 4750 doctor
3197 4696 3526 4751 litterarum
3551 4697 3704 4751 Lati-

2064 4797 2276 4835 narum
2305 4782 2516 4850 fuerat,
2561 4783 2774 4838 deinde
2797 4785 3002 4839 relicto
3025 4785 3294 4839 instituto
3317 4787 3702 4857 grammatico

2061 4870 2136 4926 ad
2165 4872 2341 4927 vitam
2373 4874 2761 4929 monasticam
2791 4875 3028 4929 transiit
3074 4881 3133 4929 et
3171 4875 3306 4930 talis
3329 4875 3459 4942 fuit,
3494 4877 3702 4947 quales

2059 4960 2386 5015 monachos
2414 4961 2476 5015 in
2523 4961 2845 5018 solitudine
2905 4963 3184 5035 degentes
3235 4979 3364 5018 esse
3423 4971 3698 5037 Oportere

2057 5048 2334 5120 Evagrius
2365 5049 2587 5110 scribit,
2620 5055 2732 5105 etc.
2767 5053 2869 5121 (Ex
2891 5050 3147 5107 Socratis
3183 5052 3321 5108 hist.
3357 5053 3567 5110 eccles.
3603 5073 3698 5123 vn,

2057 5137 2170 5206 ιτ.)

2124 5227 2426 5295 Paurolas,
2460 5227 2792 5284 Phalaridis
2821 5230 3058 5302 tyranni
3099 5235 3158 5286 et
3204 5231 3458 5288 Eritheae
3488 5236 3694 5292 uxoris

2051 5315 2180 5385 ejus
2210 5317 2269 5370 F.

2117 5405 2440 5460 Pausanias
2461 5407 2672 5473 Lacon,
2704 5407 3043 5464 historicus.
3069 5410 3313 5482 Scripsit
3344 5433 3371 5462 «
3395 5413 3473 5467 De
3497 5412 3687 5467 Helle-

2051 5510 2074 5538 ι
2107 5499 2342 5564 sponto,
2377 5496 2680 5564 Laconica,
2705 5499 3014 5569 Chronica,
3031 5501 3109 5555 De
3133 5501 3686 5574 Amphictyonibus,

2041 5603 2070 5632 ‹‹
2103 5583 2184 5638 De
2203 5583 2372 5640 festis
2405 5585 2726 5643 Laconicis.

2059 5733 2082 5736 _
2108 5672 2432 5731 Pausanias
2455 5676 2854 5747 Casariensis,
2891 5679 3174 5751 sophista,
3207 5679 3453 5752 aqualis
3470 5679 3682 5734 Aristi-
