4062 6298
440 375 592 437 1315

1714 364 1966 434 INDEX
1999 364 2512 434 SCBIP'I‘ORUM

3691 373 3856 436 1316

438 507 551 575 dis,
582 507 756 577 cujus
803 504 1196 560 Philostratus
1243 501 1308 558 in
1350 499 1492 556 Vitis
1541 499 1962 571 sophistarum,
2015 502 2079 553 ut
2109 499 2162 565 Α
2262 502 2490 572 Perses,
2521 504 2816 572 Ascrteus,
2849 508 3024 575 poeta
3079 503 3313 577 spicus,
3371 504 3617 562 Hesiodi
3658 512 3851 580 poeta:

437 597 688 652 oratoris
702 591 1581 666 inepti,meminit.8cripsit«De
1593 587 1825 660 syntaxi
1839 587 2080 654 librum;

443 711 470 738 ‹‹
494 687 936 742 Problematum
966 683 1186 740 librum
1211 698 1420 749 unum,
1453 702 1482 731 »
1519 685 1576 736 et
1603 679 1742 738 alia.
1793 678 1992 749 (Plura
2022 677 2085 733 in

442 777 675 832 Kusteri
699 781 839 830 nota
869 777 922 840 5,
955 773 1026 828 ad
1058 773 1116 826 h.
1142 771 1182 826 l.
1206 788 1286 836 Ill,
1314 786 1443 842 pag.
1472 770 1586 839 62.)

511 869 765 927 Pauson,
798 865 1006 936 pictor.
1030 861 1398 932 Esculapius
1455 862 1787 916 Pausonem
1833 861 1892 916 et
1920 857 2080 912 Irum

437 961 494 1011 et
513 955 778 1026 quemvis
792 953 978 1008 alium
995 967 1316 1024 pauperem
1339 946 2040 1006 sanaverit.Proverhium
2061 963 2074 1002 :

435 1046 681 1099 Pausone
695 1044 1020 1113 pauperior.

501 1136 812 1199 Paxamus,
847 1132 938 1185 vir
967 1130 1197 1196 doctus,
1231 1127 1470 1198 scripsit
1500 1127 1573 1181 De
1629 1132 1748 1180 arte
1774 1125 2072 1190 culinaria,

424 1221 637 1277 ordine
669 1220 1042 1292 alphabetico
1063 1236 1078 1283 ;
1099 1242 1124 1268 ιι
1152 1218 1372 1274 Boeotia
1405 1216 1571 1272 libris
1589 1214 1819 1270 duobus
1845 1213 2072 1279 ;Dode—

421 1334 449 1360 ‹‹
494 1311 848 1367 catechnum
880 1309 1000 1364 sive
1031 1307 1104 1363 de
1137 1305 1454 1364 schematis
1482 1303 1756 1360 Venereis
1786 1321 1798 1368 ;
1825 1304 1905 1358 De
1947 1307 2072 1358 arte

415 1422 442 1450 «
471 1399 942 1455 tinctorialibros
962 1397 1110 1452 duos
1136 1413 1150 1462 ;
1175 1397 1253 1450 De
1289 1411 1350 1449 re
1383 1393 1606 1452 rustica
1636 1392 1818 1446 libros
1848 1391 2016 1446 duos.
2038 1411 2067 1441 ι»

486 1486 810 1548 Πένταθλος.
861 1486 1224 1555 Quinquertio
1282 1483 1475 1540 dictus
1533 1487 1624 1537 est
1672 1481 2065 1547 Democritus,

415 1577 764 1632 Abderites:
799 1574 1054 1631 callebat
1084 1572 1243 1627 enim
1268 1572 1532 1642 physica,
1563 1569 1981 1629 mathematica
2005 1573 2067 1624 et

415 1666 766 1738 disciplinas
790 1663 1091 1729 liberales,
1135 1662 1525 1730 omniumque
1568 1659 1786 1716 artium
1837 1657 2065 1728 peritus

416 1761 560 1810 erat.
599 1755 784 1825 Hujus
837 1758 930 1808 est
984 1752 1248 1807 dictum:
1281 1747 1457 1823 Λόγος
1485 1745 1647 1822 ἔργου
1689 1746 1836 1815 σκιὰ,
1868 1748 2064 1804 Oratio

416 1845 612 1898 umbra
642 1845 942 1898 actionum.

486 1932 674 2004 Pepli,
710 1932 811 2003 qui
837 1929 1251 1986 Panathenmis
1308 1926 1658 1998 majoribus,
1691 1926 1961 1982 Minervae
1995 1924 2057 1980 in

411 2038 629 2092 pompa
657 2021 976 2084 ferebatur,
992 2019 1148 2091 apud
1181 2022 1446 2073 oratores
1467 2021 1525 2071 et
1540 2014 1798 2072 comicos
1813 2013 2056 2072 mentio.

409 2113 474 2166 In
506 2127 574 2165 eo
607 2110 879 2180 depictus
906 2114 1034 2163 erat
1064 2106 1416 2169 Enceladus,
1450 2121 1606 2159 unus
1633 2120 1662 2160 e
1692 2101 2052 2174 gigantibus.

405 2215 583 2269 quem
614 2198 869 2252 Minerva
893 2194 1560 2257 occidit.Athenienses,
1593 2208 1728 2246 cum
1751 2191 2055 2246 victoriam

406 2291 832 2358 reportassent,
866 2286 1108 2356 peplum
1155 2284 1423 2338 Minervae
1469 2281 1759 2346 fecerunt,
1815 2286 1874 2336 et
1901 2280 1964 2334 in
1984 2296 2053 2335 eo

411 2376 810 2446 depinxerunt
834 2374 1010 2441 viros,
1043 2375 1145 2444 qui
1207 2389 1268 2428 se
1325 2376 1566 2426 strenue
1622 2371 1684 2426 in
1732 2369 1889 2426 bello
1923 2384 2052 2441 ges-

410 2464 648 2518 sissent.

480 2550 818 2620 Periander,
851 2550 1083 2623 Cypseli
1118 2551 1204 2613 F.,
1263 2548 1623 2614 Corinthius,
1659 2562 1812 2604 unus
1847 2562 1918 2602 ex
1953 2547 2051 2602 VII

409 2642 778 2714 sapientibus
799 2644 930 2710 (97),
952 2641 1052 2712 qui
1083 2637 1584 2710 vixitOlympiade
1616 2638 1866 2693 XXXIII.
1900 2635 2048 2690 Scri-

407 2732 526 2802 psit
552 2733 831 2800 Praecepta
861 2731 927 2785 de
946 2733 1063 2785 vita
1092 2731 1353 2792 humana,
1384 2728 1626 2784 versibus
1654 2729 1814 2781 2000.
1864 2728 2049 2782 Acce-

404 2826 572 2891 ptum
593 2835 628 2874 a
655 2825 822 2890 patre
853 2836 1100 2892 regnum
1133 2819 1193 2874 in
1226 2817 1602 2889 tyrannidem
1633 2816 1824 2881 vertit,
1847 2820 1957 2872 etc.
1981 2817 2048 2870 In

405 2910 535 2980 ejus
565 2913 819 2964 mortem
851 2909 1215 2980 epigramma
1233 2906 1509 2978 (Laertii).

511 3044 742 3112 Μήποτε
773 3040 992 3114 λυπήσῃ
1023 3061 1079 3096 σε
1107 3040 1168 3095 τὸ
1203 3041 1279 3113 μή
1313 3060 1372 3094 σε
1397 3043 1587 3114 ςῑρχεῖν
1626 3057 1796 3114 τινος,
1828 3035 1973 3092 ἀλλᾶ

617 3109 1009 3203 Τὲρπερ-πᾶαἱν
1042 3109 1214 3203 tunc;
1247 3109 1585 3203 αἴσιηδίξὼσὲ
1599 3110 1753 3203 Cede;

793 3185 806 3206 Ί

514 3186 615 3241 Καὶ
647 3173 750 3258 γ’ὰρ
783 3173 1126 3259 ἀθυμήσαξὸ
1159 3173 1696 3259 σοφὸς.,Περίανδρος⁸
1734 3173 1968 3248 ἀπέσϐη,

619 3250 841 3313 Οἷὶνὲκεν
876 3250 975 3311 οὐδὲ
1001 3255 1186 3331 ἔτυχεν
1221 3250 1470 3329 ἱερήειος,
1498 3257 1564 3323 ἧς
1593 3250 1790 3310 ἔθελεν.

513 3423 586 3475 Ne
616 3427 667 3475 te
697 3423 1000 3487 contristet,
1030 3421 1078 3475 si
1106 3435 1218 3474 non
1260 3424 1450 3488 optata
1477 3425 1795 3488 sequantur,

614 3493 722 3548 Sed
745 3494 1024 3562 placeant.
1078 3491 1287 3544 dederit
1318 3506 1439 3562 qua:
1491 3490 1593 3562 tibi
1623 3503 1853 3562 cumque
1883 3488 2042 3543 Deus.

507 3564 640 3618 Nam
671 3559 888 3634 sapiens
916 3579 1142 3617 maerore
1167 3559 1648 3634 perit—Periander
1677 3559 1868 3634 acerbo

617 3631 953 3700 Exstinctus,
987 3635 1137 3705 quod
1165 3631 1297 3701 non,
1329 3649 1450 3703 quae
1479 3633 1677 3697 uoluit,
1704 3631 1900 3686 valuit.

477 3795 755 3862 Pericles,
797 3793 1116 3865 Xanthippi
1176 3791 1552 3864 imperatoris
1591 3788 2046 3846 Atheniensium

401 3891 459 3941 et
488 3887 784 3958 Agaristes
815 3885 900 3950 F.,
933 3889 992 3938 et
1019 3883 1254 3938 auditor
1283 3884 1644 3952 Anaxagora)
1667 3878 2045 3944 Clazomenii,

399 3981 600 4030 orator
631 3981 688 4029 et
719 3974 1096 4044 demagogus,
1133 3972 1234 4042 qui
1257 3972 1487 4041 primus
1519 3969 1801 4039 scriptam
1824 3968 2048 4022 oratio-

398 4081 535 4119 nem
571 4063 778 4117 habuit
807 4079 866 4116 in
892 4061 1143 4133 judicio,
1171 4077 1304 4116 cum
1351 4059 1462 4125 illi,
1495 4060 1597 4129 qui
1655 4059 1850 4128 ipsum
1878 4063 2048 4112 ante-

398 4157 722 4217 cesserant,
767 4169 836 4206 ex
895 4157 1158 4221 tempore
1203 4148 1512 4206 dixissent.
1583 4148 1833 4202 Uxorem
1881 4146 2049 4201 duxit

398 4240 729 4311 Aspasiam,
762 4239 1071 4304 Milesiam,
1098 4244 1156 4294 et
1185 4255 1254 4293 ex
1283 4253 1351 4292 ea
1382 4235 1537 4292 ﬁlios
1569 4236 1851 4306 suscepit,
1884 4236 2042 4290 Xan-

401 4330 674 4400 thippum
706 4334 765 4382 et
794 4327 1091 4390 Paralum,
1123 4341 1302 4396 quem
1333 4330 1541 4379 contra
1557 4323 1829 4378 instituta
1858 4323 2049 4394 patria

402 4421 486 4476 sic
519 4419 1069 4487 nominavit,herois
1086 4417 1275 4473 indito
1299 4415 1729 4486 nomine,quod
1753 4415 2046 4487 (Athenis)

402 4527 524 4565 non
555 4511 790 4577 licebat,
826 4515 939 4565 etc.

471 4597 800 4673 Περίμανος.
836 4598 1042 4669 Supra,
1075 4596 1348 4667 Μάνερος.

462 4692 676 4746 Persea.
709 4689 894 4761 Magia
925 4692 984 4741 et
1013 4683 1335 4756 astrologia
1362 4699 1398 4739 a
1445 4680 1748 4754 Magusaais
1780 4680 2041 4752 primum

394 4784 635 4839 inventa
663 4779 793 4834 fuit.
827 4779 1020 4832 Persa
1052 4773 1123 4830 ab
1149 4773 1446 4845 indigenis
1489 4777 1772 4827 vocantur
1819 4771 2038 4842 Magog.

397 4874 467 4926 Et
499 4868 768 4943 Magusaei
799 4867 980 4922 iidem
1012 4869 1170 4920 sunt.

2193 589 2395 647 frater.

2261 707 2559 775 Petosiris,
2589 707 3602 781 Egyptius,philosophus,scripsit,
3638 733 3668 760 «
3699 711 3832 776 Qua

2189 818 2218 845 «
2233 797 2466 852 ratione
2475 799 2660 853 Croci
2677 803 2738 852 et
2749 798 2998 870 Egyptii
3017 797 3266 852 deorum
3279 797 3505 853 cultum
3520 799 3838 855 instituen-

2189 907 2216 935 ς(
2237 883 2376 939 dum
2401 902 2531 940 esse
2553 887 2948 958 preceperint
2968 904 2983 954 ;
3001 887 3532 959 Astrologumenan
3557 905 3628 944 ex
3644 890 3828 945 sacris

2185 972 2353 1029 libris
2380 982 2688 1046 excerpta;
2715 999 2741 1025 ει
2760 977 2841 1029 De
2873 975 3174 1046 mysteriis
3202 978 3624 1048 Egyptiorum.
3660 1000 3690 1027 ι

2256 1065 2481 1130 Petrus,
2501 1066 2802 1136 magister,
2835 1064 3041 1119 rhetor
3069 1071 3128 1119 et
3159 1065 3498 1121 historicus.
3533 1067 3637 1122 Hic
3670 1068 3835 1140 lega-

2182 1157 2275 1206 tus
2305 1152 2380 1206 ad
2403 1153 2702 1208 Chosroen
2731 1154 2950 1208 missus
2982 1153 3268 1225 singulari
3295 1155 3579 1227 gravitate
3617 1163 3678 1212 et
3705 1160 3830 1214 elo-

2182 1242 2426 1312 quentia
2455 1242 2680 1298 feroces
2733 1247 2792 1296 et
2841 1242 3129 1314 superbos
3163 1243 3553 1300 Barbarorum
3599 1248 3831 1304 animos

2182 1330 2485 1402 mitigavit.
2517 1330 2764 1401 Scripsit
2820 1331 3106 1395 Historias,
3169 1331 3311 1385 item
3367 1329 3495 1402 Περὶ
3537 1331 3832 1399 πολιτικῆς

2177 1418 2574 1486 καταστάσεως,
2608 1421 2684 1474 De
2703 1426 2852 1475 statu
2880 1422 3025 1491 reip.
3059 1419 3243 1489 (Idem
3289 1426 3398 1485 est,
3459 1437 3640 1492 quem
3695 1440 3829 1477 mox

2178 1507 2287 1563 sub
2315 1509 2654 1564 Iustiniano
2687 1509 2900 1564 vixisse
2922 1515 2982 1564 et
3011 1509 3288 1564 aerarium
3308 1509 3666 1581 compilasse
3697 1511 3826 1566 Sui-

2175 1596 2283 1652 das
2315 1615 2384 1652 ex
2415 1599 2702 1670 Procopio
2721 1599 2972 1666 scribit.)

2244 1715 2453 1770 Petrus
2494 1715 3140 1788 Mongus,A1exandrias
3167 1717 3825 1787 episcopus,haareticus

2171 1801 2433 1858 fervidus
2465 1800 2822 1875 ((διάπυρος.)
2854 1805 3218 1875 Euphemius
3264 1822 3420 1872 vero,
3454 1806 3818 1876 patriarcha,

2091 1876 2139 1944 Β
2167 1893 2553 1948 orthodoxam
2585 1892 2758 1948 ﬁdem
2792 1910 3006 1966 magno
3042 1893 3238 1949 studio
3278 1894 3564 1949 defendit.

2241 1985 2445 2042 Φακᾶς.
2482 1982 2692 2052 Supra,
2727 1982 3124 2037 Dioscorides.

2237 2095 2518 2162 Phaedon,
2564 2096 2739 2150 Eleus
2778 2096 3190 2168 philosophus,
3237 2097 3490 2152 Socratis
3548 2098 3818 2165 auditor,

2164 2191 2369 2241 auctor
2397 2190 2572 2240 secta)
2616 2184 2846 2252 Eliacas,
2909 2202 3040 2255 quas
3102 2191 3307 2257 postea
3390 2203 3424 2241 a
3464 2187 3817 2243 Menedemo

2163 2273 2505 2338 Eretriensi,
2536 2273 2694 2329 dicta
2719 2279 2809 2328 est
2837 2275 3154 2330 Eretriaca.
3188 2275 3270 2329 Ab
3298 2274 3460 2329 Indis
3483 2282 3724 2348 captum
3756 2283 3815 2332 et

2163 2364 2410 2419 Athenis
2465 2363 2770 2418 venditum
2812 2363 3037 2421 lenoni.
3099 2363 3456 2431 Alcibiades,
3519 2365 3812 2421 suadente

2161 2454 2419 2519 Socrate,
2466 2451 2739 2521 redemit,
2790 2469 2859 2507 ex
2916 2470 3035 2523 quo
3091 2459 3353 2525 tempore
3403 2454 3815 2526 philosophari

2161 2543 2355 2613 cwpit.
2389 2540 2613 2610 Dialogi
2637 2541 2768 2611 ejus
2799 2546 2970 2596 sunt:
2996 2541 3280 2609 Ζώπυρος,
3317 2537 3556 2612 Μήδιος,
3590 2543 3811 2615 Σίμων,

2155 2628 2495 2702 Ἀντίμαχος
2553 2626 2589 2696 ἢ
2643 2622 2974 2702 πρεσϐύτης,
3024 2628 3240 2699 Νικίας,
3303 2627 3571 2703 Σιμμίας,
3615 2628 3811 2686 ’Λλχιο

2159 2713 2377 2788 διάδης,
2402 2715 2728 2792 Κριτόλαος.

2229 2821 2517 2898 Φαιδριάς.
2549 2825 2756 2896 Supra,
2792 2825 2854 2880 in
2883 2827 3154 2897 Esopus.

2227 2942 2461 3006 Phaaax,
2495 2940 2957 3008 orator,dicendi
2989 2940 3136 2996 adeo
3170 2941 3506 3012 peritus,ut,
3531 2942 3810 3013 quamvis

2157 3030 2367 3102 capitis
2398 3035 2708 3085 accusatus
2739 3035 2798 3084 et
2828 3031 2888 3084 in
2920 3030 3050 3102 ipso
3081 3029 3344 3085 facinore
3393 3030 3812 3102 deprehensus

2150 3118 2382 3181 fuisset,
2425 3118 2719 3191 judicium
2745 3124 2944 3174 tamen
2979 3119 3270 3175 eluderet.
3295 3120 3565 3175 Meminit
3584 3121 3819 3175 Aristo-

2159 3209 2408 3279 phanes.

2227 3322 2420 3385 Φαιὸς.
2470 3324 2777 3396 Menippus
2831 3325 2966 3395 (98),
3027 3324 3299 3396 Cynicus,
3360 3324 3565 3380 habitu
3639 3327 3816 3382 furia

2155 3413 2419 3481 indutus,
2481 3411 2755 3482 Ἐριννύος
2804 3406 3090 3466 ἀναλαϐὼν
3156 3418 3374 3487 σχῆμα,
3431 3415 3817 3486 circumibat,

2156 3502 2360 3559 dicens
2401 3519 2460 3558 se
2490 3502 2562 3558 ab
2596 3502 2806 3558 inferis
2836 3503 3068 3558 venisse
3101 3508 3166 3558 ut
3218 3505 3530 3559 hominum
3565 3511 3817 3575 peccata

2155 3593 2513 3656 observaret,
2543 3596 2602 3645 et
2631 3609 2766 3646 cum
2798 3608 2867 3648 eo
2899 3608 3106 3646 rursus
3134 3591 3562 3660 descendisset,
3579 3593 3812 3648 damo-

2153 3683 2330 3739 nibus
2349 3683 2472 3740 illic
2488 3681 2839 3754 degentibus
2861 3699 2932 3738 ea
2961 3682 3525 3738 renuntiaret.Palla
3537 3684 3588 3738 ei
3605 3684 3816 3740 tunica

2157 3773 2380 3838 talaris,
2412 3788 2592 3843 quam
2633 3770 2867 3827 balteus
2927 3772 3216 3844 puniceus
3269 3771 3560 3844 cingebat.
3604 3773 3809 3828 Pileus

2157 3859 2464 3916 arcadicus
2497 3861 2674 3930 capiti
2705 3860 3044 3932 impositus,
3077 3861 3171 3916 cui
3208 3861 3432 3916 intexta
3461 3867 3632 3916 erant
3661 3862 3812 3917 duo-

2157 3951 2349 4006 decim
2382 3955 2629 4024 στοιχεῑα
2678 3952 2792 4020 (99)
2843 3950 2961 4005 sive
3011 3950 3180 4022 signa
3222 3951 3485 4016 zodiaci;
3526 3952 3810 4006 cothurni

2155 4046 2445 4112 praaterea
2471 4040 2696 4111 tragici,
2729 4038 2914 4094 barba
2936 4039 3145 4112 ingens
3176 4045 3233 4094 et
3263 4040 3512 4095 baculus
3536 4041 3595 4095 in
3621 4058 3810 4096 manu

2154 4127 2478 4184 fraxineus.

2226 4243 2495 4298 Phalaris
2527 4243 2969 4315 Agrigentinus,
3021 4243 3203 4299 totius
3243 4243 3459 4299 Siciliae
3491 4251 3810 4316 tyrannus,

2157 4332 2503 4405 Olympiade
2536 4333 2648 4387 LII.
2683 4332 2930 4403 Scripsit
2974 4333 3245 4403 Epistolas
3282 4351 3528 4405 prorsus
3553 4334 3812 4390 admira-

2155 4422 2325 4478 biles.
2370 4421 2635 4477 z‘Elianus
2672 4422 2775 4489 ait,
2829 4423 3166 4494 Apollinem
3213 4428 3272 4478 et
3319 4425 3519 4479 Jovem
3579 4431 3812 4496 patrem

2156 4510 2454 4566 Phalaridi
2488 4511 2666 4567 vitam
2700 4527 2806 4581 per
2849 4511 3160 4567 biennium
3233 4529 3607 4585 prorogasse,
3649 4513 3814 4584 quod

2071 4597 2117 4660 D
2151 4599 2530 4654 Charitonem
2553 4604 2611 4653 et
2639 4598 3040 4670 Melanippum
3089 4600 3420 4656 clementer
3472 4607 3813 4658 tractasset.

2224 4686 2628 4758 Phallophori,
2653 4687 2996 4759 lthyphalli,
3028 4693 3087 4744 et
3116 4689 3527 4756 Autocabdali,
3587 4706 3816 4762 genera

2149 4777 2536 4833 musicorum.
2567 4777 2940 4832 Autocabdali
2961 4794 3245 4834 coronam
3295 4778 3688 4836 hederaceam
3704 4797 3808 4853 ge-

2153 4865 2759 4936 stabant:Ithyphalli
2815 4866 3004 4921 larvas
3057 4865 3359 4922 ebriorum
3401 4874 3461 4924 et
3510 4870 3806 4937 manicas,

468 4962 755 5026 Persaeus,
785 4957 1026 5022 Citieus,
1061 4951 1450 5026 philosOphus
1474 4948 1832 5020 Stoicus,qui
1864 4948 2042 5002 etiam
2150 4955 2327 5009 variis
2353 4953 2652 5009 coloribus
2693 4953 3028 5021 distinctas,
3072 4955 3456 5028 tunicamque
3502 4957 3752 5013 talarem
3789 4973 3806 5011 :

397 5049 728 5104 Dorotheus
759 5044 1212 5118 cognominatus
1267 5041 1395 5096 fuit.
1459 5039 1614 5093 Vixit
1672 5035 2042 5108 temporibus
2150 5044 2516 5114 Phallophori
2559 5044 2778 5100 cortice
2837 5043 3000 5116 bybli
3049 5044 3262 5100 faciem
3334 5046 3629 5113 velabant,
3693 5048 3804 5102 he-

397 5136 672 5208 Antigoni
706 5132 1194 5198 Gonathaa,tilius
1244 5128 1548 5195 Demetrii,
1597 5125 1928 5198 discipulus
1987 5129 2045 5180 et

397 5228 678 5282 alumnus
709 5225 961 5280 Zenonis
993 5221 1357 5294 philosophi.
1386 5219 1636 5292 Scripsit
1661 5218 1990 5275 Historiam.

469 5413 582 5484 (97)
615 5409 823 5466 Suidas
853 5410 1007 5484 hanc
1059 5407 1434 5484 particulam_
1455 5405 1772 5484 descripsit
1801 5422 1873 5484 ex
1920 5405 2042 5484 l‘jic.

400 5476 789 5546 Damasceno,
823 5480 924 5551 qui
957 5476 1156 5551 tanien
1185 5478 1256 5532 de
1309 5476 1628 5531 Periandro
1657 5476 1785 5531 hinc
1818 5477 1879 5530 in
1925 5476 2046 5551 Dne

401 5562 674 5613 notarat:
705 5577 730 5603 ι(
761 5548 928 5616 Sunt,
948 5548 1047 5619 qui
1081 5551 1240 5604 hunc
1271 5563 1455 5602 unum
1489 5563 1519 5600 e
1553 5553 1779 5617 septem
1814 5548 2046 5618 sapien-

408 5630 565 5684 tibus
592 5626 773 5681 fuisse
801 5622 1063 5691 opinetur
1093 5621 1234 5689 falso
1258 5626 1456 5691 tamen.
1495 5639 1522 5691 )3
1551 5619 1722 5672 HARL.

476 5701 587 5771 (98)
619 5701 694 5753 At
722 5688 848 5751 non
874 5693 948 5748 de
979 5688 1273 5761 Menippo,
1323 5689 1427 5744 sed
1486 5688 1558 5744 de
1614 5688 1958 5746 Menedemo
2016 5707 2052 5747 a

2151 5133 2295 5188 dera
2350 5132 2640 5204 violisque
2696 5133 2989 5188 coronati.
3037 5134 3144 5204 (Ex
3196 5134 3504 5202 Athenaeo,
3555 5137 3698 5202 XIV,
3743 5138 3808 5204 4,

2153 5223 2467 5294 pag.6224

2156 5409 2415 5482 Diogene
2441 5407 2670 5463 Laertio
2702 5408 2795 5472 IV,
2831 5422 2892 5462 n.
2929 5409 3029 5482 102
3049 5406 3476 5482 (unde_Suidas
3506 5410 3659 5466 hanc
3674 5427 3821 5482 par-

2157 5478 2399 5535 ticulam
2432 5485 2700 5534 mutuam
2733 5478 3031 5549 sumpsit),
3056 5495 3126 5533 ea
3163 5479 3395 5548 referri,
3429 5478 3822 5537 adnotat'Ku—

2159 5558 2283 5607 ater
2314 5558 2455 5606 tom.
2482 5552 2585 5622 Ill,
2614 5566 2752 5622 pag.
2786 5550 3050 5622 589,_not
3101 5552 3152 5604 3.
3206 5551 3381 5606 HARL.

2232 5625 2342 5690 (99)
2395 5621 2533 5676 Vide
2592 5617 2665 5676 de
2702 5617 3052 5694 ⁷ςξτοιχεῗίοις,
3084 5637 3216 5694 qua
3238 5623 3436 5679 notavi
3467 5623 3541 5680 ad
3585 5626 3639 5680 S.
3677 5626 3824 5682 Hie-

2159 5709 2500 5768 ronymum,
2533 5697 2614 5750 De
2645 5691 3006 5763 scriptoribus
3031 5691 3223 5750 sectas.
3255 5710 3388 5769 cap.
3417 5697 3508 5752 ιδ.
