4062 6298
304 376 459 438 131⁸7

1633 374 1737 438 DE
1780 372 2069 446 QUIBUS
2111 371 2420 436 SUIDAS.

3559 373 3716 434 1318

389 512 627 576 Phanes
657 509 722 566 in
753 509 1024 582 Orphicis
1053 508 1456 566 introducitur
1501 513 1562 564 et
1607 510 1962 582 Ericapasus,
1994 513 2050 577 Α
2079 525 2243 564 novaa
2273 507 2599 577 commdim,
2633 508 2735 578 qui
2775 507 2982 564 ﬂoruit
3031 511 3318 580 regnante
3362 506 3716 578 Alexandro,

312 605 426 655 etc.
461 601 697 656 Kusleri
729 605 851 655 not.
888 603 973 667 10,
1007 605 1151 654 tom.
1181 600 1278 665 IlI,
1311 614 1440 669 pag.
1473 601 1597 654 577.

384 690 644 762 Phanias
704 690 823 746 sive
881 688 1176 757 Phanias,
1245 687 1503 754 Eresius,
1572 685 1964 756 philosophus

316 779 773 850 Peripateticus,
807 777 1144 842 Aristotelis
1176 776 1524 848 discipulus.
1563 775 1714 830 Vixit
1769 774 1964 845 Olym-

315 867 491 939 piade
521 867 664 933 CXI,
699 871 759 936 et
787 871 995 941 postea
1024 865 1132 922 sub
1162 865 1497 922 Alexandro
1527 863 1864 920 Macedone.
1899 893 1965 902 —

312 957 446 1012 Fuit
478 961 536 1012 et
564 956 716 1030 alter
745 956 1011 1023 Phanias,
1046 955 1163 1010 dux
1197 955 1512 1009 exercitus.

389 1048 593 1100 Phaon
619 1045 929 1100 adamatus
958 1060 993 1099 a
1019 1044 1352 1114 Sapphone,
1397 1059 1518 1098 non
1564 1041 1668 1096 illa
1717 1038 1964 1112 poetria,

313 1134 419 1189 sed
451 1133 658 1188 Lesbia
707 1133 983 1204 quadam,
1044 1149 1175 1204 quas
1231 1132 1516 1186 frustrata
1575 1145 1678 1201 spe
1735 1144 1842 1184 sua
1897 1127 1969 1181 de

317 1223 582 1278 Leucade
615 1238 760 1294 rupe
791 1239 852 1276 se
884 1221 1293 1293 praecipitavit.

389 1311 695 1378 Pharisaei,
731 1311 1010 1382 separati,
1045 1308 1202 1380 quod
1234 1325 1296 1364 se
1327 1308 1400 1364 ab
1453 1307 1590 1364 aliis
1634 1306 1968 1378 distingue-

314 1406 451 1456 rent
471 1401 587 1457 vita
607 1417 757 1472 pura
777 1405 835 1456 et
855 1405 1130 1456 accurata
1149 1399 1295 1471 legis
1317 1395 1972 1454 observatione.Scribis

316 1490 524 1546 eadem
581 1491 876 1557 instituta,
931 1488 1320 1553 continentia,
1375 1488 1496 1541 vita
1560 1485 1821 1558 conjugii
1873 1502 1972 1539 ex-

319 1597 478 1650 pers,
510 1585 620 1634 etc.
654 1579 990 1644 Exactiores
1023 1577 1236 1646 etiam,
1267 1575 1603 1632 admirandi
1626 1575 1826 1630 Essaai.
1851 1575 1974 1629 Cas—

323 1673 518 1723 terum
549 1668 766 1724 Paulus
815 1667 1215 1722 Pharisaicam
1273 1664 1502 1720 vivendi
1556 1665 1850 1724 rationem
1909 1669 1976 1718 ut

323 1757 613 1828 optimam
654 1761 942 1813 sectatum
991 1772 1054 1810 se
1107 1759 1379 1810 testatur.
1429 1752 1708 1824 (Philipp.
1760 1768 1847 1820 ιιι,
1895 1750 1974 1821 5.)

324 1845 712 1901 Dormiebant
731 1845 1013 1900 Pharisaei
1038 1844 1099 1899 in
1125 1843 1350 1916 exiguis
1369 1842 1587 1900 tabulis
1609 1841 1699 1896 vel
1709 1841 1772 1896 in
1785 1840 1975 1912 spinis

321 1935 416 1991 vel
446 1936 508 1990 in
540 1934 858 2006 scrupulis,
893 1950 966 1988 ne
1025 1950 1132 2005 per
1189 1933 1490 1988 somnium
1541 1931 1972 2002 polluerentur.

324 2023 499 2096 Apud
527 2023 769 2080 eosdem
798 2023 985 2080 fatum
1017 2027 1076 2077 et
1103 2021 1468 2077 astronomia
1497 2020 1697 2092 magni
1731 2019 1972 2074 ﬁebant.

394 2114 798 2178 Pherecrates,
826 2111 1205 2166 Atheniensis
1226 2110 1616 2180 comicus,qui
1639 2107 1974 2164 Alexandro

323 2205 390 2258 in
424 2201 901 2274 expeditionibus
931 2201 1165 2256 bellicis
1196 2216 1393 2255 comes
1423 2198 1555 2267 fuit,
1587 2197 1840 2256 Fabulas
1870 2197 1979 2252 do-

327 2293 453 2347 cuit
481 2292 656 2358 XVII,
689 2291 751 2345 in
783 2290 876 2344 his
908 2286 1174 2356 Πετάλην.

394 2379 787 2451 Pherecydes,
825 2379 996 2435 Babis
1027 2380 1112 2446 F.,
1138 2395 1208 2434 ex
1235 2378 1398 2449 Syro,
1422 2376 1755 2433 insularum
1775 2376 1979 2446 Cycla-

327 2471 470 2526 dum
502 2485 640 2533 una,
700 2485 882 2540 prope
931 2467 1162 2532 Delum,
1223 2467 1443 2538 Syrius.
1505 2466 1678 2521 Vixit'
1715 2471 1980 2537 tempore

331 2559 641 2630 Halyattis,
664 2557 820 2629 regis
848 2556 1139 2629 Lydorum
1170 2561 1230 2611 et
1259 2573 1330 2610 v11
1361 2556 1698 2626 sapientum
1729 2554 1979 2625 aequalis

336 2647 475 2709 fuit,
507 2651 682 2702 natus
709 2646 868 2700 circa
898 2645 1036 2699 XLV
1065 2644 1742 2716 Olympiadem.Ferunt,
1767 2643 1982 2714 Pytha-

334 2750 538 2807 goram
568 2733 640 2788 ab
674 2749 742 2788 eo
792 2733 1133 2787 institutum
1185 2732 1386 2798 fuisse,
1437 2733 1634 2803 ipsum
1681 2748 1817 2786 vero
1862 2748 1984 2787 non

330 2823 617 2879 habuisse
647 2827 1098 2893 prmoeptorem,
1133 2821 1236 2893 sed
1267 2821 1506 2893 proprio
1548 2837 1610 2875 se
1651 2820 1984 2875 exercuisse

336 2912 558 2981 studio,
591 2910 948 2982 comparatis
981 2909 1091 2964 sibi
1123 2910 1356 2966 arcanis
1396 2910 1743 2974 Phcenicum
1794 2909 1984 2975 libris,

341 3000 690 3071 κτησάμενον
721 2997 787 3051 τὰ
818 2995 1090 3051 Φοινίκων
1141 2995 1426 3074 ἂπόκρυφα
1483 2991 1693 3071 βιϐλία.
1739 2998 1987 3063 Quidam

339 3090 602 3157 tradunt,
636 3105 770 3143 eum
804 3088 1074 3144 oratione
1100 3103 1277 3159 prosa
1305 3087 1566 3158 primum
1607 3086 1866 3142 scribere
1896 3087 1985 3140 in-

335 3179 622 3246 stituisse,
656 3177 813 3250 quod
847 3177 949 3232 alii
980 3177 1055 3232 ad
1086 3177 1372 3232 Cadmum
1411 3175 1698 3231 referunt.
1751 3176 1984 3230 Primus

2072 600 2252 671 paulo
2286 604 2424 656 ante
2446 599 2854 654 Menandrum.
2880 599 3126 670 Scripsit
3144 598 3461 654 commdias
3484 599 3719 655 circiter

2071 690 2187 750 XC,
2219 694 2279 742 et
2305 689 2448 742 vixit
2477 704 2668 742 annos
2724 689 2908 755 XCIV;
2934 687 3198 758 quidam
3247 704 3438 743 annos
3467 688 3570 744 CL.
3621 689 3721 743 tri-

2071 775 2284 832 buunt.
2318 777 2657 832 Exstinctus
2688 782 2778 831 est
2806 777 3197 832 immoderato
3238 777 3381 832 risu.
3432 777 3592 832 Bello
3641 778 3719 849 (1)

2075 867 2233 921 inter
2261 867 2656 921 Athenienses
2687 871 2746 920 et
2775 867 3133 938 Antigonum
3191 865 3499 938 ﬂagrante,
3531 868 3593 921 in
3624 868 3723 920 Pi-

2073 973 2193 1009 meo
2225 955 2445 1027 degens
2472 955 2781 1010 Philemon
2821 972 2926 1026 per
2976 955 3274 1010 somnium
3321 956 3468 1010 vidit
3513 973 3722 1011 novem

2079 1045 2330 1115 puellas,
2363 1044 2538 1098 domo
2573 1060 2677 1098 sua
2700 1050 3002 1099 exeuntes.
3036 1045 3253 1099 Somno
3298 1045 3527 1100 solutus
3580 1061 3722 1100 nar-

2077 1134 2229 1189 ravit
2258 1149 2442 1204 puero
2476 1134 2814 1188 somnium:
2849 1139 2906 1187 et
2933 1134 3165 1204 reliqua
3211 1134 3514 1200 dramatis,
3563 1136 3724 1204 quod

2079 1227 2355 1293 cmperat,
2400 1223 2670 1278 absolvit.
2731 1227 2940 1278 Postea
2991 1223 3294 1278 involvens
3347 1240 3409 1278 se
3464 1225 3724 1280 vestibus

2081 1312 2376 1384 stragulis,
2394 1311 2593 1383 quiete
2610 1313 2872 1382 jacuitet
2897 1329 3032 1367 mox
3045 1319 3312 1368 mortuus
3334 1318 3724 1384 estrepertus,

2082 1424 2110 1453 ‹‹
2137 1403 2393 1458 Aderant
2411 1402 2609 1474 igitur,
2637 1401 2907 1473 Epicure,
2930 1402 3263 1457 Philemoni
3293 1419 3500 1457 novem
3526 1405 3724 1472 Musas,

2083 1513 2112 1543 ι(
2147 1497 2206 1546 et
2233 1507 2368 1546 cum
2398 1490 2575 1546 fatale
2609 1489 2758 1545 illud
2787 1496 2846 1546 et
2874 1490 3152 1546 ultimum
3192 1492 3307 1548 iter
3349 1492 3727 1565 ingressurus

2083 1604 2112 1634 «
2146 1585 2322 1650 esset,
2355 1579 2427 1636 ab
2459 1580 2563 1634 illo
2595 1579 2872 1651 digressa:
2905 1585 3060 1634 sunt.
3096 1580 3216 1635 Diis
3248 1581 3408 1635 enim
3441 1580 3608 1635 nefas
3639 1581 3726 1634 vi-

2083 1694 2111 1723 ‹‹
2146 1671 2285 1726 dere
2313 1675 2602 1738 mortuos,
2636 1669 2903 1738 quamvis
2935 1669 3047 1723 sibi
3078 1669 3483 1737 charissimos,
3517 1686 3592 1724 ne
3629 1687 3728 1724 as-

2085 1785 2112 1813 «
2148 1768 2377 1834 pectum
2405 1761 2696 1833 polluant,
2727 1759 3112 1814 morientium
3145 1759 3729 1814 exhalationibus.Tu

2007 1880 2056 1946 Β
2085 1875 2114 1903 ‹‹
2147 1868 2304 1916 vero,
2339 1851 2539 1918 stulte,
2571 1851 2679 1916 ais,
2715 1865 2816 1904 eos
2846 1865 2921 1904 ne
2952 1864 3158 1903 curare
3191 1848 3433 1918 quidem
3466 1864 3561 1903 res
3591 1865 3730 1902 nos-

2087 1964 2116 1992 ‹‹
2151 1947 2289 1997 tras.
2325 1963 2354 1992 »
2384 1940 2647 1996 Elianus
2677 1938 2830 1993 libro
2862 1939 2941 1993 De
2973 1937 3369 1992 Providentia.

2154 2031 2465 2086 Philemon
2489 2029 2718 2100 junior,
2751 2032 2811 2082 et
2834 2027 2960 2097 ipse
2991 2027 3275 2093 comicus,
3328 2024 3486 2080 ﬁlius
3532 2020 3732 2080 Phileé

2084 2118 2280 2173 monis
2301 2116 2534 2182 comici,
2565 2115 2666 2185 qui
2697 2113 2900 2168 docuit
2926 2112 3156 2167 fabulas
3184 2113 3316 2168 LIV.

2155 2206 2512 2277 Philepsius,
2540 2205 2711 2275 cujus
2730 2209 2798 2257 ut
2825 2202 3087 2256 hominis
3107 2201 3307 2256 callidi
3325 2203 3731 2256 meminerunt

2086 2296 2297 2352 comici
2329 2295 2590 2364 antiquis
2621 2291 2924 2356 comedim,
2969 2295 3030 2345 et
3073 2289 3230 2359 quod
3285 2291 3442 2355 inter
3491 2290 3732 2344 concio-

2086 2385 2350 2441 nandum
2400 2382 2619 2454 populo
2671 2379 2921 2434 fabellas
2977 2394 3220 2433 narrare
3275 2377 3523 2441 solebat,
3574 2376 3733 2431 idem

2081 2475 2356 2548 jocorum
2387 2487 2595 2527 amans
2620 2473 2679 2524 et
2705 2465 3118 2543 φιλοπαίγμων,
3150 2472 3218 2522 ut
3244 2467 3440 2522 innuit
3491 2467 3736 2520 Demos-

2089 2565 2298 2620 thenes
2329 2561 2608 2618 Oratione
2639 2563 2846 2614 contra
2875 2557 3286 2612 Timocratem.

2162 2652 2514 2707 Philetaerus
2547 2647 2948 2710 Atheniensis,
2981 2646 3266 2709 comicus,
3296 2644 3456 2699 titius
3509 2643 3737 2699 Aristo-

2091 2743 2327 2816 phanis,
2360 2740 2594 2796 comici.
2636 2737 2870 2794 Fabula;
2897 2737 3026 2808 ejus
3056 2737 3202 2799 XXl,
3237 2751 3306 2790 ex
3336 2734 3554 2804 quibus
3596 2739 3738 2789 sunt

2093 2826 2572 2904 ΙιωεἈχιλλεὺς,
2631 2825 3044 2896 Κορινθιαστης,
3105 2818 3412 2891 Φίλαυλος,
3471 2819 3736 2897 Κέφαλος,

2101 2917 2334 2994 Τηρεὺς,
2365 2914 2690 2984 Ἄντυλλος,
2723 2912 2999 2970 Οἰνοπίων
3031 2913 3380 2984 (Nicostrata
3412 2911 3636 2966 tributa
3665 2910 3738 2964 ab

2096 3010 2251 3074 aliis)
2279 3026 2294 3075 ;
2328 3013 2453 3063 tum
2487 3000 2789 3070 Ἀταλάντη
2824 3009 2884 3059 et
2911 2998 3366 3077 Λαμπαδοφόροι.

2172 3098 2455 3160 Philetas,
2482 3097 2659 3159 Cous,
2688 3094 2928 3164 Telephi
2988 3094 3074 3157 F.,
3124 3091 3320 3146 clarus
3374 3089 3633 3161 Philippi
3687 3093 3747 3143 et

2098 3190 2415 3247 Alexandri
2440 3185 3442 3260 tempore,grammaticus,criticus.
3476 3183 3580 3238 Hic
3609 3199 3745 3237 cum

334 3269 513 3325 etiam
545 3267 880 3322 animarum
913 3282 982 3321 ex
1000 3282 1244 3337 corpore
1262 3265 1326 3320 in
1352 3264 1515 3320 aliud
1537 3280 1753 3336 corpus
1775 3265 1983 3337 migra-

2108 3235 2415 3247 .-...-......-.
2445 3235 3441 3260 ,νητυ,ὌΊ-*ηηηηηηη,
3477 3235 3572 3238 __,_
3618 3235 3743 3237 Mx,

2108 3285 2160 3336 in
2187 3276 2545 3335 inveniendo
2578 3276 2964 3348 sophismate,
2995 3274 3154 3344 quod
3188 3273 3619 3344 pseudomenum
3646 3289 3748 3326 vo-

333 3357 557 3413 tionem
587 3356 862 3412 docuisse
891 3355 1097 3410 fertur.
1135 3355 1401 3409 Sectatus
1433 3358 1523 3409 est
1551 3353 1808 3409 Thaletis
1860 3353 1989 3424 opi-

331 3446 596 3501 nionem.
657 3444 815 3500 Obiit
868 3443 1074 3499 morbo
1133 3442 1484 3514 pediculari.
1567 3443 1797 3509 Omnia,
1859 3448 1990 3513 quae

336 3535 578 3607 scripsit
633 3533 760 3588 hinc
813 3537 988 3588 sunt:
1042 3531 1396 3605 Ἑπτάμυχος
1445 3528 1569 3598 ἢτοι
1625 3528 1988 3603 Θεοκρασίαῆ

336 3619 625 3697 Θεολογία,
656 3617 736 3674 ἔτι
780 3617 837 3674 δὲ
894 3618 1194 3694 Θιογονία),
1252 3620 1423 3674 libris
1481 3620 1688 3675 decem
1743 3619 1991 3676 deorum

337 3711 788 3786 generationem
820 3715 879 3764 et
909 3709 1350 3770 successionem
1382 3708 1717 3764 continens.

413 3798 804 3870 Pherecydes,
839 3797 1064 3865 Lerius,
1099 3797 1438 3867 historicus,
1461 3801 1638 3852 natus
1659 3797 1835 3868 paulo
1857 3802 1993 3854 aute

341 3889 524 3944 LXXV
547 3886 976 3959 Olympiadem.
1002 3886 1250 3957 Scripsit
1275 3884 1345 3940 de
1372 3886 1516 3940 Lero
1539 3903 1552 3952 ;
1575 3885 1645 3940 de
1667 3886 1993 3958 Iphigenia,

345 3979 415 4032 de
452 3977 664 4032 Bacchi
701 3976 874 4030 festis
905 3981 964 4030 et
993 3975 1130 4030 alia.

416 4065 680 4129 Phidias,
714 4064 1054 4132 statuarius,
1081 4061 1181 4134 qui
1215 4066 1470 4118 statuam
1520 4062 1843 4119 eburneam
1892 4065 1995 4118 Mi-

342 4171 537 4209 nersz
569 4154 726 4209 fecit.
762 4152 1020 4208 Pericles
1052 4167 1209 4207 vero.
1243 4151 1580 4222 sumptibus
1610 4152 1673 4206 in
1705 4168 1837 4208 eam
1867 4169 1994 4208 rem

2097 3375 2284 3434 catur,
2313 3367 2665 3432 elaboraret,
2720 3368 3034 3420 extenuato
3091 3379 3337 3434 corpore
3395 3362 3562 3417 obiit.
3616 3361 3750 3416 Fuit

2098 3464 2426 3533 prmceptor
2446 3456 2750 3513 Ptolemmi
2773 3455 3040 3524 secundi,
3073 3454 3428 3525 scripsitque
3452 3455 3748 3524 Epigram-

2097 3556 2270 3618 mata,
2303 3550 2501 3618 αἰθρίας
2530 3552 2589 3602 et
2617 3546 2752 3602 alia.

2172 3638 2539 3709 Philippicus
2560 3635 2879 3703 Bardones,
2901 3631 3231 3688 Iustiniano
3255 3631 3398 3703 imp.
3413 3630 3748 3702 interfecto,

2100 3727 2263 3783 visus
2295 3733 2386 3782 est
2411 3726 2724 3781 inhoneste
2775 3729 2833 3777 et
2890 3721 3148 3793 segniter
3201 3720 3520 3792 imperium
3567 3720 3754 3775 admi-

2107 3817 2385 3872 nistrare.
2416 3818 2488 3870 Et
2516 3817 2720 3869 Patres
2750 3811 3116 3868 mcumenico
3157 3810 3408 3866 concilio
3472 3808 3659 3878 (CPol.
3695 3827 3749 3867 a.

2105 3907 2228 3971 680)
2257 3908 2664 3977 congregatos,
2705 3901 3069 3957 anathemati
3125 3899 3402 3970 subjecit,
3467 3898 3750 3953 divinitus

2103 3994 2175 4050 ab
2207 3994 2326 4048 illis
2358 3994 2625 4048 decretas
2669 3991 2817 4045 duas
2862 3990 2923 4044 in
2969 3990 3270 4044 Servatore
3321 3987 3654 4042 voluntates
3696 3990 3756 4040 et

2107 4086 2369 4142 actiones
2391 4101 2512 4139 non
2531 4083 2873 4148 admittens,
2896 4080 3196 4152 adjutores
3218 4084 3427 4134 nactus
3438 4080 3750 4144 Joannem,

2112 4180 2251 4229 tunc
2281 4173 2446 4228 urbis
2474 4171 2770 4244 (CPoleos)
2803 4186 3103 4226 summum
3134 4169 3498 4240 pontiﬁcem,
3532 4175 3591 4222 et
3611 4169 3754 4222 Ger.

339 4243 631 4300 faciendis
656 4259 690 4297 a
717 4241 936 4314 populo
963 4240 1296 4314 prmfectus,
1320 4241 1755 4314 quinquaginta
1775 4242 1983 4298 talenta

2108 4279 2372 4328 manum,
2405 4261 2590 4334 Cyzici
2623 4259 3168 4330 metropolitanum,
3199 4262 3260 4312 et
3282 4257 3432 4313 alios
3480 4257 3754 4312 sacerdo-

342 4334 518 4388 vertit
548 4333 609 4387 in
631 4349 758 4387 rem
776 4348 966 4398 suam,
984 4336 1144 4396 et,ne
1166 4330 1430 4386 rationes
1452 4329 1750 4398 redderet,
1771 4331 1998 4387 bellum

345 4421 636 4488 excitavit,
673 4425 784 4475 etc.

2111 4359 2199 4407 tes
2231 4358 2290 4407 et
2317 4357 2623 4407 senatores
2653 4350 2961 4421 plurimos.

2179 4440 2564 4512 Philippides,
2600 4438 3002 4502 Atheniensis,
3036 4437 3299 4492 comicus
3331 4453 3502 4491 nova;
3541 4453 3758 4490 comm—

415 4509 770 4582 Philagrius,
805 4508 1036 4580 Lycius,
1069 4506 1409 4572 Macrensis,
1443 4512 1511 4562 ut
1531 4507 1822 4578 repetitur
1842 4508 1983 4580 apud

2108 4531 2240 4599 dies,
2274 4506 2434 4585 ﬁlius
2468 4528 2770 4595 Philoclis,
2805 4528 2946 4582 vixit
2990 4526 3335 4599 Olympiade
3377 4525 3510 4595 0x1,
3556 4525 3759 4580 docuit

340 4601 792 4673 Eugenatorem.
828 4597 940 4668 Sed
969 4602 1035 4652 ut
1090 4597 1216 4668 ipse
1267 4596 1602 4668 Philagrius
1661 4597 1868 4652 scribit
1923 4597 1997 4654 ad
2030 4603 2074 4666 ll
2107 4596 2340 4675 ςδδωειε
2370 4620 2552 4674 XLIV.

345 4688 755 4742 Philemonem
786 4687 848 4742 in
879 4685 1127 4758 epistola
1154 4685 1229 4739 de
1251 4685 1455 4756 jecore
1496 4685 1793 4752 indurato,
1823 4687 2006 4742 fuerit

343 4776 540 4847 potius
570 4775 840 4830 medicus
862 4775 1124 4845 Epirota,
1149 4772 1478 4844 discipulus
1493 4775 2006 4847 Naumachii,post

345 4864 553 4920 Galeni
585 4870 874 4935 tempora,
927 4863 1029 4934 qui
1079 4861 1516 4917 Thessalonicae
1565 4867 1633 4916 ut
1677 4863 2003 4934 plurimum

347 4960 538 5009 artem
568 4952 863 5008 medicam
896 4951 1178 5006 exercuit.
1213 4949 1558 5022 Composuit
1595 4949 1779 5007 libros
1810 4953 2000 5020 medi-

347 5060 448 5098 cos
480 5043 648 5108 LXX,
684 5043 731 5097 si
765 5040 1029 5114 singulos
1061 5055 1361 5108 numeres,
1396 5038 1630 5110 aliaque
1674 5057 1852 5112 Opera
1879 5060 2003 5100 non

344 5147 556 5204 pauca.
587 5132 734 5186 Item
764 5127 1270 5185 Commentarium
1307 5126 1368 5182 in
1400 5128 1833 5198 Hippocratem,

431 5219 688 5287 Phileas,
721 5219 822 5290 qui
849 5217 1217 5273 Andocidem
1252 5217 1547 5289 sacrilegii
1577 5220 1893 5275 accusavit.

2184 4709 2506 4780 Philippus,
2568 4706 3022 4778 Amphipolites,
3102 4704 3440 4771 historicus,
3518 4703 3760 4773 scripsit

2115 4798 2394 4852 Rhodiaca
2454 4796 2609 4851 libris
2658 4796 2802 4861 XIX,
2864 4793 3195 4866 argumenti
3254 4792 3422 4846 valde
3479 4791 3756 4846 obsceni:

2126 4889 2325 4942 Coiaca
2356 4886 2524 4940 libris
2555 4887 2623 4949 II,
2657 4885 2918 4939 Thasiaca
2950 4883 3115 4937 libris
3150 4883 3220 4946 lI,
3248 4887 3306 4936 et
3334 4880 3467 4936 alia.

2183 4976 2513 5046 Philippus,
2545 4974 2840 5045 Sophista,
2874 4973 2975 5042 qui
3025 4971 3264 5042 scripsit
3313 4973 3390 5026 De
3445 4969 3757 5040 spiritibus,

2116 5064 2517 5121 Herodianum
2550 5068 2812 5130 secutus,
2846 5061 3172 5117 secundum
3211 5059 3483 5116 ordinem
3533 5059 3760 5116 littera-

2111 5171 2244 5209 rum
2270 5171 2282 5208 :
2315 5155 2459 5209 item
2488 5156 2565 5208 De
2592 5152 2931 5222 synalaepha.

2183 5242 2512 5314 Philippus,
2543 5242 2827 5307 comicus,
2861 5257 2932 5295 ex
2966 5240 3136 5312 cujus
3194 5239 3559 5296 dramatibus
3618 5244 3760 5296 sunt

431 5309 757 5377 Philemon,
801 5308 1228 5380 Syracusanus:
1279 5306 1562 5363 Damonis
1605 5308 1688 5374 Ἐν
1741 5309 2002 5366 comicus
2110 5306 2522 5400 Kwawair-mi,
2555 5336 2705 5386 teste
2729 5331 3012 5385 Athenmo
3036 5306 3196 5401 (sed,
3219 5335 3462 5385 notante
3485 5331 3756 5399 Kustero,

423 5545 498 5614 (1)
528 5542 684 5614 Hac,
719 5537 1216 5614 quzedeinceps
1247 5538 1591 5614 ex__1£liano
1644 5539 1850 5594 Suidas
1902 5539 1996 5614 af-

347 5609 490 5694 fert,
510 5611 580 5668 de
594 5609 794 5694 altero
827 5610 1173 5694 Philemone
1203 5609 1591 5694 intelligenda
1612 5617 1768 5691 sunt,
1792 5611 1998 5694 nonde

345 5686 472 5756 illo,
507 5685 608 5758 qui
634 5684 760 5740 risu
790 5689 881 5740 est
935 5687 1256 5738 emortuus.
1305 5681 1717 5753 (Philemonis,
1763 5683 1996 5754 comici,

2108 5536 2376 5591 dramata
2406 5539 2678 5591 recenset
2697 5540 2756 5590 et
2783 5534 2899 5590 duo
2921 5535 3071 5590 alios
3092 5533 3754 5598 Philemonas,alterum

2105 5610 2476 5670 Tarsensem,
2507 5607 2762 5664 alteram
2791 5606 3264 5679 grammaticum,
3300 5605 3608 5679 distinguit
3636 5605 3751 5659 Ku-

2106 5686 2228 5738 ster
2256 5679 2332 5737 ad
2369 5679 2428 5736 h.
2463 5679 2500 5734 l.
2535 5686 2654 5736 not.
2691 5681 2744 5749 9,
2775 5677 2903 5750 pag.
2939 5680 3041 5733 599
3072 5694 3197 5749 seq.
3228 5683 3371 5733 tom.
3404 5677 3499 5733 III.
