4062 6298
342 303 498 366 1319

1620 293 1864 357 INDEX
1908 293 2416 358 SCRIPTORUM

3593 293 3787 355 i320

339 441 496 514 apud
525 439 874 496 Athenaeum
905 435 1081 492 hodie
1111 449 1408 504 nusquam
1442 430 1792 490 Codoniastae
1838 431 1980 485 Phi-
2014 431 2062 497 Α
2096 431 2180 497 F.,
2214 429 2542 502 discipulus
2572 430 2772 497 Eveni,
2805 430 3033 503 primus
3065 421 3350 499 historiae,
3385 419 3778 486 secundum

337 532 484 602 lippi
515 528 812 584 laudatur.
845 526 1006 580 Adde
1039 541 1236 596 supra,
1270 523 1381 578 vol.
1415 524 1485 589 II,
1518 537 1648 593 pag.
1682 523 1833 590 480.]

411 620 728 681 Philiscus,
762 617 1046 679 comicus,
1088 631 1158 669 ex
1211 613 1381 683 cujus
1431 610 1798 666 dramatibus
1849 613 1987 664 sunt

335 706 595 774 ’Δδωνις,
631 707 753 766 Διὸς
776 703 952 779 γοναὶ,
987 700 1386 774 Θεμιστοκλῆς,
1445 697 1761 771 Ὄλυμπος,
1813 697 1986 760 Πανὸς

333 797 513 872 γοναὶ,
559 798 772 868 Ἐρμοῦ
829 792 916 847 κκὶ
973 788 1301 869 Ἀφροδίτης
1355 788 1530 863 γοναὶ,
1587 789 1741 864 γοναὶ
1795 785 1986 861 Ἀρτέ-

337 885 496 960 μιδος
529 885 616 940 καὶ
649 882 1024 944 Ἀπόλλωνος.

404 979 718 1042 Philiscus,
781 977 1142 1045 Corcyraeus,
1197 971 1444 1026 Philotas
1494 971 1578 1037 F.,
1621 969 1877 1040 tragicus
1926 972 1985 1022 et

333 1067 609 1122 sacerdos
642 1064 878 1131 Bacchi,
909 1064 1008 1134 qui
1060 1062 1167 1117 sub
1226 1060 1546 1115 Ptolomaao
1595 1057 1982 1128 Philadelpho

327 1157 489 1210 vixit.
517 1155 602 1209 Ab
636 1155 746 1208 hoc
785 1153 1108 1208 Philiscium
1166 1153 1423 1204 metrum
1467 1145 1829 1218 appellatum
1870 1149 1982 1208 est,

333 1244 491 1314 quod
523 1243 627 1297 illo
657 1243 1004 1312 frequenter
1033 1243 1318 1292 uteretur.
1375 1238 1476 1290 Est
1523 1240 1720 1290 autem
1772 1251 1841 1288 ex
1889 1249 1982 1287 se—

331 1333 525 1387 cundo
559 1331 914 1404 tragicorum
973 1325 1202 1392 ordine,
1244 1325 1366 1396 qui,
1421 1329 1649 1394 septem
1709 1338 1980 1388 numero,

325 1423 503 1492 pleias
534 1426 674 1476 sunt
694 1416 996 1490 appellati.
1029 1414 1342 1485 Tragoedias
1375 1414 1504 1484 ejus
1543 1411 1703 1466 LXII.
1761 1413 1979 1465 Fabric.

334 1512 640 1575 Kusterus,
674 1514 817 1562 tom.
852 1506 950 1574 IIl,
984 1522 1113 1577 pag.
1149 1507 1273 1568 602,
1307 1508 1431 1559 not.
1492 1506 1545 1569 7,
1591 1518 1725 1556 cum
1776 1500 1979 1554 Vossio

335 1601 505 1655 malit
535 1597 790 1658 Φίλικος⁹
825 1597 930 1652 sed
961 1595 1090 1650 vide
1123 1611 1303 1667 supra
1337 1593 1410 1648 ad
1440 1592 1552 1648 vol.
1585 1595 1655 1660 ll,
1688 1608 1819 1664 pag.
1853 1592 1979 1658 313,

338 1696 460 1744 not.
495 1707 588 1758 yy.
613 1689 768 1743 Harl.

2095 523 2416 577 oratoriam
2447 528 2634 577 artem
2668 524 2923 595 scriptae,
2945 529 3167 580 auctor.
3196 524 3540 594 Composuit
3563 526 3774 580 Artem

2091 611 2444 679 rhetoricam,
2491 614 2820 684 Egyptiaca
2893 613 3050 668 libris
3124 615 3242 678 XII,
3326 616 3443 668 Rea:
3526 615 3772 670 Siculas

2095 701 2249 756 libris
2275 704 2370 770 X1,
2401 703 2674 758 Adversus
2708 705 3070 758 Tricaranum
3119 706 3422 759 orationem
3473 705 3540 758 de
3585 709 3772 762 Nau-

2094 799 2263 860 crate,
2297 795 2370 848 De
2400 795 2659 862 Dionysio
2691 800 2946 863 tyranno,
2981 795 3147 849 libros
3198 795 3289 860 VI,
3341 795 3413 849 De
3456 799 3774 865 Egyptia-

2092 897 2215 936 rum
2245 881 2540 952 Theologia
2571 883 2735 938 libros
2767 884 2856 951 llI,
2891 884 3183 938 Conciones
3212 888 3272 938 et
3316 883 3434 938 alia
3465 885 3768 954 quaedam

2092 970 2238 1026 Item
2271 972 2340 1026 De
2372 973 2541 1041 Libya
2569 979 2622 1027 et
2652 974 2830 1041 Syria.

2163 1056 2478 1127 Φιλλεῖδαι,
2512 1061 2804 1127 Phillidm,
2837 1061 3064 1117 familia
3081 1061 3344 1115 Athenis.
3369 1063 3450 1116 Ex
3472 1060 3586 1118 hac
3609 1063 3766 1135 eligi

2093 1149 2321 1205 solebat
2375 1151 2604 1205 Cereris
2665 1157 2723 1205 et
2785 1153 3158 1223 Proserpina
3224 1151 3522 1219 sacerdos,
3615 1170 3765 1224 quae

2090 1245 2314 1310 mystas
2346 1239 2619 1294 initiabat
2648 1239 2944 1295 Eleusine.

2162 1328 2330 1382 Philo
2362 1327 3108 1405 Biblius,qgrammaticus,
3169 1330 3292 1400 qui,
3350 1339 3528 1387 natus
3585 1331 3756 1386 circa

2089 1420 2360 1487 tempora
2389 1418 2655 1485 Neronis,
2689 1418 2792 1472 diu
2821 1418 2999 1474 vitam
3055 1420 3349 1490 produxit.
3401 1422 3534 1492 Ipse
3585 1422 3760 1475 enim

2091 1510 2360 1560 testatur.
2393 1506 2670 1562 Severum
2702 1509 3027 1562 Erennium
3058 1509 3135 1580 (3)
3176 1510 3485 1564 consulem
3532 1510 3758 1576 fuisse,

2092 1611 2152 1649 se
2211 1611 2435 1649 annum
2494 1600 2704 1666 agente
2759 1597 3050 1663 LXXVIII,
3111 1597 3456 1669 Olympiade
3525 1599 3754 1653 CCXX.

2092 1683 2337 1755 Scripsit
2394 1683 2523 1758 Περὶ
2580 1686 2825 1753 κτήσεως
2883 1685 2971 1738 καὶ
3033 1683 3275 1760 ὲκλογῆς
3337 1680 3598 1760 βιϐλίων,
3676 1690 3759 1742 De

403 1778 718 1843 Philiscus,
742 1777 1030 1849 Egineta,
1055 1775 1155 1846 qui
1177 1773 1577 1830 Alexandrum
1600 1770 1979 1827 Macedonem
2013 1793 2057 1858 Β
2089 1775 2474 1844 comparandis
2496 1781 2548 1829 et
2585 1775 2889 1845 deligendis
2920 1776 3098 1840 libris,
3133 1776 3299 1832 libros
3346 1779 3467 1844 XII,
3525 1779 3600 1831 De
3653 1795 3757 1832 ur-

331 1867 560 1922 litteras
584 1867 804 1930 docuit,
825 1865 1061 1919 auditor
1083 1863 1356 1935 Diogenis
1377 1861 1600 1932 Cynici,
1630 1860 1740 1927 vel,
1776 1875 1982 1914 secun-

331 1955 474 2010 dum
503 1952 1232 2026 Hermippum,Stilponis.
1271 1951 1513 2022 Scripsit
1558 1949 1853 2020 Dialogos,
1911 1964 1981 2002 ex

333 2045 550 2116 quibus
582 2050 672 2098 est
711 2044 936 2098 Codrus.
971 2042 1233 2096 Athenas
1262 2039 1561 2110 profectus
1604 2037 1769 2092 urbis
1815 2036 1979 2090 illius

328 2133 587 2189 visendas
613 2133 823 2203 gratia,
858 2147 991 2184 cum
1023 2129 1286 2184 audisset
1316 2127 1656 2198 Diogenem,
1713 2125 1978 2197 philoso-

333 2223 503 2294 phari
535 2222 730 2292 cmpit.
763 2222 936 2274 Pater
974 2218 1152 2288 igitur
1181 2217 1420 2270 fratrem
1453 2215 1526 2270 ad
1557 2214 1729 2268 illum
1783 2230 1980 2268 arces-

335 2311 586 2365 sendum
608 2309 792 2375 misit,
812 2306 916 2362 sed
938 2312 996 2361 et
1020 2307 1120 2360 ille
1143 2304 1535 2376 phiIOSOphiae
1559 2319 1758 2358 amore
1771 2308 1978 2373 captus

330 2406 438 2454 est.
472 2397 695 2453 Deinde
727 2401 914 2468 pater,
957 2395 1268 2465 utriusque
1315 2392 1637 2448 reducendi
1693 2391 1880 2463 gratia
1909 2408 1977 2446 eo

325 2488 646 2560 profectus,
679 2491 737 2540 et
766 2487 891 2557 ipse
938 2483 1346 2556 philosophari
1404 2481 1596 2552 ccepit.
1643 2479 1978 2551 Discipulus

332 2577 610 2649 Diogenis
636 2575 748 2630 fuit
777 2575 956 2630 etiam
990 2573 1272 2637 Phocion,
1307 2571 1336 2624 ὁ
1367 2570 1635 2643 χρηστὸς,
1669 2571 1786 2624 sive
1808 2570 1978 2624 bonus

329 2670 744 2738 cognomento.
778 2663 1052 2734 Sepultus
1083 2667 1174 2716 est
1201 2661 1490 2729 Diogenes
1519 2659 1806 2726 Corinthi,
1831 2675 1976 2714 cane

333 2756 393 2809 in
419 2755 546 2826 ejus
571 2757 957 2808 monumento
984 2751 1192 2805 inciso.
1210 2749 1568 2820 Sinopenses
1587 2747 1766 2802 etiam
1785 2752 1979 2802 statua

329 2844 501 2898 illum
551 2843 992 2898 honoraverunt
1047 2845 1107 2894 et
1171 2838 1627 2911 epigrammate:
1709 2834 1976 2904 Γηράσκει

323 2934 412 2987 καὶ
447 2931 679 3007 χαιλκὸς,
741 2938 874 3002 etc.,
927 2949 996 2988 ex
1054 2930 1265 2986 Laertii
1326 2930 1418 2995 VI,
1477 2929 1564 2981 78.
1628 2927 1713 2998 [V.
1775 2943 1974 2997 supra,

325 3024 436 3078 vol.
471 3026 539 3088 ll,
575 3039 703 3095 pag.
741 3023 892 3092 3th.]

399 3113 714 3179 Philiscus,
749 3111 1028 3175 Milesius,
1065 3113 1262 3164 orator
1281 3107 1555 3162 Isocratis
1577 3105 1849 3174 oratoris,
1869 3121 1974 3160 au-

325 3203 380 3256 di
391 3208 481 3256 tor
495 3201 596 3272 qui
613 3201 778 3271 prius
799 3199 1018 3254 tibicen
1032 3196 1403 3253 admirabilis
1414 3195 1544 3250 fuit.
1572 3195 1736 3250 Unde
1749 3195 1976 3249 Isocra-

323 3297 412 3346 tas
437 3306 571 3344 eum
593 3289 819 3344 vocavit
836 3284 1238 3358 αὐλοτρόπτην,
1272 3285 1531 3339 tibiarum
1548 3287 1972 3354 per/oratorem.

326 3381 555 3450 Scripta
574 3380 703 3451 ejus
731 3383 896 3433 sunt:
923 3379 1112 3434 Oratio
1135 3377 1417 3431 Milesiaca
1437 3374 1934 3444 ;Amphictyonica
1953 3391 1975 3437 ;

324 3472 434 3525 Ars
462 3469 743 3523 rhetorica
774 3468 928 3521 libris
959 3469 1008 3521 Il
1031 3484 1051 3530 ;
1083 3466 1333 3521 Isocratis
1364 3461 1685 3534 ’Δπόφασις.

395 3557 688 3612 Philiscus
715 3556 804 3610 vel
834 3555 1141 3623 Philistus,
1173 3555 1598 3626 Syracusanus,
1633 3551 1971 3618 historicus,

324 3647 423 3717 qui
461 3646 751 3718 Dionysii,
782 3645 996 3700 Siciliaa
1029 3643 1287 3716 tyranni,
1321 3646 1602 3714 cognatus
1633 3640 1744 3694 fuit
1799 3645 1859 3694 et
1909 3639 1971 3694 in

324 3736 516 3790 navali
550 3751 768 3808 pugna,
803 3731 1365 3805 Carthaginensibus
1409 3729 1748 3794 commissa,
1803 3728 1967 3784 obiit.

319 3827 518 3892 Eveni,
542 3826 784 3898 elegiaci
808 3830 1019 3896 poeta),
1043 3821 1389 3892 discipulus.
1418 3819 1665 3890 Scripsit
1689 3815 1968 3884 Σικελικὰ,

320 3919 528 3984 Sicula,
561 3934 677 3987 quo
701 3932 880 3987 opere
912 3914 1294 3970 continentur
1340 3927 1434 3965 res
1465 3910 1660 3976 variae,
1694 3925 1729 3964 a
1756 3909 1970 3963 Siculis

325 4006 603 4060 adversus
659 4007 892 4059 Graecos
947 4008 1144 4074 gestas.
1202 4004 1346 4056 Item
1427 3998 1834 4066 Genealogiam,
1894 3999 1970 4051 De

324 4093 630 4158 Phrenicia,
666 4099 724 4147 et
753 4092 870 4147 alia
899 4090 1171 4162 quaedam
1201 4090 1270 4143 De
1310 4088 1493 4142 insula
1539 4088 1753 4143 Sicilia.
1803 4086 1969 4156 (Vide

323 4182 500 4248 infra,
535 4181 865 4250 Philistus.)

391 4273 727 4343 Philistion,
752 4271 1122 4337 Prusaeusis,
1145 4269 1256 4338 vel,
1300 4274 1368 4324 ut
1398 4268 1562 4322 Philo
1595 4267 1698 4335 ait,
1731 4266 1964 4322 Sardia-

319 4382 452 4430 nus,
487 4363 771 4428 comicus,
806 4361 908 4432 qui
939 4361 1086 4415 obiit
1106 4365 1372 4429 tempore
1415 4358 1692 4412 Socratis.
1725 4357 1969 4427 Scripsit

317 4453 637 4509 comoedias
675 4448 993 4524 βιολογικάς
1028 4449 1146 4504 sive
1198 4447 1489 4502 mimicas.
1544 4446 1846 4501 Extinctus
1877 4451 1967 4501 est

2093 1862 2266 1925 bibus,
2322 1868 2374 1915 et
2428 1863 2592 1916 claris
2648 1861 2804 1928 viris,
2864 1879 2997 1932 quos
3052 1877 3401 1933 unaquaeque
3451 1863 3608 1926 tulit,
3673 1865 3747 1918 li-

2091 1952 2211 2005 bros
2260 1953 2402 2004 XXX
2454 1951 2520 2005 de
2575 1953 2806 2021 imperio
2856 1953 3152 2020 Hadriani,
3217 1953 3322 2006 sub
3382 1969 3498 2022 quo
3560 1952 3755 2007 etiam

2087 2040 2231 2094 vixit
2261 2038 2451 2106 Philo,
2512 2045 2571 2094 et
2616 2039 2752 2094 alia.
2807 2042 3081 2096 Erennius
3133 2040 3587 2113 cognominatus
3653 2041 3788 2095 hic

2088 2131 2283 2198 Philo,
2316 2135 2382 2184 ut
2405 2130 2531 2201 ipse
2563 2135 2834 2186 testatur.

2159 2219 2350 2286 Philo,
2380 2219 2642 2284 Iudaeus,
2673 2225 2850 2275 natus
2886 2220 3274 2288 Alexandriae,
3332 2222 3454 2292 qui,
3506 2223 3752 2277 Graeco-

2086 2325 2219 2362 rum
2251 2308 2686 2380 philosophiam
2719 2315 2999 2374 sectatus,
3023 2310 3096 2365 ad
3117 2327 3408 2365 summam
3442 2310 3751 2366 eruditio-

2087 2413 2224 2452 nem
2255 2398 2538 2469 pervenit,
2575 2415 2902 2469 omnesque
2933 2398 3282 2470 disciplinas
3314 2401 3567 2467 Graecas,
3623 2407 3748 2455 tam

2087 2503 2186 2542 eas
2212 2503 2343 2556 qua)
2371 2487 2686 2557 encyclicm
2709 2492 3012 2553 vocantur,
3045 2504 3225 2558 quam
3268 2487 3417 2542 alias
3464 2495 3750 2544 accurate

2085 2575 2420 2647 perdidicit.
2447 2576 2721 2630 Ubertate
2745 2581 2804 2630 et
2825 2576 2997 2647 copia
3025 2575 3264 2631 dicendi
3297 2577 3608 2632 Platonem
3645 2596 3752 2632 ex—

2085 2665 2321 2736 pressit,
2354 2670 2465 2720 etc.
2497 2669 2590 2734 (ex
2618 2667 2974 2737 Sophronio,
3009 2667 3334 2738 interprete
3393 2666 3749 2739 Hieronymi

2085 2754 2166 2808 De
2197 2753 2394 2824 script.
2431 2753 2669 2819 eccles.,
2701 2759 2762 2808 et
2791 2753 3027 2809 Eusebii
3059 2755 3129 2819 II,
3160 2756 3216 2821 4,
3249 2759 3307 2809 et
3339 2755 3426 2818 l7,
3460 2755 3635 2825 Hist.)

2157 2843 2346 2909 Philo,
2391 2844 2764 2916 Carpathius,
2819 2845 3059 2916 scripsit
3107 2845 3614 2900 Commentarium
3681 2847 3747 2902 in

2083 2932 2390 2987 Canticum
2423 2933 2813 2989 canticorum.

2155 3021 2564 3090 Philochorus,
2595 3023 2775 3094 Cygni
2818 3023 2904 3092 F.,
2953 3022 3356 3093 Atheniensis,
3405 3028 3589 3091 vates,
3639 3025 3747 3095 qui

2082 3128 2326 3168 uxorem
2369 3113 2576 3168 habuit
2627 3114 3092 3168 Archestratam.
3163 3114 3318 3168 Vixit
3364 3115 3746 3185 temporibus

2082 3203 2510 3272 Eratosthenis,
2543 3219 2719 3273 quem
2747 3219 2951 3257 senem
2972 3202 3321 3258 adolescens
3344 3203 3556 3276 attigit.
3580 3203 3744 3260 Obiit

2081 3306 2152 3346 ex
2182 3291 2436 3356 insidiis,
2469 3291 2701 3346 delatus
2732 3291 2886 3362 apud
2919 3293 3299 3364 Antigonum,
3332 3309 3399 3347 ac
3430 3293 3480 3347 si
3540 3293 3741 3348 Ptole—

2079 3395 2228 3434 maeo
2261 3379 2544 3436 studeret.
2578 3381 2822 3451 Scripsit
2863 3375 3134 3443 Ἀτθίδος,
3195 3380 3475 3435 adversus
3518 3381 3737 3436 Demo-

2078 3485 2238 3537 nem,
2263 3470 2338 3523 De
2363 3469 2779 3524 Atheniensium
2807 3470 2966 3525 rebus
2996 3471 3178 3538 gestis,
3224 3471 3462 3540 regibus,
3494 3471 3736 3525 archon-

2079 3559 2221 3613 tibus
2250 3574 2420 3628 usque
2466 3558 2540 3613 ad
2593 3559 2928 3613 Antiochum
2985 3557 3127 3625 θεὸν,
3189 3558 3354 3613 libros
3411 3561 3607 3624 XVII;
3653 3562 3735 3614 De

2077 3647 2418 3702 divinatione
2449 3647 2612 3702 libros
2640 3649 2766 3711 1V;
2813 3648 2885 3701 De
2930 3647 3218 3717 sacriﬁciis
3267 3647 3360 3701 lib.
3393 3649 3424 3702 Ι
3446 3665 3468 3711 ;
3515 3648 3586 3702 De
3634 3651 3734 3703 Te-

2077 3737 2318 3806 trapoli;
2349 3737 2647 3791 Salaminis
2689 3735 2972 3805 origines;
3024 3736 3447 3806 Epigrammata
3497 3737 3723 3804 Attica;

2075 3827 2151 3880 De
2205 3826 2624 3882 Atheniensium
2699 3827 3085 3882 certaminibus
3143 3828 3307 3882 libros
3363 3829 3527 3882 XVII.
3589 3827 3722 3901 Περί

2072 3917 2180 3966 τῶν
2211 3915 2471 3986 Ἀθήνῃσι
2530 3911 2820 3984 ἀρξάντων,
2885 3921 2964 3970 De
3014 3916 3370 3971 archontibus
3419 3917 3724 3979 Azhenien-

2072 4005 2233 4069 sium,
2268 4020 2303 4058 a
2331 4004 2628 4059 Socratide
2660 4005 2912 4075 (Olymp.
2945 4006 3030 4058 CI.
3061 4007 3132 4075 3),
3183 4004 3256 4059 ad
3299 4004 3726 4076 Apollodorum

2074 4093 2323 4164 (Olymp.
2358 4093 2510 4161 CXV,
2566 4097 2622 4161 2)
2679 4093 3078 4164 Olympiades,
3132 4095 3286 4149 libris
3316 4096 3376 4148 ΙΙ
3397 4115 3411 4159 ;
3460 4094 3726 4150 Adversus

2073 4183 2325 4237 Damonis
2383 4184 2613 4237 Atticam
2670 4184 3022 4245 Historiam;
3096 4185 3385 4252 Epitomen
3468 4185 3725 4238 Historia?

2075 4288 2194 4326 suae
2234 4272 2462 4335 Atticae;
2514 4273 2802 4342 Epitomen
2859 4288 3083 4341 operum
3135 4273 3391 4341 Dionysii
3444 4272 3512 4326 de
3555 4275 3724 4327 sacris

2072 4361 2284 4430 templis
2314 4377 2328 4426 ;
2354 4361 2424 4414 De
2453 4360 2735 4430 Sophoclis
2762 4361 2971 4429 fabulis
2997 4360 3160 4416 libros
3193 4362 3281 4422 V;
3311 4361 3384 4415 De
3416 4361 3680 4431 Euripide
3701 4378 3724 4422 ,-

2074 4449 2145 4503 De
2180 4449 2483 4512 Alc-mane;
2515 4449 2586 4503 De
2635 4449 3044 4503 Atheniensium
3087 4451 3399 4519 mysteriis;
3451 4449 3719 4504 collectio-

311 4541 871 4598 risuimmoderato.
903 4541 984 4593 Ex
1011 4538 1226 4593 fabulis
1281 4538 1409 4608 ejus
1457 4541 1596 4590 sunt
1642 4535 1962 4610 Μισοψηχι-
1994 4515 2041 4582 Ῑ)
2071 4554 2192 4592 nem
2239 4538 2544 4606 heroidum,
2603 4539 2713 4592 sive
2787 4538 3263 4610 Pythagorearum
3340 4540 3672 4606 feminarum
3702 4557 3726 4601 ;

318 4631 455 4687 σταί.
487 4632 735 4703 Scripsit
759 4627 1080 4703 Φιλόγελων
1110 4627 1228 4682 sive
1254 4628 1410 4681 Risus
1452 4631 1752 4693 amantem,
1802 4627 1958 4696 quod

315 4740 463 4793 opus
494 4721 566 4776 ab
599 4721 732 4777 aliis
757 4721 829 4776 ad
849 4718 1196 4790 (Hermiam)
1217 4716 1559 4771 Curiensem
1578 4715 1832 4770 refertur
1860 4718 1952 4786 (2).

308 4812 492 4884 Vulgo
526 4816 726 4866 tamen
758 4809 1061 4865 Nicaensis
1092 4806 1289 4879 potius
1320 4804 1558 4872 dicitur,
1589 4809 1656 4858 ut
1711 4809 1962 4859 testatur

322 4900 700 4973 Epigrdmma
722 4915 735 4953 :

448 4991 512 5044 Ὀ
541 4988 633 5043 τὸν
665 4983 1440 5057 πολυστένακτον-ἇνθρῴπων
1469 4981 1586 5057 βίον

452 5058 661 5114 Γέλωτι
689 5061 918 5128 κεράσας
952 5055 1178 5117 Νικαεὺς
1209 5053 1534 5110 Φιλιστίών.

453 5167 772 5222 Mortalium
805 5168 903 5234 qui
929 5168 1102 5219 vitam
1134 5164 1546 5232 lacrymabilem

451 5237 712 5294 Nicaenus
736 5240 854 5292 risu
893 5241 1161 5307 temperat
1191 5234 1513 5289 Philistton.

380 5348 688 5412 Philistus,
721 5344 1081 5410 Naucratita,
1102 5341 1195 5396 vel
1218 5341 1584 5411 Syracusius,
1612 5342 1962 5398 Archonidaa

399 5549 452 5619 2)
485 5548 549 5602 V.
587 5538 1033 5619 supra,_vc>_l._ll,
1065 5552 1196 5619 pag.
1223 5534 1353 5619 48ολ
1382 5535 1557 5619 lium:

2071 4621 2338 4693 Δηλιακά,
2365 4628 2475 4681 sive
2504 4629 2578 4681 De
2607 4627 2788 4681 insula
2822 4628 2976 4694 Delo,
3011 4627 3175 4681 libros
3208 4628 3260 4680 ΙΙ
3278 4645 3293 4693 ς
3325 4628 3397 4681 De
3449 4627 3682 4682 inventis
3702 4645 3725 4690 ;

2077 4715 2149 4770 De
2181 4715 2596 4770 lustrationibus
2617 4734 2637 4779 ;
2669 4717 2741 4768 De
2769 4715 3030 4770 scembolis
3059 4717 3170 4770 sive
3198 4714 3390 4785 signis.

2140 4803 2454 4870 Philocles,
2475 4803 2800 4875 Polypithis
2823 4804 2905 4871 F.,
2924 4802 3719 4874 Atheniensis,tragicus,qui

2071 4898 2208 4964 post
2236 4894 2576 4964 Euripidem
2603 4893 2746 4948 vixit
2775 4901 2834 4948 et
2862 4891 3043 4963 Χολή,
3075 4893 3216 4950 Bilis
3265 4895 3719 4966 cognominatus

2072 4989 2162 5039 est
2189 4988 2247 5037 et
2277 4980 2548 5053 Ἀλμίων,
2570 4984 2762 5049 salsus,
2784 4989 3026 5055 propter
3047 4984 3530 5040 amarulentiam.
3566 4984 3716 5039 Scri-

2070 5074 2189 5145 psit
2209 5072 2539 5145 Tragoedias
2568 5079 2828 5140 centum,
2884 5090 2915 5128 e
2965 5091 3214 5144 quarum
3274 5091 3525 5129 numero
3584 5077 3722 5128 sunt

2069 5161 2354 5235 Ἣριγόνη,
2416 5160 2719 5231 Ναύπλιος,
2787 5157 3071 5232 Οἰδίπους,
3159 5161 3372 5230 Οἰνεὺς,
3451 5162 3715 5236 Πρίαμος,

2071 5247 2392 5320 Πηνελόπη,
2448 5247 2824 5320 Φιλοκτήτης.
2883 5251 3160 5324 ιΕεοΙηνΙῘ.
3221 5253 3448 5325 tragici,
3500 5252 3719 5307 sororis

2074 5341 2254 5409 illius,
2289 5341 2414 5412 ipse
2470 5341 2661 5413 capite
2714 5341 3093 5413 prominente
3149 5347 3208 5397 et
3257 5342 3594 5398 acuminato
3655 5346 3723 5396 ut

403 5604 458 5691 3)
490 5618 595 5674 Hic
626 5604 735 5672 sub
768 5604 1085 5677 Hadriano"
1100 5604 1297 5664 clarus
1328 5606 1458 5662 fuit.
1494 5604 1636 5660 Vide
1667 5623 1863 5679 supra,
1897 5610 1959 5666 in
1987 5611 2312 5684 Hemippo,
2349 5612 2585 5683 Bergtio.
