4062 6298
161 368 324 429 1321

1499 361 1602 423 DE
1642 357 1930 434 QUIBUS
1974 357 2278 428 SUIDAS.

3439 369 3600 434 1322

161 517 398 574 upupa,
463 499 654 556 filium
713 500 922 555 habuit
976 501 1340 560 Morsimum.
1391 498 1701 570 tragicum,
1760 512 1832 552 ex
1862 497 1907 561 Α
1944 498 2122 555 cundi
2153 501 2336 560 frater
2365 511 2509 573 erat,
2547 507 2828 562 Lemnius
2862 511 2920 562 et
2949 506 3076 578 ipse
3110 506 3377 577 sophista
3398 505 3600 564 docuit

166 609 290 664 quo
318 597 502 647 natus
536 597 626 646 est
652 591 1030 662 Assydamas,
1064 591 1340 662 tragicus,
1377 593 1435 643 et
1464 605 1536 642 ex
1566 589 1678 642 isto
1709 587 1842 641 Phi—

159 680 358 736 locles
391 681 568 747 alter,
601 679 744 734 belli
796 679 935 734 dux.
968 678 1158 751 [Conf.
1213 677 1444 733 Kusteri
1479 681 1601 731 not.
1636 679 1666 728 5
1699 680 1758 729 et
1786 677 1840 741 6,

167 771 290 825 vol.
327 772 432 834 Ill,
471 785 600 842 pag.
634 769 789 840 604.]

242 859 606 914 Philonides
650 857 1056 923 Atheniensis,
1109 857 1371 912 comicus
1403 857 1704 926 antiquus,
1739 863 1841 922 qui

167 956 314 1006 ante
347 948 503 1003 fullo
553 948 685 1003 fuit.
751 947 828 1002 Ex
859 946 1165 1002 comoediis
1223 947 1350 1017 ejus
1383 950 1524 1000 sunt
1556 942 1841 1016 Κόθορνοι,

161 1039 423 1107 Ἀπήνη,
477 1033 822 1108 Φιλέταιρος.
882 1035 1045 1090 Alias
1077 1035 1444 1100 Philonides,
1496 1049 1675 1104 quem
1707 1049 1842 1103 per-

168 1129 420 1199 stringit
451 1127 750 1197 Aristoph.
805 1127 866 1180 in
926 1148 952 1176 «
985 1126 1148 1180 Pluto
1181 1148 1208 1174 »
1241 1130 1300 1180 et
1345 1124 1416 1179 de
1450 1139 1565 1195 quo
1605 1137 1844 1193 prover-

169 1218 346 1272 bium
375 1234 388 1271 :
427 1211 917 1288 Ἀπαιδευτότερος
946 1210 1263 1267 Φιλωνίδου
1292 1216 1390 1265 τοῦ
1419 1208 1718 1269 Μελιτέως.

244 1305 668 1376 Philopmmen
720 1303 1027 1358 institutus
1054 1319 1088 1358 a
1144 1301 1423 1367 Cleando,
1464 1299 1840 1366 Mantinensi,

166 1400 429 1468 paterno
466 1393 718 1464 hospite.
770 1395 982 1447 Postea
1029 1391 1491 1447 adolescentiam
1540 1390 1843 1461 ingressus

172 1485 515 1541 Ecdemum
546 1499 614 1538 ac
648 1483 1089 1554 Demophanem
1136 1483 1214 1553 (4)
1261 1480 1474 1536 sectari
1506 1482 1702 1550 coepit,
1734 1495 1842 1550 ge-

181 1592 331 1630 nere
366 1560 857 1645 Megapolitanus,
889 1576 1278 1641 tyrannorum
1307 1569 1440 1624 odio
1485 1569 1677 1640 patria
1708 1584 1842 1639 pro-

177 1665 356 1736 fugos
389 1668 453 1716 et
480 1660 790 1723 Arcesilai,
813 1659 1172 1730 phiIOSOphi,
1207 1659 1477 1713 convictu
1509 1665 1648 1712 tunc
1677 1662 1846 1712 uten-

175 1756 294 1818 tes,
329 1749 436 1821 qui
468 1749 532 1804 in
562 1747 877 1804 evertendo
910 1747 1167 1811 Nicocle,
1199 1746 1608 1816 Sicyoniorum
1641 1749 1842 1816 tyran-

173 1858 278 1905 no,
313 1845 569 1896 Aratum
602 1854 780 1909 opera
807 1855 912 1893 sua
940 1837 1293 1906 adjuverunt
1322 1837 1417 1907 (ex
1443 1835 1730 1905 Polybio).

252 1927 660 1998 Philosophus
691 1927 788 1996 (5),
815 1927 914 1996 qui
943 1923 1206 1980 Platonis
1240 1924 1398 1995 leges
1429 1922 1492 1976 in
1522 1921 1620 1975 XII
1653 1920 1838 1975 libros

178 2017 389 2072 divisit
414 2015 738 2087 (decimum
771 2013 1010 2068 tertium
1044 2013 1202 2066 enim
1235 2013 1360 2083 ipse
1395 2008 1694 2065 addidisse
1723 2007 1838 2062 fer-

176 2108 320 2175 tur),
362 2104 623 2159 Socratis
649 2109 709 2157 et
757 2101 943 2173 ipsius
975 2101 1238 2155 Platonis
1278 2099 1533 2166 auditor,
1568 2100 1668 2170 qui
1702 2115 1841 2154 con-

177 2193 566 2265 templationi
587 2208 788 2246 rerum
810 2191 1139 2246 caelestium
1151 2190 1392 2246 vocavit.
1411 2189 1562 2242 Vixit
1579 2193 1843 2258 tempore

184 2282 452 2354 Philippi
483 2281 836 2345 Macedonis,
875 2286 932 2336 et
958 2281 1083 2334 haec
1132 2279 1406 2350 scripsit:
1441 2301 1466 2327 «
1502 2279 1582 2332 De
1613 2277 1755 2332 solis
1787 2282 1846 2331 et

189 2397 211 2423 ι
251 2375 416 2428 Iunaa
447 2371 797 2440 intervallo;
833 2373 911 2426 De
935 2371 1050 2426 diis
1090 2371 1272 2425 libros
1305 2371 1392 2435 II;
1425 2371 1504 2424 De
1534 2374 1800 2439 tempore
1827 2385 1841 2435 ;

186 2486 214 2512 α
252 2465 332 2518 De
365 2461 623 2528 fabulis;
657 2463 737 2517 De
769 2460 1040 2515 libertate
1069 2477 1082 2525 ;
1116 2461 1194 2515 De
1227 2460 1352 2524 ira;
1391 2459 1470 2512 De
1500 2457 1843 2512 retributio-

187 2575 214 2600 α
247 2568 323 2606 ne
353 2570 367 2618 ;
394 2553 474 2606 De
498 2551 693 2605 Locris
710 2549 982 2621 Opuntiis
1007 2566 1020 2614 ;
1046 2551 1125 2603 De
1141 2549 1439 2618 voluptate
1465 2564 1476 2613 ;
1498 2547 1578 2600 De
1599 2561 1800 2601 amore
1823 2565 1837 2613 ;

189 2662 217 2688 α
252 2641 336 2693 De
368 2641 575 2694 amicis
607 2643 666 2694 et
686 2639 986 2704 amicitia;
1019 2638 1099 2692 De
1131 2636 1452 2708 scriptione
1478 2652 1492 2701 ;
1523 2654 1554 2687 »
1587 2635 1716 2706 Περὶ
1746 2637 1840 2687 τοῦ

184 2725 441 2802 γράφειν·
478 2748 505 2776 ‹‹
538 2729 618 2782 De
648 2726 925 2793 Platone;
978 2726 1059 2780 De
1091 2724 1297 2795 eclipsi
1343 2728 1402 2778 et
1431 2723 1840 2794 magnitudine

189 2840 216 2866 ‹‹
255 2816 406 2871 solis
437 2821 496 2870 et
523 2815 678 2870 lunae
711 2825 770 2870 et
799 2820 970 2868 terras
1000 2831 1013 2881 ;
1067 2815 1146 2868 De
1190 2812 1560 2885 fulguribus;
1595 2813 1675 2866 De
1702 2812 1838 2883 pla-

187 2928 213 2952 α
252 2903 452 2970 netis;
485 2902 910 2970 Arithmetica;
946 2903 1026 2956 De
1048 2901 1314 2956 numeris
1335 2898 1626 2967 fecundis,
1651 2923 1672 2952 ι
1711 2898 1838 2972 Περὶ

183 2991 522 3065 πολυγόνων
555 2992 824 3062 ἂριθμῶν·
858 3012 887 3040 ς(
922 2990 1261 3062 Opticorum
1290 2988 1477 3043 libros
1505 2989 1550 3043 ll
1578 3013 1592 3055 ;
1636 2989 1840 3060 Enop-

184 3106 212 3134 «
247 3085 411 3139 ticon
442 3082 626 3137 libros
658 3081 746 3148 II;
783 3102 810 3130 »
842 3076 1137 3146 Κυκλιακά,
1171 3101 1198 3129 ‹‹
1242 3080 1322 3133 De
1353 3077 1630 3144 circulis;
1665 3098 1694 3128 »
1728 3077 1836 3133 Me-

182 3171 442 3240 σὸτητας,
475 3193 504 3222 ‹‹
538 3170 900 3234 Medietates,
930 3189 958 3221 ι
993 3175 1052 3224 et
1081 3169 1220 3224 alia.

254 3261 652 3316 Philostratus
670 3260 916 3331 primus,
942 3257 1240 3324 Lemnius,
1269 3257 1398 3311 Veri
1429 3257 1512 3324 F.,
1545 3261 1714 3328 pater
1742 3271 1838 3310 se-

179 3350 364 3405 cundi
414 3349 778 3412 Philostrati,
836 3347 1102 3418 sophista
1157 3347 1259 3417 qui
1290 3351 1477 3401 artem
1516 3345 1835 3400 oratoriam

182 3442 493 3515 professus
513 3446 604 3495 est
624 3437 1163 3508 Athenis,vixitque
1187 3436 1294 3492 sub
1316 3437 1566 3492 Nerone.
1592 3435 1839 3507 Scripsit

181 3533 390 3604 plures
423 3551 451 3579 ‹‹
483 3529 793 3584 Orationes
821 3526 1206 3598 panegyricas
1231 3546 1259 3575 ››
1287 3531 1339 3580 et
1371 3548 1397 3574 «
1423 3527 1495 3579 IV
1525 3525 1835 3580 Orationes

185 3644 212 3672 «
243 3618 690 3682 Eleusiniacas;
743 3615 1251 3680 Declamationes;
1285 3615 1652 3678 Qumstiones
1701 3614 1834 3668 rhe-

185 3733 213 3760 ‹‹
237 3710 462 3764 toricas
489 3703 846 3774 ;Loca,unde
869 3707 1221 3774 argumenta
1245 3703 1540 3757 rhetorica
1569 3702 1836 3772 depromi

183 3823 211 3849 ‹‹
247 3800 543 3869 possunt;
579 3794 659 3847 De
712 3791 956 3845 nomine
994 3791 1272 3845 adversus
1316 3790 1712 3861 Antipatrum,
1746 3807 1838 3843 so-

187 3913 215 3942 ‹‹
249 3891 513 3964 phistam
539 3904 552 3954 ;
579 3887 656 3940 De
680 3882 964 3955 tragaadia
994 3882 1177 3936 libros
1197 3883 1272 3937 III
1297 3899 1311 3948 ;
1337 3883 1784 3952 Gymnasticnm
1809 3902 1837 3930 ι)

186 3980 307 4034 sive
343 4000 371 4027 α
409 3977 487 4030 De
520 3973 816 4029 exercitiis
838 3987 1063 4038 eorum,
1090 3971 1190 4041 qui
1213 3971 1498 4042 Olympiaa
1521 3977 1786 4038 certant;
1813 3995 1832 4020 ι

183 4062 627 4138 Λιθογνωμικὸν,
653 4084 680 4111 ‹‹
707 4063 786 4115 De
811 4059 1228 4132 dignoscendis
1258 4059 1480 4130 lapillis
1504 4082 1531 4108 »
1548 4061 1665 4114 sive
1686 4076 1842 4132 gem-

187 4157 345 4219 mis;
410 4173 432 4200 ι
467 4155 779 4217 Proteum;
811 4151 1030 4204 Canem
1087 4149 1205 4203 sive
1237 4148 1601 4219 sophistam;
1660 4151 1837 4203 Nero-

189 4268 218 4296 ι‹
251 4261 392 4299 nem
424 4247 816 4314 spectatorem
847 4256 860 4305 ;
892 4238 1223 4310 Tragmdias
1252 4239 1422 4292 XLIII
1448 4256 1463 4305 ;
1512 4239 1839 4293 Commdias

186 4360 215 4388 «
251 4336 394 4391 XIV.
429 4355 455 4383 »
488 4335 755 4402 Itemque
785 4329 902 4385 alia
923 4328 1180 4400 plurima
1202 4333 1262 4383 et
1279 4334 1612 4383 memoratu
1638 4329 1835 4401 digna.

253 4425 645 4479 Philostratus
667 4418 1030 4482 Philostrati,
1065 4419 1164 4489 qui
1193 4423 1252 4472 et
1283 4419 1466 4472 Verus
1500 4417 1692 4473 dictus
1725 4424 1835 4487 est,

178 4513 405 4568 Lemnii
439 4510 718 4582 scphistas
750 4509 810 4562 F.
844 4512 904 4561 et
928 4508 1056 4578 ipse
1081 4506 1232 4560 alter
1263 4505 1550 4578 sophista,
1577 4508 1678 4577 qui
1710 4507 1832 4578 pri-

1957 589 2225 660 Athenis,
2261 595 2408 649 obiit
2457 602 2514 650 et
2572 597 2838 668 sepultus
2897 602 2986 651 est
3015 597 3076 650 in
3111 595 3308 651 insula
3359 597 3602 651 Lemno.

1958 679 2210 735 Auditor
2265 690 2322 737 et
2377 701 2560 756 gener
2615 686 2860 741 secundi
2911 685 3272 750 Philostrati,
3329 685 3602 756 scripsit:

1960 767 2351 840 «Imagines;
2403 773 2742 829 Orationem
2797 774 2868 828 de
2928 773 3137 844 'l‘roja;
3192 773 3602 844 Paraphrasim

1961 878 1986 904 «
2019 857 2210 929 clypei
2271 863 2595 930 Homeriti;
2659 864 3128 919 Declamationes
3169 865 3230 917 V.
3267 886 3288 914 ι
3353 863 3601 928 Quidam

1959 948 2135 1003 etiam
2173 975 2193 999 α
2235 953 2388 1009 Vitas
2421 955 2828 1026 Sophistarum
2862 977 2887 1004 »
2911 956 3024 1026 ipsi
3052 955 3336 1008 tribuunt.

2031 1036 2458 1115 Φιλοτιμότεραι
2496 1042 2866 1120 Κλεοφῶντος.
2903 1068 2927 1092 ‹‹
2961 1044 3406 1099 Ambitiosiores
3435 1043 3604 1098 Cleo-

1961 1148 1986 1175 α
2017 1128 2263 1198 phonte,
2297 1132 2356 1186 in
2390 1133 2559 1204 cujus
2606 1135 2788 1188 labris
2821 1134 3031 1204 strepit
3081 1133 3349 1188 Threicia
3397 1133 3606 1187 hirun-

1964 1237 1984 1265 ι
2023 1217 2117 1273 do.
2152 1241 2179 1269 ››
2210 1222 2450 1276 Deridet
2477 1223 2647 1278 illum
2675 1223 3167 1294 (Aristophanes),
3203 1229 3267 1278 ut
3297 1223 3603 1291 Thracem,

1958 1305 2115 1375 quod
2174 1323 2244 1362 ex
2301 1311 2553 1366 Thrassa
2609 1317 2784 1366 natus
2813 1315 2990 1375 esset,
3024 1317 3135 1365 etc.
3195 1312 3260 1364 In
3291 1311 3472 1378 hunc,
3507 1311 3608 1382 qui

1959 1399 2084 1448 erat
2113 1393 2490 1471 demagogus,
2516 1400 2696 1455 etiam
2720 1405 2910 1455 exstat
2936 1399 3138 1455 fabula
3156 1400 3440 1470 Platonis,
3475 1416 3605 1471 quae

1957 1483 2144 1554 ipsius
2174 1487 2417 1543 nomine
2446 1489 2810 1555 inscribitur,
2843 1488 3140 1559 Gle0phon.

2028 1592 2408 1662 Philoxenus,
2425 1594 2710 1650 Euletidaa
2735 1597 2818 1659 F.,
2839 1596 3169 1667 Cytherius,
3194 1595 3436 1667 lyricus,
3461 1598 3606 1653 scri-

1957 1679 2076 1750 psit
2110 1682 2489 1752 Dithyrambos
2521 1686 2713 1752 XXIV,
2744 1689 2801 1739 et
2833 1685 3097 1739 carmine
3127 1684 3310 1755 lyrico
3343 1687 3607 1742 Genealo-

1958 1771 2105 1838 giam
2154 1773 2531 1840 ﬂacidamm,
2585 1774 2848 1844 obiitque
2897 1774 3133 1844 Ephesi.
3183 1775 3473 1844 Cytheriis
3505 1793 3612 1846 per

1870 1856 1918 1921 B
1952 1857 2428 1916 Lacedaemonios
2461 1863 2521 1916 in
2556 1863 2899 1918 servitutem
2931 1863 3208 1930 redactis,
3256 1869 3489 1934 emptus
3521 1869 3611 1920 est

1949 1948 2020 2002 ab
2052 1951 2303 2021 Agesylo
2338 1953 2615 2022 quodam,
2652 1958 2711 2007 et
2742 1953 3050 2023 Myrmecis
3084 1970 3303 2007 nomen
3338 1953 3388 2007 ei
3420 1954 3607 2024 impo-

1953 2038 2154 2094 situm.
2184 2041 2323 2094 Post
2346 2041 2580 2112 Agesyli
2614 2047 2867 2095 mortem
2898 2041 3265 2112 redemptus,
3306 2047 3363 2096 et
3389 2043 3603 2098 litteris

1954 2126 2260 2182 institutus
2292 2133 2442 2183 esta
2502 2129 2916 2201 Melanippide,
2967 2131 3172 2201 lyrico.
3234 2131 3603 2186 Callistratus

1952 2232 2107 2282 vero,
2144 2217 2438 2271 Heracleae
2472 2218 2728 2272 Pontica;
2760 2223 2963 2272 natum
3005 2236 3156 2286 esse,
3207 2219 3427 2274 scribit.
3465 2220 3605 2274 Phi-

1951 2305 2202 2359 onenus
2234 2311 2547 2376 postquam
2575 2306 2848 2361 latomias
2881 2306 3161 2378 Dionysii,
3185 2307 3445 2378 tyranni,
3479 2323 3606 2363 eva-

1952 2393 2130 2448 sisset
2161 2393 2340 2462 (Suid.
2377 2395 2436 2448 in
2467 2392 2675 2468 Ἀτιαγε
2707 2398 2764 2448 et
2792 2391 2890 2456 Εἲς
2920 2391 3237 2466 λατομίας),
3286 2396 3605 2452 Tarentum

1948 2482 2132 2536 Italiaa
2165 2498 2226 2536 se
2257 2481 2522 2537 contulit.
2557 2483 2703 2538 Hinc
2730 2487 2967 2555 rogatus
3001 2500 3108 2555 per
3134 2483 3364 2538 litteras
3391 2501 3425 2538 a
3467 2485 3601 2539 Dio-

1951 2569 2140 2641 nysio,
2171 2575 2236 2625 ut
2255 2571 2495 2638 rediret,
2529 2570 2680 2625 nihil
2710 2571 3038 2642 rescripsit,
3091 2570 3193 2625 sed
3227 2571 3425 2626 littera
3450 2573 3493 2627 Ο
3524 2571 3602 2643 (6)

1949 2658 2276 2714 identidem
2333 2659 2566 2714 tabellae
2598 2659 2884 2731 inscripta
2940 2659 3311 2732 signiﬁcavit,
3347 2677 3408 2715 se
3451 2661 3598 2715 invi-

1950 2747 2237 2802 tationem
2293 2747 2624 2820 repudiare.
2685 2748 2831 2802 Hinc
2887 2747 3264 2819 proverbium
3301 2745 3597 2819 Φιλοξένου

1949 2834 2322 2909 γραμμάτιον.

2023 2944 2402 3012 Philoxenus,
2437 2941 2895 3011 Alexandrinus,
2924 2942 3364 3015 grammaticus,
3398 2945 3596 2999 Romae

1952 3035 2190 3090 docuit:
2226 3033 2464 3104 scripsit
2494 3055 2520 3082 ‹‹
2555 3034 2634 3088 De
2667 3032 2859 3088 verbis
2879 3032 3307 3104 monosyllabis
3333 3051 3348 3103 ;
3379 3034 3459 3088 De
3491 3050 3599 3089 no-

1957 3147 1976 3172 ι
2015 3124 2088 3178 tis
2119 3123 2339 3178 criticis
2387 3122 2450 3177 in
2482 3122 2702 3188 Iliade;
2737 3123 2816 3176 De
2863 3121 3055 3176 verbis
3109 3122 3170 3176 in
3205 3145 3226 3171 ι
3284 3141 3344 3193 μι
3377 3144 3404 3171 ‹‹
3439 3122 3599 3178 desi-

1867 3204 1911 3272 C
1950 3236 1977 3263 «
2012 3212 2328 3281 nentibus;
2365 3213 2443 3266 De
2493 3211 2915 3286 diplasiasmo;
2964 3212 3044 3266 De
3093 3211 3598 3283 Syracusanorum

1953 3325 1980 3353 ι(
2012 3303 2262 3357 dialecto
2289 3320 2303 3369 ;
2338 3303 2418 3356 De
2449 3301 2812 3356 Hellenismo
2847 3299 3029 3355 libros
3061 3302 3166 3368 IV;
3201 3301 3280 3355 De
3312 3301 3591 3373 conjuga~

1951 3413 1978 3441 (ι
2013 3391 2311 3456 tionibus;
2344 3391 2422 3445 De
2453 3390 2666 3462 glossis
2695 3389 2876 3444 libros
2908 3391 2950 3442 V
2977 3407 2990 3455 ;
3029 3390 3104 3443 De
3135 3389 3346 3461 glossis
3377 3391 3593 3446 Home-

1951 3503 1976 3530 α
2012 3480 2150 3534 ricis
2177 3498 2190 3546 ;
2219 3482 2297 3535 De
2317 3481 2610 3536 Laconum
2635 3479 2886 3535 dialecto
2909 3479 3016 3546 ;De
3041 3479 3293 3535 dialecto
3321 3480 3538 3551 Ionica,
3567 3503 3594 3529 »

1953 3574 2009 3624 et
2033 3569 2303 3640 reliquis.

2021 3675 2402 3745 Philoxenus,
2435 3674 2782 3744 Leucadius,
2806 3673 2940 3746 gulo
2969 3679 3026 3728 et
3046 3673 3364 3745 parasitus,
3394 3673 3458 3732 V.
3485 3675 3599 3732 Ku-

1951 3770 2073 3821 ster
2103 3765 2176 3820 ad
2208 3771 2347 3820 tom.
2382 3766 2449 3832 II,
2486 3781 2616 3837 pag.
2652 3766 2774 3818 606.

2021 3871 2354 3943 Philyllius,
2383 3870 2784 3939 Atheniensis,
2809 3869 3069 3925 comicus
3092 3869 3352 3940 antiquae
3377 3885 3596 3926 comm-

1951 3961 2081 4025 ἀίω,
2109 3977 2178 4014 ex
2217 3961 2385 4030 cujus
2415 3959 2632 4014 fabulis
2679 3964 2848 4014 sunt:
2887 3955 3104 4032 Αἰγεὺς,
3140 3953 3318 4030 Αὔγη,
3350 3962 3594 4026 ”Δντεια,

1949 4045 2234 4116 Δωδεκάτη
2259 4050 2500 4120 (nomen
2530 4049 2641 4102 hoc
2673 4047 3044 4117 meretricis),
3076 4045 3379 4119 Ἡρακλῆς,
3418 4044 3593 4100 Πλύν-

1945 4158 2070 4211 τρια
2099 4138 2132 4204 ἢ
2163 4134 2459 4204 Ναυσικάα,
2495 4133 2663 4195 Πόλις
2707 4137 2948 4207 (Pollaci
2986 4141 3044 4190 et
3065 4137 3344 4191 Athenaao
3376 4133 3592 4206 Πόλεις,

1947 4228 2164 4300 plurali
2196 4228 2487 4297 numero),
2522 4225 2880 4299 Φρεωρύχος,
2915 4223 3272 4293 ’Δταλάντης,
3303 4223 3522 4296 Ἑλένη.

2020 4315 2317 4388 Φιλύρινος
2370 4313 2644 4383 Κινησίας,
2677 4315 2942 4370 Cinesias
2995 4321 3170 4385 poeta
3209 4314 3598 4387 dithyrambi-

1948 4423 2053 4462 cus
2082 4405 2215 4472 fuit,
2244 4405 2344 4476 qui
2378 4401 2664 4476 φιλύρινος
2715 4404 2907 4459 dictus
2939 4405 3052 4460 fuit
3095 4408 3236 4472 (non
3288 4403 3362 4459 ob
3393 4404 3598 4459 levita-

1947 4502 2088 4562 tem,
2115 4495 2203 4550 vel
2236 4494 2545 4566 pallorem,
2598 4499 2664 4547 ut
2707 4493 2938 4561 Suidas,
2992 4493 3096 4548 sed
3148 4492 3304 4564 quod
3346 4492 3597 4548 tiliaceis

179 4618 342 4656 mum
363 4571 862 4664 Atbehi3,deinde
885 4571 1084 4651 mimae
1098 4599 1287 4649 artem
1308 4571 1625 4650 air-moria“;
1640 4571 1840 4651 (lo-cuit
1873 4571 1913 4635 Ι)
1948 4583 2164 4639 tabulis
2197 4588 2437 4654 propter
2467 4581 2854 4652 gracilitatem
2889 4597 2951 4635 se
2983 4581 3201 4636 soleret
3228 4579 3499 4644 fasciare,
3532 4584 3598 4634 ut

182 4690 292 4744 sub
316 4690 526 4742 Severo
549 4687 690 4756 imp.
712 4695 900 4754 usque
923 4684 997 4738 ad
1019 4683 1375 4754 Philippum.
1406 4683 1652 4754 Scripsit
1679 4707 1706 4734 ‹‹
1732 4686 1835 4740 De-

185 4801 213 4829 ‹‹
245 4777 656 4841 clamationes,
690 4772 982 4843 Epistolas
1009 4772 1346 4836 amatorias,
1381 4771 1665 4843 Imagines
1698 4793 1726 4821 »
1761 4774 1833 4827 si-

176 4884 244 4922 ve
279 4888 302 4918 a
358 4863 798 4934 Descriptiones
847 4859 1016 4915 libris
1050 4861 1158 4925 IV;
1213 4860 1691 4930 Disputationes;
1725 4863 1832 4916 Ca-

179 4980 206 5007 «
231 4973 369 5028 pras
401 4977 428 5005 »
462 4954 583 5008 sive
622 4973 645 5002 α
680 4952 758 5006 De
790 4950 1027 5015 fistula;
1061 4948 1359 5020 Apollonii
1389 4950 1603 5020 Tyanei
1641 4951 1830 5006 Vitam

183 5067 204 5096 ι
240 5046 413 5100 libris
469 5043 636 5108 XIII;
695 5042 910 5096 Forum
941 5057 955 5105 ;
992 5061 1020 5087 »
1062 5037 1355 5112 Ἦρωικὸν,
1417 5059 1445 5087 ‹‹
1481 5039 1826 5109 Heroicum;

178 5158 206 5188 ‹‹
241 5137 401 5190 Vitas
428 5133 828 5204 sophistarum
866 5129 1036 5184 libris
1063 5130 1172 5194 IV;
1223 5127 1680 5200 Epigrammata,
1716 5151 1744 5180 »
1773 5136 1831 5185 et

178 5226 299 5282 alia
329 5224 623 5295 quaadam.

249 5314 666 5378 Philostratus,
698 5307 857 5364 illius
886 5305 1179 5377 Nerviani,
1218 5306 1319 5376 qui
1351 5306 1693 5363 Philostrati
1725 5326 1826 5364 se-

247 5458 324 5526 (4)
354 5457 551 5526 Iidem,
573 5453 730 5508 infra
757 5451 914 5524 apud
927 5449 1177 5526 Suidam
1193 5449 1406 5526 minus
1438 5450 1588 5506 bene
1613 5469 1828 5510 vocan-

179 5521 276 5583 tur
309 5521 334 5579 ἧι
384 5525 634 5582 Ecdelus
682 5547 736 5593 »_
765 5521 824 5577 et
855 5545 881 5572 «
925 5521 1400 5593 Megalophanes,
1436 5546 1458 5574 ι
1517 5525 1824 5591 Arcesilai,

178 5600 242 5654 Pi
255 5607 308 5654 ta
319 5599 452 5666 naai,
486 5589 786 5667 discipuli.

249 5673 324 5742 (5)
357 5663 736 5744 Anonymum
753 5666 926 5744 _h_unc
968 5663 1385 5744 philosophum
1438 5679 1567 5744 esse
1598 5667 1823 5744 Philip-

179 5733 343 5816 pum,
377 5733 1017 5816 Opuntiuthlatonis
1045 5733 1429 5816 discipulum,
1463 5735 1637 5793 docet
1665 5733 1822 5796 Kus-

183 5807 295 5885 ier,
320 5807 466 5872 toni.
495 5813 594 5881 III,
629 5813 840 5883 p.'6l0,
877 5814 1001 5873 not,
1038 5810 1086 5860 1.
1115 5807 1289 5862 HARL.

498 5939 766 6003 Parnm“
813 5937 923 5998 Gn.
958 5933 1190 6000 CXVII.

1947 4678 2143 4727 rectus
2175 4670 2494 4735 incederet,
2530 4669 3034 4740 quemadmodum
3065 4687 3135 4724 ex
3167 4667 3435 4723 Athenaai
3470 4669 3592 4737 XII,

1944 4778 2076 4833 pag.
2110 4763 2234 4824 551,
2268 4761 2552 4813 Kusterus
2581 4763 2738 4812 recte
2770 4759 3036 4824 notavit).

2013 4863 2261 4921 Φλέδων.
2323 4867 2552 4934 Timon,
2639 4865 3076 4934 Antisthenem,
3145 4863 3590 4935 philosophum,

1939 4973 2190 5027 carpens
2244 4954 2316 5008 ob
2349 4955 2707 5024 scriptorum
2768 4952 3237 5018 multitudinem,
3297 4955 3586 5026 Παντοφυῆ

1938 5041 2240 5120 φλέ-δωνα,
2279 5067 2306 5094 «
2337 5043 2737 5099 Omnivarium
2773 5047 3116 5115 nugatorem
3151 5064 3176 5090 »
3209 5042 3489 5113 appellat.

2008 5135 2291 5206 Phlegon,
2342 5133 2695 5196 Trallianus,
2746 5132 2995 5186 libertus
3043 5131 3288 5203 Augusti
3319 5131 3586 5199 Caasaris,

1934 5222 2048 5287 vel,
2079 5229 2144 5277 ut
2175 5221 2298 5289 alii,
2356 5221 2700 5287 historicus,
2751 5220 2990 5290 scripsit
3046 5219 3406 5290 Olympiadas
3436 5219 3590 5274 libris

1935 5313 2081 5367 XVI.
2108 5310 2428 5365 Continent
2445 5313 2643 5363 autem
2664 5323 2782 5376 res,
2805 5307 3025 5380 ubique
3047 5313 3338 5363 terrarum
3371 5313 3584 5381 gestas,

2008 5459 2083 5520 (6)
2115 5456 2334 5524 Nempe
2364 5452 2426 5506 τὸ
2458 5472 2486 5505 o
2521 5450 2714 5522 μικρὸν
2756 5451 2912 5524 apud
2960 5452 3391 5524 vetustissimos
3422 5453 3582 5524 Grai-

1934 5544 2034 5606 cos
2065 5543 2171 5606 pro
2203 5522 2280 5577 οὔ
2308 5524 2670 5606 diphthongo
2704 5522 2879 5606 scribi
2936 5523 3183 5606 solebat,
3216 5531 3275 5578 et
3297 5523 3578 5606 ‘vimnha-

1933 5594 2111 5654 bebat
2137 5594 2414 5668 negandi.
2460 5597 2540 5668 ἐν.
2605 5594 2857 5668 Kusteri,
2889 5601 3012 5668 not.
3081 5597 3164 5668 10,
3225 5595 3341 5668 vol:
3389 5595 3482 5656 III,
3519 5609 3577 5662 p.

1933 5673 2037 5726 606
2067 5686 2155 5740 sq.
2214 5665 2585 5740 etAVilloisoin
2640 5665 2826 5722 Indic.
2860 5665 2934 5720 ad
2964 5665 3268 5721 Anecdota
3306 5667 3398 5720 Gr.
3437 5669 3574 5718 tom.

1932 5743 2006 5811 II,
2037 5759 2096 5814 p.
2117 5738 2254 5810 ‘300,
2289 5738 2401 5808 litt,
2435 5739 2498 5796 Ο.
2537 5739 2712 5793 ΗΑιιΙι.

3265 5931 3342 5988 42
