4062 6298
458 347 611 406 1323

449 494 640 549 usque
698 476 774 532 ad
826 475 1235 548 Olympiadem
1284 475 1584 541 CCXXIX;
1644 471 1884 527 easdem
1916 473 2094 527 etiam

453 591 480 618 «
515 568 635 621 VIII
669 567 839 620 libris
876 589 895 616 η
935 567 1243 636 exposuit;
1279 588 1304 614 «
1335 563 1805 634 Descriptionem
1851 561 2064 616 Sicilia
2093 577 2106 628 ;

452 679 478 707 ‹‹
515 658 594 711 De
624 655 900 727 longavis
933 661 990 708 et
1038 654 1215 708 rebus
1248 652 1626 708 mirabilibus
1653 668 1666 717 ;
1704 652 1781 705 De
1811 653 2106 705 Romano-

452 768 480 795 «
510 762 642 799 rum
673 744 838 798 festis
871 743 1055 797 libros
1104 744 1179 796 III
1207 763 1220 810 ;
1251 744 1330 796 De
1385 743 1585 796 Roma
1618 740 1764 794 locis
1815 745 1873 793 et
1902 755 2109 793 eorum

453 855 481 885 α
516 833 858 889 nominibus
886 833 1227 902 :Epitomen
1253 830 1820 901 Olympionicarum,
1843 850 1870 876 ››
1895 833 1951 882 et
1969 828 2109 883 alia.

533 921 964 992 Philostorgius
990 925 1156 974 notat
1181 921 1501 990 Josephum
1535 923 1606 985 (7)
1639 935 1734 972 res
1771 916 2109 971 Judaorum

453 1012 645 1066 fusius
689 1015 1028 1064 exsecutum
1083 1024 1232 1076 esse,
1269 1024 1446 1078 quam
1492 1008 1855 1079 Phlegonem
1887 1011 1946 1060 et
1975 1006 2106 1060 Dio-

455 1116 615 1166 nem,
651 1100 867 1171 quippe
919 1099 1018 1169 qui
1071 1104 1301 1153 tantum
1365 1097 1619 1151 breviter
1677 1113 1774 1151 eas
1807 1101 1865 1149 et
1919 1094 2111 1149 obiter

457 1189 776 1262 attigerint.
810 1189 1100 1243 Caeterum
1134 1187 1379 1240 illorum
1414 1185 1678 1256 quidem,
1711 1201 1842 1255 qua
1875 1183 1949 1238 ad
1982 1184 2108 1254 pie-

456 1284 638 1334 tatem
679 1277 944 1348 aliasque
990 1278 1237 1332 virtutes
1269 1281 1559 1346 spectent,
1611 1291 1720 1328 nec
1769 1275 1948 1328 istum
2000 1289 2110 1327 nec

455 1369 562 1422 hos
591 1367 777 1422 ullam
831 1366 1108 1420 habuisse
1167 1367 1475 1420 rationem.
1530 1365 1746 1418 Contra
1787 1363 2108 1434 Josephum

450 1458 632 1512 videri
667 1457 877 1511 timere
913 1461 970 1510 et
997 1473 1224 1524 cavere,
1259 1472 1332 1509 ne
1366 1457 1600 1509 Gracos
1634 1454 1912 1508 offendat.

527 1544 796 1604 Φλύακες.
840 1545 1082 1600 Sotades
1133 1545 1368 1616 scripsit
1397 1545 1684 1613 Phlyacas,
1719 1543 1778 1596 id
1810 1548 1900 1598 est
1930 1543 2106 1597 cina-

454 1637 579 1701 dos,
616 1635 870 1689 dialecto
897 1635 1117 1688 Ionica.
1152 1635 1353 1702 Itaque
1378 1639 1434 1688 et
1463 1633 1603 1688 dicti
1639 1637 1777 1686 sunt
1799 1629 1953 1702 λόγοι
1988 1631 2107 1686 Ἰω-

451 1725 617 1778 vinol.
653 1725 870 1778 Eodem
906 1724 1194 1795 poematis
1225 1739 1437 1795 genere
1467 1739 1610 1776 usus
1643 1728 1732 1776 est
1763 1722 1940 1776 etiam
1972 1721 2105 1776 Ale-

455 1814 700 1880 xander,
726 1813 971 1879 zEtolus,
1002 1812 1243 1883 aliique.
1278 1812 1459 1881 (Infra
1490 1811 1550 1865 in
1583 1810 1839 1880 Sotade.)

529 1903 902 1974 Phocylides,
925 1901 1204 1968 Milesius,
1225 1900 1634 1972 philosophus,
1652 1899 1897 1970 aqualis
1920 1898 2105 1954 Theo-

457 1991 669 2064 gnidis.
696 1992 952 2061 Uterque
981 1989 1152 2044 annis
1182 1990 1486 2054 DCXLVII,
1529 1994 1663 2060 post
1703 1988 1928 2042 bellum
1957 1989 2105 2041 Tro-

449 2078 662 2152 janum
694 2081 856 2143 vixit,
916 2079 1040 2134 nati
1074 2078 1417 2149 Olympiade
1465 2079 1570 2132 LV.
1635 2076 1879 2147 Scripsit
1908 2098 1934 2124 ‹‹
1970 2078 2104 2130 Car-

457 2192 486 2220 ‹‹
513 2170 678 2225 mina
736 2168 974 2223 heroica
1005 2189 1032 2217 »
1092 2172 1150 2221 et
1188 2188 1216 2216 ‹‹
1250 2166 1514 2237 Elegias;
1569 2167 1868 2236 Pracepta
1901 2188 1928 2214 ››
1988 2165 2109 2220 sive

456 2281 483 2307 «
515 2259 872 2323 Sententias,
935 2272 1083 2326 quas
1137 2255 1434 2330 Κεφάλαια,
1497 2253 1695 2324 Capita
1751 2253 2105 2308 inscribunt.

456 2349 604 2400 Sunt
633 2351 833 2399 autem
867 2361 935 2398 ex
958 2344 1321 2398 carminibus
1352 2342 1657 2413 Sibyllinis
1690 2342 1991 2412 subrepta.

525 2434 840 2488 Phoenicia
873 2433 1042 2487 dicta
1076 2433 1308 2499 littera,
1344 2432 1501 2501 quod
1552 2431 1688 2502 Sydi
1725 2436 1783 2485 et
1813 2432 1982 2485 Iones
2012 2446 2110 2486 eas

456 2524 528 2578 ab
563 2524 886 2588 inventore,
941 2524 1228 2593 Agenore,
1258 2521 1556 2588 Phoenice,
1609 2526 1987 2591 acceperunt,
2022 2523 2112 2576 vel

457 2614 546 2684 (ut
566 2613 876 2666 Cretenses
894 2611 1240 2679 afﬁrmant),
1267 2610 1424 2679 quod
1475 2609 1525 2661 ἐν
1561 2608 1820 2683 φοινίκων
1852 2607 2112 2669 πιτάλοις

459 2701 520 2755 in
557 2725 577 2749 ι
617 2701 949 2771 palmarum
979 2699 1189 2753 foliis»
1223 2698 1497 2754 homines
1528 2699 1874 2754 scriberent.
1913 2700 2110 2754 Scam-

459 2807 600 2846 mon
635 2789 783 2844 libro
818 2788 1080 2843 secundo
1104 2786 1443 2860 Εὐρημάτων
1472 2789 1591 2843 sive
1623 2811 1649 2838 «
1673 2791 2052 2844 Inventorum
2083 2810 2110 2837 ››

461 2881 564 2948 ait,
598 2896 696 2934 eas
729 2896 762 2934 a
791 2879 1088 2942 Phanice,
1127 2878 1249 2933 ﬁlia
1303 2878 1616 2938 Actaonis,
1654 2879 1737 2933 sic
1784 2878 2111 2950 appellatas

460 2985 610 3035 esse,
645 2985 775 3039 qua
805 2969 967 3041 virgo
1011 2967 1178 3033 obiit,
1227 2967 1553 3038 habuitque
1587 2984 1839 3037 sorores,
1893 2968 2109 3040 Aglau~

457 3075 615 3123 rum,
649 3058 854 3124 Ersen,
888 3057 1276 3111 Paudrosum.

1771 339 2020 399 INDEX
2068 337 2572 403 SCRIPTORUM

3722 347 3896 407 1324

2127 495 2179 561 Α
2212 474 2418 544 spidis,
2453 475 2551 545 qui
2585 475 2812 546 primus
2863 475 3158 546 tragadia
3217 475 3492 532 inventor
3519 477 3656 534 fuit.
3729 481 3899 535 Vicit

2215 563 2559 634 Olympiade
2593 564 2806 626 LXVII,
2862 565 3216 635 primusque
3248 567 3608 623 muliebrem
3663 586 3889 640 perso-

2213 668 2354 707 nam
2387 652 2554 706 duxit
2579 653 2640 706 in
2674 669 2912 706 scenam
2962 659 3021 707 et
3053 657 3380 708 tetrametri
3411 655 3524 710 fuit
3571 657 3884 726 inventor,

2215 747 2273 796 et
2303 742 2491 796 tilium
2521 741 2733 796 habuit
2761 742 3356 812 Polychradmonem,
3390 746 3702 818 tragicum.
3735 751 3884 820 Ejus

2212 832 2508 904 tragadia
2558 832 2647 885 has
2678 848 2928 886 novem:
2990 829 3308 905 Πλευρωνία
3349 832 3687 907 Ἀίγύπτιοι,
3749 839 3882 893 Ἀκ-

2209 918 2399 987 ταίων,
2433 916 2755 988 Ἄλκηστις,
2791 919 3040 979 Ἀνταῖος
3071 920 3105 987 ἢ
3139 915 3352 986 Λίϐυες,
3380 921 3610 993 Aha-.01,
3644 925 3881 997 Πέρσαι,

2215 1012 2492 1069 Συνθωκοι
2527 1008 2646 1061 sive
2679 1009 2768 1078 (ut
2816 1009 3100 1062 Kusterus
3131 1009 3325 1081 legere
3368 1012 3542 1082 jubet
3585 1021 3736 1069 tom.
3775 1017 3878 1083 III,

2211 1113 2342 1168 pag.
2379 1098 2502 1161 637,
2541 1101 2662 1152 not.
2697 1098 2750 1161 3)
2783 1094 3072 1163 Σύνθακοι,
3106 1095 3378 1160 Δαναΐδες.

2283 1185 2675 1256 Phrynichus,
2710 1185 3018 1240 Melantha
3052 1187 3112 1240 F-
3146 1188 3548 1254 Atheniensis,
3582 1193 3873 1264 tragicus.

2210 1276 2292 1328 Ex
2320 1273 2498 1344 hujus
2541 1273 2757 1328 fabulis
2789 1280 2928 1328 sunt
2976 1270 3334 1347 Ἀνδρομέδα,
3366 1277 3650 1351 Ἠριγόνῃ.
3709 1283 3874 1336 Fecit

2211 1364 2390 1417 etiam
2448 1360 2750 1436 Πυρῤίχας.
2787 1363 3181 1420 Athenienses
3235 1367 3639 1438 Phrynichum
3699 1372 3870 1426 mille

2211 1457 2510 1512 drachmis
2540 1457 2891 1525 multarunt,
2926 1459 3086 1528 quod
3112 1459 3183 1513 de
3217 1460 3395 1515 Mileti
3427 1466 3873 1535 expugnatione

2210 1542 2555 1614 tragadiam
2589 1543 2907 1598 docuisset.

2279 1632 2655 1701 Phrynichus
2677 1633 3084 1700 Atheniensis,
3101 1650 3255 1688 unus
3279 1650 3348 1688 ex
3373 1639 3695 1706 postremis
3721 1647 3876 1695 vete-

2207 1720 2289 1773 ris
2321 1719 2624 1774 commdia
2685 1721 2952 1784 comicis,
2979 1721 3080 1791 qui
3139 1721 3372 1777 fabulas
3428 1725 3644 1780 docere
3692 1730 3875 1799 capit

2214 1808 2560 1879 Olympiade
2596 1808 2877 1863 LXXXVI.
2930 1810 3208 1865 Dramata
3237 1811 3366 1882 ejus
3414 1819 3588 1869 sunt:
3638 1815 3876 1892 Ἐφιάλ-

2209 1915 2308 1964 της
2359 1897 2586 1969 Κρόνος,
2625 1895 2850 1964 Κόννος,
2911 1895 3229 1968 Κωμασταὶ,
3288 1896 3536 1973 Σάτυροι³
3587 1903 3876 1978 Τραγῳόοέ

2213 1981 2248 2051 ἢ
2283 1982 2650 2058 ἐπελεύθεροι,
2712 1984 3090 2058 Μονότροπος,
3145 1987 3381 2053 Μοῦσαι,
3418 1989 3672 2060 Μύστης,
3730 1996 3878 2047 1101'-

2213 2092 2390 2146 στριαι
2450 2073 2702 2146 Σάτυροι.
2737 2074 3108 2145 Phrynichus
3157 2081 3216 2130 et
3275 2078 3439 2148 Lycis
3480 2085 3539 2133 et
3567 2083 3875 2153 Amipsias

2214 2162 2425 2216 comici
2457 2162 2787 2233 subfrigidi.

2287 2251 2615 2321 Phrynicus
2659 2251 2965 2322 Bitliynus,
3015 2251 3299 2322 sophista.
3327 2254 3568 2327 Scripsit
3605 2282 3626 2305 ι
3663 2261 3878 2315 Attici-

2220 2363 2240 2389 ι
2279 2345 2453 2405 stam,
2477 2342 2556 2395 De
2585 2341 2927 2396 nominibus
2949 2343 3158 2398 Atticis
3189 2343 3372 2399 libros
3392 2347 3441 2400 Il
3465 2365 3480 2412 ;
3509 2370 3535 2396 »
3558 2352 3875 2419 Τιθεμενων

2215 2429 2552 2502 συναγωγὴν,
2588 2453 2613 2478 ‹‹
2658 2431 3081 2485 Collectionem
3115 2433 3482 2502 thematum;
3535 2438 3875 2508 Apparatus

2218 2541 2245 2568 «
2279 2519 2518 2572 oratorii
2552 2521 2763 2583 XVLII,
2799 2543 2826 2568 ››
2861 2521 3191 2575 secundum
3223 2523 3370 2577 alios
3404 2525 3641 2580 LXXIV.

2290 2611 2566 2681 Φρυνίχου
2616 2605 2920 2680 πάλαισμα,
2955 2611 3260 2680 ΡΙιιῃηίοΙιὶ
3311 2614 3499 2681 (ducis
3541 2617 3874 2675 Athenien-

2219 2695 2392 2762 sium)
2428 2697 2674 2763 luctatio,
2707 2697 2926 2751 dicitur
2964 2699 3027 2752 in
3059 2716 3159 2753 eos
3191 2700 3292 2771 qui
3341 2703 3553 2758 callide
3586 2712 3648 2760 et
3678 2714 3874 2763 astute

2218 2787 2444 2857 aliquid
2473 2787 2916 2852 machinantur,
2951 2794 3061 2843 etc.

2289 2877 2563 2947 Phrynis,
2596 2877 2988 2944 Aristoclidis,
3021 2879 3120 2948 qui
3153 2878 3311 2935 bello
3339 2881 3560 2938 Medico
3621 2885 3879 2942 ﬂorebat

2220 2969 2278 3019 et
2297 2982 2484 3037 genus
2514 2983 2548 3022 a
2575 2967 2919 3038 Terpandro
2970 2967 3240 3040 ducebat,
3295 2971 3648 3044 discipulus,
3686 2980 3882 3034 citha-

2217 3055 2415 3110 rcedus
2444 3056 2831 3127 Mytilenaus,
2865 3058 2965 3128 qui
2988 3058 3214 3128 primus
3237 3067 3476 3130 putatur
3506 3067 3667 3135 apud
3691 3071 3874 3123 Athe-

526 3163 920 3226 thnicides,
948 3163 1232 3230 comicus,
1259 3179 1328 3216 ex
1359 3163 1529 3234 cujus
1573 3162 1939 3220 dramatibus
1972 3169 2111 3220 sunt
2146 3225 2179 3234 Α
2216 3144 2458 3198 nienses
2479 3145 2706 3199 cithara
2722 3146 3010 3201 cecinisse
3034 3153 3092 3202 et
3120 3148 3181 3202 in
3203 3149 3618 3208 Panathenais
3639 3156 3872 3225 vicisse,

453 3251 751 3324 Φύλαρχος
781 3256 839 3305 et
870 3225 1234 3321 Mmodpsvoc,
1267 3225 1741 3307 teste'Athenao
1775 3252 1835 3307 in
1881 3253 2103 3325 Dipno-

2226 3236 2500 3325 archonte
2531 3236 2732 3291 Callia.
2768 3237 2918 3325 Ister
2955 3238 3018 3291 in
3049 3239 3323 3308 Melopais
3365 3247 3636 3313 testatur,
3688 3249 3870 3319 Phry-

451 3341 700 3412 sophist.

520 3446 870 3502 Phanicum
901 3445 1302 3512 mendacium,
1332 3452 1574 3518 propter
1604 3463 1674 3503 ea
1705 3465 1836 3520 qua
1867 3448 1938 3504 de
1971 3451 2106 3506 Dra-

452 3552 600 3592 cone
632 3540 688 3590 et
719 3535 942 3606 Spartis
973 3539 1032 3589 et
1055 3534 1273 3591 Cadmo
1304 3536 1454 3591 falso
1485 3536 1782 3591 dicuntur.

523 3624 870 3680 Phoenicum
923 3629 1112 3696 pacta.
1159 3625 1490 3695 Phanices,
1549 3625 1651 3695 qui
1690 3626 2106 3699 Carthaginem

459 3713 872 3779 condiderunt,
905 3729 1038 3767 cum
1073 3712 1146 3767 ad
1171 3713 1411 3784 Libyam
1437 3713 1686 3769 navibus
1712 3715 2104 3786 appulissent,

460 3807 744 3873 rogarunt
773 3802 934 3856 illius
993 3801 1250 3872 regionis
1282 3801 1507 3857 incolas
1561 3807 1627 3856 ut
1658 3820 1718 3858 se
1774 3805 2109 3874 reciperent

461 3896 695 3946 noctem
728 3896 786 3945 et
815 3890 992 3944 diem.
1028 3892 1146 3944 Hoc
1175 3891 1511 3961 impetrato,
1545 3891 1850 3946 discedere
1899 3894 2104 3949 nolue-

449 3984 607 4046 runt,
639 3979 807 4050 quasi
851 3979 1006 4048 pacti
1061 3978 1336 4046 fuissent,
1399 3996 1462 4034 se
1494 3985 1696 4034 noctes
1751 3986 1809 4035 et
1858 3981 1983 4036 dies
2025 3981 2107 4036 ibi

451 4083 765 4122 mansuros
799 4083 947 4120 esse.
1004 4067 1229 4120 Demon
1279 4066 1350 4121 de
1409 4068 1827 4138 Metapontiuis
1887 4069 2108 4124 similia

454 4160 674 4210 narrat.

523 4257 837 4322 Phormus,
899 4256 1320 4327 Syracusanus,
1351 4257 1635 4323 comicus,
1690 4259 1937 4329 aqualis
1970 4260 2102 4332 Epi-

454 4345 702 4412 charmi,
733 4343 1043 4398 familiaris
1067 4344 1292 4410 Geloni,
1319 4344 1531 4399 Sicilia
1563 4352 1836 4418 tyranno,
1869 4355 1928 4403 et
1955 4349 2109 4404 altor

459 4434 725 4490 ﬁliorum
783 4434 932 4504 ejus.
969 4433 1212 4503 Scripsit
1269 4434 1581 4490 comwdias
1637 4437 1753 4506 VII,
1807 4454 1937 4508 qua
1969 4444 2110 4494 sunt

456 4519 736 4594 Αδμητος,
810 4518 1122 4586 Ἀλκίνους,
1203 4519 1510 4592 Ἀλκυόνες,
1591 4521 1757 4578 Ἰλίου
1815 4524 2106 4597 πόρθησις,

452 4611 669 4678 Ἵππος,
704 4607 918 4687 Κηφεὺς
948 4610 983 4678 ἢ
1017 4608 1312 4679 Κεφάλαια,
1347 4609 1593 4683 Περσεύς.
1623 4615 1812 4668 Etiam
1839 4613 2107 4668 Ἀταλάν-

453 4721 554 4769 της
585 4701 869 4754 Athenao
911 4705 1296 4754 memoratur.
1353 4701 1588 4756 Primus
1629 4719 1770 4757 usus
1815 4710 1904 4758 est
1933 4705 2104 4759 talari

451 4795 631 4858 veste,
661 4795 719 4844 et
747 4805 926 4844 scena
955 4788 1150 4844 rubris
1181 4788 1438 4860 pellibus
1469 4789 1774 4846 adornata.

526 4896 827 4970 Φρεάντης,
882 4895 1219 4960 Cleanthes,
1252 4894 1664 4966 philos0phus,
1715 4896 1798 4951 ita
1853 4898 2100 4954 vocaba-

454 4991 570 5055 tur,
604 4991 741 5055 etc.,
774 5001 953 5056 supra
979 4984 1042 5038 in
1072 4983 1378 5038 Cleanthe.

2213 3324 2414 3379 nidem
2446 3324 2630 3380 fuisse
2664 3324 2961 3394 Lesbium,
3006 3327 3258 3399 CanOpis
3289 3329 3372 3394 F.,
3408 3333 3508 3402 qui
3541 3350 3681 3389 cum
3712 3345 3872 3392 esset

2214 3413 2504 3481 Hieronis,
2539 3414 2796 3484 tyranni,
2827 3430 3075 3485 coquus,
3122 3432 3256 3471 cum
3287 3417 3421 3473 aliis
3470 3422 3680 3477 multis
3711 3427 3871 3481 Aris-

2214 3502 2414 3556 toclidi
2447 3503 2620 3558 datus
2653 3503 2748 3557 sit.
2786 3503 2898 3558 Sed
2927 3505 2976 3558 si
3009 3521 3209 3561 servus
3241 3513 3299 3561 et
3319 3524 3544 3580 coquus
3593 3514 3873 3571 Hieronis

2212 3589 2442 3661 fuisset,
2474 3591 2534 3646 id
2590 3609 2709 3646 non
2770 3593 3098 3648 tacuissent
3124 3596 3358 3663 comici,
3421 3600 3523 3669 qui
3576 3604 3875 3660 musicam

2214 3683 2470 3732 veterem
2513 3677 3021 3734 modulationibus
3079 3681 3361 3737 mollibus
3395 3685 3466 3739 ab
3495 3701 3564 3740 eo
3622 3688 3878 3746 fractam

2215 3772 2274 3820 et
2302 3767 2677 3822 immutatam
2711 3785 2866 3839 sape
2899 3775 3172 3841 arguunt.

2286 3857 2672 3926 Phylarchus,
2720 3858 3126 3923 Atheniensis,
3172 3860 3262 3914 vel
3313 3863 3685 3920 Naucratites
3715 3869 3874 3937 (aliis

2215 3945 2522 4017 Sicyonius
2553 3947 2643 4000 vel
2672 3948 3017 4019 Egyptius),
3047 3949 3390 4020 historicus,
3432 3952 3683 4025 Scripsit
3713 3981 3740 4007 ι(
3767 3961 3875 4013 Ex-

2216 4057 2243 4084 ‹‹
2275 4035 2637 4106 peditionem
2669 4037 2902 4107 Pyrrhi,
2936 4037 3211 4108 Epirota,
3238 4039 3300 4094 in
3327 4042 3876 4113 Pelopponnesum,

2215 4146 2242 4172 ι(
2276 4123 2443 4177 libris
2473 4123 2718 4178 XXVIII.
2748 4146 2774 4174 ››
2829 4123 3078 4179 Deducit
3107 4132 3304 4182 autem
3359 4128 3670 4187 historiam
3703 4151 3875 4191 suam

2213 4229 2401 4283 usque
2460 4213 2533 4267 ad
2591 4212 2977 4268 Ptolemaum
3034 4216 3376 4288 Evergetem
3448 4224 3505 4274 et
3558 4221 3876 4280 Berenices

2214 4301 2461 4367 obitum,
2496 4307 2554 4355 et
2590 4301 2664 4356 ad
2713 4307 2967 4356 mortem
3001 4320 3188 4374 usque
3235 4305 3562 4378 Cleonymi,
3595 4310 3872 4368 Laceda-

2213 4391 2417 4458 monii,
2481 4391 2573 4445 cui
2628 4391 2961 4462 Antigonus
3009 4391 3235 4447 bellum
3297 4395 3544 4451 intulit:
3577 4421 3604 4447 ‹‹
3649 4402 3764 4455 Res
3796 4404 3866 4456 ab

2217 4500 2244 4529 ι‹
2275 4479 2585 4534 Antiochio
2619 4485 2676 4532 et
2707 4482 3068 4551 Pergameno
3102 4483 3366 4539 Eumene
3395 4492 3630 4556 gestas;
3665 4490 3863 4559 Epito-

2138 4588 2184 4652 Β
2217 4589 2244 4616 ‹‹
2274 4583 2411 4620 men
2442 4567 2804 4638 mythicam;
2839 4589 2866 4616 ››
2915 4567 3043 4640 Περί
3091 4574 3192 4635 τῆς
3220 4573 3316 4622 τοῦ
3365 4572 3486 4632 Διὸς
3534 4570 3865 4650 ἐπιφενείας,

2217 4677 2245 4704 ‹‹
2280 4657 2357 4709 De
2375 4657 2744 4732 apparitione
2761 4657 2917 4711 Jovis
2942 4674 2956 4722 ;
2986 4658 3066 4712 De
3090 4658 3346 4715 inventis
3373 4680 3388 4729 ;
3416 4682 3440 4712 ι
3465 4658 3862 4736 Παρεμϐἀσεωγ

2215 4768 2242 4794 ‹‹
2277 4745 2458 4798 libros
2491 4747 2584 4799 IX.
2621 4767 2650 4795 ιο

2281 4833 2513 4894 Φυσικὸς
2545 4831 2730 4906 λόγος.
2767 4836 2907 4889 Post
2946 4835 3194 4891 moralia
3247 4838 3472 4910 (Stoici)
3503 4845 3758 4899 tractant
3796 4847 3866 4902 de

2208 4922 2385 4977 rebus
2443 4923 2835 4978 naturalibus.
2889 4956 2955 4966 —
2995 4926 3128 4980 Tria
3172 4925 3234 4980 in
3264 4927 3442 4982 rebus
3491 4934 3864 4992 naturalibus

2211 5017 2574 5082 spectantur,
2629 5012 2838 5080 forma,
2898 5015 3166 5081 materia,
3235 5020 3294 5069 et
3323 5032 3520 5085 causa,
3574 5021 3647 5075 ob
3682 5039 3862 5094 quam

525 5088 800 5165 Φρυγίλος
831 5089 980 5162 ὅρνις
1033 5093 1129 5143 τοῦ
1171 5089 1495 5161 Φιλήμονος
1548 5089 1755 5165 γένους.
1789 5095 2102 5169 Phrygilus

2226 5100 2402 5154 :‘orma
2430 5105 2520 5155 est
2578 5101 2640 5155 in
2699 5101 2966 5157 materia.
3002 5103 3168 5158 Circa
3223 5104 3350 5159 hac
3381 5088 3868 5169 versantur-me-

454 5185 544 5235 est
572 5195 793 5234 nomen
824 5180 966 5234 avis.
1024 5179 1332 5234 Philomen
1378 5186 1574 5235 autem
1606 5198 1640 5236 a
1695 5185 1938 5240 comicis
1969 5204 2100 5258 per-

455 5268 769 5338 stringitur
798 5274 863 5321 ut
892 5269 1107 5337 Phryx,
1141 5272 1200 5322 et
1224 5270 1593 5340 peregrinus,
1630 5276 1687 5325 et
1716 5273 1844 5329 Car.

527 5355 919 5425 Phrynichus,
963 5355 1493 5425 Polyphradmonis
1525 5364 1628 5412 aut
1674 5361 1880 5434 Minya
1913 5365 1971 5418 F.
2006 5372 2108 5421 aut

453 5444 774 5512 Choroclis,
807 5442 1210 5511 Atheniensis,
1261 5447 1534 5516 tragicus,
1597 5447 1928 5521 discipulus
1953 5456 2105 5510 The-

2213 5189 2377 5243 thodi
2405 5191 2706 5260 quinque:
2769 5191 3035 5261 physica,
3069 5208 3164 5246 ars
3221 5195 3599 5263 particularis
3627 5201 3688 5269 (ἡ
3730 5203 3874 5256 κατὰ

2219 5277 2380 5352 μέρος
2407 5281 2623 5352 τέχνη),
2659 5280 2988 5348 dialectica,
3024 5281 3466 5352 mathematica,
3511 5285 3702 5356 prima
3733 5291 3874 5360 phi-

2216 5369 2506 5440 losophia,
2541 5375 2651 5424 etc.

2289 5459 2508 5528 Pigres.
2543 5458 2652 5512 Car
2711 5458 3219 5524 Halicarnasseus,
3269 5458 3452 5515 frater
3507 5465 3876 5539 Artemisia,

522 5568 1751 5670 :(FLHAltj-EE‘EOEEE.EIBIPEBj-Epplendum,
1786 5595 1963 5649 quam
1995 5601 2136 5641 cum
2166 5587 2412 5642 Kustero
2443 5587 2589 5642 Justi
2619 5584 2914 5659 existimo,
2947 5587 3234 5657 quoniam
3265 5603 3401 5644 mox
3429 5589 3586 5647 infra
3622 5595 3878 5670 Josephi

451 5641 632 5701 etiam
664 5641 886 5698 diserta
914 5641 1140 5696 mentio
1170 5641 1447 5698 recurrit.
