4062 6298
293 414 453 478 ι329

1599 407 1704 468 DE
1744 404 2035 478 QUIBUS
2080 402 2386 468 SUIDAS.

3560 396 3718 467 {3'30

298 563 459 604 anno
492 545 684 602 atatis
714 544 902 602 LVIII.
932 543 1180 616 Scripsit
1211 542 1638 610 Onomasticum,
1669 538 1828 611 quod
1858 541 1950 593 est
1975 537 2034 604 Α
2063 535 2518 609 (Πολυμνήστεια)
2549 544 2792 611 propter
2811 538 3215 596 obcenitatem
3236 541 3719 613 perstringuntur

296 636 570 692 collectio
605 635 1028 690 vocabulorum
1051 632 1419 688 diversorum
1450 648 1582 701 qua
1625 630 1698 684 de
1737 628 1948 684 eadem
2057 642 2092 681 a
2117 629 2379 682 comicis.
2409 629 2573 683 Conf.
2604 630 2836 684 Kusteri
2868 635 2990 684 not.
3015 631 3279 685 8intom.
3307 631 3403 695 III,
3431 642 3560 700 pag.
3589 630 3711 684 176.

293 743 360 781 re
391 726 691 792 dicuntur,
725 747 753 774 «
797 724 964 778 libris
989 725 1043 778 X
1068 740 1080 776 :
1115 722 1554 794 Disputationes
1583 721 1695 774 sive
1725 719 1951 771 Sermo-

295 839 322 865 ‹‹
359 830 506 881 nes;
537 813 1050 877 Declamationes;
1085 810 1388 865 Commodi
1436 807 1682 864 Casaris
1713 805 1949 875 Epitha-

296 926 324 952 «
360 902 607 958 lamium
633 920 647 968 ;
677 901 1018 956 Orationem
1057 899 1132 954 ad
1167 901 1465 954 Romanos
1495 897 1780 960 habitam,
1812 892 1951 948 Ῥω-

301 1015 330 1042 ‹‹
367 991 560 1062 μαϊκὸν
595 987 802 1062 λόγον;
837 989 1310 1055 Buccinatorem,
1340 990 1451 1042 sive
1480 987 1792 1041 Certamen
1824 997 1954 1036 mu-

302 1106 329 1130 «
367 1082 555 1136 sicum
583 1097 597 1147 ;
630 1079 844 1135 Contra
866 1079 1261 1149 Sinopenses;
1297 1072 1690 1143 Πανελλήνιον,
1724 1072 1952 1128 Oratio-

305 1195 329 1220 ‹‹
349 1187 490 1225 nem
503 1169 565 1223 in
579 1173 868 1224 conventu
881 1167 1062 1222 totius
1077 1166 1313 1221 Gracia
1327 1156 1957 1235 habitam;’Apxa8mov,

305 1284 332 1310 ‹‹
368 1260 456 1315 Ad
487 1259 774 1326 Arcades,
811 1281 838 1307 ››
871 1263 931 1313 et
959 1258 1098 1312 alia.

376 1349 579 1416 Polus,
618 1348 1020 1420 Agrigentius,
1079 1351 1302 1413 orator,
1332 1345 1429 1400 vel
1460 1344 1657 1414 potius
1690 1342 1962 1410 antiquo-

306 1457 441 1494 rum
466 1438 867 1509 sophistarum
882 1453 1058 1506 unus,
1075 1435 1363 1506 Licymnii
1390 1434 1689 1505 magister.
1718 1429 1966 1500 Scripsit

307 1550 335 1579 ‹‹
370 1527 784 1598 Genealogiam
816 1527 1151 1581 Gracorum
1199 1529 1258 1579 et
1297 1523 1713 1587 Barbarorum,
1756 1519 1857 1590 qui
1889 1517 1962 1572 ad

309 1639 337 1666 ‹‹
374 1617 607 1687 Trojam
637 1615 863 1670 bellum
885 1619 1197 1687 gesserunt
1221 1636 1247 1662 »
1273 1619 1332 1667 et
1353 1629 1530 1683 quem
1562 1611 1786 1666 exitum
1811 1609 1970 1678 quis-

311 1723 427 1776 que
461 1722 665 1760 eorum
701 1704 994 1760 habuerit.
1029 1702 1278 1768 Quidam
1309 1708 1508 1756 tamen
1540 1716 1687 1770 opus
1717 1699 1826 1752 hos
1857 1699 1967 1750 Da-

312 1802 499 1849 masta
515 1795 778 1856 tribunt;
800 1817 827 1843 ς(
845 1793 1089 1848 Navium
1105 1791 1470 1863 catalogum;
1494 1791 1574 1844 De
1597 1786 1921 1842 vocabulis.
1937 1807 1964 1836 ››

2058 802 2521 880 Δημοτυνδάρεως
2557 849 2571 874 ,
2632 812 2833 861 Mouet?)
2911 807 3114 880 γοναὶ,

2061 890 2390 967 Ἀφροδίτης
2417 895 2589 968 γοναί.

2128 717 2454 787 Polyzelus,
2479 719 2761 786 comicus,
2787 719 2960 789 cujus
2979 719 3248 774 dramata
3275 723 3452 774 sunt:
3474 717 3714 791 Νίπτρα,

3179 807 3437 861 Διονύσου
3522 806 3707 880 γοναὶ,

2132 1002 2520 1074 Porphyrius,
2555 1003 2852 1074 petulanti
2884 1009 2941 1058 et
2970 1003 3263 1059 maledica
3317 1002 3520 1076 lingua
3551 1003 3716 1059 Chri-

2065 1089 2289 1145 stianos
2320 1091 2666 1161 insectatus,
2699 1093 2941 1164 proprio
2983 1093 3226 1148 nomine
3272 1092 3464 1148 dictus
3497 1098 3588 1148 est
3621 1092 3719 1164 βα-

2066 1177 2272 1248 σιλεύς,
2303 1183 2614 1250 (Malchus),
2641 1200 2707 1237 ex
2738 1184 2886 1254 Tyro
2910 1183 3226 1238 Phoenicia
3257 1182 3564 1248 oriundus,
3599 1182 3726 1254 phi-

2066 1269 2372 1341 losophus,
2407 1270 2732 1341 discipulus
2760 1271 2993 1339 Amelii,
3025 1270 3260 1326 Plotino
3289 1271 3572 1343 magistro
3603 1272 3721 1338 usi,

2067 1358 2338 1413 Jamblici
2379 1359 2680 1432 magister,
2712 1361 2856 1414 vixit
2902 1359 3208 1415 Aureliani
3242 1359 3632 1431 temporibus,
3668 1364 3727 1412 et

2069 1449 2246 1502 vitam
2269 1447 2544 1518 produxit
2561 1465 2749 1519 usque
2773 1448 2845 1503 ad
2871 1448 3302 1503 Diocletianum
3323 1447 3465 1518 imp.
3490 1447 3728 1500 Audivit

2075 1540 2133 1589 et
2161 1537 2509 1608 Longinum,
2543 1537 2834 1592 criticum.
2875 1537 3122 1607 Scripsit
3155 1537 3338 1591 libros
3381 1552 3560 1606 quam
3589 1535 3723 1606 plu-

2073 1617 2280 1682 rimos,
2315 1617 2781 1688 philosophicos,
2813 1617 3142 1671 rhetoricos
3174 1622 3232 1671 et
3259 1616 3716 1688 grammaticos:

2076 1726 2104 1754 «
2139 1705 2220 1759 De
2276 1705 2489 1760 divinis
2546 1705 2886 1761 nominibus
2936 1705 3191 1771 librum;
3251 1707 3331 1759 De
3388 1703 3722 1775 principiis,

2081 1815 2107 1843 «
2139 1793 2322 1862 duos;
2355 1794 2430 1848 de
2462 1796 2728 1862 materia,
2764 1810 2900 1862 sex;
2933 1794 3005 1849 de
3037 1795 3239 1849 anima
3269 1793 3548 1848 adversus
3580 1793 3723 1846 Boe-

389 1883 725 1954 Polyanus,
761 1881 1105 1947 Sardianus,
1141 1881 1426 1952 sophista,
1473 1879 1580 1934 sub
1613 1877 1802 1948 primo
1843 1876 1967 1930 CBB-
1997 1895 2047 1962 Β
2079 1903 2107 1931 ‹‹
2134 1883 2322 1950 thum,
2347 1883 2643 1954 quinque;
2668 1885 2748 1938 De
2771 1883 3133 1938 abstinentia
3153 1883 3226 1938 ab
3245 1882 3522 1938 animatis
3545 1881 3728 1936 libros

314 1988 471 2028 sare.
508 1972 672 2027 Cain.
710 1972 956 2042 Scripsit
987 1992 1014 2020 ‹‹
1047 1971 1356 2026 Orationes
1386 1969 1654 2023 forenses
1680 1972 1733 2020 et
1763 1980 1970 2019 causa-

330 2078 464 2116 rum
496 2061 616 2116 sive
642 2061 1112 2132 patrociniorum
1133 2059 1377 2123 formas,
1402 2058 1573 2110 Δικῶν
1599 2050 1722 2122 ἤτοι
1747 2071 1979 2126 συνηγο-

331 2153 464 2222 ριῶν
484 2148 863 2209 ὑποτυπώσεις
876 2147 1131 2202 Parthici
1146 2145 1430 2217 triumphi
1450 2144 1778 2210 librosIlI,»
1793 2140 1980 2196 etalia

398 2238 734 2310 Polyanus,
795 2237 1054 2299 Macedo,
1116 2236 1338 2290 rhetor.
1383 2233 1630 2304 Scripsit
1656 2253 1685 2282 «
1723 2233 1800 2286 De
1830 2230 1976 2285 The-

323 2327 416 2382 bis
448 2345 463 2394 ;
497 2328 856 2382 Tactitorum
885 2325 1071 2380 libros
1101 2326 1198 2391 ΙΙΙ,
1229 2347 1257 2374 ››
1290 2329 1350 2379 et
1377 2323 1514 2378 alia.

395 2417 696 2488 Polybius,
733 2416 870 2470 Luci
903 2416 987 2483 F.,
1028 2431 1095 2468 ex
1137 2412 1487 2485 Megalopoli
1538 2409 1827 2475 Arcadia,
1859 2407 1978 2461 Sci-

325 2505 523 2576 pionis
552 2504 814 2559 Africani
858 2508 1190 2574 praeceptor
1249 2507 1307 2556 et
1361 2500 1606 2556 Panatii
1641 2496 1979 2570 philosOphi

324 2593 592 2663 aqualis,
611 2600 876 2663 tempore
890 2591 1192 2646 Ptolemai
1206 2590 1528 2662 Evergetis.
1553 2589 1656 2642 Hic
1675 2588 1978 2658 copiosam

326 2681 494 2735 illam
556 2705 582 2730 «
621 2681 936 2735 Historiam
968 2682 1292 2736 Romanam
1325 2678 1494 2732 libris
1535 2679 1626 2731 XL
1661 2699 1680 2724 ιι
1719 2675 1977 2745 scripsit,

330 2788 364 2824 a
394 2771 532 2842 fuga
563 2769 900 2824 Cleomenis
964 2768 1234 2839 Spartani
1265 2766 1340 2821 ad
1395 2771 1675 2820 Perseum
1724 2763 1981 2834 Philippi

331 2862 414 2925 F.,
451 2859 836 2914 Macedonum
870 2857 1230 2930 successioni
1269 2873 1364 2912 res
1394 2872 1430 2911 a
1462 2854 1742 2910 Romanis
1788 2858 1982 2925 gestas

330 2949 538 3002 ordine
566 2947 908 3002 adnectens.
958 2945 1184 3016 Polybii
1244 2944 1561 2999 Historiam
1620 2940 1984 2998 continuavit

330 3037 704 3103 Posidonius,
736 3035 1114 3106 Olbiopolita,
1158 3035 1446 3106 sophista.
1486 3031 1692 3086 Strabo
1722 3046 1982 3100 quoque,

326 3126 730 3189 Amascensis,
761 3125 999 3196 scripsit
1057 3123 1373 3177 Historiam
1423 3121 1562 3176 inde
1593 3119 1977 3190 incipientem

326 3216 426 3270 ubi
457 3213 712 3285 Polybus
745 3211 983 3279 desinit,
1017 3212 1186 3267 libris
1219 3213 1406 3266 XLIII.

396 3305 756 3376 Polycarpus
793 3303 1037 3357 Joannis
1059 3301 1456 3374 evangelista,
1488 3298 1769 3370 theologi,
1805 3297 1976 3353 audi-

325 3401 435 3461 tor,
454 3409 760 3447 successor
778 3390 1012 3445 Buccoli
1025 3431 1036 3451 ,
1051 3391 1228 3462 primi
1245 3390 1686 3460 Smyrnaorum
1711 3385 1973 3458 episcopi

323 3482 601 3552 martyrio
634 3496 741 3551 pro
772 3480 1003 3534 Christo
1036 3484 1486 3534 consummatus
1517 3482 1609 3533 est
1644 3475 1752 3532 sub
1784 3477 1974 3530 Marco

323 3570 647 3626 Antonino.
680 3569 984 3638 Epistolam
1019 3568 1256 3638 scripsit
1287 3569 1360 3622 ad
1405 3567 1805 3636 Philippenses,
1836 3564 1976 3616 πάνυ

329 3658 642 3729 θαυμαστήν
699 3657 941 3712 omnino
991 3656 1428 3720 admirabilem,
1486 3661 1545 3710 et
1599 3655 1690 3711 Ad
1716 3668 1978 3722 magnum

329 3747 650 3817 Dionysium
679 3747 1113 3814 Arecopagitam,
1148 3750 1201 3798 ct
1235 3745 1308 3798 ad
1355 3745 1494 3798 alias
1549 3743 1839 3798 Ecclesiae.
1875 3741 1980 3795 Hic

332 3839 405 3892 ob
439 3835 724 3908 quasdam
755 3850 936 3904 super
960 3833 1056 3886 die
1089 3833 1387 3887 Paschatis
1419 3832 1799 3902 quastiones,
1831 3831 1975 3901 imp.

332 3926 590 3981 Antonio
639 3924 764 3988 Pio,
825 3928 885 3977 et
939 3921 1215 3976 Ecclesia
1265 3921 1543 3976 Romana
1574 3921 1979 3991 episcopatum

330 4021 570 4085 gerente
605 4013 870 4078 Aniceto,
932 4013 1178 4065 Romam
1219 4011 1398 4077 venit,
1443 4010 1543 4064 ubi
1601 4010 1840 4077 multos,
1881 4003 1982 4079 qui

330 4104 644 4160 Marcionis
671 4108 730 4157 et
777 4100 1074 4155 Valentini
1134 4099 1418 4154 doctrina
1474 4098 1874 4166 crediderant,
1907 4097 1980 4152 ad

328 4195 509 4250 ﬁdem
567 4191 875 4248 revocavit.
930 4189 1209 4244 Marcioni
1263 4188 1494 4244 obviam
1543 4189 1696 4243 torte
1741 4188 1896 4243 facto
1924 4193 1984 4241 et

325 4283 545 4339 dicenti
574 4299 586 4337 :
625 4284 861 4350 Agnosce
889 4296 1005 4346 nos,
1039 4279 1364 4348 Polycarpe,
1424 4277 1735 4348 respondit
1768 4293 1780 4330 :
1833 4281 1982 4328 Γνω-

326 4378 460 4448 ριζω
476 4393 554 4440 σε,
586 4384 889 4444 «Agnosco
919 4375 974 4424 te
991 4368 1455 4440 primogenitum
1476 4367 1695 4423 diaboli
1720 4366 1932 4421 ﬁlium.
1951 4386 1980 4414 »

396 4465 750 4534 Polycrates,
785 4459 1187 4524 Atheniensis,
1229 4463 1429 4513 orator
1459 4457 1627 4513 valde
1665 4457 1981 4540 eloquens,

327 4554 428 4624 qui
460 4558 592 4624 post
617 4554 874 4622 Anytum
907 4553 966 4602 et
996 4548 1262 4603 Melitum
1291 4547 1594 4602 orationes
1635 4551 1844 4602 contra
1875 4546 1975 4600 So-

328 4647 552 4696 cratem
583 4639 838 4709 scripsit.

401 4729 777 4800 Polyeuctus,
809 4725 1096 4790 comicus,
1127 4724 1299 4795 cujus
1330 4724 1537 4780 drama
1565 4720 1819 4795 ἹΙνῐοχος
1850 4738 1978 4777 me-

331 4823 598 4874 moratur
645 4816 950 4870 Athenao.
995 4813 1127 4866 Fuit
1159 4817 1216 4866 et
1272 4818 1442 4867 atate
1496 4817 1698 4866 nostra
1724 4811 1839 4882 (13)
1869 4812 1983 4865 Po-

329 4909 620 4978 lyeuctus,
654 4909 764 4958 etc.
799 4903 988 4972 Supra
1018 4902 1080 4956 in
1110 4898 1390 4972 Ἡνίόχος.

403 4993 783 5066 Polygnotus,
816 4991 1029 5063 pictor,
1063 4989 1331 5057 Thasius,
1364 4988 1789 5061 AglaOphontis
1822 4988 1982 5043 ﬁlius

329 5090 389 5140 et
417 5081 964 5153 discipulus,quem
988 5078 1383 5133 Athenienses
1398 5079 1636 5133 civitate
1661 5078 1989 5161 donarunt,

324 5176 416 5230 vel
434 5172 592 5244 quod
623 5173 917 5244 porticum
943 5168 1213 5241 pacilem
1235 5169 1416 5240 gratis
1447 5169 1759 5240 pinxisset,
1795 5170 1884 5224 vel
1909 5169 1981 5223 ob

329 5265 590 5337 picturas
622 5262 684 5316 in
716 5261 1016 5315 Thesauro
1051 5264 1108 5312 et
1136 5259 1392 5313 Anaceo.

398 5349 771 5423 Polymnesti
807 5391 820 5417 ,
885 5347 1255 5418 Colophonii,
1330 5345 1657 5415 citharadi,
1720 5349 1987 5404 carmina

405 5564 516 5632 (l3)
547 5565 798 5617 ditatem
834 5554 1104 5632 ALuciani
1136 5553 1426 5632 intellige,
1461 5555 1560 5632 q_ui
1591 5555 1667 5632 in_
1684 5555 1843 5632 hunc
1874 5557 1988 5610 Po-

338 5625 639 5701 lyeuCtum
649 5674 664 5701 ,
679 5630 1026 5701 sopliistam,
1043 5625 1280 5701 scripsit
1295 5625 1467 5701 suum
1481 5627 1986 5701 Pseudologistam

338 5651 366 5689 ι’
403 5651 639 5690 eucmm
679 5651 741 5688 SO
788 5651 1986 5699 illatam,scripsitsuumrseuuuwgiswui

333 5651 410 5762 "il
452 5702 578 5780 περὶ
605 5674 702 5758 τέο
746 5651 1053 5775 Ξπφράὸος,
1086 5702 1127 5752 t.
1162 5697 1212 5754 II
1243 5697 1384 5753 edit.
1434 5697 1761 5756 Amstelod.
1794 5715 1852 5769 p.
1882 5700 1988 5756 632

2087 1993 2110 2023 α
2131 1975 2220 2026 IV.
2238 1975 2318 2027 De
2341 1989 2402 2028 se
2421 1974 2548 2044 ipso
2571 1974 3000 2044 cognoscendo,
3024 1972 3152 2044 Περὶ
3172 1974 3268 2025 τοῦ
3293 1971 3461 2045 γνῶθι
3484 1969 3730 2032 σεαυτόν,

2083 2083 2111 2112 ‹‹
2136 2061 2320 2116 libros
2341 2063 2411 2116 IV
2432 2082 2445 2128 ;
2470 2064 2550 2117 De
2568 2062 2933 2134 incorporeis
2955 2080 2968 2129 ;
2994 2063 3181 2117 Unam
3203 2078 3333 2117 esse
3379 2060 3644 2115 Platonis
3674 2063 3734 2112 et

2083 2174 2111 2201 ‹‹
2131 2151 2470 2206 Aristotelis
2489 2156 2731 2217 sectam,
2748 2152 2930 2206 libros
2954 2153 3050 2217 ;In
3064 2151 3366 2206 Julianum
3384 2149 3732 2213 Chaldeum;

2083 2261 2111 2290 α
2135 2240 2616 2310 Philosophicam
2636 2240 2969 2306 historiam,
2993 2238 3176 2294 libros
3196 2240 3268 2292 IV
3293 2258 3309 2304 ς
3331 2242 3550 2294 Contra
3569 2237 3732 2290 Chri-

2083 2349 2113 2378 α
2140 2327 2365 2383 stianos
2385 2328 2569 2382 libros
2590 2330 2718 2394 XV;
2744 2329 2823 2383 De
2848 2329 3158 2383 Homerica
3172 2325 3552 2398 philosophia
3575 2343 3589 2391 ;
3614 2324 3732 2380 Ad-

2085 2438 2110 2469 a
2135 2434 2337 2472 versus
2358 2417 2760 2484 Aristotelem,
2786 2417 2885 2488 qui
2904 2417 3165 2472 animam
3189 2414 3581 2470 entelechiam
3603 2430 3735 2468 esse

2083 2528 2112 2556 α
2146 2506 2384 2574 statuit;
2413 2501 2728 2576 Φιλολόγου
2747 2502 3023 2578 ⁸ἱστορίας,
3068 2504 3337 2559 Historiae
3359 2501 3732 2574 philologica

2085 2617 2111 2644 α
2133 2593 2316 2648 libros
2336 2611 2350 2659 ;
2368 2599 2446 2648 De
2462 2594 2922 2664 genere,specie,
2939 2593 3292 2660 differentia,
3309 2591 3546 2663 proprio
3562 2596 3618 2645 et
3633 2607 3732 2644 ac-

2085 2705 2112 2732 ‹‹
2130 2682 2480 2749 cidente;De
2507 2682 2618 2736 Nili
2637 2681 2904 2736 fontibus
2927 2681 3256 2736 secundum
3275 2679 3628 2745 Pindarum;
3654 2679 3734 2734 De

2090 2794 2111 2821 ι
2140 2771 2414 2838 utilitate,
2429 2788 2609 2841 quam
2629 2787 2796 2844 reges
2812 2787 2880 2825 ex
2897 2772 3148 2826 Homero
3164 2774 3416 2841 possunt
3431 2769 3736 2840 percipere

2091 2880 2112 2908 ι
2140 2858 2323 2914 libros
2345 2861 2390 2914 X
2413 2877 2426 2927 ;
2451 2859 2964 2915 Miscellanearum
2987 2859 3383 2930 quastionum
3406 2858 3592 2912 libros
3618 2857 3735 2924 VII,

2092 2971 2111 2996 ι
2138 2947 2205 3002 In
2226 2947 2582 3019 Thucydidis
2594 2949 2949 3003 Proamium
2974 2965 2987 3015 ;
3013 2947 3306 3002 Adversus
3329 2945 3650 3001 Aristidem
3673 2945 3741 3000 li-

2085 3057 2114 3086 ‹‹
2144 3036 2282 3092 bros
2307 3038 2432 3102 VII;
2458 3037 2522 3091 In
2550 3037 2868 3092 Minuciani
2910 3041 3100 3092 artem
3126 3058 3154 3086 »
3179 3041 3239 3091 et
3293 3036 3412 3090 alia
3454 3035 3737 3106 plurima,

2086 3126 2382 3196 praecipue
2397 3127 2816 3190 astronomica,
2832 3126 2989 3180 inter
3002 3142 3131 3197 qua
3147 3131 3204 3180 et
3221 3122 3531 3198 Εἰσαγωγήν
3553 3122 3746 3198 ἀστρο-

2091 3214 2470 3285 νομουμὲνων,
2504 3237 2531 3264 α
2558 3214 3061 3270 introductionem
3091 3215 3152 3269 in
3178 3231 3273 3269 res
3305 3214 3736 3269 astronomicas

2090 3303 2325 3358 «libros
2347 3304 2423 3357 ΙΙΙ
2450 3321 2462 3371 ;
2486 3306 2726 3373 itemque
2754 3303 2946 3359 Dubia
2970 3304 3374 3376 grammatica.
3406 3325 3434 3354 »

2158 3391 2534 3463 Posidippus,
2565 3392 3044 3458 Cassandrensis,
3077 3393 3310 3464 Cynisci
3333 3393 3416 3460 F.,
3446 3390 3730 3462 comicus,

2087 3482 2188 3552 qui
2221 3481 2392 3536 tertio
2423 3497 2579 3536 anno
2613 3486 2747 3552 post
2776 3481 3081 3536 Menandri
3113 3481 3342 3536 obitum
3371 3480 3604 3536 fabulas
3634 3481 3734 3536 do-

2087 3586 2220 3626 cere
2251 3571 2446 3641 capit.
2485 3571 2758 3626 Dramata
2787 3571 2916 3641 ejus
2947 3575 3084 3624 sunt
3112 3569 3186 3625 ad
3217 3571 3388 3624 ΧΧΧ.

2156 3659 2529 3726 Posidonius,
2589 3659 2997 3730 Apameensis,
3053 3659 3228 3731 Syrus
3287 3663 3388 3714 aut
3443 3659 3729 3727 Rhodius,

2087 3748 2479 3820 philosophus
2511 3749 2760 3817 Stoicus,
2793 3747 3141 3820 cognomine
3171 3747 3421 3812 Athleta,
3455 3747 3730 3802 Scholam

2088 3836 2295 3890 habuit
2323 3836 2536 3903 Rhodi,
2563 3836 2888 3907 discipulus
2918 3843 2976 3891 et
2996 3852 3302 3891 successor
3330 3836 3598 3892 Panatii.
3622 3837 3730 3892 Ve-

2088 3925 2179 3979 nit
2207 3927 2453 3979 Romam
2483 3924 2590 3979 sub
2622 3926 2693 3979 M.
2728 3924 3022 3979 Marcello.
3058 3925 3302 3995 Scripsit
3331 3924 3520 3979 multa

2161 4013 2535 4080 Posidonius,
2569 4012 3028 4079 Alexandrinus,
3061 4013 3452 4085 philosophus
3480 4012 3731 4081 Stoicus,

2088 4104 2335 4157 Zenobis
2366 4104 2533 4157 Citiei
2571 4103 2916 4174 discipulus.
2953 4103 3198 4174 Scripsit
3238 4106 3560 4171 Historiam,
3595 4104 3732 4159 inde

2090 4191 2494 4264 incipientem,
2519 4192 2618 4245 ubi
2642 4192 2861 4246 desinit
2881 4192 3181 4263 Polybius,
3205 4193 3384 4249 Libris
3405 4195 3520 4260 LII,
3543 4211 3734 4264 usque

2089 4281 2163 4336 ad
2196 4281 2420 4335 bellum
2451 4281 2838 4352 Cyrenaicum
2869 4286 2928 4334 et
2957 4282 3361 4338 Ptolemaum.
3396 4287 3537 4338 Item
3573 4304 3597 4335 α
3631 4283 3732 4337 De-

2092 4392 2118 4425 ci
2153 4372 2539 4428 clamationes
2567 4373 2892 4427 rhetoricas
2919 4389 2931 4439 ;
2960 4372 3022 4426 In
3066 4374 3522 4428 Demosthenem
3569 4390 3732 4446 argu-

2091 4483 2120 4512 «
2148 4468 2369 4517 menta.
2403 4481 2428 4511 ν
2462 4461 2572 4516 Sed
2605 4461 2731 4515 hac
2770 4466 2931 4533 puto,
2967 4463 3162 4533 potius
3220 4479 3350 4518 esse
3407 4463 3733 4532 Posidonii,

2089 4549 2485 4622 OlbiOpolita,
2519 4549 2818 4621 sophista.

2003 4619 2049 4684 Ῑ)
2160 4619 2530 4705 Posidonius,
2565 4619 2942 4710 Clbiopolita,
2976 4639 3240 4711 sophista
3294 4645 3354 4696 et
3391 4639 3730 4695 historicus.

2090 4731 2336 4801 Scripsit
2358 4753 2384 4781 «
2410 4731 2490 4785 De
2523 4731 2755 4785 Oceana
2781 4734 2840 4785 et
2865 4729 3065 4797 rebus,
3093 4746 3222 4802 qua
3252 4730 3315 4784 in
3347 4747 3414 4785 eo
3445 4735 3620 4798 sunt;
3653 4731 3734 4785 De

2098 4842 2117 4867 ι
2148 4819 2408 4891 regione,
2433 4836 2564 4890 qua
2581 4819 2791 4890 Tyrica
2819 4824 3090 4885 vocatur;
3116 4819 3335 4874 Atticas
3362 4819 3638 4874 historias
3659 4818 3734 4873 Ii-

2091 4930 2120 4958 ‹‹
2153 4907 2275 4962 bris
2298 4910 2403 4974 IV;
2431 4908 2642 4979 Libyco
2674 4907 2844 4963 libris
2873 4906 2966 4973 IX,
2992 4928 3021 4957 »
3053 4912 3112 4962 et
3138 4907 3255 4962 alia
3275 4907 3568 4978 quadam.

2163 4997 2540 5060 Posidonius,
2573 4997 2672 5067 qui
2704 4996 2940 5067 scripsit
2976 4994 3257 5067 Παλμικὸν
3291 4993 3558 5068 οἰώνισμα
3604 4997 3732 5069 (Su-

2092 5103 2218 5158 pra,
2250 5087 2311 5140 in
2339 5085 2749 5158 Οἷωνιστικήν.)

2163 5177 2522 5240 Postumius,
2555 5179 2876 5244 Romanus,
2900 5175 3098 5247 Capua
3113 5175 3422 5244 oriundus,
3447 5177 3617 5233 initio
3641 5195 3738 5234 au-

2091 5265 2349 5333 rifaber,
2406 5264 2619 5320 deinde
2676 5269 2812 5336 post
2871 5264 3238 5319 tricesimum
3269 5266 3459 5321 atatis
3517 5284 3740 5322 annum

2094 5355 2354 5411 Athenas
2381 5355 2699 5426 profectus,
2729 5356 3065 5410 Gracorum
3121 5355 3337 5410 litteris
3387 5357 3652 5412 eruditus
3684 5363 3743 5412 et

2097 5576 2185 5685 ᾔει.
2217 5559 2386 5617 FABR.
2420 5559 2634 5616 Confer
2670 5575 2849 5632 supra
2900 5557 2975 5614 ad
3003 5576 3127 5616 voc.
3173 5561 3484 5618 Heniochus
3513 5564 3735 5618 notata.

2147 5647 2270 5685 ARL.

2147 5647 2270 5686 ΑΒΕ.
