4062 6298
402 362 560 426 1331
1708 351 1962 416 INDEX
2005 352 2097 414 80'

2218 351 2513 416 ’TORUM
3669 348 3870 409 1332

409 493 614 551 multis
644 491 1286 563 praaclarisinstructus
1307 489 1571 544 scientiis
1603 488 1673 542 ad
1708 503 1897 541 seram
1920 490 2060 540 asta-
2085 489 2135 552 Α
2171 485 2494 556 habuitque
2536 484 2893 556 discipulum
2957 488 3015 538 et
3064 499 3470 539 successorem
3526 485 3868 538 Marinum

410 589 531 637 tem
589 581 747 634 vixit.
783 581 884 633 Hic
917 596 976 632 se
1019 582 1252 649 poterat
1283 593 1568 646 usurpare
1608 575 1754 630 illud
1780 574 2058 628 Heracliti
2167 575 2637 644 Neapolitanum.
2670 574 2918 644 Scripsit
2947 573 3242 643 permulta
3298 573 3730 644 philosophica
3791 580 3864 627 et

409 669 590 742 (apud
621 668 940 732 lulianum,
972 672 1117 720 orat.
1143 669 1194 730 6,
1231 681 1357 736 pag.
1399 666 1516 734 185)
1545 681 1556 716 :
1583 661 1847 734 Ἐμαυτὸν
1875 660 2055 731 ἐδιζη-

2218 664 2547 717 'ammatica
2567 681 2578 718 :
2595 686 2621 711 α
2647 662 3152 717 Commentarium
3176 663 3236 715 in
3256 667 3440 716 totum
3464 663 3855 726 Homerum,

412 759 614 828 σάμην,
649 758 732 810 Me
799 758 976 824 ipsum
1033 752 1282 823 quasi-vi.
1348 752 1614 806 Diversas
1655 769 1688 805 a
1721 752 2057 817 Posthumio,
2168 753 2226 807 ln
2262 754 2496 808 Hesiodi
2530 770 2710 824 opera
2741 759 2799 806 et
2828 753 2991 817 dies;
3027 753 3104 806 De
3128 753 3594 806 chrestomathia
3631 752 3852 806 libros

411 845 652 902 consule
684 846 970 906 Romano,
1005 859 1151 896 novo
1185 841 1462 905 hominm,
1501 841 1602 894 sed
1635 840 1910 911 superbo,
1945 846 2055 894 etc.
2167 844 2280 908 III;
2319 841 2703 914 Περῖἀγωγῆς.
2752 843 2830 896 De
2882 840 3198 912 disciplina
3248 841 3574 910 Theurgica
3635 841 3855 894 libros

481 937 790 996 Potamon,
814 930 1274 994 Alexandrinus,
1309 930 1719 1001 philosophus,
1750 930 1888 983 vixit
1925 935 2061 984 ante
2167 933 2248 1000 lI;
2284 933 2346 986 In
2377 933 2577 1002 Remp.
2616 931 2876 985 Platonis
2903 931 3086 984 libros
3116 932 3225 996 IV;
3260 931 3325 984 In
3345 931 3560 1001 Orphei
3583 931 3856 984 theolo-

409 1027 736 1094 Augustum
762 1021 1000 1075 etillius
1033 1026 1321 1091 tempore,
1355 1021 1493 1091 Ejus
1523 1025 1613 1074 est
1643 1042 1667 1069 «
1705 1023 1768 1074 In
1801 1020 2064 1074 Platonis
2169 1022 2353 1094 giam;
2375 1018 2823 1095 Συμφωνίανείυε
2840 1020 3205 1074 Consensum
3221 1020 3854 1090 Orphei.Pythagorm

415 1113 486 1167 de
516 1128 641 1181 rep.
675 1108 1167 1164 Commentarius.
2173 1118 2231 1167 et
2247 1111 2538 1176 Platonis;
2570 1112 2635 1164 In
2654 1109 3284 1174 UraculalibrosX;De
3307 1109 3420 1162 diis
3443 1109 3802 1163 Homericis
3839 1127 3852 1171 ;

489 1203 794 1265 Potamon,
839 1199 1218 1264 Mitilenaeus,
1274 1197 1654 1252 Lesbonactis
1703 1199 1786 1263 F.,
1844 1198 2064 1264 rhetor,
2174 1204 2534 1271 Argumenta
2561 1198 2737 1253 XVIII
2753 1205 2959 1253 contra
2975 1198 3340 1252 Christianos
3359 1220 3404 1251 ››.
3435 1198 3540 1253 Hic
3563 1205 3665 1253 est
3684 1200 3846 1253 Pro-

418 1291 618 1344 Homaa
652 1287 760 1342 sub
790 1287 1022 1342 Tiberia
1082 1287 1222 1357 imp.
1282 1286 1684 1356 eloquentiam
1744 1287 2065 1358 professus.
2173 1288 2300 1344 clus
2332 1288 2454 1354 ille,
2489 1287 2588 1357 qui
2650 1287 2946 1342 secundus
2976 1303 3010 1341 a
3043 1286 3363 1358 Porphyrio
3408 1287 3721 1357 impuram
3785 1296 3850 1341 et

418 1379 608 1443 Hunc,
630 1377 691 1429 in
719 1375 971 1446 patriam
1008 1375 1328 1444 aliquando
1359 1375 1727 1443 redeuntem,
1748 1377 2071 1445 imperator

418 1466 636 1521 talibus
671 1465 881 1518 litteris
912 1464 1233 1518 instruxit:
1261 1465 1717 1532 «Potamonem,
1754 1463 2072 1518 Lesbonac-

421 1556 498 1609 tis
529 1556 612 1621 F.,
648 1555 697 1607 si
733 1553 866 1623 quis
895 1553 1117 1623 injuria
1146 1552 1382 1606 afﬁcere
1416 1570 1596 1608 ausus
1626 1553 1823 1622 fuerit,
1858 1553 2070 1617 videat,

427 1659 502 1698 an
535 1658 767 1696 mecum
791 1641 1013 1695 bellum
1035 1657 1235 1712 gerere
1268 1642 1473 1711 possit.
1507 1643 1758 1711 Scripsit,
1793 1643 1872 1696 De
1901 1643 2074 1695 Alex—

432 1732 618 1787 andro
639 1731 952 1784 Macedone
980 1748 992 1795 ;
1047 1731 1218 1784 Fines
1241 1730 1570 1785 Samiorum
1604 1748 1616 1797 ;
1678 1731 1838 1785 Bruti
1895 1747 2075 1784 enco-

2175 1378 2539 1450 petulantem
2574 1377 2838 1448 linguam
2870 1377 2930 1430 in
2988 1376 3355 1431 Christianos
3400 1377 3672 1431 strinxit.
3731 1378 3856 1430 Ad-

2176 1484 2378 1522 versus
2410 1468 2566 1521 hunc
2595 1467 2850 1519 Joannes
2884 1465 3250 1536 Philoponus
3282 1466 3540 1536 scripsit,
3578 1465 3692 1536 qui
3745 1483 3852 1519 ar-

2177 1562 2456 1629 gumenta
2469 1556 2597 1626 ejus
2612 1555 2792 1609 XVIII
2806 1553 3140 1608 admirabili
3159 1554 3507 1609 dexteritate
3523 1555 3793 1609 refutari
3809 1565 3847 1607 t.

2178 1661 2432 1715 eumque
2464 1645 2555 1698 vel
2587 1644 2648 1697 in
2678 1644 2893 1696 Grascis
2924 1642 3277 1713 disciplinis,
3309 1660 3560 1713 quarum
3614 1645 3854 1714 peritia

2180 1750 2241 1789 se
2266 1733 2550 1804 jactabat,
2579 1731 2886 1786 indoctum
2914 1736 2972 1785 et
3002 1732 3207 1802 exiguo
3232 1731 3458 1801 judicio
3507 1733 3852 1803 prmditum

437 1823 639 1885 nium;
674 1820 920 1874 C(Bsaris
951 1820 1309 1886 enconium;
1345 1824 1422 1872 De
1462 1821 1722 1891 perfecto
1755 1827 2008 1875 oratore.
2043 1839 2072 1868 υ

2223 1821 2463 1878 stendit.
2488 1821 2733 1891 Scripsit
2753 1820 2930 1874 etiam
2955 1820 3199 1874 Proclus
3219 1819 3569 1892 Μητρῳακῆν
3599 1814 3852 1882 Βίϐλτιν,

513 1913 755 1976 Potone,
788 1908 1072 1977 Platonis,
1105 1909 1462 1978 philosophi,
1498 1926 1690 1964 soror.

510 1999 802 2060 Pratinas,
838 1997 1219 2068 Pyrrhonidaa
1249 1998 1340 2051 vel
1369 1998 1632 2052 Eucomii
1676 2001 1731 2051 F.
1765 1998 2082 2064 Phliasius,

439 2093 613 2159 poeta
634 2088 911 2158 tragicus,
966 2087 1062 2156 qui
1098 2103 1232 2140 cum
1286 2087 1556 2157 Aﬁschylo
1590 2093 1647 2141 et
1677 2087 1928 2142 Chmrilo
1961 2103 2086 2141 cer-

438 2178 579 2232 tavit
611 2177 957 2247 Olympiade
991 2178 1152 2243 LXX,
1187 2183 1244 2231 et
1273 2177 1500 2247 primus
1552 2179 1779 2247 Satyros
1829 2177 2085 2248 scripsit.

435 2267 545 2320 Illo
577 2266 808 2320 tabulas
841 2265 1112 2332 docente,
1150 2266 1431 2330 tabulata,
1466 2267 1526 2319 in
1561 2267 1776 2336 quibus
1805 2271 2091 2337 spectato-

433 2372 529 2410 res
562 2354 816 2417 stabant,
875 2354 1239 2417 ceciderunt,
1301 2355 1461 2409 unde
1496 2356 1889 2409 Athenienses
1924 2356 2086 2408 thea-

437 2449 595 2498 trum
619 2448 1056 2498 exstruxerunt.
1082 2443 1330 2498 Fabulas
1346 2443 1532 2498 edidit
1546 2445 1602 2511 L,
1620 2461 1871 2514 quarum
1886 2444 2088 2498 XXXII

439 2533 730 2603 satyricze.
764 2532 956 2586 Semel
989 2531 1146 2586 vicit.

513 2615 793 2690 ΙΙρὲσϐεις.
857 2621 1225 2691 Philosophi,
1296 2623 1396 2692 qui
1451 2640 1584 2678 cum
1646 2622 1979 2677 Areobindo
2031 2622 2092 2675 in

445 2710 707 2765 Persiam
741 2711 972 2764 iverunt
1023 2711 1218 2782 legati,
1254 2711 1493 2766 "fuerunt
1561 2712 1695 2766 isti:
1755 2711 2096 2768 Damascius

448 2799 646 2869 Syrus,
677 2798 1015 2869 Simplicius
1045 2799 1214 2865 Cilix,
1248 2800 1512 2854 Eulalius
1547 2801 1828 2872 (Agathiae
1862 2801 2095 2855 codices

449 2889 757 2960 Eulamius)
816 2889 1029 2960 Phryx,
1082 2890 1420 2945 Priscianus
1479 2891 1691 2961 Lydus,
1743 2892 2010 2946 Hermias
2041 2895 2100 2944 et

450 2977 757 3049 Diogenes,
808 2979 1134 3048 thnices,
1187 2979 1446 3034 Isidorus
1504 2981 1756 3034 Gazaeus.
1792 2981 1856 3033 Hi
1890 2996 2099 3034 omnes

451 3064 694 3120 domum
708 3066 1277 3126 redierunt.barbari
1295 3068 1694 3137 hospitalitate
1706 3068 2097 3138 valerejussa.

449 3153 562 3208 Sed
593 3155 653 3208 in
686 3171 827 3224 pace
860 3157 1258 3209 Romanorum
1294 3174 1428 3210 cum
1459 3159 1676 3222 Persis,
1710 3162 1947 3211 cautum
1981 3162 2091 3222 est,

448 3248 513 3296 ut
531 3243 668 3295 viris
701 3243 819 3296 illis
851 3259 1057 3296 secure
1077 3244 1267 3298 vivere
1288 3245 1514 3309 liceret,
1551 3262 1659 3300 nec
1676 3251 1882 3299 contra
1910 3245 2093 3299 animi

450 3331 806 3384 sententiam
839 3331 910 3384 ab
942 3332 1096 3386 avita
1127 3333 1227 3401 (De
1258 3332 1412 3402 diis),
1445 3333 1723 3404 opinione
1755 3340 1911 3390 esset
1934 3350 2096 3388 rece-

449 3418 730 3474 dendum.

522 3507 780 3574 Priscus,
815 3507 1074 3573 Panites,
1125 3509 1408 3579 sophista,
1441 3511 1750 3566 Theodosii
1782 3513 1915 3567 Jun.
1949 3515 2100 3565 tem-

449 3596 692 3668 poribus
725 3596 962 3666 scripsit
985 3618 1008 3647 α
1043 3597 1360 3653 Historiam
1390 3600 1765 3669 Byzantinam
1797 3605 1856 3654 et
1885 3601 1964 3654 De
1995 3602 2099 3653 At-

455 3685 560 3739 tila
592 3685 774 3739 libros
808 3687 966 3751 VIII;
1009 3688 1140 3740 item
1169 3687 1641 3743 Declamationes
1692 3689 2017 3744 rhetoricas
2046 3692 2103 3742 et

457 3775 769 3846 Epistolas.

530 3864 910 3928 Proaeresius,
933 3864 1227 3919 Pancratii
1250 3866 1334 3928 F.,
1351 3883 1420 3920 ex
1434 3870 1697 3922 Cmsarea
1717 3866 2101 3939 Cappadocia:

458 3953 740 4024 sophista,
767 3954 864 4023 qui
900 3953 1226 4008 Antiochiae
1250 3955 1564 4024 Ulpianum
1590 3955 1829 4010 audivit.
1856 3956 2103 4010 Athenis

456 4041 657 4095 docuit
688 4041 864 4111 paulo
897 4047 1032 4095 ante
1084 4042 1414 4109 Libanium,
1446 4045 1722 4099 maximis
1754 4061 1788 4098 a
1816 4045 2102 4099 Constan-

454 4130 577 4183 tino
601 4129 926 4184 honoribus
958 4135 1221 4184 ornatus.
1249 4131 1493 4201 Scripsit
1523 4133 1953 4188 Declamationes
1981 4135 2104 4188 rhe-

455 4221 674 4272 toricas.
716 4217 868 4269 Vixit
898 4223 956 4270 et
1000 4217 1107 4271 sub
1165 4219 1398 4272 Iuliano
1455 4219 1680 4274 Libanii
1714 4223 2102 4292 temporibus,

455 4313 514 4360 et
540 4306 829 4372 Julianus,
863 4311 926 4358 ut
965 4307 1286 4361 Promresio
1319 4323 1469 4379 azgre
1513 4309 1752 4376 faceret,
1794 4310 2104 4366 Libanium

454 4396 838 4449 vehementer
866 4393 1065 4448 coluit.
1117 4395 1344 4466 (Supra,
1379 4396 1438 4450 in
1481 4397 1786 4470 Labanio.)

531 4478 902 4556 Προκὲφαλος.
941 4483 1127 4553 Supra
1159 4485 1219 4537 in
1252 4485 1535 4541 Philocle.

2191 1913 2415 1967 Librum
2449 1912 2514 1966 de
2533 1917 2710 1965 matre
2739 1910 2980 1977 deorum,
3017 1925 3192 1978 quem
3225 1909 3272 1964 si
3333 1911 3463 1980 quis
3512 1911 3575 1964 in
3625 1928 3861 1964 manus

2193 2006 2407 2068 sumat,
2437 2016 2506 2054 ex
2537 2016 2605 2054 eo
2637 1998 2930 2068 intelliget
2959 1997 3377 2068 philosophum
3405 1996 3502 2050 οὐκ
3533 1997 3668 2050 ἄνευ
3706 1999 3861 2058 Θεὲας

2191 2087 2540 2154 κατακωήῆς.
2573 2103 2684 2141 non
2715 2088 2915 2156 absque
2945 2087 3133 2140 divino
3172 2089 3377 2156 afﬂatu
3418 2105 3673 2142 omnem
3732 2089 3861 2143 deae

2193 2180 2356 2234 illius
2389 2177 2746 2244 theologiam
2778 2175 2838 2228 in
2871 2175 3064 2230 lucem
3097 2177 3478 2246 protraxisse,
3512 2177 3599 2231 ita
3628 2185 3705 2232 ut
3755 2195 3861 2232 au-

2194 2286 2289 2324 res
2321 2285 2438 2322 non
2469 2266 2726 2337 amplius
2758 2265 3072 2320 turbentur
3122 2265 3685 2333 lamentationibus,
3724 2285 3857 2338 quae

2194 2359 2278 2429 (in
2312 2358 2493 2412 sacris
2524 2355 2667 2424 illis)
2698 2353 3043 2409 audiuntur.
3073 2417 3078 2424 α

2266 2445 2530 2512 Proclus,
2563 2445 2940 2515 imperatoris
2959 2444 3170 2498 Justini
3196 2450 3476 2514 quaestor,
3502 2446 3596 2500 vir
3617 2446 3854 2518 justus,

2198 2537 2299 2609 qui.
2332 2535 2558 2590 nullam
2590 2534 2780 2606 legem
2813 2533 3067 2605 scripsit,
3104 2539 3216 2589 etc.

2271 2623 2591 2694 Procopius
2649 2622 2920 2686 illustris,
2974 2623 3375 2690 Caesariensis,
3464 2624 3858 2690 Palazstinus,

2201 2714 2402 2767 rhetor
2428 2719 2487 2766 et
2539 2711 2823 2781 sophista.
2885 2710 3130 2782 Scripsit
3186 2713 3489 2766 Historiam
3551 2717 3862 2768 Romanam

2205 2801 2324 2856 sive
2345 2799 2634 2854 Bellisarii
2659 2799 2817 2853 bella
2840 2803 2897 2852 et
2917 2815 3012 2852 res
3033 2801 3228 2854 Romae
3249 2807 3308 2854 et
3326 2801 3387 2854 in
3413 2801 3615 2856 Africa
3637 2812 3859 2874 gestas.

2207 2891 2359 2944 Vixit
2389 2895 2655 2958 tempore
2703 2887 3018 2942 Iustiniani
3075 2889 3214 2958 imp.
3273 2888 3504 2960 fuitque
3561 2891 3864 2945 Bellisarii

2205 2979 2472 3033 notarius
2493 2983 2548 3031 et
2561 2976 3185 3047 comes,omnibusque
3201 2977 3374 3032 bellis
3387 2985 3444 3032 et
3457 2979 3639 3034 rebus
3652 2982 3858 3052 gestis,

2207 3085 2242 3122 a
2272 3085 2333 3121 se
2365 3066 2696 3136 descriptis,
2731 3065 2855 3135 ipse
2887 3064 3174 3120 interfuit.
3212 3067 3456 3138 Scripsit
3485 3073 3545 3122 et
3574 3069 3768 3123 alium
3795 3070 3860 3123 li-

2210 3157 2403 3219 brum,
2429 3155 2528 3225 qui
2549 3153 2846 3225 prioribus
2869 3153 3106 3209 additus
3130 3161 3218 3210 est
3243 3173 3455 3222 nonus,
3487 3162 3545 3210 et
3575 3159 3866 3212 Anecdota

2215 3243 2580 3310 inscribitur,
2614 3243 2931 3297 continens
2974 3244 3436 3314 vituperationes
3491 3251 3550 3299 et
3602 3248 3864 3300 comicas

2209 3332 2633 3386 insectationes
2654 3331 2970 3385 Iustiniani
2993 3332 3134 3403 imp.
3161 3339 3218 3387 et
3238 3334 3863 3407 Theodoraa,conjugis

2210 3423 2362 3494 ejus,
2397 3421 2659 3492 itemque
2691 3421 2980 3476 Bellisarii
3015 3428 3072 3476 et
3101 3423 3298 3477 uxoris
3331 3425 3480 3494 ejus.

2283 3509 2622 3580 ProcOpius.
2658 3511 2723 3562 In
2758 3510 2976 3580 templo
3010 3511 3195 3565 sancti
3230 3513 3528 3582 martyris,
3560 3514 3860 3583 Procopii,

2211 3601 2273 3654 in
2300 3598 2580 3663 Chelone,
2611 3603 2803 3651 statua
2833 3598 3144 3669 cujusdam
3168 3601 3426 3654 eunuchi
3451 3601 3775 3672 positaest,
3801 3603 3859 3654 in

2213 3689 2382 3759 cujus
2413 3693 2649 3758 pectore
2681 3687 3034 3757 inscriptum
3069 3694 3229 3743 erat:
3263 3711 3291 3738 ‹‹
3326 3690 3606 3760 Quisquis
3639 3690 3754 3744 hoc
3786 3690 3868 3744 si-

2213 3794 2395 3849 gnum
2429 3776 2556 3830 loco
2584 3775 2853 3839 moverit,
2887 3775 3099 3846 laqueo
3131 3783 3353 3848 pereat,
3389 3784 3498 3832 ctc.

2287 3865 2570 3920 Prodicus
2602 3865 2792 3929 Ceius,
2826 3881 2895 3918 ex
2952 3866 3149 3920 insulo
3209 3868 3321 3921 Ceo
3374 3873 3432 3923 et
3480 3867 3626 3922 urbe
3676 3869 3863 3923 lulide

2215 3954 2524 4019 oriundus,
2561 3953 2948 4024 philosophus
2979 3954 3261 4026 physicus
3285 3957 3643 4027 etSOphista,
3665 3973 3860 4026 arqua-

2215 4045 2290 4098 lis
2349 4043 2665 4098 Democriti
2715 4042 3033 4108 Abderitae,
3094 4051 3153 4098 et
3203 4047 3482 4118 Georgiaa,
3530 4045 3858 4116 discipulus

2215 4135 2568 4204 Protagorae,
2603 4131 2919 4187 Abderitas.
2955 4133 3202 4187 Athenis
3235 4134 3447 4189 hausta
3479 4135 3676 4190 cicuta
3701 4151 3854 4188 mor-

2216 4227 2352 4276 tuus
2385 4227 2474 4275 est
2497 4220 2656 4274 velut
2686 4221 2784 4290 qui
2812 4221 3060 4292 juvenes
3092 4229 3517 4294 corrumperet.

2289 4308 2597 4382 Πρόληψις,
2627 4310 2961 4380 anticipatio
2994 4312 3222 4367 scilicet
3273 4318 3582 4384 antecepta
3626 4314 3856 4382 alicujus

2217 4401 2299 4453 rei
2328 4401 2590 4468 cognitio.
2634 4398 2996 4469 Chrysippus
3053 4400 3416 4456 naturalium
3465 4402 3852 4471 quastionum

2218 4491 2370 4548 libro
2398 4492 2519 4556 XII,
2552 4490 2667 4544 tria
2697 4489 2841 4543 dicit
2869 4506 2998 4545 esse
3031 4492 3291 4559 criteria,
3339 4509 3601 4557 sensum,
3654 4492 3853 4563 cogni-

535 4573 798 4640 Proclus,
858 4572 1122 4626 Mallotes
1154 4617 1169 4642 ,
1229 4574 1399 4640 Cilix,
1445 4575 1832 4647 philosophus
1881 4578 2108 4632 Stoicus
2138 4576 2185 4638 D
2218 4581 2436 4636 tionem
2463 4585 2520 4633 et
2547 4578 3056 4648 anticipationem.
3089 4582 3377 4652 Epicurus
3397 4599 3533 4637 vero
3559 4581 3854 4652 prolepsin

465 4663 709 4733 Scripsit
733 4682 755 4713 α
789 4663 1292 4718 Commentarium
1317 4664 1377 4718 in
1399 4665 1674 4737 Diogenis
1705 4660 2106 4737 sophismata;

464 4759 516 4806 et
547 4753 832 4807 Adversus
864 4752 1204 4822 Epicurum.

535 4843 778 4897 Proclus
809 4841 979 4911 alter,
1013 4841 1296 4909 Mallotes,
1322 4843 1712 4914 philosophus
1735 4849 1792 4898 et
1812 4845 1937 4916 ipse
1960 4845 2109 4900 Stoi-

465 4949 589 4988 CUS.

532 5022 800 5089 Proclus,
839 5021 1205 5086 Proculeius,
1264 5021 1636 5080 Themisonis
1696 5027 1780 5090 F.,
1815 5024 2113 5080 Laodiceae

464 5109 644 5180 Syria)
677 5109 952 5164 sacerdos
985 5110 1103 5163 sive
1136 5110 1550 5182 hierophanta,
1595 5114 1842 5186 Scripsit
1863 5137 1890 5163 ‹‹
1925 5115 2112 5168 Theo-

466 5197 680 5268 logiam
710 5215 723 5262 ;
757 5199 822 5250 In
857 5197 1140 5252 Pandorm
1192 5199 1500 5266 Fabulam,
1533 5221 1665 5273 qua)
1703 5209 1789 5258 est
1821 5203 1978 5274 apud
2011 5204 2116 5256 He-

459 5309 486 5336 «
522 5284 756 5340 siodum
790 5303 804 5351 ;
846 5287 912 5338 In
941 5286 1282 5341 Nicomachi
1333 5290 1613 5363 Isagogen
1643 5292 2053 5359 arithmetica),
2086 5313 2115 5342 ››

468 5380 526 5430 et
551 5374 670 5429 alia
699 5375 974 5444 quaedam
1003 5379 1352 5443 geometrica.

545 5464 788 5518 Proclus
847 5463 1075 5532 Lycius,
1136 5462 1461 5535 dissipulus
1521 5468 1750 5539 Syriani
1800 5475 1859 5524 et
1887 5469 2123 5525 auditor

479 5554 777 5609 Plutarchi
809 5551 1167 5623 philosophi,
1188 5554 1437 5610 Nestorii
1461 5558 1544 5624 F.,
1573 5557 1911 5614 Platonicus
1934 5559 2124 5630 philo-

481 5646 724 5717 sophus,
756 5643 857 5714 qui
883 5640 1310 5713 philosophica;
1342 5646 1559 5701 scholae
1594 5648 1836 5702 Athenis
1865 5649 2122 5719 praefuit,

2218 4671 2302 4725 ait
2331 4685 2461 4724 esse
2491 4667 2839 4722 memoriam
2873 4669 3023 4740 ejus,
3043 4669 3201 4740 quod
3224 4671 3622 4726 exstrinsecus
3646 4670 3856 4740 smpius

2219 4759 2514 4830 apparuit,
2546 4763 2658 4820 etc,

2292 4848 2679 4903 Prometheus
2702 4845 2976 4917 judicum
3009 4847 3386 4903 Judaicorum
3418 4854 3686 4919 tempore
3708 4846 3855 4918 apud

2223 4941 2454 4995 Graecos
2477 4936 2729 4992 celebris
2749 4935 2879 5001 fuit,
2904 4936 3006 5005 qui
3030 4938 3256 5007 primus
3279 4939 3505 4994 invenit
3522 4937 3854 5009 grammati-

2224 5045 2354 5084 cam
2377 5032 2436 5082 et
2466 5024 3092 5096 philosophiam.ldem
3109 5026 3384 5082 homines
3397 5027 3639 5082 ﬁnxisse
3654 5025 3861 5079 dicitur

2226 5117 2382 5189 quod
2417 5115 2594 5170 rudes
2623 5113 2975 5184 sapientiam
2997 5114 3218 5172 docuit.
3243 5117 3405 5171 Tunc
3435 5115 3635 5170 ﬂoruit
3659 5114 3860 5182 etEpi-

2227 5207 2515 5270 metheus,
2551 5203 2651 5274 qui
2682 5202 2970 5257 musicam
2996 5202 3258 5272 invenit;
3286 5210 3344 5258 et
3364 5205 3549 5273 Atlas,
3580 5204 3677 5273 qui
3709 5201 3858 5272 quod

2227 5296 2642 5351 Asironomiam
2672 5292 3182 5362 interpretaretur,
3245 5293 3459 5349 ccelum
3509 5297 3734 5365 gestare
3776 5296 3859 5343 est

2231 5385 2441 5439 dictus.
2464 5384 2643 5435 Porro
2672 5386 2880 5451 Argus,
2901 5380 3002 5450 qui
3027 5381 3102 5434 ob
3124 5383 3342 5437 artium
3366 5387 3659 5454 repertam
3677 5378 3863 5433 scien-

2233 5475 2378 5530 tiam
2406 5470 2627 5526 multos
2658 5468 2863 5523 oculos
2894 5468 3113 5524 habere
3146 5471 3496 5544 ﬁngebatur.
3520 5472 3678 5524 Tunc
3699 5468 3867 5522 etiam

2232 5565 2345 5619 fuit
2373 5560 2596 5632 Sibylla
2615 5557 2895 5624 Fatidica,
2913 5564 3198 5630 regnante
3230 5562 3384 5632 apud
3407 5558 3701 5633 Egyptios
3719 5556 3864 5611 Pha-

2237 5667 2438 5718 raone,
2471 5649 2567 5705 cui
2589 5662 2918 5720 cognomen
2950 5648 3233 5722 Taracho,
3268 5655 3326 5706 et
3352 5648 3600 5705 Athenis
3619 5650 3864 5718 Cecrops
