4062 6298
274 372 300 429 1
315 370 432 431 333

1583 373 1687 433 DE
1727 369 2016 443 QUIBUS
2059 375 2368 448 SUIDAS.

3535 389 3690 447 {334

278 502 379 573 qui
411 498 608 578 διφυής
642 501 762 558 sive
795 501 1042 571 biformis
1062 502 1255 558 dictus
1287 508 1377 560 est
1405 505 1479 560 ob
1510 507 1774 577 corporis
1800 522 1929 561 ma-

2112 519 2489 594 Protogenes.
2521 523 2812 578 Xanthius
2843 539 2913 578 ex
2945 522 3135 592 Lycia,
3158 519 3411 592 pictoria
3440 523 3565 574 arte
3597 537 3694 575 ce-

274 590 670 662 gnitudinem,
698 591 787 646 vel
809 592 968 663 quod
1004 609 1073 646 ex
1091 595 1332 664 Egypto
1359 595 1650 650 oriundus
1666 596 1933 650 venisset

277 679 338 733 in
361 680 666 747 Grmciam,
692 680 781 734 vel
805 680 965 751 quod
991 687 1199 736 contra
1223 684 1626 753 promiscuum
1649 685 1927 738 concubi-

279 775 402 823 tum
436 770 626 841 legem
661 770 894 824 tulisset
941 770 1014 824 de
1061 771 1409 842 virginibus,
1458 773 1562 826 uni
1595 772 1716 826 viro
1749 773 1930 827 collo-

279 860 503 916 candis.
537 861 658 915 Hoc
689 861 942 931 Cecrops
989 860 1146 930 fecit,
1183 863 1284 932 qui
1335 862 1406 918 ab
1432 863 1716 936 Egyptiis
1747 879 1932 936 genus

280 949 526 1018 ducens,
559 967 678 1006 non
708 951 1008 1023 ignoraret
1037 951 1196 1022 leges
1219 969 1366 1022 quas
1397 953 1715 1019 Vulcanus,
1744 954 1935 1025 regio-

282 1041 377 1094 nis
408 1041 570 1096 illius
599 1058 723 1110 rex,
748 1041 979 1097 tulerat.
1013 1043 1142 1114 Ipse
1174 1043 1421 1098 Athenis
1450 1045 1720 1114 regnavit
1745 1060 1934 1099 annos

283 1130 732 1202 quinquaginta.

351 1218 704 1282 Pronomus,
737 1217 979 1287 tibicen,
1003 1219 1174 1291 cujus
1205 1218 1497 1291 prolixam
1528 1219 1772 1275 barbam
1799 1236 1937 1292 per-

283 1306 583 1378 stringunt
611 1308 844 1363 comici.

353 1393 685 1470 Προφητεία,
718 1396 835 1451 alia
863 1397 1169 1468 spiritalis,
1198 1397 1315 1452 alia
1345 1397 1674 1454 diabolica:
1707 1414 1847 1454 nam
1879 1402 1938 1453 et

283 1483 700 1554 praedictiones
732 1485 1104 1541 diabolorum
1128 1487 1455 1558 prophetia
1486 1488 1796 1555 dicuntur;
1820 1487 1938 1542 alia

284 1573 596 1641 naturalis,
627 1574 717 1628 vel
745 1575 1086 1642 artiﬁciosa,
1104 1593 1235 1646 quas
1267 1577 1424 1630 inter
1450 1577 1557 1631 has
1589 1583 1679 1631 est
1700 1577 1933 1643 media;

284 1662 402 1716 alia
431 1662 688 1733 denique
718 1665 1052 1722 communis
1081 1671 1139 1719 et
1181 1666 1506 1736 popularis.
1540 1669 1622 1720 Ac
1653 1666 1936 1738 spiritalis

287 1751 529 1820 quidem
561 1754 856 1823 praacipue
908 1761 996 1808 est
1039 1759 1378 1809 sanctorum
1407 1771 1420 1808 :
1455 1757 1554 1809 Dei
1587 1761 1784 1810 autem
1815 1755 1938 1809 dis-

285 1841 634 1910 pensatione
665 1843 983 1913 participes
1015 1844 1144 1913 ejus
1183 1861 1420 1915 quoque
1467 1845 1766 1898 interdum
1799 1849 1937 1898 sunt

285 1930 397 1991 illi,
430 1931 531 2000 qui
567 1931 716 1986 tales
745 1949 865 1986 non
897 1938 1053 2001 sunt,
1081 1939 1147 1987 ut
1175 1935 1423 2006 Pharao,
1452 1935 1688 1989 Balaam
1721 1939 1780 1989 et
1807 1933 1934 1988 Cai-

284 2019 455 2090 phas.
490 2020 790 2074 Diabolica
820 2020 892 2075 ad
919 2021 1076 2076 solos
1109 2021 1479 2077 diabolorum
1509 2023 1768 2078 cultores
1803 2039 1938 2093 per-

283 2109 452 2162 tinet.
487 2109 628 2180 Ejus
653 2111 888 2181 generis
919 2116 1076 2181 sunt,
1101 2112 1200 2182 qui
1233 2129 1303 2167 ex
1329 2112 1700 2184 inspectione
1730 2112 1937 2167 farinaa

284 2201 343 2251 et
372 2197 577 2252 hordei
608 2198 894 2264 divinant,
961 2206 1019 2254 et
1074 2199 1302 2272 Pythia,
1337 2217 1407 2255 ex
1435 2217 1656 2271 quercu
1700 2200 1940 2256 oracula

281 2290 549 2356 captans,
597 2292 654 2341 et
698 2288 1022 2355 Dodontea,
1075 2289 1426 2357 sacriﬁcula,
1463 2295 1521 2344 et
1551 2291 1854 2360 aruspices
1886 2293 1944 2343 et
2015 2312 2022 2325 -

283 2375 688 2431 observatores
704 2377 1007 2448 signorum
1023 2379 1594 2434 etsternutationum
1609 2379 1939 2434 etominum

285 2468 345 2517 et
388 2464 709 2518 fulminum
759 2471 817 2520 et
865 2466 1125 2521 murium
1175 2471 1234 2521 et
1290 2467 1680 2522 mustelarum
1712 2473 1770 2522 et
1799 2467 1944 2538 ligni

285 2552 631 2621 crepitantis
654 2559 712 2608 et
739 2554 989 2608 tinnitus
1011 2555 1244 2608 aurium
1264 2561 1323 2609 et
1341 2556 1797 2626 palpitationum
1820 2572 1944 2610 cor-

288 2639 446 2710 poris
478 2645 536 2694 et
565 2642 876 2696 nominum
903 2660 918 2708 ;
953 2645 1234 2713 itemque,
1269 2644 1369 2713 qui
1402 2644 1645 2699 umbras
1677 2650 1942 2698 mortuo-

286 2745 418 2782 rum
449 2734 715 2795 evocant,
748 2735 806 2784 et
854 2747 923 2785 ex
973 2732 1170 2799 astris,
1215 2733 1387 2802 aquis
1419 2739 1476 2787 et
1505 2733 1640 2787 aliis
1688 2733 1940 2787 inﬁnitis

285 2817 484 2871 futura
514 2817 865 2888 praedicunt.
895 2821 1036 2874 Nam
1061 2819 1342 2875 divinatio
1367 2837 1437 2875 ex
1461 2822 1684 2876 somnis
1706 2827 1765 2876 et
1784 2821 1941 2892 apud

285 2923 396 2960 nos
422 2905 667 2976 quidem
700 2908 760 2962 in
791 2925 905 2962 usu
943 2913 1052 2976 est,
1087 2909 1191 2964 sed
1240 2925 1347 2980 per
1376 2910 1641 2965 afﬂatum
1675 2910 1940 2964 divinum

285 2995 371 3047 ﬁt.
406 2994 694 3050 Divinatio
748 2996 1038 3051 naturalis
1070 3003 1160 3051 est
1198 2999 1550 3053 animalium
1605 3000 1936 3054 brutorum.

285 3084 643 3139 Hirundines
677 3086 837 3140 enim
860 3092 917 3140 et
943 3103 1118 3159 grues
1149 3094 1206 3142 et
1233 3088 1497 3143 formicas
1522 3090 1938 3146 imminentem

286 3178 699 3244 tempestatem
723 3176 1130 3245 praesentiunt,
1155 3177 1417 3248 itemque
1439 3179 1636 3232 echini
1667 3185 1725 3233 et
1749 3180 1938 3250 alcyo-

2040 604 2243 676 lebris,
2277 611 2376 681 qui
2411 613 2722 678 Bacchum,
2770 611 3025 664 Διόνυσον
3071 609 3424 682 (Leopardus,
3455 609 3604 674 XVI,
3634 611 3686 675 2,

2041 698 2367 754 emendatt.
2393 717 2461 754 ex
2479 701 2777 756 Plutarchi
2796 700 3256 770 Demetrio,pag.
3273 697 3400 760 898,
3419 697 3560 768 legit
3577 695 3686 766 (15)

2041 783 2326 858 Ἰάλόσον,)
2356 790 2544 844 Rhodi
2576 791 2784 861 pinxit,
2817 807 2966 860 opus
3010 785 3496 859 incomparabile,
3529 785 3688 856 quod

2040 877 2369 935 admiratus
2392 886 2481 935 est
2502 882 2852 947 Demetrius,
2874 881 3391 946 Poliorcetes,cum
3418 876 3688 933 Rhodum

2041 982 2148 1037 per
2193 968 2502 1024 biennium
2552 969 2871 1034 obsideret,
2923 968 3196 1024 adductis
3241 967 3405 1022 mille
3435 965 3691 1037 amplius

2043 1056 2293 1111 navibus
2327 1063 2384 1111 et
2413 1057 2548 1128 plus
2574 1074 2752 1129 quam
2801 1060 2998 1124 55,000
3029 1062 3414 1111 armatorum.
3452 1054 3698 1124 Scripsit

2043 1145 2400 1215 Protogenes
2436 1168 2455 1192 ε
2492 1146 2573 1198 De
2603 1149 2728 1200 arte
2758 1144 3008 1215 pictoria
3031 1149 3089 1198 et
3118 1143 3322 1215 ﬁguris
3354 1141 3540 1196 libros
3567 1142 3635 1194 II.
3667 1162 3694 1188 ››

2111 1232 2490 1298 Ptolemaeus,
2544 1234 2876 1304 Cytherius,
2934 1238 3112 1304 poeta
3168 1233 3391 1304 epicus.
3453 1229 3701 1300 Scripsit

2049 1343 2070 1370 ι
2107 1321 2187 1375 De
2217 1321 2620 1392 psalavantha,
2659 1345 2687 1371 ››
2714 1338 2893 1393 quam
2931 1321 3177 1376 herbam
3221 1335 3350 1376 esse
3378 1319 3522 1374 dicit
3549 1317 3702 1373 mira

2042 1410 2096 1464 vi
2127 1411 2456 1482 prmditam.

2115 1517 2392 1573 Claudius
2416 1517 3254 1581 Ptolemmus,Alexandrinus,
3280 1513 3692 1587 philosophus,

2045 1612 2310 1679 tempore
2340 1609 2516 1664 Marci
2539 1609 2682 1680 imp.
2709 1609 2958 1679 Scripsit
2980 1631 3001 1656 ι
3030 1612 3149 1661 tres
3170 1606 3354 1660 libros
3384 1604 3692 1659 mechani-

2045 1717 2074 1744 ‹‹
2099 1713 2236 1763 cos;
2273 1698 2350 1751 De
2379 1704 2510 1752 ortu
2543 1702 2601 1751 et
2631 1695 3164 1767 signiﬁcationibus
3196 1693 3504 1749 stellarum
3535 1693 3694 1745 iner-

2046 1806 2074 1834 ‹‹
2103 1787 2396 1853 rantium;
2431 1787 2960 1858 Planisphcerium;
2996 1787 3294 1840 Canonem
3320 1781 3694 1853 expeditum;

1969 1871 2017 1935 Β
2051 1896 2076 1921 α
2098 1875 2367 1946 Magnum
2388 1893 2535 1946 opus
2552 1891 2585 1930 a
2601 1875 2992 1929 tronomicum
3008 1895 3035 1923 »
3050 1873 3168 1927 sive
3183 1873 3466 1941 Syntamit,
3481 1874 3539 1923 et
3559 1867 3696 1923 alia.

2118 1963 2472 2018 Ptolemaeus
2517 1962 2860 2030 Pindarion,
2907 1960 3319 2026 Alexandrius,
3357 1956 3700 2030 grammati-

2047 2053 2466 2121 cus,0roandri
2519 2054 2604 2119 F.,
2662 2051 2993 2123 discipulus
3057 2049 3402 2105 Aristarchi.
3457 2046 3705 2116 Scripsit

2051 2160 2080 2190 α
2093 2141 2540 2196 Homericorum
2555 2135 3240 2212 exemplorum,‘rno8ery
3249 2136 3429 2208 μάτων
3449 2138 3612 2191 libros
3625 2136 3704 2189 111

2051 2252 2080 2280 «
2105 2231 2184 2284 De
2207 2231 2515 2284 Homerico
2549 2231 2922 2296 charactere;
2963 2228 3256 2283 Adversus
3293 2223 3704 2281 Neothalidem

2054 2339 2082 2369 «
2107 2318 2178 2372 de
2199 2318 2499 2384 dictione;
2537 2320 2617 2372 De
2668 2317 2836 2373 Utide
2883 2317 3232 2384 Homerico;
3266 2317 3346 2370 De
3377 2319 3704 2383 asteropaao

2054 2429 2082 2458 «
2114 2408 2270 2478 apud
2302 2408 2644 2473 Homerum,
2679 2430 2700 2456 ι
2733 2412 2793 2461 et
2820 2407 2956 2463 alia.

2123 2514 2497 2583 Ptolemaeus,
2530 2515 2969 2586 grammaticus,
3002 2508 3288 2578 Ἐπιθὲτης
3319 2506 3700 2578 dictus,quod

2052 2603 2458 2658 Aristarchum
2515 2610 2882 2674 sequeretur.
2931 2601 3179 2656 Auditor
3223 2600 3339 2655 fuit
3386 2597 3699 2663 Hellanici,

2050 2694 2439 2763 grammatici,
2474 2693 2575 2762 qui
2605 2691 2912 2746 audiverat
2940 2690 3307 2762 Agatoclem,
3339 2688 3702 2758 discipulum

2050 2780 2328 2834 Zenodoti
2379 2779 2636 2851 Ephesii.
2680 2778 2925 2850 Scripsit
2981 2775 3110 2850 Περὶ
3158 2779 3266 2830 τῶν
3316 2795 3425 2850 παρ
3473 2774 3704 2846 Ὁμήρῳ

2049 2866 2309 2941 πληγῶν,
2353 2891 2380 2918 ‹‹
2406 2870 2485 2923 De
2515 2868 2703 2940 plagis
2733 2867 2888 2943 apud
2922 2868 3242 2921 Homerum
3268 2882 3282 2932 ;
3334 2866 3709 2919 Commenta-

2050 2976 2082 3009 «
2114 2959 2269 3013 rium
2294 2959 2354 3013 in
2385 2959 2728 3029 Odysseam.
2757 2979 2785 3007 »

2125 3065 2476 3132 Polemaaus,
2509 3064 2825 3120 Aristonici
2873 3062 3242 3136 grammatici
3273 3065 3460 3132 pater,
3494 3064 3552 3114 et
3583 3059 3708 3130 ipse

2049 3155 2491 3224 grammaticus,
2507 3154 2608 3224 qui
2629 3153 2804 3208 ambo
2829 3155 3028 3208 Romae
3051 3158 3239 3207 artem
3260 3149 3708 3223 grammaticam

409 3227 427 3244 ι
462 3227 505 3228 ”
526 3227 699 3230 ""“"
724 3227 747 3245 Γ
768 3227 775 3228 '
798 3227 1130 3244 """”"“'1
1156 3227 1414 3248 "‘_1“'
1444 3227 1636 3232 """"
1672 3227 1724 3233 "
1750 3227 1866 3250 “’"J
1887 3227 1910 3233 '

285 3278 412 3328 nes,
443 3269 669 3318 natura)
691 3280 962 3320 munere.
988 3265 1278 3320 Divinatio
1301 3283 1459 3332 vero,
1484 3285 1614 3337 quas
1645 3275 1768 3323 arte
1799 3285 1938 3322 con-

2060 3242 2305 3312 professi
2337 3247 2493 3298 sunt.
2547 3242 2794 3314 Scripsit
2838 3239 3077 3312 Ὁμοίως
3126 3238 3390 3326 εῗρῃμὲνα
3416 3241 3708 3337 τοῖςΤρξι-

285 3353 1406 3420 stat,estmedicorum,consiliariorum
1420 3361 1479 3410 et
1489 3356 1942 3425 gubernatorum

280 3443 472 3494 etc.At
499 3457 649 3495 veras
679 3443 1004 3512 prophetiae
1035 3445 1344 3515 proprium
1369 3450 1476 3510 est,
1499 3445 1763 3518 linguam
1797 3463 1944 3517 prai-

282 3529 422 3584 bere
451 3530 790 3586 ministram
823 3533 1025 3603 gratias
1056 3534 1330 3604 Spiritus.

357 3623 706 3690 Protagoras
730 3619 1062 3688 Abderites,
1089 3623 1428 3677 Artemonis
1452 3623 1544 3677 vel
1577 3624 1854 3679 Maeandri
1877 3625 1936 3680 F.

289 3707 540 3772 Quidam
562 3709 765 3762 Teium
786 3709 968 3763 fuisse
995 3711 1378 3781 scripserunt.
1403 3713 1670 3767 Primum
1698 3713 1812 3768 fuit
1839 3714 1940 3769 ba-

284 3796 492 3866 julus;
542 3796 644 3850 sed
698 3798 1098 3852 Democritum
1157 3815 1292 3853 cum
1341 3800 1624 3867 audisset,
1657 3802 1940 3857 doctrina:

293 3890 499 3955 captus
543 3901 766 3952 amore,
812 3885 1207 3956 philosophiae
1251 3905 1490 3958 operam
1539 3890 1703 3944 dedit
1730 3896 1788 3945 et
1817 3891 1943 3946 elo-

294 3973 574 4041 quentiae,
625 3973 972 4043 primusque
1015 3976 1466 4046 cognominatus
1516 3984 1603 4032 est
1654 3979 1936 4049 sophista.

287 4060 451 4114 Idem
483 4062 921 4117 contentiosum
954 4063 1189 4117 dicendi
1219 4080 1405 4135 genus
1436 4067 1661 4136 primus
1694 4067 1938 4132 invenit,

290 4155 348 4202 et
369 4154 606 4204 centum
635 4151 933 4205 minarum
957 4152 1292 4207 mercedem
1324 4153 1697 4225 a'discipulis
1729 4158 1936 4228 exegit.

289 4236 459 4310 Λόγος
489 4234 779 4308 ἔμμισθος,
827 4241 1013 4295 Sermo
1067 4244 1434 4297 mercenarius
1475 4242 1607 4297 ideo
1639 4246 1940 4312 cognomi-

286 4332 480 4382 natus.
507 4328 772 4399 Magister
797 4329 910 4382 fuit
931 4331 1207 4384 Isocratis
1231 4332 1502 4386 oratoris.
1526 4332 1688 4386 Idem
1713 4335 1939 4404 primus

287 4417 616 4471 orationem
640 4417 838 4471 divisit
862 4418 924 4472 in
946 4424 1144 4488 partes
1165 4425 1438 4488 quatuor,
1462 4417 1745 4492 εὐχωλὴν,
1769 4421 1937 4495 ἐρώτ-

285 4523 432 4571 ησιν,
463 4503 766 4574 ἀπόκρισιν,
801 4503 1046 4572 ἐντολὴν.
1097 4507 1212 4560 ΑΙῘὶ
1258 4513 1392 4578 post
1422 4525 1559 4564 eum
1590 4510 1653 4563 in
1687 4517 1934 4580 septem,

2045 3334 2224 3402 γικοῖς
2249 3352 2278 3380 ‹‹
2299 3330 2380 3384 De
2401 3330 2474 3384 iis
2495 3346 2627 3400 quae
2651 3329 2928 3384 similiter
2949 3329 3106 3384 dicta
3126 3324 3266 3382 sunt
3286 3344 3320 3382 a
3341 3325 3579 3398 tragicis
3600 3342 3614 3390 ;
3638 3325 3705 3379 In

2051 3440 2080 3470 «
2105 3421 2427 3474 Homerum
2445 3419 2626 3473 libros
2644 3418 3108 3489 quinquaginta;
3132 3416 3214 3472 Τὰ
3233 3414 3381 3488 παρὰ
3397 3417 3476 3484 τῷ
3495 3415 3701 3485 ποιητῇ

2052 3530 2080 3558 ‹‹
2112 3509 2275 3576 ξένως
2304 3502 2659 3579 ἱστορημένα.
2711 3508 2792 3561 De
2833 3507 2905 3561 iis
2948 3523 3079 3577 quaa
3111 3507 3430 3560 Homerum
3461 3503 3614 3558 mira
3643 3506 3700 3556 et

2049 3620 2078 3647 ‹‹
2110 3598 2423 3669 peregrina
2453 3595 2806 3662 traduntur;
2867 3597 2946 3650 De
2973 3595 3152 3650 Musis
3185 3599 3243 3648 et
3272 3592 3638 3648 Nereidibus.
3664 3611 3694 3641 »

2118 3687 2494 3754 Ptolemaeus,
2519 3686 2950 3757 Hephaestionis
2978 3686 3061 3750 F.,
3081 3683 3430 3756 cognomine
3459 3679 3691 3744 Χὲννος,

2047 3775 2505 3837 Alexandrinus,
2537 3773 2957 3846 grammaticus
2987 3773 3183 3828 clarus
3215 3772 3322 3826 sub
3355 3770 3604 3841 Trajano
3638 3773 3697 3822 et

2045 3865 2327 3930 Adriano,
2379 3864 2520 3934 imp.
2574 3863 2819 3932 Scripsit
2863 3864 2938 3916 De
2980 3862 3209 3916 historia
3252 3859 3548 3930 paradoxa
3577 3857 3696 3912 sive

2047 3952 2340 4017 mirabili;
2373 3951 2692 4021 Sphingem,
2730 3951 2936 4005 drama
2956 3949 3342 4014 historicum;
3375 3945 3698 4017 Ανθὸμηρον

2049 4042 2166 4096 sive
2181 4043 2431 4095 «Poema
2444 4041 2680 4094 Homeri
2694 4038 3448 4110 zemulumRbapsodiarum
3463 4036 3697 4091 XXIV.»

2048 4137 2107 4185 et
2135 4130 2252 4185 alia
2282 4130 2578 4199 quasdam.

2118 4237 2494 4302 Ptolemaeus,
2527 4235 2954 4302 Ascalaonites,
2987 4234 3428 4306 grammaticus,
3453 4232 3554 4304 qui
3586 4234 3699 4286 Ho-

2047 4343 2159 4382 maa
2178 4326 2397 4380 docuit.
2419 4325 2664 4395 Scripsit
2681 4347 2705 4373 α
2727 4324 3096 4378 Homericam
3112 4323 3458 4378 Prosodiam
3477 4323 3556 4376 De
3572 4320 3700 4374 Hel-

2051 4437 2077 4466 α
2101 4416 2376 4481 lenismo,
2399 4417 2508 4468 sive
2535 4414 2614 4468 De
2635 4418 2796 4468 recta
2815 4413 3097 4484 loquendi
3122 4413 3352 4467 ratione
3369 4412 3553 4465 libros
3579 4411 3695 4478 XV;

2055 4528 2074 4553 ι
2101 4507 2179 4560 De
2202 4505 2407 4558 metris
2433 4521 2446 4570 ;
2481 4505 2560 4558 De
2591 4503 2971 4558 Aristarchea
2990 4502 3265 4574 Odyssean
3289 4499 3653 4556 correctione
3681 4516 3694 4564 ;

288 4589 566 4666 διήγησιν,
618 4592 905 4663 ἐρώτησιν,
953 4594 1265 4669 ἀπόκρισιν,
1307 4594 1558 4666 ἐντολὴν,
1607 4578 1938 4675 εἰσαήελὶαν

2060 4618 2080 4644 ιι
2098 4595 2176 4648 De
2189 4591 3119 4656 differentiavocabulorum;item
3131 4591 3245 4645 alia
3255 4588 3693 4662 grammatica.-

287 4682 418 4752 (14),
453 4679 734 4753 εὐχωλὴν,
781 4681 1001 4750 κλῆσιν.
1052 4683 1388 4740 Alcidamas
1437 4693 1692 4757 quatuor
1719 4689 1940 4745 formas

288 4770 576 4825 orationis
618 4771 809 4842 ponit,
860 4772 1038 4846 φάσιν,
1087 4770 1375 4848 ἀπόφασιν,
1427 4772 1716 4846 ἐρώτήσιν,
1763 4794 1939 4852 προσ-

287 4857 589 4931 αγόρευσιν.
641 4861 973 4931 Protagorae
1024 4860 1158 4914 libri
1207 4861 1279 4916 ab
1323 4864 1782 4922 Atheniensibus
1815 4884 1938 4922 cre-

291 4949 433 5003 mati
464 4954 622 5013 sunt,
657 4947 816 5018 quod
846 4948 1167 5018 aliquando
1198 4951 1282 5005 sic
1309 4968 1551 5008 exorsus
1582 4961 1769 5009 esset:
1809 4955 1940 5030 Περὶ

291 5040 438 5089 Θεῶν
469 5034 568 5089 οὐκ
626 5032 742 5109 ἔχω
804 5033 1022 5104 εἰδέναι,
1079 5033 1202 5091 οὔτε
1257 5038 1330 5100 ὥς
1391 5039 1546 5109 εἰσιν,
1583 5039 1706 5096 οὕτε
1736 5039 1811 5104 ὥς
1845 5043 1944 5098 οὐκ

291 5123 415 5196 εἰσί,
449 5128 524 5180 De
563 5125 666 5181 diis
713 5129 850 5182 scire
905 5143 1016 5181 non
1066 5144 1284 5196 possum
1339 5137 1523 5186 utrum
1559 5136 1688 5200 sint,
1721 5151 1792 5188 an
1815 5152 1942 5190 vero

289 5231 399 5268 non
428 5218 560 5270 sint.
585 5215 849 5282 Platone,
877 5216 1255 5288 philosopho,
1281 5226 1339 5273 et
1358 5221 1680 5291 antiquior,
1713 5223 1943 5294 fuitque

289 5305 571 5377 magister
596 5305 844 5376 pradici,
877 5306 1018 5374 Ceii,
1052 5313 1110 5361 et
1140 5308 1463 5364 multorum
1493 5311 1769 5370 aliorum.

392 5531 476 5600 14)
508 5529 668 5608 Suid.
703 5529 858 5608 infra.
898 5530 962 5586 in
1008 5531 1254 5603 πυθμὴν,
1302 5529 1646 5608 ἐπαγγελίαν.
1682 5537 1946 5596 Laertius

298 5600 478 5656 habet
505 5600 835 5674 ἀπαγγελίαν
846 5644 858 5657 .
1000 5673 1006 5674 7
1122 5600 1131 5603 ’
1420 5600 1430 5608 ’
1456 5600 1468 5608 ’
1800 5621 1818 5634 ⁶

370 5675 479 5748 (15)
539 5673 752 5731 Confer
802 5673 1184 5730 Franciscum
1239 5677 1501 5748 Iunium,
1544 5680 1606 5735 in
1649 5683 1945 5738 artiﬁcum

2121 4680 2454 4746 Pulcheria,
2487 4679 2721 4733 Arcadii
2752 4678 2896 4742 ﬁlia,
2923 4677 3188 4732 nondum
3220 4693 3408 4732 annos
3430 4676 3526 4730 XV
3556 4679 3699 4728 nata

2049 4769 2365 4840 imperium
2396 4767 2617 4839 Optime
2650 4766 3105 4834 administravit,
3129 4768 3490 4836 Iratremque
3517 4764 3700 4819 Theo-

2049 4857 2282 4912 dosium
2317 4857 2557 4922 erudiit,
2581 4863 2639 4910 et
2666 4857 2884 4928 pietate
2916 4872 3052 4928 erga
3084 4857 3268 4909 Deum
3297 4859 3569 4908 accurate
3601 4853 3698 4906 in-

2051 4947 2243 5000 stituit
2264 4946 2600 5016 multasque
2621 4945 2903 5000 instruxit
2919 4943 3220 4999 ecclesias.
3243 4942 3544 4997 Nestorius
3565 4941 3698 4995 Pul-

2051 5035 2265 5091 cheriaa
2297 5035 2521 5088 invisus
2542 5039 2686 5103 erat,
2711 5033 3137 5089 criminabatur
3186 5031 3346 5087 enim
3378 5048 3508 5087 eam
3539 5030 3699 5102 apud

2052 5125 2367 5180 Paulinum
2400 5125 2761 5195 Magistrum.
2791 5124 3031 5178 Sorores
3063 5122 3193 5193 ejus
3225 5122 3466 5176 Arcadia
3496 5127 3554 5176 et
3581 5123 3697 5174 Ma-

2051 5215 2200 5268 rina.
2237 5213 2600 5268 Theodosius
2644 5229 2819 5283 saepe,
2861 5212 3081 5266 libellis
3127 5228 3247 5265 non
3280 5211 3449 5266 lectis
3479 5227 3701 5272 nomen

2055 5318 2229 5357 suum
2262 5301 2690 5357 subscribebat.
2719 5304 2924 5372 Itaque
2953 5300 3266 5358 Pulcheria
3296 5301 3408 5372 ipsi
3452 5300 3706 5372 subjecit

2604 5541 2708 5594 184
2748 5556 2896 5609 seq.;
2958 5543 3016 5593 et
3071 5539 3284 5594 Kuster
3329 5537 3404 5594 ad
3460 5536 3700 5592 Suidam

2055 5539 2352 5613 Catalogo,
2412 5559 2542 5669 pag.
2604 5541 2708 5594 184
2748 5556 2896 5609 seq.;
2958 5543 3016 5593 et
3071 5539 3129 5593 Κι

2056 5629 2261 5668 socnm
2291 5619 2434 5670 tom.
2471 5616 2490 5669 l
2523 5618 2566 5681 1,
2601 5629 2732 5684 pag.
2759 5611 2884 5678 218,
2917 5615 3040 5666 not.
3075 5613 3129 5664 2-

2056 5629 2261 5668 socnm
2291 5619 2434 5670 tom.
