4062 6298
412 369 568 429 1335

1721 357 1962 434 lNDEX
2011 353 2516 427 SGRlPﬂ‘QRUM

3663 353 3832 413 4336

415 502 710 568 libellum,
756 517 872 571 quo
925 499 1260 570 conjugem,
1317 495 1663 559 Eudoxiam,
1715 492 1925 550 donari
1958 491 2069 546 sibi
2097 490 2147 557 Α
2182 505 2302 544 men
2359 490 2637 559 Pythium.
2697 491 2844 546 Hinc
2897 486 3202 558 πυθαύλης,
3267 487 3564 560 quomodo
3623 503 3834 558 paeana

413 593 673 665 petebat,
710 597 774 646 ut
808 608 877 646 ea
909 590 1126 646 ancilla
1155 593 1441 654 uteretur,
1478 593 1588 641 etc.

486 682 758 754 Pylades,
789 681 956 747 Cilix,
1005 697 1074 734 ex
1124 679 1339 749 oppido
1371 676 1686 732 Mistarnis.
1723 674 1968 744 Scripsit
2001 673 2068 726 De

415 773 708 827 saltatione
737 771 955 836 Italica,
984 768 1154 838 cujus
1187 769 1311 838 ipse
1345 768 1616 821 inventor
1645 765 1756 819 fuit
1786 789 1798 826 ς
1834 765 1902 816 De
1953 760 2068 816 sai-

418 864 626 916 tatione
679 863 906 922 comica,
959 875 1090 928 quae
1151 851 1362 926 Κόρδαξ
1415 856 1768 918 vocabatur;
1825 853 1965 906 item
1999 851 2070 903 De

414 952 708 1004 saltatione
740 949 972 1016 tragica,
1008 964 1138 1017 qua;
1172 942 1391 1004 σίκιννις
1437 951 1496 1000 et
1542 947 1618 998 De
1645 943 1904 1011 satyrica,
1937 955 2067 1010 qua)

414 1035 722 1107 Ἐμμέλεια
753 1035 1076 1090 dicebatur.
1131 1033 1266 1103 (Sed
1313 1032 1442 1087 vide
1485 1033 1686 1087 Athen.
1720 1033 1764 1099 l,
1798 1045 1928 1100 pag.
1961 1030 2066 1092 20;

412 1132 472 1180 et
501 1125 734 1182 Kusteri
765 1130 888 1178 not.
923 1125 956 1177 4
988 1128 1046 1177 et
1075 1125 1124 1190 5,
1163 1129 1302 1178 tom.
1337 1123 1432 1188 III,
1465 1137 1600 1192 pag.
1634 1119 1786 1189 239.)

481 1229 1091 1303 Pyrrhon,Plistarchi
1113 1230 1170 1283 F.
1189 1228 1783 1298 Eleus,philosophus
1806 1230 2070 1296 tempore

409 1319 666 1391 Philippi
717 1318 1074 1383 Macedonis,
1123 1317 1468 1388 Olympiade
1503 1317 1568 1371 Cl
1611 1321 1669 1370 et
1715 1315 1890 1370 ultra.
1953 1313 2074 1368 Pri-

407 1426 570 1464 mum
603 1407 845 1479 quidem
878 1408 1069 1479 pictor
1092 1407 1224 1472 fuit,
1248 1411 1454 1477 postea
1476 1405 1739 1459 animum
1772 1403 1844 1458 ad
1877 1403 2070 1474 philo-

409 1499 683 1570 sophiam
714 1498 1023 1568 applicans
1055 1496 1278 1551 audivit
1320 1497 1665 1565 Brysonem,
1701 1489 2070 1548 Clinomachi

409 1587 791 1658 discipulum,
823 1586 1038 1640 deinde
1083 1586 1513 1652 Anaxarchum,
1549 1584 1909 1654 discipulum
1955 1585 2072 1635 Me-

411 1675 658 1743 trodori,
717 1676 868 1742 Chii,
927 1676 1099 1746 cujus
1157 1674 1437 1744 magister
1504 1673 1617 1728 fuit
1679 1672 2068 1732 Democritus,

411 1765 712 1820 Abderita.
748 1765 980 1830 Statuit,
1032 1763 1182 1818 nihil
1233 1780 1362 1818 esse
1427 1769 1646 1818 natura
1676 1762 1991 1816 honestum
2021 1768 2080 1817 et

408 1859 600 1926 turpe,
635 1854 738 1909 sed
770 1855 970 1908 omnia
1003 1853 1266 1908 moribus
1296 1857 1355 1907 et
1378 1852 1526 1923 lege.

480 1943 770 2014 Pyrrhon,
804 1943 1120 2010 Phliasius,
1147 1941 1441 1997 Timarcbi
1497 1943 1582 2008 F.,
1609 1939 1936 2011 discipulus
1966 1938 2063 1992 Ti-

407 2031 625 2099 monis,
657 2031 1020 2102 philosophi.

478 2137 792 2208 Pyrrhonii
825 2135 1192 2208 philosophi,
1217 2136 1319 2206 qui
1341 2135 1664 2207 Pyrrhonis
1695 2139 1916 2189 sectam
1939 2148 2066 2187 am-

403 2226 838 2298 plectebantur,
874 2226 1015 2281 dicti
1051 2227 1229 2280 etiam
1274 2225 1578 2296 aporetici,
1614 2223 1841 2294 septici,
1875 2223 2064 2293 ephe-

405 2314 562 2379 ctici,
585 2315 834 2382 zetetici,
865 2320 976 2369 etc.
1008 2316 1304 2384 Sceptices
1328 2313 1554 2383 primus
1575 2318 1779 2367 auctor
1807 2311 1918 2366 fuit
1950 2311 2065 2364 Ho-

405 2418 626 2470 merus,
655 2403 752 2472 qui
785 2403 937 2456 nihil
961 2403 1105 2456 certi
1136 2402 1205 2456 de
1234 2401 1410 2455 rebus
1432 2401 1794 2472 pronuntiat.
1830 2399 2066 2470 Septem

408 2494 587 2549 etiam
614 2492 916 2563 sapientes
943 2492 1110 2546 fuere
1133 2490 1405 2562 Sceptici,
1426 2507 1676 2561 quorum
1697 2495 1785 2544 est
1804 2489 2022 2544 dictum
2052 2503 2064 2540 :

407 2585 482 2640 Ne
538 2584 677 2654 quid
735 2584 938 2645 nimis;
996 2581 1384 2638 Archilochus
1439 2596 1698 2650 quoque,
1749 2595 1884 2633 cum
1943 2579 2067 2632 ait:

406 2673 574 2733 Τοῖος
625 2669 934 2743 ἀνθρώποις
986 2666 1112 2730 νοῦς
1169 2667 1374 2743 γίνεται
1436 2669 1676 2736 θνητοῖς,
1710 2667 1900 2735 ὁκοίην
1935 2664 2065 2727 Ζεὺς

405 2761 619 2834 ἡμέρην
675 2757 808 2835 ἄγει.
865 2762 934 2814 Et
984 2758 1296 2830 Euripides
1349 2758 1781 2829 (Supplicibus):
1833 2756 1894 2810 Τί
1928 2752 2068 2823 δῆτα

401 2851 526 2912 τοὺς
555 2849 939 2924 ταλαιπώρους
995 2847 1226 2923 βροτοὺς
1279 2852 1492 2924 φρονεῖν
1529 2846 1790 2920 λέγουσις
1839 2849 1934 2900 σοῦ
1963 2846 2064 2921 γὰρ

402 2939 763 3014 ἐξηρτήμθω
801 2935 1024 3014 Δρῶμὲν
1056 2957 1114 2992 τε
1137 2938 1366 3003 τοιαῦθ’,
1400 2936 1690 3011 τυγχάνεις
1723 2933 1918 2991 Θέλων.

473 3049 858 3120 Pythagoras,
891 3047 1142 3115 Samius,
1177 3061 1381 3102 revera
1411 3046 1772 3118 Tyrrhenus,
1805 3045 2065 3098 Mnesar-

399 3137 514 3206 chi,
551 3136 870 3208 sculptoris
922 3135 1305 3200 annulorum,
1357 3135 1536 3200 ﬁlius,
1579 3133 1678 3203 qui
1731 3149 1864 3187 cum
1897 3137 2062 3202 patre

399 3226 639 3280 Samum
697 3224 1044 3279 adolescens
1101 3239 1170 3277 ex
1224 3222 1548 3293 Tyrrhenia
1607 3221 1896 3292 migravit,
1953 3219 2052 3297 ubi
2085 3220 2128 3289 Ο

403 3312 799 3384 Pherecydem
822 3309 1297 3382 Syrium,deinde
1322 3309 1877 3372 Hermodamantem
1903 3307 2066 3362 audi-

401 3403 502 3468 vit,
535 3399 845 3471 CreOphyli
878 3405 1178 3469 nepotem,
1213 3398 1350 3454 hinc
1384 3397 1722 3465 Abaridem,
1758 3395 2061 3467 Hyperbo-

407 3507 576 3546 reum
605 3495 662 3545 et
701 3491 988 3555 Zaretem,
1040 3489 1288 3559 Magum.
1342 3486 1511 3557 Apud
1558 3487 1856 3558 Egyptios
1889 3485 2065 3539 etiam

409 3587 468 3636 et
492 3579 798 3636 Chaldmos
851 3576 1183 3648 disciplinis
1235 3576 1543 3630 institutus
1592 3575 1768 3630 rediit
1797 3575 2057 3642 Samum,

406 3687 585 3742 quam
617 3685 752 3724 cum
810 3667 1135 3739 Polycratis
1201 3666 1513 3737 tyrannide
1571 3666 1756 3722 teneri
1802 3665 2064 3732 vidisset,

402 3764 720 3817 Crotonem
754 3759 812 3812 in
843 3756 1075 3812 Italiam
1133 3755 1300 3825 abiit,
1361 3760 1682 3826 apertaque
1740 3755 1818 3810 ibi
1861 3753 2065 3810 schola

405 3851 760 3922 quingentos
784 3852 842 3901 et
872 3845 1128 3917 amplius
1152 3843 1478 3915 discipulos
1501 3845 1728 3906 habuit.
1757 3845 1989 3900 Fratres
2009 3848 2062 3902 ei

405 3937 565 3994 duo:
618 3941 762 3992 natu
816 3936 1012 4006 major
1056 3937 1378 4000 Eunomus,
1429 3932 1664 4005 medius
1695 3935 2060 4004 Tyrrhenus.

404 4030 614 4083 Servus
645 4025 958 4091 Zamolxis,
992 4023 1087 4078 cui
1119 4025 1295 4090 Getm,
1328 4028 1394 4077 ut
1419 4022 1691 4091 Saturno,
1724 4023 2062 4079 immolant.

407 4118 659 4171 Uxorem
706 4113 874 4168 duxit
903 4113 1305 4176 Theanonem,
1359 4112 1647 4180 Brontini,
1689 4112 2062 4177 Crotoniatae,

410 4205 615 4270 filiam,
641 4219 711 4257 ex
737 4217 854 4272 qua
881 4201 1035 4255 ﬁlios
1062 4200 1208 4254 duos
1234 4200 1512 4271 suscepit,
1536 4199 1848 4274 Telaugem
1875 4205 1935 4255 et
1954 4202 2066 4254 Da-

410 4307 671 4358 monem,
704 4290 793 4343 vel
824 4294 888 4344 ut
918 4288 1040 4353 alii,
1088 4288 1498 4342 Mnesarchum
1525 4305 1536 4342 :
1590 4288 1773 4344 filiam
1805 4304 2062 4358 quoque,

409 4381 642 4452 Mylam,
680 4380 818 4445 sive,
853 4382 918 4455 ut
947 4377 1069 4444 alii,
1103 4376 1465 4448 Arignotem.
1503 4377 1748 4448 Scripsit
1776 4377 2063 4450 Pythago-

407 4487 504 4527 ras
538 4476 654 4524 tres
688 4472 920 4523 tantum
977 4466 1181 4534 libros,
1240 4461 1613 4534 Παιδευτιχὸν,
1658 4463 1975 4535 Πολιτικὸν,
2008 4471 2067 4520 et

410 4561 670 4624 tertium,
699 4557 798 4628 qui
820 4555 1044 4634 Lysidis
1067 4555 1368 4626 Tarentini
1393 4560 1482 4609 est
1499 4555 1712 4627 potius,
1739 4557 1868 4630 ejus
1889 4555 2064 4610 disci-

410 4650 558 4722 puli,
591 4648 690 4720 qui
722 4645 958 4710 Thebis,
985 4661 1098 4716 quo
1121 4643 1368 4715 fugerat,
1394 4644 1863 4715 Epaminondam
1895 4645 2067 4699 insti-

412 4740 542 4794 tuit.
576 4737 824 4804 Quidam
855 4751 1020 4790 aurea
1077 4733 1327 4790 carmina
1385 4751 1620 4806 quoque
1652 4734 1738 4788 illi
1777 4734 2064 4793 tribuunt.

376 4863 385 4872 -
413 4828 701 4901 (Plurima
729 4825 944 4881 deinde
977 4824 1048 4878 de
1080 4824 1410 4895 Pythagora
1432 4824 1679 4894 ejusque
1704 4828 1915 4886 morte,
1946 4822 2071 4892 phi-

416 4916 687 4988 losophia
717 4931 782 4970 ac
814 4912 1100 4984 symbolis
1140 4911 1322 4966 refert
1372 4911 1602 4980 Suidas,
1647 4911 1747 4983 qui
1779 4911 1956 4966 etiam
1986 4910 2068 4964 vi-

415 5004 646 5060 dendus
679 5005 740 5058 in
767 4999 955 5072 Ἤδη.)

486 5113 760 5182 Pytheas,
793 5109 1197 5173 Atheniensis,
1244 5115 1463 5175 orator,
1507 5109 1791 5176 milothri,
1829 5109 1948 5164 sive
1977 5108 2068 5179 pi~

415 5200 676 5258 strinarii
710 5197 890 5263 filius,
914 5198 1153 5268 scripsit
1181 5199 1474 5253 Conciones
1496 5203 1545 5252 et
1571 5199 1854 5253 Orationes
1881 5201 2072 5267 foren-

411 5306 491 5347 ses
525 5293 581 5342 et
610 5287 728 5342 alia
754 5285 1024 5356 quaedam
1052 5303 1065 5353 ;
1101 5303 1219 5341 non
1278 5287 1705 5342 adnumeratus
1756 5293 1956 5342 autem
1984 5291 2073 5342 est

414 5378 660 5451 (decem)
692 5375 1046 5440 oratoribus,
1082 5380 1146 5428 ut
1183 5375 1360 5430 homo
1414 5376 1603 5430 audax
1636 5382 1694 5430 et
1724 5377 2067 5445 dissolutus,

419 5468 520 5541 qui
549 5466 795 5521 Athenis
846 5463 919 5517 ob
973 5481 1051 5516 aes
1109 5462 1373 5518 alienum
1404 5481 1474 5519 ex
1504 5480 1741 5521 carcere
1775 5466 1982 5538 eﬂ'ugit
2010 5466 2072 5520 in

419 5555 848 5620 Macedoniam,
880 5567 947 5605 ac
977 5554 1182 5631 postea
1211 5552 1408 5607 rediit.

493 5661 695 5724 Πυθιὰς
730 5658 861 5736 βοή,
884 5673 994 5714 vox
1023 5674 1158 5714 cum
1188 5665 1365 5715 cantu
1396 5659 1556 5716 tibiae
1586 5662 1909 5736 conjuncta
1938 5665 2073 5718 Car-

2175 583 2403 633 vocant.

2247 663 2466 728 Πύθιον.
2501 668 2809 738 Templum
2832 667 3150 740 Apollinis,
3174 665 3422 722 Athenis
3452 682 3488 720 a
3518 665 3829 720 Pisistrato

2175 754 2499 824 conditum,
2533 758 2594 811 in
2654 774 2770 826 quo
2829 757 3090 828 tripodas
3147 755 3449 827 ponebant
3506 755 3605 824 qui
3638 754 3828 826 cyclio

2175 843 2354 898 choro
2387 845 2698 917 Thargelia
2727 846 3007 900 vicerant.

2247 932 2499 1002 Python,
2549 933 2922 1003 Bysantinus,
2980 939 3198 998 orator,
3251 933 3374 1004 qui,
3434 932 3495 986 in
3550 932 3828 986 exsilium

2175 1019 2404 1090 pulsus,
2465 1022 2528 1076 in
2575 1022 2978 1077 Macedoniam
3035 1021 3200 1088 abiit,
3261 1021 3462 1091 ibique
3501 1021 3724 1075 multos
3756 1021 3828 1074 ad

2177 1109 2576 1178 proditionem
2610 1111 2866 1182 impulit,
2899 1117 3007 1166 etc.
3039 1113 3102 1165 V.
3133 1110 3389 1165 Kusterii
3419 1115 3544 1164 not.
3576 1111 3824 1174 tomJll,

2177 1213 2307 1269 pag.
2337 1201 2464 1252 237.

2250 1375 2602 1443 Quadratus,
2631 1379 2955 1442 Romanus,
2995 1378 3337 1433 historicus.
3370 1378 3616 1449 Scripsit
3669 1378 3825 1432 loni-

2180 1480 2248 1518 ca
2268 1458 2531 1520 'dialecto
2555 1466 2861 1521 historiam
2886 1469 3211 1522 Romanam
3235 1467 3404 1522 libris
3428 1470 3550 1534 XV,
3574 1484 3824 1538 cumque

2180 1555 2486 1626 inscripsit
2531 1551 2906 1628 Χιλιετηρίδκ,
2965 1555 3121 1626 quod
3181 1556 3681 1627 complecteretur
3734 1573 3826 1611 res

2181 1645 2346 1700 mille
2381 1661 2668 1700 annorum
2701 1662 2734 1700 a
2765 1647 2947 1700 Roma
2994 1646 3234 1700 condita
3279 1647 3352 1701 ad
3402 1647 3547 1716 imp.
3579 1645 3825 1701 Alexan-

2181 1735 2374 1802 drum,
2408 1735 2707 1790 Mammeaa
2739 1735 2797 1789 F.

2094 1860 2142 1925 Β
2254 1823 2554 1925 Quirinus,
2588 1822 2872 1892 sophista,
2929 1823 3029 1893 qui
3082 1825 3300 1892 Lingua
3348 1825 3559 1888 aerarii,
3601 1821 3826 1876 I‘Mma-z

2172 1910 2425 1982 ταμιείου
2450 1911 2782 1981 vocabatur,
2807 1913 2977 1984 cujus
3000 1929 3143 1968 cura
3163 1912 3234 1967 ab
3267 1913 3409 1984 imp.
3435 1913 3489 1968 ei
3511 1913 3825 1968 commissa

2177 2008 2322 2057 erat.

2981 2092 3021 2146 Β

2249 2180 2642 2236 Rhadamanti
2665 2180 2960 2252 judicium
2991 2180 3062 2234 de
3094 2181 3168 2236 iis
3211 2197 3465 2252 quorum
3500 2185 3711 2235 testata
3741 2186 3823 2234 est

2168 2268 2425 2340 justitia.
2481 2270 2874 2325 Rhadamanti
2925 2269 3373 2341 jusjurandum,
3434 2286 3628 2341 supra,
3662 2274 3822 2342 χῆμι

2175 2356 2429 2428 ὀμνύναι,
2491 2365 2550 2412 et
2605 2359 2886 2430 Lampon.
2955 2358 3120 2414 Conf.
3202 2360 3434 2414 Kusteri
3491 2364 3607 2414 not.
3667 2361 3710 2414 Ι.
3765 2377 3815 2420 c.

2175 2465 2306 2520 pag.
2337 2449 2461 2502 249.

2247 2538 2550 2592 Rhamnus
2581 2537 2653 2592 de
2684 2537 3052 2610 sapientibus
3089 2537 3383 2608 clarisque
3415 2539 3553 2593 viris
3581 2539 3812 2596 dicitur.

2178 2627 2480 2682 Rhamnus
2496 2627 2654 2681 enim
2669 2632 2794 2682 erat
2806 2627 3060 2698 populus
3075 2628 3368 2696 Atticm,in
3386 2645 3502 2699 quo
3517 2629 3814 2700 Antiphon

2177 2716 2602 2779 tloruit,orator
2631 2715 2902 2783 celebris,
2927 2733 3103 2786 quem
3122 2717 3288 2772 multi
3314 2718 3510 2772 mitari
3532 2719 3814 2784 volentes,

2174 2805 2550 2877 proverbium
2581 2805 2713 2860 usui
2743 2806 2874 2860 vitm
2907 2805 3371 2876 reliquerunt,ut
3397 2807 3504 2861 viri
3537 2807 3814 2878 praeclari,

2175 2895 2524 2950 Rhanmusii
2556 2900 2922 2951 vocarentur.
2955 2896 3291 2951 Rhamnusia
3328 2899 3580 2963 Nemesis,
3614 2903 3816 2963 status,

2175 2998 2352 3051 quam
2375 2982 2515 3036 fecit
2533 2980 2772 3036 Phidias
2794 2988 2852 3035 et
2872 2982 3192 3037 Erectheus
3210 2985 3418 3038 matris
3439 3001 3559 3038 suae
3583 2987 3818 3039 nomine

2175 3085 2306 3138 quas
2338 3068 2536 3123 Nemis
2561 3069 2880 3124 vocabatur
2903 3075 2960 3123 et
2979 3069 3080 3124 illo
3105 3071 3166 3126 in
3191 3071 3318 3126 loco
3342 3078 3709 3144 regnaverat,
3733 3073 3821 3128 de-

2171 3158 2403 3213 dicavit.
2466 3157 2705 3212 Phidias
2763 3160 3125 3230 Agoracrito,
3179 3161 3374 3226 Pario,
3432 3163 3654 3217 amasio
3697 3179 3816 3230 suo,

2173 3247 2443 3318 permisit
2463 3264 2681 3301 nomen
2701 3264 2873 3302 suum
2897 3248 3252 3317 inscribere;
3276 3256 3342 3304 ut
3359 3250 3666 3323 Olympiae,
3685 3252 3820 3323 digi-

2174 3343 2230 3390 to
2260 3337 2414 3392 Jovis
2471 3336 2775 3407 inscripsit
2830 3336 3151 3410 Παντάρκης
3203 3337 3392 3400 καλός.
3449 3343 3586 3396 Erat
3625 3347 3817 3396 autem

2174 3427 2514 3493 Pantarces,
2547 3427 2814 3497 Argivus,
2848 3427 3144 3482 tormosus
3188 3427 3494 3498 ipsiusque
3539 3431 3815 3485 amasius.

2244 3512 2483 3587 Ῥοιριάς.
2519 3514 2749 3568 Rharus
2779 3515 3073 3584 Cererem,
3107 3525 3405 3572 errantem
3433 3524 3492 3573 et
3521 3521 3818 3591 Proserpi-

2173 3623 2312 3662 nam
2335 3607 2987 3678 quaarentem,hospitio
3010 3609 3372 3679 excepit,pro
3395 3627 3512 3680 quo
3533 3610 3726 3666 beneﬁ
3738 3611 3820 3665 cio

2174 3697 2348 3751 Ceres
2370 3694 2817 3766 Triptolemum,
2851 3695 3010 3751 Celei
3034 3697 3093 3765 F,
3124 3697 3306 3752 Rhari
3339 3704 3637 3769 nepotem,
3667 3700 3819 3772 agri-

2173 3785 2466 3840 culturam
2489 3783 2710 3850 docuit,
2729 3784 2900 3854 eique
2922 3801 3161 3840 currum
3182 3786 3475 3842 alatorum
3499 3787 3818 3843 draconum

2174 3872 2356 3940 dedit,
2382 3889 2496 3943 quo
2518 3878 2717 3928 vectus
2737 3878 2955 3928 terram
2973 3877 3383 3947 peragravit,et
3403 3877 3820 3950 agriculturam

2175 3961 2447 4017 homines
2469 3961 2687 4016 docuit.

2246 4050 2544 4122 Rhapsodi
2577 4049 2946 4116 dicebantur,
3003 4051 3102 4122 qui
3161 4053 3427 4109 carmina
3477 4055 3711 4110 Homeri
3765 4055 3822 4109 in

2177 4142 2421 4196 theatris
2453 4140 2801 4208 recitabant,
2826 4141 2983 4211 quod
3005 4134 3236 4214 ῥάϐδους
3266 4143 3385 4199 sive
3405 4145 3595 4216 virgas
3617 4151 3822 4200 tenen-

2177 4236 2262 4285 tes
2295 4230 2404 4285 hoc
2433 4229 2714 4284 facerent.
2763 4230 2864 4283 Est
2895 4229 3073 4284 etiam
3120 4226 3440 4304 ῥάψῳδῆσαι
3473 4234 3703 4306 nugari,
3739 4233 3820 4288 vel

2173 4319 2527 4390 simpliciter
2557 4318 2717 4388 loqui
2751 4324 2808 4372 et
2835 4319 3103 4374 recitare.

2247 4409 2543 4479 Rheginos
2567 4407 2930 4474 Xenarchus,
2957 4408 3279 4479 Sophronis
3311 4412 3705 4483 mimographi
3740 4415 3818 4476 F.,

2177 4503 2242 4553 ut
2266 4497 2506 4552 timidos
2523 4496 2584 4550 in
2607 4496 2913 4551 comoediis
2935 4497 3057 4551 suis
3079 4501 3446 4568 perstrinxit,
3467 4517 3501 4556 a
3523 4502 3817 4572 Dionysio,

2099 4591 2148 4654 ι)
2180 4593 2454 4656 tyranno,
2481 4584 2555 4639 ad
2587 4584 2699 4639 hoc
2752 4585 3049 4640 inductus.
3113 4587 3276 4642 Unde
3316 4589 3692 4659 proverbium
3730 4608 3820 4645 or-

2181 4682 2301 4731 tum
2336 4680 2426 4730 est
2453 4670 2704 4748 Ῥηγίνου
2735 4667 3063 4744 δειλὸτερος,
3099 4677 3344 4746 Rhegino
3375 4679 3728 4750 timidior,de
3757 4681 3820 4734 iis

2177 4766 2279 4836 qui
2313 4781 2492 4836 supra
2531 4763 2772 4818 modum
2803 4761 2994 4817 timidi
3026 4771 3184 4819 sunt.

2251 4855 2571 4927 Rheginus,
2603 4852 3044 4925 grammaticus,
3079 4856 3316 4926 scripsit
3342 4856 3561 4912 librum
3593 4859 3692 4929 qui
3728 4877 3820 4914 vo-

2178 4949 2345 5000 catur
2369 4944 2780 5013 Polymnemon.

2248 5031 2597 5107 Ῥηρίαρχος,
2630 5033 2731 5102 qui
2771 5032 3011 5087 oracula
3052 5033 3219 5100 dicit,
3265 5040 3332 5090 ut
3380 5041 3470 5092 est
3515 5037 3669 5109 apud
3701 5039 3822 5110 Epi-

2178 5124 2510 5179 charmum.
2551 5121 2673 5189 Vel,
2705 5126 2771 5176 ut
2797 5121 3176 5192 Asclepiades
3220 5124 3370 5179 libro
3411 5132 3576 5182 sexto
3606 5132 3819 5202 Τραγῳ-

2179 5210 2483 5284 δουμένων,
2544 5211 2645 5281 qui
2703 5210 2970 5266 omnium
3029 5213 3251 5284 optime
3327 5223 3572 5272 noverat
3627 5234 3820 5272 verum

2177 5304 2396 5359 dicere.

2248 5392 2477 5463 Ῥήτωρ.
2532 5387 2727 5443 Multis
2776 5388 3032 5444 decretis
3079 5397 3316 5446 cautum
3363 5400 3473 5462 est,
3526 5395 3587 5450 in
3617 5402 3819 5451 senatu

2179 5499 2274 5538 ars
2305 5481 2564 5538 oratoria
2593 5478 2992 5548 adhiberetur,
3021 5481 3070 5534 si
3102 5483 3234 5551 quis
3265 5485 3622 5556 sententiam
3649 5485 3822 5540 ferret

2179 5573 2252 5628 de
2285 5588 2368 5640 re,
2401 5586 2531 5640 quae
2562 5567 2634 5624 ad
2659 5567 2950 5638 privatam
2980 5567 3167 5640 ipsius
3204 5571 3506 5652 fortunam
3539 5591 3660 5631 non
3691 5591 3818 5646 per-

2182 5663 2420 5720 tineret.
