4062 6298
274 417 441 478 1337

1593 414 1697 476 DE
1739 406 2026 484 QUIBHS
2068 407 2373 476 SUIDAS.

3533 425 3696 485 1338

357 548 644 616 Rhianus,
676 549 945 617 Benaaus,
995 565 1067 610 ex
1113 549 1291 618 Bena,
1349 549 1534 606 Cretae
1587 545 1758 615 .urbe,
1812 542 1923 610 vel,
1945 539 2008 613 Α
2041 545 2410 604 commodam
2433 545 2999 604 haberet.Salustius
3027 549 3694 625 dicebatmhilosophari

275 637 544 704 Ceratas,
576 637 689 706 vel,
725 643 787 692 ut
816 637 940 706 alii,
975 655 1045 694 ex
1093 638 1318 702 Ithome
1351 639 1646 694 Messenae
1677 634 1931 690 civitate.

276 728 388 782 Hic
421 727 679 798 primum
707 727 817 782 fuit
845 728 1135 800 palaestra)
1166 733 1364 784 custos
1395 733 1454 782 et
1481 742 1682 784 servus
1701 743 1710 777 :
1729 727 1933 795 postea

276 816 501 871 litteris
557 817 868 872 institutus
941 817 1364 889 grammaticus
1431 816 1636 882 evasit,
1685 811 1932 883 (aqualis

276 905 716 962 Eratosthenis.
785 906 1034 977 Scripsit
1086 905 1374 978 Ἔμμετρα
1435 905 1722 975 ποιήματα
1771 900 1928 972 (16);

273 994 664 1049 Heracliadem
697 994 866 1048 libris
897 995 1036 1050 XIV.

354 1081 682 1148 Rhinthou,
732 1081 1106 1148 Tarentinus,
1131 1081 1414 1148 comicus,
1447 1086 1652 1137 auctor
1697 1078 1927 1134 hilaro-

270 1169 599 1243 tragwdim,
634 1168 752 1225 sive
801 1169 1340 1241 phlyacographiaa.
1368 1169 1556 1242 Figuli
1607 1167 1786 1236 filius,
1819 1164 1928 1221 sub

273 1260 602 1315 Ptolemaeo
654 1260 844 1331 primo
903 1260 1069 1315 vixit.
1137 1260 1372 1316 Fabulis
1420 1260 1550 1332 ejus
1585 1259 1822 1330 tragicis
1871 1261 1931 1310 et

271 1351 519 1406 comicae
550 1351 850 1405 XXXVIII.
885 1349 1070 1422 (Conf.
1107 1351 1320 1406 Kuster
1348 1367 1406 1421 p.
1439 1351 1563 1416 260,
1595 1353 1717 1402 not.
1751 1346 1830 1418 8.)

347 1439 554 1508 Rufus,
587 1439 900 1510 Ephesius,
934 1439 1225 1508 medicus,
1257 1440 1359 1510 qui
1392 1455 1525 1494 cum
1551 1438 1786 1493 Critone
1817 1435 1926 1491 sub

273 1529 534 1600 Trajano
568 1529 786 1584 ﬂoruit.
814 1529 1062 1599 Scripsit
1080 1529 1266 1584 libros
1283 1529 1594 1600 plurimos,
1627 1543 1696 1581 ex
1712 1525 1926 1596 quibus

281 1620 428 1670 sunt
449 1614 507 1668 hi
533 1632 544 1668 :
569 1635 594 1664 α
619 1615 698 1670 De
727 1615 960 1670 ratione
990 1614 1178 1670 victus
1199 1614 1334 1670 libri
1369 1616 1410 1666 V
1440 1614 1548 1680 ;De
1579 1612 1734 1666 victu
1764 1611 1924 1666 navi-

277 1724 301 1752 ι
331 1694 638 1776 gantiam;
674 1705 753 1762 De
786 1703 1244 1769 medicamentis
1302 1703 1611 1758 vulnerum
1638 1718 1650 1768 ;
1686 1701 1765 1755 De
1796 1700 1924 1754 vul—

274 1813 307 1842 ‹‹
329 1792 640 1847 neratione
695 1793 1082 1847 articulorum
1124 1817 1137 1860 ;
1188 1795 1268 1847 De
1300 1792 1532 1847 ﬁcubus
1561 1809 1574 1860 ;
1605 1793 1686 1846 De
1741 1790 1922 1846 veteri

276 1902 308 1935 α
333 1881 669 1949 medicina;
706 1882 783 1936 De
813 1881 1002 1950 lacte;
1029 1883 1109 1938 De
1138 1881 1272 1936 vino
1298 1899 1310 1949 ;
1344 1881 1426 1938 De
1457 1880 1654 1944 melle.
1682 1900 1709 1929 ››

346 1971 602 2026 Rutilius
623 1970 830 2042 Rufus,
855 1975 1125 2044 tempore
1159 1971 1452 2042 Scipionis
1483 1970 1713 2038 vixit,in
1738 1983 1921 2038 expe—

264 2058 600 2115 ditionibus
628 2059 862 2115 bellicis
894 2060 948 2114 ei
1006 2075 1226 2124 comes,
1282 2064 1340 2113 et
1359 2075 1475 2125 res,
1535 2063 1675 2113 tunc
1707 2061 1923 2129 gestas.

263 2149 488 2204 litteris
525 2147 848 2214 mandavit,
873 2148 1105 2219 fuitque
1155 2153 1294 2204 tunc
1325 2148 1610 2218 temporis
1653 2145 1928 2201 tribunus

266 2237 623 2305 militum,ut
655 2238 962 2308 Appianus
1000 2237 1062 2291 in
1094 2239 1359 2300 Romana
1380 2237 1634 2291 Historia
1654 2239 1922 2290 testatur.

343 2325 582 2396 Ῥυσμὸς
631 2325 971 2382 Abderitica
1028 2325 1280 2381 dialecto
1329 2325 1626 2398 significat
1668 2328 1923 2393 ﬁguram.

270 2414 424 2469 Aliis
454 2421 745 2487 praeterea
789 2414 1048 2482 vocibus,
1078 2431 1199 2472 non
1257 2414 1492 2482 Graecis,
1535 2411 1924 2476 Democritus,

265 2502 618 2571 Abderites,
675 2520 819 2558 usus
869 2509 978 2574 est,
1034 2509 1101 2559 ut
1149 2502 1325 2577 τροπή
1403 2502 1554 2558 dixit
1625 2505 1812 2568 situm,
1870 2505 1929 2554 et

272 2587 301 2645 δ
315 2593 570 2665 ιαθηγήν,
604 2593 871 2649 ordinem.

346 2770 618 2827 Sabazius
650 2773 914 2829 Bacchus
946 2770 1146 2827 dictus
1192 2787 1226 2826 a
1255 2770 1512 2837 clamore
1565 2769 1729 2842 orgia
1774 2769 1927 2824 cele-

266 2860 602 2915 brantium.
638 2862 781 2916 Nam
846 2859 1121 2916 Barbaris
1179 2857 1381 2926 εὐάζιιν
1425 2864 1514 2913 est
1569 2851 1842 2926 σαϐάζειν,
1873 2862 1932 2912 et

262 2946 500 3019 εὐασμόν
564 2949 870 3021 appellant
925 2942 1238 3018 σαϐᾳσμόν.
1298 2947 1489 3003 Etiam
1563 2940 1719 2999 σάὸοι
1778 2946 1929 3020 loca,

259 3039 489 3092 Baccho
531 3043 894 3104 consecrata,
943 3043 1002 3093 et
1035 3037 1244 3092 Bacchi
1277 3036 1926 3108 sacerdotes,Mnaseas,

264 3126 627 3190 Patarensis,
683 3127 994 3184 Sabazium
1087 3126 1170 3184 ait
1223 3142 1354 3182 esse
1438 3124 1650 3182 Bacchi
1715 3125 1928 3180 ﬁlium.

149 3199 154 3202 ’
262 3215 453 3288 (Suid.
488 3215 550 3282 in
572 3209 784 3281 Σάςοι.)

342 3305 922 3377 Sabinus,sophista,
962 3305 1063 3377 qui
1100 3304 1239 3360 vixit
1255 3304 1363 3359 sub
1385 3304 1921 3372 Adriano,Caesare.

271 3394 521 3465 Scripsit
577 3395 1084 3458 Introductionem
1128 3400 1186 3450 et
1212 3399 1628 3466 argumentum
1661 3393 1922 3449 materia)

273 3484 780 3538 declamationum
809 3483 977 3539 libris
1007 3485 1098 3550 IV,
1132 3483 1636 3539 Commentarium
1674 3483 1737 3539 in
1769 3483 1925 3538 Thu-

274 3572 571 3644 cydidem,
604 3573 947 3632 Acusilaum
977 3577 1036 3628 et
1063 3572 1234 3628 alios.
1259 3574 1405 3628 Item
1438 3573 1587 3628 alias
1635 3571 1921 3642 quaedam

243 3725 251 3732 _
275 3660 940 3732 enarrationes.(Frater
968 3661 1099 3733 ejus
1130 3661 1366 3733 Sergius
1385 3661 1559 3726 infra,
1586 3659 1852 3732 Σέργιος.)

346 3751 544 3817 saces,
578 3756 753 3821 poeta
785 3751 1081 3822 tragicus;
1117 3756 1173 3805 et
1217 3750 1396 3818 Sacae,
1426 3765 1570 3821 gens
1621 3749 1922 3805 Thracica.

269 3838 1040 3910 Ammonius,phi1050phus
1067 3839 1922 3907 Alexandrinus,cognomento

271 3928 468 3995 Sacas,
497 3945 566 3983 ex
600 3927 934 3984 Christiano
966 3927 1160 3984 factus
1181 3932 1272 3982 est
1298 3927 1558 3999 gentilis,
1590 3933 1657 3982 ut
1684 3928 1926 3983 aitPor—

269 4016 537 4089 phyrius.

345 4105 661 4172 Salustius,
695 4105 984 4176 sophista,
1036 4103 1275 4176 scripsit
1316 4106 1808 4164 commentarium
1862 4105 1924 4161 in

271 4195 758 4262 Demosthenem,
794 4194 1154 4258 Herodotum
1187 4198 1246 4248 et
1273 4193 1410 4249 alia.

343 4282 1016 4354 Salustius,Mopseates,
1039 4282 1331 4350 medicus,
1369 4281 1608 4354 scripsit
1635 4282 1708 4338 de
1737 4282 1924 4338 medi-

272 4371 427 4439 cina,
462 4371 570 4440 sub
593 4372 848 4439 Tiberio,
881 4373 1025 4443 imp.

342 4463 658 4529 Salustius,
691 4464 988 4531 Basilidis,
1022 4464 1151 4536 Syri
1191 4468 1249 4519 et
1277 4462 1564 4530 Theoclaa,
1596 4464 1920 4534 Emesenae,

269 4553 329 4608 F.
351 4553 599 4613 Athenis
613 4552 1032 4610 Alexandriam
1055 4570 1190 4610 cum
1205 4553 1429 4621 Isidoro,
1441 4552 1925 4623 venit.Eloquen—

2043 631 2382 690 hominibus
2415 653 2534 691 non
2565 653 2696 692 esse
2725 637 2920 702 facile,
2946 638 3048 694 sed
3066 641 3262 710 potius
3285 641 3686 713 impossibile,

2042 720 2319 777 Heracliti
2341 741 2507 780 more
2552 726 2875 783 insectator
2913 728 3066 800 vulgi
3109 735 3167 783 et
3212 730 3444 786 derisor
3473 733 3686 788 salsus.

2042 809 2201 866 Idem
2214 813 2486 870 virtutem
2502 816 2769 886 quintam
2782 819 3026 874 vocabat
3040 837 3235 876 veram
3254 822 3598 892 opinionem
3613 823 3685 878 de

2039 897 2174 965 diis,
2207 919 2338 972 quas
2355 903 2653 960 interdum
2679 906 2874 962 inesse
2894 909 3126 964 videtur
3155 910 3332 964 etiam
3367 911 3685 983 improbis-

2040 988 2226 1046 simis.
2260 992 2799 1065 Philosophabatur
2837 998 3043 1069 cynico
3073 1015 3259 1066 more,
3294 1005 3404 1054 etc.

2110 1079 2421 1147 Salustius,
2456 1083 2770 1154 praefectus
2820 1087 3098 1156 praitorio
3131 1087 3239 1142 sub
3279 1088 3533 1158 Iuliano,
3570 1095 3682 1145 etc.

2110 1165 2332 1237 Σαμίων
2367 1165 2544 1242 δῆμος
2575 1169 3050 1245 πολυγράμματος
3089 1175 3282 1231 dictus
3340 1177 3413 1232 ab
3465 1178 3687 1234 Aristo-

2035 1254 2230 1325 phane
2263 1257 2324 1313 in
2349 1259 2708 1332 Babyloniis,
2742 1262 2854 1328 vel,
2871 1264 3031 1333 quod
3050 1265 3293 1333 Samii,a
3317 1268 3586 1336 tyrannis
3609 1267 3685 1322 ad

2035 1344 2247 1402 incitas
2269 1348 2513 1418 redacti,
2549 1349 2624 1405 ob
2645 1351 2860 1406 civium
2902 1355 3213 1423 penuriam
3263 1357 3444 1410 servis
3468 1357 3568 1426 jus
3599 1357 3682 1410 ci-

2032 1434 2228 1491 vitatis
2251 1437 2672 1508 ascripserunt,
2705 1445 2774 1495 ut
2794 1441 3138 1497 Aristoteles
3169 1443 3347 1498 tradit
3372 1443 3434 1498 in
3453 1445 3681 1500 Samio-

2032 1539 2166 1578 rum
2198 1541 2346 1596 rep.,
2393 1527 2504 1591 vel,
2560 1529 2718 1599 quod
2775 1531 2930 1601 apud
2989 1532 3215 1586 Samios
3245 1533 3437 1602 XXIV,
3469 1533 3681 1588 litterae

2032 1613 2293 1683 primum
2319 1616 2572 1672 inventae
2603 1635 2637 1672 a
2667 1618 2994 1686 Calistrato,
3027 1627 3091 1674 ut
3112 1620 3347 1675 Andron
3373 1622 3432 1675 in
3453 1622 3681 1693 tripode

2035 1702 2130 1757 ait.
2170 1705 2465 1761 Archinus
2516 1723 2650 1762 vero
2711 1709 2977 1764 Athenaei
3028 1711 3086 1764 F.
3132 1710 3415 1766 archonte
3438 1711 3681 1765 Euclide

2035 1792 2497 1850 Atheniensibus
2526 1797 2841 1867 persuasit,
2865 1803 2934 1852 ut
2957 1800 3163 1853 [onum
3191 1799 3406 1853 litteris
3441 1805 3678 1853 uteren-

2034 1885 2149 1936 tur.
2182 1884 2607 1956 Aristophanes
2632 1893 2830 1942 autem
2850 1889 3200 1944 comoediam
3221 1890 3550 1959 Babylonios
3575 1889 3681 1944 do-

2034 1970 2156 2024 cuit
2187 1987 2290 2042 per
2319 1972 2719 2030 Callistratum
2742 1976 2915 2032 annis
2932 1977 3070 2048 (XX)
3094 1983 3230 2032 ante
3252 1978 3557 2033 Euclidem
3573 1978 3679 2033 sub

2034 2061 2340 2129 archonte,
2373 2063 2571 2118 Eucle.
2623 2065 2704 2119 De
2762 2081 2831 2120 eo
2889 2072 3107 2132 autem,
3160 2068 3261 2138 qui
3321 2085 3447 2123 rem
3505 2069 3681 2122 istam

2033 2150 2497 2208 Atheniensibus
2524 2154 2840 2224 persuasit,
2867 2155 3074 2212 scribit
3103 2157 3536 2228 Theopompus.
3573 2157 3680 2211 Alii

2035 2255 2274 2295 causam
2305 2247 2600 2307 asserunt,
2633 2243 2791 2313 quod
2849 2245 3249 2300 Athenienses
3310 2247 3554 2311 Samios,
3618 2247 3678 2300 in

2033 2329 2190 2384 bello
2217 2331 2719 2403 captos.stigmate
2740 2339 2972 2388 noctuae
3003 2340 3301 2399 notarent,
3334 2335 3514 2390 Samii
3543 2351 3680 2389 vero

2032 2419 2424 2475 Athenienses
2455 2436 2732 2485 sammna,
2763 2422 2919 2492 quod
2941 2428 3032 2476 est
3058 2424 3355 2494 navigium
3393 2422 3618 2478 bireme
3650 2439 3684 2477 a

2034 2509 2361 2580 Polycrate,
2379 2510 2708 2566 Samiorum
2735 2517 3008 2582 tyranno,
3025 2513 3284 2583 primum
3305 2513 3680 2583 fabricatum,

2034 2606 2101 2656 ut
2129 2601 2213 2656 ait
2241 2601 2622 2672 Lysimachus
2645 2602 2796 2660 libro
2815 2604 3075 2660 secundo
3097 2607 3431 2672 Nostorum,
3450 2605 3569 2660 sive
3600 2607 3681 2659 De

2032 2689 2249 2744 reditu.

2107 2798 2611 2869 Sanchoniathon,
2667 2800 2894 2872 Tyrius,
2955 2800 3366 2872 philosophus,
3400 2802 3499 2873 qui
3539 2802 3681 2856 belli

2034 2887 2271 2957 Trojani
2305 2893 2570 2960 tempore
2591 2889 2735 2944 vixit
2765 2890 3119 2961 scripsitque
3149 2893 3226 2945 De
3241 2893 3505 2946 Hermetis
3534 2892 3679 2960 Phy-

2033 2979 2288 3048 siologia,
2309 2995 2441 3049 quae
2471 2979 2556 3048 (in
2586 2979 2850 3052 linguam
2909 2980 3190 3050 Graecam)
3233 2980 3520 3035 translata
3550 2988 3676 3048 est;

2034 3068 2288 3139 Antiqua
2337 3070 2626 3138 Tyriorum
2702 3071 2963 3125 instituta
3017 3068 3221 3141 lingua
3278 3069 3622 3124 Phoenicum
3664 3087 3677 3125 :

2041 3156 2388 3225 Theotogiam
2416 3158 2820 3226 Egyptiacam,
2852 3161 2910 3210 et
2938 3155 3074 3211 alia.

1954 3266 1997 3333 C
2107 3263 2364 3328 Sandon,
2388 3262 3195 3334 HellaniciF.,philosophus.
3230 3264 3475 3335 Scripsit
3493 3265 3677 3333 Argu-

2033 3360 2216 3412 menta
2244 3356 2303 3410 in
2334 3353 2629 3422 Orpheum,
2651 3352 2868 3408 librum
2899 3368 3105 3407 unum.

2103 3442 2458 3513 Sannyrion,
2489 3441 2894 3507 Atheniensis,
2926 3441 3356 3512 comicus.Ejus
3375 3441 3675 3498 dramata:

2033 3533 2239 3596 Γὲλως,
2298 3530 2498 3599 Δανάη,
2559 3529 2668 3597 Ἰώ,
2725 3527 3019 3602 ψυχασταί,
3107 3535 3173 3583 ut
3244 3531 3562 3586 Athenaeus
3613 3530 3675 3586 in

2033 3619 2524 3693 Dipnosophistis.

2105 3726 2624 3800 Sappho,Simonis
2656 3725 2896 3793 ﬁlia,vel
2926 3726 3239 3780 Eunomini
3274 3726 3370 3797 (al.
3405 3726 3678 3797 Eumeni)

2032 3819 2120 3874 vel
2144 3817 2364 3889 Eirigyi
2424 3816 2512 3871 vel
2544 3815 2756 3886 Ecryti,
2789 3815 2881 3870 vel
2916 3815 3093 3883 Semi,
3143 3815 3232 3869 vel
3261 3816 3556 3883 Camonis,
3589 3805 3679 3870 vel

2031 3907 2288 3978 Etarchi,
2345 3905 2436 3961 vel
2492 3904 2750 3974 denique
2784 3903 3333 3975 Scamandronymi,
3379 3905 3586 3975 patris,
3620 3909 3680 3958 et

2032 3997 2247 4061 Clides,
2280 3994 2507 4054 matris.
2567 3992 2794 4062 Lesbia,
2853 3993 3030 4048 Ereso
3089 3992 3344 4048 oriunda
3381 3998 3440 4047 et
3467 3993 3672 4064 lyrica.

2035 4085 2188 4140 Vixit
2212 4082 2558 4156 Olympiade
2588 4083 2754 4145 XLII,
2776 4098 2892 4152 quo
2925 4087 3187 4153 tempore
3218 4082 3552 4136 ﬂoruerunt
3574 4080 3678 4134 Al-

2033 4191 2210 4243 cmus,
2234 4171 2604 4232 Stesichorus
2631 4171 2913 4226 Pittacus.
2945 4172 3176 4226 Fratres
3199 4171 3328 4242 ejus
3359 4172 3676 4242 Larychus.

2032 4265 2352 4331 Charaxus,
2389 4260 2675 4332 Eurigius.
2705 4260 2919 4330 Nupsit
2947 4260 3526 4329 Cercolaa,ditissimo
3557 4260 3678 4314 viro

2035 4369 2106 4409 ex
2134 4353 2355 4418 Andro,
2387 4351 2546 4409 unde
2574 4356 2716 4408 nata
2759 4351 2873 4421 ipsi
2929 4348 3044 4404 fuit
3089 4349 3233 4416 ﬁlia,
3289 4349 3426 4405 Clis.
3459 4350 3677 4404 Amicaa

2032 4445 2276 4500 fuerunt
2305 4440 2518 4509 Atthis,
2551 4439 2880 4510 Telesippa,
2905 4440 3134 4511 Megara
3161 4456 3172 4492 :
3203 4438 3509 4508 discipulae
3533 4441 3678 4494 Ana-

2033 4548 2176 4606 gora
2205 4530 2450 4596 Milesia,
2481 4528 2740 4600 Congyla
2767 4527 3391 4596 Colophonia,Eunica
3419 4525 3677 4580 Salami-

270 4641 365 4696 ῖίω
393 4641 706 4711 Praeceptis
764 4641 834 4695 ab
890 4643 1122 4706 Eunoia,
1156 4613 1440 4712 sOphista',
1491 4643 1718 4698 Emesa,
1753 4613 1915 4700 ’ωηο
1945 4631 1992 4700 D
2034 4624 2154 4679 nia.
2189 4619 2477 4712 Scripsitu
2511 4617 2851 4712 carminum
2869 4615 3198 4712 lyricorum
3217 4615 3401 4712 libros
3432 4613 3522 4682 IX,
3561 4620 3679 4712 net

275 4728 862 4795 versante,eruditus,
895 4730 1163 4800 publicas
1183 4730 1600 4786 Demosthenis
1619 4731 1920 4786 orationes

273 4834 481 4875 omnes
513 4817 844 4884 edidicit,et
873 4818 1174 4878 orationes
1205 4818 1442 4892 scripsit
1460 4834 1581 4873 non
1612 4818 1920 4879 inferiores

272 4908 699 4966 illis.Nostrum
726 4922 960 4976 quoque
973 4905 1159 4962 civem
1192 4907 1505 4975 (Damascii
1531 4905 1710 4964 verba
1739 4911 1919 4976 sunt),

279 4996 644 5064 Marcellum,
685 4994 894 5050 Eunoii
928 4994 1192 5052 sodalem
1249 4999 1380 5052 octo.
1437 4994 1619 5049 libros
1651 4995 1920 5052 Historiae

276 5085 631 5156 Thucydidis
690 5083 1006 5140 edidicisse
1051 5081 1270 5151 aiebat,
1301 5083 1455 5138 nihil
1488 5089 1684 5142 tamen
1714 5085 1920 5142 auditu

275 5174 518 5246 dignum
550 5172 748 5232 dicere
768 5170 1050 5242 potuisse.
1078 5173 1330 5228 Nonnum
1351 5171 1528 5228 etiam
1549 5173 1716 5230 aiunt
1729 5173 1918 5230 sexies

275 5268 462 5328 totum
495 5261 957 5320 Demosthenem
991 5259 1328 5326 edidicisse,
1361 5260 1464 5316 sed
1497 5266 1696 5323 tamen
1751 5278 1826 5322 ne
1851 5279 1917 5318 os

278 5350 514 5422 quidem
537 5349 767 5421 aperire
806 5347 1092 5420 potuisse,
1154 5354 1219 5413 ut
1264 5349 1529 5420 aliquam
1585 5351 1917 5410 orationem

348 5512 456 5578 (16)
482 5508 645 5584 Quod
677 5508 880 5584 omnia
906 5515 1180 5584 poemata
1211 5511 1332 5566 sint
1387 5507 1652 5584 ἔμμετρα,
1682 5513 1913 5581 Kuster,

281 5588 422 5637 tom.
455 5583 551 5648 III,
585 5596 713 5653 pag.
743 5580 870 5653 259,
901 5580 1250 5653 alterutrum
1293 5580 1642 5639 vocabulum
1668 5599 1796 5638 esse
1819 5580 1914 5638 su-

283 5651 714 5726 pervacaneum
744 5651 1059 5726 existimat.
1095 5655 1246 5725 Toup
1267 5671 1403 5710 vero
1431 5656 1495 5711 in
1534 5655 1915 5726 emendatio-

283 5722 457 5787 nibus
483 5725 547 5780 in
579 5723 839 5792 Suidam,
861 5722 974 5779 vol.
1008 5723 1077 5793 II,
1107 5722 1241 5799 pag.
1275 5728 1399 5797 135,
1428 5725 1644 5782 melius
1674 5727 1915 5799 corrigit

2028 4712 2223 4784 prima
2251 4709 2546 4780 plectrum
2566 4705 3059 4775 invenit.Scripsit
3086 4709 3145 4758 et
3176 4704 3674 4775 «Epigrammata,

2035 4823 2056 4852 ι
2087 4799 2338 4871 Elegias,
2372 4794 2624 4862 Iambos,
2658 4792 2985 4849 Monodias.
3019 4816 3038 4842 ι

2100 4887 2354 4960 Sappho,
2369 4883 2596 4953 Lesbia,
2627 4881 3325 4952 Mytilenaea,psaltria,de
3347 4897 3463 4951 qua
3475 4897 3673 4952 supra,

2028 4979 2092 5033 in
2121 4978 2345 5034 Phaon.

2099 5083 2402 5155 Sarapion,
2435 5079 2618 5135 Elius
2671 5078 2893 5148 rhetor,
2940 5076 3393 5133 Alexandrinus.
3427 5077 3674 5148 Scripsit

2028 5199 2056 5228 «
2075 5177 2155 5232 De
2177 5174 2336 5230 vitiis
2354 5169 2855 5229 declamationum
2877 5188 2892 5237 ;
2918 5167 3394 5242 ’Azpodcsmv,sive
3421 5167 3672 5223 Auscul-

2033 5283 2055 5314 ι
2084 5265 2377 5321 tationum
2406 5259 2593 5315 libros
2626 5259 2739 5325 VII,
2773 5257 3202 5330 Panegyricum
3230 5257 3292 5313 in
3323 5257 3668 5324 Adrianum,

2026 5353 2242 5425 «imp;
2275 5349 2752 5408 Consultationes
2807 5347 2882 5404 ad
2919 5347 3392 5415 Alexandrinos;
3416 5348 3670 5403 Rectene

2025 5511 2298 5596 ἰξᾳμὲτρῳ
2329 5508 2417 5596 03.15
2429 5518 2588 5594 μάγοι.
2626 5509 2737 5567 Sed
2769 5509 3040 5596 criticum
3062 5509 3359 5596 hicvagere
3391 5514 3492 5564 aut
3521 5509 3669 5596 Tou-

2065 5581 2677 5640 ii'animadversiones
2705 5586 2974 5654 repetere
3014 5598 3124 5640 nec
3152 5581 3300 5637 libet
3326 5596 3436 5636 nec
3483 5583 3664 5634 vacat.

2071 5675 2196 5714 ARL.
