4062 6298
451 399 607 460 1339

1755 403 1998 467 INDEX
2037 399 2543 467 SCRIPTORUM

3697 425 3872 487 1340

444 548 478 582 α
513 531 678 588 Plato
712 535 1032 591 Homerum
1065 553 1096 591 e
1125 539 1268 609 Rep.
1329 556 1437 594 sua
1491 538 1798 611 ablegarit,
1835 560 1856 587 ι
1892 541 1953 592 et
1980 535 2098 591 alia
2125 532 2179 602 Α
2210 533 2320 590 bus
2352 537 2616 630 inopiam
2647 560 2813 602 suam
2845 553 3022 619 atque
3050 551 3404 609 immensam
3433 556 3623 611 animi
3645 560 3886 630 capidi-

451 621 656 677 multa.
690 624 835 678 Item
868 646 895 674 ‹‹
921 628 1120 678 Artem
1153 628 1494 681 oratoriam.
1532 649 1561 676 »

522 710 806 781 Sarapion
834 712 1025 766 solum
1055 714 1178 768 fere
1210 715 1508 786 Orpheum
1559 715 1816 770 habebat
1858 720 1917 768 et
1947 714 2098 784 lege-

450 799 552 852 bat
579 815 591 851 :
621 799 870 854 subinde
902 802 1192 856 Isidorum
1217 804 1286 858 de
1321 805 1748 874 quaestionibus
1779 820 2096 859 occurren-

453 887 609 941 tibus
639 888 1224 961 interrogans,virum
1259 909 1491 948 summa
1514 894 1822 964 theologia:
1846 893 2096 947 scientia

450 975 1013 1048 instructum.quem
1031 980 1223 1034 solum
1255 981 1534 1037 familiari
1556 999 1614 1036 m
1637 982 2096 1037 noratetadmit-

449 1063 745 1127 tebat,nec
771 1066 961 1121 ullum
993 1068 1177 1123 alium
1200 1087 1442 1125 suarum
1464 1071 2094 1140 facultatum,duorum

450 1156 553 1206 aut
581 1154 761 1208 trium
793 1155 1266 1226 librorum,inter
1295 1176 1445 1229 quos
1475 1165 1603 1214 erat
1630 1160 1844 1231 Orphei
1875 1159 2092 1230 poesis,

451 1240 696 1311 dignum
711 1243 1259 1316 judicabat,putans
1274 1264 1334 1302 se
1365 1249 1424 1303 in
1443 1248 1545 1302 illo
1563 1249 1902 1319 perpexisse
1918 1249 2094 1302 vitam

449 1327 614 1382 illam
646 1329 1315 1403 Saturniam,poetarum
1336 1334 1552 1390 fabulis
1569 1335 2096 1390 celebratamNam

451 1416 554 1470 ille
586 1418 827 1487 quidem
858 1427 1166 1491 poetarum
1197 1425 1434 1494 scriptis
1455 1424 1788 1480 celebratus
1805 1425 2098 1479 Chironin

454 1505 715 1559 Saturnii
773 1514 832 1561 et
884 1509 1028 1562 .lovii
1078 1511 1242 1581 regni
1291 1513 1550 1567 confinio
1582 1513 1780 1584 potius
1811 1513 2096 1581 constitit,

453 1594 611 1648 unde
637 1595 907 1651 biformis
940 1615 1067 1652 esse
1124 1601 1393 1656 traditur.
1430 1603 1648 1657 Eodem
1696 1609 1959 1674 tempore
2015 1603 2100 1654 vir

452 1683 605 1738 alius
636 1685 994 1742 Alexandria
1020 1689 1197 1754 venit,
1231 1707 1299 1744 ex
1332 1697 1454 1746 tota
1475 1692 1883 1759 diametro,vel
1914 1693 2101 1764 magis

454 1777 653 1842 etiam,
686 1778 733 1830 si
765 1777 848 1830 sic
879 1777 1072 1832 dicere
1100 1779 1187 1833 fas
1227 1787 1335 1846 est,
1393 1799 1570 1852 quam
1629 1800 1700 1837 ex
1731 1783 2020 1838 diametro
2069 1799 2103 1835 a

456 1864 778 1934 Serapione
809 1865 1036 1921 distans
1069 1882 1082 1920 :
1116 1884 1260 1923 nam
1286 1869 1380 1923 hic
1411 1871 1650 1940 quidem
1675 1872 1983 1926 Saturnius
2000 1877 2104 1925 aut
2134 1898 2182 1965 Β

452 1954 646 2007 Jovius
676 1953 806 2023 fuit,
834 1955 936 2010 ille
961 1971 1094 2010 vero
1122 1958 1483 2029 Typhonius,
1518 1966 1576 2014 et
1603 1962 1882 2033 Typhone
1906 1978 2107 2016 versu-

455 2043 568 2096 tior
605 2042 822 2096 bellua.
857 2044 1063 2099 Nullus
1086 2046 1244 2100 enim
1279 2064 1505 2116 eorum,
1531 2050 1632 2120 qui
1698 2067 1858 2105 nunc
1885 2052 2104 2116 vivunt,

455 2131 769 2186 hominum
799 2133 1052 2204 ignorat,
1085 2151 1200 2204 quo
1223 2137 1424 2191 animo
1451 2143 1508 2191 et
1529 2154 1646 2207 qua
1673 2138 1913 2194 fortuna
1929 2138 2109 2194 fuerit

452 2221 859 2291 Pamprepius.

527 2325 834 2400 Σαράπους.
879 2329 1110 2384 Διοωιιε
1168 2332 1458 2388 Pittacum
1515 2335 1740 2389 vocavit
1796 2331 2105 2408 Σαράποδα,

458 2411 818 2489 χειροπόδην,
864 2415 1118 2490 γαύρικα,
1179 2419 1452 2493 φύσκωνα,
1494 2422 1800 2494 γάστρωνα,
1837 2421 2108 2501 ζοφοδορ-

457 2501 590 2558 πίὸα.
619 2510 678 2558 et
700 2503 1088 2576 ἀγασύραστον.
1119 2510 1216 2567 (Ex
1248 2510 1460 2564 Laertii
1492 2511 1592 2566 lib.
1627 2529 1664 2580 ι,
1697 2530 1746 2567 c.
1779 2515 1894 2584 8i.)

529 2593 906 2664 Scindapsus,
930 2597 1398 2654 instrumentum
1428 2601 1830 2658 musicum.De
1851 2604 2105 2670 Zenone,

459 2683 642 2736 Citieo
671 2683 922 2754 (Timon)
957 2702 970 2739 :
1000 2685 1061 2739 Ὁ
1091 2681 1148 2737 δὲ
1179 2683 1322 2760 ἔρῥει
1381 2686 1646 2762 γύργαθος
1702 2690 1866 2744 αὐτοὺ
1910 2692 2103 2764 μικρὸς

456 2770 574 2823 ἰών
607 2773 734 2823 νῡῦν
764 2767 811 2823 δ’
842 2771 988 2845 εἶχεν
1011 2772 1313 2830 ἐλάσσοντα
1371 2775 1710 2851 «κινδαψοῖο,
1769 2803 1799 2831 ‹‹
1854 2784 2106 2838 Mentem

464 2884 491 2910 ‹‹
527 2860 802 2926 habebat,
834 2863 1129 2918 minorem
1160 2865 1496 2939 scindapso,
1534 2888 1554 2918 ι
1593 2874 1703 2926 etc.

529 2964 728 3042 Σκίφη.
762 2968 1029 3037 Crantor,
1077 2972 1490 3044 philosophus,
1548 2983 1736 3046 poetaa
1793 2978 2105 3050 cujusdam

453 3073 657 3110 versus
689 3056 888 3130 σκίφης
917 3058 1126 3129 plenos
1158 3077 1286 3115 esse
1314 3061 1480 3118 dixit.

527 3141 847 3216 Σκίρταλος.
885 3147 1187 3219 Diogenes,
1223 3150 1590 3221 Sinopensis,
1645 3153 1768 3226 jam
1811 3171 2014 3228 senex,
2072 3173 2107 3212 a

451 3235 708 3300 Scirtalo,
742 3233 935 3303 pirata
959 3244 1165 3308 captus
1195 3244 1302 3293 est.

525 3341 782 3418 Σκληρᾶς
837 3342 1027 3398 ἀοιδοῦ
1077 3343 1304 3418 δασμόν,
1374 3349 1661 3405 tributum
1723 3352 1884 3408 duras
1941 3357 2110 3426 vatis,

454 3433 752 3506 Sphingis,
788 3437 898 3491 hoc
930 3441 1020 3491 est
1043 3435 1290 3493 difﬁcile
1319 3439 1498 3510 (apud
1522 3441 1869 3511 Sophoclem
1890 3445 2111 3518 (Edipo

452 3526 749 3595 tyranno).

528 3629 754 3702 Σιωλιά,
813 3633 1062 3688 carmina
1139 3637 1462 3691 convivalia.
1529 3640 1776 3693 Σκολιῶν
1847 3638 2108 3710 Μελίτου,

458 3722 703 3791 Καρικῶν
734 3719 1088 3793 αὐλημάτων.
1115 3723 1349 3779 Melitus
1399 3725 1510 3780 iste
1568 3727 1684 3783 fuit
1727 3738 1902 3801 poeta
1933 3735 2110 3805 tragi-

457 3824 582 3876 cus,
615 3809 716 3879 qui
746 3811 1046 3866 Socratem
1077 3814 1398 3868 accusavit.
1432 3816 1858 3889 Perstringitur
1912 3838 1947 3876 a
2003 3838 2110 3876 co-

456 3897 646 3966 micis,
677 3903 741 3953 ut
770 3901 932 3970 poesi
965 3900 1211 3972 frigidus
1242 3908 1302 3955 et
1330 3903 1595 3959 moribus
1623 3906 1929 3977 improbus
1960 3929 2112 3982 pree-

458 3985 638 4042 ditus.
673 3989 868 4044 Carica
905 4007 1061 4055 vero,
1095 3991 1362 4046 carmina
1393 3992 1578 4064 lyrica
1607 3995 1897 4068 lugubria.

532 4073 786 4142 Σκολιόν,
820 4094 1060 4132 carmen
1091 4096 1415 4149 paucorum
1439 4087 2087 4144 versuum.Timocreon

467 4161 750 4229 Rhodius,
786 4170 959 4234 poeta
984 4166 1185 4235 epicus
1239 4171 1371 4235 (l7),
1426 4169 1541 4223 tale
1598 4173 1848 4228 scolium
1906 4151 2114 4236 contra

463 4248 696 4304 divitias
719 4252 974 4322 scripsit,
1008 4254 1177 4324 cujus
1208 4254 1443 4309 initium
1475 4262 1584 4324 est,
1607 4260 1834 4334 Ὄφελες
1865 4263 1910 4314 ὦ
1939 4267 2112 4338 tuo“

463 4333 816 4404 πλοῦτε,θῑο.
850 4363 878 4390 ‹‹
907 4343 949 4396 Ο
980 4359 1148 4396 οωοεε
1179 4342 1414 4414 divitiae,
1449 4333 1814 4405 utinamnec
1846 4353 1906 4407 in
1933 4333 2108 4427 terra,

469 4447 491 4474 ι
508 4444 618 4482 nec
649 4428 709 4482 in
728 4429 1014 4495 mari,nec
1027 4430 1088 4484 in
1111 4431 1453 4487 continente
1467 4450 1729 4504 unquam
1746 4439 1882 4494 visae
1895 4441 2112 4498 fuisse-

463 4538 490 4566 ‹‹
524 4517 730 4585 tis,sed
760 4519 821 4572 in
847 4520 1086 4574 Tartaro
1128 4526 1186 4573 et
1211 4521 1542 4576 Acheronte
1587 4524 1931 4584 habitaretis
1961 4531 1974 4584 l
2007 4549 2108 4588 vos

2206 629 2386 680 tatem
2418 628 2588 684 facile
2621 634 3016 705 expleturum.
3042 639 3152 695 Sed
3179 650 3304 697 erat
3333 628 3881 712 insatiabilis,ﬁetc.

2275 715 2679 787 Sc0pelianus,
2740 725 3164 795 Clazomenius,
3226 733 3510 803 sophista,
3572 737 3674 805 qui
3757 737 3873 790 sub

2204 805 2388 860 Nerva
2416 808 2557 863 vixit
2585 817 2643 864 et
2673 813 2935 884 Smyrnae
2967 818 3364 890 eloquentiam
3397 823 3877 889 docuit,auditor

2203 894 2438 985 Nicetaa,
2499 901 2747 969 aequalis
2798 906 3118 975 Apollonii,
3177 911 3522 981 Tyanensis,
3572 914 3647 968 ad
3679 931 3870 985 quem

2205 983 2384 1037 etiam
2408 987 2688 1056 epistolas
2721 994 3069 1063 Apollonius
3101 999 3356 1069 scripsit.

2278 1071 2512 1142 Σκύθης.
2545 1079 2903 1138 Anacharsis
2932 1085 3044 1140 fuit
3072 1087 3418 1158 Scytha,sed
3449 1100 3641 1146 matre
3663 1093 3877 1146 Graeca

2205 1167 2400 1230 natus,
2433 1171 2492 1220 et
2516 1168 2647 1224 ideo
2697 1165 3006 1244 διγλωσσος
3065 1177 3316 1235 duarum
3370 1183 3597 1252 peritus
3640 1182 3879 1254 lingua-

2205 1256 2474 1324 rum,qui
2505 1257 2735 1330 Scythis
2767 1261 2925 1334 leges
2954 1265 3108 1320 tulit.

2279 1341 2504 1414 Scylax,
2539 1347 2976 1419 Cariandensis,
3012 1372 3083 1410 ex
3139 1358 3450 1420 Carianda.
3503 1361 3693 1416 Cariae
3730 1361 3875 1416 civi-

2207 1432 2345 1496 tate,
2381 1449 2564 1504 prope
2596 1438 3558 1508 Halicarnassum,mathematicus
3590 1456 3651 1504 et
3678 1450 3876 1504 musi-

2208 1534 2332 1572 cus.
2367 1520 2614 1593 Scripsit
2669 1529 2964 1599 periplum
3005 1532 3272 1588 locorum
3330 1542 3494 1592 extra
3551 1537 3874 1592 columnas

2211 1608 2516 1678 Herculis;
2550 1613 2623 1668 de
2681 1617 3008 1688 Heraclide,
3049 1623 3437 1693 Mylassorum
3470 1643 3606 1697 rege
3641 1647 3656 1693 ;
3692 1633 3870 1681 terrae

2211 1697 2574 1767 ρθτίοάιιως
2635 1702 2964 1781 ’Λτιγραφήν
3024 1710 3306 1769 adversus
3362 1715 3592 1786 Polybii
3681 1718 3878 1770 Bisto-

2212 1803 2378 1842 riam.

2285 1877 2533 1948 Scytale,
2567 1882 2819 1952 epistola
2849 1886 3153 1944 Laconica.
3189 1892 3366 1963 Ligna
3399 1898 3567 1948 erant
3619 1895 3744 1948 duo
3779 1913 3878 1966 po-

2213 1964 2317 2020 lita
2349 1973 2405 2021 et
2434 1969 2967 2043 oblonga,quorum
3000 1978 3254 2034 alterum
3287 1964 3880 2038 Lacedaemoniorum

2211 2055 2416 2125 ephori
2449 2060 2787 2117 retinebant
2819 2081 2832 2129 ;
2866 2066 3119 2122 alterum
3152 2069 3464 2125 tradebant
3486 2071 3648 2138 duci,
3691 2090 3879 2143 quem

2211 2143 2282 2198 ab
2316 2144 2532 2202 bellum
2562 2151 2933 2223 emittebant,
2966 2161 3022 2209 et
3074 2157 3309 2227 quoties
3343 2159 3393 2212 ei
3427 2159 3654 2229 aliquid
3708 2177 3877 2215 man.

2212 2233 2352 2289 dare
2383 2237 2675 2308 volebant,
2706 2241 2839 2296 albo
2872 2243 2998 2298 loro
3031 2245 3260 2317 lignum
3313 2247 3691 2303 involvebant
3723 2257 3785 2304 et
3815 2253 3876 2304 in

2212 2339 2278 2377 eo
2304 2326 2646 2382 mandatum
2672 2331 3253 2400 scribebant,deinde
3281 2335 3473 2391 lorum
3506 2337 3876 2408 replicantes

2210 2413 2270 2467 id
2303 2414 2611 2472 tabellario
2647 2419 2959 2476 tradebant
2988 2425 3435 2493 asportandum.
3496 2425 3879 2482 Dioscorides

2211 2501 2262 2554 ἐν
2291 2508 2405 2562 τοῖς
2436 2505 2564 2578 Περὶ
2595 2506 2874 2579 νομίμων,
2904 2512 2964 2565 in
2997 2529 3174 2583 opere
3224 2515 3300 2568 De
3329 2516 3569 2570 moribus
3629 2524 3680 2570 et
3711 2519 3873 2570 insti-

2212 2596 2344 2648 tutis
2377 2594 2576 2660 refert,
2619 2596 2982 2654 feneratores
3035 2601 3294 2657 dividere
3325 2603 3610 2674 scytalam
3640 2605 3876 2660 duobus

2212 2682 2460 2738 testibus
2507 2687 2921 2755 praesentibus,
2979 2694 3038 2744 et
3087 2691 3148 2745 in
3207 2697 3460 2763 utraque
3515 2694 3650 2763 ejus
3704 2700 3873 2764 parte

2211 2777 2580 2828 contractum
2630 2775 2910 2845 scribere,
2971 2785 3029 2833 et
3080 2779 3327 2835 alteram
3372 2781 3616 2851 quidem
3650 2785 3758 2837 uni
3812 2801 3880 2838 ex

2211 2861 2461 2916 testibus
2483 2861 2640 2929 dare,
2693 2864 2942 2920 alteram
2995 2867 3106 2921 sibi
3159 2884 3482 2924 reservare.
3546 2870 3881 2925 Utebantur

2211 2949 2435 3019 scytala
2467 2957 2525 3005 et
2553 2951 2668 3007 alio
2682 2953 2962 3022 modo,ut
2990 2956 3341 3012 Aristoteles
3373 2958 3433 3013 in
3463 2959 3874 3014 Ithacensium

2209 3055 2333 3110 rep.
2368 3040 2594 3095 scribit.

2282 3128 2607 3194 Secundus,
2674 3132 3077 3200 Atheniensis,
3129 3135 3397 3206 sophista
3452 3137 3592 3207 (non
3661 3136 3734 3208 is)
3778 3138 3875 3208 qui

2215 3223 2455 3272 vocatus
2512 3224 2603 3272 est
2665 3219 2915 3276 Plinius.
3011 3223 3263 3293 Epiurus
3322 3225 3433 3295 (18)
3503 3225 3628 3280 sive
3682 3227 3878 3280 Clavus

2227 3263 2455 3272 .-παπ
2515 3263 2603 3272 νυ-
2665 3263 2915 3276 -.......υ.
3012 3263 3263 3293 “ru...”
3322 3263 3432 3295 μυ]
3503 3263 3627 3280 σιω
3683 3263 3878 3280 “ut...

2129 3263 2178 3329 Ο
2219 3304 2431 3374 ligneus
2460 3307 2800 3373 vocabatur,
2851 3315 2916 3363 ut
2944 3309 3093 3364 fabri
3119 3311 3299 3378 ﬁlius,
3323 3311 3553 3384 fuitque
3604 3315 3879 3385 Herodis,

2219 3394 2521 3465 sophistar,
2553 3397 2852 3468 magister.
2885 3398 3130 3470 Scripsit
3165 3421 3189 3451 ι
3225 3400 3706 3457 Declamationes
3742 3419 3877 3456 ora-

2220 3504 2248 3531 «
2281 3483 2480 3538 torias.
2518 3506 2546 3533 »

2291 3572 2590 3639 Seleucus,
2623 3574 3534 3649 Alexandrinus,grammaticus,
3569 3581 3881 3652 cognomi-

2219 3665 2392 3714 natus
2424 3662 2790 3727 Homericus,
2825 3665 2924 3734 qui
2954 3667 3151 3720 Romaa
3197 3665 3599 3737 eloquentiam
3653 3668 3882 3723 docuit.

2221 3750 2465 3821 Scripsit
2519 3755 2987 3809 Commentarios
3043 3755 3104 3808 in
3166 3761 3354 3810 totum
3403 3773 3553 3826 pene
3586 3763 3875 3827 poctam;

2219 3859 2245 3886 ‹‹
2273 3839 2350 3893 De
2382 3856 2850 3910 synonymorum
2882 3842 3323 3900 differentia.De
3352 3844 3424 3898 iis
3438 3862 3569 3914 quae
3583 3845 3736 3899 falso
3751 3862 3876 3900 cre-

2219 3951 2248 3978 «
2275 3930 2515 3998 duntur,
2528 3937 2602 3986 De
2634 3933 2960 4002 proverbiis
2990 3933 3145 4004 apud
3168 3933 3601 3989 Alexandrinos
3615 3937 3872 4003 usitatis,

2222 4039 2249 4065 «
2277 4019 2355 4072 De
2388 4019 2502 4073 diis
2529 4019 2712 4074 libros
2742 4027 3048 4089 centum,»
3082 4021 3222 4076 item
3255 4023 3372 4077 alia
3404 4023 3718 4094 Σύμμικτα,
3754 4025 3873 4079 sive

2216 4109 2562 4163 Miscellanea
2583 4109 2787 4179 [etiam
2847 4111 3056 4166 Glossas
3087 4110 3343 4181 aliaque,
3375 4111 3448 4165 de
3503 4113 3723 4181 quibus
3754 4114 3869 4167 vid.

2217 4198 2471 4264 Kusteri,
2507 4204 2629 4253 not.
2663 4201 2714 4263 6,
2748 4205 2889 4254 tom.
2924 4201 3020 4265 Ill,
3053 4216 3183 4270 pag.
3212 4199 3339 4253 297.
3374 4201 3390 4271 ]

2288 4284 2589 4350 Seleucus,
2665 4287 3010 4350 Emesenus,
3093 4289 3535 4359 grammaticus,
3633 4291 3873 4361 scripsit

2215 4370 2654 4426 Ἀσπαλευτικὰα
2680 4375 3292 4437 Piscatoria,versibus
3307 4377 3669 4432 hexametris
3691 4379 3869 4433 libros

2219 4484 2246 4511 «ι
2278 4465 2472 4532 IV(19)
2498 4480 2510 4527 ;
2535 4464 2600 4517 In
2633 4463 2868 4532 Lyricos
2899 4464 3426 4531 Commentarium,
3454 4467 3863 4522 Parthicorum

2214 4572 2242 4599 «
2275 4550 2458 4605 libros
2479 4552 2587 4603 II.»
2605 4549 2804 4604 Inveni
2838 4557 2897 4605 et
2925 4551 3108 4606 alium
3133 4552 3445 4608 Seleucum
3471 4553 3562 4608 his
3575 4555 3866 4623 additum,

463 4606 664 4660 «enim
679 4607 2107 4676 omniummaloruminterhominescausaestis.»
2141 4630 2184 4694 ι)
2217 4639 2320 4693 sed
2347 4639 2446 4708 qui
2483 4638 2680 4694 nullos
2710 4639 3031 4710 scripserat
3056 4639 3258 4695 libros,

460 4696 562 4750 His
593 4697 792 4751 simile
821 4702 911 4751 est
939 4697 1265 4764 decretum,
1299 4716 1334 4753 a
1383 4701 1610 4756 Pericle
1651 4705 1958 4776 scriptum,
1993 4727 2108 4779 quo

461 4786 830 4856 Megarenses
858 4785 1006 4854 foro,
1040 4787 1210 4856 mari,
1245 4789 1585 4844 continente
1609 4795 1983 4853 arcebantur.

534 4875 790 4930 Σκολιόν.
853 4876 1170 4945 Tyrannion
1226 4879 1464 4948 scripsit
1500 4881 2004 4941 Commentarium
2037 4887 2109 4943 de

462 4973 635 5020 metro
657 4967 877 5036 obliquo
932 4965 1087 5038 (Περὶ
1141 4969 1237 5018 τοῦ
1287 4963 1516 5020 σκολιοῦ
1574 4973 1815 5045 μέτρου),
1865 4976 2022 5045 quod
2055 4978 2108 5032 ei

460 5055 830 5124 propositum
859 5055 971 5110 fuit
998 5072 1033 5110 a
1060 5056 1119 5110 C.
1153 5057 1402 5112 Cassare.

537 5159 771 5229 Scopas,
803 5161 1126 5216 IEtolorum
1155 5167 1394 5232 prmtor,
1417 5163 1732 5222 frustratus
1749 5169 2107 5242 principatu,

463 5247 632 5317 cujus
664 5250 919 5304 maxime
941 5267 1121 5304 causa
1171 5250 1330 5322 leges
1376 5253 1633 5310 scribere
1664 5273 1846 5312 ausus
1893 5259 2105 5330 fuerat,

462 5336 882 5392 Alexandriam
907 5339 1220 5410 cogitabat,
1234 5344 1398 5394 ratus
1429 5357 1558 5397 sese
1587 5343 1751 5400 illius
1782 5347 1946 5404 urbis
1977 5351 2108 5422 opi-

533 5547 645 5619 (17)
671 5545 850 5619 Infra,
878 5544 1042 5619 apud
1064 5544 1306 5602 Suidam
1335 5546 1577 5616 rectius,
1598 5552 1856 5612 medicus.

532 5615 747 5704 (1812p
771 5617 879 5704 hac
909 5615 1162 5671 lectione
1192 5634 1244 5671 v.
1277 5619 1533 5688 Kusteri,
1561 5615 1683 5677 not.
1728 5629 1780 5696 7,
1835 5634 1975 5686 tom.
2011 5632 2106 5704 III,

459 5707 590 5764 pag.
617 5694 743 5748 295.
777 5691 954 5746 HARL.

2290 4728 2504 4782 Sellius
2552 4729 2672 4783 sive
2720 4728 2940 4794 Sillius,
2973 4729 3074 4799 qui
3106 4735 3164 4783 et
3202 4730 3490 4785 Homerus
3520 4731 3720 4788 dictus
3759 4741 3865 4800 est,

2221 4819 2640 4890 grammaticus
2669 4823 2805 4872 ante
2837 4817 3461 4890 Menandrum.qSupra
3489 4820 3553 4875 in
3570 4823 3863 4892 Homero.)

2292 4907 2721 4974 Semus.Eleus,
2745 4909 3184 4979 grammaticus,
3219 4910 3496 4980 scripsit.
3532 4912 3865 4968 Eliacorum

2222 4996 2450 5052 «libros
2474 4996 2614 5063 Vlll,
2649 4995 2929 5051 Periodos
2973 4995 3142 5051 libris
3169 4995 3241 5064 ll,
3276 4998 3354 5051 De
3391 5000 3541 5052 Paro
3569 4999 3790 5055 librum
3822 5003 3866 5068 I,

2224 5105 2249 5135 α
2274 5086 2354 5139 De
2387 5087 2667 5156 Pergamo
2690 5084 2910 5140 librum
2935 5087 2979 5152 Ι,
3002 5085 3074 5139 de
3097 5085 3534 5151 Paeanibus,»in
3558 5105 3674 5158 quo
3689 5106 3866 5161 opere

2217 5189 2434 5245 genera
2463 5173 2825 5227 musicorum
2881 5178 3173 5240 recenset,
3221 5175 3658 5242 auctocabalos,
3701 5178 3865 5248 ithy-

2217 5261 2472 5332 phallos,
2504 5261 2950 5332 phallophoros,
2981 5267 3094 5316 etc.
3125 5262 3334 5333 (Supra
3365 5264 3426 5317 in
3459 5264 3866 5336 Phall0phori,

2216 5351 2319 5406 ubi
2350 5350 2702 5405 autocabdalz‘
2729 5350 2964 5422 legitur,
2995 5366 3114 5405 non
3139 5351 3499 5420 autocabali.)

2287 5564 2401 5630 (19)
2431 5564 2524 5628 At,
2558 5566 2798 5616 notante
2830 5561 3077 5632 Kustero
3107 5559 3146 5614 l.
3180 5575 3230 5614 c.
3275 5559 3334 5614 id
3365 5576 3513 5632 opus
3549 5560 3868 5620 Athenaeus

2217 5634 2424 5689 tribuit
2443 5633 2685 5689 Seleuco
2716 5631 3008 5689 Tarsensi.
3039 5632 3215 5686 HARL.
