4088 6312
258 426 413 487 1341

1561 425 1666 485 ΒΕ
1706 423 1989 498 QUIBUS
2031 419 2349 485 SUIDAS.

3515 416 3671 477 i342

331 558 588 612 Serenus
615 553 820 623 Elius,
852 553 1253 621 Atheniensis,
1285 557 1726 627 grammaticus,
1761 557 1908 611 scri-
1942 559 1990 624 Α
2023 553 2284 619 sustulit,
2318 557 2378 608 et
2405 553 2469 606 in
2499 550 2815 606 Alexandri
2857 553 3245 605 monumento
3262 548 3575 616 conclusit,
3609 563 3677 620 ui

261 647 382 719 psit
412 668 439 695 ‹‹
468 645 781 716 Epitomen
813 643 1008 714 operis
1033 644 1302 698 Philonis
1326 645 1403 699 De
1427 645 1676 700 urbibus
1698 651 1756 700 et
1785 645 1917 716 qui-

261 757 289 785 «
326 753 462 789 nam
500 735 561 788 in
594 732 842 804 singulis
867 732 1009 787 clari
1041 732 1455 800 fuerint,libros
1477 736 1562 788 III
1577 735 1917 805 ;Epitomrn

263 845 293 872 «
326 821 894 878 commentariorum
913 820 1222 874 Philoxeni
1254 821 1314 874 in
1339 822 1678 887 Homerum,
1714 822 1914 876 ››ιὶ1).Ι.

332 911 569 984 Sergius
601 909 1398 981 Zeugmatensis,Aphthonii
1430 912 1489 964 F.
1522 928 1557 966 a
1577 911 1914 976 causidicis,

262 1001 365 1071 qui
398 1000 660 1071 prafecti
688 999 947 1065 fuerunt,
981 1015 1168 1069 genus
1199 999 1444 1063 ducens,
1503 1000 1816 1070 prafectus
1860 1004 1920 1054 et

261 1090 391 1161 ipse
421 1089 697 1160 pratorio
730 1093 790 1141 et
829 1087 1161 1142 consularis
1192 1093 1250 1141 et
1305 1089 1610 1158 patricius.
1673 1088 1919 1158 Scripsit

256 1177 623 1248 Epitaphium
654 1178 716 1230 in
747 1176 1075 1247 sophistam
1106 1176 1388 1231 Sabinum
1419 1177 1662 1232 fratrem
1719 1193 1912 1245 suum,

258 1267 401 1322 item
428 1267 611 1322 alium
655 1266 873 1321 librum
931 1282 1036 1337 pro
1086 1265 1402 1322 causidicis
1451 1267 1724 1323 Adversus
1779 1267 1914 1322 Ari-

254 1357 470 1411 stidem.

329 1440 707 1508 Σεσελλίσθαι,
740 1445 885 1512 falso
913 1459 970 1498 se
1005 1446 1244 1514 jactare,
1306 1443 1532 1499 dictum
1571 1444 1643 1498 ab
1690 1443 1914 1499 fEschi-

253 1551 354 1601 ne,
385 1532 527 1587 Selli
565 1533 649 1598 F.,
679 1532 780 1602 qui
813 1549 1038 1603 pauper
1066 1533 1305 1587 divitem
1357 1551 1418 1589 se
1447 1533 1598 1588 falso
1629 1534 1911 1605 jactabat.

251 1624 441 1677 Etiam
493 1617 727 1680 σὲλλους
759 1621 998 1689 glorioso
1020 1629 1248 1689 vocant,
1282 1627 1340 1677 et
1365 1624 1599 1693 gloriari
1619 1619 1913 1689 σελλίζειν.

324 1710 694 1774 Severianus,
720 1711 1140 1777 Damascenus,
1171 1727 1324 1765 unus
1376 1727 1442 1765 ex
1502 1712 1769 1783 primarii
1811 1728 1912 1783 ge-

251 1801 415 1855 neris
445 1798 890 1866 viris,Auxentii
922 1799 1190 1854 Callinici
1227 1801 1308 1867 F.,
1335 1807 1498 1855 ortus
1525 1801 1912 1866 exRomanis,

253 1888 356 1960 qui
391 1887 811 1942 Alexandriam
869 1887 1198 1943 incoluere.
1236 1889 1491 1958 Poetica,
1551 1889 1807 1944 oratoria
1857 1894 1916 1943 et
1948 1921 1990 1985 Β

243 1977 404 2049 juris
427 1975 616 2031 civilis
677 1975 924 2030 Romani
966 1977 1178 2047 peritia
1235 1977 1562 2032 instructus
1611 1979 1789 2032 etiam
1842 1979 1904 2031 in

255 2065 635 2138 philosophia
665 2064 1098 2119 instituendum
1132 2082 1193 2120 se
1225 2066 1432 2120 Proclo
1483 2066 1623 2121 dare
1651 2065 1904 2135 volebat,

253 2153 316 2208 ni
347 2161 533 2224 pater,
557 2152 658 2222 qui
688 2157 1002 2223 patronum
1026 2169 1336 2208 causarum
1370 2153 1645 2218 malebat,
1680 2155 1740 2209 id
1766 2172 1902 2225 pro-

249 2242 562 2297 hibuisset.
597 2239 708 2295 Sed
739 2246 904 2311 patre
935 2240 1232 2308 defuncto,
1287 2243 1570 2312 Athenas,
1627 2242 1728 2297 ubi
1761 2244 1906 2298 Pro-

247 2331 376 2386 clus
400 2335 542 2393 erat,
573 2329 875 2401 profectus
917 2330 1253 2396 somniavit,
1314 2332 1535 2386 montis
1587 2332 1904 2400 cacumini,

250 2425 534 2490 tanquam
567 2417 858 2483 vehiculo,
893 2435 954 2472 se
989 2418 1252 2491 insidere
1279 2424 1338 2473 et
1393 2425 1655 2474 montem
1709 2421 1907 2491 ipsum

249 2508 466 2580 auriga
498 2508 686 2562 instar
721 2506 962 2578 agitare.
1011 2507 1158 2562 llinc
1214 2507 1334 2562 fato
1389 2514 1447 2562 et
1503 2509 1804 2564 voluntate
1835 2508 1908 2562 ad

249 2613 438 2668 remp.
471 2595 752 2650 accedere
786 2600 845 2650 et
876 2595 1284 2667 magistratum
1315 2611 1533 2666 genere
1564 2613 1742 2666 quam
1775 2597 1906 2668 phi-

255 2685 589 2755 losophiam
621 2684 980 2754 beatumque
1016 2683 1201 2738 otium
1235 2684 1446 2739 sectari
1499 2684 1730 2739 maluit.
1765 2686 1910 2739 Cum

261 2779 465 2844 postea
496 2775 558 2829 in
584 2775 785 2829 odium
817 2774 1130 2829 incidisset
1158 2774 1496 2840 Ardaburii,
1517 2774 1715 2846 magni
1747 2775 1910 2829 illius

264 2863 806 2933 AsparisF.,multa
836 2863 908 2918 ab
941 2862 1044 2916 illo
1076 2879 1287 2934 passus
1317 2868 1408 2916 est
1425 2863 1838 2918 sanctissimus
1855 2867 1913 2916 et

267 2970 447 3024 supra
475 2953 717 3008 modum
748 2953 1052 3026 religionis
1084 2955 1297 3008 Graca
1344 2953 1553 3008 cultor.
1588 2955 1912 3009 Isocrateas

270 3042 449 3096 etiam
481 3043 777 3096 orationes
809 3041 1172 3113 copiosiores
1187 3041 1328 3096 etde
1359 3058 1484 3113 rep.
1505 3049 1748 3114 agentes
1764 3042 1911 3096 mihi

269 3130 582 3196 enarravit,
617 3147 736 3184 non
767 3130 1088 3185 artiﬁcioso
1137 3129 1242 3184 illo
1292 3135 1351 3184 et
1407 3130 1750 3201 sophistica,
1811 3130 1915 3185 sed

263 3218 543 3290 prudenti
601 3224 661 3274 et
688 3218 1101 3290 philosophico
1131 3235 1315 3274 more.
1377 3218 1539 3274 Idem
1590 3219 1913 3285 lulianum,

2023 659 2135 698 nec
2166 643 2327 697 illius
2357 659 2571 713 corpus
2597 641 2914 711 quisquam
2956 639 3211 710 amplius
3241 646 3532 707 cerneret,
3565 657 3675 696 nec

2020 747 2116 785 res
2143 731 2206 785 in
2240 732 2360 784 illis
2387 731 2639 800 scriptas
2664 729 2904 797 legeret.

2099 820 2365 883 Severus,
2401 823 2660 890 Σευῆρος.
2695 817 2796 870 Hic
2853 821 2986 886 post
3031 815 3330 870 infelicem
3358 817 3527 871 illum
3561 819 3673 871 Eu-

2025 909 2261 978 tychem
2295 907 2536 972 exstitit,
2571 911 2630 961 et
2658 922 2791 960 cum
2831 904 3159 960 Antiochia
3189 904 3470 958 thronum
3499 907 3673 961 malis

2021 998 2248 1052 artibus
2278 1002 2646 1067 occupasset,
2679 994 2968 1049 Manentis
2999 999 3058 1048 et
3087 994 3446 1064 Apollinaris
3476 1002 3536 1049 et
3559 998 3675 1050 Eu-

2019 1086 2210 1157 tychis
2269 1085 2543 1140 haeresim
2597 1083 2862 1139 stabilire
2911 1082 3253 1137 conabatur.
3286 1085 3368 1137 Ex
3425 1085 3676 1139 ecclesia

2019 1176 2220 1246 itaque
2261 1175 2468 1246 pulsus
2525 1174 2586 1228 in
2634 1171 3084 1237 Alexandrinos,
3119 1172 3404 1242 populum
3460 1172 3670 1229 levem,

2019 1266 2274 1320 turbinis
2305 1271 2365 1319 et
2420 1263 2697 1335 procella
2755 1262 2944 1316 instar
3001 1262 3229 1316 incidit.
3273 1264 3416 1316 Cum
3473 1269 3671 1317 autem

2024 1355 2120 1410 hic
2152 1370 2389 1425 quoque
2415 1353 2534 1408 alia
2564 1350 2827 1424 procella
2855 1351 2966 1421 ipsi
3001 1356 3060 1406 et
3111 1351 3328 1422 populo
3368 1356 3669 1419 restasset,

2025 1445 2227 1498 omnia
2249 1443 2519 1497 confudit
2539 1447 2598 1496 et
2625 1439 3006 1511 perturbavit.
3053 1440 3323 1494 Julianus
3349 1441 3508 1494 enim
3539 1441 3675 1511 qui-

2022 1532 2156 1588 dam
2190 1530 2917 1596 Halicarnassensis,Asia
2947 1529 3280 1600 episcOpus,
3311 1546 3410 1584 eos
3427 1529 3675 1600 dissipa-

2017 1623 2118 1678 vit.
2152 1623 2364 1677 Confer
2395 1637 2594 1692 supra,
2628 1620 2687 1672 in
2717 1618 2972 1673 Juliano.

2092 1713 2322 1778 Sextus,
2369 1709 2806 1774 Charonensis,
2857 1708 3156 1762 Plutarchi
3208 1708 3428 1762 sororis
3486 1709 3668 1778 ﬁlius,

2019 1800 2432 1871 philosophus,
2462 1798 2562 1869 qui
2611 1798 2721 1851 fuit
2751 1797 2820 1850 M.
2863 1797 3143 1850 Antonini
3173 1797 3418 1851 Casaris
3451 1802 3671 1867 tempo-

2021 1889 2209 1955 ribus,
2243 1885 2980 1956 Herodoti,Philadelpha,
3013 1885 3342 1955 discipulus
3373 1891 3668 1956 sectaque

2019 1979 2360 2050 Pyrrhonia
2389 1977 2658 2032 addictus
2689 1978 2818 2047 (2i).
2854 1975 2956 2030 llic
2982 1975 3137 2046 apud
3167 1975 3585 2045 imperatorem
3604 1975 3666 2029 in

2018 2073 2182 2123 tanto
2214 2068 2442 2122 honore
2487 2071 2632 2133 erat,
2665 2071 2730 2120 ut
2786 2081 2906 2119 una
2952 2080 3086 2118 cum
3145 2080 3212 2118 eo
3266 2065 3368 2135 jus
3419 2063 3661 2118 diceret.

2018 2158 2264 2228 Scripsit
2317 2156 2540 2222 Ethica,
2596 2155 2859 2224 itemque
2910 2154 3163 2223 Sceptica
3221 2153 3374 2208 libris
3411 2155 3474 2208 X.
3525 2155 3668 2208 Post

2018 2243 2324 2299 Commodi
2355 2249 2603 2298 mortem
2638 2241 2879 2312 quidam
2909 2258 2972 2297 se
3005 2241 3230 2295 Sixtum
3269 2240 3465 2295 dicere
3488 2257 3670 2295 ausus

2019 2333 2564 2403 est,facultatesque
2595 2336 2653 2386 et
2682 2330 3028 2402 dignitatem
3060 2331 3188 2401 ejus
3219 2330 3332 2384 sibi
3354 2330 3672 2393 vindicare,

2019 2422 2120 2493 qui
2169 2438 2205 2476 a
2262 2419 2466 2476 multis
2526 2435 2682 2488 sape
2741 2419 3136 2490 interrogatus
3168 2418 3311 2472 scite
3347 2418 3673 2489 respondit.

2019 2513 2130 2568 Sed
2143 2528 2276 2567 cum
2292 2513 2563 2582 pertinax
2589 2509 2881 2564 nonnulla
2893 2509 2966 2564 ad
2980 2509 3376 2564 eruditionem
3391 2510 3674 2564 Graecam,

2019 2603 2192 2672 cujus
2223 2601 2324 2654 ille
2356 2599 2521 2654 rudis
2579 2605 2726 2662 erat,
2759 2599 3120 2669 pertinentia
3161 2614 3231 2652 ex
3262 2614 3329 2652 eo
3362 2603 3675 2669 quareret,

2021 2691 2194 2762 longe
2226 2707 2260 2745 a
2291 2706 2468 2761 scopo
2519 2688 2830 2753 aberravit,
2861 2705 3017 2754 cum,
3052 2688 3194 2758 quid
3227 2688 3544 2753 diceretur,
3598 2704 3674 2742 ne

2021 2779 2357 2851 intelligere
2417 2777 2659 2848 quidem
2719 2782 2939 2847 posset.
2973 2777 3130 2833 Adeo
3188 2784 3403 2832 natura
3434 2777 3675 2848 quidem

2021 2869 2249 2923 vultum
2282 2867 2335 2922 ei
2369 2865 2628 2922 similem
2662 2865 2937 2928 habebat,
2970 2866 3320 2936 caterisque
3376 2867 3440 2919 in
3499 2865 3675 2920 rebus

2027 2963 2152 3014 arte
2183 2973 2318 3012 eum
2349 2954 2663 3023 referebat,
2695 2954 2966 3009 doctrina
3003 2971 3138 3008 vero
3171 2954 3379 3010 eadem
3411 2955 3679 3010 excultus

2029 3063 2150 3102 non
2183 3051 2325 3100 erat.

2100 3135 2328 3200 Sextus,
2362 3132 2501 3188 Afer
2529 3134 2663 3202 (22).
2696 3132 3110 3204 philosophus,
3144 3133 3382 3204 scripsit
3427 3135 3680 3203 Sceptica

2031 3225 2150 3280 sive
2181 3223 2498 3292 Pyrrhonia
2529 3222 2683 3276 libris
2701 3224 2769 3276 X.

259 3285 503 3362 fratrem
533 3285 730 3362 meum
762 3309 874 3376 (20)
905 3285 1051 3362 natu
1082 3307 1372 3362 minorem
1396 3309 1480 3364 sic
1510 3309 1582 3364 ad
1631 3308 1915 3380 eloquen-
1947 3285 1991 3352 θ
2099 3285 2323 3382 Sibylla
2347 3309 2651 3382 Delphica,
2709 3325 2889 3380 quam
2919 3310 3099 3364 etiam
3137 3309 3375 3365 Dianam
3413 3313 3682 3383 appella-

263 3397 360 3451 tia
394 3395 654 3451 studium
688 3395 1097 3463 inﬂammavit,
1130 3401 1196 3451 ut
1225 3414 1362 3452 eum
1405 3403 1462 3452 et
1511 3403 1716 3468 poetas
1748 3403 1805 3452 et
1834 3413 1923 3452 ce-

263 3485 460 3540 lebres
491 3491 754 3540 oratores
781 3485 1046 3540 ediscere
1079 3485 1338 3557 juberet.
1372 3488 1444 3540 Et
1499 3487 1648 3542 alios
1678 3487 1922 3557 quidem

265 3580 468 3644 poetas
535 3579 837 3644 utcunque
897 3574 1204 3645 probabat,
1265 3581 1326 3630 at
1372 3576 1801 3632 Callimachum
1859 3576 1922 3630 in

266 3680 484 3718 manus
516 3680 780 3730 sumens,
811 3663 1016 3718 Afrum
1038 3663 1199 3718 hunc
1212 3670 1447 3734 poetam
1475 3681 1784 3736 nunquam
1801 3681 1922 3719 non

267 3751 491 3806 derisit.
521 3752 673 3816 Quin
687 3751 942 3806 lectione
963 3751 1092 3820 ejus
1108 3751 1256 3805 adeo
1270 3752 1702 3820 offendebatur,
1734 3753 1919 3807 inter-

268 3840 410 3896 dum
442 3846 508 3895 ut
535 3841 755 3895 librum
789 3839 918 3911 ejus
971 3845 1346 3909 conspueret.
1406 3840 1552 3894 Huic
1593 3842 1746 3895 Zeno
1776 3841 1919 3912 imp.

267 3930 600 4000 proximam
625 3946 659 3984 a
690 3945 751 3984 se
807 3929 1152 4000 dignitatem
1186 3928 1488 3999 pollicitus
1517 3935 1625 3993 est,
1668 3929 1718 3984 si
1748 3930 1921 3984 Chri-

271 4019 499 4072 stianus
532 4018 660 4071 fieri
683 4017 897 4072 vellet:
932 4023 992 4070 et
1019 4017 1146 4087 ipse
1178 4017 1350 4071 nobis
1379 4018 1713 4088 epistolam,
1745 4019 1920 4090 polli-

269 4107 580 4160 citationes
611 4105 747 4160 illas
806 4105 1234 4172 continentem,
1293 4106 1397 4161 sed
1455 4107 1606 4161 nihil
1649 4108 1806 4179 apud
1862 4125 1924 4163 se

269 4194 700 4265 proficientem,
754 4194 1042 4250 recitavit.
1107 4193 1424 4250 Arcadium
1483 4197 1680 4251 etiam.
1730 4198 1922 4252 Laris-

272 4299 477 4346 saum,
511 4300 616 4354 per
638 4282 953 4354 epistolam
983 4283 1332 4355 objurgavit.
1375 4285 1519 4340 Nam
1552 4285 1924 4344 Severianus.

270 4374 332 4428 in
366 4373 633 4444 epistolis
665 4373 999 4428 scribendis
1030 4389 1167 4428 acer
1206 4379 1264 4428 et
1291 4374 1569 4430 cordatus
1599 4380 1745 4431 erat.

345 4463 610 4530 Severus,
645 4457 912 4535 Σεϐῆρος,
970 4463 1238 4534 sophista
1292 4465 1594 4519 Romanus
1651 4464 1758 4518 sub
1808 4471 1924 4520 An-

275 4551 520 4619 themio,
551 4552 692 4623 imp.
745 4551 859 4606 fuit
889 4552 1309 4608 Alexandriam
1348 4569 1484 4608 vero
1513 4553 1813 4625 profectus
1861 4555 1924 4609 in

2028 3405 2185 3455 runt.
2225 3399 2374 3454 Vixit
2422 3404 2560 3454 ante
2591 3398 2816 3454 bellum
2871 3400 3212 3471 Trojanum,
3265 3401 3502 3472 scripsit
3550 3419 3681 3459 ora-

2031 3489 2164 3564 cula
2191 3488 2476 3546 versibus.

2099 3578 2337 3650 Sibylla
2383 3575 2673 3632 Chaldaa
2740 3581 2909 3648 pater
2962 3579 3236 3649 Berosus,
3289 3583 3480 3635 mater
3538 3585 3685 3652 Ery-

2031 3667 2295 3722 manthe.

2103 3753 2345 3825 Sibylla,
2379 3751 2670 3823 Apollinis
2727 3757 2786 3806 et
2816 3751 3031 3806 Lamia
3055 3753 3136 3818 F.,
3167 3752 3258 3807 vel
3305 3754 3683 3810 Aristocratis

2032 3846 2091 3896 et
2146 3841 2418 3913 Hydoles,
2471 3841 2562 3895 vel
2607 3841 2962 3912 Crinagora,
3021 3841 3131 3910 vel,
3189 3847 3256 3896 ut
3303 3843 3680 3915 Hermippus,

2032 3929 2341 3994 Theodori,
2377 3929 2700 4001 Erythras,
2734 3934 2874 3984 nata
2901 3929 2963 3983 in
2993 3929 3122 3984 loco
3155 3930 3543 3996 Erithrarum,
3577 3933 3682 4002 qui

2033 4018 2351 4073 vocabatur
2379 4017 2548 4082 Batti,
2581 4033 2740 4071 nunc
2771 4016 3010 4071 condita
3040 4017 3162 4072 illic
3192 4017 3358 4085 urbe,
3391 4019 3678 4089 Erythra.

2034 4107 2282 4172 Quidam
2331 4105 2591 4161 Siculam
2624 4105 2887 4171 tradunt,
2919 4105 3018 4159 alii
3052 4105 3418 4172 Sardianam,
3474 4108 3685 4180 Gerge-

2035 4197 2241 4262 thiam,
2270 4194 2584 4262 Rhodiam,
2616 4194 2940 4265 Libyssam,
2961 4195 3276 4264 Lucanam,
3307 4196 3398 4250 vel
3429 4197 3688 4252 Samiam

2036 4286 2316 4356 denique.
2342 4285 2473 4339 Fuit
2521 4289 2655 4355 post
2713 4289 2945 4354 captam
2992 4284 3200 4339 urbem
3231 4286 3464 4357 Trojam
3513 4287 3688 4340 annis

2034 4375 2501 4432 CCCCLXXXIII.
2533 4373 2898 4444 Conscripsit
2934 4373 3117 4428 libros
3148 4375 3292 4430 istos
3325 4392 3338 4428 :
3367 4375 3515 4449 ’Περὶ
3547 4372 3688 4428 παλ-

2039 4468 2152 4536 μῶν
2183 4466 2260 4518 De
2307 4464 2811 4534 patpitatiom'bus:
2846 4460 3028 4530 Μέλη,
3063 4463 3321 4519 Carmina
3339 4463 3687 4535 ίΧρησμούς,

2037 4553 2294 4608 Oracula.
2349 4552 2567 4606 Eadem
2624 4552 2802 4606 etiam
2860 4551 3054 4622 prima
3101 4553 3458 4622 triquetrum
3501 4569 3688 4624 genus

275 4640 394 4694 otio
425 4639 836 4710 philosophico
860 4641 1036 4695 vitam
1069 4642 1377 4713 transegit,
1409 4643 1704 4698 variorum
1746 4643 1932 4699 libro-
1959 4649 2007 4714 Ι)
2036 4642 2179 4712 lyra
2199 4641 2386 4695 fertur
2413 4639 2734 4694 invenisse.

274 4745 407 4784 rum
433 4727 605 4798 copia
634 4727 868 4783 abunde
891 4729 1234 4783 instructus.
1271 4731 1436 4785 Viros
1449 4737 1646 4786 autem
1660 4733 1932 4788 doctrina

277 4821 652 4889 prastantes,
687 4816 735 4871 si
765 4816 1083 4886 quisquam
1113 4817 1284 4886 alius,
1311 4818 1386 4873 ad
1417 4835 1480 4874 se
1508 4819 1682 4875 facile
1703 4827 1928 4892 pertra-

275 4907 418 4961 here
457 4909 718 4960 noverat.

346 4997 595 5051 Severus
626 4995 986 5065 (imperator)
1016 5011 1127 5049 nec
1146 4995 1541 5052 humanarum
1571 5014 1679 5054 nec
1700 4998 1927 5054 divina-

271 5103 403 5141 rum
436 5101 634 5140 rerum
669 5084 994 5155 quidquam
1052 5084 1592 5159 impervestigatum
1624 5093 1690 5142 ut
1744 5089 1928 5144 relin-

272 5180 505 5247 queret,
535 5173 626 5228 vel
651 5173 1059 5228 occultissima
1111 5181 1515 5246 perscrutatus
1547 5182 1654 5232 est.
1695 5179 1765 5230 Et
1794 5177 1926 5233 ideo

269 5265 455 5320 libros
511 5280 740 5331 omnes,
804 5263 903 5333 qui
955 5263 1180 5333 aliquid
1237 5266 1438 5320 arcani
1494 5265 1811 5337 habebant,
1869 5271 1929 5322 et

272 5370 662 5424 quoscunque
706 5352 969 5424 reperire
999 5353 1212 5424 potuit,
1264 5371 1334 5409 ex
1381 5355 1658 5410 omnibus
1733 5355 1925 5428 adytis

365 5536 456 5605 20)
489 5529 991 5605 Damasciiverba
1020 5535 1177 5605 sunt.

367 5599 452 5680 2i)
499 5607 707 5680 “Hunc
788 5599 1431 5680 Sextum,_&8elqn805_¢
1483 5603 1847 5680 Πλορεςὰρχοο
1877 5621 1925 5680 _a

276 5673 458 5732 Suida
482 5675 726 5742 dictum,
752 5690 872 5749 non
905 5673 1180 5749 eumdem
1235 5673 1362 5733 esse
1391 5678 1499 5748 (uti
1532 5673 1924 5749 quida'm'opi-

276 5749 617 5821 nabantur),
649 5764 783 5804 cum
839 5747 1010 5802 Sexto
1068 5747 1405 5818 Pyrrhonio
1454 5747 1573 5806 sive
1603 5747 1924 5822 Empirico,

2113 4730 2358 4802 Sibylla,
2391 4728 2639 4797 Helissa,
2694 4728 2934 4799 scripsit
2979 4728 3244 4784 versibus
3298 4729 3578 4784 vaticinia
3633 4733 3693 4785 et

2039 4821 2298 4877 oracula.

2110 4908 2332 4980 Sibylla
2361 4907 2747 4978 C010phonia,
2781 4923 2912 4977 qua
2942 4913 3146 4963 vocata
3191 4907 3303 4963 fuit
3330 4911 3622 4978 Lampusa,
3656 4924 3692 4966 a

2037 4999 2354 5054 Calchante
2383 4996 2654 5052 oriunda.
2679 4996 2810 5066 Ipsa
2847 5012 3084 5067 quoque
3129 4996 3368 5069 scripsit
3412 4998 3690 5055 vaticinia

2039 5093 2097 5143 et
2126 5087 2366 5142 oracula
2393 5084 2682 5153 versibus,
2712 5092 2770 5140 et
2797 5085 2957 5142 alia.‘

2109 5175 2332 5247 Sibylla
2359 5173 2657 5241 Thessala,
2691 5173 2851 5228 dicta
2874 5174 3053 5228 etiam
3075 5178 3284 5245 Manto,
3310 5192 3441 5247 qua
3473 5193 3506 5232 a
3526 5178 3687 5233 Tire-

2037 5267 2124 5322 sia
2152 5281 2338 5338 genus
2364 5264 2549 5318 duxit.

2106 5354 2331 5426 Sibylla
2348 5352 2620 5424 Phrygia,
2654 5368 2688 5407 a
2736 5352 3092 5424 quibusdam
3123 5359 3330 5410 vocata
3370 5356 3578 5425 Sarbis,
3609 5355 3683 5412 ab

2033 5535 2246 5590 Kuster
2273 5532 2436 5603 (tom.
2469 5530 2568 5599 III,
2588 5545 2728 5604 pag.
2763 5530 2912 5604 299),
2945 5533 3311 5604 argumentis
3356 5549 3496 5588 usus
3539 5534 3676 5587 Jon-

2033 5606 2127 5675 sii,
2158 5606 2254 5673 III,
2279 5602 2407 5675 cap.
2443 5605 2529 5671 12,
2583 5602 2798 5657 Histor.
2855 5602 3195 5676 philosoph.
3254 5605 3371 5660 late
3428 5604 3676 5660 demon-

2031 5677 2222 5733 travit.
2255 5676 2430 5730 Hum.

2100 5750 2214 5821 (22)
2247 5749 2350 5803 ilic
2381 5751 2471 5804 est
2489 5746 2696 5802 Sextus
2723 5745 3076 5817 Empiricus.
3104 5749 3280 5802 Hann.
