4088 6312
220 386 379 452 13ι5

1525 393 1631 456 DE
1675 376 1959 464 amans
2003 370 2317 454 smmis.

3363 383 3366 388 ’
3475 375 3652 442 1346¹

226 543 351 600 cus,
385 528 624 600 scripsit
652 528 988 585 Graecorum
1041 533 1395 585 conventum
1432 529 1496 584 in
1554 527 1866 594 Aulidem;
1898 528 1950 594 Α
1983 525 2192 590 Citieo,
2245 524 2346 594 qui
2409 524 2663 579 Stoicam
2723 520 2987 578 scholam
3043 517 3324 583 instituit,
3375 515 3634 586 vixitque

225 620 632 673 trimetrorum
663 618 847 673 libros
879 620 948 687 II,
984 620 1063 674 De
1092 619 1400 691 Iphigenia
1428 634 1634 673 unum.

297 708 653 764 Simonides.
690 709 794 763 Hic
826 708 968 779 imp.
997 709 1218 764 Ioviani
1251 708 1618 780 temporibus
1639 706 1799 773 vixit,
1821 710 1881 760 et

225 797 615 870 philosophus
647 798 1014 854 clarissimus
1041 799 1174 854 fuit.

299 887 654 954 Simonides,
735 888 930 942 Crinei
989 889 1050 943 F.
1112 888 1488 960 Amorginus,
1547 887 1880 942 iamborum

228 976 498 1046 scriptor,
533 977 771 1047 scripsit
792 977 1116 1048 elegiarum
1142 978 1327 1032 libros
1349 979 1414 1031 lI.
1458 979 1596 1032 Item
1629 977 1876 1033 iambos.

228 1065 382 1119 Vixit
403 1071 601 1119 autem
623 1065 768 1136 ipse,
796 1065 967 1119 annis
990 1068 1115 1133 490,
1138 1070 1272 1138 post
1291 1065 1516 1120 bellum
1538 1067 1877 1137 Trajanum.

226 1153 562 1208 Secundum
595 1153 882 1224 quosdam
935 1155 1030 1208 hic
1079 1155 1338 1225 primum
1367 1153 1595 1209 iambos
1625 1155 1880 1225 scripsit.

219 1241 406 1312 (Conf.
443 1242 618 1312 paulo
648 1248 842 1308 antea,
882 1243 954 1297 de
987 1243 1252 1310 Simmia,
1285 1243 1535 1309 Rhodio,
1577 1243 1774 1310 dicta.)

296 1331 519 1396 Simon,
554 1332 840 1402 sophista.
875 1332 975 1401 qui
1007 1332 1308 1403 publicam
1350 1332 1664 1404 pecuniam
1696 1335 1881 1388 inter-

221 1419 499 1474 vertebat.
528 1419 729 1475 Simon
755 1425 814 1475 et
833 1420 1174 1476 Theodorus
1198 1427 1256 1476 et
1276 1422 1632 1493 Cleonymus
1657 1422 1882 1494 perjuri

222 1509 520 1580 Aristoph.

293 1598 664 1669 Simplicius,
696 1598 1111 1669 philosophus.

289 1687 535 1742 Siricius
566 1688 830 1758 Neapoli,
863 1688 1007 1743 urbe
1047 1689 1410 1758 Palaastinaa,
1442 1691 1750 1758 oriundus,
1791 1707 1883 1745 so-

220 1776 436 1848 phista,
485 1775 815 1847 discipulus
865 1777 1292 1845 Andromachi,
1349 1780 1450 1850 qui
1509 1796 1616 1850 per
1642 1779 1884 1850 aliquod

222 1869 456 1957 tempus
504 1863 754 1957 Athenis
799 1864 1022 1933 docuit,
1079 1866 1319 1937 scripsit
1367 1869 1876 1938 Progymnasmata,
1909 1892 1955 1957 Β

223 1960 279 2009 et
309 1953 758 2009 Declamationes.

289 2043 605 2111 Sisinnius,
665 2043 1149 2110 Novatianorum,
1220 2044 1554 2115 episcopus,
1611 2049 1722 2100 etc.
1786 2050 1880 2111 (ex

217 2132 489 2196 Socratis,
529 2133 617 2199 VI,
653 2135 722 2186 22
772 2133 917 2186 Hist.
953 2137 1012 2186 et
1040 2133 1157 2188 alia
1205 2133 1277 2187 de
1326 2133 1583 2188 Sisinnio
1615 2135 1876 2190 narratio

215 2237 284 2274 ex
312 2221 631 2276 Sozomeno
660 2221 762 2275 lib.
789 2237 910 2288 vm,
940 2238 1069 2292 cap.
1103 2222 1166 2291 ι.)

291 2310 603 2380 Σμηκίθης.
633 2311 698 2365 In
744 2310 982 2365 tabellis
1033 2311 1278 2365 nomina
1327 2328 1530 2365 eorum
1562 2313 1662 2382 qui
1691 2313 1752 2367 in
1777 2313 1878 2384 jus

214 2400 566 2466 citabantur,
601 2399 846 2454 inscribi
900 2399 1024 2454 sole
1039 2399 1203 2467 bant,
1237 2402 1474 2470 Aspasia
1515 2408 1566 2456 et
1602 2401 1877 2471 dominus,

213 2488 273 2542 id
306 2494 396 2542 est
423 2488 672 2542 maritus
704 2489 856 2559 ejus.

281 2577 570 2643 Socrates,
600 2577 1008 2647 Sophronisci,
1047 2579 1338 2645 statuarii,
1376 2584 1433 2632 et
1464 2579 1874 2648 Phaenaretes,

213 2667 566 2732 obstetricis,
592 2668 675 2732 F.,
701 2669 961 2738 primum
992 2669 1312 2722 statuarius
1335 2667 1446 2722 fuit
1474 2683 1486 2722 :
1515 2668 1687 2724 aiunt
1716 2671 1875 2725 enim

222 2741 448 2810 Gratias
477 2755 716 2810 vestitas
750 2757 998 2811 Athenis
1046 2757 1174 2828 ejus
1220 2757 1403 2811 fuisse
1448 2774 1618 2828 opus.
1653 2758 1876 2813 Deinde

217 2845 674 2916 philoSOphatus
704 2851 812 2913 est,
847 2846 1047 2901 audito
1081 2849 1444 2919 Anaxagora,
1483 2847 1874 2912 Clazomenio,

218 2941 427 3005 postea
486 2936 766 3000 Damone,
826 2936 966 2991 hinc
1023 2935 1330 2991 Archelao.
1378 2936 1764 2992 Aristoxenus
1798 2939 1880 2992 ait

215 3023 473 3094 primum
506 3023 798 3078 audivisse
850 3025 1224 3092 Archelaum,
1261 3030 1369 3080 etc.
1403 3027 1714 3097 Ingressus
1740 3027 1875 3081 viri-

217 3112 336 3166 lem
367 3117 621 3180 eetatem,
655 3112 729 3167 ad
761 3114 1150 3185 Amphipolin
1177 3119 1235 3169 et
1261 3115 1582 3170 Potidaeam
1603 3115 1879 3170 militavit

218 3206 277 3255 et
301 3202 373 3256 ad
410 3201 662 3256 Delium.
697 3203 851 3257 Duas
890 3203 1099 3258 habuit
1146 3220 1380 3271 uxores,
1413 3203 1810 3276 Xanthippen,
1843 3222 1873 3259 e

217 3307 334 3361 qua
364 3291 738 3362 Lamprocles
770 3297 944 3348 natus
976 3299 1084 3359 est,
1119 3298 1176 3347 et
1215 3294 1564 3364 Myrtonem,
1598 3293 1873 3350 Aristidis

213 3380 361 3436 Justi
394 3380 602 3446 ﬁliam,
635 3398 701 3436 ex
731 3398 855 3452 qua
899 3382 1332 3453 Sophroniscus
1377 3388 1436 3437 et
1479 3384 1878 3453 Menedemus,

218 3470 335 3524 sive
351 3471 890 3525 Menexenus.Vixit
908 3476 1176 3543 tempore
1198 3472 1340 3526 belli
1361 3472 1878 3543 Peloponnesiaci.

219 3563 276 3613 et
327 3559 569 3630 quidem
620 3566 794 3615 natus
858 3561 1204 3632 Olympiade
1256 3561 1517 3615 LXXVII.
1572 3562 1729 3616 Vixit
1770 3579 1876 3618 an~

219 3664 328 3702 nos
385 3647 630 3716 LXXX;
709 3649 974 3719 obiitque
1060 3650 1466 3720 imprudentia
1517 3651 1613 3705 vel
1682 3652 1880 3722 potius

220 3737 484 3793 amentia
534 3739 1011 3803 Atheniensium,
1063 3744 1305 3793 coactus
1352 3738 1558 3794 bibere
1588 3739 1877 3796 cicutam:

222 3830 439 3895 Hymno
485 3829 542 3880 in
591 3827 899 3896 Apollinem
945 3833 999 3880 et
1049 3829 1288 3881 Dianam
1330 3831 1388 3881 et
1416 3830 1646 3898 Esopea
1671 3830 1882 3885 Fabula

219 3915 386 3969 nullo
417 3915 533 3969 alio
567 3916 784 3986 scripto
817 3914 1254 3984 relicto,quam,
1279 3921 1347 3969 ut
1377 3917 1626 3986 quidam
1655 3919 1880 3986 volunt,

216 4002 488 4056 versibus
520 4002 759 4073 scripta.
816 4001 1212 4073 Philosophos
1243 4004 1474 4058 effecit:
1546 4005 1878 4080 Platonem,

218 4091 344 4162 qui,
371 4090 579 4145 relicto
606 4091 812 4161 Lyceo,
845 4091 1109 4148 traduxit
1132 4092 1398 4148 scholam
1421 4095 1483 4149 in
1506 4095 1876 4162 suburbium,

215 4178 374 4250 quod
405 4178 726 4235 Academia
758 4185 1000 4236 vocatur
1018 4182 1294 4254 (ejusque
1318 4188 1639 4239 sectatores
1665 4187 1882 4242 Acade-

219 4268 361 4323 mici
385 4267 525 4323 dicti
551 4285 737 4339 usque
759 4270 832 4325 ad
851 4271 1253 4326 Aristotelem.
1274 4273 1328 4326 Is
1353 4273 1513 4327 enim
1535 4274 1596 4328 in
1621 4275 1878 4345 quodam

219 4357 392 4412 horto
415 4363 551 4414 ante
576 4359 786 4415 urbem
807 4360 920 4415 sito
938 4360 1147 4416 ludum
1169 4361 1528 4418 litterarium
1549 4365 1800 4435 aperuit,
1822 4370 1884 4420 et

213 4445 277 4499 ἐκ
321 4451 418 4500 τοῦ
472 4447 588 4501 κατ’
645 4446 806 4503 αὐτὸν
865 4450 1172 4523 περιπάτου
1233 4467 1266 4505 a
1301 4455 1554 4522 peripato
1593 4454 1714 4508 sive
1747 4454 1878 4510 loco

217 4534 741 4602 deambulationis,
770 4539 871 4610 qui
903 4539 966 4594 in
998 4540 1102 4594 illo
1155 4540 1326 4594 horto
1359 4547 1504 4610 erat,
1537 4559 1676 4598 suos
1706 4543 1877 4598 disci-

1981 611 2326 684 Olympiade
2357 609 2566 665 CXXV.
2597 609 2706 662 Alii
2738 609 3060 676 Brysonem
3087 621 3207 658 non
3242 600 3623 671 Socratis,sed

1979 698 2240 754 Euclidis
2270 697 2600 752 auditorem
2633 695 2902 750 scribunt
2927 694 3128 748 fuisse.
3164 693 3487 762 Brysonem
3519 705 3626 745 au-

1982 785 2126 840 divit
2154 783 2399 857 Pyrrho,
2431 801 2465 840 a
2493 800 2608 855 quo
2653 780 2985 854 Pyrrhonii.
3017 811 3084 819 —
3115 781 3407 832 Praeterea
3437 777 3622 832 disci-

1981 873 2152 944 pulos
2192 871 2400 927 habuit
2449 871 2754 926 Socrates:
2810 865 3197 930 Alcibiadem,
3231 864 3621 931 Critobulum,

1983 960 2404 1023 Xenomedem,
2429 958 2874 1031 Apollodorum,
2899 954 3159 1013 Critiam.
3191 951 3586 1006 Athenienses
3612 968 3625 1018 ;

1986 1051 2108 1102 tum
2139 1044 2460 1112 Critonem,
2519 1045 2840 1111 Simonem,
2897 1039 3210 1096 Eumarem
3259 1035 3625 1103 Phliasium;

1986 1134 2328 1201 Simmiam,‘
2363 1133 2746 1198 Thebanum;
2797 1129 3202 1200 Terpsionem,
3237 1125 3626 1196 Megaricum;

1985 1223 2264 1287 Evenum,
2296 1221 2806 1292 Chaerephontem.
2840 1213 3181 1272 Theodorus
3207 1211 3633 1289 etiam,cogno—

1987 1314 2186 1363 mento
2218 1309 2777 1372 Atheus,Socratem
2809 1306 3048 1373 audivit,
3073 1303 3410 1379 docensque
3433 1301 3634 1364 omnia

1987 1411 2115 1450 esse
2166 1395 2585 1462 indifferentia,
2649 1400 2867 1450 sectam
2917 1394 3318 1449 Theodoream
3356 1394 3633 1450 instituit.

1986 1484 2128 1536 Eam
2159 1483 2551 1554 philosoPhiaa
2581 1489 2831 1553 partem,
2879 1499 3010 1551 qua
3061 1486 3151 1537 est
3180 1481 3252 1536 de
3283 1482 3549 1537 moribus
3583 1488 3640 1537 et

1987 1568 2321 1636 virtutibus,
2356 1568 2652 1641 praecipue
2683 1563 2867 1624 coluit
2896 1565 3186 1635 Socrates,
3221 1572 3278 1622 et
3299 1568 3425 1640 jam
3458 1586 3638 1624 senex

1989 1655 2215 1711 cithara
2244 1655 2449 1711 ludere
2479 1656 2687 1712 didicit
2711 1656 2867 1728 apud
2897 1655 3221 1722 Cononem,
3254 1661 3313 1710 et
3341 1656 3572 1711 derisus
3604 1673 3638 1712 a

1991 1742 2347 1814 quibusdam
2379 1743 2528 1798 dixit
2556 1743 2705 1797 illud
2738 1742 2970 1797 Solonis
2997 1759 3010 1796 :
3059 1742 3372 1814 Ὀψιμαθής
3421 1741 3633 1813 μᾶλλον

1989 1830 2023 1898 ἢ
2055 1829 2272 1900 ἀμαθὴς
2301 1833 2532 1886 Pra'stat
2573 1847 2712 1894 sero,
2760 1846 2925 1901 quam
2967 1847 3252 1899 nunquam
3275 1831 3497 1885 discere.
3533 1831 3636 1885 Hic

1986 1919 2349 1974 daemonium
2377 1920 2677 1990 quoddam
2727 1936 2927 1974 secum
2972 1919 3346 1974 familiariter
3375 1919 3635 1989 colloqui

1983 2009 2234 2065 dicebat.
2299 2009 2534 2064 Primus
2595 2005 3020 2080 Aristophanes
3079 2003 3344 2063 Nubibus
3398 2004 3634 2078 scriptis

1983 2099 2179 2170 ipsum
2227 2099 2594 2169 perstrinxit,
2645 2104 2712 2153 ut
2758 2103 3239 2169 corrumpentem
3272 2098 3542 2170 juvenes,
3578 2100 3635 2150 et

1982 2189 2222 2242 atheum
2254 2188 2450 2258 ipsum
2480 2189 2722 2253 vocavit,
2759 2188 2914 2259 quod
2959 2205 3066 2258 per
3109 2205 3315 2243 canem
3349 2192 3407 2244 et
3436 2188 3633 2260 plata-

1983 2293 2126 2330 num
2150 2278 2400 2347 juraret.
2433 2278 2643 2332 Postea
2685 2281 2913 2348 Anytus
2945 2283 3002 2332 et
3031 2278 3262 2332 Melitus
3293 2295 3427 2332 eum
3460 2295 3636 2334 accu-

1980 2371 2192 2421 sarunt
2213 2372 2270 2420 et
2289 2382 2452 2420 reum
2473 2383 2772 2438 peregere.
2791 2368 2855 2420 In
2878 2367 3271 2422 aestimatione
3293 2384 3425 2422 vero
3449 2383 3634 2439 poenae

1982 2455 2250 2510 Socrates
2283 2471 2343 2510 se
2374 2455 2665 2509 meruisse
2698 2454 2864 2520 dixit,
2899 2460 2964 2510 ut
3011 2453 3198 2510 victus
3230 2452 3290 2509 in
3343 2455 3633 2527 Prytaneo

1980 2543 2216 2614 publice
2244 2544 2356 2598 sibi
2384 2543 2769 2616 praeberetur.
2806 2545 2896 2598 Illi
2929 2561 3065 2599 vero
3094 2546 3304 2616 capitis
3336 2562 3469 2601 eum
3503 2563 3638 2601 con-

1979 2631 2358 2686 demnarunt.
2383 2633 2449 2685 In
2471 2631 2722 2686 vinculis
2750 2631 2848 2685 diu
2871 2632 3002 2696 fuit,
3030 2633 3218 2687 donec
3249 2635 3414 2688 navis
3446 2650 3631 2702 sacra,

1979 2715 2204 2786 Θεωρὶς,
2222 2717 2362 2771 Delo
2384 2717 2624 2772 rediret.
2651 2718 2887 2772 Critone
2912 2719 3198 2773 suadente
3224 2719 3420 2790 fugam
3445 2719 3637 2774 noluit

1979 2805 2180 2878 fugere
2212 2805 2477 2877 dixitque
2505 2806 2663 2878 leges
2691 2823 2812 2861 non
2845 2813 3117 2878 oportere
3153 2807 3382 2862 violari.
3418 2810 3641 2864 Hausta

1980 2893 2120 2948 hinc
2177 2893 2401 2948 circuta
2458 2893 2574 2948 voti
2632 2893 2999 2958 recordatus,
3056 2896 3360 2962 Immolale,
3420 2895 3635 2965 inquit,

1977 2979 2312 3050 Esculapio.
2341 2978 2613 3043 Quidam,
2647 2979 2858 3049 Cyrsas
2891 2979 3157 3047 nomine,
3189 2996 3406 3052 genere
3437 2982 3640 3050 Chius,

1979 3066 2242 3120 Athenas
2269 3066 2428 3119 venit
2460 3081 2595 3120 cum
2619 3066 2854 3120 Socrate
2877 3072 3355 3133 conversaturus,
3387 3069 3480 3122 cui
3510 3068 3643 3122 dor-

1981 3153 2388 3226 mientijuxta
2447 3154 2786 3226 sepulcrum
2839 3153 3114 3222 Socratis,
3165 3155 3227 3208 in
3277 3155 3504 3209 somnis
3537 3155 3637 3211 ille

1905 3256 1948 3324 C
1985 3247 2142 3301 visus
2200 3250 2290 3301 est
2343 3252 2401 3301 et
2457 3263 2593 3302 cum
2648 3263 2716 3301 eo
2776 3247 3125 3302 collocutus.
3161 3278 3228 3288 —-
3267 3248 3534 3303 Socrates
3567 3248 3638 3303 ab

1985 3337 2378 3408 Aristophane
2428 3337 2636 3392 Melius
2679 3343 2938 3407 vocatur,
2990 3337 3046 3391 id
3108 3342 3197 3392 est
3236 3339 3468 3406 atheus,
3501 3339 3640 3410 quia

1985 3426 2282 3493 Diagoras,
2320 3425 2546 3491 Melius,
2580 3425 2822 3480 infamis
2851 3431 2976 3480 erat
3021 3430 3088 3481 ut
3130 3427 3377 3481 deorum
3416 3444 3553 3482 osor
3584 3433 3643 3482 et

1985 3513 2192 3568 hostis.
2226 3513 2502 3584 Diagoras
2553 3513 2653 3567 ille
2704 3513 2874 3567 initio
2924 3515 3056 3584 pius
3104 3519 3250 3580 erat,
3300 3519 3505 3585 postea
3537 3515 3640 3568 de-

1985 3600 2177 3671 posito
2225 3600 2554 3669 fraudatus,
2597 3599 2669 3655 ad
2719 3600 3088 3670 impietatem
3121 3601 3434 3672 prolapsus
3469 3607 3557 3655 est
3588 3609 3642 3656 et

1987 3688 2127 3743 deos
2177 3705 2305 3744 esse
2365 3689 2614 3761 negavit.
2677 3690 2867 3753 Quare
2921 3690 3315 3744 Athenienses
3346 3690 3638 3761 indignati

1985 3779 2222 3833 Melium
2253 3779 2427 3833 malis
2456 3779 2800 3834 affecerunt.
2850 3811 2919 3819 —
2971 3780 3104 3834 Fuit
3151 3784 3208 3833 et
3246 3780 3636 3852 Aristagoras,

1985 3867 2191 3922 Melius
2248 3873 2421 3938 poeta
2472 3867 2961 3938 dithyrambicus,
3021 3869 3124 3939 qui
3165 3868 3325 3940 quod
3357 3870 3640 3942 mysteria

1983 3955 2287 4011 Eleusinia
2317 3956 2665 4028 evulgasset,
2715 3956 2882 4012 valde
2931 3957 3148 4029 impius
3183 3958 3487 4028 judicatus
3526 3963 3635 4012 est.

1984 4042 2070 4098 Ab
2121 4043 2224 4098 illo
2272 4049 2537 4115 tempore
2595 4044 2809 4099 comici
2866 4045 3068 4100 Melios
3122 4050 3186 4099 ut
3242 4045 3455 4116 impios
3503 4061 3640 4118 per-

1986 4133 2297 4190 strinxere.

2010 4301 2028 4313 κ
2059 4269 2258 4336 Solon,
2289 4269 2648 4325 Execestidaa
2681 4271 2763 4336 F.,
2789 4269 3193 4338 Atheniensis,
3225 4270 3641 4342 philosophus,

1984 4359 2286 4432 legislator
2309 4365 2366 4414 et
2386 4359 2869 4432 demagogus,qui
2895 4361 3033 4414 vixit
3052 4360 3397 4432 Olympiade
3421 4361 3640 4427 XLVII,

1985 4449 2074 4502 vel
2105 4450 2239 4503 LVI.
2276 4449 2514 4504 Insidiis
2548 4449 2769 4520 petitus
2821 4466 2856 4504 a
2905 4449 3235 4515 Pisistrato,
3269 4455 3543 4520 tyranno,
3579 4449 3640 4503 in

1984 4537 2250 4593 Ciciliam
2283 4538 2549 4601 secessit,
2573 4543 2632 4592 et
2660 4538 2866 4593 urbem
2900 4539 3189 4607 condidit,
3215 4554 3393 4608 quam
3427 4537 3498 4592 de
3531 4553 3636 4591 suo

216 4625 395 4696 pulos
424 4627 656 4681 vocabit
679 4629 1166 4699 Peripateticos);
1195 4629 1562 4701 Aristippum
1586 4632 1752 4700 item,
1773 4634 1878 4705 Cy.
1909 4625 1959 4691 D
1992 4628 2234 4682 nomine
2266 4627 2433 4682 Solos
2462 4627 2702 4682 vocavit.
2764 4627 2880 4681 Alii
2939 4627 3105 4682 Solos
3151 4627 3327 4681 etiam
3358 4627 3420 4680 in
3448 4627 3636 4697 Cypro

215 4731 502 4782 renaaum,
537 4721 840 4771 auctorem
895 4717 1119 4772 scholaa
1171 4724 1468 4789 sectaque
1497 4720 1873 4792 Cyrenaica;

217 4803 602 4868 Phaedonem,
634 4805 864 4874 Eleum,
916 4823 950 4860 a
999 4823 1116 4876 quo
1166 4813 1328 4862 secta
1357 4808 1574 4872 Eliaca,
1609 4817 1814 4880 postea
1841 4828 1877 4866 a

216 4893 585 4956 Menedemo,
619 4895 856 4950 Eretriae
891 4894 1163 4962 docente,
1198 4895 1358 4950 dicta
1386 4898 1667 4954 Eretrica.
1704 4931 1770 4942 —
1792 4905 1876 4956 Ex

215 4985 327 5039 hac
369 4985 594 5056 Pyrrho
646 4985 906 5057 prodiit:
969 4985 1406 5054 Antisthenem,
1465 4987 1566 5057 qui
1597 4989 1877 5060 Cynicam

225 5077 448 5126 sectam
499 5071 804 5139 condidit;
855 5071 1182 5137 Euclidem,
1233 5074 1653 5145 Megarensem,
1694 5093 1729 5130 a
1759 5094 1874 5148 quo

220 5157 530 5227 Megarica,
582 5175 714 5228 quae
766 5157 973 5213 eadem
1003 5173 1038 5213 a
1067 5157 1472 5224 Clinomacho,
1504 5160 1765 5216 Euclidis
1795 5162 1879 5218 di-

220 5246 472 5317 scipulo,
507 5247 666 5302 dicta
691 5246 1046 5313 Dialectica;
1075 5247 1548 5318 Xenophontem,
1582 5250 1764 5322 Grylli
1790 5253 1876 5320 F.,

220 5336 578 5402 lEschinem,
613 5335 945 5407 Lysaniam,
977 5335 1348 5406 Sphettium;
1407 5337 1703 5403 Cebetem,
1737 5341 1876 5398 The-

218 5421 443 5476 banum
471 5440 484 5488 ;
513 5422 818 5488 Glaucum,
843 5422 1267 5476 Atheniensem
1291 5440 1304 5490 ;
1341 5424 1680 5494 Brysonem.
1706 5427 1880 5483 Hera-

218 5509 493 5578 cleotam,
527 5511 628 5581 qui
661 5511 1096 5564 contentiosam
1140 5510 1512 5566 dialecticam
1553 5513 1879 5572 introduxit

216 5613 342 5654 una
372 5616 506 5655 cum
566 5599 834 5664 Eucline,
893 5600 1312 5655 Clinomachus
1368 5600 1569 5656 auxit:
1620 5620 1876 5677 cumque

212 5689 438 5746 multos
504 5694 823 5746 sectatores
888 5689 1213 5759 habuisset,
1265 5689 1442 5746 desiit
1489 5690 1552 5748 in
1614 5694 1873 5770 Zenone,

1985 4733 2203 4771 nomen
2235 4717 2306 4771 ab
2338 4717 2442 4771 illo
2473 4716 2738 4787 accpisse
2788 4717 2975 4780 aiunt,
3028 4722 3087 4770 et
3131 4717 3325 4787 ipsum
3359 4716 3420 4769 in
3450 4716 3639 4786 Cypro

1985 4805 2333 4860 decessisse.
2366 4805 2613 4876 Scripsit
2640 4808 2804 4874 Leges
2851 4804 3338 4870 Atheniensibus,
3373 4820 3519 4874 quas
3551 4821 3643 4859 vo-

1985 4901 2123 4950 cant
2143 4896 2388 4960 Axonas,
2415 4894 2573 4964 quod
2595 4894 2656 4948 in
2682 4895 2879 4949 axibus
2904 4894 3117 4966 ligneis
3141 4899 3345 4948 essent
3365 4894 3600 4964 scriptas
3627 4912 3639 4960 ;

1984 4983 2128 5038 item
2153 4985 2373 5038 Poema
2402 4983 2749 5055 elegiacum,
2789 4983 2948 5054 quod
2979 4983 3228 5038 Salamis
3259 4982 3642 5050 inscribitur;

1983 5075 2270 5142 Praecpta
2298 5089 2531 5139 morum,
2565 5071 2772 5128 itidem
2805 5072 3070 5128 versibus
3098 5073 3400 5145 elegiacis,
3427 5078 3484 5127 et
3503 5073 3640 5129 alia.

1984 5158 2115 5212 Fuit
2144 5175 2300 5213 unus
2331 5158 2571 5212 illorum
2598 5159 2698 5229 qui
2730 5176 2804 5214 vn
2837 5159 3136 5230 sapientes
3167 5159 3462 5214 dicuntur.
3501 5161 3640 5231 Ejus

1987 5253 2113 5302 est:
2148 5250 2222 5303 Ne
2259 5247 2398 5317 quid
2426 5246 2611 5316 nimis,
2658 5254 2750 5302 et:
2810 5251 2974 5304 Nosce
3022 5256 3075 5304 te
3128 5252 3325 5320 ipsum.
3359 5249 3642 5306 Precibus

1985 5337 2314 5392 amicorum
2337 5353 2452 5392 aare
2473 5353 2895 5408 oppressorum
2912 5338 3360 5401 victus,tabulas
3375 5345 3642 5393 veterum

1985 5427 2320 5483 debitorum
2369 5428 2641 5485 abolevit.
2697 5431 2839 5501 Ejus
2897 5431 3214 5485 consilium
3247 5435 3306 5485 et
3337 5435 3500 5486 astus
3535 5428 3644 5484 ad-

1984 5533 2189 5573 versus
2231 5517 2542 5574 Cirrhaeos.
2597 5520 2703 5589 (Ex
2730 5520 3038 5575 Pausanias
3088 5520 3384 5588 Phoeicis,
3417 5537 3472 5590 p.
3503 5519 3642 5588 684.)

2058 5609 2320 5686 Sopater,
2370 5611 2742 5681 Apamensis,
2793 5611 3060 5684 sophista
3118 5611 3639 5686 etphilosophus,

1947 5689 1949 5691 ’
1984 5693 2320 5771 dissipulus'
2353 5699 2688 5762 ‘Iambl‘ichi,
2748 5693 3095 5756 interfectus
3146 5719 3181 5757 a
3224 5697 3637 5770 'COnstantino,
