4088 6312
455 341 610 400 1347

1754 343 2004 407 INDEX
2047 344 2559 410 SCRIPTORUM

3712 346 3892 406 1348

454 475 633 530 ﬁdem
661 475 887 530 facturo
919 476 1217 546 omnibus,
1270 493 1331 531 se
1382 493 1500 532 non
1541 477 1797 550 amplius
1825 478 2099 551 religioni
2132 481 2181 546 Α
2287 480 2627 551 Sophocles,
2655 479 3060 548 Atheniensis,
3095 479 3349 552 tragicus
3401 483 3461 536 et
3512 477 3770 550 lyricus,
3808 477 3887 533 ab

451 565 763 631 gentilium
785 565 1085 622 addictum
1109 583 1272 634 esse;
1295 573 1433 622 ante
1456 570 1614 622 enim
1638 568 2012 623 familiariter
2030 584 2097 622 eo

451 671 598 710 usus
627 656 838 711 fuerat.
872 657 1116 728 Scripsit
1143 659 1217 711 De
1247 659 1617 727 Providentia,
1644 657 1906 728 itemque
1934 659 2009 712 De
2030 659 2100 712 iis

453 749 552 816 qui
580 745 854 802 immerito
882 755 1008 802 sunt
1036 750 1222 816 felices
1248 750 1334 805 vel
1380 751 1642 820 infelices.
1675 751 2097 806 Constantinus

454 838 763 907 Sopatrum
796 837 934 892 dum
969 839 1292 905 interemit,
1346 857 1467 895 non
1514 846 1674 896 recte
1713 840 1887 908 fecit;
1920 856 2095 895 nemo

452 926 614 980 enim
645 932 882 981 coactus
914 928 982 981 ﬁt
1010 927 1221 995 bonus,
1257 929 1360 984 sed
1393 946 1462 984 ex
1491 946 1713 984 amore.

521 1015 784 1085 Sopater,
807 1017 1088 1072 comicus.
1115 1019 1192 1071 Ex
1211 1017 1428 1073 fabulis
1446 1020 1574 1090 ejus
1593 1023 1732 1072 sunt
1748 1012 2094 1084 Ἱππόλυτος,

445 1099 807 1176 Φυσιολόγος,
895 1102 1096 1178 Σιλφία
1178 1106 1213 1172 ἤ
1307 1102 1511 1172 Κνιδία,
1597 1102 1816 1172 Nemota,
1893 1101 2094 1172 Πύλαι,

444 1187 724 1258 Ὀρέστης,
759 1195 940 1257 Φακῆ,
973 1197 1038 1246 ut
1067 1192 1386 1246 Athenaus
1415 1193 1476 1247 in
1513 1191 2005 1263 Dipnosophistis.

515 1276 778 1348 Sopater,
810 1279 1075 1333 Parodus
1105 1284 1307 1351 (quem
1352 1296 1387 1334 a
1433 1280 1658 1335 comico
1689 1279 1845 1334 male
1877 1279 2093 1333 distin-

440 1365 566 1435 guit
596 1365 847 1433 Suidas),
879 1367 1049 1437 cujus
1077 1367 1285 1422 drama
1318 1366 1515 1440 βακχίς
1555 1368 1837 1422 Athenao
1868 1382 2093 1421 memo-

439 1459 625 1508 ratur.
661 1455 722 1508 V.
761 1455 1006 1522 Stanlei,
1041 1455 1114 1510 ad
1144 1455 1403 1526 Eschyli
1434 1455 1633 1526 Caph.
1667 1472 1718 1508 v.
1751 1457 1874 1508 294.

511 1543 774 1613 Sopater,
808 1543 1180 1614 Apamensis,
1224 1544 1314 1599 vel
1371 1545 1568 1614 potius
1625 1541 2089 1608 Alexandrinus,

439 1630 724 1699 sophista.
759 1631 1008 1702 Scripsit
1038 1630 1433 1702 plurimorum
1464 1631 1754 1685 librorum
1782 1632 2086 1699 Epitomas.

437 1719 688 1783 Quidam
746 1721 924 1776 etiam
980 1718 1264 1794 Ἑκλογίαν
1322 1724 1427 1773 τῶν
1499 1721 1777 1794 ἱστοριῶν,
1829 1727 2091 1790 excerpta

437 1811 695 1864 historica
746 1809 841 1881 (de
895 1810 1110 1881 quibus
1159 1812 1404 1866 Photius
1455 1811 1585 1867 cod.
1658 1811 1862 1882 CLXI),

438 1913 566 1950 esse
599 1895 784 1951 aiunt.

507 1985 780 2056 Sophilus
808 1985 1116 2057 Sicyonius
1153 1991 1255 2041 aut
1302 1986 1638 2054 Thebanus,
1669 1986 1933 2041 comicus
1962 2000 2086 2040 me-

435 2073 546 2128 dia
579 2073 900 2129 comoedia.
927 2075 1067 2145 Ejus
1088 2074 1303 2130 fabula
1328 2080 1468 2129 sunt
1495 2069 1838 2146 Κιθαρῳδὸς,
1865 2070 2085 2144 Φύλαρ-

434 2176 558 2232 χος,
588 2157 907 2232 Τυνδάρεως
938 2157 972 2227 ἢ
1006 2156 1172 2227 Λύδα,
1207 2167 1266 2215 et
1295 2158 1489 2229 Δηλία,
1523 2165 1590 2214 ut
1634 2160 1718 2214 ait
1746 2160 2082 2214 Athenaus.

429 2248 578 2302 Item
617 2243 918 2320 Χοιρίδιον,
953 2247 1406 2318 ΙΙαρακαταθήκη.

505 2332 808 2402 Sophistas
874 2332 1163 2387 vocabant
1227 2349 1454 2399 omnes,
1524 2335 1816 2402 quotquot
1869 2331 2085 2387 litteris

435 2416 650 2471 eruditi
682 2421 888 2472 erant:
923 2417 1101 2472 etiam
1131 2415 1320 2491 σοφίαν
1352 2417 1666 2482 musicam,
1701 2422 1759 2471 et
1788 2418 2084 2488 sophistas

432 2504 691 2559 musices
727 2505 968 2575 peritos,
1019 2505 1197 2559 etiam
1229 2505 1524 2560 tibicines.
1577 2505 1764 2568 Plato,
1798 2505 2082 2573 comicus,

431 2591 491 2644 in
526 2591 805 2662 sophistis
840 2591 1220 2662 Bachylidem
1252 2597 1510 2664 poetam,
1535 2592 1859 2663 Opuntium
1891 2593 2082 2663 sophi-

431 2684 580 2731 stam
629 2678 907 2749 appellat.
962 2679 1388 2750 Aristophanes
1435 2679 1547 2734 hoc
1603 2696 1822 2734 nomen
1876 2679 2084 2734 tribuit

429 2766 573 2818 artis
611 2781 1021 2836 cujuscunque
1043 2766 1267 2837 peritis.
1295 2765 1517 2820 Deinde
1539 2766 1806 2838 sophista
1835 2772 1925 2821 est
1952 2766 2076 2833 ille,

431 2853 530 2924 qui
557 2871 628 2909 ex
651 2853 800 2911 falsa
817 2855 1214 2910 ostentatione
1233 2854 1540 2926 sapientia
1561 2859 1854 2925 quastum
1883 2854 2078 2908 facere

430 2942 607 2996 novit.

490 3029 829 3100 Sophocles,
863 3029 1086 3102 SOphili
1121 3029 1376 3085 Colonai
1407 3030 1492 3096 F.,
1517 3029 1920 3097 Atheniensis,
1953 3034 2074 3085 tra-

417 3116 600 3187 gicus,
635 3122 810 3171 natus
861 3118 1092 3188 Olymp.
1153 3116 1398 3185 LXXIII,
1456 3116 1540 3170 ita
1598 3121 1664 3170 ut
1710 3116 1883 3171 annis
1928 3117 2077 3172 XVII

415 3207 652 3260 Socrate
683 3207 986 3276 antiquior
1015 3206 1109 3260 sit.
1144 3206 1250 3260 Hic
1281 3205 1508 3276 primus
1540 3204 1728 3260 tribus
1760 3206 2069 3261 histrioni-
2097 3214 2140 3280 ρ

411 3294 521 3349 bus
554 3311 695 3349 usus
727 3301 816 3350 est
835 3300 893 3349 et
917 3294 1288 3363 tritagonista
1320 3294 1442 3348 sive
1475 3294 1782 3349 tertiarum
1813 3296 2071 3366 partium

413 3389 632 3439 actore.
660 3384 926 3439 Primum
951 3384 1129 3439 etiam
1153 3384 1399 3438 chorum
1427 3383 1767 3454 quindecim
1783 3386 2071 3455 juvenum

412 3473 763 3540 introduxit,
795 3489 930 3528 cum
988 3478 1164 3528 antea
1219 3472 1532 3528 duodecim
1583 3477 1813 3528 tantum
1847 3480 2064 3530 essent.

411 3563 573 3618 Idem
605 3563 799 3618 dictus
854 3564 1003 3635 apis,
1061 3568 1303 3635 propter
1349 3563 1637 3619 orationis
1678 3565 2064 3620 suavitatem:

409 3651 670 3722 primum
699 3652 878 3706 etiam
910 3651 1159 3724 singulis
1193 3651 1410 3707 fabulis
1459 3658 1688 3707 certare
1717 3653 1911 3724 capit,
1945 3670 2066 3710 non

405 3739 736 3812 tetralogia.
758 3740 1004 3812 Scripsit
1023 3740 1284 3812 Elegiam
1306 3747 1365 3796 et
1379 3743 1621 3795 Paanas
1645 3746 1702 3794 et
1724 3741 2065 3797 Orationem

407 3826 478 3881 de
509 3828 710 3895 choro,
740 3827 810 3882 de
840 3845 957 3899 quo
989 3845 1123 3883 cum
1149 3828 1438 3900 Thespide
1462 3833 1520 3883 et
1539 3829 1792 3883 Charito
1816 3835 2060 3885 conten-

404 3915 600 3971 debat.
627 3917 760 3971 Filii
783 3917 913 3987 ejus
934 3917 1098 3972 fuere
1119 3917 1369 3988 Jophon,
1395 3917 1773 3986 Leosthenes,
1799 3918 2058 3988 Ariston,

406 4007 766 4077 Stephanus,
794 4007 1170 4063 Meneclides.
1205 4007 1363 4062 Obiit
1391 4013 1525 4078 post
1551 4007 2057 4079 Euripidem,cum

405 4100 562 4149 esset
616 4111 908 4150 annorum
967 4095 1078 4151 XC.
1139 4096 1350 4150 Docuit
1403 4095 1633 4151 fabulas
1692 4097 1925 4165 CXXIII,
1968 4098 2057 4154 vel

404 4184 581 4238 etiam
631 4184 818 4238 multo
865 4185 1086 4256 plures,
1139 4190 1204 4238 ut
1246 4183 1487 4239 tradunt
1534 4185 1657 4240 alii.
1701 4186 1851 4240 Vicit
1878 4187 2055 4243 vicies

400 4279 630 4345 quater.
661 4273 849 4345 (Conf.
907 4274 1141 4329 Kusteri
1195 4279 1365 4329 notas
1417 4280 1560 4333 tom.
1619 4274 1722 4342 III,
1769 4292 1898 4348 pag.
1949 4278 2052 4332 349

401 4362 559 4433 sqq.)

470 4451 812 4523 Sophocles,
839 4451 1131 4506 Aristonis
1151 4452 1235 4517 F.,
1251 4452 1512 4507 senioris
1534 4451 1842 4522 Sophoclis
1863 4470 2049 4525 nepos

397 4541 802 4605 Atheniensis,
837 4541 1115 4613 tragicus,
1149 4541 1250 4612 qui
1281 4541 1483 4596 docuit
1515 4541 1784 4597 dramata
1812 4543 1924 4610 XL,
1956 4544 2047 4599 vel

396 4638 463 4687 ut
492 4633 618 4699 alii,
651 4633 743 4686 XI.
783 4631 930 4686 Vicit
971 4631 1214 4702 septies.
1253 4629 1416 4685 Idem
1448 4637 1505 4686 et
1535 4631 1754 4704 elegias
1785 4633 2042 4704 scripsit.

389 4722 739 4793 Apollonius
767 4723 1076 4793 (Tyaneus)
1109 4721 1378 4776 castitate
1419 4720 1768 4791 SOphoclem
1802 4739 2039 4793 supera-

387 4813 486 4879 vit,
523 4813 621 4883 qui
658 4827 838 4867 senex
868 4811 1109 4866 demum
1157 4826 1390 4865 amores
1436 4815 1718 4881 tanquam
1747 4809 2041 4866 furiosum

386 4907 446 4957 et
477 4919 691 4956 savum
723 4901 1032 4956 dominum
1073 4900 1346 4971 effugisse
1394 4916 1456 4954 se
1506 4898 1758 4956 dicebat.
1791 4900 2038 4971 Apollo-

383 4992 552 5047 nium
573 4991 840 5046 libidinis
862 5007 937 5046 ne
962 4991 1288 5062 Euphrates
1311 4988 1553 5060 quidem
1584 4989 1792 5062 arguit,
1828 5006 2039 5061 quam-

382 5080 467 5134 vis
497 5079 677 5134 falsas
726 5079 956 5133 litteras
1005 5077 1284 5134 adversus
1341 5093 1476 5132 eum
1535 5082 1908 5132 commentus
1939 5077 2034 5146 sit,

380 5168 661 5225 inimicus
691 5167 800 5232 illi,
834 5167 992 5238 quod
1023 5167 1404 5239 Euphratem,
1436 5166 1703 5238 pecunia
1743 5183 1921 5222 causa
1948 5166 2032 5222 fa-

379 5261 638 5316 cientem
687 5257 906 5325 omnia,
957 5257 1234 5312 deridens
1275 5257 1625 5322 monuisset,
1659 5273 1733 5314 ne
1765 5261 2036 5331 pergeret

380 5349 571 5426 σοφίαν
599 5345 956 5417 καπηλεύειν,
989 5348 1298 5418 cauponari
1325 5349 1672 5418 sapientiam.

2211 568 2454 638 antiquo
2514 569 2616 623 illo
2678 569 2968 640 Sophocle
3025 585 3211 638 genus
3264 567 3486 622 ducens
3541 567 3699 620 Vixit
3737 573 3892 637 post

2209 656 2469 726 pleidem
2500 658 2879 730 tragicorum.
2913 657 3147 713 Fabula
3169 658 3220 730 ej
3233 675 3298 712 us
3329 661 3472 712 sunt
3497 656 3884 726 quindecim.

2282 745 2462 822 Σοφὸς
2491 747 2848 816 incantator,
2873 748 3347 803 incantationum
3369 746 3616 818 peritus.
3640 745 3878 800 Psalm.

2207 847 2358 900 Lvm,
2391 835 2443 887 5.
2468 833 2787 889 Oraculum
2813 850 2826 889 :

2351 946 2548 1037 ἓοςξὸς..
2567 945 2878 1037 Σεζιροκλῆς,
2908 947 3220 1037 σοφώτερος
3249 943 3295 999 δ’
3325 942 3622 1036 Εὖςιπίδης

2352 1015 2589 1092 Ἀνδρῶν
2623 1015 2681 1074 δὲ
2709 1019 2925 1074 πάντων
2953 1015 3249 1092 Σωκρᾶτης
3279 1017 3616 1093 σοφώτατος.

2279 1137 2570 1208 Sophron,
2604 1136 3030 1208 Syracusanus,
3053 1133 3390 1207 Agathoclis
3421 1139 3481 1189 et
3511 1133 3880 1204 Damnasylo

2203 1226 2342 1282 lidis
2373 1229 2432 1282 F.
2465 1227 2567 1298 qui
2599 1228 2741 1281 vixit
2795 1227 3163 1298 temporibus
3214 1225 3420 1281 Xerxis
3452 1230 3509 1279 et
3537 1223 3877 1294 Euripidis.

2203 1317 2452 1388 Scripsit
2472 1319 2664 1372 Mimos
2694 1317 2895 1374 viriles
2927 1322 2985 1371 et
3012 1318 3200 1372 Mimos
3233 1313 3556 1370 muliebres
3587 1314 3877 1368 oratione

2201 1403 2394 1458 soluta
2423 1409 2483 1458 et
2510 1403 2762 1460 dialecto
2794 1404 3022 1470 Dorica,
3056 1419 3202 1474 quos
3233 1401 3562 1467 Platonem,
3587 1400 3876 1472 philoso-

2201 1493 2406 1564 phum,
2439 1509 2677 1564 semper
2708 1493 3006 1548 lectitasse
3031 1492 3251 1559 ferunt,
3281 1490 3426 1546 adeo
3460 1495 3527 1545 ut
3554 1489 3874 1544 interdum

2201 1581 2381 1636 etiam
2412 1581 2485 1636 iis
2513 1580 2890 1636 indormiret.

2271 1671 2563 1742 Sophron,
2611 1673 2873 1726 comicus
2917 1670 3094 1743 (male
3142 1675 3430 1741 tanquam
3474 1668 3790 1724 diversum
3841 1683 3876 1721 a

2197 1756 2394 1827 priore
2427 1757 2635 1812 Suidas
2669 1761 3137 1822 commemorat).
3163 1758 3243 1810 Ex
3273 1756 3453 1826 hujus
3484 1752 3871 1809 dramatibns

1911 1811 2090 1883 hujus
2123 1839 2166 1904 B
2197 1811 2447 1913 ζιενθερά,
2480 1811 2629 1898 teste
2660 1811 2946 1897 Athenaeo
2978 1843 3040 1896 in
3073 1811 3570 1913 innosophistis.

2266 1929 2546 1994 Soranus,
2579 1929 2886 1984 Menandri
2909 1934 2965 1983 et
2986 1928 3232 1984 Phabes
3262 1929 3348 1992 F.,
3380 1925 3696 1998 Ephesius,
3725 1940 3863 1979 me-

2194 2016 2382 2086 dicus,
2414 2019 2515 2089 qui
2563 2018 2933 2074 Alexandria
2983 2022 3382 2074 commoratus
3415 2021 3525 2083 est,
3556 2019 3616 2070 et
3646 2015 3860 2069 Roma

2192 2109 2381 2160 artem
2411 2104 2705 2160 medicam
2736 2105 2998 2160 exercuit
3042 2103 3152 2159 sub
3195 2103 3447 2174 Trajano
3477 2106 3537 2156 et
3564 2100 3862 2167 Adriano,

2192 2191 2377 2263 impp.
2403 2191 2708 2263 librosque
2728 2191 3020 2264 plurimos
3050 2197 3109 2246 et
3137 2190 3572 2262 pulcherrimos
3603 2203 3859 2258 compo-

2193 2279 2330 2335 suit.

2262 2367 2541 2432 Soranus,
2573 2367 2881 2438 Ephesius,
2929 2365 3195 2422 medicus
3210 2363 3440 2436 junior,
3473 2360 3574 2432 qui
3606 2359 3860 2430 scripsit

2195 2475 2221 2506 α
2243 2456 2323 2510 De
2345 2455 2563 2510 morbis
2580 2455 2972 2510 muliebribus
2989 2454 3173 2509 libros
3189 2454 3262 2507 IV
3278 2472 3293 2518 ;
3312 2449 3676 2506 Medicorum
3697 2449 3853 2503 vitas

2189 2567 2218 2594 ‹‹
2242 2550 2301 2599 et
2316 2551 2505 2601 sectas
2529 2551 2586 2600 et
2606 2561 2787 2616 opera
2803 2545 2972 2599 libris
2993 2545 3062 2610 X,
3091 2565 3111 2590 ο
3140 2546 3199 2596 et
3218 2541 3334 2596 alia
3357 2541 3608 2595 diversa.
3635 2537 3850 2593 Ascle-

2185 2633 2485 2705 piodotus,
2517 2634 2931 2704 philosophus,
2960 2632 3104 2688 artis
3144 2629 3389 2685 medica
3421 2628 3672 2700 peritus,
3704 2626 3851 2680 nul-

2185 2722 2310 2778 lum
2328 2723 2727 2779 recentiorum
2745 2723 3110 2778 medicorum
3135 2719 3330 2792 magni
3352 2717 3610 2774 faciebat
3627 2721 3851 2786 prater

2182 2812 2500 2879 Iacobum;
2526 2828 2596 2867 ex
2618 2809 3056 2882 antiquioribus
3075 2824 3211 2863 vero
3235 2813 3368 2878 post
3398 2808 3849 2877 Hippocratem,

2183 2901 2474 2956 Soranum
2501 2899 2766 2966 Cilicem,
2801 2901 3190 2969 cognomento
3223 2895 3539 2950 Mallotem.

2256 2987 2533 3044 Σωσάννα.
2590 2990 2810 3046 Contra
2885 2989 3123 3043 Sextum
3198 2984 3542 3039 Africanum
3601 2981 3854 3053 scripsit

2181 3079 2482 3152 Origenes,
2543 3079 2789 3150 ejusque
2848 3080 3197 3150 argumenta
3263 3073 3565 3144 refutavit,
3623 3071 3848 3143 quibus

2179 3168 2400 3224 librum
2431 3171 2714 3225 Susanna
2746 3166 3129 3240 impugnavit.

2250 3275 2536 3342 Sosibius,
2571 3277 2738 3340 Laco,
2786 3273 3228 3348 grammaticus,
3267 3287 3433 3354 unus
3465 3285 3700 3336 eorum,
3734 3269 3841 3339 qui

2174 3361 2519 3420 Ἐπιλυτικοὶ
2549 3365 2662 3435 (24)
2711 3368 3010 3419 vocantur.
3062 3360 3331 3433 (Scripsit
3375 3359 3560 3428 varia)
3607 3359 3673 3412 in
3703 3358 3843 3428 qui—

2173 3453 2286 3509 bus
2318 3459 2377 3509 et
2404 3454 2517 3509 hoc
2547 3453 2750 3521 tradit,
2784 3467 2914 3507 esse
2951 3449 3252 3522 quoddam
3283 3447 3587 3504 comadia
3617 3463 3832 3520 genus,

2174 3559 2332 3614 qu0p
2381 3542 2795 3598 Dicelistarum
2846 3546 2906 3596 et
2955 3539 3325 3594 Mimelorum
3366 3533 3708 3606 Δικηλιστῶν
3742 3534 3839 3588 καὶ

2169 3627 2446 3702 Μιμηλῶν
2479 3631 2786 3704 proprium
2817 3632 2900 3686 fit.
2933 3631 3014 3686 De
3044 3629 3236 3684 Mimis
3261 3628 3521 3699 antiquis
3552 3627 3614 3681 in
3646 3627 3835 3680 Laco-

2168 3721 2287 3786 nia,
2321 3719 2449 3794 Περὶ
2478 3723 2587 3774 τῶν
2637 3717 2917 3792 Μιμηλῶν
2975 3717 3028 3772 ἓν
3084 3718 3368 3780 Λακωνικῆ
3418 3713 3832 3786 ἱστορουμένων

2166 3806 2440 3878 παλαιῶν,
2475 3815 2535 3866 et
2562 3810 2698 3866 alia.

2236 3917 2617 3988 Sosiphanes,
2649 3915 2888 3971 Sosiclis
2919 3916 3003 3976 F.,
3037 3913 3312 3985 tragicus,
3352 3911 3556 3966 docuit
3581 3910 3822 3965 fabulas

2164 4005 2404 4071 LXXIII,
2445 4006 2584 4061 vicit
2616 4005 2855 4076 septies.
2888 4006 2990 4058 Est
3035 4009 3094 4058 et
3140 4003 3265 4073 ipse
3313 4018 3383 4056 ex
3413 4007 3638 4072 septem
3669 3999 3821 4066 illis,

2162 4096 2260 4166 qui
2286 4095 2479 4151 Pleias
2496 4101 2635 4151 sunt
2655 4091 3120 4166 appellati.Vixit
3137 4091 3243 4146 sub
3263 4097 3528 4146 extrema
3549 4095 3823 4160 tempora

2159 4185 2416 4256 Philippi
2445 4185 2536 4240 vel
2559 4183 2876 4238 Alexandri
2903 4181 3260 4238 Macedonis.
3287 4181 3446 4237 Obiit
3466 4178 3820 4251 Olympiade

2157 4275 2275 4330 CXI
2303 4276 2394 4330 vel
2423 4275 2606 4330 CXIV.

2228 4367 2553 4433 Sositheus,
2583 4365 2987 4437 Syracusanus
3017 4367 3121 4418 aut
3147 4359 3550 4428 Atheniensis,
3583 4358 3675 4413 vel
3703 4375 3817 4430 po-

2153 4456 2271 4510 tius
2303 4454 2740 4510 Alexandrinus
2790 4469 2860 4508 ex
2904 4450 3262 4507 Alexandria
3290 4449 3514 4517 Troica,
3546 4463 3703 4503 unus
3738 4464 3813 4502 ex

2153 4545 2405 4616 pleiade,
2430 4544 2681 4599 amulus
2706 4541 3201 4610 Homeri,tragici,
3228 4539 3333 4594 filii
3357 4540 3573 4609 Myrus,
3598 4538 3818 4608 Byzan-

2155 4634 2315 4699 tina,
2349 4633 2450 4704 qui
2483 4633 2688 4687 ﬂoruit
2725 4629 3070 4702 Olympiade
3120 4628 3352 4693 CLXIV,
3384 4625 3629 4697 Scripsit
3659 4641 3811 4696 poe-

2153 4729 2312 4778 mata
2341 4729 2400 4778 et
2428 4723 2546 4778 alia
2574 4738 2752 4794 prosa
2793 4722 3081 4776 oratione.

2222 4813 2484 4877 Sotades,
2521 4811 2895 4884 Byzantinus,
2930 4807 3343 4880 philosophus,
3374 4811 3440 4861 ut
3469 4804 3648 4860 tradit
3675 4805 3816 4859 Ari-

2149 4901 2366 4957 stocles
2395 4901 2547 4956 libro
2581 4901 2650 4954 VI
2679 4900 2751 4956 de
2782 4897 3184 4971 philosophia.

2219 4990 2484 5057 Sotades,
2538 4990 2941 5058 Atheniensis,
3002 4987 3265 5043 comicus
3328 4984 3540 5042 media
3585 4999 3810 5042 comae-

2148 5079 2281 5135 dia.

2218 5167 2480 5236 Sotades,
2513 5166 2834 5234 Cretensis,
2867 5165 3173 5231 Maronita,
3217 5158 3587 5233 δαιμονισθεὶς
3616 5176 3652 5214 a
3678 5159 3809 5216 dae-

2143 5261 2320 5314 monio
2340 5263 2588 5326 vexatus,
2611 5255 2943 5311 iamborum
2967 5254 3236 5326 scriptor.
3262 5251 3508 5323 Scripsit
3526 5245 3808 5325 φλύακας,

2140 5363 2310 5418 augas
2339 5347 2458 5403 sive
2498 5341 2792 5413 κιναίδους,
2856 5343 3052 5399 Ionica
3109 5342 3331 5416 lingua,
3388 5338 3545 5394 unde
3580 5335 3809 5390 ἷωνικοὶ

451 5673 567 5748 (24)
597 5666 706 5739 Qui
755 5661 1031 5724 difﬁciles
1074 5659 1438 5739 quastiones
1485 5661 1823 5738 propositas
1868 5663 2220 5725 dissolvunt.
