4062 6298
243 348 276 409 1
289 349 408 409 349

1563 337 1663 398 DE
1706 336 1993 408 QUIBUS
2039 341 2320 404 SUIDAS
2333 388 2348 402 .

3498 344 3656 406 I350

237 476 405 554 λόγοι
432 479 907 552 appellabantur.
933 477 1051 531 Hoc
1071 470 1361 546 poematis
1381 485 1597 544 genere
1627 470 1721 525 usi
1753 474 1892 524 sunt
1923 480 1969 544 Α
2077 472 2374 546 Στάσιμον,
2404 491 2591 548 genus
2622 476 2925 544 carminis,
2959 474 3120 548 quod
3152 475 3401 532 saltores
3429 480 3653 531 stantes

243 570 428 625 etiam
459 568 796 624 Alexander
824 564 1068 630 Etolus,
1102 562 1361 633 Pyrrhus
1388 560 1670 625 Milesius,
1703 559 1896 614 Theo—

238 660 442 730 doras,
470 657 915 714 Timocharidas
947 661 1004 712 et
1032 653 1400 710 Xenarchus.
1432 652 1578 706 Sunt
1607 651 1738 720 ejus
1769 667 1898 705 car-

238 751 410 804 mina
463 748 740 820 plurima,
800 745 979 800 veluti
1040 765 1067 793 «
1109 742 1195 797 Ad
1254 740 1478 794 inferos
1534 739 1896 805 descensus;

239 862 269 888 «
308 839 593 909 Priapus:
626 838 692 889 In
725 833 1130 899 Belostichen;
1165 833 1420 885 Amazon
1444 849 1472 877 »
1505 832 1563 882 et
1585 827 1720 882 alia.
1755 828 1900 882 Item

239 924 658 1000 Ἐγκλειὸμεναι
692 930 752 979 et
781 917 1328 995 Παραυλτρούμενος,
1364 923 1430 973 ut
1477 917 1559 972 ait
1583 917 1902 972 Athenaus

239 1017 307 1071 in
341 1014 820 1087 Dipnosophistis
843 1013 976 1082 (25).

319 1121 583 1187 Sotades,
635 1118 1038 1187 Atheniensis,
1084 1115 1496 1188 phiIOSOphus,
1548 1114 1649 1184 qui
1678 1114 1904 1170 Librum

240 1213 312 1267 de
344 1211 618 1281 mysteriis
648 1208 902 1275 scripsit.

319 1327 675 1394 Sotericbus,
719 1325 904 1380 Asites
951 1323 1082 1394 (26),
1132 1320 1407 1376 heroicus
1438 1325 1632 1391 poeta,
1664 1317 1766 1389 qui
1793 1317 1906 1373 fuit

241 1418 354 1475 sub
389 1415 774 1470 Diocletiano.
810 1413 1056 1483 Scripsit
1078 1433 1106 1461 «
1135 1409 1484 1465 Encomium
1516 1407 1901 1462 Diocletiani:

243 1530 275 1558 «
302 1505 611 1561 Bassarica
633 1505 744 1558 sive
768 1502 1055 1557 Bacchica
1075 1500 1245 1554 libris
1267 1500 1337 1553 IV
1363 1517 1377 1565 ;
1402 1499 1482 1552 De
1506 1498 1772 1552 Panthea
1791 1497 1900 1551 Ba-

243 1619 274 1647 «
300 1595 584 1667 bylonia;
623 1595 703 1648 De
738 1591 1032 1657 Ariadne;
1084 1590 1276 1644 Vitam
1317 1587 1613 1660 Apollonii
1651 1587 1901 1659 Tyanei;

243 1707 275 1736 «
293 1686 625 1756 Pythonem
636 1684 746 1738 sive
763 1679 1427 1737 Alexandriacum.»Est
1442 1683 1640 1732 autem
1655 1676 1904 1731 Alexan-

241 1775 340 1830 dri
363 1772 697 1828 Macedonis
722 1770 1140 1837 Historia,cum
1157 1766 1382 1822 Thebas
1401 1766 1573 1836 cepit.
1597 1767 1742 1820 Item
1764 1764 1901 1820 alia.

318 1856 1346 1932 Soteridas,grammaticus,maritus
1362 1854 1685 1926 Pamphila
1703 1855 1906 1925 (supra
1935 1842 1981 1908 Β

240 1955 311 2009 in
335 1952 668 2023 Pamphila,
705 1949 1082 2018 Socratidas),
1108 1947 1203 2002 cui
1228 1946 1407 2000 etiam
1438 1944 1718 2000 historias
1739 1943 1909 1997 attri-

242 2044 398 2098 buit.
429 2041 678 2113 Scripsit
702 2063 727 2089 «
760 2037 1253 2110 Orthographiam
1277 2053 1290 2102 ;
1314 2035 1680 2100 Quastiones
1704 2034 1908 2088 Home-

249 2157 281 2183 .ι
314 2132 505 2197 ricas;
540 2127 1001 2187 Commentarium
1047 2127 1110 2182 in
1169 2123 1595 2190 Menandrum;
1655 2123 1735 2177 De
1781 2138 1906 2176 me-

249 2243 281 2270 ‹‹
317 2221 462 2287 tris;
499 2221 578 2275 De
606 2217 932 2284 comoedia;
966 2217 1032 2270 In
1061 2213 1424 2284 Euripidem.
1457 2234 1478 2259 ι

327 2308 645 2374 Soteridas,
697 2305 1072 2379 Epidaurius,
1120 2307 1288 2375 pater
1334 2299 1679 2371 Pamphila,
1711 2298 1806 2353 cui
1838 2296 1911 2351 li-

240 2399 385 2454 bros
418 2404 538 2453 tres
567 2395 1138 2452 Commentariorum
1192 2390 1515 2461 inscripsit,
1547 2395 1613 2444 ut
1659 2388 1742 2442 ait
1771 2387 1904 2442 Dio-

248 2488 462 2559 nysius
495 2486 645 2541 libro
677 2485 824 2540 XXX
860 2482 1131 2537 Historia
1164 2480 1427 2535 musica.

325 2576 705 2647 Speusippus,
737 2570 1196 2644 Eurymedontis
1218 2571 1276 2623 F.
1305 2567 1568 2622 Platonis
1591 2583 1660 2620 ex
1683 2581 1907 2632 sorore,

250 2669 499 2730 Potone,
533 2680 739 2734 nepos,
775 2661 1012 2717 auditor
1041 2665 1098 2714 et
1139 2659 1201 2712 in
1233 2656 1552 2713 Academia
1580 2670 1906 2710 successor.

255 2756 411 2811 Vixit
439 2750 786 2824 Olympiade
817 2750 1006 2819 CVIII,
1032 2747 1278 2818 Scripsit
1308 2745 1586 2818 plurima,
1611 2744 1907 2815 pracipue

248 2843 687 2917 philosophica.
748 2839 881 2895 Fuit
935 2837 1178 2910 ingenio
1225 2840 1488 2903 austero,
1533 2833 1910 2903 maximeque

257 2931 568 2989 iracundo.

328 3051 557 3123 Σφαῖρα.
608 3047 733 3101 Pila
784 3045 929 3100 lusit
978 3043 1347 3098 Aristonicus
1405 3039 1724 3109 Carystius,
1776 3037 1909 3092 Aleo

252 3137 490 3204 xandri,
522 3136 698 3208 regis,
729 3136 792 3189 in
835 3134 976 3189 ludo
1028 3132 1165 3204 pila
1218 3130 1499 3186 collusor.
1533 3127 1671 3183 Pila
1702 3127 1910 3182 inven-

252 3227 485 3281 tionem
517 3224 747 3280 Alcioni
781 3223 937 3290 filia,
971 3220 1261 3278 attribuit.

337 3339 636 3418 Σφυράδες,
695 3362 717 3391 ι
752 3357 1064 3414 caprarum
1114 3345 1174 3395 et
1214 3339 1409 3394 ovium
1458 3341 1853 3392 excrementa.
1888 3355 1916 3384 »

253 3434 538 3492 Carcinus
557 3437 732 3504 poeta
748 3431 878 3498 fuit,
904 3430 1076 3501 cujus
1101 3429 1256 3484 filios
1276 3443 1470 3500 parva
1495 3431 1736 3481 statura
1758 3424 1922 3479 Aris-

255 3523 549 3594 tophanes
571 3519 939 3591 perstringit,
972 3523 1038 3573 ut
1077 3511 1308 3589 ὄρτυγας
1343 3513 1661 3587 οἰκογενεῖς,
1690 3509 1919 3586 γυλιαύ-

260 3630 425 3686 χενας
457 3608 756 3683 ὀρχηστὰς,
808 3609 1142 3682 ναννοφυεῖς,
1194 3600 1479 3681 σφυράδων
1519 3601 1920 3674 ἀποκνίσματα,

266 3695 678 3773 μηχανοδίφας,
733 3702 844 3752 etc.
890 3696 1166 3758 Xenocles,
1217 3693 1447 3750 Carcini
1492 3692 1674 3757 ﬁlius,
1704 3690 1922 3746 multas

259 3805 482 3860 easque
514 3787 786 3842 insolitas
818 3785 1126 3841 machinas
1149 3783 1223 3838 ad
1250 3781 1662 3854 percellendos
1692 3784 1925 3850 specta-

259 3885 422 3934 tores
479 3878 541 3931 in
589 3875 808 3930 fabulis
868 3875 991 3929 suis
1041 3871 1440 3927 introduxisse
1487 3868 1724 3935 dicitur,
1758 3868 1922 3922 Plato

260 3967 397 4023 ideo
420 3961 886 4037 δωδεκαμήχανον
905 3961 1345 4034 appellat.Deos
1363 3959 1521 4014 enim
1536 3957 1925 4013 ascendentes

264 4061 326 4110 et
352 4053 784 4109 descendentes
813 4051 1178 4106 imitabatur.

345 4168 718 4239 Spintharus,
771 4165 1169 4230 Heracleotes,
1221 4168 1396 4235 poeta
1443 4161 1717 4232 tragicus,
1758 4160 1928 4231 cujus

261 4257 483 4314 fabula
514 4263 655 4311 sunt
684 4253 1129 4327 Περικαιόμενος,
1160 4248 1460 4321 Ἡρακλῆς,
1487 4245 1705 4320 Σεμέλη
1737 4266 1932 4320 κεραυ-

269 4345 531 4417 νουμένη.
558 4347 707 4401 Hinc
737 4352 802 4400 ut
824 4343 1115 4400 Barbarus
1147 4347 1206 4397 et
1235 4341 1428 4413 Phryx
1459 4355 1495 4395 a
1521 4338 1764 4394 comicis
1793 4353 1927 4409 per-

269 4437 600 4509 stringitur.

345 4550 657 4622 Spittalus,
720 4548 988 4605 medicus
1042 4546 1199 4619 apud
1247 4545 1665 4602 Athenienses.
1709 4543 1932 4598 Aristo-

270 4639 537 4711 phanes:
570 4633 812 4698 Ἀπελθε
842 4634 975 4707 πρὸς
1005 4638 1102 4688 τοῦ
1138 4631 1468 4698 Σπιττάλου,
1499 4655 1526 4684 ‹‹
1550 4632 1659 4687 Abi
1683 4632 1756 4688 ad
1777 4633 1930 4703 Spit-

275 4752 303 4779 α
342 4727 548 4782 talum.
576 4727 657 4780 Tu
679 4742 816 4780 vero
838 4729 1062 4797 guttam
1086 4724 1249 4795 pacis
1270 4739 1451 4777 unam
1474 4721 1703 4776 instilla
1732 4721 1876 4775 mihi
1903 4742 1930 4770 »

275 4819 339 4873 in
369 4816 667 4871 calamum
699 4814 879 4869 istum
913 4829 1132 4868 areum
1165 4817 1267 4866 aut
1307 4816 1674 4883 argenteum,
1726 4810 1933 4881 quales

279 4906 502 4962 habent
533 4903 772 4958 medici.

355 5021 671 5094 Spyridon,
704 5017 1140 5086 Trimithuntis,
1172 5016 1235 5070 in
1283 5014 1471 5087 Cypro
1506 5014 1781 5083 civitatis,
1813 5017 1931 5088 epi-

282 5128 499 5183 scopus
530 5109 719 5165 multa
749 5108 900 5164 mira
924 5106 1067 5162 fecit
1095 5111 1154 5161 et
1199 5103 1451 5160 concilio
1485 5103 1719 5159 Nicano
1749 5104 1936 5161 inter-

279 5201 411 5256 fuit.
443 5199 682 5269 (Confer
709 5198 1032 5264 Socratem,
1063 5194 1165 5250 lib.
1200 5211 1220 5250 1
1242 5194 1388 5249 Hist.
1420 5209 1471 5249 c.
1507 5193 1612 5263 12).

351 5381 464 5452 (2⁵)
497 5380 645 5464 M3119
686 5379 793 5468 t9.“
832 5380 1031 5468 δαεῖεν
1078 5376 1152 5468 id
1178 5376 1559 5468 l‘zhlshtfm;
1576 5375 1932 5468 93.19357;

282 5443 414 5506 Hac
447 5443 646 5519 'enim,
691 5443 1018 5522 Ἔγκλειομ.
1073 5453 1130 5503 et
1177 5443 1487 5522 Παραλυῖρ.
1529 5443 1834 5522 pertinent
1862 5447 1936 5502 ad

282 5518 907 5592 Sotadem,c0micum,
961 5524 1033 5592 ut
1068 5518 1567 5592 expreSseAdocet
1592 5518 1934 5592 Athenaus,

277 5594 385 5668 lib.
427 5611 535 5668 vn,
571 5589 642 5668 ’p.
683 5595 811 5668 2937,
861 5597 920 5646 et
971 5591 1077 5668 lib.
1127 5589 1203 5661 fx,
1246 5607 1303 5663 p.
1355 5589 1482 5644 368.
1529 5589 1692 5645 Conf.
1733 5605 1933 5662 supra,

273 5665 388 5722 vol.
423 5666 495 5734 II,
526 5663 660 5740 pag.
693 5667 820 5734 495,
853 5680 943 5736 sq.
971 5663 1146 5719 Han.

2007 562 2319 618 canebant.

2079 651 2340 724 Σταυρός.
2367 658 2433 708 In
2464 655 2913 726 septentrionali
2934 660 3100 726 parte
3120 655 3232 709 fori
3259 653 3547 710 collocata
3567 659 3658 710 est

2007 756 2168 808 crux,
2205 741 2394 798 instar
2425 743 2609 811 illius,
2644 761 2822 815 quam
2854 745 3274 800 Constantinus
3314 761 3561 816 magnus
3592 745 3654 799 in

2007 829 2153 885 calo
2173 831 2337 900 vidit,
2363 849 2506 888 auro
2529 834 2802 900 obducta,
2823 834 3169 906 habensque
3191 836 3253 889 in
3273 835 3540 907 apicibus
3558 853 3656 890 ro-

2009 920 2196 975 tunda
2226 922 2403 977 mala.
2457 923 2682 978 Ibidem
2733 924 2993 979 filiorum
3044 924 3173 995 ejus
3203 930 3412 979 statua
3437 930 3657 980 aurata

2007 1008 2550 1080 conspiciebantur.
2585 1012 2702 1066 Sub
2733 1012 3061 1067 Theodosio
3094 1028 3329 1084 magno,
3356 1012 3499 1084 imp.
3524 1028 3661 1067 cum

2005 1098 2317 1168 gentilium
2343 1100 2566 1170 templa
2585 1107 3011 1165 everterentur,
3035 1102 3098 1155 in
3120 1102 3416 1172 Serapidis
3438 1101 3659 1173 templo

2006 1189 2261 1244 inventa
2283 1197 2423 1245 sunt
2449 1191 2907 1263 hieroglyphica
2939 1191 3173 1259 littera,
3196 1193 3387 1246 crucis
3410 1193 3658 1263 figuram

2005 1277 2314 1333 habentes.
2347 1281 2500 1344 Quas
2529 1296 2664 1334 cum
2712 1280 2823 1345 illi,
2876 1281 2976 1350 qui
3026 1297 3098 1334 ex
3141 1280 3465 1352 gentilibus
3494 1281 3658 1336 Chri-

2007 1367 2182 1421 stiani
2203 1367 2341 1422 facti
2365 1369 2622 1434 fuerant,
2641 1370 3110 1440 conspexissent,
3128 1369 3376 1424 dixerun
3387 1373 3658 1438 t,Crucem

2007 1456 2163 1526 apud
2193 1456 2527 1512 litterarum
2559 1458 3138 1530 hieroglyphicarum
3177 1459 3400 1529 peritos
3431 1459 3660 1531 signiﬁ-

2008 1561 2141 1600 care
2173 1547 2354 1601 vitam
2385 1546 2669 1602 futuram.

2080 1633 2470 1702 Stesichorus,
2501 1635 2799 1706 Euphorbi
2819 1635 2911 1690 vel
2931 1637 3246 1708 Euphemi,
3269 1637 3360 1691 vel
3379 1637 3660 1706 Euclidis,

2004 1725 2097 1776 vel
2129 1723 2363 1778 Hesiodi
2386 1726 2470 1789 F.,
2496 1741 2565 1779 ex
2593 1725 2847 1792 Himera,
2873 1724 3020 1780 urbe
3042 1725 3281 1789 Sicilia,
3314 1726 3659 1788 Himeraus.

2005 1811 2119 1866 Alii
2149 1813 2451 1877 Matauria,
2485 1814 2670 1868 Italia
2717 1814 2974 1878 civitate,
3007 1819 3202 1868 ortum
3248 1814 3511 1872 tradunt.
3546 1817 3661 1871 Alii

2014 1901 2328 1957 Pallantio.
2362 1902 2626 1957 Arcadia
2659 1903 2826 1971 urbe,
2877 1903 3210 1975 profugum,
3237 1904 3518 1959 Catanam
3551 1907 3662 1959 mi-

2013 2006 2213 2063 grasse
2235 1991 2435 2062 ibique
2457 1991 2677 2047 obiisse
2699 1997 2758 2047 et
2777 1993 3075 2064 sepultum
3097 1999 3235 2048 ante
3257 2000 3508 2064 portam,
3533 2012 3664 2066 qua

2015 2079 2086 2134 ab
2117 2096 2186 2134 eo
2219 2080 2592 2136 Stesichorea
2620 2080 2777 2136 dicta
2805 2081 3004 2136 fuerit.
3036 2083 3244 2136 Junior
3272 2082 3668 2153 Alemane,ly-

2013 2171 2159 2238 rico,
2205 2176 2381 2226 natus
2439 2175 2530 2226 est
2585 2171 2933 2242 Olympiade
2989 2172 3262 2227 XXXVII.
3322 2173 3668 2245 Olympiade

2015 2260 2148 2314 LVI.
2182 2261 2444 2315 Fratrem
2476 2260 2684 2315 habuit
2729 2260 3167 2328 Mamertinum,
3201 2263 3540 2333 geometria
3572 2279 3670 2333 pe-

2015 2348 2214 2415 ritum,
2241 2353 2300 2403 et
2320 2348 2748 2416 Helianaetem,
2769 2348 3192 2420 legislatorem.
3208 2347 3348 2403 Fuit
3367 2356 3564 2405 autem
3589 2352 3670 2422 ly.

2015 2437 2195 2504 ricus,
2223 2438 2469 2507 ejusque
2490 2437 2990 2502 Poemata,Dorica
3011 2436 3265 2492 dialecto
3284 2439 3671 2508 scripta,sunt

2017 2529 2171 2584 libris
2214 2530 2301 2583 XX
2317 2529 2407 2583 VI.
2463 2527 2686 2582 Dicitur
2733 2527 2953 2598 scripta
2997 2529 3406 2598 vituperatione
3451 2532 3670 2585 Helenae

2015 2618 2208 2672 visum
2231 2616 2744 2682 amisisse,deinde
2776 2617 2838 2670 in
2871 2616 3097 2671 somnis
3127 2618 3410 2686 monitus,
3430 2625 3673 2690 prapter

2006 2707 2372 2777 palimodiam
2401 2706 2592 2760 visum
2642 2705 2958 2776 recepisse.
3011 2706 3153 2759 Cum
3203 2706 3463 2776 primum
3499 2710 3672 2764 Tisias

2015 2801 2362 2862 vocaretur,_
2377 2796 2607 2865 accepit
2647 2811 2868 2850 nomen
2917 2795 3237 2860 Stesichori,
3269 2790 3361 2848 διὰ
3387 2797 3450 2848 τὸ
3480 2801 3670 2862 στῆναι

2015 2882 2210 2957 χορὸν,
2234 2883 2392 2954 quod
2413 2884 2643 2955 primus
2673 2884 2922 2939 chorum
2953 2883 3301 2952 instituerit,
3325 2900 3460 2940 cum
3491 2891 3670 2940 cantu

2015 2973 2258 3028 cithara
2289 2973 2699 3043 conjunctum.

2085 3061 2290 3133 Stilpo,
2316 3063 2693 3134 Megarensis,
2715 3062 3124 3134 philosophus,
3147 3061 3248 3133 qui
3269 3062 3382 3117 fuit
3403 3063 3511 3118 sub
3533 3066 3667 3119 Pto-

2019 3149 2230 3205 lemao
2257 3150 2448 3220 primo
2478 3150 2808 3221 discipulus
2840 3149 3101 3221 pasiclis,
3133 3149 3415 3218 Thebani,
3439 3152 3540 3222 qui
3563 3169 3670 3208 au-

2023 3237 2213 3293 dierat
2227 3237 2878 3309 fratrem,Cratetem,et
2898 3238 3676 3311 Dioclidem,Megarensem;

2021 3327 2072 3381 is
2125 3342 2260 3380 vero
2310 3326 2638 3394 Euclidem,
2692 3326 3050 3397 discipulum
3102 3327 3384 3382 Platonis.
3437 3329 3680 3383 Prafuit

2023 3414 2324 3486 Megarica
2357 3414 2597 3482 schola,
2631 3421 2690 3469 et
2718 3415 2980 3487 dialogos
3014 3415 3252 3486 scripsit
3281 3432 3403 3470 non
3435 3417 3678 3487 paucio-

2025 3519 2121 3558 res
2149 3502 2379 3574 viginti.

2100 3606 2264 3676 Στοὰ,
2289 3607 2552 3679 porticus,
2586 3608 2646 3663 in
2700 3625 2816 3680 qua
2848 3609 3048 3675 Stoici,
3084 3607 3345 3678 Στωϊκοὶ,
3375 3611 3474 3681 qui
3507 3615 3684 3666 antea

2026 3697 2289 3760 Zenonii,
2318 3696 2556 3751 Athenis
2579 3696 2890 3752 docebant.
2917 3699 3050 3752 Hac
3072 3697 3485 3769 appellabatur
3509 3704 3684 3754 antea

2027 3781 2480 3850 πεισιανάκτειος,
2509 3783 2724 3838 deinde
2755 3801 2789 3838 a
2817 3785 3126 3856 Polygnoti
3148 3786 3382 3857 pictura
3409 3786 3567 3842 dicta
3596 3793 3685 3842 est

2028 3867 2280 3939 ποικίλη.
2315 3871 2377 3925 In
2408 3870 2516 3925 illa
2563 3870 2943 3927 inambulans
2986 3874 3161 3940 Zeno,
3211 3873 3450 3942 Citieus,
3495 3875 3687 3930 disse-

2028 3961 2215 4016 rebat.
2241 3959 2357 4015 Sub
2380 3959 2517 4014 XXX
2540 3961 2808 4030 tyrannis
2834 3966 3034 4016 autem
3067 3962 3231 4016 mille
3265 3961 3684 4036 quadringenti

2031 4050 2186 4105 cives
2217 4049 2297 4103 ibi
2329 4047 2626 4104 interfecti
2660 4055 2818 4106 sunt.

2104 4137 2334 4203 Strabo,
2364 4139 2718 4209 Amasenus,
2751 4138 3142 4211 philosophus
3189 4143 3248 4194 et
3292 4140 3682 4214 geographus,

2035 4225 2234 4297 (Infra,
2266 4226 2504 4297 Strato.)

2107 4315 2320 4380 Strato,
2352 4313 2616 4369 comicus
2644 4314 2855 4370 media
2897 4315 3218 4373 comadia.
3246 4318 3328 4372 Ex
3358 4317 3487 4389 ejus
3509 4316 3688 4387 jabu-

2036 4401 2111 4457 lis
2151 4407 2278 4456 erat
2307 4400 2502 4476 φοῖνιξ.

2109 4491 2322 4557 Strato,
2354 4491 2812 4562 Lampsacenus,
2857 4492 3268 4564 philosophus,
3301 4494 3687 4564 Theophrasti

2022 4576 2352 4648 discipulus
2385 4583 2444 4632 et
2472 4595 2804 4646 successor,
2832 4579 2992 4634 illius
3015 4580 3300 4634 Arcesitai
3326 4581 3418 4635 vel
3443 4581 3686 4646 Arcesii,

2039 4666 2390 4737 cognomine
2422 4665 2728 4736 Physicus,
2763 4667 2923 4737 quod
2971 4685 3092 4738 pra
3143 4669 3373 4723 cateris
3413 4667 3690 4722 omnibus

2040 4753 2297 4824 physica
2349 4753 2836 4824 contemplationi
2886 4753 3123 4809 deditus
3175 4760 3365 4822 esset;
3409 4756 3691 4828 magister

2040 4840 2344 4895 Ptolemai
2373 4840 2768 4912 Philadelphi,
2793 4842 3013 4896 multos
3035 4842 3219 4897 libros
3251 4843 3508 4914 scripsit.

2116 4929 2328 4992 Strato,
2360 4929 2712 4996 Amasenus,
2771 4929 3180 5001 philosophus,
3239 4932 3340 5000 qui
3401 4931 3545 4985 vixit
3582 4931 3690 4986 sub

2041 5016 2294 5083 Tiberio,
2335 5017 2583 5071 Casare.
2636 5017 2883 5088 Scripsit
2927 5018 3298 5090 geographia
3345 5018 3531 5074 libros
3572 5019 3690 5075 VII.

2043 5104 2186 5176 (lmo
2213 5103 2441 5171 Strabo,
2472 5103 2657 5159 libros
2687 5106 2843 5176 xvu.)

2113 5192 2367 5261 Strattis,
2390 5192 2793 5259 Atheniensis,
2819 5194 3094 5266 tragicus.
3121 5195 3261 5267 Ejus
3281 5195 3499 5252 fabula
3523 5201 3690 5253 sunt:

2115 5371 2224 5494 S26)
2256 5369 2491 5426 Rectius
2521 5370 2770 5435 Oasites,
2803 5376 2970 5426 ortus
3019 5389 3090 5427 ex
3137 5373 3283 5429 urbe
3325 5374 3526 5442 Ὃασις,
3562 5392 3693 5446 qua

2115 5458 2214 5494 .20
2272 5441 2600 5494 dicebatur-
2658 5441 2860 5494 Ὓασις.
2923 5443 3137 5494 Lvdia-
3202 5447 3264 5494 V-
3324 5447 3523 5494 Stenh.
3586 5448 3693 5494 Bv-

2044 5441 2214 5513 vulgo
2272 5441 2622 5518 dicebatur,
2658 5441 2860 5518 "_1_‘aaz<;,
2922 5443 3264 5518 Lydia._V.
3324 5441 3523 5518 Steph.
3579 5441 3694 5517 By-

2045 5519 2200 5640 ἓιῄ
2237 5530 2290 5567 v.
2321 5512 2529 5579 Ὕασις.
2572 5517 2630 5568 et
2670 5515 2884 5570 Kiister
2927 5512 3001 5570 ad
3052 5515 3214 5573 Suid.
3267 5518 3364 5587 III,
3402 5512 3534 5591 pag.
3569 5512 3692 5573 35⁷7.

2093 5602 2132 5640 Α
2208 5627 2220 5640 .

2093 5602 2200 5640 ΛΒΙι
2208 5627 2220 5641 .
