4088 6312
379 353 544 415 1351⁵

1682 343 1934 426 INDEX”
1968 342 2490 434 gemmam

3631 353 3816 436 135‘s"

377 484 1262 584 ’.Δνθρωττορίστης,,Ἀταλάντῗμ
1318 491 1534 584 Ἀιγαθοὶ
1576 495 1695 550 sive
1726 495 2008 574 Ἀργυρίου.

2137 504 3794 584 est,oriundus,philosophus,epi3bopusPtolemaidis,ex

377 575 703 646 ἀφανισμὸς,
759 577 1063 653 Ἰφιγὲρων,
1119 577 1488 652 Καλλιπίδης,
1545 583 1824 654 Κινησίας,
1883 593 2028 660 Λιμ-

378 663 649 738 νομέδων,
710 663 1040 735 Μακεδόνες,
1099 666 1332 739 Μήδεια,
1390 669 1668 746 Τρωΐλος,
1721 674 2022 747 Φοίνισσαι,

378 753 753 825 Φιλοκτήτης,
813 755 1148 827 Χρύσιππος,
1208 762 1530 828 Παυσανιας,
1590 765 1902 838 Ψυχασταὶ,
1961 772 2028 823 ut

378 848 546 901 testis
581 846 898 901 Athenaeus
925 846 988 901 in
1020 848 1517 922 Dipnosophistis.

446 935 709 998 Studius,
736 935 1006 1007 dynasta,
1034 939 1133 1008 qui
1158 939 1614 998 celeberrimum
1638 943 1787 1000 illud
1819 963 2022 1002 mona-

372 1025 617 1079 sterium
645 1025 856 1096 (CPoli)
891 1025 1178 1082 condidit.
1209 1029 1342 1083 Fuit
1361 1031 1504 1085 olim
1531 1034 1794 1091 Ecclesia
1823 1038 2025 1093 Catho-

370 1113 642 1180 licorum,
666 1119 872 1184 postea
891 1121 1183 1171 mutatum
1207 1125 1295 1173 est
1315 1120 1376 1174 in
1401 1124 2020 1184 monasterium.ldem

368 1202 606 1257 Studius
627 1204 906 1275 princeps
925 1205 1112 1260 eadem
1132 1208 1494 1281 archangeli,
1518 1212 2021 1283 Michaelis,Nacoo

362 1291 480 1368 liae,
515 1293 798 1372 condidit,
825 1295 886 1349 in
918 1312 1096 1374 quem
1127 1304 1186 1357 et
1214 1315 1416 1359 versus
1448 1302 1672 1364 heroici
1703 1308 2016 1368 teruntur:

366 1477 625 1556 Στοῦδιον
660 1477 862 1556 aqua;
895 1477 1041 1535 οἶκον
1079 1475 1361 1556 {scindi-9,
1392 1480 1754 1556 καρπαλῐμῳς
1791 1481 1848 1539 Si

359 1555 455 1608 Ὧν
511 1551 717 1627 κάμεν,⁷
754 1552 944 1630 εὕρατο
1005 1551 1216 1626 μισθὸν,
1271 1552 1411 1609 ἑλὼν
1463 1551 1739 1626 ’ὑπατηῗδα
1791 1551 2012 1633 ῥάϐδον.

429 1732 743 1788 Suetonius
776 1731 1166 1806 (Σιυητόνιος),
1193 1733 1388 1790 dictus
1414 1734 2015 1806 Tranquillus,gram-

357 1821 612 1875 maticus
641 1823 962 1876 Romanus.

431 1910 810 1982 Superianus,
853 1913 1138 1984 sophista,
1169 1930 1384 1985 genere
1415 1915 1671 1981 Isaurus,
1709 1912 2007 1968 Lachiaris

359 1995 705 2070 discipulus,
741 1994 1039 2073 ὀψιμαθὴς,
1100 2001 1200 2073 qui
1258 2019 1447 2058 annos
1478 2002 1734 2073 amplius
1767 2002 2010 2074 triginta

356 2093 530 2144 natus
562 2089 804 2144 demum
836 2091 1012 2162 coepit
1040 2096 1341 2146 oratorum
1394 2091 1578 2146 libros
1611 2091 1806 2164 legere
1845 2096 1903 2145 et
1933 2089 2006 2145 ad

357 2177 703 2248 disciplinas
723 2179 1002 2235 liberales
1015 2181 1282 2236 animum
1297 2181 1786 2252 adjicere,tamen
1805 2180 2009 2240 labore

351 2261 625 2338 improbo
649 2273 708 2322 et
727 2262 927 2339 flagris
955 2265 1154 2334 etiam,
1188 2267 1404 2339 quibus
1436 2284 1497 2324 se
1529 2268 1656 2340 ipse
1689 2269 1747 2324 in
1781 2270 2009 2327 balneis

348 2353 628 2419 concidit,
654 2372 723 2410 ea
742 2352 1146 2427 edidicit,quaa
1167 2373 1202 2411 a
1224 2357 1422 2427 pueris
1450 2357 1713 2429 magistri
1742 2357 2002 2429 exigunt.

352 2444 557 2513 Itaque
587 2435 649 2498 in
680 2435 900 2498 celebri
930 2439 1295 2499 Athenarum
1328 2445 1473 2500 urbe
1505 2446 1690 2500 evasit
1719 2448 2009 2518 sephista,

360 2529 616 2587 Lachare
645 2531 835 2603 gloria
863 2549 983 2587 non
1015 2533 1203 2588 multo
1227 2533 1641 2590 inferior.Nam
1675 2533 1885 2601 scio,et
1905 2537 2012 2591 La-

358 2621 600 2676 charem
631 2621 958 2694 sophistam
988 2622 1209 2678 factum
1253 2623 1560 2696 diligentia
1594 2625 1801 2697 magis,
1833 2620 2020 2697 quam

365 2711 624 2783 ingenio.
659 2712 798 2782 Ejus
830 2713 991 2768 enim
1041 2712 1338 2766 orationes
1371 2712 1505 2785 legi,
1539 2729 1570 2768 e
1602 2713 1817 2784 quibus
1847 2714 2014 2771 valde

362 2805 672 2856 accuratus
697 2801 865 2870 mihi,
895 2801 998 2856 sed
1020 2801 1256 2873 ingenio
1283 2802 1541 2858 tardiore
1571 2803 1731 2858 visus
1753 2809 1858 2858 est.
1884 2804 2017 2860 Effl-

360 2889 482 2961 gies
505 2906 742 2960 quoque
764 2890 893 2960 ejus
913 2889 1210 2945 referebat
1227 2891 1438 2957 virum,
1462 2889 1537 2946 ad
1560 2891 1755 2947 studia
1775 2893 2016 2963 quidem

360 2979 706 3043 tardiorem,
741 2979 843 3034 sed
873 2979 1042 3034 vultu
1073 2979 1320 3050 pulchro
1353 2985 1413 3034 et
1444 2979 1570 3044 tali,
1608 2981 1708 3050 qui
1738 2981 2017 3037 virtutem

360 3069 762 3140 polliceretur,
789 3073 846 3122 et
876 3067 1087 3140 dignus
1110 3072 1258 3133 erat,
1281 3069 1381 3138 qui
1403 3068 1794 3140 philosophus
1821 3071 2017 3141 potius

362 3171 540 3227 quam
571 3155 840 3228 sophista
883 3162 1210 3212 vocaretur.
1267 3159 1411 3212 Nam
1458 3157 1682 3228 alioqui
1729 3159 2020 3214 Lachares

2130 595 2337 650 ordine
2363 599 2990 674 sacerdotali.Scripsit
3013 601 3198 657 libros
3226 603 3490 658 diversos
3514 608 3573 657 et
3591 619 3790 674 gram-

2131 685 2379 741 maticos
2403 693 2458 742 et
2479 681 2946 763 philosophicos,
2971 692 3234 764 itemque
3268 691 3574 747 Orationes
3597 692 3667 746 de
3691 707 3792 746 re-

2128 789 2266 846 gno,
2291 781 2347 831 et
2372 776 2678 834 Orationes
2703 782 3088 855 panegyricas
3121 782 3240 836 sive
3270 781 3504 854 generis
3535 781 3784 837 demon-

2129 864 2374 919 strativi.
2413 867 2554 921 Item
2578 870 2925 925 Encomium
2950 870 3293 938 calvitiei,et
3317 871 3656 926 Orationem
3679 871 3786 926 ad-

2128 953 2461 1010 mirabilem
2492 956 2564 1011 de
2591 958 2983 1027 Providentia,
3023 977 3240 1033 genere
3285 959 3523 1014 dicendi
3551 961 3787 1015 Graeca-

2126 1045 2292 1116 nico;
2337 1047 2604 1119 aliosque
2650 1049 2938 1120 plurimos
2985 1057 3042 1106 et
3097 1051 3359 1106 diversos
3417 1049 3674 1116 libellos,
3726 1055 3789 1105 et

2126 1142 2413 1206 praeterea
2458 1133 2770 1212 Epistolas,
2823 1156 2955 1211 quae
3005 1140 3162 1212 apud
3211 1157 3420 1196 omnes
3468 1140 3531 1195 in
3571 1154 3786 1213 magno

2123 1226 2313 1295 pretio
2340 1227 2653 1285 habentur.

2195 1318 2601 1392 Συντακτήριος
2672 1320 2954 1393 Origenes
3032 1319 3366 1392 appellatus
3421 1320 3556 1388 fuit,
3613 1318 3787 1389 .quod

2121 1409 2342 1465 multos
2372 1408 2558 1465 libros
2597 1410 3051 1481 conscripsisset
3079 1411 3215 1483 (27).

2195 1497 2361 1570 Σύρα,
2393 1499 2537 1570 Syra
2579 1500 2692 1571 (28)
2741 1499 2897 1571 apud
2929 1501 3229 1555 Romanos
3274 1499 3472 1555 divina
3503 1500 3777 1572 epistola.

2191 1588 2494 1659 Syrianus,
2529 1589 2986 1660 Alexandrinus,
3021 1589 3435 1660 philosophus,
3471 1590 3570 1660 qui
3607 1591 3778 1646 Athe-

2119 1680 2256 1735 nien
2267 1679 2315 1734 si
2338 1679 2555 1735 scholas
2580 1685 2638 1734 et
2657 1680 2932 1735 Diatribaa
2957 1679 3194 1751 praefuit
3217 1698 3231 1747 ;
3257 1679 3541 1750 magister
3559 1679 3778 1750 Procli,

2117 1771 2219 1842 qui
2251 1771 2363 1826 fuit
2385 1770 2574 1842 ipsius
2605 1786 2932 1826 successor.
2967 1770 3220 1842 Scripsit
3261 1769 3322 1824 in
3355 1775 3545 1825 totum
3577 1772 3781 1825 Home-

2041 1875 2087 1941 Β
2115 1876 2240 1915 rum
2287 1861 2752 1915 Commentarium
2799 1858 2936 1913 libri
2984 1860 3120 1926 VII;
3171 1861 3235 1914 In
3280 1861 3469 1929 Remp.
3528 1860 3786 1916 Platonis

2114 1947 2298 2004 libros
2328 1950 2438 2015 1v;
2463 1950 2529 2003 In
2552 1949 2756 2018 Orphei
2789 1949 3137 2017 Theologiam
3167 1947 3352 2001 libros
3382 1948 3468 2014 Il;
3525 1949 3589 2002 In
3633 1950 3785 2003 Pro—

2116 2039 2280 2105 clum,
2316 2033 2410 2096 Ei:
2437 2034 2504 2090 τὰ
2550 2033 2807 2105 Πρόκλου
2858 2036 2980 2108 περὶ
3023 2039 3134 2089 τῶν
3179 2035 3307 2109 παρ’
3344 2035 3578 2108 Ὁμήρῳ
3619 2039 3780 2104 θεῶν,

2117 2127 2190 2182 de
2240 2127 2354 2182 diis
2398 2126 2764 2192 Homericis;
2817 2127 3144 2183 Consensum
3189 2126 3413 2194 Orphei,
3445 2126 3780 2195 Pythagoras

2117 2223 2169 2272 et
2197 2216 2483 2280 Platonis;
2513 2218 2590 2270 De
2619 2215 2876 2283 oraculis,
2902 2215 3108 2282 libros,
3134 2216 3195 2283 Χ,
3227 2220 3283 2270 et
3305 2215 3454 2270 alias
3487 2215 3778 2286 quasdam

2119 2306 2544 2361 enarrationes.
2578 2304 2861 2372 Isidorus,
2892 2304 3306 2376 philosophus,
3338 2309 3405 2358 ut
3436 2305 3786 2360 Damascius

2119 2395 2430 2458 ait,omnia
2448 2399 2714 2448 veterum
2733 2394 2954 2464 scripta
2971 2393 3419 2448 accuratissime
3442 2393 3792 2448 examinare

2119 2501 2240 2539 non
2267 2483 2614 2548 desinebat;
2650 2482 2752 2537 sed
2803 2487 2937 2554 post
2989 2482 3318 2548 Platonem,
3361 2481 3690 2537 Jamblicho
3722 2485 3785 2538 et

2118 2572 2429 2628 Jamblichi
2478 2571 2686 2626 amicis
2742 2587 2810 2626 ac
2861 2571 3178 2626 comitibus
3235 2587 3476 2643 operam
3522 2570 3782 2625 maxime

2121 2661 2320 2725 dabat,
2352 2676 2608 2732 quorum
2664 2660 2957 2731 optimum
3015 2675 3146 2714 esse
3205 2659 3542 2714 afﬁrmabat
3594 2659 3780 2714 civem

2123 2766 2296 2806 suum
2319 2750 2653 2821 Syrianum,
2677 2748 2868 2803 Procli
2891 2749 3262 2821 magistrum.
3290 2748 3598 2803 Neminem
3620 2764 3778 2816 vero,

2125 2839 2283 2910 quod
2313 2838 2554 2910 quidem
2585 2837 2658 2892 ad
2691 2853 2839 2892 vera;
2881 2835 3143 2893 scientiae
3195 2835 3614 2893 collectionem
3643 2837 3779 2892 atti-

2124 2933 2282 2995 neat,
2316 2926 2823 2983 contemnendum
2855 2942 2984 2982 esse
3007 2925 3312 2982 censebat.

2969 3037 3011 3090 T

2195 3148 2387 3210 Τάϐλα
2437 3154 2642 3210 tabula.
2696 3153 2920 3209 Nomen
2969 3153 3157 3217 lusus,
3209 3169 3387 3221 quem
3433 3151 3779 3208 Palamedes

357 3247 446 3300 vir
491 3246 602 3301 fuit
650 3247 766 3300 Deo
817 3245 1051 3314 cbarus,
1107 3246 1208 3316 qui
1260 3247 1453 3301 visum
1502 3248 1790 3303 amissum
1830 3249 2009 3305 etiam
2040 3242 2082 3308 C
2121 3242 3778 3316 magnacumsapientiainvenit,utexercitusGraacorum

359 3335 522 3390 illius
553 3334 842 3390 beneﬁcio
873 3335 1118 3406 recepit.
1150 3335 1254 3403 (Ex
1287 3335 1640 3403 Damascio.)

431 3423 758 3495 Sybaritica
803 3423 1320 3495 apOphthegmata,
1370 3424 1525 3495 apud
1570 3425 2011 3496 Epicharmum.

359 3512 701 3584 Sybariticae
722 3511 964 3578 fabulas,
989 3511 1046 3566 id
1071 3512 1476 3582 estEsopicae.
1506 3512 1571 3566 Et
1595 3513 1975 3584 proverbium
1998 3529 2013 3570 :

358 3601 628 3673 Sybarita
655 3617 762 3672 per
789 3601 1136 3672 plateam,in
1168 3617 1268 3656 eos
1299 3601 1399 3671 qui
1433 3602 1688 3673 superbo
1717 3603 1902 3675 gradu
1931 3604 2018 3658 in-

359 3690 614 3758 cedunt;
642 3690 922 3763 Sybaritas
945 3689 1255 3757 luxuriosi,
1277 3691 1572 3763 praecipue
1605 3692 1706 3748 ille
1740 3693 2015 3764 Mindyri-

357 3778 483 3849 des,
518 3786 629 3838 etc.

418 3867 921 3943 Συγχρωτίζεσθαι,
981 3871 1056 3926 ad
1101 3869 1346 3940 aliquem
1396 3871 1673 3934 accedere,
1733 3871 1844 3926 hoc
1899 3875 2008 3938 est,

337 3958 707 4026 familiariter
766 3976 889 4015 cum
953 3961 1144 4029 aliqua
1201 3961 1429 4015 versari.
1490 3959 1734 4027 Zenoni,
1797 3961 2008 4024 Citieo,

336 4048 649 4103 oraculum
667 4049 1150 4120 consulenti,quo
1165 4053 1336 4119 pacto
1350 4047 1586 4103 beatam
1602 4049 1779 4104 vitam
1795 4048 2007 4121 degere

336 4142 584 4208 posset:
645 4137 792 4192 deus
870 4137 1214 4208 respondit:
1273 4136 1336 4192 Ei
1395 4135 1832 4210 συγχρωτίζοιτο
1888 4141 2006 4199 τοῖς

339 4228 574 4296 νεκροῖς,
626 4227 688 4280 Si
728 4226 1091 4292 familiariter
1146 4243 1266 4281 cum
1321 4229 1551 4281 mortuis
1581 4232 1914 4295 versaretur,
1942 4227 2005 4283 id

342 4319 432 4371 est
462 4331 597 4368 cum
629 4315 866 4386 scriptis
899 4321 958 4371 et
986 4315 1155 4371 libris
1187 4315 1593 4384 antiquorum.

415 4405 689 4477 Symeon,
721 4404 1014 4459 mirabilis
1047 4404 1147 4458 ille
1174 4404 1259 4457 vir
1287 4404 1411 4474 (qui
1445 4404 1612 4475 vulgo
1639 4402 1860 4458 dicitur
1884 4405 2005 4476 Sty-

338 4495 502 4566 lites).
532 4496 609 4549 De
639 4495 750 4549 hoc
771 4511 906 4549 cum
927 4493 1158 4565 Egypti
1179 4493 1455 4547 monachi
1479 4492 1844 4547 audivissent
1866 4509 2001 4548 eum

336 4585 396 4638 in
433 4584 712 4639 columna
743 4589 922 4646 stare,
955 4598 1082 4637 rem
1115 4581 1418 4636 insolitam
1461 4581 1818 4637 damnantes
1849 4583 2000 4654 (ipse
2029 4620 2074 4684 Β

336 4675 497 4729 enim
529 4674 756 4744 primus
777 4673 889 4727 hoc
919 4672 1184 4741 fecerat),
1209 4687 1344 4725 eum
1376 4687 1446 4726 ex
1477 4675 1630 4725 coetu
1654 4687 1759 4726 suo
1790 4671 1992 4726 exclu-

338 4768 562 4818 serunt.
587 4764 800 4818 Postea
825 4777 982 4829 vero,
1007 4760 1243 4832 cognita
1266 4760 1374 4814 viri
1397 4759 1561 4814 illius
1581 4758 1698 4814 vita
1725 4765 1783 4814 et
1806 4759 1991 4815 animi

338 4851 650 4916 modestia,
682 4867 888 4907 rursus
919 4867 1056 4906 eum
1076 4849 1138 4904 in
1160 4855 1375 4905 emtum
1409 4864 1582 4903 suum
1613 4855 1986 4920 receperunt.

335 4941 424 4996 Ad
456 4942 615 4995 hunc
644 4941 990 5006 Marcianus,
1027 4939 1172 5010 imp.
1229 4937 1490 4992 hominis
1543 4937 1752 5008 privati
1783 4935 1989 4992 habitu

334 5029 493 5085 clam
526 5031 702 5086 venit.

406 5115 511 5170 Σὺι
546 5114 602 5170 δὲ
632 5117 757 5172 Θεοὶ
793 5117 1052 5191 μάκαρες.
1086 5118 1207 5172 Hoc
1258 5115 1559 5187 Rhapsodi
1591 5114 1866 5170 accinere
1894 5130 1991 5169 so-

333 5204 575 5262 lebant:
609 5213 674 5262 ut
702 5209 1034 5274 citharmdi,
1065 5202 1226 5262 Ἀλλ’
1257 5201 1405 5273 ἅναξ,
1449 5207 1632 5278 χαῖρε.
1668 5206 1800 5259 Haac
1826 5204 1988 5259 enim

333 5295 790 5365 epiphonemata
818 5299 975 5369 apud
1003 5302 1227 5352 veteres
1257 5301 1462 5365 poetas
1495 5293 1683 5348 obvia.

410 5383 708 5455 Synesius,
742 5386 1048 5456 Pentapoli
1073 5382 1409 5449 Thebaidis,
1434 5397 1566 5453 quas
1588 5382 1652 5437 in
1678 5381 1857 5454 Libya
1877 5382 1992 5438 sita

393 5567 515 5636 ,(2⁸7)
548 5564 694 5621 Falli
723 5563 982 5629 Suidam,
1009 5579 1145 5616 cum
1171 5560 1452 5636 Origenes
1473 5564 1712 5614 auctore
1733 5559 1988 5636 Epipha-

322 5630 450 5706 nia,
476 5636 824 5700 ¹Συντάκίτης,
857 5650 976 5706 non
1020 5630 1430 5706 ΫΣυντακτῇριος
1480 5635 1718 5706 vocalia
1754 5630 1984 5700 fuisset,

324 5699 534 5782 monet
553 5699 780 5772 Euster
809 5703 882 5758 ad
915 5704 970 5756 h.
1007 5705 1051 5757 Ι.
1082 5707 1223 5756 tom.
1257 5699 1356 5770 III,
1387 5718 1446 5772 p.
1477 5702 1602 5754 408.
1633 5699 1806 5755 Han.

2117 3333 2384 3400 haberet,
2409 3348 2524 3403 quo
2549 3335 2783 3403 tempus
2804 3331 3056 3387 falleret.
3086 3332 3152 3385 In
3173 3331 3286 3386 hoc
3309 3331 3444 3386 lusu
3466 3330 3669 3386 tabula
3690 3336 3780 3386 est

2117 3423 2378 3479 mundus
2410 3421 2725 3476 terrestris.
2779 3420 3100 3476 Duodecim
3159 3417 3315 3474 κάσοι
3367 3419 3488 3475 sive
3536 3420 3778 3490 scripta,

2119 3512 2375 3568 circulus
2402 3511 2694 3566 zodiacus.
2719 3510 2982 3565 Fritillus
3010 3515 3068 3565 et
3087 3511 3148 3565 in
3173 3525 3238 3564 eo
3260 3515 3486 3581 septem
3511 3515 3774 3572 tessera),

2119 3609 2345 3675 septem
2371 3601 2559 3656 stellas
2588 3600 2965 3672 planetarum
2991 3617 3004 3668 ;
3038 3599 3326 3655 turricula
3357 3598 3778 3667 vero,altitudo

2118 3693 2270 3758 caeli,
2305 3709 2376 3747 ex
2405 3707 2521 3762 quo
2551 3689 2740 3745 multa
2767 3689 2925 3745 bona
2968 3695 3026 3745 et
3069 3689 3226 3745 mala
3247 3688 3528 3745 omnibus
3559 3704 3777 3759 repen-

2117 3782 2426 3925 du:;‘;f.tx
2451 3863 2730 3942 τρίποδος,
2785 3885 2854 3924 ea:
2903 3869 3120 3939 tripode
3165 3868 3334 3935 dicta,
3367 3867 3440 3922 de
3469 3867 3648 3922 rebus
3672 3883 3772 3922 ve—

2114 3962 2410 4018 rissimus.
2433 3960 2578 4014 Cum
2599 3957 2946 4023 Aristoclea,
2967 3974 3098 4028 quas
3119 3962 3248 4012 erat
3267 3957 3498 4028 Pythia,
3523 3973 3646 4010 rem
3671 3957 3770 4011 ha-

2112 4052 2314 4108 buisse
2357 4049 2539 4104 frater
2587 4048 2820 4117 dicitur,
2873 4052 2932 4102 et
2982 4046 3224 4102 oracula
3255 4063 3386 4117 quae
3420 4045 3630 4117 Apollo
3661 4062 3768 4116 per

2115 4157 2245 4196 eam
2295 4137 2600 4202 edidisset,
2650 4141 2716 4191 ut
2761 4152 2896 4192 vera
2946 4135 3282 4191 adnotasse.
3315 4137 3396 4190 De
3429 4134 3761 4207 Apollonio,

2111 4227 2793 4303 Tyraneo,Philostratus
2814 4242 2827 4280 :
2851 4227 2975 4280 Non
3000 4231 3126 4281 erat
3146 4225 3419 4296 copiosus
3435 4225 3497 4279 in
3514 4224 3765 4279 dicendo

2109 4334 2306 4390 neque
2335 4317 2558 4372 ironice
2589 4315 2933 4386 loquentem
2967 4315 3284 4385 quisquam
3305 4313 3548 4380 audivit,
3572 4328 3763 4383 neque

2109 4424 2309 4464 coram
2341 4404 2713 4462 auditoribus
2762 4419 2825 4458 se
2862 4403 3214 4474 jactantem,
3248 4402 3351 4458 sed
3382 4408 3667 4474 tanquam
3695 4419 3762 4457 ea:

2110 4496 2346 4567 tripode,
2373 4496 2503 4549 novi
2532 4493 2749 4556 aiebat,
2777 4498 2836 4548 et
2865 4492 3095 4547 videtur
3126 4492 3296 4546 mihi.

2179 4583 2255 4640 Τὰ
2285 4582 2344 4638 ἐκ
2373 4577 2674 4641 Τπίποδος.
2695 4581 2905 4653 Apollo
2929 4581 3256 4636 vaticinans
3279 4580 3467 4635 utitur
3503 4580 3763 4651 Tripode,

2102 4679 2345 4748 propter
2375 4671 2489 4727 tria
2519 4687 2718 4726 rerum
2772 4677 3059 4743 tempora.
3110 4671 3420 4739 Homerus,
3453 4668 3526 4729 Ος
3554 4669 3604 4743 γ’
3632 4664 3761 4742 ᾔδει

2099 4761 2164 4817 τά
2192 4759 2396 4817 τέόντα
2423 4757 2488 4814 τά
2514 4759 2564 4812 τ’
2616 4757 2902 4830 ἐσσόμενα,
2936 4758 3042 4829 πρό
3087 4757 3135 4811 τ’
3181 4755 3358 4813 ἐόντα.
3393 4758 3502 4823 Qui
3529 4759 3682 4812 novit
3705 4765 3763 4812 et

2092 4855 2394 4924 praesentia
2404 4857 2457 4906 et
2467 4853 2667 4919 futura
2681 4854 2732 4903 et
2740 4846 3326 4919 praeteritaApollini
3341 4848 3528 4919 tripus
3544 4863 3761 4902 aureus

2099 4942 2339 5009 cessit,a
2350 4938 2744 5012 piscatoribus
2757 4937 2992 4992 oblatus
3009 4937 3270 5008 primum
3287 4954 3363 4991 vn
3385 4935 3757 4992 sabientibus

2098 5023 2222 5090 sed,
2257 5038 2392 5077 cum
2413 5020 2473 5075 hi
2507 5019 2677 5073 illum
2705 5017 3111 5088 repudiarent,
3139 5017 3312 5072 datus
3331 5017 3446 5072 fuit
3473 5015 3758 5088 Apollini,

2095 5111 2256 5168 velut
2285 5109 2745 5182 sapientissimo,
2797 5108 2892 5162 cui
2941 5107 3082 5162 dare
3131 5107 3440 5162 oraculum
3464 5107 3750 5179 jusserat.

2169 5201 2253 5257 Τὰ
2289 5198 2457 5254 ἐκτῶν
2498 5195 2715 5269 ἁμαξῶν
2745 5195 3074 5268 σκώμματα,
3101 5199 3211 5251 Ἐω
3256 5197 3527 5267 plaustris
3580 5196 3761 5251 dicto-

2095 5294 2204 5347 ria.
2231 5289 2474 5344 Athenis
2495 5288 2559 5342 in
2579 5287 2728 5342 festo
2752 5287 3000 5350 Choum,
3020 5284 3120 5356 qui
3143 5291 3540 5341 comessatum
3563 5284 3757 5351 ibant,

2097 5381 2380 5455 plaustris
2409 5377 2500 5433 vel
2530 5377 2734 5432 obvios
2764 5375 3028 5431 dicteriis
3078 5379 3138 5431 et
3186 5374 3459 5431 conv‘itiis
3497 5375 3761 5429 insecta-

2169 5559 2274 5632 (28»
2306 5553 2552 5632 Videtur
2607 5553 2818 5610 Suidas
2875 5549 3030 5608 male
3092 5549 3402 5624 scripsisse
3444 5549 3590 5623 Σύρα
3645 5569 3757 5624 pro

2099 5628 2308 5701 Σάκρα,
2341 5628 2546 5683 Sacra."
