4062 6298
235 355 409 417 1353

1516 382 1517 385 η
1552 354 1659 433 DE
1699 352 1985 427 QUIBUS
2029 352 2308 416 SUIDAS

3494 359 3658 422 1354

230 487 488 544 bantur.
523 487 686 543 Idem
716 487 779 543 in
810 486 1035 545 Lenteis
1051 493 1256 560 postea
1276 487 1593 544 faciebant.
1618 489 1894 543 Mulieres
1923 490 1979 557 Α
2009 489 2194 543 monii
2214 490 2709 557 retrocesserunt,
2740 491 2910 559 turpe
2941 486 3226 545 ducentes
3256 505 3392 546 cum
3440 492 3662 548 mulie-

230 577 729 647 Atheniensium,
788 577 1051 649 plaustro
1105 582 1305 645 vectae,
1365 594 1501 632 cum
1559 577 1901 633 Eleusinem

236 666 423 721 ibant
453 666 526 721 ad
556 683 769 738 magna
798 667 1102 738 mysteria,
1137 667 1197 720 in
1229 666 1322 721 via
1353 683 1413 722 se
1445 667 1670 721 mutuis
1700 665 1902 720 convi-

245 756 363 810 ciis
406 756 870 811 insectabantur.
932 755 1316 811 Alexandrini
1368 755 1511 810 olim
1568 755 1902 810 animarum

244 844 676 899 lustrationem
696 844 1205 899 faciebant.Certis
1224 844 1385 899 enim
1406 843 1616 899 diebus
1630 843 1902 898 homines

242 933 522 988 curribus
554 933 726 1000 vecti,
761 933 976 1003 quibus
1005 932 1118 987 hoc
1146 933 1343 1004 ipsum
1399 949 1618 987 munus
1662 932 1904 987 manda.-

242 1026 379 1076 tum
413 1027 558 1088 erat,
592 1038 699 1093 per
728 1026 911 1076 totam
932 1021 1139 1076 urbem
1164 1021 1348 1092 ibant,
1401 1027 1460 1076 et
1510 1024 1756 1086 stantes,
1799 1019 1903 1075 ubi

241 1109 496 1178 vellent,
523 1116 581 1164 et
605 1110 677 1165 ad
697 1110 937 1164 domum
961 1109 1376 1175 subsistentes,
1401 1110 1743 1180 ubicunque
1774 1109 1904 1180 pla-

243 1199 494 1268 cuisset,
517 1200 589 1255 de
612 1199 875 1271 plaustro
892 1199 1308 1270 loquebantur,
1334 1217 1453 1254 non
1467 1199 1616 1255 falsa
1637 1201 1903 1255 convicia

232 1288 560 1359 jactantes,
597 1288 699 1343 sed
729 1305 869 1343 vera
894 1289 1147 1344 crimina
1176 1289 1618 1361 exprobrantes,
1654 1296 1764 1344 etc.

319 1376 402 1430 Τὰ
431 1371 519 1428 ἐπὶ
551 1374 826 1442 κοσκίνου,
854 1376 929 1431 ad
975 1378 1215 1431 cribrum
1266 1377 1438 1445 dicta,
1494 1377 1565 1431 de
1615 1376 1757 1445 illis,
1800 1376 1902 1447 qui

241 1482 355 1537 per
383 1465 646 1521 cribrum
677 1472 735 1521 et
766 1466 1059 1537 tripodem
1090 1473 1191 1521 aut
1217 1484 1427 1522 aurum
1487 1467 1897 1521 vaticinantur.

322 1554 397 1608 Τὰ
425 1555 727 1623 Ναννάκου,
764 1572 963 1627 supra,
995 1557 1330 1612 Nannacus.

327 1641 633 1713 Ταντάλου,
667 1662 847 1717 supra
874 1646 1076 1701 Isaaus.

322 1732 401 1789 Τὰ
424 1732 671 1805 Σαμίων.
705 1735 913 1807 Supra,
947 1733 1196 1806 Σαμίων.

2011 579 2174 633 ribus
2204 594 2484 651 pugnare.
2524 578 2615 634 Sic
2647 578 3009 650 completum
3042 583 3131 633 est
3161 579 3494 649 oraculum,
3545 588 3655 638 etc.

2081 667 2359 736 Telestes,
2394 668 2677 723 comicus.
2712 668 2900 739 Hujus
2934 666 3203 723 dramata
3233 668 3410 742 ’Λργὼ
3439 674 3498 725 et
3531 670 3658 725 Ἀσ-

2010 752 2272 822 κληπιός,
2307 761 2372 810 ut
2402 761 2653 811 testatur
2683 756 3027 822 Athenaeus,
3058 757 3181 811 XIV
3211 758 3575 830 Dipn050ph.

2082 845 2162 897 De
2176 845 2270 899 Tel
2281 846 2496 900 messia
2516 845 2688 916 vulpe
2702 861 2900 900 rerum
2913 844 3325 901 Thebanarum
3340 846 3660 918 scriptores

2011 935 2248 1004 copiose
2279 935 2671 1003 tradiderunt,
2705 942 2771 990 ut
2796 935 3227 1003 Aristodemus,
3276 943 3385 992 etc.
3437 937 3659 994 Fabula

2012 1021 2323 1095 desumpta
2353 1041 2421 1079 ex
2449 1024 2621 1096 Cyclo
2650 1025 2838 1097 epico.

2080 1111 2421 1180 Telmissus,
2456 1113 2595 1167 urbs
2628 1113 2837 1182 Lycias,
2871 1129 2905 1168 a
2935 1113 3240 1184 Telmisso,
3274 1114 3398 1170 ﬁlio
3430 1115 3659 1187 Apolli-

2010 1199 2104 1253 nis
2132 1206 2190 1253 et
2210 1201 2385 1255 unius
2409 1201 2665 1256 ﬁliarum
2688 1202 3026 1267 Antenoris,
3057 1220 3236 1275 quam
3255 1204 3658 1276 prodigiorum

2011 1288 2397 1360 interpretem
2427 1289 2822 1361 tapatoudzov
2851 1291 3010 1358 fecit,
3033 1298 3100 1346 ut
3119 1298 3325 1348 auctor
3345 1293 3658 1365 Dionysius

2009 1372 2062 1429 ἓν
2095 1375 2309 1431 Κτίσεσι
2343 1379 2461 1433 sive
2492 1380 2830 1449 Originibus.

2079 1464 2269 1528 Τὲλος.
2303 1468 2502 1536 Solon,
2534 1475 2890 1541 praesentem
2943 1470 3124 1526 Cruasi
3172 1472 3469 1527 fortunam
3514 1489 3659 1528 con-

2011 1561 2306 1626 temnens,
2332 1557 2516 1629 jussit
2544 1575 2680 1614 eum
2714 1560 2894 1614 totius
2925 1560 3055 1615 vita;
3090 1560 3270 1616 ﬁnem
3291 1565 3656 1632 exspectare,

2009 1650 2118 1701 etc.
2664 1670 2667 1674 ·

2080 1735 2299 1804 Aristo,
2327 1736 2526 1801 Chius,
2548 1735 2730 1807 τέλος,
2761 1740 2944 1806 ﬁnem,
2969 1753 3099 1794 esse
3118 1737 3284 1805 dixit,
3313 1739 3658 1795 indifferen-

328 1823 625 1878 Tatianus.
659 1823 763 1877 Hic
820 1822 928 1877 sub
983 1824 1216 1878 Iuliano
1275 1825 1558 1880 Parabate
1618 1824 1898 1896 martyrio
1933 1866 1977 1928 Β
2008 1828 2099 1878 ter
2129 1841 2191 1879 se
2219 1823 2436 1880 habere
2461 1825 2537 1880 ad
2567 1841 2637 1880 ea
2669 1842 2799 1897 quas
2833 1826 2990 1881 inter
3038 1826 3314 1883 virtutem
3349 1833 3409 1882 et
3451 1828 3658 1883 vitium

250 1914 404 1969 obiit
441 1917 585 1984 (una
642 1930 777 1968 cum
833 1913 1179 1984 Theodulo),
1237 1919 1303 1969 ut
1358 1919 1563 1970 narrat
1618 1914 1779 1970 Suid.
1840 1914 1901 1968 in

248 2003 312 2058 Ἀ
328 2002 547 2076 μάχιος.

324 2088 700 2167 Ταυροφάγος,
726 2092 1008 2163 Bacchus,
1031 2093 1189 2163 quod
1219 2092 1342 2148 illis
1373 2093 1473 2164 qui
1523 2092 1900 2166 dithyrambo

247 2182 532 2250 vicerant,
568 2182 673 2237 bos
718 2184 960 2254 praemio
1020 2183 1277 2239 daretur.
1335 2184 1451 2238 Alii
1494 2184 1901 2239 Aristarchum

246 2271 375 2326 falli
401 2271 1204 2342 dic'Int,putantem,taurum
1221 2272 1342 2327 illis
1363 2273 1544 2328 fuisse
1566 2274 1900 2345 prmmium.

248 2362 678 2433 AristOphanes
712 2362 1011 2416 Cratinum
1068 2363 1215 2417 dixit
1271 2362 1631 2440 ταυροφάγον,
1690 2363 1781 2419 vel
1836 2370 1904 2420 ut

250 2449 648 2519 crudivorum,
681 2450 772 2505 vel
801 2456 866 2505 ut
895 2451 1013 2504 vini
1067 2456 1386 2518 amantem,
1439 2452 1707 2524 adeoque
1760 2454 1901 2509 Bac-

251 2540 448 2605 chum,
473 2539 563 2594 vel
587 2539 742 2610 quod
766 2545 955 2594 mater
974 2540 1195 2595 Cratini
1228 2540 1409 2597 sacris
1440 2541 1652 2596 Bacchi
1686 2553 1904 2615 μοσχο-

255 2626 432 2704 φάγου
461 2633 618 2681 esset
646 2627 899 2695 tnitiata,
936 2630 1045 2681 etc.

327 2717 571 2783 Taurus,
607 2716 895 2788 Berytius,
941 2716 1332 2787 philosophus
1384 2717 1748 2789 Platonicus,
1801 2720 1902 2789 qui

251 2806 366 2862 fuit
396 2805 503 2860 sub
535 2806 838 2860 Antonino
897 2807 1022 2860 Pio.
1074 2806 1320 2877 Scripsit
1368 2808 1507 2863 «De
1567 2806 1903 2865 differentia

250 2918 279 2947 ‹‹
316 2895 655 2968 dogmatum
686 2895 948 2951 Platonis
973 2901 1030 2950 et
1054 2896 1388 2952 Aristotelis
1414 2914 1427 2963 ;
1453 2898 1531 2951 De
1555 2898 1902 2969 corporibus

249 3009 277 3036 «
313 2992 369 3040 et
399 2985 767 3057 incorporeis
798 2986 997 3053 rebus,
1023 3008 1059 3057 ι»
1096 2992 1153 3040 et
1182 2986 1298 3041 alia
1327 2987 1606 3058 plurima.

325 3075 606 3147 Telauges
638 3072 914 3148 (genitivo
955 3073 1324 3149 Τηλαυγοῦς),
1384 3077 1635 3143 Samius,
1683 3078 1899 3149 Pytha~

247 3182 403 3237 gora)
436 3165 631 3237 magni
666 3165 825 3220 illius
856 3170 913 3219 et
939 3165 1284 3235 discipulus,
1312 3165 1591 3237 magister
1611 3165 1896 3237 Empedo-

247 3254 374 3310 clis.
396 3253 640 3323 Scripsit
660 3254 730 3307 De
761 3255 1036 3322 Tetracty,
1063 3252 1181 3308 sive
1210 3255 1578 3318 Quatemione
1606 3256 1770 3309 libros
1790 3256 1894 3310 1V-

319 3342 645 3412 Telegonus
675 3343 903 3413 primus
934 3346 1123 3397 artem
1156 3342 1457 3398 divinandi
1490 3342 1734 3415 invenit,
1769 3360 1819 3399 e.
1845 3361 1900 3416 g.

251 3432 300 3487 si
332 3432 391 3485 in
422 3436 573 3486 tecto
603 3431 861 3485 mustela
892 3431 981 3485 vel
1013 3448 1256 3502 serpens
1287 3433 1647 3504 apparuerit,
1668 3435 1779 3489 hoc
1810 3433 1903 3489 vel

252 3521 398 3577 illud
431 3520 744 3592 signiﬁcat.
775 3520 982 3591 Supra,
1016 3522 1077 3575 in
1109 3519 1458 3591 Οἶωνιστικῆ.

324 3610 635 3681 Telephus,
687 3612 1108 3683 Pergamenus,
1167 3613 1606 3684 grammaticus,
1669 3612 1906 3684 scripsit

253 3723 284 3752 α
318 3701 469 3765 Quot
498 3717 593 3755 res
623 3701 1073 3772 grammaticum
1105 3702 1256 3756 scire
1287 3708 1593 3774 oporteat;
1628 3704 1706 3758 De
1758 3704 1901 3775 figu-

260 3809 290 3840 ιι
321 3789 400 3843 ris
431 3788 746 3843 rhetoricis
777 3788 933 3859 apud
964 3789 1286 3845 Homerum
1309 3790 1492 3845 libros
1520 3792 1568 3844 ΙΙ
1597 3808 1610 3857 ;
1646 3792 1725 3845 De
1776 3807 1901 3845 ser-

228 3896 283 3928 τι(
316 3877 509 3932 monis
536 3878 709 3933 Attici
732 3879 1174 3934 constructione
1197 3878 1378 3934 libros
1400 3881 1441 3933 V
1464 3881 1574 3947 ;De
1597 3880 1907 3935 Homerica

258 3988 281 4015 α
316 3967 648 4033 rhetorica;
704 3968 784 4021 De
840 3968 1074 4022 Homeri
1129 3973 1188 4023 et
1244 3969 1507 4024 Platonis
1561 3985 1902 4036 consensu;

256 4079 286 4106 ‹‹
324 4057 506 4111 Varia)
541 4055 894 4111 eruditionis
926 4053 1185 4125 ποικίλης
1234 4055 1563 4133 φιλομαθίας
1604 4056 1786 4112 libros
1816 4059 1905 4124 II;

253 4146 694 4218 «Tragicorum
753 4153 811 4201 et
889 4147 1252 4202 comicorum
1338 4149 1517 4203 Vitas.
1602 4141 1905 4215 Βιϐλιακῆς

253 4256 284 4285 ‹‹
325 4231 628 4307 ἐμπειρίας,
660 4237 739 4290 De
801 4236 1013 4291 notitia
1061 4236 1350 4293 librorum
1400 4236 1584 4292 libros
1635 4239 1732 4307 IIl,
1766 4260 1793 4287 »
1846 4236 1906 4293 in

261 4323 475 4394 quibus
507 4323 697 4392 docet,
728 4326 828 4396 qui
862 4325 996 4380 libri
1032 4332 1171 4381 sunt
1191 4332 1533 4398 comparatu
1556 4326 1736 4399 digni.
1760 4328 1907 4381 Item

260 4434 288 4463 ι(
318 4414 635 4468 Homerum
663 4414 855 4469 solum
888 4432 955 4470 ex
988 4416 1248 4487 antiquis
1274 4434 1421 4488 puro
1454 4432 1729 4472 sermone
1752 4416 1906 4471 Gra-

255 4524 285 4553 ‹‹
318 4519 386 4557 co
427 4503 552 4571 uti;
605 4504 1073 4575 Descriptionem
1123 4507 1426 4578 Pergami;
1472 4508 1552 4561 De
1602 4505 1907 4578 Augustali

2007 1916 2206 1971 media
2227 1922 2385 1983 sunt,
2409 1934 2519 1972 nec
2536 1917 2627 1972 vel
2650 1917 2967 1973 minimum
2990 1918 3052 1973 in
3066 1918 3411 1975 alterutram
3430 1925 3658 1992 partem

2009 2005 2081 2060 ab
2107 2005 2270 2061 hisce
2294 2007 2515 2062 moveri
2541 2024 2554 2074 ;
2589 2006 2691 2061 sed
2712 2006 2773 2061 in
2798 2007 3076 2063 omnibus
3098 2007 3276 2064 rebus
3298 2009 3514 2079 aaquali
3530 2025 3657 2064 esse

2009 2095 2229 2150 animo.
2265 2095 2601 2175 Sapientem
2633 2096 2793 2151 enim
2833 2096 3092 2151 similem
3142 2114 3271 2153 esse
3304 2096 3491 2172 ἀγαθῴ
3525 2096 3656 2151 ὑπο-

2009 2186 2191 2257 κριτῇ,
2224 2182 2497 2239 idoneam
2526 2201 2842 2255 personam
2870 2185 2931 2240 in
2962 2202 3140 2241 scena
3169 2187 3385 2259 agenti.

2080 2273 2437 2345 Terpander,
2470 2276 2737 2342 Arnaeus,
2772 2279 2875 2329 aut
2897 2291 3032 2330 vero
3064 2292 3134 2330 ex
3178 2276 3347 2331 Lesbi
3397 2276 3652 2344 civitate,

2010 2361 2271 2429 Antissa,
2302 2362 2393 2417 vel
2423 2363 2740 2418 Cumanus.
2773 2363 2887 2417 Alii
2917 2363 2989 2418 ab
3012 2363 3287 2432 Hesiodo,
3309 2363 3380 2419 ab
3405 2365 3656 2419 Homero

2010 2449 2110 2505 alii
2133 2467 2318 2520 genus
2341 2467 2474 2505 eum
2510 2452 2678 2507 aiunt
2698 2451 3267 2523 duxisse,fuisseque
3290 2452 3477 2507 filium
3497 2453 3658 2521 Boei,

2011 2540 2111 2610 qui
2145 2539 2304 2595 {ilius
2334 2540 2570 2610 Phocei,
2599 2558 2784 2612 nepos
2812 2541 3231 2612 Euryphontis,
3264 2543 3501 2596 Homeri
3524 2559 3661 2614 pro-

2010 2644 2196 2701 nepos
2219 2629 2528 2685 exstiterit.
2563 2630 2803 2702 Lyricus
2835 2629 2937 2685 ille
2968 2630 3159 2701 lyram
3189 2631 3416 2702 primus
3432 2638 3659 2703 septem

2012 2717 2251 2773 chordis
2273 2719 2575 2785 instruxit,
2601 2723 2658 2774 et
2685 2720 2879 2788 lyricos
2905 2735 3094 2774 nemos
3122 2720 3351 2790 primus
3401 2720 3658 2792 scripsit,

2013 2808 2283 2878 quamvis
2316 2807 2558 2879 quidam
2586 2807 2659 2863 ad
2689 2808 3164 2863 Philammonem
3194 2808 3304 2863 hoc
3334 2809 3623 2864 referunt.

2082 2896 2758 2969 TetractysﬁPythagorei
2781 2914 3019 2952 omnem
3045 2914 3362 2952 numerum
3375 2897 3663 2953 vocabant

2012 2986 2488 3057 quaternionem.
2522 2987 2727 3043 Omnis
2785 2987 2943 3041 enim
2993 3003 3279 3042 numerus
3327 2986 3663 3060 completur

2010 3074 2295 3142 denario;
2330 3074 2608 3130 denarius
2638 3091 2771 3130 vero
2805 3092 2875 3130 ex
2905 3076 3210 3146 quaternis
3260 3076 3656 3148 componitur.

2011 3164 2199 3235 Magni
2232 3164 2409 3219 etiam
2440 3163 2737 3219 faciebant
2764 3165 3211 3235 quaternarium
3236 3163 3309 3219 ob
3334 3169 3656 3235 quaternas

2007 3253 2164 3308 luna:
2195 3253 2435 3322 formas,
2469 3259 2581 3309 etc.

2078 3344 2152 3397 Te
2162 3343 2423 3415 tralogia.
2450 3342 2785 3399 Secundum
2803 3343 3083 3415 tragicam
3098 3343 3467 3415 tetralogiam
3491 3342 3657 3398 Plato

2008 3431 2270 3503 dialogos
2312 3431 2517 3486 edidit.
2578 3432 2804 3503 Tragici
2858 3431 3018 3487 enim
3079 3433 3385 3503 quaternis
3439 3431 3660 3487 fabulis

2008 3522 2334 3589 certabant,
2371 3522 2687 3593 Dionysiis,
2722 3522 2965 3590 Lenaeis,
2991 3522 3374 3590 Parthenaais,
3405 3521 3657 3593 Chytris,

2009 3628 2259 3683 quarum
2292 3617 2504 3681 quarta
2533 3616 2660 3665 erat
2689 3611 2962 3683 satyrica.
2998 3609 3219 3682 Dialogi
3251 3610 3511 3665 Platonis
3533 3626 3658 3665 om-

2009 3717 2115 3755 nes
2148 3701 2281 3764 LVI,
2315 3700 2376 3754 in
2410 3699 2657 3771 singulis
2689 3700 2996 3771 inscriptio
3056 3698 3293 3771 duplex,
3344 3716 3464 3754 una
3490 3716 3524 3754 a
3553 3716 3658 3754 no-

2010 3790 2192 3852 mine,
2235 3788 2421 3844 altera
2451 3805 2596 3844 are.
2646 3790 2712 3843 In
2762 3789 3073 3861 tetralogia
3121 3790 3312 3860 prima
3369 3788 3658 3843 familiam

2011 3878 2174 3933 ducit
2201 3878 2565 3948 Eutyphron,
2601 3877 2721 3933 sive
2753 3876 2826 3932 de
2857 3878 3192 3945 sanctitate,
3225 3877 3493 3950 dialogus
3540 3895 3656 3930 πει-

2011 3967 2283 4040 ρχστικὸς,
2318 3967 2437 4021 sive
2466 3965 2814 4037 explorandi
2847 3982 3025 4021 causa
3053 3966 3383 4023 institutus.
3437 3966 3659 4021 Secun-

2013 4054 2143 4117 dus,
2175 4053 2463 4125 Apologia
2495 4053 2769 4119 Socratis,
2806 4053 2904 4124 qui
2958 4058 3047 4108 est
3092 4054 3356 4109 moralis.
3407 4053 3656 4119 Tertius,

2012 4143 2232 4211 Criton,
2265 4141 2382 4196 sive
2414 4141 2485 4197 de
2519 4158 2586 4197 eo
2618 4140 2776 4212 quod
2805 4146 2894 4195 est
2916 4140 3274 4209 faciendum,
3310 4140 3516 4195 itidem
3538 4156 3658 4195 mo-

2012 4232 2171 4287 ralis.
2210 4233 2483 4298 Quartus,
2520 4230 2802 4298 Phaedon,
2836 4230 2953 4284 sive
2977 4230 3048 4285 de
3080 4231 3299 4299 anima,
3324 4230 3424 4301 qui
3457 4229 3659 4300 etipse

2013 4320 2255 4375 moralis
2287 4326 2394 4375 est.
2430 4321 2509 4374 De
2543 4319 2803 4375 secunda
2832 4319 3144 4392 tetralogia
3173 4324 3231 4374 et
3274 4318 3662 4390 sequentibus

2014 4410 2265 4465 habetur
2295 4411 2357 4464 in
2385 4409 2535 4464 libro
2597 4408 2872 4481 Diogenis
2921 4408 3134 4463 Laertii
3184 4409 3255 4464 De
3302 4410 3427 4461 mltis
3473 4407 3666 4476 philo-

2013 4500 2329 4570 sophorum.

259 4611 289 4641 ‹‹
309 4592 673 4661 Pergameno
692 4591 874 4647 libros
893 4595 941 4647 ΙΙ
960 4612 972 4660 ;
993 4596 1067 4649 De
1085 4594 1416 4651 dicasteriis
1434 4595 1905 4663 Atheniensium;
1938 4592 1986 4654 D
2084 4588 2430 4643 Tetrametri
2462 4586 2745 4641 carminis
2775 4586 3048 4641 inventor
3077 4584 3190 4640 fuit
3240 4584 3667 4655 Aristophanes

257 4701 286 4728 ι(
318 4678 397 4732 De
422 4679 871 4735 Atheniensium
890 4682 1117 4753 legibus
1139 4688 1197 4737 et
1217 4684 1511 4751 moribus;
1538 4689 1614 4739 De
1637 4683 1907 4756 Pergami

257 4791 286 4818 ‹‹
312 4766 546 4839 regibus
570 4767 753 4823 libros
782 4770 953 4836 V;De
979 4786 1111 4839 usu,
1139 4792 1167 4821 »ι
1197 4772 1319 4826 sive
1342 4771 1413 4826 de
1436 4772 1908 4828 nominibusves-

263 4856 406 4911 titus
438 4860 496 4909 et
525 4855 778 4911 aliarum
808 4874 1028 4927 rerum,
1062 4859 1277 4929 quibus
1333 4860 1557 4915 utimur
1637 4883 1664 4910 α
1699 4861 1907 4917 ordine

263 4967 291 4995 «
326 4944 700 5021 alphabetico
730 4962 743 5013 ;
779 4947 858 5001 De
895 4947 1116 5018 Ulyssis
1148 4964 1347 5003 errore
1379 4966 1392 5015 ;
1426 4950 1767 5020 Ocytocion,
1799 4950 1911 5006 sive

263 5055 290 5082 ‹‹
326 5033 609 5088 Collectio
642 5034 1263 5104 epithetorum,eidem
1294 5038 1380 5091 rei
1408 5039 1907 5109 convenientium,

262 5144 291 5173 «
307 5121 375 5177 ad
395 5122 727 5193 expeditam
744 5121 1019 5179 dictionis
1036 5125 1252 5196 copiam
1266 5125 1857 5195 parandam,librisX.
1881 5150 1910 5178 ››

332 5210 628 5277 Telesilla,
690 5213 937 5283 poetria.
997 5213 1140 5268 Huic
1181 5219 1373 5269 statua
1419 5215 1611 5287 posita
1670 5221 1778 5284 est,
1839 5217 1913 5272 ad

260 5299 430 5370 cujus
462 5300 643 5370 pedes
675 5300 813 5355 libri
836 5302 1062 5372 jacent,
1096 5303 1264 5375 galea
1291 5321 1424 5359 vero
1450 5305 1627 5377 capiti
1655 5306 1782 5378 ejus
1807 5306 1913 5361 im-

256 5388 453 5460 posita
484 5394 592 5446 est.
630 5391 773 5445 Nam
806 5407 940 5445 cum
968 5392 1416 5464 Lacedaemonii,
1477 5394 1806 5451 interfectis
1838 5395 1911 5452 iis

260 5478 361 5547 qui
394 5479 456 5532 in
491 5478 778 5550 templum
810 5482 1216 5553 confugerant,
1240 5483 1585 5556 Argivorum
1608 5484 1683 5540 ad
1704 5486 1913 5541 urbem

259 5566 611 5637 capiendam
631 5569 805 5638 irent,
831 5569 1104 5626 Telesilla
1123 5573 1407 5628 mulieres
1437 5575 1685 5629 armavit
1715 5580 1774 5629 et
1801 5575 1911 5629 ho-

261 5654 451 5712 stibus
482 5656 718 5713 obviam
746 5660 1056 5731 processit.
1086 5661 1251 5726 Quod
1282 5663 1609 5736 conspicati
1640 5663 1911 5719 Lacedae-

585 5786 846 5848 PATROL.
896 5788 1005 5848 Gn.
1042 5788 1270 5849 CXVII.

2060 4684 2210 4734 oeta.

2018 4697 2210 4751 poeta.

2088 4770 2328 4834 Teucer,
2361 4765 2699 4837 Cyzicenus,
2720 4764 2820 4836 qui
2845 4764 3127 4835 scripsita
3160 4765 3240 4819 De
3263 4762 3519 4818 aurifera
3548 4765 3668 4818 ter-
3712 4798 3719 4801 τ

2024 4882 2043 4908 α
2072 4874 2166 4925 ra;
2192 4859 2271 4912 De
2296 4854 2599 4928 Byzantio;
2623 4853 3153 4909 Mithridaticarum
3178 4850 3666 4919 rerumlibrosV;

2024 4969 2045 4997 ι
2086 4947 2164 5001 De
2196 4947 2343 5017 Tyro
2373 4943 2560 4998 libros
2590 4943 2635 4997 V
2660 4959 2674 5008 ;
2702 4942 2782 4996 De
2829 4942 3008 4996 rebus
3061 4941 3330 4997 Arabicis
3373 4939 3557 4996 libros
3589 4941 3667 5009 V;

2021 5058 2050 5084 ‹‹
2080 5034 2382 5090 Iudaicam
2443 5030 2761 5086 Historiam
2817 5030 2988 5084 libris
3047 5031 3162 5097 VI;
3209 5029 3669 5085 Adolescentum

2022 5146 2048 5175 «
2073 5124 2488 5195 Cyzicenorum
2520 5119 3017 5175 Exercitationem
3050 5118 3219 5174 libris
3248 5120 3345 5189 Ill,
3378 5139 3409 5172 »
3442 5124 3500 5174 et
3528 5117 3667 5175 alia.

2093 5213 2324 5279 Thales,
2360 5209 2585 5265 Examii
2617 5214 2676 5263 et
2701 5207 3063 5263 Cleobulinae
3121 5208 3182 5264 F.
3230 5208 3512 5277 Milesius,
3556 5207 3670 5276 vel,

2021 5310 2089 5362 ut
2116 5302 2407 5360 Herodoto
2438 5300 2688 5367 videtur,
2720 5298 2984 5366 thnix,
3018 5303 3193 5354 natus
3233 5305 3368 5356 ante
3412 5302 3674 5355 Crassum

2024 5395 2243 5466 olymp.
2280 5390 2504 5455 XXXV,
2562 5387 2889 5443 secundum
2936 5387 3323 5460 Phlegontem
3372 5405 3507 5444 vero
3546 5389 3676 5460 jam

2023 5482 2238 5540 claruit
2254 5478 2591 5551 Olympiade
2616 5478 2731 5533 VIl.
2758 5477 3035 5532 Versibus
3062 5477 3423 5533 hexametris
3442 5476 3681 5546 scripsit

2022 5577 2097 5631 De
2128 5572 2418 5633 meteoris;
2448 5569 2521 5623 De
2576 5568 2928 5637 aequinoctio,
2980 5570 3039 5621 et
3087 5567 3205 5623 alia
3257 5566 3464 5623 multa.
3524 5562 3682 5619 Obiit

2027 5677 2229 5728 senex,
2260 5675 2295 5713 a
2323 5655 2497 5712 turba
2517 5655 2702 5711 elisus
2723 5660 2782 5711 et
2800 5658 2950 5710 testu
2972 5655 3269 5711 resolutus
3291 5671 3426 5710 cum
3445 5649 3680 5725 gymni-

3357 5782 3434 5839 43
