4062 6298
475 382 634 444 1355

1780 380 2026 442 INDEX
2069 378 2243 440 SCHI
2254 382 2344 440 ΡΤ
2349 381 2581 444 ORUM

3776 380 3955 440 i356

478 533 614 574 cum
648 519 949 572 certamen
981 518 1293 588 spectaret.
1326 515 1562 569 Primus
1597 514 1833 585 sapiens
1866 512 2127 585 appella-
2157 514 2215 580 Α
2247 514 2537 580 Brontini,
2572 513 2943 586 Pythagorei.
2996 514 3243 587 Scripsit
3281 517 3356 570 De
3411 513 3767 585 Pythagora
3788 533 3817 579 ;
3876 517 3954 570 De

484 616 577 662 tus
609 612 716 673 est,
744 612 801 660 et
827 606 1055 677 primus
1086 605 1347 660 animam
1402 604 1551 658 dixit
1598 602 2019 669 immortalem,
2072 605 2133 657 et

480 696 732 768 eclipses
766 701 824 751 et
844 694 1202 765 aequinoctia
1224 692 1636 765 deprehendit.
1664 692 2134 764 Apophtegmata

480 787 610 857 ejus
633 790 771 839 sunt
792 784 1071 855 plurima,
1124 789 1190 838 ut
1228 783 1594 838 celebratum
1620 782 1801 836 illud:
1838 783 2002 836 Nosce
2051 787 2133 834 te—

476 878 676 945 ipsum.
712 875 851 929 Nam
886 872 1072 927 illud:
1108 873 1348 942 Sponde,
1374 879 1652 941 etprcrslo
1683 878 1759 924 est
1790 887 1959 937 noxa,
1993 870 2131 924 Chi-

476 962 631 1018 lonis
664 966 751 1018 est
783 962 1002 1033 potius,
1033 962 1133 1032 qui
1168 960 1317 1015 illud
1353 960 1464 1014 sibi
1498 960 1834 1026 vindicavit,
1867 959 2132 1028 itemque

476 1051 666 1106 illud:
701 1052 775 1106 Ne
812 1051 949 1121 quid
976 1052 1158 1105 nimis.
1184 1047 2128 1119 Thales,philosophusphysicus,

477 1138 729 1211 eclipsin
760 1138 1033 1210 praedixit
1061 1137 1168 1192 sub
1223 1138 1394 1192 Dario
1451 1135 1644 1206 (Medo
1690 1136 1807 1191 sive
1858 1139 2128 1206 Astyage.

480 1228 542 1282 V.
576 1228 807 1282 Kusteri
839 1232 963 1282 not.
994 1228 1049 1294 2,
1084 1231 1225 1280 tom.
1260 1225 1329 1294 ll,
1363 1241 1492 1296 pag.
1529 1224 1673 1296 163).
1705 1223 2132 1295 Aristophanes

475 1313 781 1368 Thaletem
809 1319 979 1368 vocat
1025 1309 1308 1384 ἄνθρωπον
1366 1307 1529 1383 ἄκρον
1587 1309 1685 1377 τὴν
1738 1305 2129 1381 ἀστρονομίαν.

476 1399 658 1470 Θάλης
690 1400 869 1457 habet
893 1396 1163 1468 Θάλητος,
1199 1405 1259 1455 at
1287 1398 1493 1467 Θαλὴς,
1553 1394 1753 1453 Θαλοῦ.
1806 1399 2029 1453 Dicitur
2076 1401 2135 1453 et

476 1488 585 1545 Θαλ
595 1488 681 1553 έας
712 1496 779 1546 ut
809 1488 1064 1562 Ἐρμὲας.

544 1580 816 1637 Thaletas
861 1580 997 1651 (29),
1055 1577 1359 1633 Cretensis
1416 1581 1519 1633 aut
1566 1576 1826 1649 Illyrius,
1884 1576 2131 1648 lyricus,

370 1711 377 1717 ο
477 1673 780 1743 antiquior
810 1673 1084 1726 Homero.
1118 1669 1358 1740 scripsit
1390 1669 1676 1723 carmina.

550 1761 842 1823 Thaletas,
875 1759 1155 1814 Cnossius
1191 1758 1540 1830 rhapsodus,
1575 1756 1812 1828 scripsit
1861 1760 2134 1827 poemata

480 1849 754 1923 quasdam
786 1847 1067 1919 mythica.

550 1937 875 2009 Thamyris,
931 1934 1021 1991 vel
1068 1935 1409 2008 Thamyras,
1462 1935 1673 2002 Thrax,
1726 1951 1795 1989 ex
1846 1931 2125 2001 Hedonis,

478 2027 624 2083 urbe
648 2025 1457 2091 Brincorum,Philammonis
1478 2032 1535 2080 et
1560 2023 1839 2079 Arsinoes
1888 2024 1949 2078 F.
2003 2023 2128 2094 epi-

478 2133 581 2173 cus
603 2122 738 2171 ante
754 2116 1072 2171 Homerum
1094 2113 1685 2183 octavus,secundum
1702 2112 1847 2167 alios
1862 2112 2124 2183 quintus.

474 2206 589 2261 Alli
617 2205 932 2277 Odrysium
962 2203 1146 2259 fuisse
1173 2203 1399 2257 dicunt.
1435 2203 1537 2257 llic
1588 2202 1921 2271 Thamyris,
1971 2199 2130 2271 quod

477 2297 669 2349 Musas
691 2293 1055 2350 contumelia
1071 2292 1385 2360 affecisset,
1420 2291 1492 2346 ab
1526 2291 1646 2345 illis
1670 2295 1995 2345 excaecatus
2021 2294 2127 2343 est.

478 2386 681 2439 Exstat
704 2385 810 2454 (30)
843 2384 972 2454 ejus
1007 2380 1305 2451 Theologia
1346 2381 1612 2436 versibus
1661 2380 1783 2435 fere
1830 2385 1920 2434 ter
1966 2378 2132 2433 mille

480 2473 842 2529 hexametris
872 2471 1323 2543 comprehensa.
1357 2470 1590 2524 Primus
1621 2485 1871 2541 puerum
1899 2468 2135 2523 adama-

480 2565 560 2619 vit
590 2565 994 2637 Hymenazum,
1025 2561 1319 2633 Calliopes
1350 2567 1408 2615 et
1438 2560 1720 2632 Magnetis
1745 2560 1803 2615 F.
1835 2558 1948 2613 Alii
1980 2558 2132 2613 Rha-

483 2652 871 2711 damanthum
902 2651 1070 2707 aiunt
1100 2650 1441 2706 adamatum
1475 2667 1509 2705 a
1538 2650 1801 2713 Tallone,
1844 2647 2133 2714 Cretensi,

480 2743 575 2797 vel
606 2741 1024 2813 Chrysippum,
1050 2739 1287 2811 Pelopis
1320 2740 1377 2793 F.
1414 2756 1448 2793 a
1482 2738 1639 2793 Laio.
1664 2737 1775 2792 Alii
1806 2737 1984 2792 Italos
2004 2736 2134 2808 pri-

477 2850 607 2888 mos
639 2832 749 2887 hoc
782 2831 854 2886 ob
888 2829 1118 2885 militia)
1179 2828 1595 2883 necessitatem
1650 2826 1968 2880 invenisse.
2024 2823 2136 2879 Sed

476 2919 946 2992 primusJupiter
964 2917 1365 2988 Ganymedem
1380 2915 1689 2970 adamavit.
1713 2913 2091 2968 Proverbium
2119 2928 2132 2966 :

484 3009 770 3078 Thamyris
800 3009 1028 3071 insanit,
1054 3006 1126 3061 de
1150 3006 1220 3059 iis
1254 3005 1353 3076 qui
1389 3004 1686 3058 industria
1718 3009 1775 3057 et
1806 3007 1965 3057 certo
1990 3019 2136 3057 con-

481 3097 613 3153 silio
646 3096 917 3168 quasdam
952 3095 1128 3150 stulte
1156 3094 1349 3149 facere
1380 3093 1675 3157 videntur,
1710 3093 1768 3146 in
1801 3091 2057 3162 Ἀμυρις.

550 3189 904 3251 Theaatetus,
930 3185 1332 3251 Atheniensis,
1357 3182 2134 3256 astrologus,philosophus,

482 3275 813 3348 discipulus
842 3275 1119 3341 Socratis,
1148 3273 1349 3328 docuit
1379 3273 1694 3327 Heracleae.
1722 3272 1953 3327 Primus
1985 3273 2131 3328 scri-

478 3367 600 3438 psit
626 3367 697 3420 de
731 3364 994 3435 quinque
1055 3361 1401 3433 corporibus
1456 3360 1661 3415 solidis
1713 3360 1826 3432 (31)
1862 3360 1929 3413 τὰ
1975 3359 2133 3415 πέντε

480 3450 789 3524 καλούμενα
819 3450 1025 3527 στερεά,
1058 3451 1318 3521 vixitque
1350 3455 1485 3521 post
1513 3449 1737 3505 bellum
1765 3449 2131 3522 Peloponne-

481 3543 727 3599 siacum.

552 3635 903 3700 Theaetetus,
924 3647 992 3686 ex
1014 3629 1295 3686 Heraclea
1320 3627 1827 3693 Pontica,auditor
1847 3628 2128 3685 Platonis.

552 3723 912 3795 Theagenes,
958 3721 1181 3776 archon
1218 3718 1684 3783 Atheniensium,
1724 3717 1978 3774 multum
2030 3736 2133 3791 pe-

486 3811 677 3867 cuniae
706 3812 766 3866 in
799 3810 1069 3865 doctores
1094 3815 1150 3864 et
1171 3808 1432 3864 medicos
1457 3807 1641 3862 etalia
1657 3808 2135 3878 patriaacommo.

487 3902 562 3956 da
592 3900 903 3972 impendit.
955 3903 1103 3955 Eum
1159 3899 1437 3963 Marinus,
1487 3897 1722 3970 dignam
1781 3898 2134 3969 philosopho

478 3990 820 4062 gravitatem
852 3989 1137 4055 retinens,
1171 3985 1538 4052 observabat,
1572 3985 1826 4051 colebat,
1851 3992 1908 4040 et
1935 3987 2130 4057 palam

478 4078 932 4151 praestolabatur
946 4078 1254 4132 etdomum
1270 4074 2129 4131 deducebatetconvenientem

484 4167 772 4222 honorem
809 4166 859 4220 ei
895 4165 1171 4231 habebat,
1204 4164 1397 4235 qualis
1429 4163 1548 4218 viro
1582 4164 1835 4234 principi
1877 4164 2041 4218 urbis
2075 4169 2133 4219 et

481 4256 733 4310 fortasse
764 4255 944 4309 totius
974 4255 1119 4325 reip.
1148 4256 1423 4308 Romana:
1452 4252 1796 4319 debebatur,
1822 4258 1948 4307 erat
1969 4254 2130 4310 enim

482 4361 637 4399 unus
677 4360 744 4398 ex
806 4342 1086 4397 Romanis
1142 4340 1407 4413 patribus
1467 4345 1526 4395 et
1581 4346 1823 4395 senatus
1876 4341 2128 4397 Palatini

478 4434 726 4506 primus,
762 4438 873 4487 etc.

549 4522 863 4593 Theaginis
898 4527 955 4576 et
982 4518 1275 4574 xEschinis
1305 4534 1482 4588 opes:
1508 4516 1579 4571 de
1613 4518 1992 4589 pauperibus,
2027 4521 2128 4589 qui

2162 3226 2214 3315 ί]

2238 602 2451 658 virtute
2480 604 2552 659 ad
2596 602 3055 676 Hippodamum,
3100 605 3425 672 Thurium;
3487 605 3950 661 Admonitiones

2238 692 2525 746 muliebres
2556 697 2615 746 et
2645 693 3082 763 Apophtegmata
3118 693 3623 762 Pythagoreorum.

2309 781 2567 847 Theano,
2600 782 2918 848 Cretensis,
2952 782 3327 852 philosopha,
3361 782 3487 836 ﬁlia
3511 783 3943 853 Pythonactis

2240 883 2297 925 et
2317 888 2466 925 uxor
2487 872 2684 944 magni
2712 872 3075 943 Pythagorae,
3098 889 3165 926 ex
3189 889 3305 942 quo
3326 872 3941 942 suscepitTelaugen

2239 966 2297 1014 et
2329 961 2739 1015 Mnesarchum
2774 968 2827 1015 et
2862 963 3050 1031 Myam
3107 968 3167 1015 et
3222 962 3596 1033 Arigontem.
3663 963 3941 1025 Quidam

2243 1048 2412 1104 aiunt
2434 1049 2617 1105 fuisse
2638 1067 2885 1105 uxorem
2908 1050 3263 1117 Brontini,et
3279 1052 3537 1104 Crotone
3556 1051 3939 1106 oriundam.

2244 1138 2490 1210 Scripsit
2512 1140 2935 1195 Commentarios
2963 1140 3369 1211 philosophicas
3400 1146 3460 1194 et
3488 1140 3942 1210 Apophlegma—

2240 1232 2319 1297 ta,
2353 1233 2411 1282 et
2438 1245 2639 1298 poema
2670 1229 2969 1300 quoddam
3002 1231 3232 1299 epicum.

2310 1317 2675 1388 ΘεμιστΞῦειν,
2711 1317 2952 1373 oracula
2981 1317 3177 1385 edere,
3236 1316 3394 1388 quod
3452 1317 3719 1373 Themis
3782 1319 3934 1373 olim

2239 1411 2374 1460 ante
2407 1406 2742 1477 Apollinem
2774 1407 3014 1463 oracula
3043 1406 3492 1462 consulentibus
3546 1407 3930 1462 reddiderit.

2239 1494 2318 1548 De
2342 1495 2655 1565 Apollonio
2678 1497 3116 1567 (Philostratus,
3150 1496 3252 1550 lib.
3286 1513 3325 1566 ι,
3358 1513 3487 1567 cap.
3518 1499 3608 1563 l3,
3638 1514 3787 1569 pag.
3814 1499 3926 1567 23),

2236 1581 2424 1636 καὶτὰ
2454 1582 2721 1659 λεγόμενα
2744 1585 2897 1658 ἠχὼ,
2949 1606 3023 1647 ως
3076 1584 3181 1639 ὰπὸ
3238 1585 3520 1658 σκήπτρου
3580 1586 3926 1657 equote-s6-

2242 1690 2395 1741 μενα.

2308 1761 2686 1831 Themistius,
2720 1762 3133 1834 philosophus,
3182 1762 3282 1833 qui
3328 1763 3471 1817 vixit
3526 1762 3919 1833 temporibus

2159 1878 2208 1945 B
2238 1849 2458 1945 {tilia-ni
2491 1854 2807 1945 Apostatze,
2841 1869 2875 1908 a
2905 1869 3020 1945 quo
3052 1852 3410 1907 constitutus
3442 1856 3535 1906 est
3589 1854 3921 1923 praefectus

2238 1939 2461 1994 CPolis.
2496 1940 2743 2013 Scripsit
2775 1965 2801 1992 ‹‹
2837 1942 3169 1997 Aristotelis
3190 1941 3483 1997 naturalis
3505 1944 3918 1997 auscultatio-

2237 2048 2265 2078 (ι
2296 2030 2390 2084 nis
2420 2032 2809 2103 paraphrasin
2833 2031 3000 2087 libris
3030 2033 3148 2087 VIII
3170 2050 3184 2099 ;
3206 2032 3609 2103 Paraphrasin
3640 2032 3921 2102 Analyti-

2237 2139 2265 2167 ‹‹
2300 2135 2503 2174 corum
2534 2120 2702 2175 libris
2744 2121 2793 2176 II
2828 2139 2841 2188 ;
2900 2121 3383 2192 Apodicticorum
3448 2120 3621 2175 libris
3690 2122 3787 2185 II;
3843 2122 3914 2173 De

2241 2229 2269 2259 ‹‹
2299 2210 2502 2265 anima
2531 2210 2699 2265 libris
2728 2212 2841 2266 VII.
2870 2233 2891 2261 ι
2927 2213 2993 2265 In
3025 2212 3137 2267 hoc
3167 2228 3346 2283 Opere
3382 2211 3729 2282 singularia
3760 2228 3919 2281 quae-

2243 2298 2377 2353 dam
2409 2299 2635 2371 profert
2665 2299 2735 2355 (le
2766 2318 2941 2371 scopo
2974 2306 3033 2356 et
3066 2300 3457 2371 inscriptione
3481 2317 3493 2353 :
3517 2323 3547 2347 ι(
3573 2301 3918 2371 Paraphra-

2243 2409 2269 2435 ‹‹
2292 2387 2385 2441 sin
2407 2388 2868 2460 Categoriarum,
2888 2387 3039 2442 libro
3061 2390 3340 2443 uno.Item
3362 2388 3864 2442 Dissertationes.
3892 2410 3917 2433 ιι

2315 2477 2758 2544 Themistocles,
2793 2483 2928 2544 etc.,
2962 2477 3199 2549 scripsit
3229 2478 3524 2549 Epistolas
3557 2494 3923 2550 generosum

2244 2571 2301 2620 et
2332 2567 2627 2622 excelsum
2661 2567 2927 2622 animum
2957 2566 3177 2637 ubique
3219 2568 3538 2638 spirantes.

2315 2658 2815 2729 Themistogenes,
2840 2659 3266 2729 Syracusanus,
3294 2658 3646 2723 historicus,
3672 2658 3920 2728 scripsit

2248 2746 2376 2816 Cyri
2405 2749 2845 2818 Expeditionem,
2878 2765 3008 2820 quas
3039 2749 3195 2803 inter
3250 2748 3675 2819 Xenophontis
3732 2764 3913 2818 opera

2246 2842 2455 2903 exstat,
2490 2843 2549 2891 et
2576 2837 2693 2892 alia
2723 2837 2993 2908 quasdam
3029 2837 3098 2891 de
3130 2836 3322 2908 patria
3354 2853 3481 2891 sua.
3548 2838 3613 2890 V.
3675 2836 3915 2891 Kusteri

2246 2927 2482 3000 longam
2514 2934 2715 2984 notam
2748 2932 2800 2994 7,
2835 2927 2906 2983 de
2938 2929 3043 2983 illa
3072 2929 3401 2999 quaestione
3428 2945 3441 2981 :
3477 2929 3631 2982 Num
3670 2928 3918 2981 Themi-

2248 3023 2623 3089 stogenes,an
2637 3018 2966 3090 XenOphon
2982 3018 3283 3089 scripserit
3296 3017 3460 3071 illam
3476 3018 3916 3086 Erpedilimiem

2248 3108 2309 3163 in
2341 3113 2483 3163 tom.
2518 3110 2587 3175 ll,
2621 3124 2748 3180 pag.
2785 3108 2880 3163 171
2908 3125 2920 3175 ;
2952 3106 3100 3161 adde
3132 3123 3330 3178 supra,
3366 3105 3478 3161 vol.
3518 3106 3620 3172 III,
3655 3123 3800 3178 pag.
3832 3110 3887 3162 Ἰ.

2316 3197 2693 3265 Theocrines,
2720 3197 3103 3269 syc0phanta,
3128 3212 3303 3267 quem
3328 3194 3679 3267 perstringit
3714 3196 3917 3250 Demo-

2246 3285 2486 3341 sthenes
2516 3304 2621 3358 pro
2648 3287 3048 3358 Ctesiphonte.

2316 3376 2679 3445 Theocritus,
2712 3376 2910 3443 Chius,
2941 3382 3158 3441 orator,
3194 3373 3523 3445 discipulus
3590 3375 3912 3429 Metrodori

2244 3465 2565 3521 Isocratici.
2599 3466 2845 3537 Scripsit
2878 3466 3064 3521 Chrias
3087 3466 3361 3535 idemque
3384 3463 3646 3517 factione
3679 3464 3750 3517 in
3782 3479 3905 3533 rep,

2242 3571 2375 3610 cum
2407 3555 2783 3626 Theopompo
2817 3555 3121 3615 historico.
3154 3553 3415 3609 certavit.
3442 3553 3657 3606 Fertur
3689 3558 3753 3606 et
3783 3552 3910 3622 ejus

2238 3646 2486 3699 Historia
2514 3646 2736 3713 Libyca,
2771 3649 2828 3698 et
2859 3644 3109 3714 Epistola:
3140 3641 3542 3697 admirabiles.

2310 3734 2654 3788 Theocritus
2686 3733 2855 3801 alter,
2897 3734 3239 3804 Praxagorae
3272 3736 3329 3786 et
3354 3729 3654 3784 Philinna:
3690 3731 3753 3783 F.
3791 3729 3881 3784 vel

2237 3827 2303 3878 ut
2330 3824 2453 3891 alii,
2489 3823 2817 3889 Simmiclii,
2853 3822 3275 3893 Syracusanus.
3329 3819 3438 3874 Alii
3490 3822 3679 3873 Coum
3732 3820 3903 3909 aiun’:

2238 3918 2296 3967 et
2327 3912 2543 3967 deinde
2576 3912 2894 3984 Syracusas
2956 3912 3263 3981 migrasse.
3325 3909 3571 3979 Scripsit
3633 3912 3907 3962 Carmina

2239 4002 2723 4068 bucolica,Dorica
2745 3998 3273 4064 dialectoQuidam
3297 3998 3473 4053 etiam
3495 3997 3604 4067 ipsi
3630 3997 3905 4051 tribuunt

2240 4116 2265 4143 ‹‹
2301 4091 2603 4155 Ρΐὲηὶίίίεὶῧ,
2636 4090 2895 4162 Elpidas,
2936 4090 3216 4161 Hymnos,
3260 4088 3564 4154 Heroinas,
3620 4088 3904 4141 (‘arniina

2238 4205 2265 4232 ‹‹
2302 4180 2584 4253 θρίεοιιίίι,
2644 4179 2893 4251 Elegias,
2950 4178 3186 4233 Iambos
3243 4183 3292 4231 et
3344 4176 3811 4247 Epigrammata.
3871 4198 3898 4225 ιι

2238 4271 2552 4325 Sciendum
2587 4274 2677 4323 est
2704 4269 2886 4323 fuisse
2926 4266 3259 4322 carminum
3307 4264 3720 4319 bucolicorum
3757 4282 3900 4335 poe-

2240 4366 2348 4423 tas,
2382 4359 2539 4414 hunc
2571 4359 2966 4423 Theocritum,
3001 4358 3301 4411 Moschqu
3335 4354 3622 4418 Siculum,
3655 4359 3713 4408 et
3768 4354 3897 4407 Bio-

2239 4466 2377 4505 nem
2438 4449 2824 4519 Smyrnmum,
2884 4463 2954 4501 ex
3011 4444 3269 4516 quodam
3347 4442 3660 4514 oppidulo,
3742 4443 3893 4514 quod

2238 4539 2487 4593 Phlossa
2516 4537 2854 4605 vocabatur,
2888 4534 3227 4590 oriundum.

478 4629 538 4666 se
572 4609 779 4665 divites
803 4610 1051 4681 jactant.
1078 4609 1226 4662 Sunt
1246 4612 1304 4661 et
1324 4605 1423 4660 alii
1449 4604 1562 4659 duo
1586 4605 2126 4676 Thoagenesunus,

2309 4627 2689 4696 Theodectes,
2724 4604 3055 4681 Aristandri
3086 4625 3145 4678 F.
3171 4623 3521 4691 Phaselites,
3547 4629 3773 4689 orator,
3797 4622 3889 4676 sed

479 4701 577 4774 qui
603 4701 674 4755 de
700 4702 940 4755 Homero
969 4697 1224 4769 scripsit,
1261 4701 1318 4751 et
1347 4696 1517 4760 alter,
1543 4696 1642 4766 qui
1667 4701 1909 4767 propter
1926 4696 2123 4751 molli-

480 4793 623 4847 tiam
656 4791 787 4845 vitm
820 4788 1219 4844 deridebatur.
1255 4788 1505 4839 Vocatus
1529 4790 1617 4837 est
1647 4783 1868 4852 καπνός,
1902 4785 2122 4851 fumus,

476 4881 635 4953 quia,
663 4896 795 4934 cum
820 4878 1007 4933 multa
1025 4877 1424 4949 polliceretur,
1452 4873 1600 4927 nihil
1619 4873 2125 4943 praestabatJdem

476 4970 739 5037 timidus,
766 4975 824 5022 et
844 4969 1090 5022 Hecates
1113 4965 1493 5020 simulacrum
1524 4961 2126 5032 habebat,quodcon-

475 5058 711 5113 sulebat
740 5072 1095 5127 quocunque
1126 5054 1256 5110 iret.
1294 5053 1433 5109 Inde
1453 5051 1829 5124 proverbium
1862 5054 2129 5124 :Theage—

474 5148 561 5201 nis
593 5148 924 5201 Hecatzrum.
960 5146 1039 5199 De
1070 5143 1340 5198 Aischine
1375 5158 1552 5212 supra
1579 5141 1639 5194 in
1674 5137 2051 5197 Σεσελλίσοαι.

542 5235 804 5299 Theano,
838 5234 1259 5305 Metapontina,
1303 5231 1395 5286 vel
1454 5229 1688 5294 Thuria,
1736 5230 2123 5303 Pythagorea,

484 5322 604 5377 tilia
635 5321 1020 5391 Leophronis,
1070 5339 1218 5376 uxor
1247 5319 1492 5391 Carysti,
1554 5318 1646 5372 Vel
1697 5319 1989 5388 Crotonis,
2036 5322 2126 5376 vel

540 5479 833 5554 (29)Quod
862 5481 1056 5535 Strabo
1078 5481 1182 5535 lib.
1205 5498 1275 5554 Ax.
1316 5497 1445 5554 pag.
1481 5480 1602 5535 482.
1640 5479 2125 5554 antiquissimum

469 5551 641 5611 illum
672 5553 921 5624 lyricum
952 5559 1119 5607 vocat
1146 5551 1346 5617 Θάλης,
1382 5552 1492 5605 hoc
1523 5565 1740 5624 nomen
1770 5552 1973 5617 etiam,
1996 5554 2125 5608 Sui-

469 5628 557 5753 ;l‘aa
590 5620 1150 5681 hic‘restituendum
1184 5630 1351 5693 putat
1382 5624 1592 5675 Iiuster
1623 5620 1661 5674 l.
1700 5639 1879 5692 supra
1918 5626 2118 5683 citato.

516 5716 642 5755 ΑΜ..

2236 4718 2334 4788 qui
2367 4716 2441 4771 ad
2474 4716 2817 4771 scribendas
2850 4713 3161 4787 tragrrdias
3185 4729 3245 4767 se
3268 4712 3541 4771 contulit.
3564 4711 3887 4781 discipulus

2236 4808 2520 4873 Platonis,
2554 4805 2826 4860 Isocratis
2857 4810 2915 4859 et
2942 4802 3295 4857 Aristotelis.
3330 4802 3434 4855 llic
3467 4806 3525 4854 et
3550 4800 3886 4870 Erythrazus

2238 4899 2555 4952 Naucrates
2607 4901 2663 4949 et
2720 4893 3006 4949 Isocrates
3063 4891 3486 4963 Apolloniates,
3550 4896 3777 4955 orator,
3836 4894 3888 4941 et

2236 4988 2649 5056 Theopompus
2681 4983 2901 5055 olymp.
2952 4983 3093 5045 CIII,
3140 4979 3417 5034 funebres
3468 4978 3784 5032 Orationes
3829 4979 3883 5031 in

2237 5075 2479 5130 Mausoli
2506 5073 2743 5128 laudem
2769 5072 3126 5138 habuerunt,
3147 5069 3501 5136 Artemisiae,
3525 5068 3891 5133 uxoris,hor-

2238 5170 2581 5233 tatu.Atquc
2608 5180 2693 5224 ea,
2728 5178 2904 5234 quam
2937 5160 3157 5227 docuit,
3194 5157 3477 5230 tragmdia
3508 5173 3723 5227 magno
3758 5174 3885 5211 cum

2238 5255 2527 5327 applausu
2550 5252 2855 5308 victoriam
2881 5252 2933 5306 ei
2958 5248 3325 5322 peperit.Alii
3344 5247 3552 5302 dicunt
3570 5246 3886 5316 Theopom-

2237 5362 2379 5417 pum
2409 5344 2632 5415 primas
2658 5342 2884 5397 tulisse.
2914 5341 3189 5395 Dramata
3219 5335 3879 5407 docuitquinquaginta.

2308 5488 2420 5555 (30)
2455 5487 2558 5540 Vix
2589 5485 2661 5541 de
2692 5484 2885 5539 Suidse
2920 5480 3285 5555 temporibus
3313 5482 3425 5537 hoc
3456 5493 3658 5555 verum
3690 5476 3820 5555 fuit:

2307 5549 2419 5628 (3i)
2451 5559 2559 5613 Illa
2585 5564 2725 5612 sunt
2750 5549 3277 5629 pyramisfcubus,
3334 5551 3678 5620 octaedron,
3711 5549 3883 5606 dode—

2236 5629 2915 5697 caedron,icosaedron.
