4088 6312
281 387 435 450 1357

1583 392 1686 454 DE
1730 388 2016 463 QUIBUS
2058 388 2373 454 SUIDAS.

3535 405 3693 470 1358

280 522 545 577 Mortuus
570 525 659 576 est
688 521 934 578 Athenis
956 521 1147 578 aetatis
1178 539 1334 579 anno
1365 525 1510 595 XLI,
1542 531 1709 597 patre
1739 525 1929 598 ipsius
1959 527 2013 605 Α
2043 524 2154 581 bus
2175 525 2252 581 De
2279 543 2404 582 vere
2434 528 2688 600 scripsit,
2740 534 2801 585 et
2851 530 2970 589 alia
3021 532 3273 593 diversa.
3327 538 3466 594 Erat
3492 545 3692 599 autem

275 610 468 667 adhuc
496 612 834 684 superstite.
883 613 1131 684 Scripsit
1160 615 1337 670 etiam
1368 618 1562 672 Artem
1598 617 1931 679 rhetoricam

279 702 567 768 versibus,
605 706 662 755 et
695 702 812 757 alia
843 702 1115 773 quadam
1147 704 1417 759 oratione
1448 705 1661 762 soluta.

351 791 733 862 Theodectes,
786 791 1108 863 superioris
1168 793 1347 861 ﬁlius,
1409 800 1628 864 orator,
1690 795 1930 867 scripsit

279 902 305 930 α
340 880 689 935 Encomium
724 879 1378 951 Alexandri,Epirota;
1412 882 1735 937 Historicos
1762 898 1926 937 com-

281 991 308 1019 ‹‹
342 970 666 1024 mentarios
693 970 999 1037 ;Instituta
1026 968 1336 1025 barbarica
1359 973 1594 1037 ;Artem
1608 972 1927 1028 oratoriam

289 1080 309 1107 ι
336 1057 508 1112 libris
545 1059 656 1125 VlI,
690 1079 718 1107 »
756 1062 814 1112 et
843 1057 992 1112 alios
1044 1058 1333 1129 quosdam
1364 1060 1857 1119 Commentarios.

350 1147 768 1214 Theodericus,
802 1146 941 1201 Afer
970 1148 1094 1217 (rex
1124 1148 1447 1203 Gothorum
1479 1153 1539 1203 et
1592 1149 1924 1220 Italorum),

276 1232 592 1290 diaconum
618 1233 878 1289 habebat
902 1234 1503 1307 orthodoxum,quem
1526 1236 1693 1292 valde
1715 1237 1925 1309 dilige-

272 1321 376 1378 bat
404 1327 463 1378 et
490 1322 741 1379 fovebat.
775 1325 877 1379 Hic
929 1325 1276 1380 existimans
1311 1341 1373 1381 se
1402 1326 1763 1381 Theodorico
1792 1343 1924 1399 gra-

274 1413 658 1481 tiﬁcaturum,
691 1412 764 1468 ab
796 1413 1111 1469 homousia
1146 1413 1260 1469 ﬁde
1293 1414 1600 1482 deﬁciens,
1633 1416 1755 1469 Arii
1789 1431 1927 1470 sen—

270 1501 519 1555 tentiam
551 1500 721 1572 sequi
753 1500 949 1572 capit.
983 1500 1380 1556 Theodericus
1412 1508 1633 1565 autem.
1666 1503 1778 1558 hoc
1833 1519 1925 1557 co-

268 1588 765 1662 gnito,hominem
800 1594 919 1645 tam
943 1590 1189 1645 charum
1222 1591 1420 1645 statim
1448 1592 1636 1662 capite
1660 1592 1921 1663 plecten-

272 1676 413 1731 dum
432 1675 1007 1744 curavit,dicens:«Si
1031 1678 1148 1732 Deo
1171 1677 1350 1733 ﬁdem
1374 1695 1492 1733 non
1507 1680 1920 1750 servasti,quo-

270 1787 298 1819 α
315 1767 491 1823 modo
512 1783 742 1822 sacram
790 1769 1221 1824 conscientiam
1242 1785 1379 1840 erga
1401 1769 1708 1825 hominem
1725 1786 1917 1825 serva-

269 1872 298 1903 ‹‹
339 1852 430 1907 bis
458 1856 529 1908 Ρ»

339 1939 751 2008 Theodoritus,
783 1956 1004 1995 nomen
1030 1940 1339 2012 proprium
1365 1959 1381 2012 ;
1413 1936 1786 2016 Θεοδώρητος,
1819 1942 1919 1997 do-

268 2042 400 2081 num
427 2028 545 2082 Dei.

339 2116 703 2185 Theodorus,
735 2118 1110 2189 Byzantinus,
1140 2118 1426 2190 sophista,
1459 2119 1560 2189 qui
1609 2134 1644 2174 a
1672 2118 1917 2174 Platone

269 2198 664 2276 λογοδςιίδαλος
687 2208 778 2258 est
796 2209 1040 2259 vocatus
1063 2220 1076 2259 :
1111 2204 1352 2275 scripsit
1380 2206 1585 2259 Contra
1604 2205 1917 2274 Thrasybu-

269 2289 402 2355 lum,
434 2292 639 2345 Contra
661 2292 999 2346 Andocidem
1039 2296 1099 2345 et
1127 2291 1244 2347 alia
1274 2292 1566 2361 quadam.

334 2378 697 2446 Theodorus,
732 2378 943 2433 atheus
972 2384 1386 2450 cognomento,
1446 2379 1548 2449 qui
1594 2379 1911 2446 Zenonem,

264 2466 537 2534 Citieum,
554 2468 876 2538 Brysonem
900 2472 959 2522 et
980 2468 1348 2539 Pyrrhonem
1371 2466 1736 2539 ephecticum
1754 2466 1915 2522 audi-

262 2554 363 2621 vit,
396 2560 454 2610 et
484 2555 688 2610 omnia
732 2554 1141 2610 indiﬂ‘erentia
1200 2571 1328 2609 esse
1389 2560 1656 2609 statuens
1688 2560 1911 2609 sectam

262 2644 663 2700 Theodoream
695 2644 1095 2700 condiditllic
1124 2644 1313 2699 multa
1343 2643 1668 2715 scripsitad
1690 2649 1910 2699 sectam

260 2733 449 2804 ipsius
482 2735 897 2805 spectantia,et
915 2734 1033 2790 alia
1065 2733 1529 2805 quadadeem
1552 2732 1626 2787 ad
1658 2733 1907 2804 Hippar-

261 2818 1168 2887 chiam,Cratetisuxorem,dixit
1185 2823 1280 2889 (ex
1303 2818 1602 2890 Euripidis
1620 2819 1907 2887 Bacchis),

263 2905 390 2961 hac
418 2911 508 2962 est
527 2906 560 2973 ἡ
592 2905 685 2967 τὰς
718 2906 855 2980 πρὸς
886 2905 1069 2969 ἱστοὺς
1099 2903 1396 2960 ἐκλιποῦσα
1416 2901 1694 2976 κερκίδας,
1725 2928 1752 2955 ‹‹
1777 2921 1909 2975 qua

261 3016 289 3045 ‹‹
312 2994 497 3050 radiis
519 2995 677 3066 apud
704 2995 850 3050 telas
886 2995 1110 3050 relictis
1142 2996 1390 3067 pallium
1421 2998 1629 3067 gestat.
1665 3016 1694 3043 ››

329 3085 690 3155 Theodorus,
728 3085 1090 3154 Gadarenus,
1133 3084 1417 3155 sophista,
1480 3083 1677 3139 servili
1734 3087 1909 3138 natus

255 3191 471 3246 genere
502 3175 782 3247 magister
810 3174 1026 3229 Tiberii
1075 3173 1343 3228 Casaris.
1405 3172 1628 3228 Deinde
1669 3172 1739 3227 de
1774 3188 1906 3243 pro-

2037 617 2458 688 Tripolitanus.

2107 706 2162 763 S.
2194 708 2575 774 Theodosius,
2599 710 3034 782 canobiarcha,
3067 716 3209 772 vixit
3242 717 3350 773 sub
3366 720 3677 778 Anastasio

2036 797 2264 866 Dicoro,
2293 798 2593 855 haretico.

2105 905 2461 974 Theodulus,
2496 908 2603 964 sub
2631 909 2865 966 Iuliano
2906 913 3207 984 Apostata,
3268 920 3494 989 martyr
3521 917 3682 989 (cum

2033 995 2274 1050 Tatiano
2307 1001 2364 1051 et
2394 996 2830 1068 Macedonio,ut
2859 1000 3006 1056 dixit
3035 1002 3242 1058 Suidas
3276 1005 3336 1059 in
3364 1004 3678 1079 Ἀμάχιος).

2102 1085 2422 1155 Theogiton
2454 1087 2859 1159 Demostheni,
2892 1106 3070 1160 quem
3101 1091 3430 1149 Dinarchus
3488 1100 3546 1149 et
3569 1095 3673 1150 alii

2033 1173 2402 1246 Theogenem
2433 1176 2755 1247 appellant.

2103 1280 2865 1351 Theognetus,comicus,ex
2896 1286 3068 1358 cujus
3090 1285 3308 1342 fabulis
3334 1294 3472 1343 sunt
3484 1288 3681 1360 Φάσμα

2033 1370 2151 1424 sive
2174 1367 2547 1445 Φιλάργυρος,
2581 1369 3016 1446 Φιλοδέσποτος,
3050 1378 3372 1450 Κένταυρος,
3401 1385 3466 1435 ut
3496 1381 3679 1437 Athe-

2032 1477 2196 1514 naus
2231 1460 2291 1515 in
2327 1463 2807 1534 Dymnosophist.

2101 1549 2415 1621 Theognis,
2460 1551 2817 1622 Megarensis
2866 1570 2935 1609 ex
3001 1555 3266 1627 Megaris,
3293 1556 3505 1611 Sicilia
3537 1558 3680 1613 civi-

2033 1641 2171 1707 tate,
2202 1644 2378 1693 natus
2408 1639 2745 1711 Olympiade
2807 1643 2941 1698 LIX.
3004 1643 3251 1716 Scripsit
3294 1646 3555 1718 Elegiam
3614 1649 3677 1703 in

2031 1727 2453 1799 Syracusanos,
2513 1730 2576 1784 in
2624 1729 2936 1786 obsidione
2994 1738 3301 1801 servatos;
3335 1734 3672 1792 Sententias

2029 1816 2293 1873 versibus
2316 1819 2592 1891 elegiacis
2632 1819 2705 1875 ad
2763 1837 3040 1876 versuum
3098 1823 3385 1878 MMDCCC
3432 1825 3505 1879 ad
3535 1827 3678 1897 Cyr-

1950 1890 1995 1955 Β
2027 1923 2193 1975 num,
2225 1907 2517 1963 amasium
2540 1925 2754 1976 suum;
2801 1910 3245 1984 Gnomologiam
3303 1912 3622 1985 elegiacam
3658 1931 3674 1983 ;

2027 2003 2324 2070 pracepta
2353 1999 2650 2075 moralia;
2676 2016 2863 2071 eaque
2895 2002 3097 2057 omnia
3143 2002 3409 2059 versibus
3433 2006 3672 2076 scripta.

2027 2088 2127 2143 His
2151 2093 2347 2143 tamen
2378 2090 2576 2160 turpia
2607 2088 2879 2160 quadam
2910 2095 2970 2145 et
2996 2108 3320 2163 puerorum
3350 2109 3585 2149 amores
3617 2099 3678 2150 et

2026 2178 2162 2247 alia,
2196 2195 2327 2248 qua
2364 2179 2597 2233 virtutis
2654 2185 2922 2236 amantes
2993 2186 3360 2253 aversantur,
3412 2183 3675 2239 immista

2025 2273 2183 2323 sunt.

2094 2375 2405 2448 Theognis,
2451 2381 2627 2447 poeta
2683 2376 2941 2450 tragicus
2995 2377 3164 2432 valde
3221 2379 3492 2451 frigidus,
3540 2379 3673 2437 ideo

2023 2464 2219 2519 dictus
2244 2467 2374 2531 Nix,
2406 2482 2561 2521 unus
2593 2482 2623 2521 e
2653 2466 2801 2520 XXX
2834 2467 3123 2538 tyrannis.

2094 2554 2314 2620 Theon,
2349 2554 2805 2625 Alexandrinus,
2838 2556 3229 2628 philosophus
3288 2558 3538 2626 Stoicus,
3571 2559 3671 2630 qui

2023 2642 2132 2697 sub
2163 2646 2424 2715 Augusto
2447 2648 2582 2714 post
2611 2647 2819 2699 Arium
2852 2646 3273 2718 vixit.Scripsit
3307 2670 3334 2697 ‹‹
3357 2649 3671 2702 Commen-

2027 2754 2048 2781 ιι
2076 2731 2291 2786 tarium
2311 2731 2374 2786 in
2401 2731 2748 2803 Apollodori
2805 2734 3317 2791 Introductionem
3365 2736 3667 2808 physiolo-

2021 2842 2048 2871 «
2080 2820 2291 2892 gicam,
2323 2822 2561 2890 itemque
2590 2822 2745 2876 Artis
2774 2821 3086 2878 rhetorica
3111 2824 3294 2880 libros
3325 2825 3421 2880 lli.
3458 2847 3485 2875 »

2089 2909 2268 2975 Theo,
2302 2909 2661 2980 Smyrnaus,
2692 2910 3103 2982 philosophus.

2088 2999 2309 3065 Theon,
2342 3015 2412 3052 ex
2442 2999 2773 3070 Antiochia,
2830 3018 2960 3071 qua
3020 3001 3133 3056 sita
3159 3008 3249 3056 est
3304 3003 3366 3058 in
3397 3003 3662 3073 Daphne,

2017 3088 2412 3161 philosophus
2458 3089 2708 3158 Stoicus,
2768 3090 3007 3161 scripsit
3046 3092 3369 3161 Apologiam
3399 3094 3662 3148 Socratis.

2089 3177 2308 3246 Theon,
2371 3193 2401 3231 c
2460 3179 2657 3232 Museo
2716 3177 2798 3249 (n.
2856 3179 3302 3251 Alexandrino).
3361 3180 3663 3254 .Egyptius

251 3265 511 3320 fessione
544 3264 868 3336 sophistica
889 3266 1088 3319 Roma
1120 3280 1255 3317 cum
1296 3262 1614 3317 Polemone
1648 3267 1705 3316 et
1734 3262 1897 3316 Auti-
1946 3259 1989 3326 C
2020 3266 2434 3338 philosophus,
2468 3266 2664 3322 eodem
2723 3272 2987 3340 tempore
3045 3269 3189 3324 vixit
3244 3287 3360 3340 quo
3402 3272 3662 3343 Pappus,

252 3361 420 3424 patre
451 3353 715 3409 certavit.
749 3352 865 3407 Sub
924 3351 1182 3407 Adriano
1232 3351 1375 3423 imp.
1428 3350 1619 3406 ﬁlium
1652 3351 1781 3422 ejus
1811 3366 1901 3406 se-

252 3447 525 3497 natorem
556 3441 686 3497 ﬁeri
713 3440 976 3513 contigit.
1043 3440 1291 3511 Scripsit
1316 3462 1344 3490 (ς
1398 3439 1582 3494 libros
1612 3441 1689 3494 Ill
1718 3441 1798 3494 De
1829 3439 1903 3494 iis

256 3549 284 3578 «
318 3546 449 3599 qua
476 3529 539 3583 in
570 3529 812 3584 vocibus
844 3536 1231 3599 quaruntur;
1265 3530 1344 3583 De
1376 3529 1627 3583 historia
1681 3528 1900 3583 librum

256 3640 283 3669 ‹‹
308 3635 495 3674 unum
530 3636 543 3684 ;
579 3625 655 3673 De
688 3619 860 3685 thesi,
887 3635 1113 3687 unum;
1148 3620 1228 3672 De
1259 3617 1652 3672 dialectorum
1690 3616 1905 3671 simili-

260 3730 289 3760 ‹‹
316 3709 521 3764 tudine
553 3714 612 3764 et
642 3708 1152 3763 demonstratione
1182 3707 1367 3762 libros
1385 3709 1430 3762 Il
1452 3709 1564 3774 ;De
1578 3707 1903 3779 republica,

259 3820 288 3849 ‹‹
317 3798 464 3854 duos
490 3814 503 3866 ;
534 3800 613 3853 De
644 3797 981 3870 Calesyria,
1016 3812 1203 3852 unum
1229 3813 1242 3863 ;
1277 3797 1356 3851 De
1395 3796 1675 3852 facultate
1707 3801 1902 3852 orato-

261 3909 288 3939 ‹‹
321 3888 429 3956 ria,
463 3905 671 3959 unum,
706 3909 735 3938 »
766 3894 826 3943 et
853 3887 990 3943 alia.

331 3978 695 4047 Theodorus,
727 3983 921 4049 poeta,
955 3977 1059 4048 qui
1089 3976 1360 4032 versibus
1390 3976 1551 4032 varia
1581 3975 1823 4049 scripsit
1853 3980 1911 4031 et

258 4067 321 4122 in
352 4068 725 4139 Cleopatram
756 4082 1019 4123 carmen.

328 4157 689 4223 Theodorus,
723 4157 909 4212 lector
937 4157 1157 4229 Magna
1184 4155 1461 4211 Ecclesia
1487 4155 1912 4227 CPol.Scripsit

257 4245 563 4301 Historiam
592 4247 1012 4302 ecclesiasticam
1053 4262 1087 4301 a
1118 4245 1493 4301 Constantini
1520 4245 1908 4317 temporibus,

259 4353 449 4407 usque
480 4337 553 4393 ad
581 4337 898 4393 Iustiniani
931 4337 1270 4409 imperium.

331 4425 693 4495 Theodorus,
753 4427 856 4498 qui
885 4432 1021 4499 post
1076 4426 1485 4499 Apollinarem
1520 4425 1819 4480 Laodicea
1852 4424 1914 4479 in

263 4515 430 4587 Syria
458 4517 846 4588 (episcopum)
877 4517 1100 4572 exstitit
1132 4522 1190 4571 et
1219 4516 1590 4588 MOpsuestia
1626 4515 1687 4570 in
1710 4514 1916 4570 Cilicia

2014 3355 2424 3427 philosophus,
2455 3356 2556 3427 qui
2589 3362 2648 3411 et
2699 3356 2825 3428 ipse
2883 3358 3321 3414 Alexandrinus
3359 3359 3490 3429 fuit,
3550 3358 3659 3414 sub

2013 3444 2338 3499 Theodosio
2356 3445 2593 3516 Majore.
2612 3445 2858 3518 Scripsit
2879 3469 2905 3496 «
2923 3448 3663 3513 Mathematica,Arithme-

2013 3557 2041 3584 ‹‹
2078 3535 2224 3602 tica;
2250 3535 2328 3588 De
2351 3535 2634 3605 auspiciis
2652 3541 2857 3591 etvoce
2879 3553 3185 3592 corvorum
3212 3555 3225 3604 ;
3247 3539 3325 3592 De
3345 3543 3476 3593 ortu
3496 3539 3659 3593 cani-

2015 3622 2248 3688 «cula;
2284 3627 2362 3675 De
2393 3623 2505 3677 Nili
2538 3638 2824 3691 ascensu;
2859 3629 2921 3679 ln
2947 3625 3255 3680 Ptolemaei
3316 3626 3657 3697 expeditum

2013 3732 2041 3762 ‹‹
2067 3716 2384 3775 Canonem,
2416 3718 2469 3765 et
2499 3712 3002 3768 Commentarium
3035 3715 3096 3769 in
3125 3730 3371 3785 parvum
3403 3715 3654 3770 astrola-

2013 3821 2040 3850 «
2075 3800 2239 3854 bium
2266 3822 2287 3852 ι
2324 3799 2455 3870 (32).

2085 3890 2286 3944 Theon
2314 3888 2523 3955 Elius,
2556 3890 3014 3959 Alexandrinus,
3077 3893 3363 3964 sophista,
3423 3893 3662 3965 scripsit

2023 4004 2043 4030 ι
2072 3982 2274 4034 Artem
2306 3979 2666 4034 rethoricam
2701 3997 2716 4048 ;
2747 3982 3311 4053 Progymnasmata;
3348 3986 3663 4039 Commen-

2018 4095 2046 4123 «
2085 4068 2302 4125 Larium
2334 4068 2394 4122 in
2426 4069 2903 4140 Xenophontem,
2955 4071 3277 4126 Isocratem
3310 4078 3368 4128 et
3427 4075 3669 4128 Demos-

2021 4180 2049 4209 «
2074 4158 2316 4212 thenem
2350 4173 2363 4222 ;
2399 4157 2763 4228 Argumenta
2800 4157 3136 4225 rhetorica;
3198 4160 3569 4224 Quastiones
3601 4158 3672 4214 de

2022 4269 2048 4297 ‹‹
2085 4250 2381 4301 structura
2410 4245 2723 4316 orationis,
2756 4267 2783 4295 »
2810 4251 2869 4300 et
2891 4246 3009 4301 alia
3038 4246 3211 4318 plura
3230 4250 3366 4318 (33).

2094 4335 2295 4388 Theon
2333 4332 2622 4403 Valerius,
2682 4334 2968 4405 sophista,
3028 4336 3269 4407 scripsit
3325 4336 3669 4393 Commenta-

2022 4426 2168 4478 rium
2199 4425 2255 4477 in
2286 4422 2638 4478 Andocidem.

2092 4513 2311 4577 Theon,
2342 4512 2666 4583 Gymnasii,
2703 4513 3004 4584 sophista,
3038 4514 3122 4581 F.,
3157 4515 3435 4569 Sidonius
3467 4515 3672 4586 sophi-

264 4604 672 4676 episcopatum
695 4607 947 4678 adeptus
979 4611 1087 4662 est.
1124 4607 1226 4661 Hic
1250 4605 1578 4677 Apollinari
1602 4622 1673 4660 ex
1693 4604 1919 4663 diame-
1949 4635 1995 4696 ι)
2028 4607 2136 4667 sta,
2164 4602 2225 4655 in
2281 4601 2498 4696 patria-
2529 4601 2751 4696 docuit,
2814 4608 2872 4656 et
2920 4602 3026 4657 sub
3081 4603 3224 4675 imp.
3285 4604 3673 4659 Constantino

264 4698 355 4748 tro
381 4696 716 4750 contrarius
747 4700 855 4762 est,
881 4701 993 4751 etc.

335 4783 1387 4855 Theodosius,philosophus,scripsit
1401 4782 1917 4854 «Spharicalibris

269 4872 387 4927 «III
413 4873 952 4939 ;Commentarium
975 4874 1038 4929 in
1066 4873 1321 4929 Theuda
1362 4873 1555 4945 capita
1578 4874 1687 4939 ;De
1708 4871 1917 4927 diebus

269 4982 294 5013 α
312 4966 370 5015 et
382 4963 655 5018 noctibus
668 4962 852 5019 libros
868 4964 1455 5032 II,Commentarium
1469 4963 1529 5017 in
1544 4961 1918 5017 Archimedis

268 5073 296 5102 ‹‹
314 5048 565 5124 Ἐφόόιον
601 5071 615 5120 ;
650 5054 1090 5125 Descriptiones
1105 5053 1323 5108 adium
1340 5053 1596 5107 librisIII
1622 5050 1919 5122 ;Sceptica

273 5165 295 5193 ι
322 5143 555 5214 capita;
587 5144 990 5217 Astrologica:
1030 5145 1110 5198 De
1142 5142 1637 5213 habitationibus.
1672 5163 1701 5192 »
1726 5141 1919 5197 Versi-

341 5306 454 5377 (32)
485 5308 726 5362 Videtur
755 5307 1074 5431 legendum
1107 5304 1181 5367 εἰς
1197 5306 1288 5359 τὸν
1325 5306 1516 5378 μικρὸν
1550 5301 1917 5378 Ἀστρολόγων

349 5378 596 5431 dim-nua.
631 5397 751 5431 non
783 5399 806 5431 ε
836 5401 859 5431 c
886 5378 977 5431 τὸν
1044 5378 1234 5431 ιλικοὸν
1284 5376 1676 5431 Ἀστοολάοον.
1716 5378 1794 5431 De
1828 5391 1917 5431 se-

272 5376 596 5449 ὑπόμνημα,
631 5397 751 5434 non
783 5376 859 5441 εἷς
886 5378 977 5432 τὸν
1043 5378 1234 5452 μικρὸν
1284 5376 1687 5452 Ἀστρᾳλάοονζ
1716 5378 1794 5452 De
1828 5376 1917 5431 Se-

314 5456 433 5505 tem
466 5452 702 5522 scriptis
736 5466 865 5522 qua
886 5452 945 5506 in
960 5450 1152 5522 parvo
1168 5450 1703 5522 Alexandrinorum
1718 5451 1918 5503 Astro-

296 5538 403 5593 ogo
432 5521 1115 5593 comprehendebantur,
1173 5522 1291 5577 dixi
1349 5521 1502 5576 libro
1562 5522 1660 5585 Ill,
1701 5537 1829 5591 cap.
1863 5522 1918 5589 5,

272 5594 387 5665 §i2
425 5611 550 5664 seq.
585 5595 697 5664 (ed.
730 5600 841 5651 vet.
878 5594 981 5650 sed
1012 5612 1138 5665 cap.
1168 5596 1251 5658 18,
1287 5598 1429 5648 tom.
1476 5593 1569 5659 IV,
1602 5610 1659 5664 p.
1716 5594 1781 5646 16
1828 5607 1918 5662 sq.

270 5664 633 5809 ed(3§)miii1ic
664 5738 882 5795 Theoni
913 5740 1083 5809 putat
1102 5738 1334 5809 Kuster,
1366 5736 1430 5791 in
1455 5735 1669 5791 notat5
1699 5732 1772 5791 ad
1793 5735 1854 5791 h.
1879 5735 1917 5790 l.

2031 4690 2239 4746 consul
2266 4696 2326 4744 et
2349 4690 2664 4761 prafectus
2684 4690 2815 4746 fuit.

2102 4781 2323 4847 Theon,
2358 4779 2625 4850 sophista
2674 4780 2879 4835 rhetor
2909 4781 3208 4857 (Σοφιστὴς
3241 4779 3420 4857 λόγων
3454 4779 3676 4857 ῥητορι-

2030 4867 2183 4937 κῶν),
2207 4884 2243 4922 a
2272 4867 2325 4920 S.
2360 4866 2656 4937 Marcella,
2691 4868 2739 4922 si
2798 4869 3085 4941 originem
3133 4870 3368 4943 longius
3417 4878 3678 4944 repetas,

2034 4959 2082 5013 si
2114 4958 2443 5029 proximam
2477 4962 2535 5011 et
2564 4974 2751 5030 genus
2781 4964 3116 5030 paternum,
3141 4961 3213 5017 ab
3260 4962 3520 5029 Ecdicio,
3552 4980 3680 5019 ma-

2031 5048 2234 5120 gistro,
2268 5046 2577 5101 oriundus.
2614 5047 2861 5119 Scripsit
2888 5050 3084 5104 Artem
3132 5051 3467 5107 rhetoricam
3499 5052 3678 5107 homo

2033 5153 2155 5192 non
2186 5136 2288 5192 ille
2313 5135 2553 5208 quidem
2581 5136 2903 5193 admodum
2932 5138 3277 5211 ingeniosus
3332 5146 3392 5196 et
3442 5147 3676 5208 acutus,

2030 5305 2164 5379 (vol.
2202 5303 2273 5359 II.
2300 5320 2356 5374 p.
2394 5302 2517 5373 182)
2547 5300 2928 5379 attribuenda
2957 5321 3085 5361 esse
3118 5305 3345 5362 scholia
3402 5306 3463 5361 in
3516 5304 3682 5361 Arati

2033 5375 2430 5452 phanomena
2488 5379 2547 5428 et
2587 5375 2930 5452 diosemeia,
2991 5394 3121 5448 qua
3163 5379 3357 5452 hodie
3411 5383 3682 5447 exstant;

2036 5446 2589 5519 eumdemqueesse
2614 5446 2932 5519 existimat,
2957 5446 3135 5519 quem
3157 5451 3315 5505 inter
3332 5456 3473 5505 vett.
3506 5446 3682 5505 enar+

2035 5528 2261 5577 ratores
2291 5517 2593 5591 Apollonii
2625 5518 2838 5591 Rhodii
2866 5517 3139 5577 recenset
3168 5522 3353 5578 schol.
3385 5520 3685 5591 Aristoph.

2036 5594 2110 5651 ad
2130 5592 2324 5663 Nubes.
2360 5590 2497 5653 Qua
2528 5589 2599 5643 de
2634 5590 2884 5663 singulis
2921 5592 3048 5663 jam
3081 5594 3204 5649 suis
3232 5594 3381 5649 locis
3407 5589 3688 5648 adnotata

2038 5669 2196 5732 sunt,
2230 5662 2327 5717 hic
2355 5666 2625 5733 repetere
2654 5662 2954 5719 nolumus.
2992 5665 3163 5723 HARL.
