4062 6298
507 356 662 418 1359
1808 353 2053 415 INDEX
2105 352 2618 419 SCRIPTORUM
3801 349 3942 409 {360

510 488 616 544 sed
629 486 896 543 discendi
911 486 1160 560 cupidus
1177 485 1463 543 etlaboris
1477 502 1655 558 supra
1670 485 1914 541 modum
1927 501 2153 541 amans.
2187 488 2238 551 Α
2270 485 2430 555 phon
2453 485 2755 552 desinunt,
2788 489 2985 541 etcom
2992 483 3339 556 plectuntur
3355 498 3427 538 ea
3458 497 3603 553 quas
3616 487 3806 554 gesta
3819 489 3945 536 sunt

513 576 912 642 Quamobrem
935 576 1093 631 brevi
1117 575 1402 647 temporis
1449 575 1639 646 spatio
1674 575 1992 629 maximam
2027 591 2160 629 eru-
2269 579 2404 644 post
2431 575 2654 630 bellum
2687 574 3280 646 Peloponnesiacum,
3316 578 3376 628 et
3405 577 3666 627 caatera.
3702 571 3947 642 Scripsit

516 666 804 721 ditionem
835 665 946 721 sibi
971 665 1350 736 comparavit,
1387 669 1446 718 et
1476 670 1588 718 tam
1625 664 2008 733 antiquarum
2058 679 2161 717 re-
2267 669 2326 716 et
2353 663 2472 718 alia
2502 664 2779 736 plurima.

515 772 647 809 rum
679 771 855 826 quam
879 755 1209 809 recentium
1243 753 1555 808 scientiam
1585 753 1786 807 animo
1817 752 2162 824 complexus
2335 753 2770 825 Theopompus,
2825 753 3172 808 Theodectis
3229 753 3350 807 sive
3409 750 3732 806 Theodori
3770 750 3940 815 filius,

512 849 622 900 est.
655 846 718 915 (E
751 845 1103 914 Damascio.)
2265 842 2974 910 Atheniensis,comicus,
3003 842 3190 897 edidit
3217 841 3455 896 fabulas
3481 840 3652 894 XXII
3679 856 3696 904 ;
3719 839 3943 910 fuitque

583 933 964 1006 Theophilus,
1025 933 1306 988 comicus.
1368 934 1448 986 Ex
1521 932 1652 1003 ejus
1727 931 1944 986 fabulis
2023 935 2163 986 sunt
2266 933 2526 1002 antiquas
2555 933 2856 988 comwdiaa
2881 939 3057 1004 poeta
3082 930 3941 1000 secundumAristophanL-m;

511 1021 738 1093 Ἰατρὸς,
820 1017 1170 1095 Ἐπίδαυρος,
1231 1020 1571 1094 Παγκράτεια
1650 1022 1952 1092 (Athean
2022 1025 2115 1074 Πα-

1843 1037 1952 1075 ιωο
2022 1025 2162 1094 Παγ-
2265 1021 2620 1093 scripsitque
2649 1023 2850 1093 plures
2877 1021 3025 1077 alias
3050 1020 3300 1084 fabulas,
3336 1026 3447 1074 etc.

507 1109 882 1186 κρατιαστὴς),
914 1109 1172 1176 Βοιωτία,
1198 1107 1498 1182 Προιτίδες,
1535 1107 1942 1180 Νεοπτόλεμος.

2334 1108 2616 1184 Θεώρηκα.
2651 1110 3457 1181 Arcesilaus,philosophus,
3521 1113 3668 1164 erat
3737 1114 3938 1164 natura

582 1200 962 1272 Theophilus,
991 1200 1160 1272 imp.,
1215 1199 1518 1254 Michaelis
1576 1199 1861 1253 Amorraei
1920 1200 2004 1265 F.,
2054 1199 2159 1253 Mi»

2330 1200 2468 1255 rdus
2500 1207 2557 1255 et
2587 1201 2866 1270 oscitans,
2926 1199 2977 1253 ἐν
3039 1199 3098 1253 δὲ
3147 1203 3215 1272 τῇ
3245 1200 3418 1272 τέχνῃ
3477 1198 3934 1272 τεθεωρημένος,

509 1290 731 1346 chaelis
763 1294 950 1361 pater,
983 1289 1340 1361 COpronymi
1399 1289 1676 1342 hasresim
1707 1290 1788 1358 (n.
1829 1304 2152 1343 uconoma-
2261 1289 2364 1343 sed
2398 1291 2542 1344 artis
2566 1295 2763 1345 tamen
2796 1290 2976 1360 probe
3007 1290 3255 1361 peritus.
3281 1290 3384 1343 Hic
3409 1288 3566 1342 dixit
3587 1289 3803 1342 hianti
3833 1289 3932 1344 sibi

505 1379 721 1450 chiam)
778 1377 1108 1450 amplexus,
1157 1378 1406 1449 ipsoque
1485 1377 1650 1431 nulla
1698 1377 1759 1431 in
1801 1394 1863 1432 re
1917 1377 2151 1434 melior.
2259 1379 2644 1449 geometriam
2695 1379 2755 1433 in
2813 1381 2920 1434 hos
2995 1379 3313 1434 involasse.
3375 1380 3549 1434 Pana.
3607 1381 3929 1435 Enimvero

501 1469 646 1523 Cum
677 1467 856 1540 igitur
886 1467 1093 1522 eadem
1125 1467 1406 1530 amentia,
1469 1483 1599 1536 quae
1659 1465 2047 1520 Manichaeum
2098 1471 2157 1521 et
2257 1469 2599 1536 (Pearsonio
2630 1474 2688 1523 et
2718 1470 2964 1523 Kustero
2994 1468 3070 1523 ad
3101 1468 3158 1523 h.
3192 1468 3232 1522 1.
3268 1474 3410 1523 tom.
3466 1469 3546 1540 Il,
3601 1487 3752 1540 pag.
3821 1472 3926 1538 £83,

499 1557 708 1613 Arium
740 1555 906 1623 olim,
929 1557 1200 1612 animum
1232 1556 1364 1626 ejus
1416 1555 1749 1622 invasisset,
1788 1555 2154 1626 persecutio-
2255 1561 2376 1610 not.
2409 1559 2460 1626 5,
2496 1556 3501 1628 animadvertentibus)compilator
3523 1559 3852 1612 Arcesilae
3869 1575 3925 1613 ea

501 1664 642 1702 nem
674 1651 731 1702 et
787 1646 914 1717 ipse
966 1651 1174 1701 contra
1227 1645 1551 1700 Ecclesiam
1581 1645 1758 1717 C(Bpit
1817 1645 2148 1716 instituere,
2255 1644 2482 1712 tribuit,
2515 1663 2646 1717 quae
2677 1647 2834 1718 apud
2879 1649 3182 1713 Laertium,
3241 1646 3345 1701 lib.
3381 1647 3473 1714 ιν,
3507 1663 3574 1700 n.
3611 1649 3737 1714 32;
3777 1649 3922 1702 unde

499 1735 652 1791 alter
680 1734 1038 1803 Nectanebo,
1069 1734 1404 1806 adjutorem
1436 1741 1648 1790 nactus
1675 1736 1984 1801 Joannem,
2040 1751 2144 1806 pa-
2253 1733 2352 1790 hic
2381 1733 2548 1789 locus
2581 1741 2892 1807 excerptas
2918 1741 3029 1805 est,
3051 1735 3124 1790 ab
3149 1735 3448 1791 Arcesilao
3468 1735 3545 1790 de
3577 1738 3918 1806 Hipponice.

499 1825 840 1892 triarcham,
863 1824 952 1878 vel
973 1825 1169 1896 potius
1189 1823 1634 1888 Mantiarcham,
1659 1828 1762 1878 aut
1784 1823 2148 1878 Daemoniar-
2177 1849 2224 1914 Β
2253 1828 2575 1894 geometra,
2611 1824 2911 1881 dicuntur.
2943 1825 3180 1880 Hamas.

497 1917 690 1986 cham,
719 1931 938 1970 novum
966 1930 1170 1969 revera
1198 1914 1548 1986 Apollonius
1575 1920 1678 1969 aut
1707 1913 2146 1969 Balaamnostri
2180 1913 2213 1914 ί
2323 1913 2586 1982 Theoris,
2618 1915 2880 1984 fatidica,
2904 1914 2979 1970 ob
3011 1915 3336 1986 impietatis
3368 1917 3602 1971 crimen
3645 1917 3917 1974 .multata

499 2005 806 2077 temporis,
839 2005 1332 2059 lecanomantem.
1366 2003 1452 2059 Ab
1511 2003 1623 2058 hoc
1683 2004 1864 2058 etiam
1915 2002 2146 2058 litteras
2251 2008 2462 2058 morte.
2494 2005 2924 2060 Demosthenes
2954 2009 3164 2060 contra
3190 2005 3686 2077 Aristogitonem.

499 2094 765 2162 edoctus,
795 2095 972 2149 homo
1001 2093 1194 2148 varius
1225 2097 1283 2146 et
1313 2091 1658 2159 sceleratus,
1693 2097 1803 2147 etc.
2320 2090 2551 2164 Θεωροί,
2586 2093 2688 2163 qui
2718 2092 2794 2148 ad
2819 2093 3128 2149 oraculum
3162 2093 3581 2163 mittebantur,
3616 2100 3683 2148 et
3713 2111 3914 2148 omnes

567 2183 947 2256 Theophilus.
1010 2184 1114 2238 Hic
1166 2200 1234 2237 ex
1275 2182 1446 2238 India
1503 2199 1775 2238 reversus
1818 2181 2144 2238 Antiochia:
2247 2196 2447 2235 rerum
2493 2181 2827 2237 divinarum
2869 2181 3145 2240 custodes
3239 2187 3298 2238 et
3341 2189 3710 2251 curatores;
3773 2181 3908 2255 ὥρη,

497 2274 659 2340 vixit,
692 2278 751 2329 et
777 2271 1089 2328 ecclesiam
1120 2271 1362 2342 quidem
1385 2271 1612 2326 nullam
1645 2271 2006 2344 assignatam
2038 2271 2142 2327 ha-
2249 2269 2407 2324 enim
2434 2285 2622 2325 curam
2655 2270 2969 2343 signiﬁcat.

493 2364 624 2419 buit
653 2379 668 2430 ;
701 2361 805 2417 sed
835 2361 1003 2432 quasi
1054 2361 1388 2415 communis
1417 2359 1658 2430 quidam
1686 2359 1798 2414 fuit
1827 2359 2058 2431 (doctor
2086 2366 2145 2416 et
2318 2355 2468 2419 Θεός.
2493 2358 2681 2428 Philo,
2704 2376 2839 2415 cum
2869 2359 3048 2416 verba
3102 2357 3234 2421 Θεὸς
3289 2357 3495 2430 Κύριος
3547 2363 3910 2434 interpreta-

491 2451 1032 2523 episcopus),quem
1064 2448 1386 2519 imperator
1415 2447 1577 2502 omni
1610 2447 1833 2502 honore
1857 2448 2142 2504 etobser-
2246 2453 2428 2516 retur,
2458 2465 2706 2504 summa:
2735 2449 3040 2504 Trinitatis
3081 2451 3392 2505 notionem
3452 2450 3695 2505 habuit.
3734 2452 3913 2506 Graeci

488 2539 692 2596 vantia
725 2539 966 2593 coleret.
995 2539 1132 2592 Erat
1174 2537 1276 2591 ille
1309 2537 1579 2608 quaedam
1639 2537 1806 2608 quasi
1840 2538 2138 2608 apostolo-
2245 2542 2514 2592 statuunt
2568 2539 2754 2593 Deum
2812 2555 2941 2593 esse
2989 2539 3210 2594 animal
3268 2539 3638 2609 immortale,
3679 2542 3910 2595 ratione

487 2647 622 2686 rum
657 2630 874 2702 imago,
909 2645 1085 2698 quem
1117 2627 1456 2682 Thalassius
1485 2645 1602 2682 non
1639 2629 1845 2696 exiguo
1873 2635 2141 2700 tempore
2243 2626 2580 2696 praeditum,
2605 2629 2954 2698 perfectum,
2987 2629 3350 2701 intelligens,
3383 2628 3736 2697 beatum,in
3762 2629 3915 2700 quod

489 2737 624 2776 cum
652 2719 754 2774 illo
777 2723 1064 2784 versatus,
1095 2723 1152 2771 et
1182 2716 1244 2770 in
1269 2716 1614 2788 hujusmodi
1639 2717 1816 2770 rebus
1844 2717 2138 2772 mendacii
2245 2714 2472 2768 malum
2494 2731 2614 2769 non
2646 2715 2824 2783 cadit,
2855 2732 3060 2771 curam
3091 2731 3302 2788 gerens
3332 2716 3544 2770 mundi
3574 2723 3638 2770 et
3697 2733 3903 2772 eorum

489 2809 738 2865 minime
771 2813 1102 2878 suspectus,
1137 2806 1238 2871 ait,
1280 2807 1545 2861 Iudaeam
1607 2807 1926 2877 quamdam
1967 2807 2137 2862 femi-
2245 2818 2377 2873 qua:
2405 2804 2464 2858 in
2495 2805 2719 2860 mundo
2761 2811 2919 2873 sunt,
2953 2822 3072 2860 non
3132 2811 3331 2860 tamen
3393 2805 3672 2860 humana
3725 2808 3912 2860 forma

491 2915 630 2954 nam
663 2903 960 2952 mortuam
995 2895 1068 2950 ad
1101 2895 1279 2950 vitam
1310 2912 1638 2950 revocasse.
2246 2891 2562 2964 praeditum
2596 2909 2610 2959 ;
2643 2893 2946 2964 Opiﬁcem‘
2989 2894 3166 2966 hujus
3225 2893 3486 2948 universi
3522 2899 3586 2948 et
3615 2899 3907 2966 tanquam

560 2985 1020 3058 Theophrastus,
1056 2984 1315 3052 Melanti,
1342 2984 1606 3048 fullonis,
1660 2984 1748 3040 vel
1808 2985 2018 3039 Leonis
2075 2985 2135 3040 F.
2242 2982 2476 3036 Patrem
2503 2983 2767 3036 omnium
2796 3000 2810 3048 ;
2842 2987 3192 3054 partemque
3215 2983 3346 3054 ejus
3367 2983 3906 3055 peromniapene-

490 3075 782 3138 Eressius,
815 3073 1052 3129 auditor
1083 3071 1436 3140 Aristotelis,
1481 3079 1540 3126 et
1589 3090 1895 3128 successor
1919 3073 2136 3129 schola)
2239 3075 2496 3125 trantem
2521 3071 2696 3126 variis
2724 3072 3067 3127 nominibus
3097 3088 3203 3143 pro
3225 3072 3473 3126 diversis
3502 3073 3902 3128 facultatibus

487 3163 914 3236 Peripateticaa,
949 3161 1020 3217 ab
1053 3179 1142 3225 eo,
1168 3161 1507 3216 Chalcidem
1542 3161 1854 3232 migrante,
1887 3163 2130 3218 relictas.
2165 3211 2206 3236 η
2246 3159 2554 3230 appellari.

485 3253 588 3308 Hic
619 3211 754 3307 ante
785 3257 1026 3306 vocatus
1083 3255 1172 3304 est
1222 3251 1532 3320 Tyrtamus
1561 3271 1576 3316 ;
1611 3211 1715 3304 sced
1744 3251 1818 3305 ob
1843 3211 2134 3307 ’divinam
2165 3211 2207 3279 ρ
2281 3211 2443 3309 ιὁεὸς
2476 3249 2509 3316 ἡ
2539 3244 2798 3305 ἀναίδεια.
2851 3249 3165 3304 Colebatur
3201 3249 3450 3306 Athenis
3509 3253 3900 3322 Impudentia,

483 3341 887 3412 eloquentiam
919 3339 992 3394 ab
1044 3337 1358 3392 Aristotele
1404 3339 1768 3409 Euphrastus
1799 3339 1993 3394 dictus
2025 3346 2132 3408 est,
2239 3336 2411 3408 eique
2445 3337 2728 3408 templum
2754 3345 2901 3405 erat,
2936 3346 3000 3394 ut
3023 3339 3201 3395 tradit
3226 3341 3376 3394 Ister
3406 3339 3563 3394 libro
3603 3343 3760 3396 XIV.

482 3435 540 3485 et
568 3436 772 3501 postea
801 3428 1264 3498 Theophrastus,
1299 3427 1452 3482 sicut
1483 3428 1645 3482 Plato
1686 3425 1774 3480 διὰ
1818 3429 1880 3482 τὸ
1934 3427 1987 3482 ἐν
2016 3435 2133 3490 τοῖς
2305 3426 2722 3494 Theramenes,
2758 3427 3140 3483 Atheniensis
3171 3434 3389 3496 orator,
3450 3429 3726 3497 Prodici,
3761 3431 3902 3496 Ceii,

483 3515 672 3592 λόγοις
715 3515 920 3578 πλάτος
981 3523 1224 3588 pr0pter
1289 3517 1546 3588 amplam
1607 3517 1842 3572 dicendi
1899 3520 2132 3590 copiam
2235 3513 2585 3587 discipulus,
2621 3518 3070 3590 cognominatus
3118 3519 3432 3572 cothurnus.
3487 3519 3756 3590 Scripsit
3809 3523 3906 3574 de-

479 3609 640 3664 Plato
671 3608 783 3662 fuit
811 3612 1070 3672 vocatus,
1099 3623 1233 3660 cum
1251 3611 1427 3660 antea
1451 3605 1768 3660 Aristocles
1801 3613 2126 3664 vocaretur.
2237 3604 2589 3661 clamationes
2611 3607 2933 3675 rhetoricas,
2965 3613 3024 3663 et
3052 3608 3170 3663 alia
3199 3607 3492 3678 quadam.

479 3696 816 3769 Discipulos
845 3695 1054 3751 habuit
1083 3695 1284 3766 plures
1317 3712 1497 3766 quam
1522 3684 1612 3750 bis
1638 3695 1840 3764 mille;
1867 3697 2130 3753 amasius
2305 3694 2711 3768 Therapeutae.
2745 3696 2987 3750 Philoin
3007 3696 3158 3751 libro
3174 3698 3252 3752 De
3284 3697 3402 3752 vita
3429 3698 3907 3770 contemplativa

479 3787 608 3858 ejus
639 3786 751 3840 fuit
775 3785 1185 3851 Nicomachus,
1218 3783 1554 3838 Aristotelis
1580 3785 1678 3852 F.;
1713 3802 1746 3840 a
1773 3785 2129 3856 Cassandro,
2236 3784 2476 3854 scripsit
2509 3784 2581 3839 de
2621 3785 2837 3840 ascetis
2869 3786 3270 3852 Hebraeorum,
3307 3793 3416 3842 etc.

479 3875 771 3946 Antipatri
797 3875 855 3928 F.
891 3874 950 3927 in
985 3873 1209 3927 honore
1237 3872 1476 3927 habitus
1509 3879 1617 3927 est.
1680 3875 1946 3930 Decessit
1975 3875 2126 3930 assi-
2305 3873 3234 3947 Theseus,liistoricus,scripsit«
3270 3875 3542 3932 Virorum
3561 3878 3902 3933 illustrium

478 3965 595 4020 dua
625 3962 945 4034 scriptione
976 3961 1284 4033 fatigatus,
1314 3978 1449 4015 cum
1485 3961 1558 4015 ob
1592 3962 1866 4034 discipuli
1889 3965 2128 4036 nuptias
2233 3987 2259 4013 ‹‹
2285 3965 2440 4020 Vitas
2464 3965 2632 4020 libris
2655 3967 2715 4029 ν,
2740 3967 3255 4022 Corinthiacorum
3288 3967 3473 4024 libros
3507 3971 3604 4030 ΙΙΙ,
3629 3992 3654 4017 η
3678 3971 3745 4025 in
3781 3988 3896 4042 quo

478 4053 552 4107 ad
583 4068 801 4122 paucos
833 4049 959 4104 dies
1011 4049 1278 4102 animum
1337 4049 1680 4105 relaxasset.
1735 4051 1964 4122 Scripta
1996 4053 2126 4124 ejus
2230 4070 2405 4124 opere
2433 4053 2505 4108 de
2526 4055 2943 4110 lsthmicorum
2967 4056 3244 4112 ludorum
3269 4058 3650 4113 institutione
3669 4061 3821 4130 agit.

479 4139 916 4210 suntplurima,
954 4138 1011 4192 in
1046 4137 1138 4191 his
1163 4160 1190 4186 «
1242 4138 1692 4206 Analylicorum
1725 4142 1990 4210 priorum
2029 4143 2124 4209 ΙΙΙ,
2299 4141 2814 4210 eéatc,secundum
2835 4147 3214 4202 Aristotelem
3241 4153 3332 4202 est
3363 4148 3666 4218 paradoxa
3685 4150 3896 4220 opinio

475 4227 918 4282 «Posteriorum
937 4227 1028 4278 VII
1055 4225 1359 4295 ;Analysis
1393 4227 2120 4302 syllogismorum;Analy-
2229 4232 2481 4304 alicujus
2512 4234 2640 4300 viri,
2671 4235 2730 4288 in
2765 4235 3146 4306 philosophia
3184 4236 3348 4300 clari,
3391 4237 3514 4291 sive
3547 4238 3894 4308 problema.

477 4340 500 4370 «ι
529 4319 779 4373 ticorum
802 4316 1087 4388 Epitome.
1120 4314 1470 4386 Ἀνηγμένων
1497 4315 1678 4368 τόπων
1728 4321 1838 4373 sive
1870 4320 2002 4375 Loci
2037 4339 2081 4376 τε

2289 4322 2444 4388 eluti,
2479 4329 2678 4377 utrum
2711 4325 2910 4378 omnia
2963 4326 3246 4379 continuo
3281 4326 3492 4392 fluant,
3548 4334 3612 4380 et
3648 4344 3893 4400 semper

476 4431 503 4459 (ι
541 4404 736 4472 ducti;
770 4406 850 4459 De
882 4402 1214 4475 lapidibus;
1253 4403 1328 4457 De
1363 4403 1619 4472 plantis;
1673 4405 1752 4460 De
1812 4409 2072 4464 metallis
2103 4427 2118 4478 ;
2226 4411 2561 4483 gignantur,
2597 4418 2653 4466 et
2681 4411 2828 4466 nihil
2853 4430 3115 4484 unquam
3145 4415 3238 4480 sit,
3265 4415 3594 4469 secundum
3623 4417 3890 4471 Heracli-

475 4522 503 4550 ‹‹
534 4500 613 4553 De
644 4496 923 4552 odoribus
958 4511 971 4562 ;
1004 4494 1387 4549 Characteres
1413 4515 1440 4542 »
1467 4501 1522 4548 et
1553 4494 1688 4550 alia.
2228 4505 2351 4552 tum
2382 4518 2396 4566 ;
2430 4501 2519 4554 vel
2549 4506 2748 4555 utrum
2781 4501 2841 4554 id
2875 4503 3030 4572 quod
3063 4509 3152 4557 est
3181 4519 3391 4571 unum,
3423 4504 3500 4558 sit
3558 4511 3620 4558 et
3669 4507 3888 4561 immo-

474 4589 549 4656 Δή
583 4587 686 4661 γὰρ
718 4581 1204 4673 καὶῇφεόφραῖτςς,
1229 4575 1330 4673 ἕλος
1363 4579 1542 4668 ἐπένεε
1577 4583 1695 4652 μὲν,
1732 4583 1944 4673 ἄπηρρς

2275 4588 2368 4658 ile,
2393 4595 2459 4644 ut
2487 4590 2828 4645 Parmenidi
2861 4591 3122 4658 videtur;
3157 4593 3246 4646 vel
3278 4599 3476 4648 utrum
3524 4600 3735 4648 motus
3789 4596 3879 4660 sit,

681 4659 778 4711 Ἦν
812 4655 1002 4728 eam,
1036 4656 1137 4708 εἴτ’
1158 4655 1358 4714 ἀνεθεὶς
1397 4655 1623 4716 κάτθανε
1654 4655 2006 4728 πηρομελής.
2222 4694 2285 4733 an

2275 4695 2296 4732 1
2325 4695 2468 4746 non,
2491 4684 2553 4732 ut
2572 4679 2789 4734 Zenoni
2817 4680 3005 4735 visum
3031 4681 3150 4746 ;vel
3180 4689 3381 4736 utrum
3413 4683 3642 4737 sanitas
3656 4683 3879 4739 bonum

466 4799 687 4866 Integer
712 4809 829 4848 core
858 4791 1007 4866 valet
1038 4790 1458 4866 Theophrastus,
1495 4789 1625 4866 dum
1654 4790 1809 4846 labor
1838 4801 2014 4862 urget.
2222 4767 2428 4866 _Sit’_'fm
2461 4785 2601 4866 nm}:
2637 4774 2702 4822 “t
2725 4863 2732 4866 _
2757 4769 2952 4839 placet
2981 4770 3308 4866 ChFYSiPPO
3327 4788 3355 4866 _;
3391 4777 3448 4866 ei
3477 4779 3694 4866 ῙΨἸΠΠ-
3741 4791 3878 4828 con‘

608 4857 852 4922 Latratus
881 4865 1065 4919 studio
1084 4857 1315 4915 soluitur
1345 4867 1395 4914 et
1425 4863 1680 4915 moritur.
1909 4857 1928 4862 ⁷
2220 4857 2508 4911 tradicere
2563 4857 2758 4914 liceat.
2793 4874 2867 4912 an
2899 4875 3042 4924 non,
3081 4865 3149 4914 ut
3201 4861 3539 4914 Antistheni
3562 4861 3874 4930 probatur.

537 4953 1031 5027 Theophylactus,
1111 4949 1394 5022 sophista,
1445 4949 1540 5004 cui
1609 4967 1933 5024 cognomen
1985 4960 2111 5011 erat
2219 4946 2549 5017 opponitur
2577 4947 2659 5014 id,
2705 4947 2861 5017 quod
2895 4947 3034 5000 θέσει
3077 4954 3166 5002 est
3217 4954 3276 5003 et
3322 4948 3482 5020 quod
3537 4949 3692 5019 φύσει
3764 4953 3874 5005 sive

465 5046 802 5109 Simocatta,
2217 5043 2451 5091 natura.
2480 5037 2670 5091 Etiam
2701 5037 2999 5091 rhetorica
3028 5038 3399 5109 problemata
3413 5039 3656 5110 quidam
3678 5041 3874 5097 theses

531 5133 966 5204 The0pompus.
1025 5129 1225 5195 Chius,
1293 5133 1510 5192 orator,
1570 5129 1978 5186 Damasistrati
2041 5135 2101 5189 F.

1643 5131 1978 5186 unasistrati
2041 5135 2101 5189 Ρ,
2216 5132 2456 5192 vocant;
2492 5127 2840 5181 Aristoteles
2871 5127 3247 5198 hypotheses.

456 5221 601 5276 vixit
653 5227 916 5291 tempore
975 5217 1302 5287 interregni
1379 5217 1858 5288 Atheniensium,
1919 5222 2104 5294 olym_
2285 5215 2738 5283 Thesmotlietae,
2773 5214 3446 5286 magistratusAthenis,
3475 5219 3581 5273 viri
3618 5237 3746 5286 sex,
3811 5239 3879 5276 ex

453 5307 626 5382 piade
657 5309 844 5372 XCIII,
878 5306 1114 5377 quando
1139 5311 1196 5360 et
1230 5305 1506 5376 ephorus,
1537 5307 1812 5364 lscoratis
1844 5311 2099 5381 auditor,
2213 5323 2420 5363 novem
2453 5305 2984 5360 archontibus.Hos
3011 5305 3168 5376 leges
3183 5309 3504 5378 quot-annis
3520 5311 3874 5367 correxisse.

450 5396 925 5465 ﬂoruit.Scripsit
951 5395 1174 5465 pariter
1203 5411 1271 5448 ac
1306 5395 1562 5463 ephorus
1593 5395 1893 5465 epitomen
1916 5402 2096 5458 Histo-
2210 5396 2382 5452 docet
2411 5395 2718 5450 zESChineS
2749 5399 2958 5449 contra
2989 5395 3458 5468 Ctesiphontem.
3992 5395 3993 5456 ἶ

445 5491 657 5547 riarum
689 5483 954 5541 Herodoti
985 5484 1152 5538 libros
1175 5485 1227 5538 11
1249 5500 1269 5546 ;
1303 5483 1622 5552 Philippica
1655 5485 1810 5541 libris
1855 5491 2045 5546 LXXII
2074 5509 2098 5557 ;
2277 5485 2545 5556 Thespis,
2582 5485 2718 5539 exIc
2737 5483 2894 5551 ario,
2929 5485 3137 5540 Atticae
3179 5488 3419 5558 papulo,
3453 5489 3746 5555 tragicus,
3777 5489 3874 5545 ἀει

446 5581 716 5634 Historias
746 5575 985 5642 (ἱππίας,
1021 5589 1150 5642 qum
1223 5571 1378 5625 libris
1408 5572 1476 5624 XI
1519 5578 1812 5642 constant,
1849 5584 1908 5632 (ιι
1955 5580 2092 5636 inde
2204 5577 2394 5631 cimus
2428 5580 2626 5630 sextus
2648 5573 2720 5628 ab
2752 5573 3012 5645 Epigene
3041 5557 3339 5648 Sicyonio,
3373 5580 3569 5650 primo
3605 5584 3871 5656 tragico;
3992 5557 3993 5632 Ῐ

448 5667 852 5725 narrationem
893 5661 1230 5730 ordiuntur,
1262 5659 1363 5714 ubi
1394 5660 1762 5730 Thucydides
1795 5671 1851 5720 et
1899 5669 2091 5726 Xeno-
2203 5665 2302 5722 alii
2336 5664 2661 5721 secundum
2695 5662 2765 5717 ab
2789 5679 2853 5717 eo
2890 5664 3131 5736 faciunt,
3165 5667 3266 5722 alii
3297 5669 3867 5746 primuuitragicum
3992 5659 3993 5714 έ
