4088 6312
264 380 437 441 1361

1591 378 1695 437 DE
1737 377 2025 448 QUIBUS
2071 380 2376 444 SUIDAS.

3545 378 3700 440 1362

256 515 464 570 fuisse
498 514 817 569 affirmant.
874 514 974 569 Hic
1011 515 1269 586 primum
1334 530 1574 569 cerussa
1605 513 1754 569 facie
1786 513 1938 569 illita
1970 518 2025 584 Α
2055 516 2213 586 quod
2245 517 2393 573 alios
2450 519 2660 575 acerbe
2717 521 3066 577 criminetur
3092 522 3165 577 ob
3199 537 3288 587 ea,
3324 516 3539 591 quibus
3570 515 3697 587 ipse

262 604 599 676 tragmdias
622 605 760 676 egit,
783 603 996 659 deinde
1019 604 1229 659 faciem
1251 604 1597 659 andrachna
1626 604 1687 657 in
1719 602 1935 657 docen-

266 694 373 749 dis
400 693 618 748 fabulis
649 693 827 758 texit;
861 699 1066 763 postea
1089 694 1386 749 larvarum
1411 694 1731 747 lintearum
1759 709 1933 747 usum

264 782 630 838 introduxit.
662 783 869 838 Docuit
896 782 1125 838 fabulas
1157 784 1493 854 Olympiade
1528 784 1662 848 LXI,
1698 789 1757 836 et
1781 782 1934 837 inter

271 872 602 944 tragmdias
661 872 789 943 ejus
840 879 1385 927 commemorantur
1435 868 1613 933 Ἀθλα
1660 866 1865 925 Πελίου
1895 869 1930 939 ἢ

272 955 532 1034 Φορϐἆς,
563 959 775 1035 Ἱερεὺς,
812 958 1033 1029 Ἠΐθεοι,
1072 959 1316 1021 Πενθεύς.

348 1052 619 1123 Thespis,
652 1050 1030 1118 citharmdus,
1056 1051 1128 1106 de
1161 1068 1277 1122 quo
1308 1051 1607 1122 Aristoph.

348 1140 745 1211 Thucydides,
804 1140 963 1195 Olori
1022 1142 1080 1195 F.
1144 1140 1546 1207 Atheniensis,
1600 1140 1791 1194 ﬁlium
1821 1140 1929 1195 ha-

269 1230 413 1283 buit
431 1230 824 1284 Timotheum.
854 1231 1181 1284 Maternum
1210 1246 1395 1301 genus
1412 1246 1448 1284 a
1467 1229 1725 1284 Miltiade
1757 1228 1925 1298 duce,

266 1324 597 1391 paternum
618 1318 690 1373 ab
713 1318 909 1384 Oloro,
927 1319 1215 1374 Thracum
1242 1335 1376 1391 rege
1401 1319 1585 1387 duxit,
1605 1318 1932 1389 Antiphon-

265 1409 349 1463 tis
381 1407 732 1478 discipulus,
764 1407 959 1462 clarus
987 1408 1144 1463 circa
1182 1408 1581 1479 Olympiadem
1615 1407 1925 1464 LXXXVII.

271 1498 529 1569 Scripsit
567 1499 1085 1567 Peloponnesiorum
1131 1504 1183 1553 et
1240 1498 1647 1553 Atheniensium
1706 1498 1925 1553 bellum.

275 1588 385 1642 Hic
445 1604 593 1658 puer
644 1586 834 1641 adhuc
894 1587 1273 1654 Herodotum,
1335 1588 1609 1659 olympize
1651 1587 1928 1642 historias

276 1694 421 1732 suas
454 1677 824 1743 recitantem,
886 1693 1018 1731 eum
1078 1677 1397 1731 audivisset
1449 1677 1616 1746 quasi
1667 1677 1929 1731 numinis

272 1767 536 1839 alicujus
558 1766 844 1821 instinctu
866 1766 1178 1838 lacrymari
1194 1768 1386 1837 coepit.
1404 1766 1732 1821 Herodotus
1753 1767 1932 1838 igitur

2050 608 2494 680 constringitur,
2529 615 2654 663 tum
2686 609 2843 680 quod
2896 611 3093 665 animo
3126 614 3400 680 corrupto
3433 605 3612 661 fuerit
3641 609 3700 659 et

2044 694 2347 766 improbas
2380 700 2707 755 sententias
2740 699 2907 753 libris
2939 700 3060 754 suis
3092 698 3430 754 inseruerit.
3455 693 3621 761 Quod
3643 693 3692 748 si

2044 785 2435 842 Callisthenes
2466 786 2677 843 merito
2729 805 2931 860 poenas
2987 788 3212 859 pendit,
3248 786 3405 857 quod
3439 784 3695 839 Alexan-

2045 874 2217 930 drum
2249 877 2309 930 in
2370 876 2616 931 deorum
2676 895 2994 933 numerum
3050 877 3270 933 referre
3313 875 3517 940 voluit,
3553 872 3695 943 quid

2044 966 2263 1020 meruit
2292 966 2544 1020 Timaaus
2575 967 2675 1036 qui
2707 967 3134 1021 Timoleontem
3181 963 3351 1035 μείζω
3408 964 3558 1015 ποιεῖ
3586 962 3693 1013 τῶν

2043 1050 2483 1129 ἐπιφανεστάτων
2538 1054 2695 1123 θεῶν,
2757 1072 2936 1127 supra
2990 1053 3506 1126 splendidissimos
3549 1050 3693 1105 deos

2043 1143 2292 1207 extollit,
2328 1148 2438 1198 etc.
2491 1144 2737 1216 Scripsit
2794 1147 2864 1199 De
2919 1147 3085 1214 Syria
3113 1145 3335 1213 ejusque
3363 1141 3607 1207 urbibus,
3641 1144 3693 1193 et

2042 1233 2263 1301 regibus
2295 1234 2462 1287 libros
2490 1235 2589 1289 III.

2112 1322 2383 1389 Timaeus,
2472 1324 2708 1391 Locrus,
2794 1323 3184 1395 philosophus
3267 1321 3689 1391 Pythagoreus.

2042 1411 2289 1481 Scripsit
2328 1412 2755 1467 Mathematica:
2814 1414 2885 1468 De
2935 1420 3179 1475 natura;
3231 1413 3307 1466 De
3362 1408 3692 1479 Pythagorae

2041 1503 2177 1555 vita.

2113 1608 2386 1677 Timaeus,
2416 1609 2807 1665 Andromachi
2826 1612 2912 1677 F.,
2934 1607 3401 1670 Tauromenites,
3424 1604 3686 1670 Philisci,

2043 1698 2632 1773 Milesiidiscipulus,
2665 1700 2889 1754 multus
2938 1700 3000 1754 in
3054 1699 3189 1753 aliis
3236 1695 3688 1768 reprehenden-

2043 1786 2153 1851 dis,
2190 1787 2346 1842 unde
2379 1788 2571 1843 dictus
2604 1796 2693 1843 est
2723 1788 3093 1859 Ἐπιτίμαιος,
3128 1789 3305 1842 etiam
3346 1780 3686 1854 Γραοσυλλέ-

272 1857 435 1929 patri
468 1855 796 1928 gratulatus
819 1860 908 1909 est
933 1855 1004 1909 de
1037 1856 1144 1909 filii
1167 1856 1387 1909 indole.
1422 1856 1632 1925 (Supra
1658 1856 1720 1909 in
1751 1854 1920 1928 ὀργῶ·

2045 1894 2214 1947 ιτρια,
2250 1878 2406 1947 quod
2431 1880 2650 1948 quaevis
2672 1879 2799 1933 sine
2831 1879 3063 1933 delectu
3091 1878 3151 1931 in
3175 1877 3396 1947 scripta
3416 1874 3682 1928 referret.

272 1947 416 2016 σαν),
450 1961 559 1999 nec
608 1961 744 1999 eum
787 1943 1082 2016 judicium
1142 1960 1315 1999 suum
1370 1944 1599 1999 fefellit.
1635 1944 1736 1999 Hic
1767 1944 1918 1999 Thu-

269 2034 520 2106 cydides
567 2034 784 2088 artium
839 2038 1136 2104 praecepta
1182 2033 1364 2104 probe
1404 2033 1677 2103 callebat,
1711 2038 1770 2088 et
1797 2032 1920 2088 ele-

268 2124 474 2195 gantia
500 2122 807 2188 orationis,
839 2126 1116 2177 accurata
1167 2138 1368 2176 rerum
1423 2122 1653 2187 notitia,
1696 2121 1922 2176 artibus

270 2212 675 2283 imperatoriis
732 2210 1116 2281 consiliisque
1171 2210 1518 2278 excellebat,
1552 2215 1607 2264 et
1657 2211 1718 2264 in
1748 2225 1923 2281 argu-

268 2302 493 2357 mentis
523 2300 912 2371 panegyricis.
975 2299 1135 2354 Solet
1179 2315 1214 2354 a
1255 2315 1471 2371 genere
1528 2299 1819 2353 feminino
1847 2298 1922 2353 ad

269 2397 552 2446 neutrum
607 2389 881 2457 transire,
938 2393 1039 2443 ut:
1099 2388 1396 2461 Τρέπονται
1453 2386 1528 2448 εἷς
1584 2384 1920 2442 Μακεδονίαν

274 2479 356 2555 ἐφ’
384 2480 514 2551 ὅπερ
540 2479 668 2550 (pro
699 2476 778 2553 ἐφ’
808 2477 1022 2549 ἥνπερ.)

346 2568 822 2623 Thuriomantes.
850 2568 1243 2622 Athenienses
1272 2567 1345 2622 ad
1375 2567 1606 2633 urbem,
1639 2568 1923 2623 Thurium

278 2657 652 2713 condendam
682 2656 889 2711 decem
917 2657 1072 2710 viros
1102 2656 1414 2722 miserunt,
1449 2656 1605 2710 inter
1634 2672 1782 2726 quos
1810 2654 1926 2710 fuit

280 2751 544 2816 Lampon,
575 2751 753 2814 vates,
815 2747 915 2816 qui
968 2744 1133 2800 urbis
1188 2743 1510 2800 condenda:
1541 2744 1833 2799 rationem
1865 2749 1925 2798 et

271 2834 517 2889 modum
548 2833 697 2889 alios
729 2834 987 2889 doceret.

344 2922 529 2991 Θύϊνα,
565 2939 634 2977 ex
694 2922 899 2992 thyino
957 2921 1117 2994 ligno
1173 2920 1460 2977 confecta.
1519 2920 1635 2975 Sub
1665 2922 1918 2989 Zenone,

277 3012 416 3083 imp.
460 3013 521 3066 in
578 3012 765 3083 Cypro
825 3011 1078 3065 inventa)
1130 3014 1269 3065 sunt
1314 3010 1582 3081 reliquias
1616 3009 1917 3076 Barnabas,

273 3102 547 3173 apostoli,
568 3101 667 3171 qui
692 3100 872 3155 Paulo
902 3099 1015 3153 fuit
1041 3099 1468 3171 peregrationis
1490 3115 1709 3155 comes.
1734 3098 1919 3170 Hujus

272 3192 554 3247 Barnabze
585 3191 811 3262 pectori
852 3189 1198 3261 impositum
1249 3195 1377 3243 erat
1416 3188 1795 3259 Evangelium
1826 3204 1917 3242 se-

270 3280 530 3335 cundum
563 3256 1173 3348 Matthmum,-tliyina
1230 3277 1456 3332 habens
1511 3256 1672 3332 folia.
1736 3276 1915 3348 (Conf.
1952 3256 1995 3322 Ο

270 3369 501 3423 Kusteri
530 3372 651 3423 not.
686 3371 738 3431 2,
772 3373 916 3422 tom.
950 3368 1019 3434 Il,
1052 3384 1183 3439 pag.
1214 3367 1364 3433 210.)

341 3458 628 3526 Tiberius,
660 3457 880 3513 Octavii
913 3457 1093 3525 ﬁlius,
1126 3459 1528 3513 Romanorum
1568 3456 1709 3528 imp.
1744 3456 1921 3511 homo

272 3548 554 3612 crudelis,
584 3553 880 3613 versutus,
915 3552 1025 3601 etc.
1078 3547 1374 3615 (Attamen
1407 3546 1634 3600 litteras
1665 3546 1918 3601 amabat.

282 3638 339 3693 V.
373 3639 593 3707 Sigism.
625 3638 769 3691 Iusti
816 3636 1125 3689 Ehrhardti
1172 3640 1552 3689 commentat.
1587 3635 1668 3688 De
1698 3635 1921 3689 Claudii

275 3726 484 3779 Tiberii
520 3726 766 3779 Neronis
824 3723 887 3776 in
945 3722 1277 3777 litterarum
1311 3723 1505 3776 studia
1533 3723 1782 3791 meritis,
1816 3724 1921 3778 Co-

276 3812 440 3885 burgi
477 3815 631 3876 1733,
659 3811 737 3882 8.)

344 3897 800 3971 Θυρεπανοίκτης.
834 3901 1040 3970 Supra,
1074 3901 1296 3965 Crates,
1335 3898 1667 3955 Thebanus.

342 3990 629 4058 Tiberius,
663 3988 1053 4060 philosophus
1087 3994 1145 4043 et
1191 3989 1476 4061 sophista,
1510 3989 1747 4061 scripsit
1777 4012 1803 4040 ‹‹
1839 3990 1919 4046 De

279 4078 531 4134 «formis
554 4078 840 4133 orationis
871 4078 1054 4133 libros
1074 4080 1188 4145 III;
1217 4079 1296 4132 De
1319 4079 1815 4145 commutatione;
1840 4080 1920 4134 De

277 4170 660 4235 «historia;De
676 4168 1066 4240 dispositione
1089 4174 1146 4223 et
1166 4168 1592 4240 compositione
1611 4170 1917 4237 orationis;

275 4280 300 4308 «
326 4260 404 4314 De
429 4260 615 4314 civilis
634 4258 919 4314 orationis
942 4258 1297 4324 mutatione;
1327 4258 1402 4311 De
1421 4257 1918 4330 demonstrativis;

275 4349 731 4415 «orationibus;
766 4349 844 4404 De
894 4347 1340 4420 praefationibus
1372 4352 1431 4402 et
1460 4347 1804 4414 Prommiis;
1842 4349 1918 4403 De

277 4458 302 4489 ι
325 4440 720 4511 argumentis;
756 4440 833 4493 De
867 4438 1261 4493 Demosthene
1294 4442 1352 4491 et
1379 4437 1804 4509 Xenophonte;
1839 4440 1918 4493 De

278 4548 297 4576 α
326 4527 614 4582 Herodoto
647 4532 704 4582 et
730 4526 1089 4598 Thucydide.
1128 4550 1149 4575 ι

343 4621 661 4694 Θομελικοί.
698 4624 1024 4679 Histriones
1054 4624 1294 4680 scenici.

342 4720 733 4782 Timachidas,
786 4720 1068 4788 Rhodius,
1119 4737 1316 4787 ccenas,
1363 4721 1483 4774 sive
1521 4719 1759 4776 Δείπνων
1793 4721 1920 4777 ἀνα-

276 4808 480 4882 γραφὰς
513 4809 751 4879 scripsit
798 4809 1059 4863 carmine
1114 4808 1352 4863 heroico
1395 4810 1549 4863 libris
1577 4812 1667 4865 X1.
1702 4813 1771 4865 Et
1800 4814 1916 4867 Nu-

277 4899 505 4953 menius
538 4898 966 4970 Ὀψαρτυτικῶν,
1027 4897 1168 4963 sive,
1227 4898 1299 4952 De
1352 4899 1562 4952 ratione
1610 4899 1751 4955 cibos
1790 4918 1917 4956 con-

274 4988 457 5042 diendz
489 4987 676 5050 libros,
701 4985 1036 5056 composuit
1064 4990 1123 5038 et
1152 4986 1429 5039 Mastreas
1461 4985 1737 5060 (Μητρέας
1762 4990 1916 5061 apud

274 5076 617 5131 Athenaeum
648 5077 692 5142 Ι,
724 5091 853 5147 pag.
888 5075 963 5144 ὅ).
997 5074 1313 5139 Ρὶῐᾶῐιωιιδ,
1346 5079 1405 5128 et
1436 5075 1914 5147 Hegemon,Tha-

274 5165 408 5232 sius,
444 5164 795 5237 cognomine
829 5161 1007 5230 Φακῆ,
1042 5162 1165 5217 sive
1207 5165 1363 5231 Lens,
1396 5168 1454 5217 et
1485 5166 1913 5237 Artemidorus,

271 5254 493 5309 Pseudo
516 5253 989 5323 Aristophanius,
1011 5251 1111 5322 qui
1143 5251 1418 5306 culinaria
1446 5255 1707 5308 vocabula
1734 5257 1912 5312 colle-

271 5343 363 5415 git,
410 5349 464 5398 et
518 5342 898 5407 Philoxenus,
949 5340 1177 5397 Claudii
1236 5341 1296 5394 F.
1347 5342 1526 5411 (apud
1566 5344 1912 5401 Athenaeum

270 5428 575 5501 Λευκάδιος)
605 5449 639 5487 a
669 5448 785 5502 quo
840 5431 1017 5485 etiam
1066 5429 1428 5484 Philoxeniaa
1482 5431 1772 5501 placentae
1803 5452 1913 5490 no-

271 5538 398 5576 men
426 5522 664 5577 habent.

333 5612 603 5679 Timaeus,
638 5611 977 5677 historicus,
1010 5608 1309 5681 Ephorum
1343 5610 1725 5667 vehementer
1755 5615 1905 5670 inse-

271 5707 449 5759 ctatus
510 5706 621 5772 est,
680 5700 910 5757 duobus
968 5699 1095 5771 ipse
1152 5700 1410 5771 peccatis
1441 5700 1755 5772 obnoxius,
1787 5709 1909 5762 tum

2038 1966 2283 2036 Scripsit
2312 1968 2507 2021 Italica
2547 1975 2598 2021 et
2652 1969 2841 2023 Sicula
2898 1968 3053 2022 libris
3089 1968 3217 2022 Vill
3236 1981 3257 2026 ;
3289 1965 3482 2020 Graeca
3511 1969 3564 2017 et
3593 1964 3680 2017 Si-

2027 2054 2192 2121 cula;
2248 2056 2621 2111 Collectionem
2650 2061 3093 2126 argumentorum
3144 2056 3564 2113 rhetoricorum.
3597 2051 3668 2105 li-

2032 2144 2153 2198 bros
2207 2146 2473 2209 LXVIII;
2529 2147 2952 2217 Olympionicas,
3013 2146 3132 2201 sive
3187 2142 3421 2216 χρονικά
3476 2138 3675 2213 Πραξί-

2030 2226 2140 2300 δια,
2172 2234 2314 2287 Acta
2370 2235 2647 2290 chronica.
2708 2236 2811 2289 llic
2865 2236 3139 2300 Timaeus,
3171 2233 3272 2304 qui
3310 2231 3675 2287 anteriorum

2030 2320 2294 2376 historia:
2317 2324 2670 2394 scriptorum
2693 2340 2926 2379 errores
2946 2323 3328 2379 acerbissime
3356 2318 3678 2385 castigavit,

2028 2411 2141 2466 fuit
2170 2412 2413 2483 quidem
2441 2414 2501 2467 in
2533 2414 2761 2469 caeteris
2792 2415 3052 2468 historias
3082 2412 3351 2485 partibus
3380 2408 3685 2465 studiosis-

2034 2502 2221 2555 simus
2253 2502 2395 2566 veri,
2421 2502 2523 2557 sed
2551 2502 2609 2555 in
2632 2504 2897 2573 quinque
2926 2502 3094 2557 libris
3123 2497 3685 2573 postremis,quibus

2032 2607 2125 2645 res
2159 2592 2489 2663 Agathoclis
2536 2592 2880 2663 complexus
2930 2596 3039 2660 est,
3073 2595 3389 2662 tyrannum
3422 2588 3618 2656 illum,
3649 2603 3684 2642 a

2032 2695 2148 2750 quo
2179 2679 2239 2733 in
2273 2679 2547 2733 exsilium
2590 2680 2800 2751 pulsus
2848 2679 3058 2746 fuerat,
3091 2679 3369 2734 omnibus
3401 2676 3678 2733 conviciis

2030 2773 2258 2833 onerat,
2281 2768 2706 2838 hominemque
2730 2768 3176 2839 ignavissimum
3196 2767 3378 2822 fuisse
3400 2766 3678 2832 affirmat,

2029 2855 2199 2910 illum
2256 2856 2761 2926 Syracusanorum
2816 2857 3118 2921 victorem,
3177 2871 3431 2927 quorum
3477 2860 3677 2910 tamen

2025 2944 2438 3000 fortitudinem
2469 2945 2746 3001 omnibus
2777 2947 2947 3000 eﬂ‘ert
2972 2946 3223 3017 paginis,
3256 2950 3367 3000 etc.

2098 3035 2463 3107 Timagenes.
2525 3037 2670 3108 regii
2720 3037 3035 3109 argentarii
3083 3037 3167 3103 F.,
3218 3035 3679 3105 Alexandrinus,

2027 3124 2268 3191 rhetor;
2295 3125 2409 3192 vel,
2468 3129 2531 3179 ut
2580 3124 2842 3196 quidam,
2874 3126 3194 3198 Egyptius,
3227 3125 3329 3196 qui
3359 3124 3470 3180 sub
3502 3126 3677 3179 Pom-

2032 3215 2165 3286 peio
2198 3216 2401 3287 Magno
2433 3217 2678 3270 Romam
2709 3232 2744 3270 a
2774 3215 3019 3270 Gabinio
3068 3214 3330 3286 captivus
3357 3214 3591 3283 ductus,
3624 3218 3684 3268 et

2031 3320 2066 3359 a
2092 3305 2327 3369 Fausto,
2362 3303 2533 3375 Syllae
2565 3305 2648 3370 F.,
2674 3304 3018 3376 redemptus
3049 3307 3248 3361 Romaa
3281 3303 3682 3375 eloquentiam

2029 3392 2248 3464 docuit,
2291 3411 2423 3448 cum
2481 3393 2589 3447 sub
2648 3394 2776 3465 ipso
2834 3394 3134 3465 Pompeio,
3166 3399 3292 3448 tum
3324 3397 3458 3465 post
3486 3392 3684 3464 ipsum

2032 3482 2140 3537 sub
2172 3483 2400 3537 Caesare
2433 3485 2693 3553 Augusto
2726 3488 2785 3537 et
2827 3489 3056 3554 postea,
3089 3482 3319 3549 eodem,
3353 3498 3466 3554 quo
3499 3482 3684 3536 Caeci-

2030 3571 2168 3639 lius,
2204 3576 2487 3643 tempore.
2522 3573 2667 3626 Cum
2708 3577 2907 3626 autem
2956 3571 3029 3625 ob
3078 3570 3313 3626 dicendi
3346 3570 3681 3624 libertatem

2030 3660 2233 3716 schola
2254 3660 2586 3724 excidisset,
2616 3660 2676 3714 in
2699 3661 2920 3731 praedio
2940 3660 3272 3715 Tusculano
3290 3660 3464 3713 vitam
3486 3664 3681 3714 trans-

2031 3750 2165 3821 egit.
2224 3749 2381 3804 Obiit
2430 3749 2652 3803 Dabani
2711 3754 2847 3820 post
2902 3764 3152 3813 omnem,
3212 3764 3348 3802 cum
3376 3746 3558 3801 vellet
3584 3764 3679 3802 vo-

2028 3854 2211 3904 mere,
2245 3836 2571 3913 σφηνωθείς,
2604 3836 2733 3891 cibo
2767 3838 2991 3892 exitum
3035 3854 3155 3892 non
3186 3836 3523 3891 inveniente
3555 3835 3677 3890 suf-

2028 3928 2273 3983 focatus.
2308 3926 2519 3981 Multos
2550 3926 2734 3981 libros
2766 3926 3022 3997 scripsit.

2098 4053 2466 4125 Timagenes,
2525 4050 2862 4119 historicus,
2923 4053 3090 4106 totius
3174 4052 3342 4106 maris
3396 4050 3679 4121 periplum

2029 4142 2267 4214 scripsit
2288 4141 2443 4196 libris
2477 4143 2539 4197 V.

2098 4232 2463 4304 Timagenes,
2499 4232 2616 4287 sive
2647 4232 3015 4304 Timagenes.
3050 4231 3329 4297 Milesius,
3364 4230 3679 4285 historicus

2030 4327 2089 4376 et
2144 4322 2364 4388 rhetor,
2428 4320 2665 4393 scripsit
2720 4322 2791 4376 De
2845 4320 3114 4375 Heraclea
3173 4322 3396 4375 Pontica
3438 4326 3489 4374 et
3515 4317 3682 4374 claris

2027 4411 2144 4479 ejus
2176 4409 2312 4465 viris
2339 4411 2504 4465 libros
2532 4410 2798 4480 quinque.
2830 4412 2976 4464 Item
3006 4409 3302 4480 Epistolas.

2100 4497 2466 4566 Timarchus,
2490 4497 2700 4552 Arizeli
2723 4499 2808 4565 F.,
2828 4497 3107 4568 prodigus
3130 4502 3187 4551 et
3208 4495 3678 4566 cineedus,quem

2032 4586 2336 4641 :Eschines
2369 4603 2565 4640 rerum
2598 4586 2846 4657 peregit,
2881 4592 2990 4640 etc.

2099 4677 2420 4744 Timasion,
2448 4677 2795 4732 adolescens
2850 4678 3172 4749 Egyptius,
3230 4693 3406 4748 quem
3436 4676 3679 4747 Apollo-

2028 4764 2184 4834 nius,
2204 4768 2491 4836 Tyaneus,
2518 4782 2652 4820 cum
2679 4772 2950 4819 moneret
2979 4770 3044 4819 ut
3073 4783 3272 4820 secum
3296 4765 3672 4837 phiIOSOpha-

2026 4858 2226 4907 retur:
2284 4855 2326 4909 Ο
2376 4854 2478 4922 dii,
2534 4854 2749 4924 inquit,
2811 4854 3048 4925 qualem
3106 4870 3199 4908 me
3247 4854 3489 4909 dicam?
3531 4857 3676 4909 Nam

2028 4941 2221 4995 malus
2250 4942 2492 5012 quidem
2540 4959 2662 4997 non
2709 4959 2861 5007 sum,
2913 4942 3136 4996 bonum
3181 4958 3317 4997 vero
3358 4948 3555 4997 utrum
3583 4960 3677 4998 me

2028 5029 2354 5084 existimari
2409 5035 2678 5101 oporteat
2733 5030 2956 5096 nescio,
3016 5036 3126 5084 etc.
3177 5030 3269 5101 (ex
3298 5031 3677 5103 Philostrato,

2024 5118 2127 5173 lib.
2163 5136 2215 5174 v1
2248 5121 2325 5174 De
2356 5119 2471 5174 vita
2500 5119 2692 5190 Apoll.
2726 5136 2852 5190 cap.
2889 5123 2942 5172 2.

2094 5261 2508 5327 Timesitheus,
2544 5262 2819 5332 tragicus,
2845 5262 2973 5331 ejus
3000 5262 3269 5318 dramata
3299 5270 3459 5331 sunt,
3493 5261 3679 5331 Δαναΐ,

2023 5347 2108 5411 ὃες
2143 5350 2210 5425 β’,
2240 5351 2504 5422 Ἕκτορος
2560 5348 2751 5425 λύτρα,
2801 5350 3101 5422 ἸΙρακλῆς,
3157 5351 3347 5423 Ἰξίων,
3385 5351 3681 5422 Καπανεὺς,

2021 5437 2275 5512 Μέμνων,
2334 5444 2675 5513 Μνηστῆρες,
2732 5441 2898 5509 Ζηνὸς
2956 5440 3134 5514 γοναὶ,
3188 5439 3416 5511 Ἑλένης
3442 5441 3675 5512 ἀπαίτη-

2022 5550 2127 5595 σις,
2160 5529 2442 5603 Ὀρέστης,
2479 5526 2755 5597 υολάδης,
2785 5529 3010 5603 Κάστωρ
3037 5530 3126 5585 καὶ
3157 5527 3531 5600 Πολυδεύκης.

2089 5619 2400 5688 Timocles,
2436 5619 2837 5688 Atheniensis,
2871 5621 3153 5676 comicus.
3182 5623 3260 5676 Ex
3291 5637 3422 5693 ejus
3452 5620 3670 5677 fabulis

2022 5716 2196 5767 sunt:
2252 5710 2656 5783 Δημοσάτυροι,
2728 5708 3046 5785 Κένταυρος,
3125 5707 3369 5779 Καύνιοι,
3425 5710 3674 5767 Ἐπιστο-

4024 5218 4027 5223 φ

4024 5550 4025 5628 l
