4062 6298
441 351 595 414 1363
1744 344 1981 405 INDEX
2023 345 2545 411 SCRIPTORUM
3744 340 3871 401 1364

440 484 555 553 λαὶ,
588 477 1068 557 Ἐπιχαιρὲκακος,
1117 473 1548 544 Φιλοδικαστὴς,
1600 475 1835 547 Πύκτης.
1870 480 2044 535 Memc

2261 482 2540 550 'osiliret;
2572 482 2946 538 Timotheum
3005 484 3202 536 autem
3266 476 3551 544 dixisse,
3602 472 3741 530 talia
3768 492 3865 531 esse

440 582 533 631 rat
564 575 883 629 Athenaeus
914 572 977 625 in
1006 569 1178 624 libris
1208 567 1825 639 Dipnosophistarum.
2205 572 2421 628 debere
2451 573 2720 628 carmina
2767 572 2947 644 regia.
2999 572 3103 625 Ilic
3159 574 3334 635 tunc,
3374 566 3600 622 missis
3633 565 3871 620 celeriter

511 662 803 718 Timocles
832 660 1005 722 alter,
1038 664 1097 713 et
1126 658 1251 728 ipse
1283 656 1546 711 comicus
1577 673 1649 711 ex
1677 658 1850 729 cujus
1880 657 2098 713 fabulis
2206 663 2455 729 nuntiis,
2490 667 2617 718 erat
2646 662 2719 717 ab
2764 660 3098 716 Alexandro
3143 657 3525 714 arcessitus.
3562 654 3751 726 (Cont‘.
3779 657 3867 710 Ku-

442 760 511 811 ut
539 752 709 809 testis
740 750 898 805 idem
931 748 1267 814 Athenaeus,
1302 751 1436 801 svnt
1483 746 1952 813 Διονυσιάζουσαι,
1990 752 2046 801 Ili

1686 746 1952 813 ιάζουσαι,
1990 752 2100 801 Ilo-
2205 753 2345 806 steri
2378 758 2500 807 not.
2538 758 2677 807 tom.
2716 752 2811 817 III,
2835 767 2965 823 pag.
2994 753 3097 804 4⁸14
3129 749 3288 820 sqq.)

445 843 805 916 Λυπράγμων,
844 839 1091 910 Ἰκάριοι,
1152 834 1356 903 Δῆλος,
1416 837 1570 904 Λήθη
1628 833 1904 902 Διόνυσος,
1940 839 2045 892 Κον

2274 842 2635 909 Timotheus,
2671 842 2925 909 Gazznus,
2986 837 3463 912 grammaticus,
3532 834 3865 906 temporibus

446 929 632 996 σαλος,
667 924 925 1004 Πορφῦρα
954 927 1108 999 (quin
1157 925 1290 980 aliis
1339 926 1629 980 Xenarchi
1659 942 1788 980 esse
1819 925 2099 997 videtur,)
2205 931 2518 1000 Anastasii,
2552 931 2693 1001 imp.
2727 930 2788 984 in
2823 946 2999 1000 quem
3031 928 3208 982 etiam
3236 924 3627 998 tragoediam
3660 924 3791 978 fecit
3814 924 3867 979 de

443 1021 675 1094 Ἥρωες,
710 1014 1057 1090 Δρακόντιον,
1085 1014 1288 1087 Νέαιρα
1310 1013 1662 1085 (meretricis
1688 1015 1797 1069 hoc
1829 1032 2047 1071 nomen

2259 1020 2473 1091 :ctigali
2496 1018 2925 1090 publico,quod
2947 1018 3428 1088 chrysargyrum
3453 1012 3863 1086 appellabatur.

445 1108 723 1183 Ὀρέστης,
756 1103 1126 1179 Μαραθώνιοι.
1160 1104 1309 1158 Sunt
1337 1109 1396 1157 et
1454 1104 1584 1158 alia)
1618 1104 1909 1174 quaedam.
1945 1105 2049 1175 [Se

2260 1109 2449 1179 :ripsit
2467 1109 2646 1163 etiam
2671 1107 2937 1163 versibus
2961 1106 3035 1161 de
3057 1105 3443 1161 animalibus
3491 1102 3864 1173 quadrupedis

443 1201 730 1264 Meursius,
766 1197 825 1250 in
857 1194 1005 1250 Bibl.
1039 1194 1231 1248 Attica
1261 1198 1319 1247 et
1348 1193 1578 1260 Suidas,
1603 1192 1677 1248 ad
1708 1193 1766 1247 h.
1793 1194 1831 1247 Ι.
1857 1193 1973 1248 vol.
2000 1194 2095 1261 III,
2205 1203 2265 1252 et
2291 1197 2434 1252 feris
2464 1215 2596 1269 qua:
2628 1201 2767 1252 sunt
2808 1196 2966 1268 apud
3011 1196 3207 1262 Indos,
3236 1193 3494 1249 Arabes
3530 1198 3595 1246 et
3624 1191 3862 1264 Egytios,

441 1305 572 1361 pag.
607 1290 731 1354 475,
765 1288 1011 1339 censent
1042 1281 1285 1339 Suidam
1335 1281 1489 1337 male
1522 1282 1679 1337 hunc
1706 1282 2096 1353 posteriorem
2204 1301 2470 1357 quasque
2503 1285 2699 1341 Africa
2727 1285 2869 1352 alit;
2904 1285 3165 1355 itemque
3194 1283 3265 1338 de
3301 1282 3543 1338 avibus
3569 1282 3864 1352 peregrinis

439 1377 654 1433 fecisse
684 1375 980 1429 diversum
1012 1389 1047 1427 a
1076 1371 1294 1443 priore,
1328 1387 1460 1425 cum
1495 1370 1652 1425 idem
1683 1371 1760 1425 sit
1788 1372 2097 1443 comicus.)
2204 1380 2263 1429 et
2294 1374 2364 1428 de
2396 1374 2775 1445 serpentibus
2806 1374 2992 1428 libros
3021 1374 3114 1428 IV.

511 1466 879 1529 Timocreon,
914 1460 1199 1526 Rhodius,
1258 1460 1521 1515 comicus
1578 1465 1637 1515 et
1702 1461 1827 1532 ipse
1881 1461 2096 1516 veteris
2273 1461 2649 1535 Τιθύμαλλος.
2683 1465 3129 1518 Consueverunt
3180 1461 3414 1517 medici
3469 1460 3861 1515 ostentationis

439 1552 762 1610 comoedica.
798 1551 942 1607 lluic
974 1549 1304 1605 inimicitia
1336 1550 1807 1605 intercesserunt
1836 1566 1969 1605 cum
2006 1551 2095 1605 Si-
2202 1535 2390 1626 gratia
2420 1553 2641 1625 patrias
2672 1552 2994 1608 herbarum
3042 1552 3393 1619 nominare,
3430 1567 3489 1603 v.
3528 1566 3586 1622 g.
3622 1548 3764 1603 lafer
3787 1548 3862 1618 Cy-

438 1644 678 1701 monide
703 1641 906 1697 Melico
932 1646 991 1694 et
1009 1639 1400 1694 Themistocle
1425 1640 1798 1705 Atheniensi,
1824 1640 1885 1694 in
1919 1656 2097 1710 quem
2202 1643 2531 1709 renaicum,
2567 1641 2915 1713 tithymalus
2951 1642 3291 1706 Laconicus,
3332 1645 3464 1695 etc.

440 1735 619 1790 etiam
648 1731 913 1787 carmine
946 1724 1038 1798 (δι’
1087 1726 1369 1800 ἐμμελοῦς
1400 1748 1548 1789 τινος
1578 1730 1917 1799 ποιήματος)
1948 1730 2044 1784 viti

2271 1729 2493 1791 Τίτλος.
2527 1730 2754 1785 Titulus
2785 1748 2821 1785 a
2849 1732 3041 1801 capite
3098 1730 3322 1784 differt.
3395 1730 3559 1784 Nam
3590 1727 3857 1781 Mattheus

438 1821 811 1895 perationem
838 1817 1160 1873 contexuit.
1197 1817 1441 1897 Scripsit
1466 1834 1600 1872 vero
1631 1817 1980 1873 commdiam
2032 1818 2093 1873 in
2126 1851 2173 1916 Β
2201 1819 2381 1875 habet
2400 1820 2604 1874 titulos
2627 1820 2862 1887 LXVIII,
2896 1819 3091 1889 capita
3111 1818 3375 1883 CCCLV;
3414 1814 3855 1883 Marcus,titnlos

438 1908 984 1967 Themistoclem*et
1016 1906 1400 1975 Simonidem,
1435 1907 1691 1978 aliaque.
2126 1905 2169 1916 ”
2205 1910 2443 1977 XLVIII,
2478 1909 2673 1980 capita
2698 1909 3049 1975 CCXXXVI;
3086 1908 3288 1975 Lucas,
3318 1907 3553 1961 titulos
3578 1905 3852 1968 LXXXIII;

511 1999 832 2064 Timolaus,
863 1997 1202 2065 Larissaeus,
1236 1996 1490 2063 Macedo,
1524 1997 1747 2063 rhetor,
1781 1998 2095 2052 Anaxime—
2204 1998 2399 2070 capita
2428 1998 2813 2063 CCCXLVIII;
2872 1999 3151 2063 Joannes,
3208 1996 3431 2051 titulos
3495 1995 3699 2061 XVIII,
3728 1993 3852 2063 capi-

442 2091 538 2146 nis
570 2086 955 2160 Lampsaceni
1005 2084 1356 2156 discipulus,
1388 2086 1489 2155 qui
1522 2103 1656 2140 cum
1688 2086 1926 2158 ingenio
1957 2104 2095 2158 poe-
2206 2093 2265 2143 ta
2292 2088 2596 2142 CCXXXII.
2646 2088 2717 2139 Et
2770 2082 3072 2159 τιτλάριον,
3131 2084 3512 2153 titularium,
3546 2083 3851 2155 pugiIIares,

442 2181 559 2236 tico
573 2183 732 2235 esset
747 2175 1310 2248 prmditus,singulis
1327 2175 1530 2230 Iliadis
1546 2176 1811 2231 versibus
1833 2176 2097 2247 singulos
2207 2176 2446 2232 tabella.

440 2283 647 2324 versus
677 2264 1040 2332 interseruit,
1089 2269 1147 2318 et
1202 2262 1263 2317 id
1318 2279 1466 2333 opus
1496 2261 1738 2336 Τρωϊκὸν
1772 2264 2094 2335 inscripsit,
2274 2266 2455 2320 Titus.
2492 2267 2893 2320 Romanorum
2922 2265 3065 2335 imp.
3101 2264 3463 2334 Vespasiani
3498 2265 3589 2329 F.,
3614 2262 3699 2315 vir
3722 2260 3846 2314 omni

443 2358 555 2413 hoc
586 2354 760 2411 modo
787 2372 798 2408 :
2204 2354 2436 2408 virtutis
2467 2370 2684 2425 genere
2714 2358 2979 2420 ornatus,
3012 2357 3078 2407 ut
3123 2353 3196 2407 ab
3250 2353 3556 2408 omnibus
3587 2351 3757 2423 Ἔρως
3778 2346 3841 2399 καὶ

441 2457 617 2520 Μῆνιν
651 2445 815 2513 ἄειδε,
847 2447 971 2520 Qad,
1004 2441 1337 2520 Πηλῃϊάδεω
1367 2444 1659 2520 Ἀχιλῆος,
1710 2518 1717 2520 _

2238 2444 2404 2518 ρυφή,
2438 2460 2594 2497 amor
2624 2450 2675 2498 et
2728 2444 2940 2498 delicim
2998 2444 3212 2512 generis
3267 2444 3519 2498 humani
3552 2444 3840 2495 vocaretur.

575 2520 721 2602 ἔθετο
750 2519 965 2602 Χρὲὂσου
995 2514 1595 2602 νιεχολωμςνοςὶεῖνεξει
1623 2518 1848 2594 κούρης,

2234 2535 2349 2587 lam
2381 2537 2441 2586 et
2470 2532 3001 2602 eloquentissimus
3023 2536 3167 2595 erat,
3195 2537 3254 2585 et
3284 2530 3838 2590 bellicosissimus,et

505 2595 516 2613 ν
801 2586 808 2592 ’
1031 2586 1098 2611 ’Τ
1232 2586 1235 2587 ⁷
1278 2592 1299 2603 ε·
1363 2586 1384 2601 ν’
1497 2589 1508 2609 ν
1542 2586 1565 2607 ’ν
1729 2586 1736 2594 ¹
1787 2586 1793 2587 ⁷
2207 2586 2221 2588 “
2261 2586 2285 2587 "
2484 2586 2489 2587 ⁷
2587 2586 2603 2602 ι
2826 2586 2831 2587 ⁷
3152 2586 3167 2595 ’⁷
3782 2586 3790 2590 ’

443 2592 790 2723 θυλομέζηνν
822 2594 857 2661 ἢ
880 2588 1040 2717 ἐλυρὲ
1093 2599 1326 2698 Αἳξεαιῗις
1356 2587 1699 2715 “Alexim”
1750 2659 1778 2680 ,ρ
2205 2620 2745 2676 moderatissimus-
2775 2622 2845 2674 Et
2870 2621 3075 2675 Latina
3096 2620 3300 2693 lingua
3322 2620 3585 2691 quidem
3611 2620 3668 2672 in
3698 2615 3841 2671 admi-

500 2683 889 2740 αργᾳμιρξοὲςνη
913 2682 970 2716 τε
1044 2679 1207 2740 Ρ.ωσ”ἶ’
1242 2678 1365 2740 “Egi?
1403 2681 1475 2714 πο
1530 2668 1710 2740 ,μῗζον
1743 2682 1989 2733 aunt“,
2205 2710 2530 2740 ηςοικηηιιςι.
2558 2709 2811 2740 ωηιιιιηὴ.
2845 2710 3092 2740 “mnino
3118 2727 3257 2740 nm...
3292 2715 3386 2740 ,περ
3440 2714 3707 2740 Μυκη-ηις.
3737 2719 3838 2740 ποι-η

441 2709 751 2810 Eam”-
777 2709 1241 2810 ίῷδίμφυίψυχάς
1272 2710 1383 2810 ἄϊδι
1414 2709 1704 2810 neq-654:2;

2233 2710 2533 2765 iistrandis
2558 2709 2815 2781 publicis
2845 2710 3095 2781 negotiis
3118 2727 3259 2765 usus
3290 2715 3409 2777 est,
3438 2714 3711 2781 poemata
3737 2719 3837 2759 vero

441 2755 662 2797 ΠΟΛΛας
696 2755 722 2790 o
780 2755 888 2810 ιφυι
939 2755 1031 2795 ους
1060 2755 1133 2805 ψυ
1180 2755 1241 2793 ας
1272 2755 1383 2788 αιοι
1414 2755 1696 2806 προιαψεν,

440 2812 707 2883 ’Έκτορος
736 2806 789 2863 ἐν
816 2755 1105 2879 παῗάμῃσι
1128 2755 1464 2878 ἔαϊζομένων
1500 2805 1603 2860 ὑπὸ
1636 2803 1812 2880 δουρί.

2230 2755 2348 2765 "vv-
2363 2755 2532 2765 “”“⁵“”““’
2559 2755 2814 2781 r‘“’”""
2848 2755 3094 2781 ⁵⁵νῠν⁷”⁶“’
3123 2755 3259 2765 ““’“⁶“’
3294 2755 3409 2777 V“'7
3438 2755 3711 2781 Γν“”⁸”“”⁷“⁷
3746 2755 3825 2759 ’““⁷

2230 2804 2265 2854 et
2294 2799 2606 2871 tragmdias
2640 2801 2837 2854 Graece
2886 2800 3238 2870 composuit.
3271 2798 3649 2871 Expugnatis
3677 2798 3834 2850 autem

445 2900 691 2971 Scripsit
722 2902 781 2953 et
809 2897 928 2953 alia
958 2896 1255 2968 quaedam.
2207 2888 2631 2961 Hierosolymis
2661 2904 2934 2955 coronas,
2959 2904 2993 2944 a
3013 2888 3220 2960 legatis
3250 2888 3658 2944 ﬁnitimarum
3688 2883 3831 2939 PaIaa-

515 2989 745 3055 Timon,
777 2986 1243 3057 misanthropus,
1291 2985 1706 3057 phiIOSOphus,
1740 2985 1839 3057 qui
1870 2990 2097 3041 sectam
2207 2978 2378 3033 stinae
2408 2978 2675 3051 gentium
2706 2977 2940 3047 missas,
3000 2978 3352 3049 repudiavit,
3390 2976 3714 3049 professus,
3742 2986 3831 3027 non

447 3094 686 3134 omnem
718 3075 1119 3140 aversabatur,
1153 3078 1219 3128 ut
1257 3074 1483 3129 invisus
1532 3074 1810 3129 omnibus
1841 3074 1936 3145 (ab
1971 3074 2100 3129 Ari-
2206 3084 2268 3123 se
2300 3083 2370 3123 ea
2420 3067 2653 3134 fecisse,
2715 3068 2818 3123 sed
2878 3068 3016 3136 Deo,
3073 3066 3291 3122 Iudaeis
3360 3068 3629 3135 infenso,
3662 3076 3831 3118 manus

448 3168 736 3238 stOphane
767 3166 829 3219 in
862 3164 1201 3236 Lysistrata)
1248 3162 1685 3234 perstringitur.
1721 3164 1885 3218 Hunc
1916 3165 2098 3218 Nean-
2134 3221 2171 3238 η
2206 3156 2697 3222 commodavisse,
2733 3161 2844 3213 etc.

447 3221 579 3311 thes
610 3256 711 3319 ait,
734 3271 868 3310 cum
899 3221 971 3307 de
1004 3268 1148 3323 pyro
1177 3221 1429 3305 silvestri
1458 3221 1791 3317 cecidisset,
1817 3253 2096 3307 claudum
2131 3221 2173 3287 α
2273 3245 2345 3301 Τὸ
2378 3243 2579 3305 Δίωνος
2610 3221 2734 3316 γρῦ.
2791 3248 2948 3309 Dion,
2998 3247 3446 3312 Alexandrinus,
3481 3241 3827 3318 philosophus

443 3346 666 3400 factum
699 3359 829 3398 esse
856 3359 868 3395 :
902 3358 1156 3410 cumque
1206 3341 1499 3394 medicum
1543 3341 1730 3394 nollet
1759 3341 2094 3409 admittere,
2204 3334 2476 3401 celebris,
2510 3350 2643 3387 cum
2675 3351 2707 3389 a
2740 3335 3095 3405 quibusdam
3127 3335 3494 3392 adversariis
3525 3332 3711 3390 fratris
3738 3328 3820 3394 sui,

447 3433 764 3507 putredine
786 3437 1204 3501 consumptum
1229 3429 1427 3484 fuisse.
1457 3432 1594 3485 Post
1617 3440 1866 3485 mortem
1897 3438 2094 3487 autem
2205 3424 2422 3495 Topsii,
2454 3423 2780 3489 Iuctatoris,
2810 3424 3145 3480 maledictis
3170 3426 3678 3496 proscinderetur,
3706 3415 3822 3474 nihil

448 3524 597 3594 ejus,
631 3521 992 3592 sepulcrum.
1028 3520 1088 3573 in
1121 3536 1236 3590 quo
1266 3519 1542 3574 conditus
1572 3526 1719 3581 erat,
1744 3522 1915 3589 juxta
1944 3521 2093 3575 viam
2205 3513 2533 3584 respondit.
2566 3519 2745 3583 atque
2778 3513 2839 3566 in
2871 3514 3026 3569 aedes
3081 3530 3220 3570 suas
3259 3531 3537 3571 reversus
3570 3509 3705 3566 nihil
3730 3509 3821 3561 ira-

441 3612 723 3670 ﬂuctibus
755 3610 1003 3665 marinis
1030 3626 1065 3664 a
1095 3609 1325 3679 reliqua
1356 3616 1526 3664 terras
1560 3616 1723 3680 parte
1755 3610 2006 3664 divisum
2040 3615 2098 3664 et
2206 3602 2436 3657 cundia}
2471 3618 2589 3672 pra}
2643 3617 2704 3654 SB
2755 3601 2953 3657 ferens
2982 3601 3347 3658 adOIGScenti
3371 3601 3627 3675 (Topsio)
3656 3613 3721 3652 ne
3744 3588 3819 3664 γέὗ

442 3703 811 3758 inaccessum
843 3701 1059 3754 factum
1091 3715 1242 3753 esse.
2208 3691 2449 3762 quidem
2483 3689 2650 3743 dixit.
2684 3686 2813 3762 Γρύ,
2847 3690 3053 3745 sordes
3085 3693 3399 3763 unguium.

511 3792 739 3855 Timon,
774 3789 1088 3853 Phliasius,
1124 3795 1181 3843 et
1211 3787 1337 3858 ipse
1368 3788 1782 3861 philosophus,
1816 3789 1917 3859 qui
1950 3788 2097 3843 scri-

2278 3779 2350 3833 Τὸ
2404 3772 2708 3832 Ἠσιὸδειον
2766 3783 2958 3852 γῆρας.
3016 3781 3283 3835 Hesiodea
3337 3786 3602 3844 senectus,
3658 3774 3719 3828 de
3763 3769 3816 3822 iis

440 3880 563 3951 psit
595 3878 782 3948 Sillos,
813 3877 925 3932 hoc
955 3880 1045 3931 est
1072 3856 1538 3947 vituperationes
1577 3856 2096 3949 philosophorum,
2208 3868 2310 3940 qui
2341 3870 2630 3938 provectae
2665 3866 2987 3922 admodum
3048 3874 3187 3923 sunt
3243 3868 3589 3926 senectutis.
3623 3856 3813 3919 Ρὶηάἃῖί

442 3961 600 4024 libris
629 3968 729 4021 III.
2213 3956 2582 4029 epigramma
2606 3973 2619 4008 :

516 4054 879 4120 Timotheus,
912 4053 1313 4120 Atheniensis,
1347 4054 1608 4109 comicus
1654 4054 1863 4109 medim
1891 4070 2103 4109 comoe-

2209 4065 2409 4135 Xaigs,
2457 4058 2555 4135 δὶς
2600 4059 2814 4135 ἡϐήσας
2868 4061 2961 4117 καὶ
3016 4059 3100 4125 δὶς
3158 4065 3330 4135 τάφου
3392 4058 3744 4127 ἆντιϐολὴτας,

448 4144 691 4201 dim.Ex
721 4143 850 4214 ejus
904 4141 1122 4197 fabulis
1179 4146 1354 4196 sunt:
1421 4140 1656 4210 ῐιύκτης,
1717 4146 2052 4216 [Ιαρακαταθῑ

2010 4142 2101 4209 θή-
2318 4128 2582 4200 ’Ἡσίοδ’,
2613 4128 2926 4209 ἀνθρώποις
2962 4135 3155 4209 μέτρον
3211 4128 3355 4210 ἔχων
3394 4137 3612 4214 σοφίης.

448 4253 544 4302 κη,
601 4223 1100 4299 Μεταϐαλλόμενος
1158 4227 1194 4297 ἢ
1254 4229 1724 4306 Μεταφερόμενος.
1767 4234 1869 4286 Est
1922 4232 2052 4286 etial

1974 4248 2101 4331 “In
2186 4264 2373 4319 .Salve
2405 4261 2483 4315 bis
2500 4261 2742 4334 juvenis,
2774 4262 2920 4317 salve
2947 4264 3026 4317 bis
3055 4267 3212 4319 nacle
3249 4266 3578 4334 sepulcrum,

450 4320 738 4394 Κυνάριον.
796 4319 1087 4373 Timothei
1141 4318 1451 4386 comoedia,
1513 4324 1661 4374 teste
1719 4322 2001 4376 Athenzeo
2041 4322 2104 4376 in
2228 4318 2235 4319 ⁷
2354 4318 2611 4388 Μεηεῖινα
2642 4318 2888 4400 humani,
2923 4318 3503 4405 οΗθεὶοάέρίῆρέήξί,

453 4408 950 4484 Dipnosophistis,
985 4407 1107 4477 (lib.
1141 4409 1230 4476 VI,
1264 4426 1319 4480 p.
1353 4408 1503 4479 243.)

2285 4422 2414 4480 Τοῖς
2445 4419 2846 4492 Ἱπποκράτους
2878 4419 3045 4474 υἱέσιν
3095 4420 3270 4492 εἴξεις.
3306 4419 3661 4497 Hippocratis
3684 4416 3798 4484 (11011:

524 4499 888 4565 TimOtheusy
933 4497 1311 4567 ΤῙλθΓδδιηάΓί,
1370 4497 1461 4551 Vel
1518 4498 1814 4571 Neomysi,
1845 4499 1936 4554 νεὶ
1966 4499 2104 4553 Phi-
2218 4508 2483 4576 medici,)
2520 4508 2674 4563 ﬁlios
2706 4510 3114 4583 perstringunt
3143 4513 3375 4579 comici,
3411 4519 3475 4569 ut
3512 4509 3743 4567 indoctos
3764 4499 3804 4551 et

450 4590 732 4663 lopolidis
763 4589 849 4654 F.,
880 4587 1124 4660 lyricus,
1159 4588 1261 4658 qui
1292 4587 1574 4643 decimam
1606 4594 1665 4643 et
1707 4588 2104 4645 mndecimam
2138 4592 2184 4657 D
2216 4599 2445 4670 spurcis
2477 4599 2761 4653 moribus.
2798 4600 3012 4654 Eerum
3043 4601 3321 4658 nomina;
3356 4600 3698 4671 Telesippus,
3723 4591 3804 4643 De-

454 4680 737 4736 chordam
771 4676 953 4749 (Iyraa)
985 4675 1234 4740 addidit,
1268 4682 1325 4731 et
1374 4678 1683 4748 antiquam
1714 4678 1999 4734 musicam
2034 4679 2108 4734 ad
2218 4689 2504 4759 mophon,
2536 4687 2818 4743 Pericles,

451 4769 783 4827 molliorem
806 4765 1048 4821 modum
1073 4764 1349 4820 traduxit.
1371 4766 1502 4820 Fuit
1525 4771 1722 4822 autem
1744 4768 2055 4838 temporibi

2288 4776 2390 4831 Τὸν
2423 4769 2724 4853 Κολοφῶνα
2780 4774 2980 4845 ἐπίθες,
3040 4780 3403 4850 Colophonem
3442 4780 3592 4838 adde.
3624 4767 3799 4828 Duode-

455 4857 776 4929 Euripidis,
808 4855 1034 4923 tragici,
1069 4853 1285 4926 quibus
1313 4860 1372 4908 et
1400 4855 1709 4927 Philippus
1749 4856 1982 4911 Macedo
2016 4875 2059 4910 ι’(

2218 4866 2336 4922 oim
2367 4866 2630 4922 civitates
2662 4867 2840 4922 Ionias
2862 4867 2923 4921 in
2955 4869 3294 4934 concilium,
3325 4871 3482 4942 quod
3507 4860 3792 4924 Panionium

459 4948 696 5022 gnabat.
730 4946 886 5003 Obiit
923 4945 1112 5000 aetatis
1169 4960 1328 4999 anno
1387 4945 1600 4999 XCVII.
1657 4946 1902 5018 Scripsit
1928 4948 2112 5002 versi-
2225 4955 2553 5023 dicebatur,
2586 4956 2657 5011 de
2691 4958 3107 5013 communibus
3154 4962 3408 5032 negotiis
3438 4956 3788 5016 deliberatum

460 5038 575 5095 bus
607 5052 817 5091 nomos
849 5035 1108 5089 musicos
1152 5032 1306 5100 XIX,
1348 5035 1636 5105 prooemia
1663 5035 1924 5103 XXXVI;
1977 5037 2114 5092 Dia-
2223 5046 2537 5102 convenire
2560 5045 2849 5100 solebant.
2875 5046 3041 5111 Quod
3063 5048 3110 5102 si
3134 5048 3311 5120 igitur
3334 5047 3599 5118 suﬂ’ragia
3623 5034 3797 5120 esssent

462 5142 641 5191 nam;
694 5126 1002 5179 Diascevas
1062 5123 1223 5189 VIII;
1283 5125 1669 5192 Encomium;
1726 5128 1935 5181 Persas
1994 5129 2066 5182 six

2223 5136 2411 5209 paria,
2436 5134 2785 5205 Colaphonii
2811 5135 3103 5191 calculum
3131 5119 3419 5210 imparem
3450 5119 3798 5196 addebantqui

466 5212 811 5284 Nauplium;
834 5211 1148 5276 Phinidas;
1176 5212 1470 5281 Laertem;
1496 5214 2115 5288 dithyrambosXVIII;
2228 5230 2471 5280 caeteros
2512 5223 2801 5290 vincebat,
2835 5228 2944 5279 etc.

466 5305 722 5376 hymnos
761 5303 906 5367 XXI,
940 5307 997 5355 et
1020 5301 1138 5356 alia
1167 5302 1459 5373 quasdam.
1498 5304 1832 5361 Alexander
1861 5309 2070 5365 musia

2299 5314 2420 5368 Τῶν
2452 5310 2529 5371 εἷς
2578 5311 2678 5379 τὴν
2727 5309 3011 5385 φκρέτραν.
3074 5314 3273 5382 Aiunt,
3307 5318 3561 5389 Scythas,
3596 5304 3796 5389 cubitant

468 5416 602 5457 rum
625 5394 1077 5492 audiendorum,
1103 5395 1151 5449 si
1176 5396 1493 5467 quisquam
1516 5398 1689 5464 alius,
1714 5401 1965 5471 cupidus
1985 5403 2120 5473 fuit,
2233 5405 2442 5467 ituros,
2496 5402 2556 5455 in
2607 5382 3143 5471 promptuvhabere
3192 5382 3558 5475 pharetram:
3602 5402 3738 5464 atque
3760 5382 3792 5437 εί

471 5478 845 5548 Τὶῐηοὼθιιῐῦ
878 5485 1059 5549 θυίων
1093 5485 1420 5555 tibiCinem,
1454 5488 1639 5556 aiunt,
1674 5506 1807 5545 cum
1847 5493 2121 5565 aliquanc
2236 5494 2389 5549 diem
2416 5491 2586 5546 illum
2613 5490 2839 5561 absque
2861 5491 3124 5548 molestis
3148 5497 3547 5568 transegerint,
3568 5478 3792 5545 calculum

476 5580 549 5635 do
582 5579 853 5633 Minervm
876 5569 1059 5645 ὃρθιον
1087 5571 1256 5644 νόμον
1277 5576 1423 5631 tibia
1443 5583 1698 5643 caneret,
1726 5580 2127 5638 Alexandrum
2237 5583 2435 5639 album
2469 5581 2528 5634 in
2561 5580 2899 5651 pharetram
2948 5582 3275 5654 conjicere;
3319 5585 3365 5639 si
3399 5599 3569 5650 secus,
3598 5576 3785 5654 nigra"?-

477 5670 622 5725 adeo
666 5662 1076 5732 commovisse,
1139 5668 1204 5719 ut
1258 5664 1413 5719 inter
1468 5665 1831 5725 audiendum
1860 5670 1934 5726 ad
1965 5688 2130 5729 arma
2236 5650 3790 5748 Cumigituraliquismoreretur,prolatispharetrisical'
