4062 6298
182 388 398 451 1365
1567 389 1666 450 DE
1708 386 1994 460 QUIBUS
2039 385 2345 448 SUIDAS.
3500 375 3658 437 I366

192 523 413 579 culos
434 524 1203 596 numerabant,etp1uribus
1222 524 1371 580 albis
1396 524 1643 595 repertis
1660 521 1895 576 felicem
1928 520 1978 586 Α
2010 518 2190 571 Deum
2216 516 2520 589 praeditus.
2548 520 2587 568 A
2621 513 2954 569 Justiniano
2979 509 3314 582 impetravit
3344 508 3652 575 Chosroes,

192 614 1039 685 prcedicabantdefunctum.
1071 615 1217 669 Hinc
1245 615 1372 669 dies
1399 613 1572 668 albus
1594 630 1698 683 pro
1716 611 1898 665 felici.
2008 611 2075 660 ut
2103 606 2258 678 apud
2293 623 2355 660 se
2383 623 2501 660 uno
2547 622 2703 659 anno
2759 618 2999 657 manere
3057 600 3227 654 illum
3284 597 3526 653 sineret.
3548 596 3658 650 Illo

292 702 521 763 Τόπος.
559 705 893 758 Aristotelis
919 704 1132 775 T0pica
1162 703 1509 758 inscribitur
1541 718 1708 772 opus,
1741 699 1901 772 quod
2008 694 2210 766 elapso
2234 694 2415 766 jussit
2441 700 2639 765 petere
2671 710 2705 747 a
2735 709 2795 747 se
2828 689 3118 763 quidquid
3148 688 3344 743 vellet.
3376 687 3483 741 Ille
3505 686 3657 741 nihil

205 794 344 848 loci
368 793 440 847 in
475 793 598 848 illis
627 794 962 859 traduntur,
986 793 1224 864 qmibus
1248 792 1522 847 instructi
1547 791 1618 846 de
1641 789 1907 860 qualibet
2009 783 2192 853 aliud,
2227 800 2405 855 quam
2445 783 2804 853 captivorum
2857 781 3085 851 aliquot
3116 780 3517 832 Romanorum
3549 793 3657 848 po-

204 899 293 938 re
335 883 654 954 proposita
684 882 1071 953 probabiliter
1115 882 1512 951 argumentari
1564 895 1902 952 possumus.
2012 872 2251 927 stulavit
2306 872 2660 941 libertatem,
2696 869 2909 942 quibus
2964 867 3113 923 alios
3156 873 3246 921 ter
3275 866 3440 921 mille
3472 866 3656 920 Chos-

219 972 510 1038 Quidam
528 977 775 1027 censent
795 972 1014 1027 librum
1039 972 1290 1044 primum
1313 988 1453 1039 non,
1478 971 1780 1042 Topicum,
1802 967 1906 1023 sed
2012 980 2144 1018 roes
2176 962 2424 1018 addidit.

216 1059 365 1134 Πρὸ
398 1063 509 1114 τῶν
537 1058 719 1114 τόπων
752 1067 881 1116 ante
912 1062 1070 1128 locos,
1121 1060 1564 1116 inscribendum
1607 1075 1757 1127 esse,
1790 1064 1901 1114 etc.
2083 1052 2471 1124 Triphyllius,
2524 1050 2860 1123 epiSCOpus,
2905 1047 3234 1119 discipulus
3290 1045 3660 1118 Spyridonis,

316 1150 814 1223 Tragiamborum
863 1152 1091 1222 primus
1162 1152 1435 1206 inventor
1485 1148 1905 1221 Apollodorus,

226 1240 625 1311 Asclepiadis
648 1241 732 1309 F,.
767 1241 1200 1312 grammaticus.
1225 1242 1435 1311 (Supra
1466 1236 1906 1310 Apollodorus.)

315 1330 639 1401 Trajanus;
674 1329 977 1400 patricius.
1014 1330 1115 1384 Hic
1148 1329 1254 1384 sub
1275 1329 1633 1394 Iustiniano,
1675 1326 1909 1381 rhinot-

230 1423 440 1485 meto,
466 1417 686 1483 floruit,
711 1417 1190 1489 Chronicumque
1234 1417 1407 1473 breve
1437 1434 1505 1472 ac
1536 1416 1907 1488 praestantis—

238 1508 481 1563 simum
538 1503 820 1576 Σύντομον
876 1505 1014 1558 πάνυ
1071 1504 1367 1578 θαυμάσιον
1430 1505 1713 1577 scripsit.
1772 1507 1910 1559 Erat

240 1598 423 1653 idem
455 1597 995 1653 Christianissimus
1027 1603 1084 1652 et
1112 1598 1366 1653 maxime
1400 1596 1779 1652 orthodoxus.

2014 1156 2231 1229 Cyprii,
2260 1155 2681 1227 thaumaturgi,
2715 1153 2885 1225 cujus
2929 1150 3219 1208 miracula
3248 1149 3461 1206 litteris
3492 1165 3662 1206 man-

2015 1246 2190 1302 davit.
2224 1245 2405 1300 Multa
2434 1245 2595 1299 enim
2652 1243 2793 1298 fecit
2824 1241 3136 1313 Spyridon,
3188 1245 3255 1295 ut
3283 1240 3345 1294 in
3377 1240 3507 1294 Vita
3537 1239 3665 1310 ejus

2013 1335 2280 1390 versibus
2310 1333 2581 1389 iambicis
2613 1332 2832 1403 scripta
2863 1329 3135 1395 traditur,
3169 1346 3299 1400 qum
3345 1328 3669 1400 quaerenda

2015 1429 2171 1493 sunt,
2202 1428 2267 1478 ut
2311 1421 2477 1477 valde
2509 1421 2700 1476 utilia.

2084 1527 2548 1602 Τριταγωνιστής.
2572 1526 2972 1582 ᾹΞειίοΙιθιιθῐη
3002 1524 3206 1580 multis
3258 1524 3320 1579 in
3353 1524 3497 1579 locis
3528 1540 3664 1595 per-

326 1705 1088 1775 Suetonius,Tranquillus,
1134 1705 1553 1778 grammaticus
1584 1707 1907 1773 Romanus,

247 1796 504 1867 scripsit
529 1816 556 1843 ιι
580 1796 657 1849 De
681 1795 1013 1850 Graecorum
1036 1795 1495 1861 ludislibruml;
1522 1795 1601 1849 De
1618 1797 1911 1850 Romano-

2015 1618 2251 1690 stringit
2279 1617 2707 1672 Demosthenes
2733 1621 2797 1669 ut
2826 1614 3181 1669 histrionem
3204 1614 3492 1684 tragicum
3507 1613 3664 1668 vilis—

2017 1709 2235 1765 simum
2274 1707 2334 1761 in
2366 1706 2538 1760 tertio
2596 1704 2803 1759 ordine
2865 1720 2998 1758 eum
3058 1718 3403 1757 numerans.
3435 1702 3667 1757 Primus

2018 1796 2337 1869 Sophocles
2363 1811 2505 1850 usus
2537 1799 2626 1849 est
2682 1793 2871 1848 tribus
2912 1791 3304 1847 histrionibus
3333 1796 3393 1846 et
3422 1791 3661 1862 tritago-

253 1899 439 1936 «rum
461 1881 816 1953 spectaculis
831 1880 1254 1936 etludislibros
1274 1882 1325 1935 II
1346 1899 1359 1948 ;
1380 1882 1459 1935 De
1481 1896 1636 1934 anno
1650 1882 1913 1935 Romano
1950 1891 1993 1957 Β
2022 1886 2200 1942 nista.
2234 1886 2444 1955 (Supra
2463 1884 2526 1937 in
2551 1882 2887 1954 Sophocle.)

253 1991 285 2020 «
322 1970 548 2025 librum
571 1972 635 2035 I;
661 1970 733 2025 de
758 1970 935 2038 notis,
960 1986 1213 2040 quarum
1228 1987 1370 2025 usus
1394 1968 1563 2025 estin
1586 1968 1756 2023 libris
1784 1965 1913 2042 Περὶ

259 2080 287 2111 (ι
311 2062 425 2112 τῶν
460 2057 512 2111 ἐν
529 2062 646 2120 τοῖς
675 2053 917 2132 βιϐλίοις
938 2055 1179 2130 σημείων
1195 2058 1415 2114 librum
1437 2060 1461 2113 Ι
1480 2077 1493 2126 ;
1514 2060 1593 2115 De
1615 2057 1915 2115 Ciceronis

257 2171 288 2198 ‹‹
306 2150 456 2219 Rep.
482 2148 695 2203 librum
712 2149 756 2217 Ι,
771 2147 830 2202 in
851 2164 957 2217 quo
979 2148 1311 2202 contradicit
1332 2149 1557 2218 Dydimo
1579 2166 1601 2212 ;
1623 2149 1701 2202 De
1723 2147 1914 2202 nomi-

265 2259 288 2287 ι
315 2236 497 2293 nibus
519 2237 776 2308 propriis
800 2241 859 2291 et
885 2236 1093 2291 formis
1122 2237 1374 2292 vestium
1397 2243 1457 2292 et
1477 2238 1834 2304 calceorum,
1860 2240 1919 2289 et

262 2348 292 2376 ‹‹
321 2326 694 2397 reliquorum
717 2324 939 2397 quibus
955 2325 1088 2397 quis
1121 2325 1404 2392 vestitur;
1453 2324 1581 2396 Περὶ
1613 2320 1785 2393 δυσφή
1798 2342 1913 2394 μων

264 2436 293 2466 ‹‹
317 2410 516 2484 λέξεων
541 2417 620 2470 De
640 2414 829 2469 verbis
861 2413 1002 2470 mali
1029 2415 1264 2483 ominis,
1288 2417 1400 2470 sive
1419 2416 1497 2469 De
1518 2415 1839 2482 maledictis,
1865 2419 1916 2467 et

266 2524 297 2554 ι(
324 2504 517 2558 horum
538 2503 812 2573 quodque.
835 2504 912 2557 De
936 2505 1120 2559 Roma
1141 2503 1388 2575 ejusque
1408 2503 1698 2558 institutis
1723 2507 1781 2558 et
1795 2518 1919 2556 mo-

270 2616 299 2643 «
317 2594 481 2648 ribus
501 2593 685 2648 libros
702 2594 785 2660 II;
813 2592 1134 2666 Συγγενικὸν
1152 2590 1459 2667 Καισάρων,
1475 2593 1784 2648 Familiam
1805 2596 1923 2648 Cm-

274 2704 303 2733 «
329 2698 549 2748 sarum,
580 2706 599 2730 η
629 2682 787 2752 quod
808 2698 957 2753 opus
979 2682 1246 2737 continet
1271 2698 1475 2736 eorum
1508 2683 1667 2737 Vitas
1695 2687 1751 2736 et
1777 2699 1917 2737 suc-

271 2772 569 2827 cessiones
592 2771 791 2826 aJulio
812 2787 1002 2842 usque
1023 2773 1094 2825 ad
1115 2770 1516 2826 Domitianum
1542 2789 1572 2822 α
1588 2770 1756 2825 libris
1776 2771 1921 2836 VIII;

278 2883 299 2910 ι
336 2861 596 2916 Slemma
625 2859 952 2915 illustrium
982 2860 1242 2915 virorum
1272 2862 1694 2915 Romanorum.
1729 2880 1757 2909 ››

343 2967 479 3039 Τρία
513 2964 882 3040 Στησιχόρου,
919 2970 1030 3022 tria
1058 2967 1374 3032 Stesichori,
1402 2966 1463 3021 id
1487 2970 1575 3022 est
1605 2966 1922 3037 Strophen,

280 3057 726 3128 Antistrophen,
746 3056 1008 3128 Epodon.
1037 3057 1182 3113 Tota
1202 3057 1365 3112 enim
1410 3056 1762 3112 Stesichoris
1784 3073 1924 3128 poe-

283 3147 363 3201 sis
394 3152 483 3200 est
515 3146 760 3217 epodica
815 3149 881 3200 Et
919 3146 1225 3201 hominem
1281 3163 1525 3217 prorsus
1584 3145 1926 3216 imperitum

2097 1974 2357 2039 Troilus,
2419 1972 2705 2044 sophista,
2753 1971 2853 2042 qui
2914 1969 3084 2025 CPoli
3146 1968 3365 2024 docuit.
3426 1966 3672 2040 Scripsit

2026 2087 2055 2115 α
2090 2063 2398 2120 Orationes
2428 2061 2631 2116 civiles
2658 2085 2671 2128 ;
2703 2059 3101 2131 Epistolarum
3132 2058 3315 2113 libros
3353 2059 3466 2113 VII.
3501 2080 3529 2107 ››

2096 2151 2407 2225 Τρόμητος.
2471 2153 2896 2221 Demostpenes
2963 2147 3300 2204 zEschinem
3357 2147 3515 2202 inter
3558 2146 3677 2201 alia

2026 2243 2276 2298 dicteria
2332 2245 2499 2295 vocat
2547 2240 2725 2294 etiam
2799 2235 3318 2313 γραμματοκύφωνα
3371 2241 3430 2291 et
3486 2235 3677 2291 ﬁlium

2028 2332 2339 2403 cujusdem
2402 2326 2688 2395 Trometis,
2745 2326 3111 2396 litteratoris,
3171 2325 3290 2380 sive
3346 2325 3676 2397 primorum

2029 2422 2463 2478 elementorum
2504 2418 2786 2474 doctoris.

2096 2511 2360 2582 Τρόπαια.
2394 2508 2638 2579 Antiqui
2664 2506 2842 2563 Attici
2873 2504 3350 2562 circumﬂectunt
3377 2505 3440 2559 in
3472 2504 3678 2576 penul-

2029 2601 2194 2668 tima,
2223 2601 2511 2667 τροπαῖον,
2542 2597 2906 2651 recentiores
2945 2595 3008 2649 in
3059 2593 3530 2665 antepenultima
3582 2608 3676 2648 ac-

2031 2694 2237 2758 cuunt,
2269 2685 2552 2760 τρόπαιον.
2584 2686 2843 2756 Antiqua
2898 2701 3033 2739 vero
3086 2684 3290 2756 lingua
3346 2683 3540 2737 Attica
3590 2687 3680 2737 est

2032 2779 2156 2844 illa,
2177 2778 2345 2849 cujus
2367 2775 2667 2847 principes
2697 2775 2862 2829 fuere
2890 2772 3157 2844 Eupolis,
3187 2772 3482 2836 Cratinus,
3516 2771 3677 2827 Aris-

2034 2868 2344 2938 tophanes,
2369 2863 2770 2934 Thucydides;
2793 2863 2949 2917 Nova
2974 2878 3133 2928 vero,
3167 2859 3337 2931 cujus
3367 2858 3686 2915 Menander

2041 2962 2100 3012 et
2127 2955 2251 3011 alii.

2106 3042 2441 3119 Τροφώνιος.
2522 3037 2620 3094 Καὶ
2697 3037 3016 3114 Τροφωνίου
3098 3036 3235 3091 κατᾶ
3282 3042 3383 3105 τῆς
3438 3034 3688 3110 παίγνια.

2043 3132 2402 3195 Lebadiaetin
2431 3129 2794 3199 Macedonia)
2838 3128 2953 3184 fuit
2976 3127 3304 3195 oraculum,
3337 3126 3495 3197 quod
3525 3142 3560 3181 a
3591 3125 3696 3182 de-

276 3235 671 3307 perstringere
696 3235 958 3290 volentes
985 3251 1117 3290 eum
1143 3251 1217 3290 ne
1243 3237 1354 3290 tria
1371 3234 1612 3306 quidem
1631 3235 1931 3291 Stesichori
1960 3256 2003 3322 ρ
2041 3239 2255 3279 scensu
2288 3220 2511 3275 dictum
2567 3213 2915 3272 καταϐάσιον.
2963 3219 3145 3271 Erant
3170 3233 3306 3322 ver‘o
3351 3215 3435 3322 ibi
3482 3214 3685 3314 fauces

283 3341 455 3380 nosse
488 3324 783 3379 dicebant.

346 3405 758 3471 Tribonanius,
817 3404 1419 3474 Macedoniani,F.,ex
1450 3405 1714 3461 causidis
1768 3423 1921 3477 pra:-

284 3493 569 3549 fectorum
595 3494 887 3565 praetorio,
910 3494 1150 3565 gentilis
1171 3494 1482 3565 etimpius,
1503 3511 1538 3550 a
1558 3495 1925 3550 Christiano-

287 3600 416 3639 rum
450 3584 564 3638 ﬁde
586 3600 829 3655 prorsus
858 3583 1111 3652 alienus,
1135 3583 1412 3654 idemque
1433 3584 1705 3639 adulator
1734 3590 1791 3639 et
1814 3585 1923 3639 im-

288 3677 506 3743 postor,
540 3671 640 3742 qui
671 3671 1025 3739 Iustiniano,
1058 3672 1228 3743 cujus
1259 3678 1386 3728 erat
1432 3679 1711 3743 qumstor,
1745 3690 1923 3729 cona-

288 3760 457 3815 batur
498 3760 857 3831 persuadere
892 3804 906 3827 ,
992 3776 1127 3815 eum
1209 3778 1330 3815 non
1384 3762 1761 3830 moriturum,
1821 3762 1925 3818 sed

286 3850 475 3904 vivum
496 3851 557 3904 in
588 3851 803 3905 coelum
833 3851 1184 3905 translatum
1215 3850 1308 3904 iri.
1342 3851 1565 3923 Ingenii
1611 3852 1738 3907 acie
1767 3851 1925 3907 vale-

288 3939 383 3993 bat
411 3945 469 3993 et
498 3940 726 4011 apicem
779 3939 1130 3994 eruditionis
1161 3940 1453 4013 attigerat,
1488 3941 1571 3997 ita
1598 3946 1665 3996 ut
1690 3941 1926 3995 nullum

293 4028 472 4083 astatis
504 4045 624 4083 suae
654 4028 996 4083 mortalium
1015 4029 1123 4083 hac
1144 4029 1317 4083 laude
1350 4030 1716 4100 superiorem
1749 4030 1926 4085 habe-

290 4124 393 4174 ret.
429 4119 539 4173 Sed
571 4119 766 4191 legum
796 4118 1217 4174 nundinationi
1240 4124 1367 4174 erat
1391 4119 1647 4188 deditus,
1674 4126 1731 4176 et
1761 4120 1925 4175 inex-

292 4208 487 4280 plebili
520 4209 783 4279 avaritia,
816 4224 993 4280 quam
1019 4207 1334 4279 splendore
1366 4226 1612 4264 summm
1646 4209 1926 4265 eruditio-

295 4298 381 4354 nis
419 4297 811 4354 obscurabat“

359 4388 767 4455 Tribonianus,
783 4386 1032 4455 Sidetes,
1048 4404 1118 4443 ex
1140 4387 1486 4443 caussidicis
1515 4388 1929 4460 praefectorum

296 4479 581 4552 praetorio,
615 4482 673 4532 et
702 4478 827 4548 ipse
857 4477 944 4531 vir
989 4476 1329 4533 multifaria;
1363 4476 1732 4534 eruditionis.
1767 4479 1929 4533 Scri-

299 4568 409 4639 psit
434 4565 702 4622 versibus
727 4587 750 4617 α
778 4565 1285 4620 Commentarium
1308 4565 1372 4620 in
1400 4565 1703 4621 Ptolemaei
1743 4566 1933 4622 Cano-

2040 3310 2333 3384 qumdam,
2367 3326 2498 3381 quas
2531 3312 2760 3363 tantum
2818 3311 3112 3362 extremas
3168 3304 3389 3377 pedum
3420 3304 3683 3359 hominis

2034 3405 2232 3472 partes
2265 3414 2475 3470 capere
2498 3399 2790 3468 poterant.
2816 3396 3002 3450 Deum
3026 3394 3203 3466 igitur
3224 3392 3687 3464 consulturi,per

2035 3494 2228 3547 certos
2259 3488 2423 3559 prius
2456 3486 2581 3542 dies
2614 3490 2842 3540 servata
2873 3483 3163 3551 castitate,
3198 3488 3257 3537 et
3285 3499 3451 3537 sacro
3476 3481 3685 3537 habitu

2036 3576 2229 3632 ornati
2258 3574 2543 3631 ambabus
2568 3573 2842 3629 manibus
2868 3572 3193 3627 melittutas
3216 3571 3334 3625 sive
3355 3570 3684 3642 placentas,

2035 3666 2214 3721 melle
2245 3680 2616 3735 conspersas,
2650 3666 2942 3726 tenentes,
2976 3659 3050 3714 ad
3099 3658 3299 3714 fauces
3346 3658 3481 3713 illas
3512 3657 3682 3712 sede-

2036 3755 2198 3821 bant,
2225 3758 2283 3807 et
2302 3755 2544 3823 repente
2567 3749 2675 3804 sub
2698 3754 2918 3804 terram
2940 3746 3404 3818 abripiebantur.
3427 3747 3687 3817 Trophov-
3786 3808 3789 3809 ν

2039 3844 2173 3899 nius
2203 3846 2401 3897 autem
2433 3840 2546 3895 fuit
2574 3838 2803 3893 Eresini
2828 3834 3680 3908 ﬁlius,fratrisAgamedis,etc.

2107 3924 2578 4004 Τρυγοκωμῳδία,
2599 3928 2682 3983 sic
2706 3927 2882 3994 dicta,
2916 3925 3076 3997 quod
3096 3925 3347 3980 victores
3374 3924 3687 3996 praemium

2039 4021 2377 4091 acciperent
2404 4017 2504 4085 τήν
2530 4018 2719 4091 τρύγα,
2752 4016 2864 4071 hoc
2898 4020 3007 4082 est,
3066 4016 3249 4069 vivum
3304 4030 3541 4079 novum;
3574 4013 3684 4080 vel,

2039 4109 2198 4183 quod
2228 4108 2394 4176 olim,
2437 4123 2570 4161 cum
2626 4106 2802 4160 larsz
2860 4103 3127 4159 nondum
3177 4103 3429 4158 inventae
3463 4107 3684 4169 essent,

2039 4196 2217 4275 τρυγί,
2245 4196 2491 4251 faecibus
2517 4211 2622 4251 ora
2646 4198 3050 4266 perungerent

2109 4283 2556 4361 Τρυγοδαίμονες.
2589 4283 2780 4338 Veluti
2805 4281 3262 4338 Cacodaamones
3288 4280 3430 4337 dicti
3450 4278 3687 4352 (comici

2041 4380 2254 4435 veteris
2276 4376 2623 4447 comoediam
2654 4374 2813 4446 quod
2843 4374 3083 4429 obsceni
3114 4379 3315 4429 essent
3344 4379 3403 4429 et
3435 4373 3603 4445 impii
3631 4377 3690 4428 et

2043 4467 2356 4525 cavillandi
2389 4464 2582 4521 studio
2613 4468 2769 4519 totos
2800 4479 2861 4518 se
2894 4462 3201 4518 dederent.

2112 4555 2569 4629 Tryphiodorus,
2603 4552 2927 4625 :Egyptius,
2954 4550 3399 4623 grammaticus,
3433 4555 3492 4604 et
3512 4554 3687 4621 poeta

308 4628 874 4719 ;(nem;conceni,um
890 4655 1177 4710 mundani
1197 4655 1595 4710 etharmouici
1613 4655 1936 4711 diathema.
1965 4628 2011 4691 Π
2041 4646 2336 4701 heroicus.
2370 4642 2616 4714 Scripsit
2656 4663 2685 4691 «
2736 4640 3171 4706 Marethonica;
3213 4638 3305 4693 llii
3350 4637 3686 4706 excidium;

305 4745 412 4799 «tis
432 4761 446 4810 ;
465 4741 563 4803 Εἷς
591 4742 682 4795 τὸν
713 4739 1070 4797 πολιτεύοντα
1089 4742 1178 4797 καὶ
1208 4739 1484 4813 διέποντα,
1517 4746 1583 4799 In
1600 4744 1932 4817 gubernan-

306 4855 330 4888 ι
342 4840 455 4889 tem
473 4839 529 4888 et
545 4833 1061 4888 administrantem
1078 4850 1091 4901 ;
1106 4835 1171 4888 In
1183 4833 1555 4904 planetarum
1569 4833 1871 4889 domicilia
1882 4840 1936 4890 et

303 4945 328 4973 «
353 4940 449 4978 cur
470 4922 705 4990 singulis
724 4921 1067 4976 domicilium
1088 4922 1184 4977 hoc
1204 4922 1287 4977 vel
1302 4922 1448 4977 iliud
1464 4923 1793 4977 attributum
1813 4925 1887 4978 sit
1907 4964 1923 4991 ,

303 5036 327 5064 «
349 5014 422 5068 De
436 5013 607 5067 XXIV
628 5011 877 5083 pedibus
898 5011 1162 5067 metricis
1174 5012 1527 5084 rhythmicis
1555 5013 1923 5082 ;Metaphra-

304 5102 433 5157 «sin
458 5099 752 5155 Homerici
784 5099 1021 5155 navium
1043 5099 1321 5172 catalogi;
1347 5100 1652 5172 Dialogum
1678 5100 1936 5155 Macedo-

308 5210 330 5244 ι
357 5191 521 5245 nium
542 5191 652 5244 sive
682 5189 760 5243 De
777 5188 1090 5255 felicitate;
1116 5189 1304 5245 Vitam
1335 5188 1638 5257 Theodoti,
1670 5188 1936 5259 philoso-

308 5302 332 5332 ι(
359 5281 480 5353 phi,
514 5279 681 5334 libris
702 5279 777 5333 IIl
802 5296 817 5346 ;
852 5278 1189 5334 Orationem
1221 5278 1632 5345 consularem;
1659 5280 1933 5349 prosaice,

308 5391 330 5424 ι
354 5370 410 5425 in
429 5371 822 5437 Iustinianum,
846 5370 979 5438 imp.
1005 5368 1343 5423 Orationem
1367 5368 1438 5423 de
1464 5370 1681 5439 Regno,
1706 5370 1763 5421 in
1785 5384 1937 5422 eum-

307 5481 332 5512 «
355 5460 507 5524 dem;
542 5460 621 5513 De
653 5458 951 5513 mensium
984 5458 1438 5529 permutatione,
1476 5480 1503 5507 »
1534 5458 1795 5513 versibus.

366 5548 672 5603 Tribunus.
737 5547 841 5601 llic
881 5553 1145 5617 tempore
1202 5547 1477 5601 Chosrois
1526 5547 1685 5613 vixit,
1719 5562 1934 5618 genere

307 5639 663 5702 Palaestinas,
691 5638 777 5692 vir
798 5637 1064 5693 eruditus
1087 5642 1145 5691 et
1164 5644 1287 5692 arte
1312 5636 1541 5692 medica
1556 5636 1705 5691 nulli
1726 5652 1933 5691 secun-

309 5729 447 5800 dus;
483 5728 769 5803 singulari
827 5727 985 5784 idem
1032 5726 1437 5783 moderatione
1505 5732 1564 5781 et
1609 5726 1827 5798 pietate
1871 5725 1935 5780 in

2047 4759 2069 4789 α
2095 4738 2174 4791 De
2194 4734 2619 4807 Hippodamia;
2644 4731 2965 4802 Odysseam
2997 4729 3297 4800 littera(2)
3322 4733 3626 4784 carentem
3652 4750 3680 4778 »

2042 4827 2261 4881 Poema
2291 4824 2362 4879 de
2395 4820 2699 4878 laboribus
2737 4819 2980 4890 Ulyssis,
3014 4823 3072 4872 et
3101 4817 3176 4871 iis
3207 4833 3338 4888 quae
3368 4816 3582 4872 fabulae
3615 4816 3688 4872 de

2044 4915 2148 4970 illo
2185 4912 2444 4968 tradunt.

2113 5003 2407 5077 Tryphod,
2438 5000 2736 5057 Ammonii
2762 5001 2848 5066 F,.
2871 4997 3326 5067 Alexandrinus,
3348 4997 3689 5067 grammati-

2043 5111 2147 5151 cus
2177 5099 2235 5149 et
2264 5097 2455 5165 poeta,
2490 5090 2592 5162 qui
2622 5089 2764 5143 vixit
2791 5086 3036 5160 Augusti
3062 5085 3425 5158 temporibus
3454 5091 3512 5140 et
3530 5091 3687 5141 ante.

2046 5183 2340 5255 Scripsitu
2367 5183 2447 5236 De
2466 5180 2813 5252 pleonasmo
2846 5176 3260 5243 dialectorum,
3294 5192 3424 5247 qua)
3458 5180 3600 5230 sunt
3628 5176 3691 5229 in

2044 5299 2071 5326 ‹‹
2104 5272 2559 5342 ιἘοιίοᾶιίηειλει,
2584 5268 2767 5323 libros
2791 5266 2918 5332 XII;
2954 5267 3031 5321 De
3066 5264 3355 5331 dialectis,
3384 5281 3516 5335 quae
3556 5270 3696 5320 sunt

2048 5386 2074 5415 ς(
2090 5362 2246 5435 apud
2262 5363 2581 5416 Homerum
2599 5363 2658 5412 et
2680 5355 3043 5411 Simonidem
3066 5359 3124 5409 et
3138 5353 3461 5408 Pindarum
3481 5357 3540 5407 et
3556 5353 3694 5408 Ale—

2048 5475 2075 5504 «
2108 5468 2346 5508 manem
2398 5449 2665 5518 aliosque
2724 5445 2971 5517 lyricos;
3021 5444 3100 5497 De
3147 5442 3509 5497 Hellenismo
3538 5439 3694 5512 (Περὶ

2046 5565 2074 5593 ‹‹
2104 5548 2202 5609 τῆς
2231 5538 2515 5608 Ἑλλήνων
2565 5532 2876 5606 διαλέκτου)
2927 5538 2984 5587 et
3040 5532 3295 5587 dialecto
3326 5531 3690 5602 Argivorum,

2047 5654 2073 5682 ‹‹
2110 5632 2581 5702 Himerogorum,
2614 5624 3037 5697 Rheginorum,
3089 5620 3467 5677 Doriensium
3501 5623 3560 5673 et
3585 5619 3689 5690 Sy-

2049 5743 2073 5776 ι
2108 5735 2454 5777 racusorum
2483 5735 2497 5786 ;
2531 5717 2612 5771 De
2642 5713 3036 5770 inﬂexionum
3066 5709 3341 5781 analogia
3359 5706 3579 5762 librum
3612 5708 3635 5761 Ι
3672 5730 3689 5776 ;
