4062 6298
439 369 600 430 1367
1750 362 1991 425 INDEX
2037 358 2546 423 SCRIPTORUM
3780 356 3887 416 l36§

447 521 469 549 α
504 503 584 557 De
614 500 759 556 recti
791 517 963 557 casus
993 500 1265 573 analogia
1293 518 1305 567 ;
1343 502 1422 556 De
1458 498 1803 555 nominibus
1854 510 2093 566 compa-

2240 495 2477 564 temque
2504 492 2659 563 Μὲλη
2691 495 3119 567 πολεμιστήρια,
3153 492 3481 549 Carmina
3520 488 3744 555 bellica,
3767 489 3887 545 libris

443 614 471 642 ‹‹
506 591 708 646 rativis
734 590 955 645 librum
986 592 1008 643 Ι
1036 607 1049 657 ;
1082 592 1163 644 De
1192 589 1744 662 monosyllaborum
1784 585 2096 656 analogia;
2209 582 2269 635 V.
2306 582 2735 639 Lacedaemonii
2762 585 3220 655 juraverant,se
3243 581 3359 637 vel
3399 582 3755 633 Messenam
3785 596 3882 651 cap.

456 703 483 731 «
522 683 600 737 De
634 678 942 734 nominum
975 679 1417 733 characteribus
1450 679 1669 733 librum
1700 680 1763 745 I;
1794 677 1874 731 De
1905 674 2102 728 verbo-
2206 673 2393 739 turos,
2425 672 2513 726 vel
2546 678 2799 728 mortem
2830 675 3229 745 oppetituros.
3271 672 3453 725 Cum
3480 673 3697 723 autem
3727 686 3888 722 oracu-

452 793 481 822 «
512 788 645 827 rum
677 769 1113 842 gravitonorum
1138 770 1427 842 analogia,
1459 770 1674 823 librum
1706 770 1766 832 l;
1799 768 1878 821 De
1909 763 2100 817 verbis
2206 758 2329 813 lum
2367 761 2651 831 jussisset
2706 763 2916 817 ducem
2974 763 3045 817 ab
3104 757 3653 817 Atheniensibus
3714 763 3888 828 petere,

455 885 483 913 «
516 862 829 923 encliticis,
862 862 1191 927 inﬁnitivis,
1219 862 1600 933 imperativis,
1625 861 1917 931 optativis,
1943 859 2104 915 deni-
2205 850 2519 919 Tyrtaeum,
2554 856 2812 922 poetam.
2845 852 3146 906 hominem
3178 848 3527 905 claudum
3556 847 3634 902 ab
3668 848 3739 901 iis
3768 865 3890 901 acce-

454 974 480 1000 α
511 968 627 1023 que
657 950 933 1006 omnibus
961 969 975 1016 ;
1002 952 1082 1006 De
1114 952 1533 1023 orthographia
1563 958 1622 1006 et
1651 953 1723 1005 iis
1770 968 1901 1022 qua:
1944 951 2005 1004 in
2035 966 2103 1003 ea
2207 944 2443 1008 perunt,
2479 940 2578 1009 qui
2615 939 2687 994 ad
2718 940 2989 994 virtutem
3022 958 3121 994 eos
3152 937 3627 1004 cohortando,
3660 936 3890 989 vicesimo

457 1063 482 1093 α
515 1046 901 1113 quaeruntur;
936 1042 1016 1095 De
1039 1041 1345 1112 spiritibus
1370 1048 1428 1096 et
1449 1041 1632 1112 tropis
1657 1059 1670 1108 ;
1699 1064 1726 1090 »
1752 1046 1810 1095 et
1834 1041 1948 1095 alia
1972 1057 2102 1111 qum

2232 1043 2366 1081 inno
2400 1029 2728 1083 Messenam
2770 1029 2968 1099 cepit:
3003 1046 3176 1099 quam
3256 1025 3751 1082 Lacedaemonii
3805 1026 3890 1079 sole

452 1134 765 1184 enumerat
794 1130 1025 1184 Καείρης,
1060 1129 1121 1183 in
1152 1135 1293 1185 nota
1323 1132 1377 1197 3,
1410 1136 1554 1185 tom.
1590 1130 1685 1188 ιιι,
1720 1148 1774 1201 ρ,
1809 1132 1932 1184 513,
2210 1123 2540 1186 aequarunt,
2574 1123 2633 1172 et
2660 1118 2920 1189 captivos
2952 1118 3107 1172 inter
3127 1117 3413 1172 Helot—as
3454 1115 3819 1169 retulerunt.

521 1218 841 1290 Tyrannio.
873 1218 1226 1289 Epicratidis
1270 1225 1329 1273 et
1372 1219 1614 1284 Lindiaa,
1667 1219 2103 1285 Alexandrina},
3010 1216 3054 1270 U

452 1309 536 1375 F.,
559 1308 1006 1376 Amisenus,qui
1030 1307 1302 1378 Corymbi
1326 1307 1795 1378 nuncupabatur.
1824 1308 1977 1361 Vixit
1998 1306 2104 1361 sub
2285 1303 2594 1374 Ulpianus,
2628 1306 2975 1371 Emesenus,
3003 1305 3312 1375 sophista.
3361 1302 3654 1372 Scripsit
3686 1326 3710 1348 ει
3738 1302 3807 1355 De
3826 1317 3896 1371 pa-

454 1395 735 1467 Pompeio
768 1397 972 1467 Magno
1005 1402 1063 1450 et
1093 1401 1252 1463 ante,
1276 1397 1603 1468 discipulos
1660 1413 1794 1451 cum
1826 1397 2102 1463 aliorum,
2212 1413 2239 1441 ‹‹
2274 1393 2412 1459 tria,
2444 1395 2692 1460 Emesa;
2726 1394 2807 1448 De
2840 1394 3129 1465 HeliOpoli
3156 1394 3287 1460 ;De
3330 1390 3704 1463 Bosporitis
3734 1397 3781 1444 et
3806 1391 3894 1444 aliis

455 1491 581 1538 tum
613 1484 791 1539 etiam
814 1485 1089 1549 Haastiaai,
1114 1487 1399 1551 Amiseni,
1421 1502 1454 1540 a
1473 1503 1588 1557 quo
1608 1487 1787 1541 etiam
1808 1487 2105 1557 Tyrannio

458 1572 652 1628 dictus
683 1578 791 1639 est,
823 1573 980 1643 quod
1007 1574 1447 1646 condiscipulos
1472 1576 1814 1647 exagitaret,
1840 1592 1973 1630 cum
2000 1592 2106 1630 an-

464 1668 558 1716 tea
586 1662 1026 1732 Theophrastus
1058 1663 1374 1717 diceretur.
1410 1665 1620 1719 Postea
1651 1664 1827 1718 etiam
1879 1665 2103 1735 Diony-

462 1750 642 1815 sium,
673 1750 980 1816 Thracem,
1015 1751 1202 1806 Rhodi
1224 1753 1413 1808 audiit
1437 1753 1805 1824 aemulusque
1846 1753 1958 1807 fuit
1986 1755 2106 1807 De-

2213 1482 2535 1550 «plurimis.
2570 1485 3131 1555 Progymnasmata:
3183 1485 3429 1536 Artem
3472 1480 3892 1533 rhetoricam.»

2286 1570 2593 1641 Ulpianus,
2616 1573 3023 1626 Antiochenus
3047 1572 3253 1642 Syrus.
3286 1570 3628 1641 sophista,
3652 1570 3751 1640 qui
3770 1570 3888 1640 prius

2213 1660 2436 1713 Emesaa
2457 1659 2658 1714 docuit
2683 1661 3049 1732 temporibus
3080 1662 3223 1731 imp.
3247 1659 3709 1714 Constantini.
3735 1658 3887 1709 Varias

2216 1748 2453 1819 scripsit
2509 1750 2828 1817 orationes,
2879 1749 3400 1816 declamationes,
3454 1746 3887 1819 disputationes,

459 1839 659 1894 metrii
690 1839 1001 1911 Erythraai.
1036 1841 1196 1896 Idem
1230 1844 1475 1897 Romam
1506 1844 1770 1914 captivus
1800 1860 1835 1897 a
1864 1843 2108 1898 Lucullo

2232 1830 2435 1908 λόγους,
2497 1835 2749 1906 μελέτας,
2795 1834 3077 1909 διαλέξεις,
3112 1844 3171 1893 et
3198 1838 3339 1893 alia
3377 1837 3707 1909 quaedam.
3743 1837 3885 1903 [Huni

461 1930 672 1985 ductus
704 1934 815 1995 est,
840 1946 975 1985 cum
1004 1931 1423 1999 Mithridatem,
1449 1933 1827 1988 Ponticarum
1845 1934 2109 2005 gentium

460 2033 683 2089 regem,
715 2017 819 2072 ille
854 2017 1231 2073 debellasset.
1260 2021 1460 2074 Roma:
1493 2036 1626 2074 vere
1657 2020 1853 2074 clarus
1875 2026 1934 2073 et
1954 2019 2114 2074 dives

458 2106 670 2176 factus,
704 2107 994 2161 librorum
1046 2108 1219 2162 etiam
1270 2108 1428 2163 ultra
1474 2109 1717 2181 triginta
1765 2108 1955 2163 millia
2000 2108 2113 2163 sibi

462 2200 839 2272 comparavit.
875 2200 1064 2255 Senex
1086 2200 1253 2269 obiit,
1277 2200 1537 2272 podagra
1560 2200 2111 2271 confectus,olymp.

463 2290 623 2354 CXX,
658 2306 814 2343 anno
848 2289 1041 2343 tertio.
1075 2290 1245 2343 FABR.
1274 2292 1486 2344 Kuster
1510 2290 1570 2343 in
1603 2295 1745 2344 nota
1774 2293 1823 2358 t,
1858 2295 1898 2342 t.
1932 2290 2027 2357 IlI,
2053 2306 2110 2360 p.

462 2378 590 2443 518,
625 2378 884 2448 primum
917 2382 1102 2444 notat,
1144 2394 1425 2433 numeros
1483 2394 1610 2433 esse
1656 2378 1970 2433 manifesto
2031 2378 2116 2431 vi-

466 2466 663 2532 tiatos,
687 2466 827 2536 quia
843 2465 941 2520 diu
964 2471 1098 2537 post
1116 2465 1284 2520 illam
1301 2466 1702 2537 Olympiadem
1726 2467 2040 2537 Pompeius
2060 2471 2118 2520 et

469 2554 768 2625 Lucullus,
802 2554 910 2609 sub
942 2572 1058 2627 quo
1083 2556 1376 2626 Tyrannio
1405 2556 1567 2624 vixit,
1601 2556 2117 2611 ﬂoruissentﬂinc

469 2644 710 2717 corrigit
763 2639 1100 2715 Ὀλυμπιάδι
1162 2644 1273 2717 ρπ’,
1342 2644 1403 2699 id
1460 2650 1551 2700 est
1601 2646 1802 2716 olymp.
1867 2648 2113 2701 CLXXX.

468 2734 693 2789 Deinde
751 2732 1023 2788 observat
1077 2734 1236 2788 hunc
1293 2734 1731 2806 Tyrannionem
1808 2736 2116 2806 scripsisse

470 2821 596 2893 Περὶ
654 2824 751 2874 τοῦ
806 2818 1033 2875 σκολιοῦ
1096 2820 1323 2897 μέτρου,
1383 2820 1413 2875 δ
1470 2820 1740 2896 προύτέθη
1804 2822 1948 2894 αὐτῴ
2014 2823 2116 2876 ὑπὸ

468 2910 631 2964 Γα³ιου
661 2910 955 2984 Καίσαρος,
1007 2916 1156 2967 teste
1209 2912 1531 2968 scholiasta
1582 2913 1995 2984 Aristophanis
2041 2913 2116 2969 ad

2222 1926 2541 1997 Ulpianum
2572 1932 2780 1982 Kuster
2808 1930 2869 1982 in
2904 1934 3045 1983 tom.
3080 1930 3130 1981 ΙΙ
3167 1972 3181 1995 ,
3239 1944 3402 2000 pag.
3447 1928 3590 1993 738,
3627 1930 3883 1980 auctorem

2221 2030 2349 2069 esse
2401 2017 2680 2087 opinatur
2734 2018 3322 2072 Commentariorum
3363 2017 3439 2071 in
3474 2014 3785 2070 Demosth.
3814 2013 3882 2082 qui

2221 2104 2414 2159 adhuc
2447 2110 2696 2160 exstant.
2726 2106 2744 2177 ]

2293 2194 2596 2265 Ulpianus,
2632 2197 2898 2251 GaZzeus.

2293 2282 2577 2354 Ulpianus
2613 2326 2626 2347 ,
2682 2283 2865 2338 frater
2922 2284 3156 2348 Isidori,
3218 2283 3634 2355 philosophi,
3688 2281 3875 2353 ingenio

2223 2371 2446 2441 optimo
2476 2372 2759 2442 prmditus
2791 2373 2863 2427 ad
2889 2374 3357 2428 mathematicas
3405 2372 3729 2433 scientias,
3759 2368 3871 2423 unde

2223 2476 2441 2514 nomen
2488 2461 2613 2531 ejus
2658 2462 2906 2517 Athenis
2966 2462 3198 2517 celebre
3256 2463 3415 2518 fuit.
3484 2464 3561 2515 Et
3617 2461 3871 2530 Syriacus,

2223 2549 2526 2603 admirans
2557 2549 2686 2620 ejus
2714 2551 3038 2624 ingenium,
3075 2552 3281 2607 multis
3343 2552 3658 2611 narravit,
3689 2546 3867 2601 nullam

2223 2637 2335 2707 ipsi
2367 2637 2568 2692 claven
2601 2638 2745 2693 adeo
2778 2639 3114 2694 intricatam
3138 2645 3197 2695 et
3226 2641 3588 2695 artificiose
3622 2634 3869 2705 composi-

2224 2730 2344 2780 tam
2377 2727 2575 2781 oﬂ’erri
2603 2729 2889 2798 potuisse,
2924 2746 3101 2799 quam
3160 2746 3283 2783 non
3353 2728 3553 2784 facile
3613 2724 3863 2796 aperiret;

2225 2815 2328 2869 sed
2360 2815 2420 2869 in
2439 2816 2671 2887 reliqua
2691 2817 3067 2888 philosophia
3095 2819 3245 2872 nihil
3271 2822 3636 2873 memoratu
3669 2814 3862 2884 dignum

2225 2904 2503 2959 edidisse.
2537 2906 2774 2960 Iuvenis
2797 2912 2856 2960 et
2883 2907 3098 2962 cazlebs
3115 2907 3186 2961 de
3210 2908 3331 2962 vita
3364 2905 3663 2970 decessit,
3694 2914 3858 2970 magna

465 3003 679 3066 Ranas,
714 3017 765 3055 v.
804 3002 957 3055 I337.
992 3003 1141 3056 Num
1172 3017 1308 3056 vero
1323 3001 1420 3057 hic
1436 3002 1722 3072 Tyannio,
1742 3018 1818 3057 an
1844 3003 1995 3057 alter
2020 3004 2115 3068 sit,

465 3090 636 3161 cujus
666 3089 889 3144 mentio
933 3095 1122 3144 exstat
1177 3090 1333 3161 apud
1383 3090 1769 3145 scholiastam
1817 3091 2117 3158 Nicandri,

2226 3009 2348 3047 suae
2388 2993 2671 3049 bonitatis
2702 2994 2878 3050 laude
2937 2996 3092 3067 apud
3145 2996 3434 3050 homines
3499 2992 3729 3056 relicta,
3779 2993 3859 3041 etc.

2226 3081 2327 3154 (Ex
2360 3083 2715 3156 Damascio.)

2304 3172 2575 3239 Uranius,
2610 3173 2809 3245 Syrus,
2850 3173 3019 3228 CPoli
3050 3174 3395 3235 oberrabat,
3431 3177 3631 3227 artem
3675 3165 3854 3238 profes-

2231 3275 2329 3314 sus
2367 3259 2681 3326 medicam,
2734 3261 2834 3331 qui
2865 3278 2999 3316 cum
3040 3278 3109 3316 ex
3143 3262 3495 3317 Aristotelis
3528 3252 3851 3329 dogmatibus

2226 3348 2460 3403 nullum
2492 3349 2752 3419 perfecte
2782 3356 3005 3418 nosset,
3037 3351 3201 3405 inani
3237 3352 3423 3405 varias
3461 3347 3727 3403 doctrina
3749 3338 3848 3410 opi-

471 3425 650 3515 pulus
679 3425 1070 3515 Tyrannionis
1110 3446 1383 3512 senioris,
1445 3448 1601 3501 unde
1661 3448 1838 3503 etiam
1900 3465 2119 3504 nomen
2227 3438 2406 3493 ῐιίοῐιθ
2438 3438 2726 3510 turgebat.
2786 3440 2889 3495 Hic
2946 3456 3079 3494 cum
3137 3440 3517 3502 Areobindo,
3573 3425 3844 3506 legam,ad

470 3533 629 3597 tulit,
658 3550 791 3589 cum
822 3540 996 3588 antea
1029 3534 1257 3589 Diocles
1283 3543 1607 3590 vocaretur.
1664 3537 1911 3608 Captum
1964 3538 2120 3593 bello
2227 3529 2438 3582 Persas
2466 3527 2767 3597 Profectus
2788 3536 2896 3594 est,
2922 3535 3033 3584 etc.
3068 3531 3169 3599 (Ex
3192 3530 3478 3602 Agathia,
3517 3528 3587 3593 II,
3620 3516 3843 3595 pag-61)

475 3623 633 3678 inter
662 3624 981 3678 Antonium
1017 3629 1074 3679 et
1120 3626 1432 3692 Caesarem,
1489 3627 1806 3697 Dymantes
1854 3628 2117 3699 quidam,
3027 3628 3069 3678 V

475 3712 722 3766 Caesaris
753 3712 1021 3782 libertus,
1058 3713 1326 3768 redemit.
1362 3716 1571 3770 Postea
1600 3717 1908 3783 Terentiae,
1958 3718 2116 3771 Cice-
2302 3712 2769 3779 Valentinianus,
2802 3713 2945 3785 imp.
2979 3717 3146 3772 Rom.
3185 3715 3588 3775 Christianus,
3621 3701 3838 3780 quamvis

472 3801 638 3855 ronis
670 3802 858 3864 uxori,
892 3803 1144 3856 donatus
1168 3808 1276 3869 est,
1297 3819 1330 3856 a
1352 3820 1467 3872 qua
1488 3806 2119 3871 manumissuthomaa
2227 3801 2523 3856 Christum
2545 3803 2811 3873 ejusdem
2834 3820 2965 3857 cum
2984 3805 3153 3859 Patre
3178 3811 3413 3860 natura
3434 3819 3567 3858 esse
3591 3795 3801 3854 sentiret
3828 3804 3838 3851 ;
3942 3790 3943 3807 ¹

472 3888 675 3944 docuit
704 3896 761 3945 et
790 3890 973 3945 libros
1006 3891 1244 3961 scripsit
1276 3893 1517 3959 LXVIII,
1564 3910 1633 3947 ex
1666 3895 1881 3964 quibus
1940 3902 2116 3950 sunt:
2230 3895 2426 3945 tamen
2462 3891 2690 3946 diverso
2725 3891 2907 3945 cultui
2941 3892 3171 3947 deditos
3202 3894 3374 3949 nulla
3405 3910 3471 3947 re
3506 3886 3728 3943 vexavit.

472 3980 545 4033 De
584 3980 864 4034 Homerica
916 3980 1224 4049 prosodza;
1282 3981 1351 4034 De
1404 3983 1659 4050 partibus
1715 3986 1999 4051 orationis,
2057 3983 2119 4038 in
2228 3978 2358 4035 lens
2388 3986 2606 4049 autem,
2644 3980 2859 4035 Ariana
2896 3981 3151 4036 infectus
3190 3982 3343 4047 labe,
3380 3981 3605 4037 multos
3633 3976 3684 4028 in
3712 3982 3835 4023 εχει·
3936 3976 3944 4053 ,λ-

474 4084 591 4136 quo
622 4068 766 4121 dicit
791 4068 1033 4121 nomina
1073 4069 1313 4139 propria
1344 4084 1472 4124 esse
1528 4070 1849 4138 individua,
1901 4076 2119 4142 ’Ἄτομα
2227 4068 2375 4123 lium
2397 4068 2642 4139 pepulit,
2669 4086 2784 4140 quo
2810 4074 3073 4139 tempore
3098 4071 3376 4126 Ecclesiae
3406 4074 3674 4125 Romanae
3697 4056 3824 4112 Libe-

476 4152 607 4207 εἶναι
637 4153 703 4206 τὰ
732 4157 890 4226 κύρια
921 4155 1180 4227 ὀνόματα,
1213 4157 1567 4228 appellativa
1595 4176 1754 4227 vero,
1786 4161 2117 4231 primitiva;

2232 4158 2353 4212 rius
2383 4157 2637 4228 praefuit,
2668 4158 3083 4213 Alexandrinae
3127 4161 3513 4222 Athanasius,
3548 4151 3824 4211 CPolitanw

478 4248 536 4299 et
558 4243 973 4314 participialia,
1007 4244 1322 4301 derivativa
1346 4264 1358 4314 ;
1386 4248 1457 4301 De
1480 4247 1672 4316 lingua
1698 4251 1962 4316 Romana,
1988 4267 2119 4305 eam
2226 4246 2545 4312 Eudoxius,
2579 4247 2810 4302 Arianae
2863 4248 3187 4318 impietatis
3221 4250 3530 4322 magister,
3586 4248 3685 4297 etc-

2301 4335 2533 4403 Valens,
2568 4338 2967 4391 Romanorum
2998 4338 3142 4409 imp.
3177 4339 3490 4410 episc0pos
3512 4337 3570 4389 in
3602 4325 3817 4385 exsilium

2229 4425 2394 4479 misit
2424 4430 2482 4479 et
2511 4425 2885 4496 presbyteros
2928 4432 3002 4500 .et
3058 4428 3408 4494 monachos,
3468 4420 3813 4506 Tatiano

2230 4514 2689 4569 Alexandrinam
2714 4515 3041 4571 Ecclesiam
3065 4524 3325 4589 regente,
3352 4517 3675 4582 multosque
3694 4502 3815 4593 Chii"

2151 4594 2197 4656 D
2238 4604 2459 4659 stianos
2489 4604 2863 4673 excruciavit,
2897 4606 3264 4677 etquosdam
3296 4608 3476 4663 etiam
3522 4599 3632 4675 igni
3681 4587 3813 4685 ιξαίξξο

2232 4692 2337 4747 dit.
2372 4695 2503 4747 Haec
2525 4700 2720 4749 autem
2745 4696 2947 4749 omnia
2972 4701 3105 4766 post
3123 4696 3429 4751 Athanasii
3463 4693 3669 4750 obitum
3693 4680 3810 4735 fecit.

2233 4782 2553 4837 Orthodoxi
2586 4800 2655 4837 ex
2677 4783 2846 4837 CPoli
2876 4784 3233 4856 legationem
3264 4784 3337 4840 ad
3371 4770 3811 4863 Valentem}???

2233 4872 2493 4927 mediam
2529 4872 2839 4939 miserunt,
2876 4873 3028 4928 viros
3060 4891 3128 4928 ex
3162 4874 3370 4929 ordine
3427 4887 3584 4930 sacro
3637 4856 3807 4918 ιΧΧΧο

2234 4977 2481 5030 qaorum
2529 4961 2831 5032 principes
2876 4968 3045 5016 erant
3100 4963 3460 5031 Theodorus,
3490 4941 3809 5021 Curbag“set

2235 5050 2633 5115 Menedemus,
2668 5065 2814 5119 quos
2872 5051 3177 5105 universos
3218 5069 3353 5107 cum
3410 5052 3533 5124 ipsa
3561 5056 3684 5100 nave
3709 5043 3802 5124 5qu

2237 5140 2406 5195 cendi
2430 5138 2630 5209 jussit,
2655 5155 2788 5208 quae
2820 5139 3104 5211 Dacibyza
3127 5157 3318 5211 usque
3336 5159 3470 5196 cum
3492 5120 3803 5211 pervenisset.

2237 5230 2317 5284 ibi
2360 5229 2650 5284 dissoluta
2680 5232 2788 5283 est.
2831 5229 3016 5299 Hujus
3051 5234 3315 5301 tempore
3371 5230 3572 5285 Lucius
3611 5216 3798 5305 ArianttS

2238 5319 2563 5374 Ecclesiam
2587 5317 3088 5388 (Alexandrinam)
3126 5324 3410 5390 tanquam
3438 5319 3600 5388 lupus
3626 5297 3800 5362 invasnt,

2239 5410 2411 5462 Petro
2443 5409 2685 5461 Romam
2723 5406 3005 5477 fugiente,
3064 5406 3326 5478 taliaque
3382 5395 3793 5462 ediditfacinorﬂ,

2241 5496 2440 5566 qualia
2462 5512 2535 5549 ne
2558 5496 2619 5549 in
2638 5495 2950 5567 gentilium
2973 5495 3213 5564 quidem
3236 5486 3703 5567 persecutionibus
3726 5485 3795 5563 Pa:

2240 5591 2394 5641 trata
2413 5586 2672 5639 fuerunt.
2708 5586 2847 5638 Nam
2876 5583 2987 5637 tria
3000 5583 3307 5638 hominum
3330 5584 3511 5639 millia
3531 5571 3705 5635 emisit.
3722 5572 3790 5630 φη

2244 5677 2394 5732 viros
2423 5675 2553 5747 pios
2579 5674 2641 5729 in
2668 5674 2901 5730 deserto
2932 5673 3298 5730 trucidarent
3325 5680 3384 5730 et
3411 5660 3732 5743 dissiparent-

467 3178 731 3234 eruditos
757 3178 1059 3285 inquirere
1085 3178 1275 3249 jubet.
1313 3179 1478 3233 Adde
1503 3195 1683 3250 supra
1733 3180 1795 3234 in
1839 3180 2111 3253 Catalogo
2153 3220 2195 3285 Ο

467 3268 990 3340 grammaticorum
1022 3267 1358 3322 Graecorum
1388 3269 1447 3322 h.
1479 3286 1530 3322 v.
1565 3271 1740 3326 HARL.

541 3357 839 3427 Tyrannio
865 3357 1089 3427 junior,
1125 3357 1390 3424 Phoenix,
1426 3358 1781 3413 Artemidori
1813 3361 1900 3425 F.,
1940 3360 2117 3415 disci-

477 4350 512 4389 a
536 4332 737 4397 Graeca
765 4331 1081 4388 oriundam
1113 4349 1263 4389 esse.
1302 4354 1324 4383 ι
1359 4335 1663 4408 Antigenis
1695 4336 1982 4393 dialectus
2004 4341 2120 4394 Ro-

477 4445 507 4474 ‹‹
538 4439 716 4479 mana
738 4440 752 4488 ;
784 4425 1162 4479 Recentiores
1182 4424 1486 4496 poetaszab
1504 4426 1757 4482 Homero
1775 4427 2118 4497 dissentire;

479 4536 507 4564 ‹‹
541 4514 993 4569 Enarrationem
1024 4513 1360 4585 partitionis
1391 4515 1785 4586 Tyrannionis
1814 4517 2120 4588 (senioris);

481 4624 510 4652 ‹‹
541 4603 979 4658 Correctionem
1007 4603 1375 4659 Homericam
1400 4621 1413 4671 ;
1447 4605 1957 4678 Orthographiam.

547 4691 868 4762 Tyrannio,
913 4693 1256 4759 Messenius,
1306 4693 1719 4766 philosophus.
1769 4696 2013 4767 Scripsit
2059 4696 2123 4751 li-

481 4782 605 4836 bros
632 4782 729 4847 III,
764 4782 836 4836 De
860 4781 1133 4852 auguriis.
1159 4784 1404 4838 Exstant
1425 4789 1483 4838 et
1499 4784 1599 4839 alii
1619 4785 1747 4855 ejus
1764 4784 1901 4839 libri
1924 4785 2120 4840 utiles.

553 4872 881 4943 Tyrannus,
917 4872 1200 4943 sophista,
1234 4873 1473 4946 scripsit
1502 4896 1529 4923 α
1565 4874 1645 4927 De
1705 4874 1953 4928 statibus
1983 4890 2122 4930 cau-

483 4984 509 5010 «
545 4977 747 5016 sarum
778 4966 836 5015 et
864 4961 1150 5017 divisione
1181 4962 1487 5027 orationis,
1526 4962 1711 5018 libros
1744 4967 1810 5018 Χ.
1844 4982 1870 5014 ι

553 5051 836 5119 Τγι-ιωιιε,
878 5051 1274 5106 Archimbroti
1324 5052 1408 5117 F.,
1455 5053 1647 5108 Lacon
1696 5057 1799 5107 aut
1842 5051 2122 5119 Milesius,

480 5142 656 5210 poeta
687 5137 978 5207 elegiacus
1009 5145 1068 5194 et
1097 5140 1335 5208 tibicen,
1371 5158 1547 5212 quem
1568 5142 1768 5196 ferunt
1794 5142 2125 5196 carminum

485 5241 727 5282 suorum
757 5233 934 5282 cantu
954 5228 1430 5285 Lacedaamonios
1443 5232 1517 5286 ad
1537 5232 2125 5302 przeliumincitasse,

485 5322 546 5370 et
574 5315 658 5370 sic
686 5316 976 5383 all‘ecisse,
1008 5323 1074 5371 ut
1109 5317 1264 5373 bello
1299 5325 1506 5374 contra
1536 5322 1855 5377 Messenios
1885 5320 2131 5375 victoria

488 5406 839 5477 potirentur.
873 5406 973 5458 Est
1002 5411 1200 5461 autem
1231 5408 1705 5478 antiquissimus,
1737 5409 1984 5480 mqualis
2032 5426 2126 5464 se-

487 5501 648 5566 ptem
680 5492 940 5560 illorum,
975 5494 1075 5561 qui
1109 5495 1404 5563 sapientes
1452 5503 1754 5562 vocantur,
1803 5505 1905 5552 aut
1950 5499 2128 5553 etiam

488 5584 808 5654 antiquior.
830 5580 1054 5635 Floruit
1073 5582 1407 5653 Olympiade
1425 5585 1643 5638 XXXV.
1670 5585 1912 5657 Scripsit
1942 5589 2129 5657 Rcmp.

490 5673 907 5741 Lacedaemonis,
939 5675 998 5726 et
1026 5672 1315 5743 Prwcepta
1341 5675 1470 5730 vitae
1520 5672 1784 5731 versibus
1831 5675 2127 5748 elegiacis,
