4088 6312
280 373 447 436 1369

1606 375 1707 435 DE
1750 371 2037 445 QUIBUS
2083 370 2309 434 SUIDA
2325 376 2386 436 S.

3539 384 3698 445 1370

354 511 560 572 Varus,
595 509 989 577 Laodicensis,
1021 510 1304 581 sophista,
1340 510 1681 565 Polemonis
1713 514 1771 565 et
1790 507 1937 564 alia—
1968 506 2023 574 Α
2051 507 2206 578 phus
2238 515 2295 566 et
2324 512 2649 585 legislator,
2677 515 2777 586 qui
2804 532 2910 587 pro
2968 516 3159 587 patria
3208 532 3477 588 pugnans
3531 517 3697 573 obiit.

281 616 421 655 rum
454 599 722 670 aequalis.

358 689 654 752 Vestinus.
678 688 865 745 Julius
888 690 1174 760 sophista,
1198 690 1437 761 scripsit
1456 713 1481 737 ‹‹
1506 688 1934 761 Compendium

282 801 312 829 ς(
350 779 645 849 Pamphili
674 779 1005 851 glossarum
1038 779 1205 833 libris
1237 780 1327 847 1V,
1367 781 1543 834 Voces
1568 779 1836 845 selectas,
1868 794 1936 831 ex

285 890 315 918 α
352 870 771 932 Demosthene,
800 870 1160 942 Thucydide,
1191 871 1357 939 Isaeo,
1385 872 1660 939 Isocrate,
1694 870 1940 941 Thrasy-
1977 914 1984 920 .

286 978 317 1006 ‹‹
355 974 549 1013 meeno
583 962 640 1013 et
668 958 800 1013 aliis
832 959 1161 1014 oratoribus
1193 958 1493 1014 collectas.
1533 981 1554 1008 ι

364 1139 654 1205 Xanthus,
683 1139 1001 1194 Candaulis
1050 1141 1135 1207 F.,
1179 1139 1391 1212 Lydus,
1444 1139 1785 1205 Sardianus,
1838 1139 1938 1210 qui

284 1228 431 1282 vixit
461 1245 529 1283 eo
560 1233 846 1299 tempore,
881 1247 996 1300 quo
1029 1231 1238 1285 Sardes
1269 1242 1452 1302 captaa
1482 1230 1740 1285 fuerunt.
1776 1230 1938 1285 Scri-

286 1316 410 1387 psit
436 1318 798 1386 Lydiacorum
830 1318 1012 1373 libros
1046 1320 1135 1385 IV,
1161 1319 1221 1373 in
1245 1335 1499 1389 quorum
1524 1318 1783 1373 secundo
1811 1335 1942 1373 nar-

275 1411 400 1473 rat,
434 1407 672 1477 Gygem,
706 1407 999 1478 Lydorum
1030 1424 1250 1481 regem,
1296 1407 1578 1463 mulieres
1627 1413 1937 1476 castrasse,

286 1501 355 1551 ut
383 1496 457 1551 iis
488 1514 723 1568 semper
751 1502 921 1552 astate
954 1503 1012 1551 et
1038 1497 1229 1552 forma
1257 1498 1606 1553 florentibus
1653 1503 1936 1552 uteretur.

290 1585 455 1640 Idem
486 1586 688 1647 refert,
722 1586 1012 1640 Alcimum
1043 1581 1361 1657 quemdam
1383 1587 1444 1641 in
1470 1587 1571 1641 illa
1593 1587 1833 1659 regione
1853 1603 1939 1641 re-

291 1693 525 1749 gnasse,
560 1677 861 1731 hominem
894 1677 1411 1749 religiosissimum
1448 1683 1505 1732 et
1544 1678 1938 1732 clementissi-

293 1782 481 1831 mum,
506 1767 675 1836 cujus
698 1772 962 1837 tempore
986 1772 1042 1821 et
1063 1767 1182 1822 alta
1214 1783 1356 1838 pace
1391 1772 1448 1821 et
1477 1766 1688 1838 opibus
1717 1767 1939 1838 (Lydia)

294 1855 586 1917 ﬂoruerit,
621 1863 731 1913 etc.

367 1946 732 2010 Xenarchus,
768 1947 1052 2014 comicus,
1082 1962 1153 2001 ex
1179 1946 1307 2018 ejus
1336 1947 1553 2002 fabulis
1598 1952 1687 2002 est
1736 1952 1941 2001 Βουκα-

294 2033 454 2101 λίων,
483 2041 631 2091 teste
656 2037 960 2103 Athenaeo,
986 2038 1033 2092 Il
1059 2056 1072 2105 ;
1101 2037 1548 2108 Dipnosophist.
1573 2038 1807 2109 (34)nec
1831 2052 1950 2091 non

294 2124 577 2200 ΙΙορφύρα,
653 2125 872 2191 Σκύθαι,
950 2122 1202 2197 Δίδυμοι,
1280 2120 1603 2194 Πένταθλοι,
1685 2124 1949 2193 Πρίαπος,

295 2217 519 2277 Ὕπνος,
550 2213 864 2286 Στρατιώτη
875 2236 920 2276 ς.

369 2302 747 2370 Xenocrates,
782 2305 1107 2377 Agathonis
1138 2306 1228 2360 vel
1261 2305 1649 2378 Agathanoris
1680 2307 1765 2371 F.,
1787 2304 1956 2360 Chal-

299 2391 604 2457 cedonius,
643 2392 972 2464 discipulus
1014 2400 1073 2447 et
1115 2412 1426 2449 successor
1485 2395 1769 2459 Platonis,
1820 2399 1957 2465 post

299 2482 715 2554 Speusippum,
743 2501 919 2553 quem
947 2485 1178 2556 excepit
1201 2486 1572 2552 Polemon,et
1596 2487 1755 2540 hunc
1777 2486 1954 2540 Cran-

302 2576 414 2626 tor.
440 2572 543 2626 llic
566 2573 750 2627 missa
771 2573 880 2627 sibi
907 2573 979 2627 ab
993 2574 1324 2629 Alexandro
1368 2574 1685 2629 Macedona
1716 2575 1959 2645 triginta

308 2660 530 2715 talenta
560 2659 631 2714 ad
666 2677 799 2715 eum
834 2661 1081 2726 remisit,
1115 2662 1339 2728 dicens,
1374 2679 1593 2734 regem,
1616 2679 1737 2717 non
1761 2663 1958 2733 philo-

315 2750 564 2819 sophum
589 2749 855 2822 indigere
882 2752 1153 2822 pecunia.
1181 2752 1427 2822 Scripsit
1448 2754 1522 2806 De
1566 2751 1824 2806 Platonis
1853 2754 1958 2806 Re-

304 2839 549 2907 publica.
583 2838 926 2893 Celebratur
964 2841 1093 2910 ejus
1152 2840 1546 2911 temperantia
1590 2845 1649 2894 et
1694 2838 1953 2894 castitas.

311 2927 415 2981 Hic
448 2926 589 2997 (imo
621 2927 794 2996 alius,
817 2934 883 2982 ut
914 2929 1227 3001 suspicor),
1276 2929 1514 3001 scripsit
1559 2926 1954 2983 Οἷκοσκοπικὸν

310 3013 595 3086 οἰώνισμα.
639 3017 778 3072 Vide
814 3035 995 3089 supra
1025 3018 1085 3072 in
1116 3016 1501 3086 Οἷωνιστικήν.

379 3105 772 3176 Xenophanes
801 3106 988 3179 elegia
1016 3107 1310 3179 quaedam,
1345 3112 1453 3162 etc.
1497 3107 1593 3179 (de
1624 3108 1954 3181 Pythagora

311 3211 381 3249 ex
414 3195 626 3249 Laertii
660 3195 799 3263 VIII,
834 3198 899 3250 36
933 3213 1062 3267 sqq.

381 3284 731 3354 Xenophon,
767 3286 947 3357 Grylli
989 3288 1048 3342 F.
1106 3287 1509 3355 Atheniensis,
1569 3287 1959 3358 philosophus

310 3371 663 3441 Socraticus,
695 3374 795 3443 qui
837 3375 1062 3445 primus
1116 3376 1272 3431 Vitas
1318 3375 1807 3447 philosophorum
1850 3376 1960 3446 (35)

314 3461 551 3532 scripsit
581 3468 638 3516 et
674 3462 1267 3536 Ἀπομνημονεύματα,
1328 3468 1447 3522 sive
1492 3467 1650 3522 dicta
1688 3466 1962 3537 factaque

316 3551 747 3607 memorabilia.
769 3553 946 3608 Filios
968 3571 1037 3609 ex
1061 3555 1317 3611 Philesia
1338 3557 1600 3627 suscepit
1621 3556 1884 3627 Gryllum
1903 3561 1963 3610 et

314 3638 656 3706 Diodorum,
690 3642 789 3711 qui
823 3642 1001 3696 etiam
1035 3643 1298 3698 Dioscuri
1328 3645 1517 3699 vocati
1547 3645 1806 3698 fuerunt.
1829 3646 1960 3715 Ipse

314 3744 447 3782 vero
479 3729 659 3784 Attica
688 3730 818 3800 Apis
848 3732 1297 3802 cognominatus
1349 3738 1456 3787 est.
1505 3733 1961 3804 Condiscipulus

316 3816 581 3872 Platonis
612 3818 742 3885 fuit,
777 3819 1096 3891 ﬂoruitque
1139 3820 1358 3891 olymp.
1418 3821 1658 3876 XCVIII.
1716 3822 1963 3893 Scripsit

317 3904 500 3959 libros
532 3923 711 3976 supra
738 3907 848 3967 XL.
883 3923 913 3961 e
946 3924 1200 3977 quorum
1231 3924 1481 3963 numero
1514 3914 1654 3963 sunt
1684 3910 1744 3963 hi
1775 3925 1787 3962 :
1824 3929 1850 3961 ιι
1881 3911 1959 3964 De

316 4016 343 4043 «
378 3994 753 4049 institutione
784 3996 915 4066 Cyri
942 3995 1079 4050 libri
1105 3998 1261 4064 VIII;
1295 3998 1374 4051 De
1421 3997 1797 4068 expeditione
1826 3999 1960 4070 Cyri

315 4105 343 4132 «
372 4082 507 4137 libri
531 4085 650 4148 VII;
677 4085 890 4139 Rerum
914 4086 1246 4139 Graecarum
1270 4085 1407 4140 libri
1434 4086 1913 4152 Vll;Convivium
1931 4109 1958 4137 »

315 4176 372 4226 et
400 4172 517 4226 alia
548 4172 751 4227 multa.
787 4173 1051 4229 Militavit
1095 4180 1301 4229 contra
1348 4176 1577 4242 Persas,
1628 4192 1762 4230 cum
1812 4177 1958 4248 Cyro

314 4261 614 4333 profectus
645 4263 924 4318 adversus
951 4266 1355 4322 Artaxerxem.
1388 4264 1652 4330 fratrem,
1685 4270 1797 4318 etc.

382 4352 731 4423 Xenophon,
764 4352 1187 4417 Antiochenus,
1223 4354 1559 4422 historicus,
1585 4353 1958 4424 ScripsitBa-

315 4440 582 4508 bylom’ca,
617 4441 773 4512 quod
806 4447 896 4496 est
924 4459 1072 4513 opus
1099 4443 1474 4497 amatorium.
1658 4496 1659 4501 η

382 4529 731 4599 Xenophon,
766 4530 1073 4599 Ephesius,
1108 4531 1446 4594 historicus,
1498 4532 1736 4602 scripsit
1780 4531 1962 4602 Ephe-

312 4616 478 4677 siaca.
512 4617 629 4671 sive
660 4617 844 4673 libros
874 4618 1080 4674 decem
1112 4619 1182 4674 de
1213 4620 1516 4675 amoribus
1557 4620 1870 4675 Abrocomi
1901 4627 1960 4676 et

315 4706 565 4771 Anthias,
600 4714 658 4761 et
689 4712 764 4762 De
792 4710 925 4762 urbe
960 4709 1333 4778 Ephesiorum,
1368 4716 1545 4781 atque
1577 4710 1712 4765 alia.

386 4796 737 4865 Xenophon.
762 4797 1030 4867 Cyprius,
1052 4796 1640 4869 historicus,scripsit
1661 4796 1952 4869 Cypriaca,

319 4884 472 4953 quod
505 4900 652 4955 opus
684 4883 887 4939 itidem
923 4891 1010 4940 est
1040 4886 1289 4941 historia
1310 4888 1955 4958 amatoriiargumenti,

317 4989 494 5045 agens
525 4973 595 5028 de
626 4975 863 5045 Cynica,
897 4976 1130 5047 Myrrha
1158 4981 1217 5032 et
1247 4977 1536 5032 Adonide.

1120 5083 1156 5137 Ζ

384 5169 686 5239 Zaleucus,
720 5170 956 5239 Locrus,
977 5171 1247 5242 Thurius,
1271 5174 1673 5246 Pythagoreus
1695 5174 1956 5245 philoso-

383 5329 743 5402 (3-i)Ku_ster
767 5331 840 5402 ad
870 5330 980 5384 vol.
1014 5332 1083 5397 II,
1117 5348 1247 5402 pag.
1282 5335 1405 5396 643,
1435 5350 1493 5387 n.
1546 5351 1586 5401 ι,
1638 5334 1954 5399 existimat,

318 5401 473 5479 quod
503 5400 1137 5479 hodie_i_l_liu.s_fa_bulm',
1188 5400 1535 5479 Βρυκαλίων2
1584 5406 1752 5461 nulla
1803 5408 1957 5479 apud

315 5473 662 5549 Athenaeum
695 5472 796 5526 lib.
831 5473 1039 5549 II,_fiat
1064 5475 1333 5549 mentio,
1364 5494 1473 5532 nec
1524 5478 1648 5549 ipse
1692 5472 1957 5533 Athenaei

316 5543 466 5616 liber
498 5543 564 5611 ll,
597 5544 825 5615 integer
854 5544 927 5599 ad
959 5562 1067 5599 nos
1100 5548 1482 5616 pervenisset.
1515 5543 1713 5605 locum
1762 5549 1955 5616 illum,

317 5615 377 5670 in
409 5631 523 5686 quo
575 5616 892 5670 Athenaeus
947 5616 1161 5671 fabulas
1218 5619 1536 5677 Bucaliom's
1592 5615 1958 5679 mentionem

317 5686 571 5746 fecisset.
603 5688 776 5745 hodie
805 5688 1195 5746 intercidisse.
1232 5690 1405 5746 HABL.

442 5707 571 5760 ἰδεῖν,
606 5707 776 5745 [10018
805 5707 1195 5747 lIlLeI‘ClQlSSC.
1232 5707 1405 5748 l‘lABL.

2050 603 2153 657 Hic
2186 609 2321 658 ante
2349 603 2461 659 fuit
2490 622 2690 659 servus
2734 610 2791 659 et
2836 609 3037 675 pastor
3065 625 3077 673 ;
3113 605 3448 676 disciplinis
3499 611 3698 662 autem

2050 693 2358 748 institutus
2389 694 2512 749 suis
2542 693 2765 749 civibus
2790 693 2926 748 tulit
2951 694 3129 765 leges,
3150 695 3306 749 inter
3327 712 3473 764 quas
3497 700 3554 750 et
3575 696 3701 749 haec

2050 783 2181 850 fuit,
2214 790 2277 838 ut
2304 784 2588 839 mulieres
2618 784 2890 856 ingenuae
2922 800 3054 838 cum
3089 782 3431 838 domesticis
3475 789 3533 838 et
3580 801 3701 839 una

2051 873 2220 947 pedis
2251 890 2453 944 sequa,
2487 873 2757 928 candidis
2788 872 3048 927 vestibus
3079 872 3300 926 induta:
3325 872 3697 941 incederent,

2052 963 2182 1019 alias
2213 962 2597 1034 (meretrices)
2624 960 2883 1031 ἀνθιναῖς,
2915 961 3392 1017 versicoloribus.

2123 1055 2434 1120 Zamolxis,
2467 1054 2809 1125 Pythagoras
2842 1069 3064 1120 servus,
3099 1056 3165 1105 ut
3194 1051 3523 1106 Herodotus
3549 1052 3701 1107 libro

2053 1151 2284 1219 quarto,
2308 1146 2539 1216 Scytha,
2566 1143 2666 1215 qui
2691 1159 2959 1198 reversus
2988 1142 3046 1195 in
3069 1142 3320 1213 patriam
3343 1141 3698 1211 docuit,ani-

2052 1253 2212 1293 mam
2243 1252 2372 1290 esse
2411 1233 2829 1289 immortalem.
2863 1233 3131 1287 Mnaseas
3161 1247 3295 1285 vero
3315 1231 3514 1296 refert,
3544 1230 3699 1301 apud

2055 1329 2226 1382 Getas
2256 1326 2371 1380 coli
2401 1327 2739 1392 Saturnum,
2771 1323 3082 1391 vocarique
3129 1320 3451 1375 Zamolxin.
3504 1321 3703 1375 Hella-

2054 1416 2225 1470 nicus
2264 1416 2325 1469 in
2383 1410 2680 1484 Νομίμοις,
2738 1412 2856 1466 sive
2912 1413 3186 1465 Institutis
3244 1410 3563 1477 barbaricis,
3620 1412 3705 1465 ait

2053 1506 2236 1561 fuisse
2268 1504 2584 1576 quemdam
2616 1504 2905 1569 Graecum,
2939 1503 3039 1571 qui
3063 1501 3240 1568 Getis,
3261 1500 3321 1553 in
3341 1500 3587 1554 Thracia
3602 1499 3704 1553 de-

2056 1595 2352 1668 gentibus,
2382 1590 2629 1658 τελετάς,
2668 1592 2836 1647 initia
2893 1590 3406 1657 demonstraverit,
3459 1588 3705 1643 dixerit-

2057 1705 2195 1760 que,
2227 1703 2419 1758 neque
2452 1703 2513 1740 se
2548 1684 2925 1747 moriturum,
2951 1697 3146 1751 neque
3172 1696 3309 1735 suos
3344 1683 3703 1744 sectatores;

2060 1779 2161 1835 sed
2194 1778 2397 1833 omnia
2426 1776 2581 1830 bona
2614 1772 2941 1828 habituros.
2979 1771 3078 1824 His
3105 1770 3279 1824 dictis
3332 1768 3704 1823 domicilium

1978 1876 2026 1941 B
2057 1870 2510 1926 subterraneum
2529 1865 2785 1921 exstruxi
2799 1862 3058 1929 t,deinde
3074 1877 3143 1915 ex
3154 1861 3440 1914 Thracum
3452 1858 3638 1913 oculis
3655 1862 3713 1912 et

2058 1964 2379 2031 conspectu
2397 1975 2458 2012 se
2481 1960 2724 2027 repente
2751 1952 3085 2025 proripiens
3118 1951 3177 2004 in
3210 1950 3319 2003 hoc
3353 1966 3414 2002 se
3437 1947 3705 2011 abdidit;

2061 2053 2214 2107 Getas
2246 2065 2383 2102 vero
2412 2048 2605 2118 ipsum
2636 2043 3070 2098 desiderarunt.
3106 2041 3319 2104 Quarto
3362 2053 3519 2092 anno
3576 2040 3711 2107 post

2059 2157 2265 2196 rursus
2285 2136 2578 2209 apparuit,
2608 2134 2930 2189 etThraces
2953 2129 3152 2184 omnia
3177 2127 3287 2199 ipsi
3307 2125 3707 2181 crediderunt.

2058 2231 2239 2285 Aiunt
2266 2226 2528 2299 quidam,
2562 2223 2884 2279 Zamolxim
2916 2220 3165 2275 servisse
3207 2217 3573 2289 Pythagorae,
3606 2214 3710 2267 Sa-

2060 2323 2201 2387 mio,
2234 2317 2563 2374 Mnesarchi
2610 2316 2755 2381 ﬁlio,
2816 2317 2875 2367 et
2919 2311 3192 2365 libertate
3243 2307 3548 2370 donatum,
3598 2305 3712 2359 ista

2060 2412 2463 2466 commentum
2490 2403 2688 2458 fuisse.
2725 2400 2905 2456 Terizi
2937 2415 3072 2453 vero
3096 2402 3153 2451 et
3168 2394 3407 2465 Crobyzi
3440 2392 3709 2462 credunt,

2060 2499 2387 2554 animarum
2439 2492 2969 2553 immortalitatem,
3033 2490 3091 2541 et
3164 2489 3429 2539 mortuos
3486 2482 3559 2536 ad
3610 2483 3711 2535 Za-

2062 2588 2286 2644 molxin
2318 2587 2403 2640 ire
2435 2583 2693 2649 tradunt,
2726 2595 2903 2650 quem
2962 2575 3291 2631 rediturum
3342 2589 3469 2627 esse
3521 2572 3707 2637 aiunt,

2062 2680 2241 2749 idque
2273 2690 2510 2745 semper
2538 2687 2740 2725 verum
2772 2684 2903 2723 esse
2934 2670 3162 2738 putant.
3197 2662 3589 2728 Quamobrem
3614 2676 3708 2714 sa-

2062 2770 2333 2827 criﬁcant
2364 2772 2421 2821 et
2442 2763 2844 2826 convivantur,
2874 2758 3044 2829 quasi
3082 2755 3394 2811 defunctus
3426 2753 3502 2806 sit
3550 2750 3706 2805 redi-

2062 2866 2249 2915 turus.

2132 2953 2303 3014 Zeno,
2326 2946 2723 3015 Teleutagoraa
2746 2942 2829 3006 F.,
2858 2939 3107 3002 Eleates,
3134 2932 3708 3005 philosophus,unus

2062 3042 2133 3096 de
2155 3039 2274 3093 illis
2301 3037 2401 3109 qui
2423 3034 2803 3090 accesserunt
2830 3028 2905 3082 ad
2926 3026 3269 3096 Pythagoras
3304 3027 3362 3075 et
3391 3017 3708 3109 Democriti

2064 3107 2367 3200 tempora;
2399 3123 2542 3179 vixit
2572 3120 2729 3175 enim
2763 3114 3031 3172 LXXVIII
3052 3109 3410 3200 Olympiade.
3439 3107 3711 3200 Discipu-

1999 3225 2042 3292 ρ
2071 3222 2166 3275 Ius
2187 3191 2581 3287 Xenophanis
2612 3214 2713 3265 aut
2732 3203 3119 3262 Parmenidis.
3175 3198 3421 3292 Scripsit
3463 3191 3712 3292 fama“,

2068 3309 2490 3371 Contentiones;
2526 3299 2953 3356 Enarrationem
2995 3287 3344 3362 Emptdoclis
3372 3306 3395 3352 ;
3442 3286 3716 3339 Adversus

2058 3399 2411 3474 philosophos
2436 3396 2502 3449 de
2523 3398 2744 3448 natura.
2766 3390 2931 3443 Hunc
2954 3385 3122 3439 aiunt
3140 3376 3714 3474 inventorem-fuisse

2067 3467 2412 3550 dialecticas,
2452 3489 2519 3539 ut
2572 3477 2991 3550 Empedoclem
3038 3471 3370 3527 rhetoricas.
3420 3467 3531 3522 Sed
3581 3482 3716 3519 cum

2067 3579 2417 3643 Nearchum,
2449 3572 2540 3627 vel
2570 3572 2655 3641 (ut
2685 3568 2787 3624 alii
2806 3554 3715 3633 tradunt)Diomedontem,Elea3

2068 3675 2408 3731 tyrannum,
2442 3665 2702 3718 evertere
2727 3655 2921 3723 vellet,
2956 3655 3160 3721 captus
3183 3653 3290 3702 est.
3314 3648 3716 3715 Interrogatus

2066 3726 2267 3815 autem
2298 3756 2369 3812 ab
2400 3755 2552 3826 ipso,
2583 3750 2849 3820 linguam
2879 3754 3263 3816 praemorsam
3308 3753 3375 3791 ac
3426 3738 3716 3826 resectam

2068 3846 2380 3919 exspuitin
2411 3823 2752 3914 tyrannum.
2786 3836 2856 3890 Et
2884 3834 2945 3887 in
3004 3827 3355 3884 mortarium
3410 3823 3713 3919 conjectus

2066 3910 2370 3992 tundendo
2398 3910 2688 3987 contritus
2723 3931 2827 3980 est.
2864 3922 3155 3977 Differunt
3183 3917 3413 3970 Eleates
3447 3912 3542 3983 (ab
3574 3910 3714 3965 Elea

2066 4026 2295 4100 (Italiae)
2326 4028 2384 4078 et
2410 4019 2630 4075 Elaites
2662 4015 2756 4086 (ab
2787 4012 2938 4067 Elaea
2973 4009 3125 4100 Asia:
3157 4004 3475 4100 in_£olia.)

2136 4117 2311 4179 Zeno,
2337 4110 2533 4165 Musaei
2548 4096 3334 4173 F.,Sidonius,philosophus
3355 4093 3583 4146 Stoicus
3604 4092 3709 4179 (36,

2066 4176 2394 4273 discipulus
2423 4194 2662 4253 Diodori
2694 4190 2887 4256 Croni,
2920 4186 3201 4259 magister
3224 4181 3499 4248 Zenonis,
3521 4176 3711 4245 Citiei,

2067 4295 2308 4367 scripsit
2338 4287 2670 4361 Apologiam
2701 4284 2945 4341 Socratis
2976 4287 3028 4335 et
3058 4279 3375 4367 Sidon‘iaca.

2138 4360 2313 4447 leno,
2347 4360 2618 4441 Mnaseaa,
2646 4375 2736 4429 vel
2779 4371 2965 4427 Demii
3022 4370 3083 4424 F.
3134 4365 3373 4430 Citieus,
3431 4376 3500 4416 ex
3550 4360 3698 4413 Citio

2067 4472 2239 4543 Cypri
2267 4469 2520 4532 civitate,
2564 4462 2978 4537 philosophus,
3026 4456 3234 4511 Stoicaa
3252 4456 3463 4547 fec-tas
3507 4452 3712 4547 auctor

2068 4535 2287 4632 (supra,
2314 4559 2375 4612 in
2399 4535 2602 4626 210d):
2628 4545 3221 4623 discipulusCrateris
3243 4541 3474 4632 Cynici.
3493 4535 3709 4632 deinde

2063 4624 2401 4705 Polemonis
2430 4624 2826 4701 Atheniensis.
2854 4639 3006 4695 Obiit
3038 4652 3193 4692 anno
3225 4630 3415 4687 aetatis
3436 4628 3546 4693 XC,
3575 4624 3714 4680 sub-

2064 4740 2202 4795 inde
2235 4738 2306 4793 de
2337 4737 2467 4791 cibo
2497 4731 2725 4803 aliquid
2754 4729 3094 4787 detrahens.
3129 4723 3315 4777 donec
3346 4735 3465 4790 pra:
3496 4716 3710 4769 virium

2066 4827 2413 4885 inﬁrmitate
2449 4823 2687 4879 tandem
2717 4819 2957 4892 periret.
2993 4812 3311 4871 Oraculum
3344 4808 3414 4861 de
3446 4806 3576 4859 vitae
3608 4820 3708 4875 ge-

2067 4933 2208 4972 nere
2241 4911 2597 4975 consulenti,
2650 4914 2761 4963 etc.
2823 4907 3025 4976 (supra
3080 4901 3143 4954 in
3197 4892 3711 4970 συγχρωτίζεσθαι,)

2065 5005 2314 5061 Phoenix
2345 4999 2798 5074 cognominatus
2828 4999 2936 5060 est,
2971 4990 3131 5062 quod
3187 4986 3496 5043 Phoenices
3544 4982 3710 5037 illius

2066 5093 2334 5167 oppiduli
2366 5073 2576 5146 incolas
2602 5086 2842 5142 fuerint.
2872 5081 3095 5137 Floruit
3119 5079 3226 5134 sub
3270 5076 3564 5146 Antigono
3598 5073 3711 5167 Go-

2066 5164 2209 5241 nata
2235 5183 2455 5253 olymp.
2488 5178 2655 5233 CXX.
2702 5177 2771 5229 Et
2824 5171 3219 5244 proverbium,
3274 5170 3481 5221 Zenone
3528 5164 3714 5218 conti-

2138 5344 2250 5415 (35)
2282 5341 2394 5396 Sed
2447 5338 2577 5393 vide
2606 5334 2960 5415 _T_on_s‘ium,.
2992 5332 3069 5412 De
3105 5330 3255 5415 ‘vitis‘
3289 5324 3707 5415 "scriptrﬁhi‘st:

2066 5399 2167 5470 lib.
2204 5399 2247 5479 ιξ
2273 5430 2399 5484 cap.
2434 5416 2486 5477 7,
2519 5410 2619 5481 qui
2653 5407 2891 5463 Suidam
2952 5403 3045 5457 hic
3088 5403 3159 5457 de
3202 5399 3419 5475 philos.
3480 5410 3707 5450 errasse

2066 5485 2392 5543 contendit.
2428 5485 2600 5538 ΒΑΜ..
3323 5541 3337 5547 _
3424 5539 3457 5547 ,,
3557 5537 3612 5547 ,,

2138 5536 2580 5629 (ξιέ)“ῑῆ“έέιείέίηε
2613 5551 2687 5608 ad
2718 5549 3012 5606 Laertium
3048 5545 3162 5612 vn,
3323 5539 3466 5607 legit
3515 5536 3712 5608 philo-

2068 5624 2290 5700 sophus
2314 5624 2600 5703 ἐριστὶκός.
