4088 6312
415 353 568 418 1371

1734 357 1985 419 INDEX
2033 352 2533 418 SCRIPTORUM

3669 361 3851 421 1372

415 488 664 559 nenlior,
698 490 951 559 Ζήνωνος
984 486 1421 565 ἐγκρατέστερος.
1456 492 1559 547 Hic
1588 509 1752 548 nova)
1796 492 2057 564 philoso-

2189 488 2455 561 thologiae
2487 488 2979 562 epigrammatum
3013 493 3347 548 Graecorum
3376 491 3630 548 obviam.
3650 492 3838 550 Conf.

412 580 570 652 phire
599 579 711 634 fuit
739 586 963 636 auctor.
996 584 1218 637 Revera
1241 582 1399 636 enim
1422 599 1629 638 omnes
1652 584 1847 654 specie
1868 582 2064 637 vultus

416 674 476 724 et
504 670 784 736 gravitate
813 675 870 726 et
907 671 1169 741 profecto
1211 671 1391 727 etiam
1450 669 1834 746 μακαριότητι,
1884 672 2067 728 beati-

416 762 535 813 tate
568 758 746 830 (apud
779 760 1071 814 Laertium
1101 762 1215 827 VII,
1249 762 1339 829 28,
1375 754 1772 835 μακροϐιότητι
1796 762 2060 832 1οης]ωυὶ-

419 854 548 914 tate,
584 848 923 920 superavit.)
955 850 1112 905 Obiit
1141 867 1349 921 expers
1380 851 1723 908 morborum
1754 858 1813 907 et
1842 853 2067 924 optima

419 953 655 1008 semper
684 937 1019 994 valetudine
1047 944 1242 995 utens.

486 1028 661 1093 Zeno,
693 1028 1052 1082 Dioscorides
1084 1030 1167 1097 F.,
1199 1030 1528 1099 Tarsensis,
1560 1031 1671 1099 vel,
1703 1037 1769 1086 ut
1797 1032 1899 1087 alii
1946 1037 2062 1089 tra-

416 1114 586 1183 dunt,
616 1116 921 1182 Sidonius,
945 1118 1359 1189 philosophus,
1380 1119 1709 1191 discipulus
1731 1121 2063 1193 Chrysippi,

414 1206 736 1273 Tarsensis,
770 1206 1113 1278 philosophi
1142 1208 1319 1263 Stoici
1352 1214 1409 1263 et
1439 1226 1766 1266 successor.

487 1295 647 1361 Zino,
679 1294 923 1363 Citieus,
954 1297 1177 1363 rhetor,
1212 1314 1285 1352 an
1315 1298 1726 1371 phi1050phus,
1749 1300 2066 1356 incertum.

417 1383 665 1454 Scripsit
699 1404 720 1432 ι
757 1386 837 1439 De
869 1386 1120 1441 statibus
1152 1402 1502 1454 causarum;
1528 1390 1606 1443 De
1630 1389 1870 1461 ﬁguris;
1899 1390 2067 1445 Com-

417 1492 447 1523 ‹‹
479 1472 839 1528 mentarium
868 1473 928 1529 in
958 1475 1432 1546 Xenophontem,
1468 1477 1529 1531 in
1586 1478 1838 1551 Lysiam,
1868 1479 1929 1533 in
1960 1480 2067 1535 De-

422 1583 451 1613 «
477 1562 854 1618 mosthenem
880 1581 894 1630 ;
930 1565 1007 1619 De
1037 1568 1403 1638 argumentis
1433 1567 1728 1622 oratoriis.

487 1652 662 1721 Zeno,
686 1651 1144 1723 Alexandrinus,
1167 1655 1425 1724 Judaaus,
1450 1655 1553 1711 sed
1576 1672 1711 1711 cum
1732 1656 2070 1713 Judworum

413 1741 575 1814 genti
608 1742 886 1797 nuntium
917 1742 1153 1813 publice
1186 1745 1537 1811 remisisset,
1590 1750 1655 1800 ut
1706 1746 1863 1818 apud
1908 1748 2068 1818 ipsos

2168 579 2399 634 Kuster.
2434 584 2554 634 not.
2590 582 2643 643 6,
2677 580 2716 636 l.
2751 597 2800 636 c.
2835 598 2892 652 p.
2927 582 3004 653 8.)

2237 667 2467 734 Zeuxis,
2502 685 2683 739 quem
2711 670 3055 726 Aristoteles
3086 672 3360 727 Isocratis
3394 677 3661 744 tempore
3693 674 3836 746 pic-

2168 758 2359 810 torem
2388 754 2573 811 fuisse
2602 757 2798 821 tradit,
2832 757 2896 812 in
2929 759 3172 814 Veneris
3195 757 3417 830 templo
3440 759 3833 831 Cupidinem,

2169 844 2639 914 pulcherrimum
2672 846 2824 901 rosis
2855 853 3226 914 coronatum,
3257 847 3469 919 pinxit.

2239 938 2408 1001 Ζῆσαι
2441 929 2546 1002 δὶς,
2581 935 2659 989 bis
2687 936 2887 992 vixisse
2919 939 2979 990 et
3007 937 3289 991 revixisse
3346 936 3551 991 dicunt
3598 938 3842 992 Hercu-

2170 1021 2311 1091 lem,
2342 1022 2714 1094 Tyndareum
2747 1029 2806 1078 et
2833 1024 3114 1080 Glaucum
3143 1042 3156 1079 :
3186 1025 3429 1096 quidam
3454 1027 3631 1081 etiam
3660 1029 3837 1082 £50-

2172 1128 2335 1184 pum.

2242 1201 2437 1256 Zoilus
2468 1218 2539 1256 ex
2569 1202 2931 1276 Amphipoli,
2984 1204 3334 1259 Macedaniaa
3384 1205 3643 1271 civitate,
3693 1223 3838 1277 qua:

2172 1290 2318 1346 olim
2349 1290 2669 1347 vocabatur
2702 1292 2887 1347 Ἐννέα
2917 1288 3056 1359 ὁδοί,
3091 1294 3210 1348 sive
3234 1310 3421 1349 novem
3453 1297 3574 1361 riae,
3606 1311 3841 1367 cogno-

2173 1381 2433 1436 minatus
2464 1382 2955 1452 Homeromastix,
3008 1383 3164 1453 quod
3218 1384 3538 1438 Homerum
3587 1384 3836 1439 deride-

2171 1475 2284 1537 ret,
2317 1476 2678 1543 quapropter
2706 1470 2992 1544 Olympias
3036 1473 3210 1540 cives,
3257 1472 3452 1544 ipsum
3501 1475 3839 1545 persecuti,

2175 1560 2247 1616 de
2280 1560 2562 1615 Scironiis
2593 1561 2749 1616 saxis
2804 1561 3283 1633 praecipitarunt.
3330 1562 3464 1617 Fuit
3516 1563 3727 1618 rhetor
3780 1571 3841 1619 et

2174 1649 2586 1722 phi1050phus.
2621 1649 2867 1721 Scripsit
2896 1655 2954 1705 et
2976 1651 3246 1721 quaedam
3278 1653 3688 1724 grammatica,
3710 1676 3743 1701 «
3770 1660 3843 1708 ut

2174 1762 2203 1789 «
2236 1738 2454 1795 Contra
2501 1739 2738 1794 Homeri
2796 1740 3006 1811 poesin
3055 1740 3239 1796 libros
3284 1742 3393 1808 IX;
3443 1742 3772 1797 Historiam
3806 1761 3842 1798 a

411 1834 720 1923 receptum
740 1836 830 1885 est
850 1832 1425 1923 more,per‘ipsorum
1439 1850 1796 1906 synagogam
1819 1836 1913 1890 die
1929 1836 2061 1891 Sab-
2095 1858 2139 1923 Β
2175 1851 2203 1880 ‹‹
2234 1830 2759 1923 :I‘hegoniausque
2781 1831 2855 1885 ad
2887 1831 3154 1923 Philippi
3178 1837 3430 1886 mortem
3456 1850 3470 1899 ;
3500 1832 3703 1903 ,libros
3730 1835 3839 1901 Ill,

407 1916 528 1973 bati
554 1919 789 1973 asinum
812 1919 1014 1974 album
1037 1920 1320 1976 traduxit.
1352 1922 1455 1977 Hic
1482 1924 1635 1977 Zeno
1667 1930 1882 1978 natura
1926 1925 2056 1995 qui-

410 2005 546 2060 dem
571 2025 776 2078 aequus
799 2012 857 2061 et
877 2008 1202 2074 bonus,sed
1219 2010 1282 2064 in
1302 2011 1644 2081 eloquentia
1656 2012 2063 2082 etdisciplinis

411 2094 659 2166 tardior,
694 2112 929 2168 semper
958 2096 1186 2153 discere
1215 2099 1461 2169 cupiens
1521 2103 1578 2153 et
1623 2100 1905 2172 rogitans,
1958 2100 2062 2156 sed

412 2188 615 2242 omnia
644 2189 1075 2259 propemodum
1108 2189 1406 2261 ignorans,
1440 2194 1551 2246 etc.

480 2280 655 2349 Zeno,
686 2279 863 2349 alius,
904 2280 1096 2334 Procli
1155 2280 1423 2351 aaqualis,
1478 2297 1694 2353 genere
1750 2284 2060 2356 Pergame-

411 2383 545 2436 nus,
581 2373 639 2423 et
666 2369 792 2439 ipse
823 2374 1039 2424 natura
1070 2368 1143 2424 ad
1175 2368 1525 2425 discendum
1558 2371 1836 2441 tardiore,
1869 2372 2064 2429 bonus

408 2463 610 2514 tamen
644 2462 703 2512 et
731 2457 997 2513 moribus
1028 2459 1393 2530 compositis.
1428 2459 1567 2513 Uter
1614 2476 1748 2515 vero
1799 2461 2065 2531 ipsorum

411 2547 690 2603 Sallustio
749 2563 989 2602 causam
1020 2563 1055 2603 a
1084 2547 1291 2603 Proclo
1341 2547 1669 2605 dissidendi
1721 2550 2063 2623 praebuerit,

411 2635 613 2691 dicere
640 2652 762 2691 non
791 2652 1056 2708 possum.

482 2728 794 2796 Zenobius,
828 2729 1116 2799 sophista,
1149 2730 1249 2800 qui
1281 2733 1480 2785 Romae
1504 2732 1705 2787 docuit
1731 2733 1840 2787 sub
1865 2733 2065 2789 Adria-

414 2835 492 2874 no
524 2818 772 2874 Caasare.
808 2819 1055 2891 Scripsit
1088 2840 1111 2871 ι
1144 2820 1575 2892 Compendium
1614 2823 2065 2894 proverbiorum

415 2926 443 2955 ‹‹
478 2904 712 2976 Didymi
745 2910 803 2961 et
831 2906 1152 2973 Tharrhaai,
1186 2906 1356 2961 libris
1387 2908 1465 2963 III
1519 2910 1650 2979 (37).
1690 2911 1828 2965 Item
1886 2910 2066 2966 Grzce

418 3013 441 3043 ι
476 2994 1036 3065 Interpretationem
1067 2986 1458 3050 historiarum
1491 2995 1774 3066 Sallustii,
1813 2997 2068 3054 historici

412 3104 442 3133 ‹‹
475 3085 711 3137 Romani
766 3088 819 3137 et
874 3081 1046 3154 ipsius
1132 3084 1438 3149 bellorum;
1496 3084 1944 3141 Genethliacum
2002 3087 2063 3141 in

409 3191 443 3221 .‹‹
471 3171 803 3227 Adrianum
836 3173 1147 3241 Caesarem,
1181 3194 1207 3221 »
1236 3178 1295 3227 et
1323 3172 1461 3228 alia.

483 3260 839 3328 Zenodotus,
906 3260 1364 3331 Alexandrinus,
1450 3265 1870 3333 grammaticus
1927 3264 1955 3317 ὁ
2012 3263 2065 3319 ἐν

414 3345 564 3402 ἄστει
593 3354 852 3404 vocatus.
884 3350 1152 3423 Scripsit,
1186 3375 1208 3403 ι
1245 3351 1540 3408 Adversus
1570 3369 1640 3408 ea
1660 3370 1791 3424 quae
1810 3354 2064 3411 Aristar-

417 3455 445 3490 α
479 3436 626 3491 chus
650 3441 717 3491 ut
745 3438 949 3509 spuria
978 3438 1039 3493 in
1070 3439 1321 3494 Homero
1354 3440 1561 3511 rejecit
1590 3458 1604 3507 ;
1628 3441 1921 3497 Adversus
1941 3443 2070 3500 Pla-

414 3547 447 3578 «
480 3530 682 3582 tonem
713 3526 786 3582 de
818 3526 930 3583 diis
956 3544 969 3595 ;
1002 3529 1084 3583 De
1115 3530 1427 3585 Homerica
1456 3532 1921 3601 consuetudine;
1954 3538 2067 3589 Bo-

418 3637 443 3669 ι
477 3616 737 3673 lutiones
769 3618 1213 3674 Homericarum
1244 3620 1680 3678 dubitationum
1705 3640 1719 3688 ;
1743 3622 1809 3678 In
1829 3623 2067 3681 Hesiodi

420 3729 448 3757 ‹‹
482 3707 901 3780 Theogoniam,
937 3731 965 3760 ››
998 3714 1058 3766 et
1085 3710 1203 3767 alia
1231 3712 1439 3767 multa.

482 3798 840 3868 Zenodotus,
892 3800 1204 3871 Ephesius,
1256 3808 1431 3873 poeta
1491 3803 1693 3874 epicus
1754 3809 1813 3860 et
1869 3821 2067 3878 gram-

413 3889 688 3953 maticus,
720 3889 966 3945 Philetas
994 3890 1345 3962 discipulus.
1396 3893 1548 3948 Vixit
1590 3894 1697 3950 sub
1746 3896 2065 3952 Ptolemaao

424 3977 617 4047 primo
650 3983 708 4032 et
735 3979 967 4049 primus
993 3977 1108 4034 fuit
1137 3980 1372 4036 Homeri
1417 3988 1733 4038 corrector.
1788 3986 1871 4044 (V.
1918 3986 2069 4039 Κυδ-

416 4066 527 4120 teri
559 4071 683 4122 not.
719 4068 763 4134 Ι,
798 4071 941 4123 tom.
974 4067 1044 4135 II,
1104 4085 1237 4140 pag.
1299 4071 1373 4142 8.)
1433 4071 1596 4126 Idem
1650 4073 2070 4129 Alexandrinis

413 4154 654 4225 prwfuit
682 4154 1059 4211 bibliothecis
1092 4161 1151 4211 et
1179 4158 1483 4215 Ptolemzei
1514 4160 1737 4218 liberos
1787 4162 2069 4233 instituit.

488 4242 839 4314 Zeuxippus.
872 4245 1309 4317 Christodorus,
1343 4249 1619 4306 haroicus
1670 4258 1863 4323 poeta,
1920 4252 2072 4308 scri-

416 4331 537 4405 psit
565 4333 892 4404 Ecphrasin
941 4339 1271 4390 statuarum
1315 4338 1616 4410 Zeuxippi.
1665 4340 1857 4413 (Libro
1887 4358 1920 4396 v
1948 4344 2067 4398 An-

725 4514 956 4597 Kuster:
990 4520 1114 4570 not.
1149 4519 1201 4582 7,
1239 4519 1489 4602 tomuII,
1513 4524 1728 4602 pag,_7.
1763 4521 1828 4602 H.

493 4584 607 4655 (38)
636 4586 763 4640 Non
794 4587 981 4659 magis
1010 4603 1211 4642 verum
1244 4588 1355 4644 hoc
1384 4584 1498 4644 fuit
1513 4584 1720 4647 “Sui—das
1751 4596 1942 4659 aetate,

2174 1939 2202 1969 «
2234 1920 2313 1974 De
2346 1920 2708 1991 Amphipoli.
2735 1922 2870 1975 Item
2900 1921 3476 1989 ContraIsocratem,
3501 1928 3834 1991 oratorem,

2172 2029 2199 2057 «
2231 2008 2456 2077 aliaque
2477 2007 2745 2077 plurima,
2779 2006 2839 2062 in
2869 2008 3066 2077 quibus
3093 2011 3205 2077 fuit
3237 2015 3285 2063 et
3317 2009 3551 2064 Homeri
3586 2010 3842 2082 Vitupe-

2173 2117 2202 2147 α
2234 2096 2406 2152 ratio.
2442 2120 2464 2148 ι

2240 2188 2485 2242 Zonaaus
2517 2187 2755 2258 scripsit
2798 2190 3098 2243 amatorias
3144 2188 3421 2259 epistolas,
3474 2194 3536 2244 et
3581 2191 3648 2245 de
3700 2193 3839 2247 ludo

2162 2278 2317 2349 pile.
2352 2276 2862 2333 Circumferuntur
2905 2283 2965 2334 et
3011 2279 3139 2333 aliae
3189 2279 3318 2351 ejus
3366 2279 3607 2349 epistola:
3656 2285 3833 2337 rusti-

2171 2381 2363 2433 canae;
2404 2366 2508 2422 sed
2537 2366 2610 2422 ab
2641 2367 2829 2438 ipsius
2857 2368 3008 2441 stylo
3038 2367 3344 2424 recedunt.

2239 2456 2600 2523 Zoroastres,
2661 2455 3075 2524 Persomedus,
3136 2461 3374 2512 caeteros
3450 2462 3831 2514 astronomos

2170 2543 2465 2614 sapientia
2521 2559 2810 2615 superans
2866 2548 2923 2598 et
2979 2544 3206 2615 primus
3262 2551 3468 2600 auctor
3522 2548 3829 2619 Magorum

2172 2633 2456 2700 nominis,
2483 2632 2642 2704 apud
2671 2632 2831 2704 ipsos
2853 2634 3097 2704 recepti.
3127 2634 3259 2688 Fuit
3276 2635 3453 2690 annis
3475 2636 3823 2708 quingentis

2171 2728 2308 2778 ante
2335 2722 2559 2779 bellum
2573 2722 2706 2795 Troj
2715 2723 3434 2779 anum.Circumferuntur
3446 2725 3574 2797 ejus
3590 2746 3614 2775 α
3634 2725 3825 2781 libelli

2172 2833 2201 2863 «
2218 2813 2555 2884 quatuorde
2572 2817 2816 2880 natura;
2846 2813 2918 2868 de
2939 2813 3217 2887 pretiosis
3235 2813 3823 2887 lapillis,nnus;pra3-

2179 2919 2202 2949 ι
2222 2901 2512 2958 dictiones
2529 2901 2837 2957 stellarum
2862 2920 2876 2970 ;
2899 2902 3519 2973 apotelesmaticorum
3542 2903 3680 2958 libri
3705 2905 3770 2957 V.
3798 2928 3825 2955 ιι

2241 2994 2599 3059 Zoroastres,
2633 2996 3009 3046 astronomus
3040 2991 3149 3046 sub
3182 2992 3354 3059 Nino,
3381 3008 3519 3064 rege
3552 2992 3827 3063 Assyrio-

2172 3096 2327 3148 rum,
2383 3081 2485 3151 qui
2515 3081 2755 3153 optavit,
2811 3086 2879 3134 ut
2928 3080 3063 3153 igne
3111 3080 3335 3136 ccclesti
3403 3080 3824 3153 conﬂagraret,

2172 3171 2522 3241 monutique
2554 3171 2848 3242 Assyrios,
2894 3175 2962 3225 ut
3004 3170 3236 3225 cineres
3283 3188 3423 3227 suos
3476 3179 3818 3238 servarent;

2178 3260 2264 3316 sic
2293 3260 2455 3315 enim
2483 3259 2608 3316 fore
2640 3264 2705 3314 ut
2733 3276 2914 3333 regno
2946 3275 3257 3331 nunquam
3279 3260 3641 3332 exciderent,
3666 3261 3828 3333 quod

2176 3352 2356 3408 etiam
2384 3366 2544 3406 nunc
2572 3349 2683 3422 (38)
2713 3349 2871 3422 apud
2900 3350 3061 3422 ipsos
3091 3349 3437 3406 observatur
3462 3368 3475 3405 :

2237 3439 2674 3508 Zoromasdres,
2699 3440 3009 3496 Chaldaeus
3032 3440 3291 3511 sapiens,
3326 3441 3565 3513 scripsit
3593 3442 3823 3499 mathe-

2166 3531 2385 3587 matica
2413 3535 2472 3586 et
2500 3529 2764 3601 physica.

2237 3620 2525 3688 Zosimus,
2582 3618 3041 3686 Alexandrinus,
3108 3618 3524 3692 phi1050phus,
3583 3620 3825 3691 scripsit

2168 3710 2517 3780 Chymeutica
2546 3709 2618 3765 ad
2649 3709 3061 3778 Theosebiam,
3094 3726 3382 3776 sororem,
3415 3710 3592 3780 idque
3647 3727 3819 3780 opus,

2169 3801 2377 3857 ordine
2404 3800 2778 3872 alphabetico
2813 3801 3124 3872 scriptum,
3176 3799 3344 3855 libris
3395 3800 3638 3865 XXVIII,
3685 3818 3822 3856 con-

2171 3895 2306 3948 stat.
2339 3895 2387 3946 A
2410 3891 2768 3962 quibusdam
2803 3890 2863 3946 id
2895 3890 3248 3946 inscribitur
3276 3889 3640 3964 χειρόκμητα,
3671 3891 3819 3945 Item

2177 3983 2361 4038 Vitam
2387 3981 2657 4037 Platonis.

2240 4070 2527 4139 Zosimus,
2590 4071 2824 4126 Gazaeus
2880 4069 2970 4125 vel
3052 4070 3449 4137 Ascalonites,
3536 4069 3823 4141 sophista,

2166 4159 2535 4231 temporibus
2569 4160 2711 4231 imp.
2746 4158 3062 4229 Anastasii.
3098 4159 3346 4231 Scripsit
3374 4182 3395 4208 α
3431 4159 3663 4215 lexicon
3689 4159 3825 4214 rhe-

2170 4272 2199 4301 «
2235 4249 2511 4315 toricum,
2545 4253 2605 4303 et
2634 4248 3134 4304 commentarium
3165 4248 3229 4303 in
3277 4249 3735 4304 Demosthenem
3767 4253 3826 4304 et

2172 4361 2200 4389 «
2235 4339 2489 4410 Lysiam.
2522 4358 2551 4386 ι)

2212 4534 2351 4573 uam
2383 4519 2778 4586 Zoroastreos,
2811 4533 2961 4589 quos
2990 4520 3282 4574 memorat
3299 4517 3484 4574 libros
3507 4521 3647 4573 tunc
3667 4517 3826 4589 apud

2212 4535 2351 4573 nam
2383 4535 2778 4586 Zoroasueos,
2811 4546 2813 4563 ι

2171 4535 2403 4645 Euneos
2429 4589 2813 4662 superfuisse.

419 4738 3831 4769 ww

1062 4875 1718 5030 INDEX
1848 4877 3177 5032 SCRIPTORUM

733 5128 787 5193 A
836 5128 1076 5197 SUIDA
1128 5133 1716 5221 LAUDATORUM,
1771 5138 2232 5207 NONNULLIS
2280 5137 2503 5205 LOCIS
2556 5135 3108 5204 KUSTERIANIO
3157 5133 3512 5202 PLENIOR

416 5467 687 5536 Acasius,
724 5468 1007 5540 scphista.
1043 5489 1092 5526 v.
1130 5387 1412 5533 Λιὸἒνιος.

417 5560 636 5627 Acacii,
672 5562 951 5703 gwsarfaa
982 5561 1264 5635 episcopi,
1294 5563 1449 5619 liber
1476 5564 1549 5620 de
1580 5566 1905 5626 orthodoxa
1927 5572 2064 5628 ﬁde.

597 5649 669 5703 Ἰο
714 5667 848 5703 ινιαν
890 5669 936 5703 ς.

597 5649 936 5711 Ἰοϐινιανός.

418 5740 689 5797 Achaeus.

2106 5399 2152 5463 ι)
2255 5388 2343 5445 Ἐν
2370 5384 2552 5464 Ἴριδι.
2584 5405 2635 5444 v.
2670 5388 2809 5450 Βοῦς
2838 5381 3103 5460 ἕϐδομος.

2251 5479 2339 5534 Ἐν
2369 5480 2448 5547 τῷ
2480 5473 2821 5550 Φιλοκτήτῃ.
2854 5495 2906 5534 v.
2934 5473 3177 5533 Ἐλελεῦ,

2179 5566 2438 5622 Acusilai
2486 5565 2707 5637 scripta
2763 5563 3161 5637 supposititia.
3220 5561 3526 5620 Ἑκαταῖος·
3587 5561 3841 5637 Ἱστορῆ.

2249 5674 2360 5711 σαι.

2177 5743 2462 5803 Elianus.
2495 5762 2547 5802 v.
2603 5737 2942 5819 ’Λϐληχρόν.
2988 5736 3231 5819 ’Λϐραῖς.
3287 5742 3525 5817 *Δγεταιο
3585 5738 3836 5817 ’Δγονέα.
