4088 6312
286 372 439 434 1381
1596 375 1696 434 DE
1741 371 1925 445 QUIB

2105 370 2376 433 lUIDAS.
3535 378 3695 441 1382

286 501 681 561 Caucasus.v.
716 501 979 575 Λήμνιον.
1964 505 2017 572 Α
2192 493 2450 570 Ῥύϐδην,
2507 498 2762 575 Ῥύγχος.
2826 499 3272 577 Σφακελίζοντες.
3318 502 3563 561 ’Υπουλα
3637 530 3694 582 γ.

287 591 601 663 Cephalus,
634 591 855 647 rhetor.
889 610 943 645 ν.
972 592 1275 664 Ἐπιτίμια.

2188 586 2827 664 Ψαμμακοσιογάργαρα.
2861 589 3041 664 Ψύρα.

291 680 746 751 Cephisodorus.

2118 678 2205 735 Ἑν
2237 676 2632 752 Ἀρχιλόχοις.
2664 696 2711 732 v.
2749 678 2871 740 Διὸς
2903 682 3105 755 ψῆφος.

361 768 648 841 Ἀμαζόσι.
682 770 920 831 ν.“ονος
943 768 1116 826 ὕεται.
2119 764 2444 828 Βουκόλοις.
2530 785 2579 822 v.
2662 767 2977 841 Ἀνθρακάς.
3061 769 3324 828 Ἀνεσίαν.
3401 774 3697 830 Ἀποκτιν-

287 858 560 930 Cercops,
589 861 1013 933 Pythagoreus.
1045 878 1098 918 v.
1137 859 1388 938 Ὀρφεύς.

2188 855 2360 913 νύναι.

287 948 658 1017 Chasremon,
711 950 1123 1022 philosophus,
1182 951 1432 1007 Neronis
1477 956 1825 1023 praaceptor.
1886 968 1929 1007 v.

2121 943 2373 1015 Δηλιάσι.
2405 962 2456 1001 v.
2490 945 2585 1001 Ῥα
2595 949 2723 1014 ζεῖν.

441 1033 815 1112 ’Δλέξανδρος,
850 1036 1095 1114 Αἰγαῖος.
2120 1032 2498 1097 Διδασκαλίας.
2532 1054 2584 1091 v.
2619 1035 2990 1111 Ἀναρύπτειν.

292 1127 661 1183 Cbmremon.

2122 1122 2668 1199 Διονυσιαλεξάνδρῳ.
2700 1144 2755 1184 v.
2790 1125 3243 1203 Ἀνεπάγγελτος,
3268 1131 3550 1201 νΑνηστις.

362 1213 611 1289 Τερσίτῃ.
643 1234 695 1273 v.
728 1216 817 1278 Ὠς
848 1217 961 1292 οὐχ
1002 1218 1289 1293 ὑπάρχων.
2120 1215 2429 1289 Δραπέτισι.
2489 1233 2539 1272 v.
2615 1215 2921 1290 Ἀμαρτεῖν.
2982 1216 3379 1277 Ἀνεικᾶσασθε.
3449 1221 3698 1277 Ἀποπά-

288 1303 663 1360 Chamaaleon
676 1350 688 1362 .

2188 1323 2357 1376 τημα.
2393 1297 2719 1373 Κυϐηλίσαι.
2751 1304 2915 1366 ’Όνος
2947 1302 3113 1361 ὕεται.
3151 1304 3299 1363 Ὧδε.

367 1393 451 1446 Ἐν
476 1392 556 1464 τῷ
588 1393 713 1468 περί
744 1392 1024 1457 Θέσπιδος,
1058 1414 1109 1452 v.
1142 1393 1310 1453 Οὐδὲν
1345 1396 1483 1473 πρὸς
1506 1396 1597 1451 τὸν
1632 1404 1689 1453 Δ.
2118 1397 2348 1465 Ἥρωσι.
2383 1411 2432 1450 ν.
2466 1393 2708 1454 Ἀνεκάς-

367 1481 456 1538 Ἐν
508 1485 590 1554 τῷ
638 1483 762 1558 περὶ
822 1484 1103 1561 Σατύρων.
1161 1503 1213 1542 v.
1272 1483 1615 1548 Ἀπώλεσας.
1667 1485 1938 1560 ’Δρίπιος
2120 1481 2402 1556 Θρᾴτταις.
2437 1500 2488 1539 V.
2525 1482 2857 1540 Ὀκτώπουν.

438 1569 615 1629 Κόκλ.
2119 1569 2454 1634 Μαλθακοῖς.
2495 1589 2543 1628 v.
2578 1568 2804 1626 Κυλλοῦ
2834 1593 2894 1628 π.

2122 1660 2210 1715 Ἐν
2237 1658 2490 1731 Νεμέσει.
2525 1678 2577 1717 v.
2610 1659 2826 1733 Χαίρις,
2866 1673 2979 1725 κιθ.

2121 1748 2347 1822 Νόμοις.
2381 1768 2433 1805 v.
2468 1747 2750 1821 Ἀλώπηξ.
2786 1751 3293 1824 Ἀποστοματίζειν.
3340 1755 3481 1827 Χρή.

2120 1834 2451 1896 Ὀδυσσεῦσι.
2483 1858 2532 1894 v.
2563 1838 2734 1912 ’Ἃθυρ
2745 1859 2837 1912 μα.

2119 1930 2445 1991 Πανόπταις.
2478 1947 2532 1987 v.
2565 1926 2865 1999 Κηκεῖδιος.
2903 1928 3150 1987 Παιδικὰ.

2119 2017 2589 2094 Πυθαγοριζούσῃ.
2624 2037 2674 2074 v.
2707 2021 3043 2097 Ξενοφάνης.

295 1662 544 1727 Charax,
576 1662 916 1719 historicus.
946 1683 997 1719 ν.
1022 1666 1297 1740 Ὅμηρος.

294 1751 662 1807 Charmides.
695 1770 745 1808 ν.
780 1749 975 1823 ”Αδην.

292 1839 630 1897 Chionides.

367 1930 599 2003 Ἥρωσι.
634 1950 684 1989 v.
716 1932 933 2008 Ἀγνος.

297 2020 680 2093 Chrysippus.
740 2040 791 2080 γ.
876 2022 1177 2096 Κέρκωπες.
1234 2026 1633 2097 Τιμο>ροῦντος.
1689 2024 1935 2101 Χάρμος.

446 2109 616 2170 Θέσις.
649 2110 966 2180 Ἀθήναιος.
2120 2107 2353 2178 Πυλαίᾳ.
2393 2126 2445 2167 v.
2480 2105 2700 2184 Εὕερὸν.
2734 2110 2807 2165 Τὸ
2845 2110 3014 2182 παρὸν
3042 2105 3084 2165 ἔ.

369 2200 452 2254 Ἐν
481 2204 559 2272 τῷ
587 2201 713 2276 περὶ
743 2200 926 2257 Καλοῦ
970 2201 1059 2258 καί
1109 2201 1366 2274 Ἣδυνῆς.
1424 2223 1474 2261 ν.
1534 2205 1945 2280 Λασταυροκάκ-
2121 2195 2404 2260 Πυλαίοις-
2436 2216 2486 2255 νη
2521 2197 2872 2271 Ἀμῦνασθαιο

438 2285 636 2346 καϐον.
2124 2288 2349 2363 Πυτίνῃ.
2392 2307 2447 2345 v.
2481 2288 2743 2365 Ἀράχνη.
2794 2290 3070 2368 Ἀφέλεια.
3134 2292 3448 2365 Δεσμώτης.
3520 2292 3699 2350 Δωδε-

1967 1883 2020 1947 Β

370 2381 456 2436 Ἐν
487 2385 568 2453 τῷ
597 2381 666 2454 ιβ’
694 2386 803 2437 τῶν
826 2388 1067 2452 φυσικῶν
1106 2382 1304 2459 λόγων.
1340 2404 1390 2441 v.
1415 2385 1725 2459 Πρόληψις.
2192 2377 2511 2452 κάκρουνον.

369 2470 455 2524 Ἐν
489 2474 567 2542 τῷ
595 2470 717 2545 περῖ
752 2477 1043 2547 χρησμῶν,
1069 2492 1118 2529 v.
1153 2474 1408 2535 Νεοττός,
2128 2466 2421 2543 Σεριφίοις.
2513 2486 2564 2524 v.
2630 2465 2919 2544 Ἀμοργοί.
3010 2468 3331 2546 (Σερίφοις.)
3411 2471 3697 2546 Σταθερόν.

299 2558 771 2630 Chrysostomus.
806 2580 856 2617 ν.
908 2558 1245 2636 Βδελυγμία.
1300 2564 1735 2637 Διαπεφώνηκεν.
1772 2569 1929 2619 Κατα-

2197 2553 2578 2625 Τελενικῆσαι.

442 2651 608 2722 νυγῶ.

376 2736 461 2790 Ἐν
491 2739 560 2808 τῇ
591 2735 888 2809 Ἐρμηνείᾳ
908 2744 1011 2806 τῆς
1039 2738 1176 2814 πρὸς
1222 2739 1544 2814 Κορινθίους
1592 2739 1945 2811 Ἐπιστολῆς.

445 2842 496 2881 v.
533 2823 720 2899 Λόγὶα.

304 2914 592 2983 Cinesias,
623 2920 799 2987 poeta
827 2916 1316 2990 dithyrambicus.
1353 2936 1406 2975 ν.
1443 2918 1731 2990 Κατατιλᾷ.

300 3003 637 3063 Clearchus.
670 3023 719 3063 v.
743 3005 900 3081 Ὑπὲρ
925 3005 991 3060 τὰ
1014 3003 1447 3081 Καλλικράτους.

376 3092 462 3146 Ἐν
491 3094 571 3165 τῷ
600 3094 724 3169 περὶ
756 3092 948 3151 Οῗνιυν.
981 3115 1031 3152 v.
1067 3097 1325 3159 Νεοττός.

296 3181 636 3253 Clearchus,
667 3185 948 3242 Solensis.
980 3204 1033 3242 ν.
1059 3184 1298 3260 Χάρμος.
1327 3188 1634 3258 ’ΛΟήναιος.

296 3271 591 3329 Clemens.
616 3291 663 3329 v.
698 3272 897 3345 Ζάλην.
930 3274 1098 3348 Ἤρας
1126 3272 1184 3329 δὲ
1216 3273 1264 3333 δ.
1300 3272 1687 3349 Ηαλίμϐολος.

296 3360 639 3433 Clementis,
675 3364 987 3420 Stromatei
1018 3365 1188 3421 liber.
1222 3383 1270 3421 ν.
1306 3365 1562 3430 Λεόντιος
1599 3367 1866 3443 μοναχός.

296 3449 619 3506 Clidemus.
662 3469 713 3508 V.
745 3449 968 3508 ’Άπεδα-
1005 3451 1308 3522 ’Ππὲδιζον.
1347 3453 1551 3527 ﬂown).
1581 3457 1732 3527 Ὕης.

296 3537 646 3595 Clitarchus.
700 3558 749 3595 γ.
788 3538 1116 3612 Σαρδώνιος.

297 3624 682 3684 Clitodemus.
707 3647 757 3684 ν.
789 3629 910 3685 Ἐπὶ
941 3628 1255 3703 παλλαδὲῳ.

297 3715 562 3781 Crantor,
600 3719 1012 3790 philosophus.
1044 3738 1095 3774 ν.
1129 3720 1339 3782 Θὲσεις.
1384 3722 1585 3799 Σκίφη.

303 3805 577 3861 Craterus
589 3850 599 3861 .
632 3825 683 3863 v.
721 3806 929 3861 Ναυτοδ
942 3806 1069 3866 ίκαι.

381 3894 468 3946 Ἐν
498 3892 700 3967 ἐννατῳ
729 3901 837 3950 τῶν
867 3895 1272 3974 Ψηφισμάτων.
1304 3916 1353 3954 v.
1390 3897 1696 3976 Νύμφαιον.

308 3982 528 4040 Crates.
563 4000 616 4039 ν.
651 3982 894 4058 Ἀλκμάν
930 3981 1177 4043 Ἀνεϐίω.
1223 3985 1579 4061 Ἀψάλακτος.
1637 3994 1946 4062 Γυπαρίοις.

451 4066 794 4131 Διαϐἀλλειν.
890 4072 1375 4149 Διαψαλάττεσοαι.
1457 4077 1747 4151 Παρουσία.
1809 4085 1949 4156 Προ-

462 4165 652 4218 κώνια.
690 4159 1045 4238 Σαρπηδονίᾳ

380 4257 465 4312 Ἐν
497 4260 576 4328 τῷ
606 4253 729 4330 περὶ
760 4255 1019 4327 Ἀθήνῃσι
1079 4258 1306 4321 Θυσιῶν,
1366 4273 1417 4311 v.
1475 4255 1798 4332 Εἰρεσιώνη.
1848 4263 1953 4313 Κυ-

445 4347 655 4415 νήειος.

374 4434 729 4497 ἘνΓείτοσι.
756 4452 805 4491 v.
838 4434 927 4494 Ὗς
963 4429 1053 4487 διὰ

380 4526 617 4598 Ἥρωσι.
652 4543 703 4580 v.
739 4524 959 4598 ’Ainz.

2126 2643 2448 2719 Τροφωνίῳ.
2487 2661 2532 2700 v.
2564 2640 2842 2718 Ai’peoﬁat.

2129 2732 2378 2805 Χείρωσι.
2428 2750 2482 2788 v.
2543 2731 2780 2808 Οὐρανια
2840 2731 2943 2805 αἶ’ξ.
3030 2730 3449 2797 Πανδελετίους,
3509 2734 3703 2792 Ῥαδα-

2204 2822 2455 2896 μάνθυος.

2126 2913 2337 2986 Ὥραις.
2370 2930 2420 2968 v.
2476 2910 2718 2987 Μαρίλη.
2765 2910 3015 2969 Παιδικά.
3079 2913 3459 2989 Πυρορραγής.
3521 2918 3703 2973 Ταῦτα

2059 3000 2333 3074 πράσσων.

2057 3094 2267 3149 Creon.

2132 3179 2217 3233 ’Ev
2250 3180 2294 3233 α’
2326 3180 2683 3255 Ῥητορικῶν.
2704 3200 2753 3237 v.
2784 3178 3381 3258 Ἐγκεκορδυλημένος.
3411 3178 3701 3257 Νιδάριον.

2196 3266 2519 3326 Φακιόλιον.

2053 3359 2277 3415 Criton.

2123 3447 2209 3502 Ἐν
2242 3453 2504 3511 Γετικοῖς.
2531 3468 2582 3507 v.
2612 3449 2794 3524 Ἀρτι,
2843 3454 2942 3504 τοῦ
2999 3451 3119 3526 ἀρτ.
3179 3449 3493 3512 Βοιωτίαις.
3528 3450 3699 3507 Γὲσει.

2196 3538 2595 3613 Δεισδαιμονία.
2632 3542 2829 3613 Ἐνεμη
2842 3544 3031 3614 μένων.
3089 3544 3522 3616 Καθιστάμενος.

2056 3629 2362 3703 Crobylus.
2397 3648 2447 3686 ν.
2481 3629 2806 3707 ’(ὶψοφαγία.
2838 3628 3171 3705 Τιμαχίδας.
3205 3630 3345 3688 Ῥόό.

2057 3720 2301 3775 Ctesias.

2130 3809 2219 3863 Ἐν
2255 3806 2512 3881 Περίπλῳ
2544 3808 2742 3870 Ἀσίας.
2778 3827 2828 3864 v.
2866 3806 3195 3870 Σκιάποδες,

2062 3898 2272 3969 Cyclus
2305 3898 2528 3969 epicus.
2557 3916 2606 3956 ν.
2635 3898 2923 3971 Τευμισία.

2059 3987 2308 4059 Cyprius
2341 3992 2530 4059 poeta.
2566 4005 2617 4046 ν.
2648 3988 2809 4049 Οἷνος
2843 3986 3032 4060 ὠνομ.

2059 4077 2312 4149 Cyrillus
2344 4078 2601 4149 Magnus.
2633 4078 2716 4132 Ex
2738 4094 2805 4132 co
2832 4077 3096 4150 prolixus
3125 4077 3291 4133 locus
3324 4084 3531 4134 contra
3561 4094 3698 4151 spa-

2207 4166 2391 4222 dones
2424 4171 2481 4221 et
2512 4167 2815 4223 eunuchos
2847 4167 3181 4223 adducitur.
3225 4183 3276 4223 v.
3313 4163 3567 4222 Σπάδων.

2871 4263 2913 4312 D

2067 4346 2400 4402 Daduchus.
2431 4364 2481 4403 ν,
2517 4343 2824 4408 Γενέθλιος.

2062 4436 2392 4508 Damageti,
2423 4437 2802 4505 Heracleotaa,
2861 4436 3162 4509 epitomen
3212 4435 3451 4508 scripsit
3501 4438 3712 4492 Demo-

2207 4526 2468 4596 sthenes,
2499 4526 2706 4581 Thrax.
2742 4545 2792 4581 v.
2826 4526 3074 4598 Δημοσθ.

378 4610 650 4673 Παιδιαῖς.
676 4631 725 4669 v.
757 4611 938 4668 ’Ἄλλο
963 4608 1167 4685 ἕτερον.

2105 4615 2433 4683 νδπιειδοὶιιε,
2464 4633 2513 4669 v.
2541 4613 2916 4688 Ἀγαθοεργία.
2957 4611 3262 4689 Ἀγχίνοια.

374 4697 642 4771 Τόλμαις.
677 4719 727 4755 v.
761 4702 923 4762 Ὅνος
954 4700 1005 4753 ἐν
1042 4699 1168 4771 μελ.
1215 4690 1220 4695 ’
2135 4703 2524 4778 Ἀγχίσκοπος.
2622 4703 2949 4777 ’Λορυπτος.
3037 4701 3314 4762 Ἀθύτους.
3400 4702 3712 4777 Ἀπέραιον.

305 4790 527 4855 Crates,
553 4790 899 4857 Aristarchi,
931 4790 1324 4861 grammatici,
1358 4793 1630 4849 aemulus.
1689 4811 1744 4850 v.
1806 4793 1929 4868 Ἀρί

2207 4793 2530 4867 Ἀκροατής.
2563 4790 2916 4865 Ἀκρὸπολις.
2952 4792 3301 4865 Ἀμήχανον.
3363 4795 3709 4861 ”Ανοριυπος.

451 4896 711 4950 σταρχοςο
2204 4879 2266 4933 τὸ
2314 4900 2556 4953 προσηγ.
2627 4880 2878 4955 Ἀπῆγεν.
2936 4878 3256 4954 Ἀπόπειρα.
3310 4882 3495 4933 ⁹¹Αττα.
3560 4878 3710 4954 Ἀφέ-

309 4965 529 5032 Crates,
565 4967 897 5035 Thebanus,
932 4985 979 5023 v.
1015 4967 1396 5042 Ἀναξαγόρας.
1448 4966 1853 5033 Ἀπολλώνιος.
2206 4966 2345 5025 λεια.
2381 4965 2731 5024 Βλακεῦεται.
2792 4967 3060 5022 Γελασείω
3112 4965 3442 5041 Διωλύγιον.
3513 4971 3714 5039 Δομνῖ-

307 5053 596 5109 Cratinus.
668 5072 719 5109 ν.
769 5051 1055 5109 ”Ανα).τον.
1126 5055 1520 5111 Ἀνανεοῦσθαι.
1585 5057 1947 5114 Ἀναπῖπτειν.
2205 5078 2312 5119 νος.
2351 5062 2556 5133 Δῶρος,
2588 5055 2828 5121 Αἷδοῖος.
2887 5060 3158 5133 Ἐναγεῖς.
3194 5054 3557 5132 Ἐνδόμυχος.
3594 5057 3715 5113 Ἐπ’

450 5146 843 5217 Ανεπτεροῦτο.
902 5143 1222 5210 Ἀνθρωπος
1328 5142 1604 5214 λυπησολ.
1674 5151 1947 5222 ’Ἀνοργοι.
2208 5144 2518 5222 ἐλάχιστον.
2580 5146 2909 5217 Ἐπιτίθησι,
2988 5144 3304 5224 Ἐπιφσὶνιος
3389 5146 3479 5201 καὶ
3537 5145 3712 5220 Εὗπρ.

447 5230 629 5303 Ἀξιος
680 5225 885 5287 λαϐεῖν,
948 5230 1313 5302 Ἀπαλλαξας.
1375 5234 1741 5298 Ἀποκεῖσθαι.
1799 5238 1960 5293 Ἀπο-
2205 5236 2493 5311 Ἑρμαῖον,
2544 5236 2723 5312 Ἔρως
2775 5237 2838 5291 τὸ
2919 5256 3012 5313 πρ.
3080 5234 3377 5311 Εὐμοιρία.
3442 5232 3712 5292 Εῗὸωλον.

455 5324 585 5393 ρεῖν.
656 5316 871 5387 Βάδιζε.
926 5323 1130 5374 Βῶσον.
1216 5319 1517 5394 Δραπὲτης.
1577 5321 1779 5397 Αἴγλη.
1853 5324 1952 5398 Αἴξ
2208 5326 2550 5399 Ἠνείχοντο.
2625 5325 2897 5397 Ἰδιώτης.
2968 5325 3147 5401 Θοίνῃ.
3208 5325 3459 5403 Κάρβων.
3522 5327 3711 5382 Ὅσιον

450 5407 691 5481 οὐρανία.
773 5409 1121 5484 Ἐγκυρῆσαι.
1217 5409 1469 5479 Ἐξὸδιοι.
1601 5412 1955 5483 Ἐπηνήκιζε.
2208 5433 2352 5489 χωρ.
2436 5419 2588 5472 Ὦτα.
2667 5416 3052 5490 Παρίστασθαι.
3138 5421 3320 5477 [Ιῖνος.
3401 5411 3708 5489 Πλαδαρόν.

470 5498 969 5571 Ἐπιλησμότατον,
1012 5494 1235 5573 Εὔερον.
1297 5501 1671 5562 Κλεισθένους.
1730 5505 1951 5566 Κοννᾶς.
2213 5505 2619 5577 Προσεποιήθη.
2701 5506 2987 5580 Πρόσοιτο.
3067 5509 3395 5582 Πυργοῦται.
3458 5503 3711 5578 Ῥητορι-

449 5587 623 5663 Λὲρνη
694 5597 746 5650 θ.
829 5588 1106 5658 Μισήτην.
1180 5589 1543 5663 Ναξιουργής.
1619 5588 1956 5670 Ὀλόφωνος.
2207 5593 2802 5667 κή.⁶Ρυθμίζει.Σκιὰ
2853 5594 3094 5672 ὀνείρων.
3155 5597 3438 5670 Στοιχεῖα.
3499 5592 3715 5662 Συννή-

448 5680 512 5730 Ὦ
584 5677 701 5734 τάν.
796 5672 1054 5734 Παιδικὰ.
1148 5675 1565 5750 Πολύμνηστος.
1657 5680 1953 5757 Ηρόσισχε.
2210 5701 2323 5746 σας.
2386 5682 2669 5757 Συριανός.
2724 5682 3022 5743 Τάττουσα.
3106 5684 3441 5757 Τεκμήριον.
3512 5679 3716 5756 Τετρά-
