4088 6312
292 287 445 348 1385

362 507 482 582 χία.
589 510 840 584 Μύρτης.
917 511 1258 586 Μυρτώνιον.
1365 507 1660 588 Νεϐρίζων.

366 1049 603 1122 oratio.)

293 1139 383 1196 Ἐν
429 1143 510 1210 τῷ
563 1139 697 1214 πρὸς
753 1141 851 1208 τὴν
911 1140 1183 1217 Λακρίτου
1239 1144 1622 1220 παραγραφήν.
1677 1161 1732 1199 v.
1804 1144 1936 1199 [lev-

359 1229 602 1298 τηκοστή
614 1273 625 1284 .

289 1317 379 1374 Ἑν
407 1321 486 1389 τῷ
517 1319 653 1372 κατὰ
683 1319 981 1379 Λεπτίνου.
1013 1339 1064 1376 v.
1094 1322 1542 1392 Ἀνταπαιτῆσαι.

290 1407 376 1463 Ἐν
407 1412 487 1480 τῷ
517 1409 654 1483 πρὸς
686 1411 982 1482 Λεπτίνην.
1016 1429 1068 1468 v.
1100 1413 1240 1487 Ὅρα
1273 1409 1362 1484 δή.

290 1496 376 1552 Ἑν
409 1501 490 1570 τῷ
521 1500 659 1554 κατὰ
710 1499 957 1559 Μειδίου.
1020 1521 1068 1558 v.
1127 1505 1296 1575 ”Αμα.
1358 1497 1652 1575 Ἀστρά6ἠ.
1711 1501 1935 1562 Βιαίων,

358 1583 694 1646 Ξυλλαϐεἶν.
755 1591 912 1649 Οῖον,
973 1593 1344 1662 Πεντηκοστή.
1411 1587 1935 1668 Προϐαλλομένους.

357 1676 536 1734 ἰὐτά.
569 1678 894 1749 Σπουδάζω.
926 1681 1073 1754 Τίμη
1087 1703 1180 1754 μα.

285 1766 372 1820 Ἐν
427 1771 507 1838 τῷ
561 1770 699 1824 κατὰ
757 1769 1008 1844 Νεαίρας.
1067 1789 1117 1826 v.
1177 1771 1682 1848 Ἀποπεφασμένον.
1753 1769 2012 1853 Ἄπι-Β

359 1856 581 1930 κισμός.
649 1857 1194 1938 Ἐκιρυλλοιρορῆσαι.
1281 1859 1506 1922 Κυνὲας.
1565 1861 1626 1916 Ὁ
1692 1859 1931 1921 κάτωθεν

360 1967 410 2007 v.
444 1950 720 2010 Ιῐωλοῦσι.

289 2037 355 2092 Εν
384 2041 464 2110 τῷ
498 2039 634 2093 κατὰ
664 2040 1055 2114 Νικοστράτου.
1087 2059 1138 2096 v.
1171 2044 1460 2116 Ἀρχαῖον.

288 2125 376 2182 Ἐν
415 2131 494 2199 τῷ
526 2129 660 2202 πρὸς
695 2129 1080 2202 Νικόστρατον,
1112 2148 1163 2186 v.
1198 2127 1592 2205 Περιστοίχων.

273 2214 359 2271 Ἐν
419 2221 499 2288 τῷ
554 2219 690 2272 κατὰ
773 2217 1258 2295 Ὀλυμπιοδώρου.
1345 2237 1397 2275 v.
1480 2213 1921 2291 Ἀνθυπωμοσία.

345 2303 684 2364 Ἐπεδικασε.

276 2393 364 2449 Ἐν
407 2399 488 2467 τῷ
547 2396 684 2451 κατὰ
741 2397 1038 2474 Ὀνήτορος
1091 2399 1159 2472 β’*
1219 2416 1268 2455 v.
1332 2395 1716 2472 Ἀποτιμηταί.
1778 2401 1917 2472 Προ-

344 2485 554 2542 στασία.

267 2572 360 2628 Ἐν
443 2578 523 2645 τῷ
601 2575 724 2651 περὶ
801 2575 1128 2651 Ὀνόματος.
1202 2594 1257 2646 v,
1337 2577 1585 2633 Πινὶκια.
1666 2581 1916 2648 Σεσημα-

338 2663 543 2735 σμένῳ.

276 2751 362 2805 Ἐν
438 2756 506 2826 τῇ
569 2752 706 2828 πρὸς
801 2753 1147 2810 Πανταίνετον
1228 2757 1582 2831 παραγραφῇ.
1674 2772 1724 2808 v.
1794 2755 1916 2810 Ἐπὶ

345 2841 667 2917 Θρασύλλῳ.
755 2846 1072 2918 Κεγχρεῶν.
1168 2844 1477 2918 Μαρώνεια.
1593 2845 1916 2916 Παρακατα-

343 2924 508 3000 ϐολή.

274 3023 362 3072 ἰιν
438 3024 519 3092 τῷ
593 3021 716 3094 περὶ
818 3016 1281 3098 Παραπρεσϐείας.
1386 3041 1437 3078 v.
1515 3022 1910 3094 Ἀστάθμητος.

339 3110 814 3175 Ἀσυνθετώτατον.
918 3112 1108 3169 ”Αττα.
1217 3110 1452 3186 Δρυμός,
1557 3111 1908 3187 ἰ·ῐπικράτης.
1952 3152 1994 3217 C

335 3201 524 3271 Ἀθην.
613 3201 923 3278 Είσιτήρια.
1008 3205 1221 3278 Ὀρᾶτε.
1299 3200 1681 3266 Ῑῐυνθάνεσθαι.
1762 3205 1910 3264 Τέως

339 3289 848 3366 “γποκοριζόμενοι,

274 3379 361 3432 Ἐν
393 3384 473 3451 τῷ
505 3380 640 3456 ὑπὲρ
671 3380 950 3458 Ῥητόρων
979 3381 1155 3457 λόγῳ.
1184 3402 1236 3438 v.
1270 3383 1439 3456 Ἅμα.

277 3466 363 3523 Ἐν
415 3471 495 3540 τῷ
551 3469 676 3543 περὶ
731 3472 832 3540 τῆς
884 3469 1116 3528 Ῥοδίων
1173 3471 1498 3547 ἐλευθερίας.
1554 3491 1603 3529 v.
1663 3474 1922 3549 ’Δρτεμι-

348 3577 454 3612 σια.

274 3647 362 3700 Ἔν
391 3649 470 3716 τῷ
499 3646 633 3701 κατᾶ
668 3644 964 3706 Σπουδίου.
997 3668 1047 3705 v.
1083 3648 1341 3722 Νέμεσία.

271 3734 360 3790 Ἐν
392 3739 474 3806 τῷ
503 3736 639 3810 πρὸς
673 3733 968 3794 Σπουδίαν.
1001 3757 1053 3804 v,
1089 3740 1299 3808 Σκηνή.

274 3823 366 3881 Ἐν
413 3828 491 3897 τῷ
548 3825 671 3901 περὶ
725 3825 1018 3904 Στεφάνου.
1083 3846 1134 3884 v.
1195 3828 1362 3900 Ἀμα.
1425 3828 1748 3905 Ἀναφοροὶν.
1808 3829 1923 3900 Ἐξο-

349 3914 609 3985 ητάσθης.
709 3913 1059 3989 Καλαμίτης.
1183 3914 1920 3992 Καταψευδομαρτυρησάμε-

353 4025 461 4065 νος.
523 4005 892 4080 Κατηγορίας.
957 4003 1208 4067 Κίναδος.
1271 4003 1365 4062 εἷδ.
1440 4009 1922 4082 ΙΙαραπεπτωκώς.

357 4093 561 4158 Σύλας.
622 4093 870 4168 Τρίμμα,
903 4096 931 4149 ὁ
961 4115 1108 4165 τετρ.
1167 4092 1487 4168 Φαρμακος.
1533 4097 1695 4168 (Vide
1745 4099 1923 4155 etiam

351 4202 549 4257 supra,
618 4186 706 4240 Ἐν
774 4187 853 4256 τῷ
919 4184 1049 4260 ὑπὲρ
1118 4189 1521 4263 Κτησιφῶντος.
1599 4187 1699 4242 Est
1763 4188 1922 4245 enim

348 4275 555 4331 eadem
588 4276 818 4346 oratio).

279 4363 368 4420 Ἐν
399 4367 480 4434 τῷ
511 4362 634 4435 περὶ
666 4366 774 4418 τῶν
798 4363 1148 4439 Συμμάχων.
1177 4382 1226 4420 v.
1261 4360 1520 4437 Τίμημα.

277 4451 367 4506 Ἐν
399 4455 479 4522 τῷ
509 4451 633 4524 περὶ
694 4457 1054 4526 Συμμοριῶν.
1115 4472 1168 4511 v.
1231 4454 1582 4530 Κληροῦχοι.
1651 4457 1919 4507 Κοινωνι-

345 4540 464 4595 κόν.
494 4543 555 4595 Ὀ
585 4540 842 4603 κάτωθεν.
881 4541 1194 4616 Συμμορία.
1230 4540 1406 4604 Τέως.

280 4629 483 4699 Ἐντῷ
541 4628 665 4702 περὶ
727 4628 1054 4698 Συντάξεως.
1117 4649 1165 4686 v.
1229 4627 1654 4704 Ὀπισθόδομος.
1712 4635 1928 4705 Παρθυ-

355 4717 464 4772 σία.

283 4807 370 4862 Ἐν
426 4809 505 4878 τῷ
561 4806 696 4881 πρὸς
752 4804 1039 4880 Τιμόθεον.
1101 4827 1153 4865 v.

350 4898 622 4971 κιουργίς.

1239 4808 1737 4883 ’Λποστησάμενον.
1821 4817 1927 4863 Λυ-

284 4989 372 5044 Έν
473 4991 552 5059 τῷ
625 4989 760 5042 κατὰ
835 4987 1238 5063 Τιμοκράτους.
1315 5007 1367 5044 ν.
1469 4988 1928 5068 Ἐτερόφθαλμος.

353 5076 525 5133 Ἥων.
613 5077 968 5151 Ἱερομηνίαι.
1077 5077 1441 5153 Ναυκραρικά.
1527 5079 1734 5136 Ὀσιον.
1825 5086 1934 5136 Πο-

354 5161 617 5238 δοκάκκη.
706 5169 1164 5242 Ηροστιμήματα.
1253 5166 1493 5226 Φαῦλον.
1579 5165 1682 5243 εἷ’ρ.
1762 5169 1934 5226 Φιλέ-

352 5257 501 5328 ψιος.

288 5345 378 5400 Ἐν
438 5349 516 5416 τῷ
591 5345 729 5420 πρὸς
815 5346 1142 5403 Φαίνιππον.
1235 5345 1676 5420 Ἀπηλοήμένος.
1763 5346 1930 5403 Ἀπό-

354 5456 532 5502 φασις.

281 5523 371 5580 Ἐν
425 5529 541 5588 τοῖς
627 5525 1012 5589 Φιλιππικοῖς.
1073 5546 1123 5586 v.
1184 5527 1574 5602 Ἀγνωμόνως.
1647 5527 1930 5603 Ἀρχαῖος.

355 5619 540 5672 Ἄντα.
688 5617 942 5690 Ἀτιμος.
1090 5619 1389 5693 Βάραθρον.
1541 5621 1929 5690 Δυσωποῦμαιο

609 5739 870 5800 ΡΑτιιοι.
921 5738 1029 5797 Gn.
1066 5737 1295 5798 CXV“.

1581 293 1634 350 Α
1676 283 1911 350 sun».
1938 246 2440 345 'CITATORUM.

361 419 574 494 κρίνης,
630 418 1016 496 Λαρυγγίζειν.
1074 419 1274 493 Λεύκη.
1343 420 1552 498 Λόγου.
1612 443 1659 480 τ.
1716 425 1936 477 Μουνυ-
1975 421 2024 484 Α

1766 511 1938 568 Νέων.

363 597 623 673 Ο”κίσκῳ.
685 601 1020 674 Ὀνομάζων.
1078 601 1191 658 Οὐκ
1274 599 1362 656 ἐπὶ
1419 609 1519 671 τῆς
1593 601 1777 671 αὐτῆς.
1843 606 1944 655 [Ια-

369 688 637 761 ροίσημος.
691 688 1010 765 Παρελθεῖν.
1075 690 1367 766 Περίλλος.
1430 691 1735 764 Πομπείας.
1798 697 1942 766 Πορ-

366 777 525 849 θμός.
574 774 1092 854 Προϐαλλομὲνους.
1156 776 1346 835 Σάϐοι.
1410 781 1606 854 Σιμός.
1668 779 1937 853 ΣίμυΛος.

369 867 701 940 Στρεπτούς.
749 869 1040 944 Φρεάριος.
1101 871 1268 934 (Vide
1327 873 1505 928 etiam
1563 871 1738 944 paulo
1790 870 1939 925 infe-

367 957 512 1024 rius,
544 958 632 1013 'Ev
691 962 769 1030 τῷ
820 957 944 1035 περὶ
1004 961 1299 1036 Στεφάνου.
1360 961 1458 1017 Est
1515 961 1674 1017 enim
1733 959 1939 1016 eadem

3543 296 3700 361 1386

2198 416 2412 478 Ἔθνος.
2462 416 2525 471 οὗ
2587 439 2645 491 μ.
2707 420 3116 506 Ἐπικηρυκεία.
3173 423 3488 502 Ἐφορμεῖν.
3549 429 3709 506 Ἐχῖ-

2191 525 2302 566 νος.
2336 506 2577 563 Ἡλικία.
2612 505 2930 578 Καταόολή.
2983 515 3261 588 Κατάγειν.
3313 517 3380 571 τὰ
3427 539 3485 574 π.
3542 505 3703 576 Μαλ-

2196 593 2408 667 κίομεν.
2441 596 2736 671 Μάστειρα.
2793 601 3046 671 Μεθώνη.
3102 602 3339 676 Μελίνη.
3390 615 3556 680 Δημ.
3587 611 3700 666 Με-

2190 682 2408 746 νέλαος.
2442 687 2756 746 Μετοίκιον.
2791 694 3012 763 Μορῶν.
3063 694 3311 752 Ξενικόν.
3365 692 3695 756 Συλλαϐεῖν.

2191 775 2384 831 Ὀκνῶ.
2419 775 2854 852 Ὀλιγωρήσητε.
2888 784 3054 835 Ὄνου
3086 781 3227 838 σκιά.
3281 786 3483 861 Παγάς.
3538 788 3692 860 Πάρ-

2187 861 2339 924 αλος,
2401 865 2742 942 Πεζαίτερος.
2804 870 2929 943 Περὶ
2979 877 3080 939 τῆς
3167 869 3219 926 ἐν
3279 881 3335 928 Δ.
3411 879 3696 947 Περιστοι-

2189 952 2426 1026 χίζεται.
2461 954 2708 1013 Πινάκια.
2756 955 3037 1013 Πολιτεία.
3090 957 3496 1037 Πολύστρατος.
3552 971 3696 1041 ΙΙρο-

2188 1037 2361 1115 ϐόλῳ.
2445 1043 2790 1117 Προπύλαια.
2879 1047 3179 1121 ΙΙεοτιμᾷν.
3268 1037 3691 1124 Πρυτανεύοντα.

2189 1131 2520 1207 Στρατηγοί.
2557 1129 2846 1207 Σύμϐολα.
2894 1137 2991 1200 τὰς
3036 1159 3086 1193 σ.
3138 1137 3417 1213 Σύνταξις.
3473 1143 3587 1198 ἀντὶ
3637 1165 3690 1202 τ.

2184 1221 2358 1284 Τὲως.
2388 1221 2524 1284 Τοὺς
2558 1243 2754 1299 χωρις.
2788 1225 3130 1301 Ὑπάγουσιν.
3165 1228 3488 1306 Φύλαρχος.

2113 1311 2202 1367 Ἐν
2233 1315 2312 1383 τῷ
2342 1311 2388 1366 α’
2419 1311 2795 1372 Φιλιππικῶν.
2819 1335 2870 1374 v.
2900 1317 3260 1382 Ἀποστολάς.

2114 1399 2202 1453 Ἐν
2228 1401 2272 1462 ς’
2302 1397 2542 1458 Φιλιππ.
2576 1419 2624 1458 v.
2661 1404 2954 1479 Δεκάρχαι.

2115 1488 2202 1542 Ἐν
2233 1493 2310 1560 τῷ
2344 1491 2474 1564 ὑπὲρ
2507 1492 2857 1567 Φορμίωνος,
2893 1515 2942 1553 v.
2981 1497 3342 1571 Προθεσμίας.

2044 1580 2471 1637 Demosthenes
2503 1582 2574 1638 ab
2607 1585 3068 1642 Atheniensibus
3099 1590 3350 1646 traditus
3381 1593 3690 1664 Antipatro

2185 1688 2320 1727 cum
2351 1672 2484 1728 aliis
2507 1675 2862 1740 oratoribus,
2898 1677 3218 1748 Hyperido,
3252 1682 3691 1758 Hymermo,Ly-

2186 1778 2385 1835 curgo.
2421 1763 2761 1834 Polyeucto,
2794 1766 3085 1837 Ephialte,
3118 1769 3504 1843 Thrasybulo,
3537 1776 3690 1832 Cha-

2191 1859 2339 1923 rete,
2371 1854 2743 1926 Charidemo,
2777 1857 3053 1928 Diotimo,
3085 1861 3375 1932 Patrocio,
3436 1865 3690 1924 Cassan-

2189 1942 2316 1998 dro.
2347 1961 2398 1998 ν.
2431 1943 2812 2018 Ἀντίπατρος.

2043 2033 2474 2089 Demostratus.
2509 2052 2559 2088 ν.
2592 2033 2977 2106 Δημοποίητα.
3013 2038 3212 2111 Χάραξ.
3245 2040 3366 2110 ἀρσ.

2040 2122 2356 2195 Dexippus.
2391 2140 2441 2179 v.
2474 2122 2613 2178 ’Δπὸ
2644 2119 2734 2192 δή.
2772 2124 3140 2196 Ἐπιμᾶλλον.
3200 2129 3513 2204 Εύθαρσῶς.
3566 2138 3681 2190 Πα-

2181 2208 2416 2286 ραπολύ.
2506 2216 2877 2292 Παραχρῆμα·
2963 2221 3338 2294 Πατασσουσῃ.
3397 2223 3680 2296 Ῥωμαίων

2177 2298 2348 2376 ἀρχή.
2383 2301 2615 2374 Σιμνόν·

2105 2386 2391 2463 Θησαυρῷ.
2425 2407 2476 2446 ν.
2512 2394 2850 2464 Κιυρι›καῖος.

2032 2478 2287 2548 Diagori,
2321 2481 2500 2549 athei,
2533 2479 2996 2555 ἀποπυργίζοντες
3023 2480 3208 2563 λόγοι.
3259 2505 3310 2545 v.
3364 2489 3674 2568 Ἀποπυργ.

2031 2567 2424 2624 Dicaearchus.

2032 2654 2121 2710 Ἐν
2151 2653 2230 2727 τῷ
2260 2657 2382 2732 περὶ
2418 2659 2712 2714 Μουσικῶν
2747 2661 3022 2734 Ἀγώνων.
3056 2680 3108 2721 V.
3143 2665 3400 2723 Σκολιόν.

2031 2744 2412 2816 Pidymus.v.
2468 2745 2709 2806 ’Λλόειν.
2769 2747 3032 2823 Ἀνδηρα.
3093 2753 3370 2825 Γαμήλια.
3425 2758 3678 2814 Ἐλευθὲ-

2173 2853 2290 2909 ριος
2330 2831 2608 2906 Ἐξένισεν.
2668 2836 2820 2910 Θρία.
2882 2837 3233 2912 Κυψελιδῶι.
3295 2852 3676 2922 Λυκιουργεῖς.

2168 2923 2484 2996 Ὀξυθύμια.
2544 2924 2765 3001 Ὂρῥον.
2827 2926 3030 2986 Ὀσιον.
3089 2934 3153 2985 Ὠ
3205 2931 3319 2990 τάν.
3377 2940 3675 3010 Παρασκή-

2168 3033 2272 3069 νια.
2312 3011 2570 3076 ΙΙὲλανος.
2606 3015 2736 3088 Περὶ
2767 3021 2868 3084 τῆς
2896 3016 2948 3070 ἐν
3005 3025 3062 3074 Δ.
3113 3023 3508 3099 Περιστοίχων.
3567 3031 3675 3084 llo.

2173 3099 2435 3173 δοκάκκη.
2510 3100 2918 3179 Πολύστρατος.
3003 3106 3283 3167 ΙΙωλοῦσι.
3367 3117 3654 3186 Προκώνια

2175 3193 2534 3267 Πρόπεμπτα.
2584 3193 2905 3267 ΙΙροστασία.
2965 3197 3271 3268 Τευτάζειν.
3333 3203 3476 3265 Τοὺς
3533 3204 3679 3262 ἑταί-

2173 3303 2320 3357 ρους.
2356 3286 2674 3358 Φάρμακος.

2031 3373 2345 3445 Didymum
2375 3375 2598 3431 audivit.
2628 3378 2877 3450 Appion.
2912 3395 2963 3434 ν.
2995 3379 3228 3438 Ἀπίων.
3253 3386 3441 3444 multa
3472 3395 3679 3448 contra

2171 3465 2380 3521 Jubam
2413 3467 2652 3538 scripsit
2678 3485 2731 3522 ν.
2765 3461 2961 3529 Ἰόϐας.

2030 3554 2334 3626 Didymus,
2367 3557 2708 3623 Monachus,
2741 3573 2791 3611 ν.
2825 3555 3050 3628 Ἀμοῦς,

2031 3645 2378 3701 Dinarchus.
2453 3663 2503 3702 ν.

2582 3646 2905 3720 Ἀγραφίου.
2982 3649 3320 3725 Ἀνάγεσθαι.
3381 3655 3672 3715 νΔναλτον.

2172 3732 2439 3807 Ἀπέχει.
2520 3729 3026 3805 Ἀντιϐοληοέντος.
3108 3740 3401 3815 Ἀπήχεια,
3507 3751 3678 3804 Ἀπο..

2166 3821 2347 3896 γνούς.
2409 3823 2907 3902 Ἀποπειρασμένον.
2970 3827 3360 3902 Ἀποσάξαντα·
3435 3835 3677 3892 Ἀπότα..

2173 3932 2292 3987 φος.
2370 3913 2862 3988 Ἀρχαιρεσιάζειν.
2942 3915 3198 3973 Βουλαία.
3301 3919 3671 3989 Βουλεόσεως.

2171 3999 2430 4057 Βουλεία.
2521 4003 2784 4076 Γόργυρα.
2875 4001 3196 4079 Διᾶμετρος.
3271 4009 3535 4083 Ἐξούλης
3595 4012 3675 4073 ὄν.

2172 4085 2463 4162 Εὐανδρία.
2541 4091 2855 4164 Θεογείτων.
2953 4090 3248 4165 Κλιμάζει.
3325 4099 3670 4172 Λαμπάδιον,

2172 4177 2454 4253 Λογισταί,
2559 4181 2878 4258 Μοχθηρός.
2993 4182 3132 4256 Οῗ’κη
3145 4207 3240 4259 μα.
3353 4189 3672 4266 Ὀμοερχές.

2168 4269 2406 4342 ὐχεῖον.
2471 4266 2879 4345 Παλιναίρετος.
2943 4277 3454 4351 Παραφρυκτωρεῖν.
3517 4283 3678 4338 Ὑπό-

2171 4353 2360 4435 λῡγον.
2391 4358 2708 4432 ’Τποφόνια.
2743 4365 2934 4426 Φασις.
2965 4365 3360 4447 Χρυσοχοεῖον.

2097 4447 2184 4503 Ἐν
2215 4451 2294 4520 τῷ
2324 4447 2458 4502 κατᾶ
2489 4448 2898 4524 Ἀγασικλέους.
2929 4472 2980 4510 v.
3013 4459 3389 4534 Σκαιρηφόροι·

2098 4538 2191 4593 Ἐν
2219 4540 2288 4610 τῇ
2323 4537 2453 4612 ὑπὲρ
2487 4537 2755 4617 Αἰσχίνου
2787 4541 3088 4618 Ἰσηγορίᾳ.
3120 4562 3172 4600 ν.
3207 4544 3558 4621 Κλιμακίζει.

2105 4625 2190 4682 Ἐν
2222 4630 2301 4699 τῷ
2329 4627 2464 4681 κατᾶ
2495 4627 2913 4704 ’Λρχεστράτοω
2947 4650 2998 4689 v.
3031 4633 3522 4714 Ἀποψτ,φίζονται.

2109 4717 2192 4772 Ἐν
2233 4720 2312 4788 τῷ
2340 4716 2476 4772 κατᾶ
2508 4715 2840 4779 Καλλίστου.
2873 4740 2925 4776 v.
2960 4721 3444 4797 Ὑπονομεύοντος.

2111 4805 2197 4862 Ἐν
2224 4809 2304 4877 τῷ
2333 4805 2469 4860 κατὰ
2499 4807 2847 4882 Λεωχάρους.
2882 4828 2930 4864 v.
2964 4815 3152 4882 Δεῦρο.

2109 4897 2196 4951 Ἐν
2226 4899 2305 4968 τῷ
2337 4895 2472 4950 κατᾶ
2503 4896 2834 4974 Λυκούργου.
2867 4919 2922 4958 v.
2964 4899 3392 4977 Καταλεύσιμον.

2113 4986 2199 5041 Ἐν
2230 4989 2308 5057 τῷ
2339 4985 2474 5040 κατᾶ
2502 4985 2849 5062 Μεναίχμου.
2882 5008 2932 5054 v,
2965 4993 3332 5065 Πραγματεία.

2111 5076 2198 5131 Ἐν
2229 5080 2308 5148 τῷ
2337 5076 2472 5131 κατὰ
2504 5075 2870 5136 Πολυεύκτου.
2904 5099 2955 5136 v.
2990 5080 3233 5156 Δῖγεῖον.

2113 5167 2197 5223 Ἐν
2229 5169 2298 5240 τῇ
2328 5165 2465 5221 κατὰ
2522 5164 2868 5224 Πολυεύκτου
2924 5171 3246 5249 Ἀποφάσει.
3309 5193 3356 5232 v.
3418 5181 3694 5254 Παραγγε-

2183 5253 2296 5311 λία.

2113 5347 2199 5401 Ἐν
2231 5349 2298 5418 τῇ
2329 5344 2464 5398 κατὰ
2534 5343 2878 5402 Πολυεύκτου
2934 5347 3518 5430 ἐκφυλλοφορηθέντος
3570 5357 3691 5412 Ἐν-

2187 5433 2366 5507 δειξει.
2402 5453 2451 5490 v.
2488 5440 2526 5488 Π
2539 5433 2602 5489 αλ
2615 5435 2902 5510 ιναίρετος.

2117 5526 2201 5582 Ἐν
2251 5528 2342 5596 τῶ,
2388 5523 2525 5578 κατὰ
2610 5527 2836 5582 Πυθέου.
2898 5547 2948 5585 v.

3034 5529 3338 5607 ’Δπρότων.
3420 5531 3693 5605 Καλλίας,

2187 5635 2339 5690 πτερ.
2375 5609 2790 5675 Καταδεδὲσθαι.

3377 5745 3456 5800 44
