4088 6312
330 427 358 486 1
372 425 492 486 397

404 558 495 615 Ἐν
526 557 605 627 τῷ
633 552 757 626 περὶ
786 553 882 606 τοῦ
912 546 1198 623 Βατράχου
1220 545 1405 626 φόνου.
1466 564 1516 604 v.
1570 541 1906 620 Φηγούσιον.

409 648 495 702 Ἐν
526 649 604 716 τῷ
635 644 770 718 πρὸς
803 639 1122 696 Γλαύκωνα.
1153 657 1204 693 v.
1242 635 1557 710 Προῦκειτο.

401 737 488 791 Ἐν
543 738 620 804 τῷ
677 733 814 787 κατὰ
864 725 1241 801 Δημοσθένους
1314 725 1637 801 ἐπιτροπῆς.
1700 743 1750 781 v.
1839 728 1977 796 Καρ-

473 827 578 878 ποῦ
615 821 665 880 δ.

402 915 488 971 Ἐν
520 918 600 986 τῷ
630 910 752 987 περὶ
782 913 880 964 τοῦ
912 905 1203 980 διδομὲνου
1241 909 1358 967 τοῖς
1412 901 1696 965 ἀδυνάτοις
1739 897 1972 961 ὀϐολοῦ.

477 1023 529 1060 v.
565 1003 896 1075 Ἀνάπηρον.

404 1095 490 1152 Ἐν
523 1096 602 1165 τῷ
633 1092 756 1164 περὶ
805 1096 903 1160 τῆς
963 1088 1276 1161 Ἐπιγένους
1329 1082 1617 1154 διαθήκης.
1675 1102 1728 1138 v,
1789 1080 1977 1158 Ἀνάρ.

475 1203 664 1258 γυρος.

405 1273 492 1330 Ἐν
527 1268 851 1343 Ἐπιστολῇ.
876 1287 925 1325 ν.
963 1267 1064 1322 ὑπὸ
1100 1263 1303 1339 μάλης.
1337 1261 1557 1319 Φαῦλον
1591 1258 1694 1336 εἷ’ρ.

405 1363 490 1418 Ἐν
522 1365 601 1433 τῷ
630 1365 745 1415 κατ’
777 1354 1093 1414 Εὐθυδίκου.
1135 1374 1186 1411 v.
1220 1355 1279 1410 Ἀ
1293 1349 1522 1431 μφιδὲας

409 1453 498 1508 Ἐν
529 1431 609 1522 τῷ
666 1447 790 1524 περὶ
848 1445 1028 1507 αἲκίας
1085 1444 1221 1518 πρὸς
1277 1441 1610 1515 Ἰσοκράτην.
1671 1458 1717 1494 v.
1769 1431 1981 1512 Ὕϐρις.

477 1545 606 1617 ἠμι

401 1635 490 1694 Ἐν
521 1638 600 1707 τῷ
629 1632 770 1706 πρὸς
799 1626 1139 1688 Καλλικλέα.
1171 1645 1223 1683 v.
1262 1625 1622 1697 Ἀπόμισθος.

407 1726 494 1782 Ἐν
525 1727 605 1794 τῷ
637 1721 774 1796 πρὸς
801 1718 1078 1776 Κλεινίαν.
1112 1736 1163 1772 v.
1197 1715 1329 1771 Ὑπὸ
1364 1713 1564 1788 μάλης.

409 1792 606 1885 Ἐπιτῷ
636 1792 769 1888 πρὸς
829 1812 1210 1888 Κτησιφῶντα.
1273 1824 1323 1862 v.
1388 1799 1733 1878 Συγκομιδή.
1797 1792 1987 1856 Ἀπείὲ

479 1925 614 1958 πατο
626 1948 639 1962 ο

411 1996 605 2066 Ἐντῷ
637 1993 772 2068 πρὸς
819 1983 1111 2048 Αυσίόιον.
1170 2006 1222 2045 v.
1270 1982 1570 2046 Ἐπίδικος.
1627 1984 1802 2054 (Isaai,
1861 1998 1983 2038 non

483 2085 716 2159 Lysias.)

410 2179 498 2234 Ἐν
531 2180 610 2247 τῷ
647 2173 784 2229 κατᾶ
814 2171 1100 2234 Λυσιθὲου.
1131 2187 1184 2228 v.
1217 2165 1412 2223 Γωνία.

415 2267 504 2324 Ἐν
561 2266 632 2336 τῇ
714 2263 850 2337 πρὸς
904 2261 1230 2334 Μετάνειραν
1287 2253 1573 2329 ἐπιστολῇ,
1655 2272 1706 2309 v.
1790 2252 1985 2324 Ὁμοῦ.

485 2353 667 2430 ἐγγύς.
1240 2364 1243 2365 ⁷

409 2445 552 2520 Πρὸς
574 2445 673 2513 τήν
712 2439 1024 2515 Μιξιδάμου
1053 2439 1289 2515 γραφήν.
1324 2455 1376 2491 ν.
1412 2437 1715 2494 Μουσαῖος.
1749 2452 1808 2488 π.

418 2535 502 2590 Ἐν
532 2537 613 2604 τῷ
644 2532 779 2604 πρὸς
811 2529 1049 2586 Ναυσίαν
1077 2525 1199 2602 περὶ
1239 2527 1335 2579 τοῦ
1387 2523 1580 2579 τύπου.
1642 2539 1691 2576 v.
1753 2521 1989 2594 Λιθουρ-

487 2622 641 2697 γική.

420 2714 506 2769 Ἐν
527 2715 606 2783 τῷ
635 2708 770 2764 κατᾶ
801 2708 1015 2764 Νικίου.
1049 2725 1099 2763 v.
1135 2704 1410 2776 Πτώματα
1442 2700 1524 2758 ἐλ.

403 2803 492 2858 Ἐν
524 2804 610 2872 τῷ
639 2799 777 2874 πρὸς
810 2799 1160 2870 Ξενοφῶντα.
1188 2812 1238 2849 v.
1275 2787 1621 2868 Συγκομιδή.

407 2892 496 2948 Ἐν
519 2871 598 2961 τῷ
621 2871 758 2963 πρὸς
787 2886 879 2941 τὸν
928 2882 1239 2956 Πολέμωνα
1269 2879 1446 2955 λόγῳ.
1505 2899 1557 2935 v.
1590 2877 1713 2935 Ἐπὶ
1765 2871 1991 2947 καλάμῃ

485 2981 674 3055 ἀροῦν.

418 3070 505 3126 Ἐν
537 3073 616 3141 τῷ
645 3066 783 3123 κατὰ
814 3069 920 3121 τῶν
954 3060 1319 3119 Σιτοπωλῶν.
1357 3079 1409 3116 v.
1441 3059 1645 3129 Ἄξιον.
1681 3055 1732 3110 οἱ

421 3160 503 3214 Ἐν
535 3162 614 3231 τῷ
647 3159 784 3232 πρὸς
813 3155 1058 3228 Τίμωνα.
1087 3171 1138 3210 v.
1173 3146 1711 3225 Ἀσχηματισμένος.

419 3249 509 3304 Ἑν
530 3252 610 3320 τῷ
641 3246 779 3323 πρὸς
807 3239 1148 3319 Τιμωνίδην.
1184 3260 1236 3298 v.
1273 3239 1538 3303 Διάθεσις.

411 3338 497 3394 Ἑν
528 3341 606 3410 τῷ
643 3337 773 3410 ὑπὲρ
810 3335 1128 3409 Φερενίκου.
1162 3349 1210 3386 v.
1246 3328 1419 3388 Ούσία
1451 3326 1674 3403 φανερά.

340 3428 754 3503 Lysimachus.

414 3519 500 3575 Ἐν
535 3518 583 3593 β’
612 3517 847 3579 Νόντως.
883 3533 933 3571 v.
973 3512 1249 3587 Σαμαίνη,
1283 3517 1340 3568 et
1358 3506 1582 3583 Σαμίων
1625 3507 1653 3561 ὁ
1690 3502 1758 3563 δ’.

1145 3625 1215 3677 ιι

353 3735 750 3797 Macedonius,
778 3731 1009 3788 consul.
1041 3747 1092 3784 ν.
1116 3725 1397 3802 Ἀγαθίαςο

353 3826 646 3900 Megisten,
670 3821 1096 3896 Coproegnius.
1117 3835 1167 3874 v.
1193 3816 1497 3890 Ἀνώγεων.

357 3919 614 3988 Magnes.
639 3931 691 3967 ν.
724 3907 912 3966 Λυδοί.

424 4006 513 4061 Ἐν
549 3998 821 4071 Πιτακίδι,
853 4019 905 4057 v.
940 4001 1045 4054 Νῦν
1080 3993 1170 4066 δή,

353 4094 690 4152 Malachias.
718 4110 770 4147 v.
803 4083 999 4144 Ἀϐϐἇ.
1036 4082 1482 4159 Μεμυαλωμὲνα.

359 4184 642 4240 Malchus.
701 4199 755 4235 ν.
812 4176 1115 4250 Ἀμαξιτόν.
1202 4172 1489 4246 Ἐπετίμα.
1565 4172 1768 4247 Λέπρα.
1851 4171 2001 4228 Λέων

573 4274 697 4348 βασ.
733 4269 1012 4342 Σύνταξις.
1054 4260 1397 4320 ’1“πολα6ών.

361 4366 768 4422 Marathonius
797 4362 967 4420 CPol.
1000 4377 1052 4414 ν.
1088 4355 1388 4418 Ἐλεύσιος.

357 4457 754 4512 Marcellinus.
789 4469 839 4508 v.
875 4446 1212 4520 Ἀπήλαυσε.
1261 4443 1611 4502 ’Λπολαύειν.

361 4547 590 4601 Marcus
631 4543 989 4599 Antoninus.
1022 4556 1074 4593 ν.
1105 4532 1558 4592 Ἀκενὸσπουδον.
1609 4534 1914 4609 Ἀκέραιον,
1944 4530 2005 4587 ἐκ

571 4652 621 4687 τ.
654 4626 1072 4698 Ἀνακλητικόν.
1112 4623 1376 4686 Εὕλυτος.
1433 4622 1730 4697 Εὐμάρεια.
1786 4621 1999 4698 Ὀρθόσ.

574 4716 896 4790 Πρασιανός.

356 4812 636 4868 Marinus.
679 4826 730 4865 ν.
763 4806 968 4880 Ἀρχή.
996 4806 1031 4873 ἡ
1067 4802 1183 4876 μέν.

355 4901 662 4956 Maximus.
698 4915 749 4952 v.
777 4891 1152 4970 Συγγραφεύς.

354 4991 601 5056 Medius,
633 4989 922 5044 medicus.
957 5003 1009 5041 ν.
1043 4981 1487 5058 Ἐρασίστρατος.

361 5079 709 5154 Megaclides
731 5075 784 5132 ἐν
813 5080 929 5136 τοῖς
959 5074 1086 5148 περὶ
1113 5073 1378 5146 Ὀμήρου.
1413 5088 1464 5125 v.
1500 5068 1815 5139 ’Λθηναίας.

360 5170 734 5226 Melanthius.
773 5186 824 5225 ι’.
857 5164 1196 5240 Γρυπαίνειν.
1239 5161 1503 5236 “¹Εγρυπε.

362 5258 704 5324 Menander,
737 5256 1024 5313 medicus.
1053 5272 1098 5308 ν.
1139 5246 1436 5324 Λεσχίδης.

365 5348 705 5410 Menander,
741 5345 1025 5403 comicus.
1057 5360 1109 5396 v.
1146 5338 1412 5412 Ἀγρίους,
1467 5332 1789 5412 Αδρᾶστεια.
1846 5340 2006 5392 Ἀνα-

577 5437 744 5492 πετῶ.
796 5431 1126 5506 Ἀνατρὲχω.
1186 5425 1624 5499 Ἀπασκαρίζειν.
1684 5425 2005 5500 Ἀπὲςρηνεν.

575 5517 911 5590 ’Διποοόίῖέῂ⁴
972 5521 1030 5572 ’.Α
1044 5520 1461 5593 ρτικροτεῖσθάι.
1553 5508 2003 5584 Ἀσκαλαϐώτης.

578 5609 1073 5688 Ἀσχολος.Βαθύς.
1109 5604 2007 5680 Βουκόρυζαν.Δημιουργοί.Διαρ-

575 5710 760 5773 τῆσαι.
809 5696 1223 5772 Ἐκκορηθείης.
1299 5693 1636 5767 Ἐξαλλαξαι.
1698 5694 2003 5768 Ἐσχάτως.

578 5795 894 5872 Εὐρωτιῶν.
935 5786 1203 5862 Εὐτελῄς.
1259 5783 1352 5849 Εἷς
1410 5783 1634 5864 ἀγοράν.
1692 5782 2003 5863 Ἡράκλεις.

1611 413 1657 470 Α
1702 410 1936 473 SUIDA
1979 411 2456 478 CITATORUM.
3584 415 3742 480 1398

2009 550 2064 620 Α

2309 556 2426 608 Ἴσα
2459 550 2682 628 βαίνων.
2709 547 2932 606 Κόπτω.
2958 547 3214 622 Κόρημα.
3266 550 3580 606 Μετοίκιον.
3639 557 3742 617 Ναὶ

2308 644 2384 718 μὰ
2411 643 2496 714 τό,
2526 644 2666 717 ὁμοῦ
2708 640 2885 717 ἐγγύς.
2930 641 3120 712 “Ορον.
3182 641 3363 714 Ὅρος,
3424 640 3502 696 Οὐ
3557 641 3739 713 μετόν.

2305 733 2627 809 Παταγημα.
2689 731 3002 802 Παίσωμεν.
3064 727 3356 786 ίΙλύνεται.
3418 736 3740 805 ΙΙράγματα.

2306 824 2645 896 Προστατης.
2681 821 3059 895 Σαθρωθὴναι.
3095 817 3434 879 ὶπαΛίωνες.
3463 827 3744 894 Συκοφαν-

2304 917 2437 967 τεῖν.
2467 915 2584 967 Τῶν
2617 914 2786 982 τριῶν
2817 930 2870 966 κ.
2902 907 3254 983 Τρικορυσία.
3288 908 3597 984 Ὑπάρχων.
3627 911 3742 965 Φά-

2309 1023 2410 1066 σις.
2447 1000 2805 1073 Φιλοσοφεῖν.
2864 999 2980 1052 ἀντὶ
3039 1018 3087 1052 τ.
3123 999 3515 1069 Φρυάττεσθ.ιι.
3577 999 3737 1069 Φυλή

2305 1091 2560 1166 Χλωρόν.
2595 1093 2830 1144 Ψεῦσον.
2861 1089 3000 1144 Vide
3036 1094 3094 1143 et
3123 1085 3384 1161 Λυγκεύς.

2163 1191 2254 1248 Ἐν
2277 1187 2585 1263 Ἀδελφοῖς.
2617 1207 2668 1246 v.
2693 1186 2863 1244 Κοινὰ
2890 1191 2956 1240 τὰ
2984 1206 3034 1240 τ.

2163 1281 2359 1338 Ἁλιεῖ.
2394 1298 2443 1337 v.
2478 1277 2872 1352 Ἀντάλλαγον.
2907 1275 3156 1344 Φηλοῦν.

2164 1369 2573 1442 Ἀνατιθεμὲνῃ.
2602 1387 2653 1426 ν.
2689 1366 3077 1441 Ἀληθέστερα.
3131 1361 3389 1440 Ἀράϐιος
3420 1363 3672 1442 ἄγγελός.

2166 1456 2406 1534 ’Λνδρίᾳ.
2440 1476 2491 1515 ν.
2524 1457 2781 1515 Νεοττόν.

2166 1543 2530 1619 ’Δνδρογύνιμ
2560 1564 2610 1601 v.
2645 1544 2850 1617 Λάμια.
2886 1541 3103 1604 Φίλιος.

2169 1637 2257 1693 Ἐν
2282 1634 2808 1713 Ἀπαγγελλομὲνῳ.
2836 1653 2888 1691 v.
2923 1633 2998 1693 εἷς
3029 1632 3090 1688 τὸ
3119 1629 3262 1688 δέον.

2171 1726 2258 1782 Ἐν
2296 1724 2561 1796 Ἀπίστῳ.
2595 1743 2649 1779 v.
2681 1717 2882 1797 νΑϐρα.

2165 1812 2490 1889 Αὐλητρίδι.
2519 1831 2570 1870 v.
2605 1810 2950 1870 Δωδωναῖον.

2169 1903 2529 1980 Ἀφροδισίῳ.
2565 1925 2612 1964 v.
2648 1904 2931 1974 Ἀλήθεια.
2964 1899 3295 1961 ’Λναθέσθαι.

2165 1995 2504 2051 Δαιταλεῦσι.
2547 2014 2596 2051 v.
2623 1991 2915 2066 Ἀπὲδραν.

2167 2082 2473 2156 Δακτυλίῳ.
2505 2103 2556 2140 v.
2588 2083 2909 2155 Ὑπηνὲμια.
2945 2081 3018 2144 ὡς

2167 2178 2523 2248 Δημιουργῷ.
2556 2193 2606 2229 v.
2641 2171 3003 2246 Δημιουργοί.

2171 2265 2261 2324 Δὶς
2293 2262 2666 2332 ἐξαπατιῶντι.
2697 2280 2748 2318 v.
2783 2261 3040 2317 Ἀπόστα.
3079 2261 3336 2334 Ζάκορος.

2170 2351 2460 2425 Δυσκόλῳ.
2491 2371 2542 2407 V.
2579 2355 2793 2421 Πανικῷ
2826 2347 2875 2408 δ.

2170 2438 2528 2516 Εγχειριδίῳ.
2563 2459 2614 2496 v.
2651 2443 2988 2514 Σωρυκαῖος.

2171 2529 2576 2604 Ἑπιτρὲπουσι.
2613 2547 2662 2587 v.
2699 2525 3104 2602 Ματρυλλεῖον.

2171 2618 2465 2692 Ἐταίραις.
2496 2637 2545 2675 v.
2581 2620 2880 2675 Ἀναπετῶ.

2173 2707 2426 2786 Ἐφεσίῳ.
2459 2726 2513 2763 v.
2545 2705 2763 2762 Ἓνδυο.

2170 2797 2403 2870 ⁶Ηρωσι.
2436 2816 2486 2852 v.
2519 2794 2906 2864 ⁹Αναλυθῆναι.

2175 2884 2350 2943 Θαΐδι.
2383 2906 2433 2944 v.
2469 2883 2721 2963 Κίγκλος.

2177 2982 2465 3053 Θησαυρῷ.
2498 2996 2548 3034 v.
2584 2976 2868 3051 Κανθάρου
2901 2997 2962 3049 μ.

2175 3068 2502 3144 Κανηφόρῳ.
2536 3086 2588 3124 v.
2621 3064 3016 3142 Ἀντάλλαγον.
3044 3065 3428 3140 Ἀποκρίθητι.

2178 3155 2416 3231 Καρίνῳ.
2451 3176 2502 3213 v.
2532 3154 2806 3212 ’Λλύσιον.

2181 3243 2669 3320 Καταψευδομένῳ.
2704 3264 2756 3302 v.
2787 3246 2887 3299 Τὸν
2929 3245 3018 3322 ἀφ’
3049 3245 3216 3320 ἱερᾶς.

2178 3335 2540 3414 Κεκρυφάλῳ.
2579 3353 2628 3391 v.
2664 3329 2998 3408 ’Δϐυρτάκγμ
3035 3333 3244 3409 Αἴρειν.
3274 3333 3363 3389 καὶ
3393 3333 3456 3388 τὸ
3488 3352 3546 3388 π.

2181 3423 2475 3496 Λευκαδίᾳ.
2507 3444 2558 3482 v.
2592 3423 2846 3500 Ζάκορος.

2178 3517 2347 3590 Μέθῃ.
2383 3534 2433 3572 v.
2465 3513 2670 3583 Ἄλλο,
2703 3511 2910 3579 ἕτερον.

2177 3604 2439 3676 Μεσηνίᾳ.
2468 3623 2520 3660 v.
2553 3597 2810 3679 Ἀράϐιος
2842 3597 3100 3680 ἅγγελος.
3130 3604 3302 3659 Ἴσσα.
3335 3601 3557 3658 Ψύλλα.

2179 3692 2531 3765 Μισουμένῳ.
2559 3711 2608 3748 v.
2636 3691 2992 3748 Ἀποκναίειν.
3026 3692 3506 3769 Ἀπαμφιέσαντες.

2179 3787 2573 3859 Μισουμέναις.
2600 3804 2650 3842 v.
2685 3781 3000 3839 Λακωνικαὶ
3023 3782 3114 3840 κλ.

2179 3875 2479 3951 Μισογύνῃ.
2513 3894 2566 3933 v.
2599 3874 2965 3949 Παρᾶπασις.

2181 3963 2515 4039 Ναυκλήρῳ.
2540 3983 2591 4024 v.
2623 3963 2984 4038 Ναξιουργής.

2178 4054 2456 4127 Ὀλυνθίᾳ.
2489 4073 2542 4113 V.
2578 4057 2797 4126 Φέρειν.

2180 4150 2271 4202 ’ἐν
2305 4150 2420 4207 τοῖς
2442 4144 2565 4221 περὶ
2595 4145 2866 4218 Ὀμήρου.
2901 4161 2952 4198 v.
2987 4139 3305 4212 Ἀθηναίας.

2177 4235 2594 4310 Ὁμοπατρίοις.
2627 4253 2677 4291 v.
2712 4233 2992 4309 Ἀλφάνει,

2180 4323 2412 4398 Παιδίῳ.
2446 4345 2500 4384 v.
2537 4324 2797 4381 Ἀπόστα.
2833 4321 3304 4400 Ἀλεξιφάρμακα.

2181 4417 2272 4474 Ἐν
2299 4415 2574 4492 Περινθίᾳ.
2626 4433 2677 4470 v.
2731 4407 3075 4488 Ἀϐἐλτερος.
3130 4409 3375 4486 Ἀνὲφον.
3452 4408 3754 4480 Πομπείας.

3439 4499 3754 4555 Ἀνέσπακε.

2177 4502 2564 4578 Ῥαπιζομένῃ.
2671 4520 2721 4557 v.
2828 4498 3335 4575 Ἀμφορεαφόρους.

2251 4589 2573 4667 Μυόχοδυν.

2185 4691 2494 4763 Σικυωνίῳ.
2525 4710 2576 4745 v.
2606 4685 2803 4762 Ἀϐρα.
2839 4691 3123 4767 Ἂγγαροι.
3152 4688 3307 4756 Κακὴ
3337 4687 3434 4760 μὶν
3473 4708 3502 4742 o
3537 4740 3545 4751 ,

2187 4779 2637 4856 Συναριστώσαις.
2673 4797 2725 4838 v.
2761 4778 3139 4854 Ἀγαπησμός.
3180 4774 3389 4851 Δί’ρειν.
3421 4777 3511 4832 καὶ
3538 4777 3623 4833 τό.

2188 4873 2500 4946 Συνερώσῃ.
2534 4889 2584 4927 v.
2615 4869 2915 4926 Ἀναπετῶ.
2947 4872 3014 4921 Ὦ
3049 4865 3227 4940 μὲλεε.

2186 4965 2352 5037 Τίτθῃ
2403 4984 2454 5021 v.
2489 4963 2847 5034 Δῖτήσασθαι.

2187 5051 2416 5129 Ὑδρείᾳ.
2456 5072 2508 5108 v.
2541 5045 3046 5126 Ἀνορωρυγμένον.

2188 5141 2430 5216 Ὕμνιδι.
2463 5161 2514 5201 v.
2551 5141 2903 5212 Αίτήσασθαι,
2937 5135 3288 5210 Αἰτούμενος.

2190 5230 2629 5308 Ὑποϐολιμαίῳ,
2662 5233 2696 5302 ἣ
2726 5229 3019 5306 Ἀγροίκῳ.
3055 5247 3108 5285 v.
3142 5227 3407 5301 ΙΙὲμπειν.

2191 5322 2576 5397 Χαλκηδονίῳ.
2607 5342 2656 5379 v.
2691 5322 3012 5396 Λιτυέρσης.

2191 5411 2448 5472 Χαλκίδι.
2480 5433 2536 5471 v.
2579 5413 2804 5486 Ιιέμπτῃ
2834 5421 2926 5488 ego.

2190 5505 2366 5578 Χήρᾳ.
2399 5523 2450 5561 ν.
2480 5499 2798 5576 Ἀνάδοχυν.

2189 5590 2594 5667 Ψευδηρακλεῖ.
2627 5611 2676 5648 v.
2706 5583 2902 5663 ’¹Αῦρα.
2937 5587 3214 5662 Καρκίνου
3245 5587 3445 5656 ποιήμ.

2187 5679 2478 5759 Ψοφοδεεῖ.
2512 5701 2563 5736 v.
2596 5682 2754 5742 Ὀνος
2785 5677 2970 5752 λύρας.

2116 5781 2443 5853 Menandri,
2480 5779 2710 5847 comici,
2742 5784 3014 5852 patruus,
3063 5773 3282 5831 Alexis.
3335 5789 3384 5829 ν.
3418 5768 3656 5842 Ἀλέξις.
