4062 6298
226 364 386 424 1409

273 498 373 560 Εἷς
399 497 499 565 τὴν
533 496 955 569 Συντακτήριον.
986 512 1038 550 v.
1072 491 1333 569 Περίγρα.

187 587 664 660 Theophrasius.
701 604 751 641 v.
784 585 967 658 Ἀρχή
1023 581 1210 656 ἄνδρα.
1263 581 1520 652 Δίοσμος.
1551 575 1852 646 ’1σοτελής.

344 673 863 750 ΚαταΧειροτονίαν.
959 671 1258 746 Κότταρος.
1363 667 1594 730 Νᾶννος.
1697 665 1859 724 Ὀλο-

347 765 578 840 σχοίνῳ.
640 761 1048 840 Ὀσφραντικόν.
1107 756 1482 834 Παρμενίδης.
1540 756 1648 821 Ῥίς
1704 762 1854 830 Θυμο

349 849 690 929 ϐογέροντες.
721 851 1035 929 ’Υποιρόνιςμ
1070 849 1282 905 Φλὲων.
1317 845 1589 907 Ψινάδες..

278 950 540 1014 Διαθῆκαι
614 951 722 1001 τῶν
799 945 850 1018 ἐξ
924 944 1258 1006 Ἐλευσῖνος.
1325 942 1670 1017 Ὀργεώνων.
1728 939 1859 1013 Ὀρ-

352 1041 578 1112 γεῶνας.

275 1126 363 1182 Ἐν
396 1131 510 1188 τοῖς
543 1125 787 1200 πρώτοις
816 1127 1066 1196 Καιροῖς.
1100 1141 1150 1178 v.
1184 1121 1360 1195 Ἀρχῆ
1395 1117 1616 1193 Σκυρία.

275 1214 367 1270 Ἐν
400 1219 477 1285 τῷ
505 1213 628 1288 περὶ
663 1217 874 1286 Καιρῶν
910 1213 978 1287 β’.
1013 1230 1064 1266 v.
1101 1207 1442 1283 Κυψελιδῶν.

272 1303 361 1358 Ἐν
391 1307 471 1375 τῷ
493 1301 614 1378 περὶ
652 1300 938 1378 βασιλείας
972 1299 1244 1376 Κυπρίων.
1277 1317 1329 1353 v.
1361 1297 1546 1372 Τιάρα.

271 1393 359 1448 Ἐν
391 1397 508 1455 τοῖς
536 1392 660 1466 περὶ
690 1395 796 1447 τῶν
853 1391 1082 1463 Νόμων.
1145 1407 1196 1444 v.
1257 1383 1554 1462 Ἀρδήτης.
1590 1385 1733 1440 Κατὰ
1761 1384 1860 1453 τήν

348 1482 572 1556 ἀγοράν.

273 1572 365 1628 ’Ev
399 1573 464 1646 ιγ’
493 1575 602 1626 τῶν
663 1570 890 1644 Νόμων.
954 1589 1004 1627 v.
1066 1570 1190 1625 Ὅτι
1248 1568 1299 1623 οἱ
1348 1565 1596 1628 ἁλόντες.
1655 1569 1863 1618 Συστο-

354 1660 626 1735 μώτερον.

279 1751 370 1806 Ἐν
409 1750 466 1804 ιε’
497 1749 725 1821 Νόμων.
753 1767 804 1803 v.
839 1747 1162 1822 Φάρμακος.

283 1843 378 1896 Ἐν
413 1839 476 1902 ις’
506 1839 737 1910 Μόμων.
772 1856 824 1894 v.
858 1835 1208 1915 Ἐμφρεάτοι.

284 1931 376 1986 Ἐν
409 1930 759 1998 ζ“Φ·)σικῶν.
808 1945 859 1984 v.
920 1922 1237 2002 ³Λκαλῆφῃ.
1295 1925 1440 2000 (imo
1497 1923 1693 1998 potius
1751 1927 1865 1976 Φυ-

356 2021 570 2090 τικῶν.)

289 2110 376 2165 Ἐν
407 2109 451 2178 ζ’
479 2107 601 2182 περὶ
637 2109 851 2162 Φυτῶν.
884 2124 935 2161 v.
969 2101 1201 2174 Μελίνη.

209 2200 656 2273 Theopompus,
689 2197 972 2254 comicus.
1005 2214 1056 2252 ν.
1091 2192 1406 2264 Καταπλήξ.

291 2293 438 2366 Ejus
467 2293 694 2360 drama,
723 2288 971 2359 Βατύλη.
1012 2307 1064 2344 v.
1097 2285 1407 2362 Νιττάριον.

288 2381 608 2463 Ἡδυχάρει.
642 2401 692 2437 v.
725 2381 1146 2458 Καταχύσματα.

289 2479 476 2543 Θησεῖ.
511 2491 563 2530 v.
597 2473 654 2526 ’Δ
666 2466 930 2546 ϐυρτάκη.

292 2561 598 2634 Καπηλίσι.
630 2580 685 2618 v.
718 2559 926 2624 Ἀτθίς.

299 2651 588 2728 Παμφίλῃ.
621 2669 671 2706 v.
703 2650 1001 2724 Ῥαχίζειν.

298 2742 384 2798 Ἐν
420 2748 661 2816 Σειρῆσι.
693 2759 744 2796 v.
782 2733 1076 2814 Ιιερίὸαλα.

218 2840 666 2910 Theopompus,
712 2835 1050 2890 historicus.
1084 2850 1135 2887 v.
1168 2835 1388 2904 ”Ανεχε.
1423 2826 1734 2899 Ἀνθήλιος.
1767 2827 1874 2884 Αὐ-

370 2920 572 2980 τοὸοεί.
629 2921 980 2995 Κιλικισμός.
1017 2921 1224 2980 Λοπάς.
1266 2923 1512 2973 Λυκεῖον.
1549 2916 1877 2980 Μαύσωλος.

372 3015 648 3090 ’Όμηρον.
712 3016 1054 3090 Σκιραφεῖον.
1116 3007 1432 3077 Σπουδάζω.
1474 3009 1613 3064 Vide
1672 3010 1879 3082 impri-

371 3109 507 3163 mis.
540 3124 592 3161 ν.
624 3108 886 3180 Ἔφορος.

303 3197 477 3253 Liber
506 3197 693 3251 XXXI.
727 3193 794 3250 Τί
828 3191 939 3247 ἐστι
969 3189 1052 3246 τό.

303 3287 393 3342 Ἐν
421 3287 490 3356 τῇ
523 3285 796 3354 Ἐπιτομῇ
827 3278 1150 3355 Ἡροδότου.
1185 3299 1236 3334 v.
1272 3276 1595 3348 Σπουδάζω.

305 3374 394 3432 ’Ev
429 3372 811 3432 Φιλιππικοῖς.
865 3388 918 3426 v.
979 3368 1164 3430 Βάκις.
1221 3366 1442 3422 Δούλων
1484 3366 1648 3430 πόλις
1677 3365 1887 3442 Κάθαρ-

383 3482 464 3524 σις
495 3482 612 3537 γυν.
643 3458 819 3533 Λόγον
853 3455 1019 3532 ἔγειν.
1059 3454 1467 3530 Πονηρόπολις.
1500 3455 1780 3532 Φορμίων.

312 3555 402 3610 Ἐν
533 3570 586 3608 v.
616 3552 972 3625 Φρουρήσεις.
1007 3547 1232 3622 Χ·3τροι.

241 3645 364 3702 Sub
397 3642 756 3714 Theopompi
781 3639 1021 3695 nomine
1047 3638 1240 3693 editus
1261 3637 1416 3692 liber
1437 3637 1507 3694 ab
1532 3637 1895 3693 Anaximene

390 3739 598 3788 contra
619 3731 1015 3786 Athenienses
1048 3735 1105 3783 et
1136 3727 1630 3783 Lacedaemonios.
1654 3727 1715 3781 in
1739 3726 1898 3781 Ἀνα-

401 3822 644 3894 ξιμένης.
678 3814 1110 3893 Ἀριστοκλέους,

251 3910 630 3968 Theosebius.
667 3925 718 3963 v.
754 3905 1099 3976 Ἐπίκτητος.
1132 3901 1432 3978 Ἱεροκλῆς.

249 3999 646 4073 Thucydides.
725 4015 775 4051 ν.
862 3996 1049 4071 ”Αγος.
1134 3991 1552 4068 Ἀδραμότειον.
1641 3989 1906 4047 Ἀδύνατα

399 4088 558 4142 εἶναι.
643 4086 956 4156 Ἀθήναιον.
1017 4083 1358 4158 Ἀκηρυκτεί.
1433 4080 1903 4157 Ἀκροτελεῦτιον,

395 4179 567 4248 ‘AM.
599 4183 711 4234 etc.

327 4267 554 4344 Πρώτῃ,
595 4284 646 4323 v.
679 4262 1051 4320 Ἀναπίπτειν.
1111 4262 1486 4338 Ἀντιλογιῶν.
1545 4263 1904 4338 Ἀποψυχειν.

399 4358 713 4432 Ἀργυροῦν.
749 4348 1096 4408 ΔιαϐαΛλειν.

329 4447 516 4520 Τρίτῃ.
548 4464 600 4505 v.
634 4446 970 4511 Ἀνταπαιτῆ
981 4463 1088 4500 σαι.

331 4536 596 4608 Τετάρτῃ.
631 4553 682 4591 ν.
712 4535 1162 4600 Ἀνταπαιτῆσαι.

333 4623 586 4698 Πέμπτῃ.
618 4642 669 4680 ν.
705 4622 901 4698 Ἀγών.
935 4621 1337 4684 Ἀνανεοῦσθαι.

327 4709 581 4788 Ἐϐὃόμῃ
593 4759 604 4770 .
640 4731 689 4770 ν.
723 4708 1238 4780 Ἀποστοματίζειν.

252 4806 564 4878 Thugenes
595 4804 684 4859 vel
715 4800 1108 4875 Thugenides.

325 4897 412 4950 Ἐν
446 4896 751 4953 Δικασταῖς.
785 4909 834 4945 v.
872 4893 1230 4963 Γριαχθῆναι.

1365 5111 1718 5194 INDEX

1499 356 1552 415 A
1595 353 1831 417 SUIDA
1873 349 2331 416 CITATORUM
2344 398 2356 412 .

1883 490 1934 558 Α
1965 486 2239 545 Timaeus.
2296 506 2348 548 ν.
2420 485 2785 565 Ἀγαθοκλῆς.

3461 355 3616 418 1410

2872 487 3282 562 ’ΛριστοτὲΛης.
3373 491 3619 566 Δαιτρός.

2111 582 2472 655 Δημοχάρης.
2535 577 2935 654 Καλλικόριος.
3000 580 3168 636 Κοινᾶ
3222 580 3289 635 τὰ
3346 602 3395 640 τ,
3453 587 3521 659 ’ῼ
3558 581 3622 637 τὸ

2109 672 2255 747 ἱερὸν
2288 695 2344 730 π.
2382 671 2700 748 Σαρδόνιος.
2734 694 2788 748 γ.
2823 673 3046 746 polybii
3098 674 3168 728 de
3212 691 3278 730 eo
3304 676 3624 748 judicium.

2112 782 2164 819 v.
2198 762 2623 837 Δεισιδαιμονία,

1969 854 2334 924 Timarchus,
2395 857 2681 913 Rhodius.
2745 873 2796 911 v.
2828 854 3054 928 Ἀργάς.
3114 855 3249 926 (Sed
3299 856 3380 911 ibi
3419 856 3623 930 legen-

2113 944 2275 1012 dum,
2308 943 2668 1019 Τιμαχίδας.)

1970 1031 2280 1103 Timocles,
2315 1036 2737 1108 Syracusanus.
2767 1053 2816 1090 v.
2852 1034 3100 1111 Ὀρφεύς.

1969 1122 2346 1190 Timocreon,
2376 1127 2660 1182 Rhodius.

2046 1213 2186 1286 Ejus
2215 1215 2464 1271 scolium
2496 1216 2558 1270 in
2589 1214 2842 1270 divitias.
2874 1231 2926 1270 ν.
2974 1212 3231 1269 Σκολιόν.

1970 1306 2198 1360 Timon.
2230 1322 2281 1357 ν.
2317 1299 2568 1360 Φλέδων.
2610 1299 2934 1375 Σκινδαψός.

1971 1394 2350 1466 Tragicorum
2393 1393 2600 1465 pleias.
2654 1409 2704 1447 γ.
2757 1389 3112 1467 Ἀλέξανδρος
3145 1389 3416 1454 Αἰτωλός.
3448 1391 3623 1445 Λυκό-

2115 1500 2285 1557 φρων.
2321 1481 2578 1554 ’Όμηρος
2628 1477 3038 1556 Ἀνδρομάχου.
3091 1480 3385 1544 Σωσίθεος.
3436 1486 3624 1534 Σωσι-

2113 1568 2277 1638 κλῆς.
2312 1566 2623 1643 Σοφοκλῆς.
2661 1568 2952 1632 Φίλισκος.

1970 1664 2377 1736 Tranquillus.
2402 1681 2452 1720 ν.
2484 1663 2765 1737 Ἀσσάρια.

1971 1758 2398 1814 Tribonianus.
2439 1775 2491 1812 v.
2523 1753 2798 1832 Ἀγασίας.

1895 1860 1940 1926 Β
1973 1849 2321 1920 Tuscianus,
2356 1849 2569 1920 Phryx.
2600 1865 2650 1902 v.
2680 1845 2928 1906 ’Λκάκιος
2961 1838 3238 1908 Λιϐάνιος.

1979 2029 2181 2084 Varro.
2211 2047 2264 2083 ν.
2299 2025 2757 2101 Ἐγκατὲσκηψαν.

1977 2118 2276 2191 Virgilius.
2310 2134 2360 2172 ν.
2396 2111 2675 2189 Λίϐερνος.

1982 2206 2110 2261 Vita
2139 2206 2194 2261 S.
2228 2205 2544 2277 Euthymii.
2577 2223 2628 2260 ν.
2664 2205 2777 2260 Ἀν’
2801 2204 3026 2281 ἀμφοῖν.

2772 2295 2839 2352 Χ.

1979 2385 2270 2441 Xanthus.

2052 2473 2139 2528 'Ev
2244 2475 2351 2527 τῶν
2385 2469 2728 2527 Λουδιακῶν.
2762 2489 2812 2527 v.
2845 2471 3082 2532 Ξάνθος.

1982 2564 2340 2635 Xenagoras.
2374 2581 2424 2618 v.
2459 2564 2770 2627 Képxmmc.

1984 2652 2352 2717 Xenarchus,
2387 2652 2671 2707 comicus.
2705 2669 2754 2705 ν.
2787 2650 3100 2724 Ῥηγίνους.

1985 2741 2402 2812 XenOphanes.
2435 2758 2486 2795 ν.
2517 2741 2772 2794 Ἥκιστα.

1985 2832 2336 2902 Xenophon.
2373 2847 2422 2884 ν.
2457 2828 2684 2902 Ἀγαθὰ.
2749 2829 2966 2903 Ἀγαθῷ
3020 2849 3146 2884 τινι.
3179 2829 3496 2903 Ἀγκράτος.
3532 2834 3643 2884 etc.

2059 2923 2148 2979 Ἐν
2221 2919 2838 2995 ’Δπομνημονεύμασιν.
2917 2939 2967 2978 ν.
3050 2924 3440 2994 Δυσωποῦμαι.
3502 2919 3648 2993 Πρό-

2131 3008 2304 3067 δικον.

2063 3102 2289 3179 Ἱέρωνι.
2319 3123 2365 3159 v.
2403 3102 2716 3179 Ἀγλευκὲς.

2066 3194 2152 3250 Ἐν
2195 3193 2377 3267 Κύρου
2433 3187 2737 3249 Ἀναϐάσει.
2797 3212 2849 3249 v.
2914 3191 3218 3266 ’Λνώγεων.
3279 3189 3645 3250 Ἐκλώπευον.

2138 3283 2410 3356 Καρπαία.
2474 3279 2911 3351 Κατασκεδάζειν.
2980 3279 3220 3352 Μελίτη.
3282 3287 3426 3353 Δημ.
3484 3280 3647 3350 Ξυή-

2139 3368 2265 3442 λην.
2300 3373 2465 3429 Χιών.

2071 3462 2159 3518 Ἐν
2194 3460 2377 3535 Κόρου
2410 3458 2648 3534 Παιδείᾳ.
2685 3479 2736 3518 v.
2771 3461 3056 3524 Ηιθανούς.

2074 3552 2164 3607 Ἐν
2195 3554 2263 3624 τῇ
2299 3549 2571 3605 Λακώνων
2599 3549 2854 3619 πολιτείᾳ
2908 3568 2958 3604 v.
2994 3553 3217 3619 Μορῶν.

2077 3642 2162 3695 Ἐν
2191 3644 2269 3710 τῷ
2309 3638 2672 3712 Οἰκονομικῷ.
2707 3659 2757 3694 v.
2796 3637 3102 3713 Ἀγλευκὲς.

2081 3730 2167 3784 Ἐν
2203 3729 2522 3801 Συμποσίῳ.
2561 3748 2607 3784 ν.
2642 3726 2964 3796 Σπουόἀζω.

2819 3820 2855 3872 Ζ

2012 3912 2165 3966 Zeno
2194 3909 2490 3980 (Eleates).
2524 3927 2574 3962 v.
2609 3908 2783 3967 Θὲσις.
2827 3905 3005 3963 Ἐλὲα.

2014 4001 2165 4055 Zeno
2195 4000 2461 4055 Cittieus.
2497 4015 2546 4052 ν.
2581 3996 2866 4072 Αἰγυπτία.
2902 3997 3105 4058 ”Ανεις.
3141 3997 3403 4064 Καθῆκον.

2155 4089 2354 4160 ⁸ορμήο

2015 4178 2367 4236 Zenodotus.
2399 4195 2448 4231 v.
2483 4177 2671 4246 Δαιτή.

2014 4267 2296 4324 Zenodoti
2329 4267 2678 4339 discipulus,
2710 4267 3136 4339 Aristophanes
3165 4265 3664 4340 grammaticus.v.

2157 4357 2434 4432 Ἀριστοφ.

2017 4448 2184 4516 Zoili,
2218 4446 2636 4519 Amphipolites
2660 4446 3028 4502 orationibus
3050 4463 3194 4502 usus
3217 4445 3664 4501 Demosthenes.

2160 4555 2212 4593 ν.
2244 4544 2317 4606 Δη
2329 4534 2561 4608 μοσθὲνη
2573 4556 2618 4597 ς.

1939 4589 1985 4654 D
2015 4589 2380 4700 Zopyrusfv.
2415 4589 2772 4699 Πίιθόριστοῦ.

2015 4716 2295 4788 Zopyrus.
2332 4714 2726 4770 Heracleotes.
2758 4731 2808 4769 ν.
2839 4711 3089 4789 Ὀρφεύς.

2017 4805 2343 4860 Zoroaster.
2375 4821 2427 4858 ν.
2460 4799 2846 4877 Ἀστρονομία.

1829 5110 1956 5196 SC
1977 5111 2397 5196 IiIP'l‘Oli
2423 5113 2494 5197 U
2515 5113 2581 5192 _\l

254 5266 304 5323 Α
333 5261 473 5319 viris
504 5260 693 5317 doctis
725 5258 787 5314 in
817 5256 1015 5322 Suida,
1049 5253 1150 5310 ubi
1180 5253 1310 5308 loca
1339 5251 1441 5308 ille
1484 5269 1606 5308 non
1659 5253 1984 5310 nominatis
2040 5254 2381 5311 auctoribus
2439 5253 2700 5323 ascribit,
2735 5252 3244 5325 investigatorum,
3275 5250 3565 5324 repetitus
3595 5264 3668 5305 ex

1686 5345 1948 5402 editione
1997 5346 2250 5403 Kusteri.

328 5549 611 5605 Elianus.
646 5565 695 5602 ν.
724 5550 930 5614 Κῆτος.
964 5539 1232 5619 Κιγηλός.
1263 5539 1460 5616 Τέφρα.

330 5641 596 5696 Αἰιίειηιιε
625 5637 916 5694 Tacticus.
978 5651 1029 5691 ν.
1091 5630 1444 5706 Ἐξελιγμῶν.
1506 5628 1646 5699 Λοξή
1679 5629 1906 5707 φάλαγξ.

257 5720 575 5796 Μεταϐολή.
611 5717 971 5799 Ηαρεμϐολή·
1007 5718 1410 5795 Περισπασμός.

2088 5544 2416 5605 Εεοῑιίῐιοε.
2450 5563 2503 5602 v.
2537 5538 2887 5618 Φρυνώνδας.

2092 5635 2394 5708 Agathias.
2463 5654 2513 5691 ν.
2581 5617 2960 5708 ’Ᾱκροστόλια.
3043 5625 3390 5704 Ἀνδράριον.
3452 5617 3678 5691 Ἀνεδή-

2020 5742 2172 5782 σατο.
2215 5721 2461 5802 ’Δφελές.
2523 5707 2943 5801 Γεγαννυμένος.
3004 5719 3260 5795 Γηραιός.
3315 5707 3674 5788 Ἐγκαινίδεςο
