4164 6480
837 389 892 451 ll
1919 390 2012 448 DE
2055 388 2451 448 BASILIANO
2490 387 2919 447 MEVOLOGIO
3949 391 4013 454 12

833 509 939 574 ptis
957 506 1070 560 suis
1100 505 1340 573 exposita
1364 506 1566 561 codicis
1595 506 1832 569 raritate,
1860 507 2199 560 curiosorum
2234 505 2566 557 desiderium
2592 504 2760 564 auxit;
2794 512 2847 555 et
2869 502 3084 556 Areudii
3118 503 3486 571 interpretatio
3512 504 3654 556 haud
3685 503 3816 557 satis
3854 519 4015 558 accn-

830 603 967 654 rata,
986 591 1152 645 Graeci
1177 601 1354 646 textus
1384 594 1756 645 necessitatem
1783 593 2075 646 lectoribus
2104 589 2440 654 ostendit;in
2466 591 2624 656 hujus
2642 590 2932 658 pra-.sertim
2974 590 3144 642 aetatis
3171 597 3223 640 et
3248 591 3446 641 critica
3474 591 3606 643 artis
3630 589 3766 651 luce,
3788 605 3904 654 quae
3945 606 4010 643 ex

829 677 1362 744 interpretationibus
1388 677 1452 729 ad
1481 677 1844 730 consulendos
1875 687 2050 730 textus
2072 679 2241 746 magis
2260 678 2590 731 accenditur.
2628 675 2810 742 Itaque
2869 676 3157 728 cardinalis
3207 673 3404 741 Joscph
3459 675 3629 726 Maria
3666 672 4014 737 Thcmasius,

826 777 1039 815 morum
1066 763 1347 815 sanctitate
1371 771 1422 813 et
1449 777 1599 814 sacra
1631 764 1929 817 eruditione
1956 763 2353 818 celeberrimus.
2383 779 2503 815 cum
2529 765 2647 829 ejus
2697 762 2934 815 thesauri
2972 763 3202 828 pretium
3241 761 3443 829 optime
3467 769 3672 824 nosset,
3693 775 3852 812 curas
3887 774 4014 813 suas

832 850 897 900 ad
957 850 1106 902 illum
1164 847 1488 914 vulgandum
1540 851 1817 903 contulit:
1864 850 2005 917 quod
2061 850 2296 903 assiduis
2348 852 2485 901 votis
2549 859 2845 916 optaverat;
2903 849 3246 916 fecissetque,
3300 847 3401 899 nisi
3457 847 3630 898 virum
3662 847 3914 899 eximium
3958 846 4011 895 in

826 932 1145 983 clericorum
1179 932 1506 997 regularium
1536 934 1723 985 ordine
1752 943 1880 986 tunc
1909 942 2174 997 agentem,
2199 934 2472 986 voluntate
2526 935 2878 1002 institutaque
2923 950 3230 1002 pauperem,
3279 937 3647 1002 impensarum
3699 933 4011 1000 magnitudo

830 1019 1198 1070 deterruisset.
1229 1018 1442 1072 Codicis
1471 1019 1611 1070 enim
1644 1020 1954 1086 dignitati-ni
1978 1033 2137 1084 supra
2170 1030 2390 1073 caeteras
2425 1019 2606 1072 laudes
2634 1022 3009 1073 commendant
3035 1021 3439 1088 quadringenta:
3470 1035 3529 1073 ac
3560 1020 3773 1087 triginta
3816 1017 4004 1085 imagi-

827 1119 927 1157 nes
955 1104 1021 1155 ab
1058 1104 1357 1156 illustribus
1388 1103 1640 1157 Basiliani
1672 1105 1767 1157 a3vi
1835 1105 2129 1156 artificibus
2177 1106 2344 1157 minio
2403 1106 2643 1172 depicta,
2696 1123 2816 1173 qua:
2875 1118 3179 1160 sanctorum
3235 1117 3551 1174 martyrum,
3621 1103 4011 1164 confessor-um,

837 1190 1206 1253 sacerdotum,
1245 1189 1652 1251 monachorum,
1680 1191 1969 1254 virginum,
2038 1190 2345 1253 mulierum,
2403 1202 2686 1253 tonorum,
2731 1203 3103 1262 tyrannorum,
3128 1193 3390 1262 judicum,
3413 1204 3609 1254 vestes,
3640 1206 3806 1252 arma,
3836 1196 4011 1252 sedes,

829 1282 1097 1338 ornatus;
1138 1289 1346 1326 necnon
1397 1275 1613 1337 aedium,
1649 1277 1989 1342 templorum,
2043 1277 2411 1337 tribunalium,
2456 1287 2801 1338 structuram,
2860 1278 3108 1341 formam,
3153 1287 3488 1346 apparatum,
3527 1277 4009 1344 oculisvexhibent:

831 1360 1028 1426 quibus
1058 1375 1163 1412 :ere
1199 1359 1497 1413 inridendis
1531 1369 1584 1413 et
1606 1362 1934 1428 excipiendis
1966 1377 2070 1414 non
2100 1363 2309 1414 modica
2343 1362 2425 1414 vis
2456 1364 2570 1415 auri
2603 1363 2791 1415 fuisset
2817 1364 3191 1430 impendenda.

903 1446 1004 1496 Sed
1039 1445 1298 1497 Clementi
1357 1445 1447 1507 XI,
1475 1448 1712 1514 pontifici
1739 1448 1993 1506 maximo,
2031 1447 2141 1499 have
2173 1448 2287 1499 laus
2346 1449 2740 1508 reservabatur,
2772 1457 2830 1500 ut
2875 1449 3139 1515 publicam
3174 1464 3285 1501 rem
3342 1448 3559 1510 faceret,
3600 1463 3719 1516 qua!
3753 1447 4012 1500 hactenus

834 1545 1147 1598 magnorum
1207 1533 1507 1600 principum
1577 1531 1790 1585 fuerant
1851 1535 2083 1600 pretiosa
2113 1534 2366 1585 cimelia:
2426 1534 2582 1600 enjus
2645 1534 2977 1603 providentia
3040 1536 3278 1587 codicem
3327 1550 3518 1602 quovis
3554 1549 3685 1586 auro
3716 1536 4009 1595 cariorem,

834 1623 1098 1668 vetustate
1131 1626 1307 1667 tamen
1339 1617 1450 1683 jam
1503 1617 1860 1679 fatiscentem,
1888 1626 1939 1668 et
1970 1619 2187 1684 picturis
2238 1633 2402 1684 prope
2470 1617 2796 1686 fugientibus
2853 1621 3292 1682 obsolescentem,
3327 1621 3380 1672 in
3435 1622 3714 1686 pristinum
3765 1631 4011 1672 ornatum

831 1703 1117 1765 restituit;
1157 1703 1313 1768 cujus
1348 1705 1650 1770 sumptibus
1702 1704 1892 1756 tabula:
1951 1719 2137 1756 omnes
2189 1713 2419 1770 excepta:
2453 1703 2702 1766 fuissent,
2743 1707 2842 1759 nisi
2901 1722 3046 1760 mors
3084 1707 3494 1760 intercessisset.
3551 1705 3806 1758 Inchoato
3864 1707 4013 1771 operi

834 1801 1141 1853 supremam
1168 1802 1384 1839 manum
1418 1789 1723 1855 imposuere.
1771 1789 2009 1855 ejusdem
2066 1804 2404 1842 successores
2445 1787 2807 1852 Innocentius,
2849 1802 2902 1843 et
2930 1791 3244 1844 Benedictus
3287 1790 3422 1855 XIII,
3475 1806 3704 1856 quorum
3756 1791 3843 1844 ille
3886 1791 4013 1843 dum

833 1871 1150 1938 praaclarum
1186 1873 1520 1940 antiquitatis
1549 1873 1935 1925 monimentum
1959 1875 2320 1927 munificentia
2351 1889 2445 1926 sua
2498 1876 2890 1942 complectitur,
2915 1876 2966 1927 in
2998 1876 3133 1928 vivis
3164 1890 3283 1928 esse
3314 1875 3491 1934 desiit;
3524 1875 3611 1927 hic
3637 1890 3741 1926 non
3805 1877 4017 1928 lalzulus

833 1955 992 2009 modo
1059 1955 1299 2024 perfecit,
1358 1956 1451 2010 sed
1501 1957 1928 2027 elegantissimos
2012 1959 2173 2013 etiam
2250 1960 2466 2017 Grzecus
2545 1972 2696 2032 typos
2766 1964 2832 2017 ad
2916 1963 3307 2032 procurandam
3376 1961 3666 2015 editionem
3728 1961 4018 2015 liberaliter

836 2044 1217 2110 suppeditavit.

907 2148 1039 2202 Illud
1064 2160 1237 2205 tamen
1265 2161 1559 2219 supererat,
1587 2160 1646 2205 ut
1672 2153 1881 2221 jactura
1915 2154 2134 2209 alterius
2170 2155 2359 2223 partis,
2389 2170 2507 2223 qua:
2537 2155 2648 2223 jam
2680 2157 2808 2210 olim
2834 2158 3028 2212 misere
3059 2157 3347 2220 intercidit,
3377 2156 3442 2210 ad
3475 2156 3828 2225 integritatem
3864 2168 4020 2224 opta-

840 2237 1036 2289 tissimi
1067 2238 1244 2304 operis
1276 2248 1548 2306 utcunque
1578 2241 1946 2303 resarciretur;
1977 2249 2029 2292 et
2055 2241 2276 2306 adjectis
2298 2255 2362 2292 ex
2391 2242 2574 2308 aliquo
2598 2257 2702 2296 non
2730 2243 3002 2296 inferioris
3030 2245 3124 2295 aevi
3163 2243 3530 2309 manuscripto
3556 2242 3737 2294 codice
3766 2257 3854 2293 scx
3889 2259 4018 2308 pos-

835 2323 1126 2377 terioribus
1160 2325 1456 2385 mensibus,
1495 2334 1803 2377 sanctorum
1825 2326 1867 2378 si
1900 2326 2078 2378 minus
2124 2325 2353 2389 tabulas,
2383 2325 2534 2381 Vitas
2584 2329 2771 2382 saltem
2840 2345 2931 2397 per
2979 2330 3241 2397 integrum
3293 2330 3416 2381 anni
3461 2329 3717 2380 circulum
3758 2328 4015 2393 digestas,

834 2411 1250 2478 absolutumque
1279 2409 1560 2476 Menologii
1592 2427 1786 2478 corpus
1816 2413 2120 2479 acciperent
2157 2427 2431 2466 saerarum
2461 2429 2639 2466 rerum
2676 2416 2920 2467 studiosi.
2953 2415 3063 2467 Iloc
3089 2426 3264 2466 autem
3312 2414 3612 2466 subsidium
3666 2427 3693 2464 a
3722 2413 4016 2465 domestica

837 2498 1000 2549 ctiam
1033 2498 1324 2551 Clementis
1358 2495 1425 2548 XI
1454 2498 1941 2564 manuscriptorum
1969 2498 2310 2564 bibliotheca,
2347 2499 2655 2552 lectissimis
2707 2501 2947 2552 omnium
2981 2500 3285 2565 linguarum
3331 2499 3676 2550 monimentis
3707 2500 4019 2564 locupletis-

847 2585 1003 2646 sima,
1057 2585 1164 2637 imo
1216 2599 1345 2636 vero
1395 2583 1461 2635 ab
1510 2584 1641 2650 ipsis
1675 2584 1816 2635 illius
1854 2583 2327 2652 schedis,atquea
2357 2585 2545 2652 primis
2570 2584 2703 2637 adeo
2734 2585 2850 2651 ejus
2899 2586 3135 2652 pueritiae
3186 2583 3659 2636 exercitationibus
3707 2582 4021 2648 impetravi-

837 2685 980 2722 mus.
1015 2668 1063 2721 Is
1085 2669 1226 2722 enim
1260 2670 1345 2720 vix
1376 2683 1574 2720 annum
1607 2670 1780 2722 aetatis
1805 2669 2070 2721 decimum
2103 2670 2389 2736 septimum
2434 2685 2704 2736 egressus,
2755 2685 2818 2722 ex
2853 2671 3072 2722 vetustis
3125 2669 3397 2722 codicibus
3462 2669 3766 2720 monasterii
3805 2667 4020 2734 Crypla:

841 2755 1076 2809 Ferratre
1104 2755 1325 2807 alteram
1358 2754 1502 2806 illam
1533 2752 1784 2805 Basiliani
1815 2751 2099 2820 Menologii
2124 2763 2350 2820 partem,
2405 2769 2567 2822 quam
2602 2755 2824 2819 periisse
2884 2756 3103 2806 litterati
3136 2755 3233 2804 viri
3279 2754 3549 2814 dolebant,
3577 2768 3605 2803 a
3640 2768 3696 2803 se
3722 2754 4016 2812 inventam,

839 2858 936 2895 sua
968 2855 1129 2894 manu
1160 2838 1342 2893 Grazcc
1367 2829 1751 2907 descripserat,
1777 2850 1831 2891 et
1852 2839 2262 2892 accuratissima
2322 2839 2764 2907 interpretatione
2811 2837 3053 2890 Latinam
3101 2837 3333 2890 fecerat:
3393 2852 3552 2904 quam
3605 2837 3702 2887 etsi
3762 2836 4018 2888 modestia

837 2927 955 2994 ejus
985 2930 1140 2994 plane
1162 2925 1450 2993 singularis
1475 2925 1742 2978 diuturnis
1791 2925 2024 2978 tenebris
2078 2926 2366 2993 oppressit,
2427 2926 2637 2992 publica
2691 2933 2867 2977 tamen
2921 2925 3124 2976 utilitas
3186 2923 3386 2975 diutius
3435 2925 3598 2974 latere
3635 2937 3737 2972 non
3797 2922 4018 2987 patitur.

840 3013 1027 3065 Mutilo
1049 3013 1209 3080 igitur
1230 3011 1376 3080 operi
1410 3023 1721 3064 semestrem
1753 3012 1974 3065 alteram
2016 3022 2218 3079 partem
2242 3012 2385 3064 illius
2413 3010 2684 3079 diligentia
2714 3018 3080 3062 conservatam
3115 3007 3407 3074 Latineque
3459 3007 3714 3058 redditam
3767 3006 4020 3073 adjnngi-

843 3115 984 3162 mus;
1019 3109 1076 3150 nt
1107 3098 1298 3165 partim
1332 3099 1398 3149 ab
1431 3097 1645 3149 interitu
1677 3108 1937 3165 ereptum,
1961 3098 2153 3164 partim
2178 3112 2207 3151 e
2230 3097 2464 3150 tenebris
2520 3104 2754 3158 erutum,
2809 3094 3001 3162 partim
3066 3092 3353 3145 Latinitate
3393 3093 3670 3154 donatum,
3732 3092 4018 3142 immortali

842 3187 962 3256 ejus
987 3187 1190 3238 nomini
1217 3185 1502 3253 posteritas
1527 3193 1800 3252 acceptum
1829 3184 2045 3237 referat.

913 3299 1244 3354 Bollandiani
1275 3297 1406 3350 socii
1427 3295 1650 3349 eruditis
1680 3295 1810 3348 tanti
1838 3295 2195 3348 adolescentis
2229 3293 2503 3346 laboribus
2556 3290 2759 3357 aliquot
2811 3287 3142 3341 collectionis
3175 3300 3286 3339 suae
3334 3298 3546 3338 menses
3602 3283 4016 3350 locupletarnnt.

834 3387 1028 3442 Crzeca
1055 3393 1362 3438 sanctorum
1391 3390 1537 3450 gesta
1575 3381 1638 3433 ad
1661 3381 1859 3433 calcem
1894 3379 2091 3442 Martii,
2117 3381 2334 3447 Aprilis,
2359 3377 2479 3430 Maii
2508 3386 2558 3429 ct
2579 3374 2726 3433 Julii.
2748 3389 2810 3426 ex
2840 3371 3240 3425 commentariis
3270 3369 3491 3421 Albanis
3523 3368 3853 3435 adjicientes.
3906 3367 4016 3419 Etsi

846 3481 1018 3524 atttem
1053 3468 1269 3521 Latinas
1302 3466 1608 3520 eorumdem
1647 3467 1935 3527 mensium,
1969 3466 2212 3518 simulet
2253 3461 2396 3515 Junii
2442 3473 2600 3528 atque
2651 3459 2900 3527 Augusti,
2971 3456 3436 3523 interpretationes
3484 3454 3622 3505 idem
3672 3452 3919 3504 Clemens
3950 3450 4019 3503 XI

847 3555 1100 3617 confecit;
1128 3555 1180 3606 in
1210 3553 1377 3620 ipsius
1414 3561 1590 3604 tamen
1619 3550 1852 3612 schedis,
1905 3565 2023 3617 quae
2055 3558 2361 3616 supersunt,
2397 3550 2592 3616 Aprilis
2616 3558 2815 3600 tantum
2845 3557 2897 3598 et
2919 3544 3088 3596 Maius
3115 3542 3324 3609 integri;
3373 3539 3546 3592 Martii
3571 3541 3777 3607 priores
3811 3540 4018 3606 vginti;

849 3641 994 3699 Junii
1043 3658 1104 3694 ac
1129 3640 1253 3694 Julii
1276 3639 1479 3707 aliquot
1503 3637 1617 3690 dies
1657 3637 1843 3689 Latine
1870 3636 2034 3699 versi,
2070 3635 2389 3701 propriaque
2417 3634 2714 3701 ejusmanu
2750 3630 2951 3684 exarati
3021 3629 3469 3694 conspiciuntur:
3519 3626 3704 3691 reliqui
3761 3638 4019 3690 quorsum

853 3730 1133 3790 cesserint,
1187 3740 1360 3794 quove
1401 3724 1508 3776 fato
1551 3735 1641 3775 aut
1667 3723 1980 3774 delitescant
2028 3729 2123 3771 aut
2152 3719 2470 3778 interierint,
2504 3719 2912 3785 incompertum.
2948 3714 3191 3766 Monachi
3243 3710 3492 3764 Basiliani
3543 3710 3754 3776 Cryptze
3787 3708 4020 3760 Ferrata:

853 3818 1152 3883 Augustum
1182 3825 1440 3871 mensem,
1469 3809 1556 3876 qni
1588 3823 1652 3858 ex
1683 3809 1882 3858 Albano
1925 3805 2228 3872 apographo
2279 3804 2564 3864 exciderat,
2602 3805 2802 3870 aliquot
2857 3801 2993 3854 foliis
3044 3798 3309 3860 mutilum,
3359 3811 3422 3849 ex
3452 3797 3635 3847 eodem
3691 3795 4022 3883 nuto-grapho

855 3877 1063 3959 Grreco,
1093 3897 1587 3961 reccntioribusqne
1609 3891 1920 3960 Menologiis
1955 3889 2138 3942 Graece
2158 3889 2482 3956 supplentes.
2509 3887 2748 3939 Latinam
2777 3887 3013 3952 ejusdem
3061 3884 3352 3934 versionem
3402 3883 3745 3933 adornarunt.
3786 3877 4022 3930 Caeteros

858 3988 1053 4047 Martii,
1084 3985 1226 4037 Junii
1286 3997 1347 4034 ac
1371 3979 1500 4032 Julii
1529 3979 1642 4031 dies
1670 3994 1700 4031 e
1723 3977 1906 4030 Grzeco
1930 3990 2172 4028 sermone
2200 3973 2417 4026 Latinos
2439 3972 2563 4025 fecit
2592 3972 2674 4035 P5
2708 3971 2894 4023 Petrus
2940 3968 3256 4020 Benedictus
3299 3979 3328 4018 e
3372 3965 3636 4016 Societate
3676 3963 3821 4020 Jesn,
3858 3962 4022 4028 Syrus

865 4072 1145 4131 Marciiita,
1191 4068 1274 4118 vir
1329 4064 1557 4125 Latinis,
1600 4062 1816 4124 Grcecis,
1864 4059 2160 4120 Ilebraicis,
2215 4056 2466 4126 Syriacis,
2525 4057 2878 4124 Arabicisque
2916 4054 3106 4109 litteris
3166 4049 3584 4110 excultissimns,
3637 4048 3728 4116 qui
3779 4049 4020 4113 ejusdem

859 4157 1151 4212 Clementis
1188 4150 1258 4204 XI
1290 4152 1464 4218 jussu,
1493 4158 1784 4217 martyrum
1821 4147 1978 4199 etiam
2027 4143 2310 4197 Persarum
2366 4143 2644 4196 historiam
2695 4143 2760 4194 ab
2811 4140 3185 4208 antiquissimo
3232 4135 3368 4203 Syro
3406 4135 3664 4201 scriptore
3723 4143 4021 4194 exaratam,

861 4243 1198 4306 aliorumque
1230 4217 1538 4290 sanctorum
1562 4248 1648 4286 res
1676 4243 1849 4300 gestas
1876 4232 1928 4282 in
1961 4230 2416 4297 prmstantissimis
2440 4229 2717 4282 codicibus
2781 4225 3014 4294 Syriacis
3074 4223 3393 4289 descriptas,
3428 4233 3564 4288 quos
3599 4220 3736 4272 idem
3782 4217 4018 4284 pontifex

863 4345 923 4380 ex
961 4304 1193 4378 Orientis
1224 4321 1442 4374 latebris
1463 4318 1707 4382 eductos,
1742 4331 1842 4370 una
1865 4330 1982 4368 cum
2001 4314 2242 4382 pluribus
2265 4313 2384 4366 aliis
2404 4314 2704 4382 linguarum
2728 4311 3065 4366 orientalium
3085 4309 3298 4363 selectis
3325 4306 3718 4372 manuscriptis,
3751 4306 3801 4355 in
3835 4304 4021 4355 biblio-

864 4415 1015 4464 theca
1051 4409 1300 4461 Vaticana
1329 4405 1392 4458 ad
1422 4417 1761 4458 communem
1794 4400 2074 4454 utilitatem
2106 4398 2387 4463 dedicavit,
2445 4399 2500 4452 in
2540 4397 2788 4452 Latinum
2827 4408 3130 4450 sermonem
3187 4393 3472 4452 convertit,
3529 4392 3849 4456 easdemque
3887 4389 4024 4455 typis

855 4498 1163 4568 propediem
1194 4493 1426 4546 edendas
1451 4496 1840 4558 exspectamus.

934 4608 1101 4674 Quam
1143 4621 1269 4660 vero
1288 4603 1430 4658 Petri
1462 4599 1677 4656 Arcudii
1711 4598 1926 4652 nomine
1955 4594 2213 4665 Ughellus
2234 4593 2466 4663 vulgavit
2522 4593 2750 4662 priorem
2808 4598 3118 4646 semestrem
3164 4585 3456 4674 lfenologii
3499 4590 3727 4674 partem,
3759 4596 3788 4634 a
3847 4581 3921 4674 el.
3963 4598 4016 4634 v.

863 4667 1095 4761 Josepho
1125 4691 1368 4747 Siinonio
1392 4691 1686 4742 Assemano
1713 4698 1914 4739 sacros.
1938 4683 2175 4736 basilicas
2206 4680 2475 4734 Vaticana
2507 4680 2815 4748 presbytero
2840 4675 3174 4737 beneliciato,
3205 4672 3296 4738 qui
3333 4669 3546 4761 eosdem
3589 4668 3810 4761 codices
3829 4667 4026 4761 ericii-

867 4751 1067 4832 tales'in
1105 4777 1421 4831 bibliotheca
1467 4767 2094 4826 Clementino-Vaticana
2140 4765 2430 4826 recensuit,
2490 4763 2802 4828 castigatam
2856 4771 3099 4823 novaque
3155 4751 3535 4822 propemodum
3588 4751 4026 4813 interpretatione

865 4871 1115 4921 donatam
1149 4866 1396 4918 edimus:
1430 4877 1458 4914 a
1490 4861 1674 4914 Graeco
1703 4859 1845 4910 enim
1877 4864 2021 4910 textu
2046 4869 2206 4922 quam
2241 4851 2552 4920 longissime
2579 4846 2829 4906 distabat,
2861 4839 3307 4927 quemadmodum
3342 4835 3477 4888 facta
3493 4834 3787 4927 collati-one
3818 4833 4026 4900 perspi-

861 4919 1024 5007 cuum
1059 4951 1296 5005 redditur
1332 4948 1532 5001 :muIta
1563 4943 1824 5013 siquidem
1858 4944 1924 4995 ab
1957 4919 2244 5009 interprete
2268 4919 2542 5008 perperam
2572 4933 2777 5000 adjecta
2838 4931 2918 4982 vel
2951 4924 3328 5018 praetermissa;
3354 4921 3610 5018 quaedam.
3638 4919 3743 5015 alio
3785 4931 4027 5018 prorsus.

864 5055 1023 5105 quam
1084 5047 1258 5089 textus
1301 5034 1520 5102 patitur,
1577 5001 1736 5083 se'nsu
1797 5027 2060 5095 exposita;
2098 5001 2380 5091 curru-pta
2422 5019 2618 5074 alicubi
2694 5024 2999 5105 sanctorum
3051 5014 3210 5105 etiam
3260 5005 3760 5105 (fitIIII-a.;n0blqu?
3811 5001 4025 5105 demum

862 5086 1626 5191 paraphrasimpotius,quam
1653 5086 2182 5170 fidelem-versionem
2206 5086 2424 5163 cernere
2442 5115 2552 5160 est:
2593 5104 2743 5191 adeo,
2761 5098 3119 5191 ntgenuinum
3151 5095 3366 5148 Arcudii
3403 5092 3503 5144 viri
3531 5090 3711 5142 Graece
3738 5086 4022 5151 Latineque

866 5188 1160 5262 doctissimi
1201 5206 1364 5258 fetutn
1393 5217 1530 5262 esse,
1555 5199 1750 5254 eruditi
1780 5198 1867 5249 vix
1902 5195 2200 5257 crederent,
2221 5194 2320 5246 nisi
2349 5190 2601 5261 Ughellus
2642 5190 2690 5241 id
2724 5188 3034 5240 allii-uiaret.
3343 5263 3355 5268 _
3499 5261 3510 5268 _
3726 5256 3738 5267 .

941 5293 994 5345 In
1019 5295 1182 5344 altera
1214 5288 1460 5343 semestri
1496 5258 1666 5354 parte,
1695 5299 1877 5352 quam,
1990 5295 2149 5348 supra
2174 5279 2372 5332 dictum
2403 5258 2512 5338 est,
2540 5275 2796 5329 Clementi
2828 5270 2896 5323 XI
2929 5263 3436 5354 debeniu_s,_a_vulsis
3461 5261 3530 5314 ob
3559 5258 4030 5354 .codicis'?.clti'5.|3-

1334 5334 1941 5434 'r..i{a;,"..'{e;anulo.
2009 5334 2421 5416 desiderantur:
2482 5334 2733 5414 nimirum
2801 5355 2943 5408 Junii
2998 5353 3086 5415 Ix,
3121 5349 3302 5412 x,x1,
3350 5344 3572 5434 Augusti
3605 5339 3689 5405 tv,
3721 5334 4030 5400 xnt,.\'iv,

871 5461 1100 5523 XXVIII,
1131 5459 1316 5522 XXIX,
1355 5432 1522 5519 XXX,
1546 5452 1735 5507 XXXI.
1769 5432 1870 5505 Eos
1892 5467 1954 5504 ex
1983 5450 2199 5503 Menaeis
2233 5449 2450 5501 excusis
2477 5447 2772 5512 descriptos
2804 5441 3315 5526 Latinequerversos
3346 5432 3647 5526 adjieinius.

939 5551 1254 5601 Sanctorum
1296 5545 1571 5610 Imagines,
1606 5549 1662 5592 nt
1688 5542 1739 5591 in
1773 5538 2100 5604 autographa
2127 5535 2385 5587 Vaticano
2423 5531 2840 5596 conspiciuntur,
2871 5525 2949 5577 sic
2984 5525 3046 5574 ad
3071 5525 3247 5572 virum
3279 5532 3383 5610 aere
3414 5515 3610 5567 incisas
3637 5512 3824 5564 damus
3855 5523 3866 5558 :
3903 5514 4030 5600 sunt

873 5636 1012 5686 enim
1042 5632 1266 5699 pretiosa
1303 5604 1637 5695 antiquitatis
1667 5624 2014 5682 monimenta,
2055 5624 2152 5674 etsi
2187 5623 2253 5674 ab
2272 5632 2386 5673 arte
2418 5617 2664 5687 pingendi
2693 5611 2933 5664 nonnihil
2965 5608 3242 5699 recedunt.
3279 5604 3549 5699 Pictorum
3579 5607 3755 5699 autem
3789 5606 4031 5699 monium,

878 5737 994 5791 qua:
1025 5678 1087 5773 a'd
1120 5715 1408 5787 marginem
1437 5678 1790 5780 lsingulatutn
1845 5708 2134 5777 imaginum
2177 5707 2228 5758 in
2266 5706 2448 5759 eodem
2488 5700 2819 5769 autographo
2871 5703 3082 5750 CXalaltl
3134 5693 3243 5746 haec
3285 5697 3446 5745 sunt:
3488 5683 3756 5744 Pantaleo.
