4164 6480
235 368 293 431 l3
1586 365 2054 425 ΓΕΞἸῚΜΟΝΙΛ.
3350 362 3416 419 ιι

237 486 464 539 Michael
524 486 882 552 Blarhernita,
942 486 1210 554 Georgius,
1280 485 1483 549 Menas,
1548 484 1755 538 Simcon
1828 483 2181 541 Biar/cernua,
2242 483 2462 535 Michael
2520 500 2729 553 partus.
2812 484 3019 537 Nestor.
3100 482 3296 535 Eadem
3365 502 3414 535 in

232 574 389 637 hujus
417 572 668 625 editioiiis
694 574 926 639 margine
948 571 1385 640 quadringenties
1419 586 1480 624 ac
1511 570 1751 638 trigesies
1782 579 2039 636 repetere,
2076 569 2271 621 nullius
2308 585 2479 635 operte
2509 571 2732 638 pretium
2757 569 3023 623 duximus.

299 657 597 725 Menologio
620 658 990 725 praemittimus
1018 657 1319 709 testimonia
1350 657 1585 709 virorum
1612 656 1894 708 illustrium
1924 657 1987 708 de
2010 666 2234 724 utraque
2264 657 2379 722 ejus
2403 667 2549 724 parte
2579 676 2591 711 :
2626 673 2688 711 ex
2712 656 2909 726 quibus
2957 665 3172 711 constat
3217 655 3393 723 primo

230 740 489 795 Basilium
521 744 913 808 imperatorem,
946 744 1032 795 cui
1065 742 1417 809 lllenologium
1452 742 1727 801 tribuitur,
1754 755 1860 793 non
1892 739 2227 794 Macedonem
2261 755 2399 805 esse,
2435 742 2525 807 qui
2551 756 2691 795 anno
2731 742 2928 795 Christi
2967 740 3068 794 886
3131 742 3411 808 imperium

230 829 465 889 tenebat.
491 836 549 881 ut
590 830 737 882 card.
776 827 1039 881 Baronius
1077 828 1435 893 existimavit;
1491 828 1582 881 sed
1648 826 2179 895 Porphymgenitnm,
2227 828 2318 896 qui
2343 828 2536 881 szecnlo
2576 827 2781 896 integro
2822 828 3086 896 posterior
3127 825 3414 879 Macedone

230 914 533 981 fuit:quod
587 913 816 967 Allatius
895 924 948 967 et
1005 913 1260 983 Ughellns
1308 918 1696 966 demonstrant.
1757 913 2022 975 Secundo,
2069 922 2377 966 semestrem
2432 913 2653 966 alteram
2713 923 2939 981 partem,
2989 914 3147 982 cujus
3204 912 3415 965 initium

228 1017 254 1053 a
309 1017 497 1055 mense
543 1001 732 1054 Martio
754 1001 988 1064 ducitur,
1038 1017 1309 1071 quamque
1340 1001 1667 1053 Bollandiani
1728 1001 1861 1053 socii
1895 1001 1945 1053 in
2003 1000 2327 1053 monasterio
2358 999 2567 1070 Cryptae
2604 999 2837 1054 Ferrata:
2896 1010 3156 1067 repertam
3208 999 3411 1061 dicunt,

230 1087 488 1140 aJoanne
538 1087 826 1141 Francisco
874 1090 1081 1141 Albano
1132 1090 1198 1143 iis
1256 1088 1439 1141 Graece
1495 1086 1787 1155 Latineque
1824 1086 2194 1140 transmissum
2243 1083 2411 1139 fuisse
2469 1095 2592 1140 ante
2648 1100 2848 1140 annum
2895 1085 3093 1142 Christi
3134 1086 3267 1140 1668
3307 1101 3414 1152 quo

231 1187 471 1225 mensem
501 1171 754 1226 Martium
776 1188 841 1227 ex
868 1173 1139 1228 Basiliano
1165 1171 1467 1239 Menologio
1494 1171 1731 1237 edidere,
1754 1172 2203 1242 quemadmodum
2234 1170 2470 1226 Joannes
2499 1172 2811 1241 Ciampinus
2845 1173 2897 1226 in
2929 1172 3110 1228 Diario
3128 1173 3254 1227 anni
3282 1173 3413 1225 1676

230 1268 476 1311 testatur.
800 1268 805 1273 ’
3228 1308 3236 1314 .

299 1344 693 1413 Subjungimus
722 1345 958 1400 Graecam
986 1345 1129 1400 Petri
1154 1347 1359 1400 Possini
1384 1362 1413 1401 e
1448 1347 1572 1401 Soc.
1605 1345 1730 1400 Jesn
1767 1347 1830 1400 ad
1867 1348 2115 1401 eumdem
2151 1345 2411 1400 Joannem
2465 1346 2805 1401 Franciscum
2832 1345 3096 1399 Albanum
3137 1342 3410 1411 epistolam

230 1432 486 1498 scriptam
522 1431 608 1484 die
630 1433 698 1484 26
720 1432 1026 1485 Decembris
1047 1434 1171 1485 anni
1208 1433 1362 1496 1661,
1389 1449 1451 1486 ex
1493 1448 1597 1501 qua
1627 1433 1799 1501 palam
1854 1436 1931 1493 lit,
1983 1436 2298 1501 praeclarum
2354 1433 2746 1487 adolescentem
2801 1434 3014 1486 ineunte
3050 1445 3191 1483 anno
3238 1428 3412 1482 aetatis

232 1516 602 1570 tertiodecimo
632 1519 812 1585 (natus
835 1518 976 1571 enim
1015 1517 1113 1569 fuit
1159 1533 1342 1571 mense
1372 1516 1515 1570 Julio
1558 1518 1681 1569 anni
1737 1518 1890 1586 1649)
1916 1519 1964 1570 in
2000 1520 2195 1573 Grmcae
2239 1520 2434 1588 lingua:
2489 1519 2669 1573 studio
2722 1533 2891 1585 usque
2935 1516 3067 1570 adeo
3100 1515 3410 1584 profecisse,

230 1614 282 1655 ut
304 1618 412 1654 non
454 1603 627 1656 solum
659 1618 791 1671 pure
818 1604 1224 1670 emendateque,
1258 1604 1349 1656 sed
1382 1604 1648 1671 eleganter
1697 1605 1856 1656 etiam
1891 1612 2183 1671 ornateque
2212 1604 2415 1657 litteras
2460 1619 2520 1657 ea
2552 1604 2729 1672 lingua
2760 1602 3119 1656 conscribere:
3202 1667 3212 1675 ‘

298 1686 525 1756 Utopus
552 1689 602 1741 in
630 1690 763 1741 duas
810 1701 989 1757 partes
1011 1690 1355 1752 divideretur,
1404 1688 1620 1745 Graecus
1644 1699 1815 1743 textus
1845 1691 1897 1741 in
1921 1690 2074 1743 binas
2109 1700 2396 1743 semestres
2445 1689 2766 1743 distributus
2798 1687 3074 1756 postulare
3111 1686 3409 1738 videbatur.

228 1770 427 1826 Verum
460 1774 585 1841 quia
619 1775 846 1841 priorem
879 1786 1079 1841 partem
1113 1774 1513 1844 quadringenta:
1554 1791 1615 1829 ac
1649 1776 1861 1843 triginta
1884 1786 2191 1829 sanctorum
2258 1776 2519 1844 imagines
2582 1773 2747 1841 duplo
2802 1772 3058 1841 majorem
3114 1772 3411 1840 posteriore

228 1859 490 1922 elﬁciunt;
541 1858 898 1928 Menologium
957 1860 1008 1913 in
1058 1869 1168 1913 tres
1213 1860 1399 1927 partiri
1457 1876 1675 1915 necesse
1730 1860 1849 1924 fuit,
1908 1876 2135 1929 quarum
2188 1876 2312 1930 pars
2364 1861 2533 1929 prima
2598 1859 2986 1925 Septembrem,
3014 1856 3301 1911 Octobrem
3345 1872 3410 1909 ac

224 1941 616 2008 Novembrem;
683 1947 850 1998 altera
898 1944 1265 2009 Decembrem,
1308 1944 1618 1999 Januarium
1666 1956 1719 1999 et
1760 1945 2152 2012 Februarium;
2195 1949 2347 2002 tertia
2398 1949 2637 2017 reliquos
2681 1962 2773 1999 sex
2820 1945 2950 1999 anni
3006 1958 3219 1997 menses
3263 1958 3411 1995 com~

221 2030 473 2094 plectitur

290 2113 387 2167 llis
441 2114 639 2181 fruere,
698 2118 869 2172 amice
926 2118 1139 2181 Lector;
1189 2118 1584 2187 editionemque
1631 2120 2063 2175 eminentissimo
2110 2138 2173 2177 ac
2238 2123 2770 2178 reverendissimimo
2812 2122 3029 2177 domino
3049 2124 3293 2176 Annibali
3325 2125 3407 2177 tit.

220 2201 274 2253 δ.
324 2202 615 2255 Clementis
657 2207 964 2274 presbytero
1026 2206 1281 2258 cardinali
1330 2205 1533 2258 Albano
1572 2204 1628 2258 S.
1684 2205 1746 2259 li.
1796 2207 1853 2258 Ε.
1916 2210 2232 2274 camerario,
2273 2218 2325 2262 et
2373 2209 2603 2263 basilica:
2632 2208 2900 2262 Vaticana:
2923 2210 3406 2278 archipresbyter“,

218 2285 509 2341 Clementis
538 2288 609 2341 X1
662 2289 840 2342 fratris
870 2290 996 2353 tilio,
1028 2293 1092 2343 de
1115 2291 1380 2358 republica
1404 2290 1654 2342 litteraria
1691 2291 1889 2357 optime
1919 2294 2161 2357 merenti,
2212 2304 2482 2362 acceptam
2512 2293 2729 2355 referto,
2753 2294 2909 2362 cujus
2936 2295 3183 2357 consilio,
3212 2296 3407 2359 smdio,

217 2375 527 2442 sumptibus
557 2376 608 2427 in
659 2386 806 2428 tuum
837 2376 1173 2429 commodum
1225 2376 1382 2429 redit.

221 2530 3392 2556 mm

1114 2656 1470 2715 VIBORUM
1517 2658 1991 2717 ILLUSTRIUM
2047 2659 2531 2720 TESTIMONIA

580 2816 738 2916 DE
813 2814 1559 2920 MENOLOGIO
1634 2814 2085 2920 BASILII
2160 2820 3055 2929 IMPERATORIS.

982 3161 1143 3217 ϐαι-ιι.
1173 3162 1434 3219 Baronius
1479 3169 1544 3219 ad
1580 3186 1773 3222 annum
1824 3171 1925 3224 886
1958 3175 2017 3224 de
2041 3172 2241 3226 Basilio
2273 3174 2552 3229 Macedone
2583 3178 2696 3245 imp.

285 3254 366 3301 Ad
398 3250 649 3301 eumdem
668 3247 935 3333 iBasilium
977 3266 1191 3303 rursum
1223 3261 1429 3319 spectat
1469 3252 1558 3322 (ne
1589 3256 1714 3322 quid
1749 3260 2190 3322 praetermittatur
2217 3261 2575 3331 antiquitatis)
2604 3264 2744 3331 quod
2790 3266 3132 3321 scribendum
3170 3282 3400 3333 curam,

217 3342 271 3386 et
304 3334 614 3401 augendum
650 3332 959 3386 Graecorum
997 3334 1357 3404 hlenol0gium
1389 3354 1403 3402 ;
1449 3340 1592 3406 quod
1625 3341 1785 3393 etiam
1822 3344 2101 3396 exornavit
2141 3345 2487 3413 imaginibus,
2526 3349 2721 3414 quibus
2769 3350 3101 3420 singulorum
3133 3332 3401 3424 exprime;

220 3429 406 3512 rentur
442 3420 775 3512 certamina:
800 3420 853 3472 ln
876 3420 1030 3512 cujus
1068 3421 1243 3476 fronte
1291 3424 1555 3491 ejusmodi
1608 3428 1865 3495 scriptum
1912 3430 2216 3483 invenimus
2253 3432 2446 3485 iambis
2476 3433 2720 3487 versibus
2753 3436 3079 3504 epigramma
3120 3440 3171 3493 in
3203 3420 3403 3512 scripto

218 3506 405 3559 codice
447 3503 711 3560 Yincentii
744 3506 928 3561 Pinelli
960 3508 1176 3563 Patavio
1200 3510 1263 3563 ad
1296 3526 1391 3563 nos
1419 3512 1739 3577 Ferrariam,
1772 3530 1892 3568 eum
1932 3516 2040 3569 illic
2067 3530 2309 3569 essemus
2342 3532 2460 3570 cum
2495 3519 2764 3588 pontilice,
2797 3503 2984 3579 misso.
3266 3512 3280 3521 ’

1054 3599 1284 3670 Basilius
1314 3602 1599 3669 imperator
1621 3605 1773 3670 hujus
1793 3605 2020 3659 climatis

1058 3668 1123 3740 ]_n
1149 3685 1277 3740 parte
1304 3681 1581 3736 prmslans,
1615 3668 1766 3740 atque
1793 3674 1940 3725 rebus
1971 3678 2187 3736 bellicis.

1056 3737 1097 3808 ζζ
1137 3736 1352 3808 pellibus
1376 3750 1606 3806 partum,
1631 3736 1840 3808 sequens
1865 3759 1926 3794 ex
1952 3749 2130 3802 ordine

1054 3803 1309 3858 l’ulcltras
1342 3803 1507 3873 ferens
1535 3803 1781 3876 imagines
1813 3821 1865 3861 ut
1894 3814 2082 3870 sidera.

289 3890 481 3946 Exstat
530 3888 944 3979 antegraphum-
971 3888 1144 3979 ipsius
1184 3890 1364 3943 Basilii
1396 3893 1643 3979 volumen
1685 3894 2007 3963 imaginibus
2066 3917 2244 3971 magni
2276 3905 2433 3971 pretii
2480 3905 2790 3961 decoratum
2848 3922 2945 3977 per
2988 3909 3104 3964 dies
3137 3910 3395 3979 singulos,

224 3979 581 4046 singulosque
630 3985 867 4036 sanctos,
915 3974 981 4026 de
1036 3974 1230 4040 quibus
1282 3976 1481 4027 mentio
1514 3978 1736 4030 habetur
1768 3980 1819 4031 in
1854 3985 2115 4039 versibus.
2173 3988 2411 4043 Vidimus
2461 3999 2513 4042 et
2561 3992 2784 4059 legimus
2837 3974 2993 4049 nobis
3019 3974 3397 4051 concessuma

223 4061 394 4117 Paulo
429 4061 725 4116 Siondrato
755 4058 966 4114 Sancta:
992 4061 1221 4114 Caecilia:
1244 4063 1528 4126 cardinali,
1562 4074 1753 4133 nepote
1785 4066 1955 4121 felicis
1988 4074 2258 4126 memoria:
2296 4072 2537 4144 Gregorii
2566 4058 2709 4144 papae
2742 4079 2931 4132 decimi
2957 4081 3156 4148 quarti.

803 4166 896 4219 Leo
925 4166 1153 4220 Allatius
1182 4169 1237 4220 in
1266 4168 1629 4224 dissertatione
1655 4173 1714 4224 de
1742 4172 1910 4226 Libris
1944 4174 2325 4233 Ecclesiasticis
2357 4180 2722 4253 Graecorum,§
2762 4185 2843 4238 12.

291 4279 592 4348 Menologia
634 4292 741 4329 non
786 4276 891 4327 alia
925 4284 1051 4329 sunt
1098 4276 1172 4345 (et
1232 4277 1335 4328 erit
1372 4277 1721 4333 duodecimus
1754 4279 1907 4349 liber)
1950 4297 2111 4350 quam
2140 4301 2258 4355 quae
2296 4286 2517 4343 Latinus
2551 4289 2929 4360 Martyrologia
2961 4295 3041 4347 vel
3077 4294 3392 4352 Kalendaria

218 4368 436 4430 dixerit,
465 4380 565 4452 nec
602 4363 747 4416 aliud
781 4361 963 4452 in_illis
989 4362 1215 4452 habetur
1245 4363 1346 4416 nisi
1373 4363 1451 4417 vel
1491 4374 1803 4419 sanctorum
1824 4366 1943 4420 vita:
1959 4371 2199 4437 quolibet
2226 4372 2312 4425 die
2340 4388 2434 4442 per
2455 4383 2623 4428 totum
2652 4392 2848 4430 annum
2881 4384 3189 4435 summatim
3231 4398 3394 4452 espo-

218 4454 353 4515 sitae,
406 4451 489 4504 vel
537 4464 769 4517 quorum
811 4447 929 4500 vita:
973 4463 1078 4499 non
1122 4447 1385 4499 habentur
1422 4452 1891 4516 commemoratio,
1918 4454 2170 4524 nullaque
2217 4457 2291 4510 ibi
2330 4458 2597 4513 autoﬂicii
2629 4461 2953 4525 ordinandi,
2986 4479 3081 4520 aut
3130 4447 3388 4522 recitandi

217 4539 386 4591 series
419 4537 752 4589 continetur.
790 4531 985 4586 Verum
1014 4542 1094 4586 est
1125 4542 1298 4585 tamen
1329 4535 1626 4602 szepissime
1663 4536 2081 4607 Menologiorum
2121 4542 2312 4595 horum
2358 4554 2596 4611 partem,
2636 4561 2864 4615 eamque
2897 4564 3001 4603 non
3032 4552 3307 4607 minimam
3333 4558 3385 4609 in

217 4624 437 4676 Menaeis
466 4622 607 4673 inter
632 4618 882 4671 Canones
910 4624 1031 4685 post
1052 4618 1206 4671 odam
1240 4628 1440 4671 sextam
1473 4634 1593 4674 esse
1616 4620 1896 4689 digestam,
1926 4633 1979 4677 ut
2020 4627 2137 4679 sine
2168 4628 2391 4682 alterius
2418 4630 2539 4682 libri
2568 4645 2690 4700 ope,
2710 4635 2803 4700 qui
2826 4633 3059 4689 oﬂioium
3084 4638 3139 4690 in
3162 4641 3389 4694 ecclesia

214 4717 307 4760 aut
339 4707 487 4759 domi
524 4705 738 4767 recitat,
770 4704 964 4757 habeat
992 4704 1132 4756 unde
1153 4704 1586 4759 eelebrandorum
1624 4718 1925 4763 sanctorum
1962 4711 2267 4767 historiolas
2295 4723 2348 4767 et
2377 4720 2916 4774 commemorationes
2946 4722 3103 4789 legat.
3139 4725 3253 4779 Hoc
3282 4726 3392 4781 Me-

216 4793 494 4857 nologium
536 4789 679 4856 apud
711 4786 925 4841 Graecos
964 4804 1071 4841 non
1114 4804 1278 4841 unum
1311 4786 1411 4852 est,
1442 4792 1532 4844 sed
1572 4807 1669 4859 pro
1701 4796 2096 4863 opportunitate
2149 4801 2405 4866 temporis
2444 4803 2643 4855 variam
2674 4820 2886 4873 quoque
2936 4786 3127 4862 faciem
3171 4812 3343 4866 induit
3376 4833 3390 4867 :

212 4880 359 4932 aliud
388 4879 590 4944 quippe
622 4885 703 4928 est
727 4874 868 4961 quod
901 4875 1053 4961 nobis
1082 4873 1268 4929 Latine
1294 4886 1500 4930 tantum
1528 4894 1587 4931 ex
1619 4882 1862 4934 versione
1886 4882 2174 4936 cardinalis
2199 4883 2398 4947 Sirleti,
2417 4886 2664 4941 Canisius
2694 4892 2746 4941 in
2772 4890 3025 4961 Antiquis
3056 4893 3397 4955 Lectionibus

215 4961 631 5031 representavit
663 4960 854 5052 :_aliud
886 4960 1030 5052 quod
1063 4962 1353 5052 separatim
1398 4963 1525 5017 hinc
1564 4964 1684 5017 inde
1718 4968 2139 5034 manuscriptum
2170 4969 2348 5022 adhuc
2394 4972 2445 5023 in
2471 4972 2832 5040 bibliothecis,
2865 4960 2927 5031 et
2966 4979 3257 5037 Barberina
3295 5000 3388 5052 po-

214 5048 533 5137 tissimum,
568 5045 708 5137 quod
743 5057 797 5097 et
828 5045 1260 5137 antiquissimum
1292 5056 1393 5110 est,
1426 5061 1760 5103 asservatur:
1793 5066 1912 5119 quae
1940 5067 2038 5105 nec
2064 5055 2245 5108 omnia
2283 5056 2383 5109 sibi
2431 5057 2655 5111 invicem
2692 5063 3054 5129 respondent:
3082 5066 3223 5120 aliud
3249 5045 3390 5137 quod

309 5130 534 5224 Menaeis
579 5128 889 5224 Graecorum
918 5131 1199 5224 insertum-
1218 5140 1298 5184 est
1326 5151 1344 5224 ἐ
1373 5133 1516 5224 aliud
1560 5137 1699 5201 quod
1732 5148 1852 5204 post
1880 5140 2087 5193 divinas
2115 5139 2283 5196 Horas
2306 5184 2320 5206 ,
2362 5144 2709 5215 Evaqgelium
2728 5187 2744 5213 ,
2772 5128 3112 5217 Apostolum,
3151 5128 3393 5224 aliosque.

214 5219 385 5270 libros
417 5216 633 5282 legitur.
669 5213 1023 5281 Menologium
1052 5231 1117 5267 ex
1152 5215 1367 5271 Menzeis
1393 5218 1697 5274 Graecorum
1732 5233 1965 5289 erutum,
2001 5237 2051 5278 et
2095 5225 2147 5279 in
2193 5228 2428 5295 linguam
2467 5213 2771 5287 Graecorum
2802 5213 3140 5292 vernaculam
3174 5213 3389 5295 versum

214 5320 246 5356 a
280 5303 521 5355 Maximo
553 5301 828 5368 Margunio
858 5300 1211 5367 Cytherorum
1255 5304 1507 5371 episcopo
1533 5307 1696 5358 edidit
1721 5307 1983 5364 Antonius
2017 5310 2253 5367 Pinellus
2291 5313 2524 5372 Venetiis
2554 5334 2695 5374 anno
2724 5321 2878 5385 1529,
2916 5324 3078 5380 ἱππ-4⁸.

284 5389 586 5446 Batonius,
630 5401 771 5437 anno
800 5386 1163 5480 Domini-886,
1210 5389 1371 5441 rel'ert
1415 5389 1668 5443 Rasilium
1705 5392 2045 5450 Macedonem
2097 5400 2473 5468 imperatorem
2500 5405 2809 5473 Griecorum
2841 5408 3201 5480 Menologium
3253 5417 3385 5468 scri-

216 5475 456 5528 bendum
499 5486 723 5525 curasse
748 5480 798 5523 et
826 5471 1151 5536 augendum,
1180 5481 1340 5541 atque
1368 5474 1529 5527 etiam
1573 5477 1897 5545 imaginibus
1925 5498 2237 5551 exornasse,
2261 5490 2457 5557 quibus
2485 5470 2820 5561 singulorum
2866 5470 3170 5551 sanctorum
3209 5505 3386 5569 expri-

220 5570 501 5613 merentur
549 5558 843 5610 certamina
882 5574 895 5610 :
929 5558 1082 5626 cujus
1105 5559 1706 5630 ipsum'autographum
1746 5567 1992 5633 vidimus,
2030 5579 2082 5622 et
2136 5572 2359 5640 legimus
2396 5558 2714 5631 concessum
2757 5581 2910 5635 nobis
2957 5598 2987 5635 a
3024 5581 3192 5638 Paulo
3225 5558 3377 5639 Slau-

219 5644 375 5698 drato
430 5644 488 5695 S.
541 5640 769 5695 Caecilia:
804 5643 1083 5708 cardinali,
1114 5655 1304 5713 nepote
1346 5645 1588 5715 Gregorii
1630 5666 1773 5719 [mpm
1819 5652 1951 5705 XIV.
2005 5654 2354 5727 Mennfogittm
2415 5661 2537 5727 hoc,
2562 5678 2693 5719 auro
2732 5667 3063 5736 gemmisque
3102 5672 3385 5739 pretiosius
