4164 6480
786 401 881 494 15
1868 398 1957 454 DE
2002 395 2399 455 BASILIANO
2441 395 2881 478 nano-1.0019
3915 399 3985 459 ιδ

790 512 1262 582 Constantinopoli
1317 512 1381 566 ad
1423 512 1750 565 Luiloticum
1811 510 2066 565 Sfortiaiu
2121 515 2252 565 satis
2306 511 2557 563 ntuuiticc
2607 512 2927 574 advectum,
3002 508 3274 564 Ludovico
3326 512 3429 564 vita
3484 510 3698 571 functo,
3746 509 3983 565 Jostiues

794 600 1028 665 Baptista
1061 598 1331 653 Francisci
1376 597 1674 663 Sfondrati,
1707 598 1997 651 cardinalis
2019 613 2233 666 parens,
2254 611 2495 664 avusque
2528 596 2727 650 Nicolai
2760 595 3032 649 Sfondrati
3064 597 3351 652 cardinalis
3373 638 3388 662 ,
3434 598 3487 651 in
3525 597 3749 650 arbitrio
3778 610 3840 650 ac
3880 610 3983 665 po-

792 695 984 739 testate
1012 685 1220 749 liabuit,
1252 685 1701 753 quemadmodum
1735 693 2082 738 monumenta
2122 685 2249 745 alia,
2284 685 2639 750 maximzeque
2681 682 3057 737 :estimationis
3097 685 3398 752 scripturas
3430 684 3670 751 ejusdem
3698 681 3981 744 Ludovici,

791 772 931 839 apud
969 786 1129 839 quem
1166 772 1416 841 Baptista:
1439 771 1735 824 auctoritas
1764 772 2056 839 plurimum
2088 770 2342 838 pollebat,
2394 778 2453 822 ut
2482 783 2545 821 ex
2575 769 2802 822 diversis
2835 770 3191 834 legationibus
3215 808 3229 832 ,
3268 784 3404 838 quas
3428 770 3516 822 ille
3544 769 3615 823 ob
3665 768 3986 838 gravissima

791 858 1002 926 negotia
1034 859 1172 927 apud
1203 872 1394 912 omnes
1433 856 1545 911 fere
1571 858 1842 926 principes
1862 856 2223 917 Christianos,
2271 855 2643 910 Innocentium
2681 872 2874 925 nempe
2898 855 3034 923 VIII,
3066 856 3315 911 Carolum
3350 856 3557 919 Gallia,
3584 854 3983 911 Ferdinandum

790 951 843 996 et
864 944 1225 999 Elisabetbam
1251 943 1657 1011 Hispaniarum,
1692 942 2092 997 Ferdinanduui
2124 943 2374 1011 Neapolis
2411 952 2464 996 ct
2494 943 2693 997 Siciliae
2719 958 2919 1011 regem,
2956 952 3008 996 ct
3033 944 3248 996 tandem
3279 944 3670 1011 rempublicam
3698 941 3983 1006 Venetam,

792 1032 879 1085 tibi
932 1038 985 1084 et
1034 1044 1261 1086 mortem
1303 1032 1458 1093 obiit,
1500 1032 1749 1099 colligere
1789 1046 2099 1099 possumus.
2152 1029 2499 1085 Postmodum
2556 1044 2586 1083 a
2632 1028 2795 1082 Paulo
2847 1027 3140 1083 Sloudrato
3182 1029 3444 1084 cardinali
3505 1029 3649 1084 dono
3694 1038 3975 1099 acceptum

797 1118 996 1173 Paulus
1030 1117 1074 1171 γ
1108 1118 1163 1172 in
1214 1117 1595 1173 bibliothecam
1624 1116 1937 1171 Vaticanam
1966 1116 2189 1181 invexit,
2232 1124 2283 1171 et
2304 1116 2523 1184 praefixa
2560 1117 2916 1185 inscriptione
2942 1117 3284 1186 significavit.

867 1228 1066 1282 Paulus
1100 1226 1138 1282 V
1167 1227 1401 1297 pontifex
1424 1229 1690 1282 maximus
1717 1228 1852 1281 hunc
1878 1228 2067 1282 librum
2089 1226 2543 1293 Constantinopoli
2582 1228 2649 1279 ad
2677 1224 2997 1279 Ludovicum
3027 1225 3287 1293 Sfortiam
3318 1224 3608 1279 Mediolani
3639 1226 3820 1279 ducem
3849 1225 3988 1279 alla—

793 1326 923 1380 tum,
948 1316 1131 1368 deinde
1160 1324 1419 1367 servatum
1449 1314 1588 1382 apud
1616 1314 2021 1383 Sfondratorum
2055 1314 2317 1382 familiam
2360 1331 2391 1366 a
2416 1312 2588 1365 Paulo
2619 1313 2677 1366 S.
2720 1312 2948 1366 Cacilice
2974 1312 3234 1365 cardinali
3262 1311 3549 1381 Sfondrato
3576 1312 3675 1365 sibi
3705 1312 3840 1364 dono
3879 1309 3988 1365 da-

792 1413 923 1467 tum,
964 1403 1017 1454 in
1049 1402 1406 1455 bibliothecam
1445 1401 1754 1456 Vaticanum
1774 1402 1959 1471 inferri
1990 1403 2153 1471 jussit
2192 1418 2328 1455 anno
2363 1400 2517 1461 I6I5.
2549 1399 2887 1467 pontiﬁcatus
2920 1415 2995 1452 ut.

863 1509 1021 1565 Liber
1050 1524 1212 1564 unam
1265 1516 1473 1565 tantum
1510 1508 1797 1577 MenoIOgii
1828 1517 2053 1579 partem,
2076 1509 2295 1579 quando
2325 1515 2644 1564 sextantum
2678 1505 2977 1569 mensibus,
3008 1504 3342 1575 Septembre,
3368 1503 3621 1567 Octobrc,
3654 1504 3987 1567 Novembre.

791 1595 1105 1660 Decembre,
1135 1593 1415 1660 Januario,
1448 1601 1505 1649 et
1523 1594 1819 1651 Februario
1845 1594 2164 1661 absolvitur,
2198 1594 2460 1651 cootlttet.
2485 1595 2667 1648 Altera
2702 1594 3026 1663 quibusnam
3056 1595 3233 1648 caveis
3260 1594 3471 1649 addicta
3500 1594 3682 1659 lateat,
3716 1594 3985 1648 incertum

790 1691 893 1749 est,
928 1690 983 1738 et
1002 1681 1206 1737 utinam
1237 1695 1344 1736 non
1375 1694 1722 1737 communem
1752 1690 1952 1735 sortem
1977 1681 2235 1736 librorum
2260 1697 2444 1749 passa,
2472 1684 2592 1752 igne
2620 1683 2699 1737 vel
2730 1682 2890 1749 ferro,
2919 1682 3000 1736 vel
3028 1682 3312 1751 impiorum
3345 1691 3438 1735 aut
3470 1682 3769 1735 otiosorum
3807 1682 3985 1734 bomi-

793 1785 921 1823 num
962 1767 1236 1831 manibus,
1266 1767 1658 1821 elementorum
1683 1768 1843 1821 etiam
1882 1768 2098 1835 injuria,
2138 1768 2192 1821 in
2236 1768 2355 1822 luce
2372 1784 2491 1824 esse
2517 1770 2761 1823 “desierit.
2797 1768 3041 1838 Scriptus
3084 1779 3166 1821 est
3198 1768 3251 1821 in
3279 1767 3409 1821 folio
3434 1768 3623 1836 grandi
3657 1782 3985 1838 pergameno

792 1856 991 1909 afTabre
1019 1854 1303 1923 perpolito,
1341 1852 1465 1906 licet
1498 1861 1650 1906 atate
1674 1853 1785 1921 jam
1813 1853 1952 1906 vieta
1982 1853 2372 1921 aliquantulum
2404 1856 2703 1918 sublurido,
2737 1854 2910 1909 forma
2938 1856 3092 1923 quasi
3122 1854 3407 1921 quadrata,
3440 1854 3838 1907 cbaracleribus
3868 1854 3983 1907 cleo

798 1941 1151 2013 gantissimis,
1188 1954 1451 2007 nusquam
1486 1953 1585 2007 pro
1614 1939 1759 1993 illius
1809 1941 2098 1993 atramenti
2130 1938 2383 1995 facultate
2406 1982 2419 2007 ,
2458 1943 2601 2011 quod
2642 1942 2852 2011 nigrum
2896 1957 3002 1994 non
3042 1942 3217 2008 tingit,
3254 1941 3669 2009 nigricantibus.
3710 1940 3984 2008 Capitales

794 2046 929 2098 quas
960 2039 1155 2082 vocant
1178 2028 1403 2090 litteras,
1443 2040 1575 2079 auro
1607 2024 1978 2088 efl‘ormantur,
2015 2026 2349 2095 singularum
2384 2030 2711 2099 pagellarum
2765 2044 2889 2097 pars
2937 2030 3187 2097 superior
3216 2028 3437 2082 nomina
3473 2036 3785 2082 sanctorum
3837 2028 3985 2081 illius

793 2116 898 2169 dici
959 2122 1329 2182 repraascntat,
1365 2112 1588 2167 alterius
1634 2112 1855 2165 dimidia
1897 2113 2094 2180 scripta
2122 2116 2440 2182 compendio
2472 2124 2780 2170 sanctorum
2811 2124 2956 2183 gesta
2979 2154 2993 2176 ,
3029 2116 3197 2167 altera
3238 2114 3565 2181 imaginibus
3604 2116 3987 2181 coloribusque

798 2218 905 2256 non
938 2202 1302 2272 indiligenter,
1328 2210 1379 2254 et
1408 2215 1507 2269 pro
1542 2214 1606 2253 eo
1635 2208 1874 2269 tempore
1902 2201 2033 2255 satis
2056 2201 2349 2270 eleganter,
2399 2202 2499 2255 sub
2533 2202 2719 2255 oculos
2766 2200 2938 2269 ponit.
2972 2200 3242 2253 Picturam
3274 2200 3606 2252 recentiores
3634 2199 3985 2251 miniuluram

798 2298 986 2344 vocant
1016 2305 1029 2341 :
1066 2304 1238 2357 neque
1263 2288 1405 2342 enim
1435 2287 1575 2349 oleo,
1612 2286 1703 2341 sed
1730 2301 1867 2355 aqua
1894 2289 2209 2355 gummique
2236 2288 2447 2342 colores
2488 2298 2661 2356 tempe
2675 2298 2882 2341 rantur.
2916 2285 3181 2355 Imagines
3206 2300 3312 2339 non
3342 2285 3410 2339 ab
3436 2301 3539 2338 una
3567 2300 3727 2338 manu
3768 2297 3988 2352 proma-

798 2378 1215 2445 uant,'ideoque
1245 2391 1343 2429 nec
1372 2375 1532 2429 unius
1558 2388 1745 2429 omnes
1780 2374 2127 2437 conditionis,
2156 2375 2247 2430 sed
2279 2390 2383 2428 una
2410 2376 2574 2429 altera
2606 2376 2921 2429 concinnior
2944 2414 2961 2439 ,
3006 2374 3333 2433 accuratior,
3381 2382 3433 2426 et
3470 2374 3536 2425 ad
3569 2383 3736 2425 artem
3772 2385 3987 2424 accom-

797 2466 1061 2518 modatior
1082 2464 1315 2528 excellit,
1349 2472 1400 2517 et
1430 2478 1496 2516 ne
1524 2462 1801 2514 ἀδέσποτοι
1836 2461 2101 2530 palarent,
2134 2462 2554 2531 pictorquilibet
2590 2462 2805 2529 imagini
2836 2476 2867 2515 a
2912 2476 2968 2515 se
3009 2460 3233 2526 depicta:
3269 2460 3322 2512 in
3359 2459 3599 2527 margine
3634 2459 3754 2511 libri
3788 2471 3985 2511 nomen

794 2554 1078 2621 expressit.
1132 2551 1406 2605 Pictorum
1452 2552 1671 2603 nomina
1731 2558 1877 2612 sunt,
1921 2548 2196 2612 Pantaleo,
2233 2548 2454 2601 Michael
2508 2545 2863 2610 Blachernita,
2906 2546 3179 2614 Georgius,
3226 2545 3461 2606 Simeon,
3509 2544 3735 2597 Michael
3765 2558 3984 2611 parvus,

800 2640 1002 2703 Menas,
1032 2639 1244 2703 Nestor,
1272 2637 1478 2692 Simeon
1507 2635 1867 2688 Blachernita.
1910 2635 2179 2704 Imagines
2203 2636 2272 2688 ila
2302 2635 2679 2703 disponuntur,
2708 2646 2765 2688 ut
2795 2651 2901 2689 una
2922 2635 3076 2687 alteri
3112 2635 3350 2688 adversae
3380 2648 3485 2686 non
3519 2632 3857 2700 respondeat,
3888 2628 3983 2683 sed

797 2728 988 2779 litteris
1012 2737 1063 2779 et
1097 2734 1401 2779 sanctorum
1432 2722 1605 2776 Vitis:
1639 2736 1805 2789 quare
1838 2736 1983 2775 nunc
2023 2722 2355 2789 superiorem
2405 2731 2607 2789 partem
2640 2723 2866 2790 paginae,
2906 2720 3123 2790 quando
3171 2720 3389 2774 alterius
3419 2720 3667 2789 superior
3698 2733 3823 2786 pars
3844 2718 3983 2771 scri-

798 2814 1030 2881 ptiuucm
1065 2811 1244 2875 refert,
1276 2825 1419 2864 nunc
1450 2808 1781 2870 inferiorem,
1812 2808 2027 2876 quando
2057 2808 2281 2861 alterius
2308 2805 2531 2862 inferior
2574 2809 2839 2877 descripta
2869 2817 2971 2863 cst.

869 2927 1093 2993 Quando
1116 2926 1249 2979 liber
1275 2924 1507 2992 scriptus
1540 2922 1629 2985 sit,
1658 2922 1900 2976 divinare
1938 2936 2045 2975 non
2077 2936 2366 2989 possumus
2400 2940 2414 2976 :
2448 2921 2646 2974 abhinc
2678 2929 2854 2974 tamen
2886 2934 3031 2975 anno
3096 2917 3200 2972 662
3246 2919 3536 2988 scriptum,
3562 2917 3815 2971 uidentur
3843 2914 3986 2969 indi-

798 3030 919 3069 care
945 3016 1033 3082 qui
1058 3014 1201 3082 operi
1230 3013 1575 3082 prmliguutur
1605 3010 1791 3065 iambi.
1820 3008 1884 3062 lIi
1917 3024 2043 3063 vero
2074 3019 2200 3063 sunt
2236 3026 2247 3060 :

1728 3158 1985 3213 Ἐνταῦθα
2014 3160 2107 3212 νῦν
2141 3161 2413 3231 σκὸπησον
2448 3161 2619 3233 ὀρθῶς
2646 3162 2674 3213 ὁ
2694 3160 2921 3230 βλέπων,
2954 3168 3053 3213 etc.

1966 3267 2042 3322 Ex
2078 3267 2573 3338 vorsionoJuannis
2602 3269 2804 3338 Argoli.

1628 3336 1917 3406 gonsidera
1944 3338 2100 3406 probe
2133 3337 2297 3391 oculis
2325 3337 2426 3401 hic,
2454 3354 2481 3390 ο
2503 3340 2591 3403 qui
2618 3336 2829 3406 aspicis,

1633 3403 1711 3457 Ex
1740 3406 1888 3456 rebus
1918 3405 2127 3471 optimis
2156 3422 2284 3472 opus
2323 3416 2456 3459 certe
2488 3403 2737 3473 Optimum
2762 3446 2776 3470 ,

1633 3475 1743 3537 Dei,
1772 3475 2005 3536 inquam,
2032 3489 2159 3540 opus
2186 3476 2590 3542 pulcherrimum
2624 3487 2843 3527 mentem
2874 3476 3118 3540 impetens

1646 3542 1771 3595 Visu
1806 3552 1980 3596 creata
2006 3554 2193 3596 cuncta
2219 3547 2477 3596 delectans
2506 3547 2705 3606 merito,

1636 3611 1698 3664 Ut
1741 3627 1960 3680 namque
1982 3629 2142 3678 supra
2166 3628 2256 3665 rex
2277 3614 2382 3677 poli
2412 3616 2601 3666 suntnti
2635 3615 2829 3680 artifex

1628 3680 1823 3751 calum
1857 3682 2053 3732 choreis
2084 3683 2432 3733 condecorans
2460 3681 2662 3751 clarum
2684 3685 2865 3751 igneis,

1637 3750 1787 3818 Quod
1812 3751 1960 3816 pel/is
1996 3751 2163 3801 instar
2189 3751 2323 3802 vocis
2346 3750 2594 3818 explicuit
2626 3750 2770 3812 sono,

1644 3817 1897 3870 Mundutn
1929 3819 2154 3870 irradiat
2191 3821 2421 3885 sapiente
2447 3821 2806 3885 providentia;

1637 3885 1889 3957 I_nfraque
1910 3900 1965 3938 ut
1984 3890 2153 3953 ipsum
2184 3889 2412 3941 moribus
2441 3889 2713 3955 splendens
2744 3891 2956 3957 paribus

1639 3954 1815 4008 Terrte
1850 3957 2031 4023 plagas
2056 3958 2235 4019 totius,
2270 3968 2317 4008 et
2348 3972 2437 4008 rex
2454 3954 2697 4021 purpuras

1604 4090 1607 4093 Α
1636 4025 1893 4093 βαεὶιηω,
1918 4025 2159 4091 filiusque
2181 4024 2377 4090 duplici
2414 4035 2593 4092 potens

1630 4092 1817 4153 Fama,
1850 4094 2123 4159 triumphis
2159 4093 2376 4156 scilicet,
2412 4095 2758 4158 sermonibus,
2787 4106 2890 4150 etc.

801 4278 863 4332 Et
884 4278 986 4330 hoc
1011 4285 1091 4329 est
1112 4271 1466 4339 Menologium
1487 4269 1716 4322 Baronio
1744 4266 1938 4329 visum,
1966 4282 2063 4321 nec
2089 4268 2297 4334 abnuo;
2329 4271 2528 4333 studio,
2557 4271 2821 4341 jussuque
2854 4272 3038 4327 Basilii
3073 4275 3411 4343 imperatoris
3444 4275 3792 4343 descriptum,
3823 4288 3988 4327 exor-

808 4374 1101 4431 natumquc
1136 4359 1482 4429 imaginibus,
1516 4356 1615 4409 nisi
1652 4354 1867 4407 aliunde
1891 4354 2113 4408 edoctus
2136 4354 2308 4420 fuero,
2346 4372 2454 4411 non
2501 4358 2747 4422 credam,
2780 4362 3229 4427 quemadmodum
3257 4373 3311 4416 et
3343 4362 3601 4417 Basilium
3644 4363 3787 4415 hunc
3813 4360 3993 4414 Mace-

801 4455 994 4505 donem
1022 4448 1187 4502 l‘ulsse
1217 4466 1229 4500 :
1264 4462 1326 4499 ex
1357 4444 1547 4497 iambis
1570 4442 1712 4496 enim
1744 4441 1831 4495 bic
1868 4441 2099 4495 Basilius
2124 4442 2445 4512 Porphergt

2350 4453 2625 4512 rogenneta
2666 4447 2925 4497 asseritur
2960 4461 2971 4496 :
3009 4446 3143 4509 ἄναξ
3162 4449 3285 4517 ὅλης
3314 4449 3435 4515 γῆς,
3485 4449 3629 4516 ἥλιος
3656 4450 3749 4516 τῆς
3780 4448 3994 4517 πορφύ-

805 4553 903 4608 ρας
934 4535 1230 4596 Basilum,
1254 4530 1314 4581 τὸ
1335 4530 1553 4597 Θρέμμα
1582 4528 1679 4595 τῆς
1708 4526 2040 4595 ἁλουργ”ίδος,
2080 4526 2379 4594 Imperator
2402 4536 2449 4580 te

2354 4536 2553 4582 rterrte
2584 4530 2853 4593 universae,
2892 4532 2969 4583 sol
3006 4549 3253 4599 purpura
3284 4533 3516 4586 Basilius
3556 4542 3604 4586 et
3624 4535 3887 4585 alumnus.
3932 4533 3990 4587 Id

804 4628 870 4680 de
894 4620 1181 4673 Macedone
1211 4616 1315 4669 dici
1349 4628 1455 4667 non
1490 4620 1689 4681 potest,
1712 4627 1834 4665 cum
1858 4628 2031 4679 neque
2057 4612 2566 4683 Porphyrogcnneta
2599 4616 2789 4680 fuerit,
2826 4633 2925 4672 nec
2952 4620 3273 4687 imperatore
3307 4632 3455 4688 patre
3492 4630 3652 4673 natus
3683 4620 3783 4682 sit,
3818 4636 3993 4688 neque

804 4710 1039 4762 adultus.
1079 4705 1318 4757 Zonaras
1358 4703 1410 4754 iu
1449 4700 1808 4754 Constantino
1836 4698 2001 4759 Duca,
2038 4701 2148 4769 Τὴν
2197 4702 2295 4770 μὲν
2343 4702 2446 4770 βασ

2350 4702 2623 4770 βασιλείαν
2653 4703 2816 4756 αὑτοῦ
2871 4705 3228 4757 καταλέλοιπε
3260 4708 3433 4775 τρισὶν
3460 4706 3648 4766 υἱέσιν,
3683 4716 3783 4759 ctc.
3820 4704 3994 4772 Impe-

808 4798 941 4845 rium
969 4791 1131 4842 tribus
1156 4789 1281 4856 filiis
1344 4787 1569 4855 reliquit,
1600 4801 1818 4853 quorum
1856 4787 2007 4849 duos,
2045 4786 2346 4839 Michaelent
2388 4798 2436 4840 et
2468 4788 2823 4843 Andronicum
2863 4790 3100 4844 Eudocia
3128 4794 3329 4860 privato
3369 4792 3557 4856 adhuc,
3590 4791 3990 4844 Constantinum

808 4895 922 4931 uero
945 4877 1222 4945 imperanti
1255 4881 1540 4943 pepererat,
1571 4888 1686 4925 cum
1714 4884 1761 4924 et
1789 4872 1899 4937 ipsa
1922 4874 2155 4941 Augusta
2179 4875 2441 4941 appellata
2465 4886 2615 4929 esset.
2641 4875 2787 4930 Unde
2812 4880 2892 4929 hic
2915 4879 3056 4931 solus
3084 4878 3558 4948 Porphyrogenitus
3586 4880 3707 4946 fuit,
3731 4896 3789 4931 ac
3807 4883 3987 4933 statim

806 4980 913 5033 pra:
942 4964 1143 5015 steteris
1170 4961 1370 5028 imperii
1399 4959 1685 5026 insignibus
1708 4955 2017 5011 adornatus.
2042 4957 2117 5010 Ex
2148 4972 2215 5011 eo
2241 4975 2430 5030 nempe
2470 4963 3055 5036 Porpbyrogeuilorum
3088 4985 3281 5022 nomen
3313 4970 3565 5029 emersit,
3604 4977 3659 5020 ut
3692 4969 3782 5037 qui
3821 4971 3988 5034 impe-

809 5062 958 5107 rante
990 5058 1141 5119 patre
1173 5057 1502 5107 nasceretur,
1522 5045 1630 5098 sive
1658 5045 1710 5097 in
1736 5044 1975 5099 thalamo
2015 5042 2305 5115 Porphyraa
2333 5048 2478 5103 dicto
2498 5088 2513 5114 ,
2545 5052 2657 5104 sive
2702 5066 2938 5119 purpura
2983 5054 3219 5108 obvoluti
3241 5093 3256 5115 ,
3287 5052 3803 5123 Porpltyrogennetz:
3844 5057 3990 5106 uice.-

812 5146 1019 5193 rentur.
1048 5133 1390 5190 Herodianus
1417 5132 1541 5187 bist.
1572 5131 1668 5184 lib.
1705 5146 1742 5193 t,
1773 5130 1838 5185 de
1865 5131 2161 5185 Commodo
2192 5131 2355 5188 Marci
2384 5134 2455 5187 im

2346 5134 2355 5185 i
2384 5134 2725 5201 imperatoris
2754 5137 2861 5189 lilio
2900 5154 2914 5191 :
2952 5138 3155 5190 Ἔδωκε
3204 5136 3259 5189 δὲ
3306 5138 3422 5205 μετ’
3452 5142 3675 5201 ἐκεῖνον,
3704 5150 3803 5191 etc.
3834 5136 3990 5189 Nune

809 5240 889 5279 me
918 5233 1033 5292 post
1059 5220 1309 5276 loreum
1353 5227 1551 5288 patrem
1585 5216 1726 5272 vobis
1753 5216 1965 5284 fortuna
1992 5217 2279 5285 principem
2314 5220 2501 5283 dedit,
2539 5239 2637 5275 non
2682 5224 2890 5291 quidem
2920 5226 3228 5285 ascititium,
3265 5226 3444 5292 quales
3485 5236 3602 5278 ante
3642 5242 3722 5277 tne
3761 5227 3987 5294 fuerunt.

810 5328 971 5382 neque
997 5309 1155 5363 veluti
1182 5307 1437 5378 acquisita
1466 5306 1680 5373 imperio
1706 5306 2015 5375 gloriantem
2036 5347 2050 5371 ,
2085 5307 2271 5375 quippe
2307 5323 2442 5358 unus
2482 5323 2572 5375 ego
2599 5308 2736 5359 vobis
2773 5319 2927 5362 natus
2950 5351 2964 5374 ,
2996 5311 3345 5377 educatusque
3380 5312 3432 5361 iu
3458 5312 3582 5362 aula
3601 5351 3615 5372 ,
3654 5327 3753 5361 non
3785 5313 3990 5377 qniuem

809 5398 1028 5467 privatis
1060 5394 1325 5447 obvolutus
1350 5392 1529 5460 fasciis
1553 5407 1570 5443 :
1594 5395 1864 5451 statimute
1888 5400 1942 5443 ut
1973 5408 2036 5443 ex
2069 5392 2183 5444 alvo
2228 5395 2547 5459 prodieram,
2584 5395 2922 5461 imperatoria
2967 5412 3197 5463 purpura
3220 5399 3473 5464 suscepit,
3514 5398 3767 5462 simulque
3793 5398 3869 5446 sal
3902 5401 3953 5444 In
3973 5426 3994 5435 -

817 5500 1000 5535 ntmem
1032 5496 1110 5533 tne
1142 5480 1291 5542 uidit,
1313 5488 1359 5530 et
1386 5478 1692 5546 principem.
1717 5474 1780 5530 Et
1812 5474 2137 5530 Themistius
2168 5489 2302 5531 orat.
2332 5478 2383 5534 6.
2416 5479 2482 5532 de
2518 5479 2896 5535 Valentiniano
2926 5482 3167 5535 Gratiani
3188 5485 3523 5551 imperatoris
3549 5481 3713 5534 fratre
3741 5483 3993 5550 :npoio;

812 5572 920 5638 γὰρ
949 5570 1008 5635 δὴ
1032 5568 1166 5629 τέως
1186 5566 1283 5633 τῆς
1313 5565 1624 5633 ιύδιίμονος
1649 5562 1821 5624 οἰκίας
1852 5563 2280 5632 ὲσπαργανὼθης
2312 5568 2369 5617 ιν
2395 5566 2456 5618 ἀλ

2353 5584 2369 5617 ν
2395 5566 2668 5635 ἁλουργίδι
2690 5606 2703 5627 ,
2745 5565 2957 5620 Primus
2992 5581 3163 5620 autem
3191 5581 3309 5620 tunc
3350 5570 3555 5636 inclng
3588 5569 3771 5621 domus
3800 5585 3997 5637 purpu-

815 5658 915 5710 reis
939 5655 1207 5707 obvolutus
1235 5668 1288 5704 es
1327 5652 1525 5719 fasciis.
1562 5650 1765 5704 Dicitur
1792 5659 1970 5705 tamen
1994 5651 2059 5705 de
2095 5650 2289 5706 Basilio
2319 5652 2558 5715 iuniore,
2584 5654 2677 5721 qui
2705 5654 2844 5708 circa
2878 5669 3075 5707 annum
3112 5655 3318 5711 Domini
3346 5656 3469 5716 977,
3499 5671 3619 5709 cum
3643 5655 3999 5710 Constantino

818 5742 1322 5812 I’Orpbyrogenneta
1354 5739 1633 5806 imperium
1662 5737 1847 5790 tenuit.
