4164 6480
762 423 832 483 5'33
1975 428 2388 488 MENOLOGII
2429 431 2616 490 PARS
2657 430 2685 489 Ι
2689 477 2702 492 .
3876 425 3946 487 ει

767 549 872 588 tem
905 535 1104 606 Moysis
1135 537 1477 592 Hebrmorum
1498 538 1834 608 legislaturis,
1872 539 1950 590 vir
1985 539 2158 602 l'ortis,
2193 540 2290 593 rel-
2324 547 2368 602 Α
2397 541 2411 594 ί

2324 547 2368 602 Α
2397 541 2546 610 δοχος
2589 543 2644 596 δέ
2686 544 2960 606 Μωῢσέως
3002 543 3094 596 τοῦ
3142 542 3431 611 νομοθέτου
3479 541 3584 594 τῶν
3645 540 3939 608 Ἐϐραίωνο

764 641 870 693 que
899 626 1146 679 militaris
1174 628 1396 695 peritus.
1428 627 1559 681 Nam
1605 627 1856 683 Hiericho
1880 630 2138 681 munitam
2172 629 2302 683 alie-

766 718 1078 787 nigenarum
1128 719 1314 773 urbem
1371 721 1714 789 expugnavit,
1743 720 2137 787 Jordanemque
2205 718 2305 772 llu-

763 808 909 860 vium
939 821 1035 875 per
1069 807 1266 862 siccum
1297 810 1543 864 transivit
1569 826 1670 864 una
1707 826 1828 864 cum
1878 810 2095 879 pepulo,
2135 821 2187 864 et
2219 825 2304 862 aro

764 911 827 950 ra
855 897 966 951 Dei.
1002 897 1307 952 Michaelem
1356 899 1516 954 etiam
1559 899 1794 954 cmlestis
1847 902 2117 953 exercitus
2157 900 2304 968 prin-

763 988 936 1056 cipem
979 1004 1158 1042 ensem
1208 1004 1316 1057 pne
1367 991 1614 1044 manibus
1668 999 1932 1044 tencntcm
1994 991 2164 1044 vidit:
2200 1005 2305 1058 quo

765 1080 948 1132 statim
980 1081 1217 1149 cognito,
1249 1081 1474 1149 abjectis
1503 1082 1733 1149 propriis
1771 1083 1957 1145 armis,
1989 1082 2131 1136 illius
2168 1082 2307 1149 pedi-

764 1171 866 1224 bus
913 1170 1194 1224 advolutus
1225 1188 1238 1223 :
1271 1171 1428 1235 Quid,
1466 1171 1657 1239 inquit,
1691 1172 1922 1240 imperas
1971 1186 2126 1225 servo
2177 1173 2306 1224 tuo?

764 1260 960 1314 Adhaac
1008 1276 1127 1313 cum
1156 1261 1344 1329 prmlio
1377 1261 1654 1314 dimicaret
1689 1276 1808 1314 cum
1837 1261 2166 1330 alienigenis,
2200 1261 2308 1314 sol-

765 1365 870 1418 que
903 1351 970 1404 ad
1008 1366 1256 1405 occasum
1290 1353 1762 1420 appr0pinquaret,
1800 1352 1911 1420 ipse
1942 1367 2068 1405 vero
2097 1353 2310 1404 vincen-

767 1440 821 1529 di
863 1439 1129 1494 desiderio
1167 1450 1454 1503 teneretur,
1487 1441 1775 1494 maximam
1808 1441 1862 1494 in
1892 1443 1998 1495 Deo
2027 1457 2174 1509 spem
2218 1442 2311 1493 ha-

769 1533 921 1599 bens,
957 1533 1239 1601 imperavit
1266 1534 1367 1587 soli
1392 1541 1635 1587 utstaret
1661 1551 1673 1586 :
1703 1533 1955 1600 Stetitque
1996 1532 2074 1584 sol
2100 1549 2112 1584 :
2140 1545 2311 1598 neque

769 1624 916 1690 prius
941 1625 1156 1688 occidit,
1180 1639 1339 1692 quam
1376 1623 1557 1679 hostes
1587 1623 1876 1677 fortissime
1904 1624 1957 1676 in
1989 1621 2166 1691 fugam
2191 1637 2311 1675 ver—

770 1716 854 1768 tit.
886 1714 1016 1768 Cum
1059 1717 1219 1783 igitur
1277 1715 1532 1769 exercitui
1582 1715 1902 1783 praafuisset,
1950 1692 2314 1782 populumque

769 1807 1122 1860 lsracliticum
1151 1821 1212 1858 ex
1232 1820 1412 1858 eremo
1440 1812 1580 1858 recte
1600 1805 1875 1868 eductum,
1898 1808 1951 1856 in
1973 1812 2171 1857 terram
2194 1817 2317 1871 pro-

772 1898 1071 1957 missionis,
1101 1911 1221 1963 qure
1271 1903 1352 1949 est
1393 1894 1784 1964 Hierosolyma,
1809 1894 2068 1956 duxisset,
2106 1905 2312 1962 perque
2338 1875 2385 1934 B

772 2002 944 2041 annos
975 1986 1159 2053 viginti
1185 1994 1384 2053 septem
1411 1985 1726 2054 judicasset,
1757 1995 2002 2039 mortuus
2021 1993 2124 2046 est,
2153 1992 2314 2051 atque

777 2076 1071 2132 honorifice
1102 2080 1154 2131 in
1193 2076 1377 2131 eadem
1436 2087 1576 2131 terra
1605 2092 1635 2130 a
1682 2076 1877 2146 populo
1913 2091 2011 2132 suo
2041 2073 2309 2144 sepultus.

1389 2273 1589 2327 Eodem
1621 2275 1705 2326 die

774 2367 830 2437 6
865 2365 1135 2419 Certamen
1177 2374 1491 2437 sanctarum
1553 2363 1905 2437 quadraginta
1975 2362 2316 2433 virginum,el

1158 2434 1421 2484 Ammonis
1457 2449 1634 2485 earum
1665 2433 1924 2499 magistri.

849 2550 886 2611 (ζ
917 2546 1210 2614 iadraginta
1237 2545 1428 2596 harum
1457 2541 1720 2610 virginum
1743 2549 1795 2594 et
1823 2547 2120 2608 martyrum
2148 2544 2319 2590 coetus

777 2647 1002 2705 patrnam
1033 2637 1216 2689 habuit
1236 2633 1634 2702 Adrianopolim
1664 2629 2015 2695 Macedoniae;
2048 2627 2317 2682 doctorem

779 2737 956 2782 antem
986 2725 1104 2778 ﬁdei
1140 2725 1454 2777 Ammonem
1482 2723 1789 2783 diaconum,
1815 2735 1844 2772 a
1873 2733 1978 2787 quo
2021 2731 2081 2770 ea
2115 2731 2234 2784 qua:
2255 2713 2320 2766 ad

779 2821 1041 2872 caelorum
1092 2832 1308 2883 rcg.:uin
1374 2814 1659 2881 pertinent,
1700 2809 2017 2863 didicerunt.
2070 2804 2150 2858 Ob
2203 2819 2320 2858 eam

782 2921 960 2963 autem
991 2922 1210 2960 causam
1241 2923 1266 2957 a
1291 2903 1512 2972 praeside
1538 2901 1776 2969 ejusdem
1803 2897 1949 2952 urbis
1981 2896 2322 2964 comprehen~

781 3017 876 3063 sv,
923 2998 1088 3050 multa
1155 2994 1537 3062 suppliciorum
1597 3005 1790 3059 genera
1849 3001 2110 3054 perpessae
2176 2990 2321 3043 sunt.

783 3086 927 3155 quod
986 3085 1127 3138 idola
1183 3084 1409 3136 adorare
1456 3086 1786 3132 recusarent.
1820 3075 2037 3132 Deinde
2085 3073 2326 3126 adductae

2403 634 2539 704 ἀνὴρ
2557 634 2794 703 ἀνδρεῖος
2807 635 2900 686 καὶ
2921 633 3295 704 στρατηγικός.
3323 633 3430 686 Kal.
3451 631 3557 702 γὰρ
3579 631 3675 701 τὴν
3709 630 3941 699 Ἱεριχὼ,

2404 721 2554 773 πόλιν
2609 720 2767 773 οὖσαν
2799 721 3021 791 ἰσχυρὰν
3082 723 3188 772 τῶν
3230 719 3560 788 ἀλλοφύλων,
3617 717 3891 787 παρέλαϐε
3925 732 3940 746 ·

2403 811 2496 861 καὶ
2539 810 2629 862 τὸν
2683 811 2920 879 ποταμὸν
2982 813 3247 881 Ἰορδάνην
3297 812 3384 864 διὰ
3440 809 3609 878 ξηρᾶς
3663 808 3948 873 διεπέρασε

2407 901 2542 968 μετὰ
2587 901 2678 953 τοῦ
2718 901 2870 966 λαοῦ,
2900 904 2991 954 καὶ
3017 903 3117 968 τῆς
3145 900 3492 955 κι6ωτοῦ³τοῦ
3525 898 3679 952 Θεοῦ.
3709 897 3818 950 Καὶ
3854 897 3945 948 τὸν

2404 990 2836 1058 ἀρχιστράτηγον
2892 991 3108 1060 Μιχαὴλ
3149 990 3406 1044 ἐθεάσατο
3462 985 3761 1057 κρατοῦντα
3817 987 3950 1054 ῥομ-

2407 1082 2590 1146 φαίαν,
2642 1083 2733 1134 καὶ
2781 1081 3050 1149 γνωρίσας
3097 1081 3275 1144 αὑτὸν,
3317 1078 3504 1150 ἔρριψε
3535 1078 3602 1130 τὰ
3635 1078 3744 1130 tm
3789 1076 3954 1139 ὅπλα,

2406 1173 2497 1222 καὶ
2530 1171 2720 1225 ἔπεσεν
2755 1174 2833 1235 είς
2862 1175 2986 1234 τοὺς
3024 1173 3183 1234 πόδας
3221 1169 3404 1234 αὑτοῦ,
3437 1168 3604 1222 εἰπών
3635 1183 3649 1197 ·
3686 1167 3748 1219 Τί
3778 1183 3952 1234 προσ-

2407 1262 2622 1324 τάσσεις
2647 1261 2722 1330 τῷ
2757 1263 2832 1332 σῷ
2859 1262 3043 1332 οἰκέτῃ
3077 1280 3092 1329 ;
3131 1261 3386 1331 Πολεμῶν
3411 1261 3466 1312 δῖε
3489 1259 3624 1328 πρὸς
3651 1257 3774 1319 τοὺς
3801 1255 3958 1307 ἁλλοο

2411 1351 2623 1418 φύλους,
2649 1351 2740 1404 καὶ
2765 1352 2854 1404 τοῦ
2887 1353 3037 1421 ἡλίου
3067 1352 3198 1422 πρὸς
3224 1351 3371 1404 δύσιν
3392 1350 3561 1413 ὄντος,
3586 1347 3725 1415 ἔχων
3757 1344 3948 1396 ἐπιθυ-

2413 1442 2538 1512 μίαν
2585 1444 2676 1496 τοῦ
2720 1445 2936 1513 νικῆσαι
2963 1444 3183 1507 αὐτοὺς,
3216 1443 3515 1513 ἐθάρρησεν
3557 1441 3637 1502 είς
3676 1439 3766 1490 τὸν
3799 1437 3953 1498 Θεὸν,

2411 1535 2504 1585 καὶ
2554 1528 2703 1586 εἶπεν
2736 1551 2750 1566 ι
2787 1536 2972 1601 Στήτω
3018 1537 3046 1588 ὁ
3092 1535 3242 1604 ἣλιος
3264 1552 3278 1566 ⁸
3312 1535 3406 1587 καὶ
3444 1532 3643 1591 εὐθέως
3702 1529 3898 1599 ἐστάθη
3929 1531 3960 1580 ὀ

2410 1623 2581 1693 ἥλιος,
2613 1625 2707 1676 καὶ
2733 1625 2833 1676 οὐκ
2856 1624 3055 1688 ἐδυνεν,
3082 1625 3186 1686 ἓως
3234 1623 3425 1694 ἔτρεψε
3455 1625 3579 1685 τοὺς
3608 1623 3830 1690 ἐχθροὺς
3859 1621 3960 1670 αὺ-

2412 1713 2505 1766 τοῦ
2563 1715 2702 1768 κατά
2754 1715 2968 1784 κράτος.
3016 1715 3404 1785 Στρατηγήσας
3442 1714 3496 1765 δὲ
3542 1711 3634 1764 τοῦ
3679 1709 3828 1772 λαοῦ,
3865 1709 3961 1758 καὶ

2413 1803 2687 1873 διαγαγὼν
2712 1807 2908 1868 αὐτοὺς
2941 1807 3003 1858 ἐκ
3031 1807 3125 1876 τῆς
3157 1807 3363 1876 ἐρήμου
3393 1803 3588 1863 καλῶς,
3617 1800 3711 1852 καὶ
3737 1801 3960 1864 ἀπαγα-

2413 1899 2524 1967 γὼν
2553 1899 2630 1961 είς
2659 1897 2755 1966 τὴν
2776 1898 2876 1967 γῆν
2895 1899 2994 1966 τῆς
3025 1895 3372 1964 ἐπαγγελίας,
3404 1894 3527 1962 ἥτις
3559 1891 3675 1942 ἐστὶ
3704 1890 3771 1940 τά
3798 1889 3960 1956 Ἰεροσ

2417 1991 2639 2058 σόλυμα,
2673 1988 2767 2040 καὶ
2794 1989 2983 2056 κρίνας
3023 1989 3112 2040 τὸν
3141 1987 3267 2039 λαὸν
3295 1985 3386 2037 τοῦ
3426 1981 3640 2052 Ἰσραὴλ
3667 1981 3835 2031 εἴκοσι
3868 1979 3965 2030 καὶ

2417 2079 2551 2131 ἐπτὰ
2578 2077 2692 2146 ἔτη,
2728 2076 3060 2145 ἐτελεύτησε,
3098 2077 3190 2128 καὶ
3234 2076 3405 2144 ἐτάφη
3457 2070 3688 2139 ἐντίμως
3723 2070 3778 2120 ἐν
3819 2067 3958 2137 αὐτῇ

2414 2171 2479 2238 τῇ
2510 2169 2578 2238 γῇ
2606 2167 2708 2218 ὑπὸ
2737 2166 2828 2218 τοῦ
2857 2165 2984 2218 ἰδίου
3004 2164 3156 2218 λαοῦ.

2930 2273 3007 2341 τῇ
3050 2271 3183 2340 αὐτῇ
3232 2271 3412 2341 ἡμέρᾳ

2421 2365 2710 2431 Ἀθλησις
2747 2361 2862 2414 τῶν
2899 2361 3565 2431 ἀγίωνᾼτεσ-σαράκοντα
3591 2356 3916 2431 ,παρθένων
3945 2393 3964 2419 ,

2633 2432 2729 2484 καὶ
2768 2429 2996 2499 Ἀμμὼν
3015 2429 3120 2482 τοῦ
3147 2429 3514 2482 διδασκάλου
3535 2428 3748 2480 αὐτῶν.

2487 2539 2606 2590 Τῶν
2628 2537 3027 2606 τεσσαράκοντα
3050 2536 3250 2588 τούτων
3286 2534 3564 2604 παρθένων
3627 2534 3722 2586 καὶ
3754 2531 3964 2601 μαρτύ-

2423 2646 2528 2699 ρων
2568 2629 2627 2680 τδ
2672 2627 2874 2696 πλῆθος
2919 2628 3133 2693 ἐγένετο
3172 2627 3279 2679 ἀπὸ
3339 2625 3825 2695 Ἀδριανουπὸλεως
3863 2623 3965 2687 τῆς

2421 2720 2772 2781 Μακεδονίας.
2824 2719 3148 2770 Διδάσκαλον
3196 2719 3250 2770 δὲ
3299 2717 3518 2785 ἔχουσαι
3579 2717 3677 2784 τῆς
3729 2715 3965 2774 πίστεως

2439 2811 2660 2879 Ἀμμὼν
2690 2809 2780 2861 τὸν
2800 2809 3058 2872 διάκονον,
3079 2809 3278 2877 ἔμαθον
3312 2809 3402 2859 ὑπ’
3433 2806 3594 2859 αὑτοῦ
3626 2806 3692 2858 τά
3716 2805 3842 2871 περὶ
3868 2803 3968 2868 τῆς

2429 2899 2700 2970 βασιλείας
2731 2897 2836 2950 τῶν
2867 2898 3112 2966 οὐρανῶν
3138 2914 3152 2928 ⁶
3179 2898 3266 2950 διὰ
3296 2897 3450 2950 τοῦτο
3472 2898 3566 2948 καὶ
3599 2897 3972 2963 ἐκρατήθησαν

2429 2991 2576 3058 παρὰ
2606 2989 2699 3041 τοῦ
2735 2992 2832 3058 τῆς
2873 2988 3041 3056 αὐτῆς
3081 2988 3285 3049 πόλεως
3326 2987 3603 3055 ἄρχοντος.
3638 2985 3748 3037 Καὶ
3802 2982 3973 3033 πολλὰ

2431 3080 2844 3148 ἐτιμωρήθησαν
2905 3078 2989 3128 διὰ
3027 3076 3084 3128 τὺ
3117 3076 3190 3144 μὴ
3240 3075 3612 3144 προσκυνῆσαι
3667 3074 3776 3134 τοῖς
3823 3069 3973 3121 εἰδώ-

785 3179 1047 3239 Bermam,
1083 3183 1142 3228 ut
1189 3172 1574 3232 sacriﬁcarent,
1603 3183 1724 3221 cum
1757 3166 1828 3219 ibi
1875 3164 2039 3217 Deum
2086 3167 2321 3223 orarent,
2355 3189 2396 3243 ϐ

2355 3189 2396 3243 C
2430 3169 2560 3229 λοις.
2595 3163 2725 3218 Εἶτα
2764 3165 3005 3234 ἤχθησαν
3050 3165 3127 3225 είς
3178 3163 3423 3231 Βεροίην,
3450 3161 3542 3214 τοῦ
3579 3159 3753 3211 θῦσαι.
3806 3155 3974 3207 Ἔνθα

786 3268 1034 3334 precibus
1060 3264 1174 3318 suis
1212 3262 1523 3321 effecerunt,
1555 3266 1612 3310 ut
1640 3256 1882 3311 sublatus
1908 3255 1959 3306 in
1993 3268 2114 3304 aera
2153 3264 2329 3304 sacer-

784 3361 883 3411 dos
931 3355 1194 3409 idolorum
1238 3350 1562 3411 concideret,
1585 3356 1637 3400 et
1682 3344 1860 3398 statim
1905 3342 2168 3396 interiret.
2203 3338 2329 3392 Post

791 3449 904 3499 haec
955 3452 1176 3498 sanctus
1210 3443 1435 3493 Ammon
1491 3435 1858 3504 suspenditur,
1897 3442 1949 3485 ct
1975 3431 2026 3484 in
2074 3429 2332 3482 lateribus

789 3537 1066 3605 scalpitur,
1100 3535 1352 3601 nudoque
1381 3530 1553 3598 capite
1596 3528 1908 3582 candentem
1952 3523 2214 3576 cassidem
2248 3521 2331 3573 in-

790 3631 958 3682 duere
980 3626 1318 3693 compellitur
1351 3640 1363 3674 :
1393 3633 1440 3675 et
1469 3635 1572 3673 una
1601 3633 1722 3671 cum
1763 3615 2059 3683 virginibus
2085 3613 2150 3665 ad
2191 3611 2332 3664 Lici-

795 3720 940 3771 nium
995 3725 1278 3785 tyrannum
1323 3711 1573 3772 mittitur,
1609 3709 1699 3777 qui
1739 3707 1997 3759 adversus
2046 3703 2165 3756 illos
2210 3715 2334 3754 sen-

794 3810 1013 3864 tentiam
1069 3806 1260 3860 mortis
1325 3800 1710 3870 pronuntiavit.
1762 3797 1823 3849 Et
1878 3796 2062 3850 decem
2114 3793 2332 3861 quidem

793 3916 980 3956 carum
1034 3900 1154 3968 igne
1187 3903 1516 3963 consumpta:
1568 3899 1733 3946 sunt:
1769 3897 1891 3942 octo
1921 3902 2042 3940 cum
2079 3885 2337 3954 magistro

797 4009 896 4046 suo
918 3991 1226 4046 decollatze:
1260 3988 1438 4041 decem
1471 3986 1521 4038 in
1557 3998 1668 4044 ore,
1695 3992 1747 4035 et
1775 3979 1934 4034 corde
1963 3977 2136 4047 gladio
2164 3985 2338 4029 trans-

799 4087 918 4137 ﬁxa:
964 4083 1351 4135 decesserunt:
1405 4091 1496 4128 sex
1557 4072 1858 4125 minutatim
1922 4067 2154 4120 concisa:
2191 4082 2203 4116 :
2245 4078 2338 4116 sex

798 4176 1028 4243 denique
1091 4173 1286 4240 injecto
1359 4169 1410 4221 in
1467 4182 1526 4220 os
1578 4163 1824 4218 candenti
1885 4159 2025 4213 ferro
2063 4158 2340 4212 exstincta:

799 4275 941 4320 sunt.

1315 4364 1535 4418 EODEM
1559 4365 1598 4416 Μ
1616 4362 1809 4414 FINSE.

1383 4455 1474 4506 Die
1504 4452 1737 4507 secunda

905 4573 954 4641 7
988 4570 1254 4624 Certamen
1284 4566 1451 4619 sancti
1481 4563 1650 4631 magni
1682 4560 1927 4628 martyris
1952 4554 2006 4608 Μ
2012 4552 2257 4607 amantis.

876 4681 1074 4732 Slamas
1105 4674 1480 4730 celeberrimus
1524 4676 1725 4738 martyr
1753 4664 2041 4718 Aureliano
2066 4664 2339 4716 Romano-

804 4787 922 4826 rum
955 4769 1163 4823 Caesare
1186 4765 1397 4818 claruit.
1424 4765 1556 4817 Cum
1607 4767 1782 4813 autem
1814 4758 2092 4824 orphanus
2122 4753 2341 4807 relictus

807 4865 1015 4922 fuisset,
1040 4857 1350 4928 parentibus
1381 4856 1433 4907 in
1457 4866 1670 4907 carcere
1699 4850 1768 4903 ob
1794 4847 2150 4901 Christianam
2187 4843 2340 4895 (idem

803 4949 1104 5012 exstinctis,
1129 4962 1158 5000 a
1179 4946 1407 5015 quadam
1434 4943 1680 5011 religiosa
1713 4937 1966 4992 senatorii
1995 4933 2197 4988 ordinis
2229 4945 2342 4984 ma-

806 5054 956 5095 trona
995 5041 1253 5093 educatus
1283 5044 1379 5088 est.
1411 5035 1543 5088 Cum
1589 5046 1713 5084 vero
1752 5028 1818 5083 ad
1845 5027 2016 5080 artatis
2062 5022 2344 5077 maturita-

808 5146 910 5185 tem
945 5128 1288 5200 pervenisset,
1320 5132 1702 5192 cogeretnrqne
1757 5120 1825 5173 ab
1861 5119 2124 5171 idolorum
2178 5113 2348 5167 culto-

809 5222 959 5275 ribus
992 5217 1293 5272 sacriticare
1318 5214 1488 5276 idolis,
1516 5212 1658 5265 nulla
1686 5223 1920 5277 unquam
1952 5205 2158 5260 ratione
2185 5203 2250 5256 ad
2295 5203 2345 5255 id

810 5315 999 5368 adduci
1027 5313 1226 5381 potuit;
1265 5309 1356 5364 sed
1389 5324 1416 5360 a
1449 5307 1627 5361 divino
1667 5304 1855 5373 angelo
1890 5303 1942 5355 in
1991 5310 2222 5352 montem
2255 5298 2346 5350 dc-

813 5414 1074 5473 portatus,
1104 5403 1173 5454 ibi
1219 5415 1386 5454 cerva:
1426 5399 1561 5450 lacte
1599 5395 1858 5454 alebatur,
1897 5391 2150 5457 solusque
2176 5387 2349 5440 conti-

815 5497 934 5548 nnis
961 5495 1023 5547 ad
1062 5493 1222 5544 Deum
1253 5489 1500 5558 precibus
1532 5487 1692 5540 vitam
1731 5483 2063 5537 traducebat.
2103 5479 2227 5532 Post
2254 5493 2351 5529 au-

815 5594 918 5638 tem
949 5585 1220 5650 aliquanto
1271 5595 1390 5633 cum
1417 5579 1558 5632 illius
1583 5577 1723 5630 fama
1758 5576 1910 5642 longe
1961 5573 2170 5638 lateque
2204 5584 2347 5621 ema-

815 5683 986 5737 naret,
1019 5675 1208 5726 iterum
1257 5670 1696 5739 comprehensus.
1741 5682 1770 5719 a
1818 5664 2048 5733 praeside
2096 5662 2350 5713 (Sa-sarem

814 5764 1150 5826 compellitur
1212 5762 1346 5816 idola
1399 5760 1638 5813 adorare.
1705 5757 1756 5809 td
1813 5760 2088 5808 aversatus
2141 5749 2247 5810 ille,
2297 5747 2347 5800 in

2431 3255 2804 3326 προσηύξαντο
2859 3252 2991 3322 πρὸς
3044 3251 3136 3303 τὸν
3187 3250 3316 3301 Θεὸν
3365 3249 3460 3301 καὶ
3533 3244 3843 3314 ἐκρεμάσθη
3892 3244 3976 3305 εἰς

2431 3347 2519 3399 τὸν
2542 3346 2678 3413 ἀέρα
2699 3347 2726 3397 ὁ
2756 3343 2931 3413 ἱερεὺς
2953 3344 3061 3395 τῶν
3090 3340 3340 3403 εἰδώλων,
3382 3340 3474 3392 καὶ
3510 3337 3688 3389 πεσὼν
3715 3334 3972 3387 ἀπέθανε.

2433 3436 2541 3489 Καὶ
2576 3433 2711 3504 μετά
2765 3431 2920 3485 τοῦτο
2970 3428 3284 3498 ἐκρεμάσθη
3317 3429 3344 3479 δ
3387 3427 3540 3493 ἆγιος
3596 3420 3840 3491 Ἀμμὼν,
3877 3420 3977 3472 καὶ

2435 3525 2623 3592 ἐξέσθη
2674 3524 2772 3585 τὰς
2830 3521 3089 3590 πλευράς.
3140 3518 3246 3573 Καὶ
3289 3516 3521 3570 κασσίδα
3573 3510 3976 3580 πεπυρωμένην

2435 3617 2646 3680 ἐδέξατο
2673 3614 2812 3666 κατὰ
2839 3611 3098 3679 κεφαλῆς.
3132 3607 3262 3662 Εἶτα
3289 3603 3656 3677 παρεπέμφθη
3692 3602 3828 3670 μετά
3861 3599 3974 3651 τῶν

2437 3705 2717 3774 παρθένων
2755 3700 3008 3771 Λικιννίῳ
3035 3700 3112 3768 τῷ
3139 3699 3402 3767 τυράννῳ.
3443 3697 3504 3748 '0
3533 3695 3588 3746 δέ
3618 3694 3814 3745 ἔδωκεν
3840 3689 3977 3743 ἀπό·-

2436 3814 2598 3864 φασιν
2643 3794 2760 3848 κατ’
2813 3792 3010 3845 αὐτῶν.
3042 3791 3149 3842 Καὶ
3171 3791 3224 3840 αἱ
3263 3789 3358 3858 μὲν
3385 3786 3515 3838 δέκα
3545 3784 3634 3836 διὰ
3662 3781 3832 3850 πυρὸς
3861 3784 3979 3832 ἐτε-

2437 3885 2733 3954 λειὼθησαν
2753 3900 2767 3914 ο
2791 3883 2847 3935 αἱ
2882 3882 2938 3933 δὲ
2976 3879 3119 3932 ὀκτὼ
3152 3882 3287 3946 μετὰ
3317 3876 3410 3928 τοῦ
3451 3873 3770 3928 διδασκάλου
3799 3871 3978 3922 αὐτῶν

2439 3975 2952 4045 ἁπεκεφαλίσθησαν
2971 3991 2984 4008 ⁸
3013 3974 3106 4025 καὶ.
3147 3973 3202 4024 αἱ
3233 3971 3364 4022 δέκα
3388 3967 3527 4034 ξίφει
3553 3967 3692 4018 κατά
3733 3965 3824 4016 τοῦ
3857 3963 3980 4015 στό-

2443 4084 2626 4137 ματος,
2653 4067 2744 4117 καὶ
2779 4065 2876 4131 τῆς
2907 4062 3133 4130 καρδίας
3163 4059 3468 4128 δεξάμεναι,
3516 4055 3889 4122 ἐτελεύτησαν.
3913 4054 3982 4104 Al

2439 4159 2494 4210 δέ
2515 4158 2572 4220 ἓξ
2611 4155 2712 4208 ὑπὸ
2746 4153 3026 4224 μαχαιρῶν
3053 4149 3454 4218 κατεκόπησαν.
3485 4147 3596 4200 Καὶ
3625 4148 3677 4198 at
3699 4145 3758 4208 ἓξ
3787 4145 3984 4213 σίδηρα

2445 4246 2808 4316 πεπυρωμένα
2855 4242 2994 4297 κατὰ
3055 4242 3319 4310 στόματος
3372 4235 3652 4300 λαϐοῦσαι,
3691 4233 3980 4288 ἀπέθανον.

2922 4350 3100 4403 MHNI
3144 4350 3228 4418 To
3252 4347 3454 4416 ΑΥΤῼ.

3158 4439 3210 4492 Β,

2444 4559 2730 4624 Ἀθλησις
2763 4552 2867 4607 τοῦ
2901 4551 3070 4619 ἁγίου
3089 4544 3611 4618 μεγαλομάρτυρος
3647 4546 3982 4610 Magaw-tog.

2510 4667 2709 4736 Μάμας
2747 4666 2775 4717 ὁ
2819 4660 3134 4730 περιὸόητος
3170 4658 3396 4726 μάρτυς,
3431 4650 3497 4724 ἦν
3514 4653 3606 4704 ἐπὶ
3634 4649 3975 4719 Αὐρηλιανοῦ

2442 4758 2715 4826 Καίσαρος
2781 4750 3085 4820 Ῥωμαίων.
3155 4745 3416 4816 Ὀρφανὸς
3478 4743 3533 4795 δέ
3581 4738 3986 4807 καταλειφθεὶς,

2441 4848 2547 4901 τῶν
2570 4845 2770 4913 γονέων
2791 4839 2953 4893 αὐτοῦ
2975 4835 3402 4904 τελευτησάντων
3427 4835 3483 4885 ἐν
3509 4831 3742 4899 φυλακῇ,
3770 4829 3857 4881 διὰ
3893 4828 3989 4880 τὸν

2443 4936 2694 5008 Χριστὸν,
2720 4931 2999 5000 ἀνετράφη
3031 4928 3178 4996 παρὰ.
3223 4922 3509 4994 ματρώνας
3551 4920 3693 4981 τινδς
3725 4916 3987 4976 εὐσεϐοῦς

2447 5023 2826 5094 συγκλητικῆς.
2880 5018 3170 5086 Γενόμενος
3220 5014 3275 5066 δὲ
3323 5013 3421 5081 τῆς
3477 5012 3698 5078 ἐννόμου
3748 5007 3986 5074 ἡλικίας,

2444 5114 2778 5187 ἠναγκάζετο
2810 5110 2956 5163 θύειν
2986 5110 3098 5170 τοῖς
3128 5105 3361 5166 εἰδώλοις
3383 5102 3532 5172 παρά
3564 5100 3670 5153 τῶν
3702 5099 3986 5151 εἰδωλολα-

2446 5209 2609 5276 τρῶν.
2641 5205 2732 5273 Μὴ
2770 5201 3008 5262 πεισθεὶς
3051 5199 3126 5262 δέ,
3154 5196 3264 5249 ἀλλ’
3306 5196 3408 5248 ὑπὸ
3430 5194 3524 5247 τοῦ
3559 5194 3704 5246 θείου
3751 5191 3986 5258 ἀγγέλου

2447 5292 2823 5352 ἀναϐιϐασθεὶς
2862 5292 2920 5342 ἐν
2943 5288 3020 5357 τῷ
3056 5287 3192 5355 δρει,
3220 5285 3316 5346 τὰς
3346 5284 3573 5351 ἐλάφους
3604 5281 3858 5352 άμέλγων
3903 5280 3992 5333 δι-

2449 5384 2716 5453 ετρέφετο.
2743 5379 2852 5433 Καὶ
2875 5379 3029 5447 μόνος
3048 5376 3122 5444 τῷ
3139 5375 3254 5444 Θεῷ
3277 5373 3706 5444 προσευχόμενος
3735 5371 3991 5427 διετέλει.

2450 5471 2578 5527 Εἶτα
2617 5471 2774 5522 πάλιν
2817 5465 3142 5537 κρατηθεὶς(
3172 5463 3338 5532 πολλὴ
3371 5463 3478 5530 γὰρ
3521 5462 3736 5528 ἐγένετο
3779 5462 3812 5529 ή
3855 5463 3991 5528 περὶ

2452 5566 2606 5619 αὑτὸν
2631 5559 2830 5632 φήμη),
2861 5559 3174 5628 ἠναγκάσθη
3224 5557 3326 5609 ὑπὸ
3355 5556 3446 5607 τοῦ
3503 5556 3598 5625 τῆς
3648 5554 3990 5623 Καισαρείας

2451 5656 2701 5724 ἄρχοηος
2754 5651 3120 5722 προσκυνῆσαι
3160 5649 3268 5711 τοῖς
3297 5645 3554 5708 εἰδώλοις.
3621 5645 3771 5698 Ἐπεὶ
3802 5644 3855 5695 δέ
3886 5643 3987 5696 οὐκ

2457 5744 2695 5811 ἐπείσθη,
2720 5745 2796 5806 εἰς
2826 5742 2934 5811 πῦρ
2965 5739 3196 5810 βληθεὶς,
3234 5739 3324 5792 καὶ
3355 5737 3580 5803 ἐξελθὼν
3607 5734 3864 5802 ἀϐλαϐὴς,
3894 5736 3990 5785 καὶ
