4164 6480
1945 414 2364 476 MENOLOGII
2403 411 2592 470 PARS
2634 409 2675 465 ῐ.
3851 387 3918 446 36

728 559 1050 621 imperatore
1083 556 1263 600 comes
1309 540 1497 593 ordine
1543 535 1678 595 fuit,
1717 529 2004 595 multisque
2051 526 2278 579 militum

2325 519 2647 594 λΤραῖανοῦ
2700 512 2956 584 βασιλέως
3022 507 3324 577 Ῥωμαίων,
3376 504 3548 572 κόμης
3601 499 3696 570 τὴν
3749 499 3920 561 τάξιν.

2383 612 2445 621 ...-
2600 607 2638 621 μ
2690 607 2702 621 υ
2757 605 2770 621 ο
2817 605 2870 621 σγ.
2917 599 3001 621 __:-_
3065 595 3390 621 __-.._..'._..-
3424 593 3644 621 ...ιιιέιιη-
3702 591 3789 621 νηὶ
3837 606 3920 621 ηλι-

730 725 1086 800 imperatoria:
1114 720 1451 792 praepositus,
1482 723 1670 766 auctor
1691 708 1793 761 fuit
1821 706 1992 759 eidem
2017 702 2275 770 Trajano,

716 831 780 874 iut
809 791 870 874 in
893 791 1126 871 Galliam
1155 813 1406 870 mitteret,
1439 803 1530 873 qui
1563 799 1904 856 Christianos
1965 792 2160 846 milites
2179 791 2282 842 diis

718 909 1013 964 limmolare
1036 900 1436 969 compellet-ent.
1479 893 1597 957 Quo
1619 897 1856 958 peracto,
1917 897 2037 936 eum
2085 879 2282 932 milites

717 1000 798 1053 :ad
854 998 904 1050 id
957 993 1260 1047 faciendum
1313 985 1490 1038 induci
1536 979 1834 1046 nequirent,
1883 973 1936 1026 in
1992 969 2280 1022 Melitinam

724 1087 1000 1142 Armeniae
1025 1083 1212 1134 urbem
1247 1075 1464 1144 relegati
1497 1079 1640 1125 sunt.
1709 1068 1836 1118 Post
1887 1064 1996 1115 haec
2023 1057 2284 1111 Romulus

726 1175 1048 1244 paenitentia
1091 1171 1302 1229 ductus,
1347 1178 1468 1216 cum
1520 1161 1569 1212 in
1605 1158 1880 1211 Christum
1949 1147 2282 1208 credidisset,

736 1236 1138 1331 :1‘rajanumque
1162 1257 1518 1322 objurgasset,
1553 1249 1724 1314 capite
1753 1246 1939 1313 plexus
1958 1248 2057 1294 est.
2091 1236 2289 1290 Deinde

738 1329 860 1408 cuni
886 1351 1110 1418 imperio
1139 1347 1338 1416 potitus
1371 1349 1512 1396 esset
1563 1337 1940 1394 Maximianus,
2006 1329 2286 1382 edixisset-

742 1458 847 1511 que
883 1439 1221 1494 Christianos
1252 1432 1499 1492 interﬁci,
1567 1426 1839 1480 mandavit
1871 1437 1966 1491 per
1992 1422 2202 1474 litteras
2238 1425 2291 1470 et

743 1510 992 1581 Melitinae
1041 1521 1314 1591 prrefecto,
1375 1527 1430 1570 ut
1479 1515 1678 1569 Christi
1740 1513 1971 1565 cultores
2004 1510 2290 1562 occideret.

741 1614 922 1681 Quare
965 1612 1264 1666 Eudoxium
1313 1607 1582 1664 comitem,
1618 1602 1837 1668 ejusque
1885 1599 2058 1652 socios
2099 1596 2292 1647 milites

743 1705 1184 1773 comprehensos,
1211 1699 1351 1767 quod
1385 1698 1523 1748 idola
1551 1694 1776 1747 adorare
1801 1690 2022 1749 nollent,
2061 1685 2288 1753 primum

747 1795 962 1861 quidem
1003 1790 1184 1843 multis
1240 1786 1516 1856 suppliciis
1569 1781 1797 1846 vexavit,
1859 1780 2070 1832 demum
2125 1773 2294 1841 capite

748 1884 1108 1936 obtruncavit.

1355 2161 1550 2215 Eodem
1571 2160 1654 2212 die

753 2277 854 2346 2],
891 2275 1162 2330 Certamen
1219 2277 1514 2346 certatorum
1559 2264 1752 2345 Fausti
1797 2265 2104 2333 presbyteri,
2149 2261 2302 2314 Abibi

1236 2339 1444 2392 diaconi
1479 2347 1527 2388 et
1572 2337 1850 2388 sociorum.

829 2451 1006 2505 Sancti
1042 2455 1303 2515 martyres
1341 2441 1570 2496 Faustus
1609 2451 1660 2493 et
1689 2440 1915 2500 Altibus,
1949 2437 2107 2491 Decio
2139 2437 2306 2506 impe-

759 2553 958 2600 ratore,
985 2537 1070 2588 hic
1105 2535 1384 2596 diaconus,
1416 2531 1504 2583 ille
1559 2529 1835 2597 presbyter
1878 2526 2130 2580 Ecclesia:
2173 2527 2307 2577 Ale-

762 2629 1040 2682 xandrina:
1065 2623 1304 2686 fuerunt,
1334 2635 1441 2687 quo
1477 2629 1718 2685 tempore
1750 2625 1801 2670 et
1829 2615 2098 2669 Fabianus
2129 2615 2310 2667 Romae

761 2717 1089 2787 patriarcha,
1145 2721 1198 2766 et
1249 2709 1548 2764 Alexander
1645 2705 2158 2774 Hierosolymorum,
2219 2719 2312 2770 pro

765 2807 978 2860 Christo
1011 2801 1323 2872 martyrium
1365 2798 1593 2874 subiere.
1634 2795 1843 2850 Retcnti
1876 2795 2036 2864 igitur
2068 2795 2133 2846 ab
2156 2794 2313 2845 Alex-

767 2895 964 2948 andria:
992 2890 1260 2960 praefecto,
1295 2887 1634 2956 graviterque
1662 2885 1807 2949 torti,
1847 2885 1992 2952 quod
2041 2898 2068 2935 a
2098 2881 2314 2936 Christo

768 2985 996 3038 deiicere
1029 2981 1252 3044 nollent,
1285 2979 1336 3030 in
1363 2990 1631 3031 carcerem
1659 2973 1970 3027 truduntur.
1998 2971 2316 3039 Rursusque

769 3075 892 3128 inde
913 3073 1112 3134 educti,
1140 3069 1537 3137 compelluntur
1580 3080 1734 3118 sacra
1781 3063 1938 3117 idolis
1964 3063 2158 3115 facere.
2211 3059 2316 3114 Sed

2383 612 2558 676 Ἔχων
2597 607 2649 658 δὲ
2682 605 2770 673 ὑφ’
2813 599 3004 655 ἑαυτοῦ
3060 595 3390 668 στρατιώτας
3423 593 3664 662 μυρίους,
3702 591 3794 642 καὶ
3837 606 3922 655 χιι

2378 702 2545 760 λίους,
2569 695 2834 763 διέτριϐεν
2865 693 2921 744 ὲν
2951 689 3150 759 Γαλλίᾳ
3187 689 3254 758 τῇ
3293 683 3465 754 χώρᾳ..
3511 679 3782 748 Ῥωμύλος
3813 678 3867 730 δὲ
3899 677 3926 727 ὁ

2381 788 2731 860 πραιπόσιτος
2807 782 2900 834 τοῦ
2967 779 3228 849 βασιλέως
3289 773 3713 844 ζσυνεϐοὑλευσεν
3781 766 3930 834 αὑτῷ

2381 857 2694 933 ἀποστεῖλαι
2729 875 2810 935 εἰς
2831 873 2929 942 τὴν
2955 869 3185 922 Γαλλίαν
3211 865 3415 934 χώραν,
3451 863 3543 915 καὶ
3585 857 3932 923 καταναγκά-

2385 987 2472 1022 σαι
2497 968 2620 1027 τοὺς
2653 962 3002 1034 στρατιώτας,
3036 957 3388 1027 Χριστιανοὺς
3417 953 3596 1014 ὄντας,
3627 949 3782 1000 θῦσαι
3815 948 3930 1006 τοῖς

2387 1060 2545 1117 θεοῖς.
2580 1058 2686 1110 Καὶ
2716 1055 2902 1108 τούτου
2931 1051 3240 1120 γενομένου,
3267 1048 3365 1101 οὑκ
3395 1042 3718 1111 ἐπείσθησαν
3739 1038 3928 1091 θῦσαι·

2388 1152 2480 1203 καὶ
2505 1150 2590 1201 διὰ
2627 1147 2783 1199 τοῦτο
2818 1142 3191 1214 ὲξωρίσθησαν
3226 1140 3306 1200 εἰς
3345 1134 3634 1202 Μελιτινὴν
3657 1130 3806 1182 πόλιν
3833 1127 3936 1195 τῆς

2401 1238 2712 1308 Ἀρμενίας.
2765 1233 2898 1288 Εἶτα
2956 1231 3346 1302 μεταμεληθεὶς
3396 1228 3424 1278 ὁ
3495 1221 3786 1290 Ῥωμύλος,
3839 1217 3937 1269 καὶ

2389 1327 2683 1386 πιστεύσας
2737 1324 2811 1392 τῷ
2854 1322 3091 1391 Χριστῷ,
3123 1322 3214 1373 καί
3243 1320 3332 1371 τὸν
3385 1315 3650 1384 Τραϊανὸν
3691 1308 3935 1376 ἐλέγξας,

2389 1412 2996 1484 ἀπεκεφαλίσθη.Μετὰ
3035 1413 3090 1463 δὲ
3129 1409 3298 1462 ταῦτα
3335 1407 3614 1476 κρατήσας
3651 1403 3748 1470 τῆς
3781 1401 3938 1469 βασι-

2390 1506 2538 1565 λείας
2581 1502 2939 1571 Μαξιμιανὸς,
2973 1501 3064 1552 καὶ
3129 1498 3385 1558 κελεύσας
3439 1492 3754 1561 φονεύεσθαι
3809 1489 3942 1549 τοὺς

2392 1598 2766 1665 Χριστιανοὺς,
2803 1591 3102 1664 προσέταξε
3129 1591 3214 1642 διὰ
3252 1586 3592 1658 γραμμάτων
3617 1584 3706 1634 καὶ
3741 1581 3815 1649 τῷ
3837 1581 3942 1647 τῆς

2393 1687 2681 1755 Μελιτινῆς
2711 1686 2927 1755 ἄρχοντι
2961 1684 3084 1744 τοὺς
3125 1681 3214 1732 τὸν
3245 1679 3473 1748 Χριστὸν
3505 1673 3944 1746 προσκυνοῦντας

2396 1777 2624 1831 ἀνελεῖν.
2674 1775 2835 1826 Ὅθεν
2875 1773 3150 1839 κρατήσας
3185 1768 3430 1832 Εὑδόξιον
3463 1766 3552 1817 τὸν
3582 1765 3812 1830 κόμητα,
3845 1758 3945 1810 καὶ

2325 1869 2367 1922 Β
2397 1867 2522 1928 τοὺς
2542 1867 2638 1918 σὺν
2667 1863 2814 1932 αὑτῷ
2838 1861 3193 1931 στρατιώτας,
3213 1858 3304 1910 καὶ
3327 1854 3742 1920 καταναγκάσας
3777 1866 3946 1917 προσ-

2398 1957 2627 2024 κυνῆσαι
2665 1957 2776 2015 τοῖς
2807 1953 3062 2016 εἰδώλοις,
3093 1950 3186 2003 καὶ
3235 1947 3309 2018 μὴ
3341 1947 3550 2010 πείσας,
3581 1945 3748 1997 πολλά
3775 1943 3946 2016 βασα-

2401 2047 2552 2108 νίσας
2583 2043 3002 2110 ἀπεκεφάλισεν.

2935 2162 3014 2232 Τῇ
3054 2161 3188 2230 αὐτῇ
3215 2158 3392 2228 ἡμέρᾳ

2404 2277 2682 2338 Ἄθλησις
2734 2269 2852 2323 τῶν·
2914 2270 3092 2334 ἁγίων
3153 2266 3426 2338 «raderet:
3500 2257 3896 2338 πρεσϐιςτέρου
3929 2293 3947 2316 ,

2471 2325 2702 2398 ἶᾸέίϐοὶι
2737 2325 3037 2402 διακόνου,
3076 2336 3174 2388 καί
3203 2333 3311 2400 τῆς
3347 2325 3632 2393 συνοδίας
3663 2325 3876 2378 αὐτῶν.

2475 2452 2536 2502 Ol.
2565 2450 2708 2516 ἅγιοι
2746 2446 3018 2515 μάρτυρες
3045 2441 3302 2500 Φαῦστος,
3324 2437 3414 2489 καὶ
3441 2434 3659 2495 ’Δὸισος
3705 2433 3952 2501 ὑπῆρχον

2407 2540 2500 2592 ἐπὶ
2545 2537 2643 2604 τῆς
2690 2534 2961 2606 βασιλείας
2987 2531 3198 2594 Δεκίου,
3231 2531 3258 2582 ὁ
3294 2528 3388 2596 μὲν
3415 2525 3804 2596 πρεσϐύτερος,
3837 2526 3863 2573 ὁ
3891 2522 3954 2572 δὲ

2408 2630 2648 2688 διάκονος
2687 2629 2782 2694 τῆς
2840 2621 3168 2691 Ἑκκλησίας
3225 2617 3644 2686 Ἀλεξανδρείας.
3694 2615 3818 2665 Ὅτε
3855 2613 3956 2662 καὶ

2410 2717 2669 2778 Φαὸιανδς
2720 2718 2750 2768 ὁ
2799 2713 3136 2782 πατριάρχης
3179 2709 3415 2776 Ῥώμης,
3475 2705 3569 2758 καὶ
3613 2702 3956 2767 Ἀλέξανδρος

2425 2805 2806 2876 Ἰεροσολύμων
2851 2803 2990 2872 ὑπὲρ
3035 2798 3270 2870 Χριστοῦ
3299 2795 3703 2866 ἐμαρτύρησαν.
3735 2795 3960 2859 Κρατη-

2417 2899 2596 2959 θέντες
2645 2897 2702 2949 δὲ
2761 2894 2910 2964 παρὰ
2963 2893 3055 2946 τοῦ
3130 2892 3226 2960 τῆς
3279 2889 3485 2947 πόλεως
3556 2885 3962 2952 Ἀλεξανδρείας

2419 2989 2695 3058 ἄρχοντος,
2742 2987 2836 3038 καὶ
2895 2983 3062 3036 πολλὰ
3137 2978 3568 3049 βασανισθέντες,
3623 2975 3708 3026 διὰ
3760 2973 3820 3024 τὸ
3881 2973 3960 3040 μὴ

2421 3075 2760 3145 ἀρνήσασθαι
2786 3074 2874 3125 τὸν
2905 3071 3156 3140 Χριστὸν,
3190 3071 3268 3132 εἰς
3301 3067 3542 3134 φυλακὴν
3574 3062 3960 3128 ἐνεϐλήθησαν.

769 3173 980 3217 tantum
1015 3161 1209 3223 abluit,
1242 3168 1300 3212 ut
1323 3159 1387 3212 ad
1415 3157 1466 3210 id
1501 3155 1800 3210 facientium
1826 3155 2063 3206 animum
2099 3153 2281 3206 induce

2344 3173 2386 3229 C
2422 3166 2530 3218 Καὶ
2567 3163 2734 3218 πάλιν
2771 3159 3120 3229 ἐκϐληθέντες
3155 3153 3626 3225 κατηναγκάζοντο
3661 3150 3806 3202 θύειν
3850 3151 3966 3208 τοῖς

773 3257 912 3312 rent,
943 3256 998 3300 ut
1027 3246 1338 3315 przefectum
1399 3245 1558 3297 etiam
1622 3243 2020 3310 redarguerem,
2054 3246 2106 3292 et
2149 3239 2317 3291 idolo-

773 3353 892 3391 rum
925 3352 1162 3390 errorem
1216 3336 1609 3402 vanitatemque
1652 3337 2077 3386 contemnerent.
2122 3327 2322 3393 Quant-

779 3427 964 3481 obrem
989 3425 1189 3479 sanctis
1205 3425 1334 3478 viris
1354 3437 1575 3478 numero
1603 3421 1857 3475 tredecim
1886 3421 2118 3474 abscissa
2149 3419 2322 3486 capita

781 3523 928 3568 sunt.
959 3512 1058 3566 Sed
1099 3521 1302 3566 sancta:
1329 3513 1541 3564 illorum
1572 3511 1764 3564 anima:
1782 3509 1984 3564 Christi
2013 3507 2107 3562 Dei
2151 3507 2321 3562 nostri

785 3604 1030 3656 manibus
1054 3602 1457 3665 commendatae,
1489 3615 1586 3670 pro
1613 3601 1769 3654 nobis
1800 3599 2124 3653 Christianis
2146 3599 2325 3652 inces-

782 3701 964 3744 santer
1033 3689 1391 3753 intercedunt,
1450 3697 1504 3741 et
1581 3688 1822 3742 ﬁdelibus
1911 3687 2328 3755 imperatoribus

790 3781 992 3833 nostris
1052 3779 1309 3833 adversus
1355 3777 1602 3831 inimicos
1655 3779 1820 3831 robur
1848 3791 1910 3829 ac
1937 3777 2079 3830 vires
2122 3775 2329 3828 addunt

782 3871 848 3922 ad
878 3868 1104 3935 gloriam
1132 3867 1355 3931 Christi,
1402 3881 1500 3935 pro
1550 3881 1656 3935 quo
1703 3868 2016 3938 sanguinem
2053 3865 2326 3920 fuderunt.

1323 4096 1547 4150 EODEM
1577 4097 1622 4148 Μ
1633 4096 1828 4150 ENSE.

1371 4206 1469 4259 Die
1501 4207 1725 4274 septima

996 4296 1382 4366 22Certamen
1401 4302 1566 4348 sancti
1587 4295 1834 4363 martyris
1860 4293 2122 4348 Sozontis.

867 4404 1040 4458 Sozon
1077 4413 1300 4472 martyr,
1341 4419 1402 4456 ex
1449 4403 1666 4472 regione
1713 4399 1886 4470 Lyciae
1924 4401 2184 4456 oriundus
2215 4407 2333 4454 Ιιιιι.

2420 3255 2674 3315 εἰδώλοις.
2733 3253 2824 3322 Μὴ
2857 3249 3170 3309 πεισθέντες
3227 3247 3304 3308 δὲ,
3342 3245 3475 3296 ἀλλὰ
3523 3244 3614 3294 καὶ
3647 3241 3966 3304 ἔλέγξαντες

2419 3347 2508 3398 τὸν
2540 3347 2794 3414 ἄρχοντα,
2839 3343 2931 3392 καὶ
2955 3339 3054 3400 τὴν
3081 3337 3186 3388 τῶν
3212 3334 3444 3387 εἰδώλων
3473 3333 3680 3398 πλάνην
3735 3331 3826 3380 καὶ
3861 3346 3968 3393 μα-

2419 3433 2676 3499 ταιότητα
2702 3429 3086 3496 ἀτιμάσαντες,
3134 3425 3232 3485 τὰς
3277 3421 3514 3488 κεφαλὰς
3549 3417 3970 3486 ἀπετμήθησαν,

2421 3523 2514 3573 τδν
2541 3517 2772 3588 ἀριθμὸν
2822 3517 3154 3583 ὑπάρχοντες
3197 3512 3327 3564 δέκα
3376 3509 3468 3561 καὶ
3503 3509 3672 3576 τρεῖς.
3727 3505 3835 3558 Καὶ
3865 3503 3970 3564 τὰς

2427 3612 2526 3680 μὶν
2550 3609 2708 3676 ἁγίας
2739 3607 2914 3658 αὐτῶν
2958 3604 3135 3672 ψυχὰς
3174 3599 3468 3670 παρέθεντο
3507 3598 3586 3657 εἰς
3616 3597 3800 3663 χεῖρας
3827 3593 3868 3644 Χ
3879 3610 3968 3660 9-.—

2427 3697 2554 3750 στοῦ
2583 3695 2676 3748 τοῦ
2707 3693 2842 3746 Θεοῦ
2873 3693 3050 3761 ἡμῶν.
3093 3691 3259 3756 Ὑπὲρ
3292 3687 3346 3738 δὲ
3373 3684 3528 3754 ἡμῶν
3562 3683 3668 3734 τῶν
3712 3683 3973 3749 Χριστια-

2430 3787 2538 3840 νῶν
2575 3781 3012 3841 ἀκαταπαύστως
3045 3774 3425 3848 πρεσϐεύουσι,
3457 3770 3552 3823 καὶ
3579 3769 3700 3830 τοὺς
3749 3767 3972 3826 πιστοὺς

2431 3873 2670 3946 βασιλεῖς
2693 3872 2846 3941 ἡμῶν
2864 3869 3004 3923 κατὰ.
3023 3867 3130 3918 τῶν
3153 3863 3422 3933 πολεμίων
3448 3859 3675 3928 ἰσχυρῶς
3695 3854 3976 3924 ἐνισχύουο

2431 3981 2534 4031 σιν,
2563 3966 2640 4026 εἰς
2668 3961 2822 4026 δόξαν
2850 3956 3108 4028 Χριστοῦ,
3137 3955 3201 4006 δι’
3235 3954 3292 4006 ὃν
3322 3952 3385 4005 τὸ
3407 3947 3544 4020 αἷμα
3577 3948 3812 4017 ἐξέχεαν.

2939 4081 3119 4136 ιιιιιΝι
3149 4079 3235 4148 τι)
3264 4076 3460 4146 arm.

3157 4187 3193 4237 Ζ

2562 4287 2843 4350 Ἀθλησις
2871 4278 2974 4331 τοῦ
3009 4277 3177 4345 ἁγίου
3203 4273 3498 4344 μάρτυρος
3531 4270 3840 4336 Σώςοντος.

2505 4393 2727 4461 Μάρτυς
2757 4392 2784 4442 ὁ
2811 4387 3002 4450 Σώζων
3025 4385 3262 4453 ὑπῆρχεν
3289 4385 3354 4433 ἐκ
3405 4381 3506 4447 τῆς
3539 4379 3718 4448 χώρας
3745 4379 3978 4440 Λυκίας,

795 4495 932 4548 Cum
957 4505 1134 4548 autem
1175 4494 1462 4562 aliquando
1493 4494 1549 4545 in
1587 4507 1844 4560 quercum
1891 4493 2157 4559 ingentem
2202 4493 2281 4546 inc

2325 4521 2336 4530 -
2367 4503 2411 4556 ι)
2439 4483 2638 4553 ποιμὴν
2687 4479 2968 4548 προϐάτων
3001 4476 3306 4543 γενόμενος.
3353 4468 3622 4522 Ἀπελθὼν
3654 4469 3708 4520 δέ
3741 4483 3866 4518 ποτε
3898 4469 3980 4527 εἰς

795 4586 964 4640 disset
995 4623 1008 4644 ,
1063 4584 1201 4651 apud
1254 4598 1412 4652 quam
1465 4590 1582 4635 erat
1646 4597 1821 4650 aqua,
1889 4581 2339 4650 appendissetque

803 4677 870 4727 de
895 4674 1087 4726 arbore
1118 4683 1222 4725 tres
1251 4671 1472 4739 sagittas
1511 4679 1565 4723 et
1618 4685 1823 4735 arcum,
1856 4671 1936 4723 sui
1963 4671 2130 4738 ipsius
2177 4671 2342 4724 moui-

803 4775 1004 4828 menta;
1029 4766 1072 4818 is
1093 4765 1242 4818 locus
1265 4765 1512 4832 precibus
1540 4763 1712 4818 sancti
1735 4764 1834 4816 viri
1864 4765 2163 4816 divinarum
2188 4780 2345 4816 cura-

804 4855 1012 4906 tionum
1069 4867 1266 4906 munus
1315 4853 1536 4920 accepit.
1597 4852 1828 4905 Docebat
1873 4863 2047 4905 autem
2105 4851 2340 4916 Graecos,

802 4953 856 4996 et
891 4943 1193 5010 baptizabat
1217 4957 1311 4995 eos
1337 4944 1386 4995 in
1422 4943 1638 4995 nomine
1663 4941 1853 5006 Patris,
1873 4951 1926 4995 et
1957 4940 2096 5004 Filii,
2136 4955 2186 4994 et
2220 4939 2342 5009 Spi-

805 5033 941 5085 ritus
971 5033 1162 5084 sancti.
1228 5031 1354 5084 Post
1403 5033 1514 5085 haec
1571 5033 1841 5099 ingressus
1891 5029 2154 5082 idolorum
2209 5039 2345 5081 tem-

806 5121 976 5190 plum,
1008 5121 1247 5172 avulsam
1281 5136 1496 5172 auream
1521 5120 1644 5171 idoli
1680 5134 1917 5170 manum.
1955 5115 2346 5182 contritamque

809 5214 988 5265 divisit
1009 5212 1350 5280 pauperibus.
1387 5207 1552 5278 Cujus
1583 5212 1654 5264 rei
1684 5222 1871 5263 auctor
1905 5224 2024 5262 cum
2084 5221 2348 5275 quaerere-

809 5313 916 5364 tur,
942 5303 1202 5369 multique
1243 5301 1841 5369 comprehenderentur,
1879 5307 2100 5351 sanctus
2159 5297 2238 5348 vir
2270 5295 2348 5348 ul-

809 5402 893 5445 tro
917 5407 975 5445 se
1027 5390 1259 5443 Maximo
1307 5391 1519 5458 praesidi
1579 5389 1789 5450 obtulit,
1847 5387 2125 5441 confessus
2167 5400 2346 5438 veram

809 5482 1026 5542 Christi,
1049 5481 1244 5548 Deique
1267 5482 1434 5533 nostri
1464 5483 1638 5534 Iidem.
1663 5479 2020 5544 Quamobrem
2061 5479 2218 5530 soleae
2247 5477 2350 5529 ler-

812 5585 914 5624 rea:
937 5571 1004 5623 ad
1029 5573 1216 5638 pedum
1233 5571 1437 5636 plantas
1449 5570 1619 5624 acutis
1642 5571 1805 5622 claris
1827 5569 2129 5636 alligantur,
2153 5567 2351 5634 quibus

815 5657 1088 5721 incedens,
1113 5661 1338 5714 summis
1369 5660 1614 5713 laudibus
1643 5659 1806 5712 Deum
1849 5659 2119 5712 ellerebat.
2151 5655 2353 5709 Deinde

816 5764 1112 5820 suspensus
1139 5751 1205 5804 de
1243 5751 1452 5816 arbore,
1485 5750 1550 5804 ad
1595 5764 1776 5804 necem
1827 5762 1998 5817 usque
2053 5760 2222 5802 cassus
2249 5753 2350 5810 est,

2440 4547 2570 4642 δρῦν
2598 4547 2878 4640 μεγάλην,
2933 4565 3061 4618 ἔνθα
3107 4561 3176 4634 ἦν
3217 4562 3380 4629 ὕδωρ,
3424 4559 3683 4612 ἀπέλιπεν
3731 4560 3786 4610 ἑν
3839 4547 3976 4626 αὑτῇ

2439 4663 2585 4732 τρεῖς
2619 4659 2840 4726 σαγίτας
2874 4653 2970 4708 καὶ
3009 4653 3066 4706 τὸ
3111 4652 3262 4715 τόξον
3295 4647 3454 4702 αὑτοῦ
3481 4650 3559 4710 εἰς
3593 4647 3932 4716 μνημόσυνον
3957 4663 3971 4676 ο

2441 4753 2534 4804 καὶ
2557 4751 2644 4803 διὰ
2671 4747 2978 4819 προσευχῆς
3018 4741 3180 4796 αὑτοῦ
3223 4739 3437 4806 ἐδέξατο
3470 4739 3497 4790 ὁ
3533 4739 3696 4799 τόπος
3739 4738 3982 4804 ἰαμάτων

2441 4841 2597 4894 θείων
2635 4839 2967 4907 χαρίσματα.
3008 4833 3280 4885 Ἐδίδασκε
3311 4831 3366 4882 δὲ
3403 4830 3527 4890 τοὺς
3567 4827 3850 4894 Ἕλληνας,
3886 4827 3988 4879 καὶ

2441 4929 2729 4990 ὲόάπτιζεν
2762 4928 2839 4988 εἰς
2869 4925 2928 4976 τὸ
2959 4924 3128 4990 δνομα
3165 4924 3258 4973 τοῦ
3303 4919 3532 4987 Πατρὸς,
3563 4917 3658 4969 καὶ
3702 4915 3794 4968 τοῦ
3828 4915 3984 4976 Υἱοῦ,

2441 5021 2538 5073 καὶ
2565 5019 2658 5071 τοῦ
2676 5017 2832 5084 ἁγίου
2865 5015 3196 5083 Πνεὺματος.
3223 5006 3354 5063 Εἶτα
3383 5008 3625 5077 εἰσῆλθεν
3646 5009 3724 5068 εἰς
3747 5007 3836 5058 τὸν
3859 5008 3992 5057 val»

2444 5112 2548 5164 τῶν
2598 5109 2848 5172 εἰδώλων,
2897 5107 2990 5157 καὶ
3038 5103 3282 5171 ἀφείλετο
3323 5101 3420 5168 τὴν
3459 5099 3662 5167 χρυσῆν
3697 5099 3848 5165 χεῖρα
3887 5097 3988 5148 τοῦ

2445 5200 2682 5261 εἰδώλου,
2709 5197 2804 5248 καί
2831 5194 3121 5262 συντρίψας
3157 5189 3322 5258 αὐτὴν
3352 5188 3570 5239 διέδωκε
3595 5188 3702 5245 τοῖς
3730 5187 3988 5251 πτωχοῖς,

2457 5289 2691 5356 Ἐτέρων
2729 5281 2820 5338 οὖν
2853 5281 3236 5352 κρατουμένων
3269 5277 3355 5329 διὰ
3385 5276 3481 5344 τὴν
3514 5277 3668 5343 χεῖρα
3709 5274 3801 5324 τοῦ
3831 5257 3994 5324 εἰδιϋᾷ

2447 5381 2562 5439 λου,
2596 5377 2895 5443 αὐτόματος
2953 5370 3119 5423 ἐλθὼν
3169 5369 3196 5419 ὁ
3239 5367 3411 5433 ἅγιος,
3459 5365 3767 5431 παρέδωκεν
3797 5361 3992 5412 ἑαυτὸν

2447 5471 2681 5536 Μαξίμῳ
2712 5465 2786 5534 τῷ
2817 5467 3056 5533 ἄρχοντι.
3105 5459 3216 5512 Καὶ
3247 5455 3580 5525 ὁμολογήσας
3611 5453 3706 5521 τὴν
3733 5451 3994 5518 ἀληθινὴν

2451 5561 2629 5612 πίστιν
2679 5557 2772 5608 τοῦ
2827 5551 3064 5623 Χριστοῦ
3118 5551 3210 5601 καὶ
3260 5547 3392 5599 Θεοῦ
3446 5545 3621 5614 ἡμῶν,
3677 5542 3992 5594 ὑποδέδεται

2453 5651 2768 5717 ὑποδήματα
2817 5645 3007 5713 σιδηρᾶ
3055 5641 3188 5710 μετὰ
3233 5639 3375 5706 ῆλων
3429 5637 3626 5700 ὀξέων;
3667 5633 3760 5685 καί
3809 5633 3994 5698 capt?“

2456 5740 2591 5794 αὑτὰ
2627 5737 2966 5806 περιεπάτει,
3012 5733 3243 5794 δοξάζων
3276 5729 3363 5781 τὸν
3401 5727 3547 5778 Θεόν.
3601 5720 3731 5777 Εἶτα
3778 5737 3996 5790 κρεμα-
