4164 6480
776 387 848 448 39
1994 385 2410 444 MENOLOGII

2311 385 2410 444 3H
2450 387 2640 445 PARS
2685 389 2728 446 Ι.
3888 400 3955 460 40

777 497 952 550 locum
997 494 1272 557 secedens,
1334 493 1685 562 quadraginta
1745 494 1936 548 diebus
1975 495 2317 564 jejunaverit,
2348 510 2392 560 Α

2316 542 2317 549 η
2348 510 2392 560 Α
2421 493 2567 550 οἷκον
2595 498 2782 563 αὑτοῦ,
2807 496 2919 552 ἀλλ’
2951 498 3197 552 ἀπελθὼν
3214 501 3291 564 είς
3323 501 3420 570 τὴν
3452 501 3674 573 ἔρημον,
3712 505 3960 576 ἐνήστευ-

779 587 942 640 Deum
978 601 1205 655 precaris
1242 594 1303 639 ut
1357 586 1588 638 fructum
1623 585 1822 638 ventris
1862 586 1961 639 sibi
1988 590 2321 643 concederet.

775 675 883 729 Nec
917 678 1095 729 minus
1128 677 1277 728 Anna
1312 676 1451 728 domi
1495 675 1703 729 orabat.
1727 675 1858 728 Cum
1894 676 2053 744 igitur
2084 678 2204 731 illos
2227 693 2320 730 ex-

776 766 1016 818 audisset
1045 764 1209 828 Deus,
1238 765 1382 817 misit
1411 764 1680 833 angelum,
1714 765 1805 832 qui
1834 765 2078 832 promisit
2105 768 2182 819 eis
2224 781 2323 819 na-

776 856 1031 909 tivitatem
1054 863 1250 907 sanctzc
1272 852 1509 907 Dominae
1530 863 1728 907 nostra:
1750 854 1985 923 Deiparae
2008 869 2325 924 semperque

779 944 1011 1014 Virginis
1062 943 1259 996 Mariae.
1284 942 1439 1008 Quod
1487 954 1539 999 et
1572 945 1793 1013 contigit
1822 958 1919 1013 pro
1950 944 2123 999 salute
2154 945 2322 998 totius

776 1034 984 1102 generis
1014 1034 1256 1087 humani.

1397 1227 1594 1283 Eodem
1618 1228 1701 1283 die

945 1337 1053 1406 26
1090 1336 1362 1391 Certamen
1391 1340 1557 1390 sancti
1589 1339 1834 1406 martyris
1862 1337 2146 1392 Seueriani.

845 1458 1169 1511 Severianus
1220 1468 1447 1527 martyr,
1484 1458 1650 1526 patria
1720 1456 2060 1520 Sebastenus,
2115 1458 2321 1510 Licinio

776 1550 1095 1614 imperante,
1178 1548 1332 1600 miles
1382 1549 1499 1599 fuit.
1552 1548 1685 1601 Cum
1739 1555 1918 1601 autem
1967 1548 2320 1616 quadraginta

776 1647 1038 1699 martyres
1068 1637 1442 1703 comprehensi
1468 1635 1715 1694 fuissent.
1760 1646 1812 1690 et
1840 1637 1893 1688 in
1925 1650 2193 1690 carcerem
2225 1650 2322 1703 pro

776 1722 985 1775 Christo
1016 1723 1240 1783 detrusi,
1260 1737 1353 1776 cos
1384 1722 1569 1784 adivit,
1594 1732 1645 1776 et
1673 1722 1736 1775 ad
1768 1722 2145 1790 perferendum
2180 1736 2322 1773 mar-

2429 608 2518 642 σεν
2545 592 2754 660 ἡμέρας
2785 591 3185 661 τεσσαράκοντα
3213 595 3536 662 παρακαλῶν
3553 596 3642 650 τὸν
3664 595 3815 663 Θεὸν,
3848 599 3967 653 δοῦ-

2425 697 2509 732 ναι
2551 681 2696 749 αύτῷ
2745 682 2952 752 καρπὸν
3001 682 3221 745 κοιλίας.
3277 685 3621 754 Προσηύχετο
3668 687 3722 740 δέ
3782 690 3874 740 καὶ
3929 693 3962 756 ἠ

2427 774 2589 825 Ἀννα
2625 773 2683 823 ἐν
2709 772 2785 839 τῷ
2812 773 2945 841 οἴκῳ
2998 773 3164 842 αὐτῆς
3203 773 3269 825 τὰ
3290 774 3469 841 ὃμοια.
3502 776 3608 827 Kal
3663 777 3962 839 ἐπακούσας

2426 864 2601 915 αὐτῶν
2627 864 2653 914 ὁ
2677 863 2829 924 Θεὸς,
2850 863 3160 916 ἀπέστειλεν
3185 864 3427 931 ἄγγελον,
3464 867 3557 918 καὶ
3579 865 3840 934 ὑπέσχετο
3868 868 3963 918 αὐ-

2422 957 2531 1015 τοῖς
2560 954 2656 1017 τὴν
2692 955 2937 1021 γέννησιν
2970 955 3069 1021 τῆς
3111 957 3266 1023 ἁγίας
3305 957 3595 1025 Δεσποίνης
3631 957 3784 1027 ήμῶν
3836 957 3963 1008 Θεο-

2422 1046 2601 1105 τὸκου,
2641 1047 2733 1096 καὶ
2776 1045 3149 1114 ’Λειπαρθένου
3187 1045 3419 1112 Μαρίας.
3482 1046 3653 1113 Ὅπερ
3686 1049 3776 1099 καὶ
3809 1048 3966 1115 γέγο-

2426 1151 2533 1197 νεν,
2567 1133 2703 1201 ὑπὲρ
2736 1133 3000 1201 σωτηρίας
3032 1133 3151 1184 ὅλου
3184 1134 3274 1186 τοῦ
3299 1136 3484 1201 γένους
3522 1134 3962 1204 τῶνάνθρώπων.

2973 1242 3053 1310 Τῇ
3084 1242 3215 1311 αὐτῇ
3238 1242 3418 1311 ήιλιέρτιι

2498 1350 2785 1414 ’Δθλησις
2804 1349 2909 1401 τοῦ
2942 1350 3112 1416 ἁγίου
3132 1349 3426 1418 μάρτυρος
3446 1348 3825 1416 Σευηριανοῦ.

2491 1469 2813 1538 Σευηριανὸς
2859 1470 2886 1520 δ
2948 1470 3157 1537 μάρτυς
3214 1472 3451 1540 ὑπῆρχεν
3500 1472 3563 1523 ἐκ
3607 1471 3707 1537 τῆς
3762 1471 3968 1532 πόλεως

2423 1559 2761 1621 Σεϐαστείας,
2785 1560 2877 1611 ἐπὶ
2892 1562 2984 1628 τῆς
3015 1559 3294 1628 βασιλείας
3318 1560 3585 1611 Λικιννίου
3613 1562 3967 1628 στρατευόμε-

2425 1666 2533 1710 νος.
2582 1649 2708 1700 ’Ὀτε
2744 1649 2800 1700 δέ
2850 1650 3223 1718 ἐκρατήθησαν
3281 1651 3330 1701 οἱ
3389 1650 3530 1713 ἅγιοι
3571 1648 3971 1714 τεσσαράκοντα

2427 1744 2714 1807 μάρτυρες,
2750 1739 2843 1787 καὶ
2873 1738 3298 1803 ἀπεκλείσθησαν
3322 1740 3377 1788 ἐν
3414 1741 3479 1805 τῇ
3516 1737 3726 1805 φυλακῇ
3762 1737 3848 1788 διὰ
3878 1737 3973 1788 τὸν

779 1813 977 1879 tyrium
1010 1812 1346 1863 hortabatur.
1383 1811 1642 1879 Coguitus
1688 1820 1884 1875 autem,
1908 1819 2223 1878 captusque,
2245 1808 2320 1862 si-
2349 1813 2391 1867 Β
2420 1830 2423 1880 ς

2349 1813 2391 1867 Β
2420 1827 2666 1896 Χριστὸν,
2702 1827 2905 1893 ἀπῆλθε
2937 1827 3068 1895 πρὸς
3121 1827 3335 1888 αὐτοὺς,
3367 1827 3459 1878 καὶ
3509 1826 3805 1895 παρεκάλει
3830 1828 3969 1896 πρὸς

778 1903 936 1953 stitur
963 1901 1134 1969 Lysiae
1165 1904 1285 1954 duci
1310 1919 1323 1954 :
1355 1916 1585 1968 cumque
1614 1901 1885 1954 Christum
1911 1900 2075 1953 libere
2099 1898 2320 1952 conﬁtc-

779 2001 945 2051 rctur,
970 2004 1313 2057 erroremque
1336 1999 1603 2057 argueret,
1628 1990 1835 2058 ipsique
1863 1989 2032 2058 Lysiae
2061 1998 2322 2041 constan-

779 2090 854 2131 ter
884 2096 939 2132 se
966 2088 1609 2147 opponeret,suspensus,
1634 2080 1813 2132 nervis
1842 2080 2057 2133 bubulis
2080 2079 2320 2140 caeditur,

778 2170 831 2221 in
891 2169 1147 2220 lateribus
1193 2171 1502 2231 dilaniatur,
1535 2169 1849 2237 facibusque
1899 2170 2166 2221 aduritur.
2194 2166 2323 2220 Post

778 2260 887 2311 haec
917 2260 979 2310 de
1008 2260 1115 2310 alto
1143 2274 1295 2311 muro
1340 2260 1703 2325 suspenditur,
1730 2261 1939 2311 vinctus
1968 2257 2207 2319 funibus,
2232 2271 2323 2323 pe-

777 2346 936 2398 dibus
968 2347 1262 2413 ingentium
1311 2361 1561 2399 saxorum
1596 2347 1737 2400 mole
1764 2348 2018 2410 oneratis,
2045 2346 2324 2398 manibus-

778 2452 883 2503 que
916 2444 1035 2501 post
1078 2445 1281 2503 tergum
1329 2437 1616 2501 revinctis;
1647 2437 1843 2501 diuque
1873 2450 2324 2502 suspensus,ver—

781 2526 999 2577 beribus
1031 2525 1276 2587 caeditur,
1296 2525 1469 2590 quoad
1512 2525 1659 2576 nervi
1707 2539 1959 2577 saxorum
1994 2524 2132 2576 mole
2160 2522 2324 2575 luxati

782 2621 928 2674 sunt,
979 2627 1042 2663 ac
1095 2612 1330 2663 membra
1381 2611 1661 2663 dissoluta.
1707 2611 1922 2663 luterim
1976 2610 2084 2661 Deo
2129 2610 2327 2676 gratias

781 2715 943 2771 agens
967 2714 1125 2769 atque
1152 2718 1331 2763 orans,
1357 2701 1492 2753 inter
1516 2702 1831 2768 gravissima
1853 2711 2114 2754 tormenta
2131 2691 2327 2753 deces-

785 2800 871 2851 snt,
905 2791 955 2843 in
982 2806 1170 2844 manus
1202 2789 1295 2843 Dei
1330 2791 1577 2858 spiritum
1614 2790 2015 2844 commendans.

1308 3096 1533 3151 EODEM
1566 3097 1610 3149 bl
1618 3096 1702 3150 EN
1710 3097 1807 3151 SE.

1372 3208 1466 3262 Die
1495 3209 1697 3262 decima

985 3317 1085 3385 2'7
1106 3316 1537 3370 Commemoratio
1563 3318 1730 3369 sancti
1767 3316 2123 3383 Baripsabbar.

860 3421 973 3489 Quo
1008 3432 1243 3489 tempore
1297 3422 1463 3476 Judaei
1507 3438 1596 3491 per
1627 3423 1879 3475 invidiam
1914 3424 2198 3477 Dominum
2230 3440 2329 3477 no-

789 3520 957 3562 strum
988 3506 1169 3563 Jesum
1210 3510 1482 3563 Christum
1524 3511 1666 3563 cruci
1691 3510 1925 3582 atlikxere,
1950 3510 2179 3565 Jacobus
2208 3512 2330 3579 qui-

790 3601 910 3651 dam
954 3611 1135 3651 astans
1188 3600 1358 3660 cruci,
1414 3615 1535 3651 cum
1589 3600 1810 3654 vidisset
1870 3601 2091 3654 militem
2147 3601 2329 3653 lancea

790 3691 930 3741 latus
956 3689 1158 3740 Domini
1186 3689 1505 3756 periorasse,
1524 3699 1576 3741 et
1600 3690 1719 3743 inde
1738 3690 2047 3756 sanguinem
2067 3702 2119 3744 et
2136 3705 2328 3757 aquam

792 3777 1078 3842 prodiisse,
1121 3790 1427 3838 accurrcns,
1462 3778 1735 3829 cucurbita
1784 3778 2075 3845 pretiosum
2111 3777 2330 3846 sangui-

794 3878 912 3913 nem
956 3864 1185 3928 ext-cpit,
1224 3873 1385 3929 atque
1437 3864 1576 3930 apud
1621 3878 1677 3916 se
1724 3864 2031 3927 occultavit,
2077 3865 2335 3930 illumque

794 3953 891 4003 sub
938 3959 1233 4004 extremum
1290 3954 1412 4005 vita“:
1450 3967 1561 4006 suae
1608 3961 1816 4019 tempus
1854 3952 2065 4005 duobus
2096 3952 2334 4006 eremitis

798 4041 1030 4107 reliquit.
1060 4042 1317 4107 Atqucita
1350 4058 1442 4109 per
1472 4056 1662 4094 manus
1692 4043 1941 4109 deinceps
1971 4042 2197 4095 traditus
2215 4049 2335 4109 post

798 4130 994 4182 multas
1048 4140 1225 4183 mtates
1279 4133 1518 4197 pervenit
1579 4132 1630 4182 in
1686 4126 2002 4199 potestatem
2054 4131 2333 4197 cujusdam

799 4218 871 4283 pii
921 4218 1190 4278 monachi,
1237 4217 1577 4284 Baripsabba:
1635 4219 1870 4280 nomine,
1897 4217 1987 4284 qui
2042 4233 2135 4285 per
2188 4218 2334 4269 illum

801 4307 978 4372 plures
1023 4308 1329 4359 curationes
1369 4307 1672 4373 peragebat.
1718 4307 2013 4373 Antequam
2045 4316 2221 4358 autem
2247 4306 2335 4358 de-

801 4394 1032 4458 cederet,
1082 4404 1322 4447 sanctum
1386 4398 1697 4461 sanguinein
1758 4410 1859 4445 una
1885 4410 2006 4446 cum
2058 4396 2334 4447 cucurbita

803 4485 1090 4549 accipiens,
1129 4494 1291 4536 totam
1344 4485 1528 4537 urbem
1577 4486 1953 4552 regionemque
1987 4485 2126 4536 illam
2155 4486 2340 4537 obam-

808 4574 1046 4635 bulabat,
1108 4572 1404 4641 frequentia
1462 4584 1777 4641 perpetratis
1827 4575 2105 4627 miracula.
2138 4572 2251 4637 Qua
2286 4588 2341 4625 re

807 4663 1197 4725 animadversa,
1245 4663 1462 4730 quidam
1520 4663 1685 4714 Deum
1746 4662 1964 4714 minime
2004 4663 2248 4715 timentes
2286 4662 2339 4715 in

807 4766 925 4803 eam
975 4766 1118 4819 spem
1171 4760 1444 4817 venerunt,
1487 4759 1544 4802 ut
1571 4751 1637 4814 si,
1668 4749 1986 4817 Baripsabba
2037 4750 2337 4811 interfecto,

808 4843 1108 4908 potirentur
1154 4841 1255 4909 ipsi
1297 4842 1574 4893 cucurbita
1606 4856 1727 4893 cum
1783 4840 2017 4907 pretioso
2059 4842 2340 4907 sanguine,

810 4946 1058 4999 magnum
1092 4932 1214 4984 inde
1242 4940 1500 4999 quaestum
1533 4940 1713 4984 essent
1758 4930 1967 4983 facturi.
1999 4930 2161 4997 Igitur
2184 4938 2343 4983 noctu

809 5019 955 5071 illum
982 5020 1151 5073 adorti
1178 5021 1523 5074 iuterticiunt.
1546 5019 1611 5073 Et
1635 5022 1965 5074 cucurbitam
2010 5020 2224 5087 quidem
2250 5034 2341 5073 ac-

811 5121 1092 5179 ceperunt;
1116 5112 1209 5164 sed
1238 5112 1371 5164 nihil
1407 5126 1613 5174 eorum,
1644 5127 1762 5179 qum
1803 5110 2106 5177 sperabant,
2133 5110 2347 5162 invene-

814 5210 955 5252 runt.
986 5199 1074 5254 llle
1105 5217 1231 5255 vero
1261 5202 1333 5254 ita
1363 5201 1677 5262 trucidatus,
1709 5201 1953 5267 spiritum
1983 5199 2232 5252 reddidit.

1414 5306 1607 5358 Eodem
1631 5305 1718 5358 die

815 5412 923 5481 28
990 5414 1263 5465 Certamen
1313 5424 1618 5481 sanctarum
1664 5420 1951 5481 martyrium
2008 5420 2054 5481 et
2111 5426 2347 5463 sororum

990 5482 1299 5539 Menodorw.
1349 5480 1728 5547 Nymphodorw
1770 5494 1815 5531 et
1848 5479 2176 5531 Metrodorae.

887 5589 1193 5651 Menodora,
1240 5587 1634 5657 Nymphodora,
1692 5599 1743 5639 et
1788 5586 2085 5639 Metrodora
2139 5601 2350 5640 sorores

818 5689 1100 5735 marlvres.
1134 5696 1194 5733 ex
1243 5680 1456 5736 regione
1511 5677 1786 5738 Bithyniae,
1818 5676 2137 5729 Maximiano
2187 5679 2350 5732 impc-

2419 1917 2480 1968 τὸ
2500 1915 2811 1984 μαρτύριον.
2842 1916 3195 1982 Διαγνωσθεὶς
3231 1916 3287 1967 δὲ
3317 1916 3585 1985 ἐκρατήθη
3617 1955 3634 1979 ,
3684 1917 3777 1968 καὶ
3820 1931 3968 1985 παρ-

2422 2006 2549 2075 έστη
2570 2005 2647 2074 τῷ
2668 2006 2931 2075 κριτηρίῳ
2953 2005 3149 2057 Λυσίου
3177 2007 3268 2057 τοῦ
3286 2006 3489 2067 δουκός.
3509 2007 3615 2057 Καὶ
3638 2004 3974 2074 ὁμολογήσας

2422 2096 2698 2164 παρρησία
2719 2096 2808 2146 τὸν
2838 2095 3088 2162 Χριστὸν,
3119 2097 3210 2147 καὶ
3243 2095 3337 2163 τὴν
3371 2096 3575 2164 πλάνην
3603 2095 3841 2160 ἐλέγξας,
3870 2098 3967 2146 καὶ

2420 2182 2497 2250 τῷ
2530 2184 2701 2251 Λυσίᾳ
2729 2182 3165 2251 ἀντιταξάμενος,
3221 2183 3567 2250 κρεμασθεὶς,
3598 2183 3798 2250 ὲτύφθη
3832 2185 3975 2251 μετὰ

2424 2271 2742 2341 βουνεύρων,
2801 2274 2893 2324 καὶ
2955 2272 3160 2337 ξεσθεὶς
3207 2273 3303 2334 τὰς
3380 2273 3638 2340 πλευρὰς,
3691 2274 3782 2324 καὶ
3830 2274 3975 2340 λαμ-

2424 2362 2554 2415 πάσι
2589 2363 2997 2432 καταφλεχθεὶς,
3035 2362 3344 2432 ἐκρεμάσθη
3368 2364 3459 2413 ἐπὶ
3497 2365 3706 2431 τείχους
3741 2363 3973 2432 ὑψηλοῦ,

2425 2450 2673 2519 σχοινίοις
2700 2452 2865 2513 δεθείς
2888 2469 2902 2484 ο
2920 2454 3011 2504 καὶ
3041 2452 3308 2520 ἐδεσμήθη
3341 2453 3467 2512 τοὺς
3499 2454 3662 2513 πόδας
3687 2453 3849 2513 λίθοις
3869 2469 3972 2519 μεη

2423 2539 2628 2605 γάλοις,
2655 2539 2928 2608 δεδεμένος
2958 2542 3047 2592 καὶ
3072 2541 3164 2603 τὰς
3199 2543 3383 2608 χεῖρας
3407 2542 3598 2591 ὀπίσω.
3660 2542 3781 2591 Ἐπὶ
3836 2541 3973 2590 πολῦ

2424 2630 2479 2680 δὲ
2510 2631 2867 2698 κρεμάμενος,
2902 2633 2993 2682 καὶ
3021 2633 3139 2692 ταῖς
3179 2631 3410 2698 πληγαῖς
3443 2629 3842 2696 δαπανώμενος,
3879 2630 3977 2678 καὶ

2423 2716 2499 2783 τῷ
2530 2715 2679 2783 βάρει
2711 2717 2815 2765 τῶν
2847 2716 3006 2767 λίθων
3028 2718 3094 2767 τὰ
3116 2717 3277 2783 νεῦρα
3312 2718 3728 2782 διατεινόμενος,
3762 2716 3853 2765 καὶ
3879 2729 3977 2762 κο-

2427 2801 2687 2869 πτόμενος
2714 2801 3034 2870 ηὐχαρίστει
3063 2802 3138 2869 τῷ
3164 2802 3299 2869 Θεῷ,
3340 2804 3432 2853 καὶ
3458 2802 3810 2870 προσηύχετο.
3864 2799 3981 2851 Καὶ

2427 2887 2565 2939 οὕτω
2598 2890 2807 2956 πικρῶς
2866 2890 3201 2958 βασανισθεὶς
3258 2890 3626 2959 ἐτελεύτησεν,
3654 2893 3731 2951 είς
3790 2890 3981 2958 χεῖρας

2425 2977 2558 3031 Θεοῦ
2576 2979 2637 3031 τὸ
2678 2979 2891 3048 πνεῦμα
2933 2979 3095 3033 αὐτοῦ
3123 2981 3509 3049 παραθέμενος.

2949 3086 3121 3138 MHNI
3153 3088 3237 3156 To
3271 3088 3467 3155 ΑΥΤῼ.

3217 3195 3249 3245 ι,

2772 3299 2985 3366 Μνήμη
3018 3298 3121 3350 τοῦ
3144 3300 3312 3365 ἁγίου
3332 3297 3668 3365 Βαριψαεϐᾶ

2497 3407 2651 3460 Κατά
2681 3408 2768 3458 τὸν
2809 3408 2993 3474 καιρὸν
3021 3409 3107 3459 ὅτε
3158 3409 3488 3485 οἱξΙουδαϊοι,
3526 3408 3612 3459 διὰ
3645 3407 3851 3474 φθόνον,
3888 3406 3993 3459 τὸν

2428 3498 2625 3567 Κύριον
2658 3498 2810 3567 ἡμῶν
2860 3498 3064 3566 Ἰησοῦν
3106 3500 3335 3567 Χριστὸν
3375 3500 3739 3566 ἐσταύρωσαν,
3777 3496 3845 3568 ἦν
3899 3517 3995 3561 τις

2430 3587 2679 3648 Ἰάκωϐος
2700 3588 2889 3653 ὖνομα,
2916 3587 3196 3654 παρεστὼς
3226 3589 3300 3655 τῷ
3351 3590 3584 3660 σταυρῷ,
3624 3591 3808 3650 ζὈστις
3854 3589 3997 3641 ἰδὼν

2433 3675 2525 3728 τὸν
2557 3675 2922 3743 στρατιώτην,
2961 3677 3049 3727 τὸν
3083 3677 3477 3745 ἐκκεντήσαντα
3519 3680 3653 3744 μετὰ
3711 3679 3801 3728 τοῦ
3861 3697 3999 3728 κον-

2430 3766 2613 3832 ταρίου
2637 3765 2732 3834 τὴν
2784 3764 3019 3832 πλευρὰν
3070 3764 3162 3815 τοῦ
3218 3766 3446 3833 Κυρίου,
3480 3766 3575 3833 τὴν
3642 3764 3999 3817 namque“

2434 3849 2569 3922 αἷμα
2600 3855 2691 3904 καὶ
2718 3853 2879 3920 ὕδωρ,
2915 3851 3136 3919 δραμὼν
3171 3852 3323 3902 έλαὸε
3353 3852 3698 3915 κολόκυνθαν,
3726 3855 3820 3905 καὶ
3866 3853 3960 3904 ἐδέ
3986 3884 4000 3891 ο

2437 3943 2562 4006 ξατο
2583 3944 2638 3993 ὲν
2674 3943 2809 4009 αὐτη
2838 3942 2895 3991 τὸ
2926 3941 3100 4008 τίμιον
3123 3938 3386 4009 αἷμα,καὶ
3413 3944 3628 4008 κατεῖχε
3650 3942 3847 4008 κρύφα.
3872 3943 4005 3993 Καὶ

2431 4024 2693 4076 τελευτῶν
2719 4022 3003 4074 κατέλιπεν
3027 4023 3157 4073 αὐτὸ
3183 4023 3275 4074 δύο
3304 4024 3593 4090 ὲρημίταις
3642 4022 3985 4088 ἀνθρώποις.

2435 4113 2541 4165 Kal
2576 4112 2715 4163 κατὰ
2746 4111 2935 4175 γενεὰν
2963 4107 3120 4177 ἦλθεν
3145 4113 3223 4171 είς
3250 4110 3529 4179 ἄνθρωπον
3574 4110 3768 4176 εὐλαϐῆ
3820 4127 4005 4175 μονα-

2435 4202 2547 4267 χὸν,
2565 4201 2780 4266 ὀνόματι
2810 4197 3173 4265 Βαριψαϐὁᾶν,
3197 4198 3284 4248 τὸν
3313 4197 3377 4247 δι’
3401 4198 3562 4248 αὑτοῦ
3587 4198 3778 4257 πολλὰς
3814 4198 4006 4258 ἰάσεις

2438 4288 2833 4339 ἐπιτελέσαντα.
2864 4288 2972 4353 Πρὸ
3020 4287 3075 4337 δὲ
3104 4286 3200 4353 τῆς
3253 4285 3504 4352 τελευτῆς
3560 4284 3740 4346 αὑτοῦ,
3801 4285 4006 4338 λαϐὼν

2440 4378 2566 4429 αὐτὸ
2605 4377 2663 4427 τὸ
2694 4377 2843 4440 ἅγιον
2896 4371 3051 4441 αἷμα,
3093 4375 3226 4441 μετὰ
3283 4374 3382 4441 τῆς
3433 4375 3777 4443 κολοκύνθης,
3834 4392 4008 4444 περι-

2440 4464 2781 4516 επάτεικατὰ
2816 4465 2990 4515 πᾶσαν
3016 4465 3168 4514 πόλιν
3211 4464 3300 4515 καὶ⁵
3330 4464 3508 4531 χώραν
3533 4464 4005 4533 θαυματουργῶν.

2454 4554 2665 4615 Ἰδόντες
2686 4554 2739 4605 δὲ
2766 4554 2924 4605 αὐτόν
2953 4570 3093 4615 τινες
3121 4555 3209 4606 τὸν
3231 4554 3362 4605 Θεὸν
3400 4555 3471 4621 μὴ
3505 4554 3844 4620 φοὸούμενοι,
3894 4559 4005 4606 κατ

2439 4648 2773 4715 νομίσαντες,
2796 4648 2899 4709 ὅτι,
2941 4646 3033 4697 ἐὰν
3076 4647 3234 4697 αὑτὸν
3269 4647 3587 4713 φονεύσωσι,
3634 4649 3725 4698 καὶ
3778 4647 4009 4699 λάϐωσι

2438 4738 2536 4805 τὴν
2569 4738 2909 4799 κολόκυνθαν,
2942 4738 3076 4804 μετᾶ
3124 4738 3214 4789 τοῦ
3259 4738 3436 4804 τιμίου
3493 4738 3735 4802 αἳματοξ,
3788 4736 4005 4805 κερδή-

2442 4844 2589 4879 σουσι
2619 4829 2871 4896 χρήματα
2903 4828 3087 4891 πολλὰ,
3123 4830 3312 4888 νυκτδς
3355 4825 3671 4885 ἀπελθόντες

2442 4934 2555 4969 ναν.
2588 4918 2693 4967 Kal
2715 4916 2899 4970 ἔλαόον
2929 4916 3023 4985 τὴν
3056 4914 3396 4974 κολόκυνθαν,
3425 4915 3605 4982 μηδὲν,
3635 4909 3705 4967 ὧν
3731 4915 4009 4979 ἢλπισαν,

2444 5007 2707 5076 εὑρόντες.
2732 5009 2836 5061 Καὶ
2864 5007 3019 5070 οὕτω,
3052 5006 3242 5069 θανὼν,
3295 5006 3573 5074 παρέδωκε
3632 5007 3689 5055 τὸ
3752 5004 4007 5071 πνεῦμα.

3732 4826 4003 4877 ἀπέκτει-

2998 5297 3073 5364 Tit
3106 5295 3237 5363 αὐτῇ
3276 5294 3467 5362 ἡμέρᾳ-

2452 5408 2737 5470 ΙἈθ.1ηοίς·
2762 5403 3076 5468 τῶι-ἁγίων
3107 5402 3415 5469 μαρτύρων
3456 5401 3555 5470 καὶ
3604 5402 4009 5469 αὑταδέλρων

2522 5473 2894 5539 Μηνυδόῳιις,
2919 5471 3334 5537 Νυμφοδάιοας,
3375 5469 3467 5520 καὶ
3512 5470 3921 5535 Μητροδώρας.

2529 5585 2587 5635 'H
2632 5584 2833 5651 μάρτυς
2855 5578 3170 5647 Μηνοδώρα,
3209 5572 3340 5644 μετὰ
3365 5576 3724 5643 Νυμιροδώρας
3746 5579 3835 5628 καὶ
3870 5581 4007 5645 Μὴ-

2450 5674 2716 5729 τοοδὼοας
2765 5672 2866 5723 τῶν
2900 5669 3135 5722 ἀδελφῶν
3165 5667 3347 5719 sti-tr;
3382 5667 3615 5716 ύτῆογεν
3649 5670 3729 5717 ἐπ’
3765 5667 3859 5717 2-3:
3902 5669 4026 5721 Ex-
