4164 6480
705 453 772 516 67

705 564 925 636 recepit,
963 563 1093 620 etin
1123 578 1285 634 specu
1315 580 1424 620 una
1449 578 1571 620 cum
1606 564 1728 618 aliis
1755 565 2113 636 quadraginta
2142 566 2276 621 duo-
2305 579 2352 634 Α

707 661 807 712 bus
837 657 1045 712 sanctis
1088 671 1146 711 se
1189 656 1421 711 abdidit.
1454 655 1590 711 Cum
1635 665 1818 710 autem
1854 657 2009 726 juxta
2036 667 2276 712 montem

703 759 848 804 esset
891 747 1176 801 delubrum
1234 749 1348 802 deae
1387 747 1672 817 cujusdam
1720 746 2058 809 Graecorum.
2111 765 2276 818 quam

709 841 941 894 Hecaten
968 849 1186 904 vocant,
1211 848 1265 893 et
1295 841 1522 908 Ancyra:
1547 854 1748 908 praeses
1775 840 1904 894 illuc
1932 841 2276 895 sacriﬁcandi

704 947 868 986 causa
912 932 1208 986 adventare
1254 930 1473 995 soleret,
1523 931 1947 1000 requirebantur
1980 935 2191 996 sancti,
2223 940 2280 987 ut

704 1032 1047 1092 raperentur.
1084 1020 1189 1075 Sed
1239 1037 1362 1075 cum
1411 1021 1656 1090 quotidie
1705 1023 1828 1090 quis
1859 1037 2049 1075 eorum
2084 1023 2275 1088 exiret,

707 1125 763 1166 nt
792 1128 986 1182 aquam
1019 1127 1085 1166 ex
1117 1113 1365 1182 proximo
1398 1112 1546 1166 fonte
1573 1113 1836 1174 hauriret,
1864 1127 2029 1181 quam
2059 1114 2278 1168 caeteris

708 1205 992 1258 bibendam
1019 1204 1300 1274 praeberet,
1340 1203 1536 1274 obtigit
1564 1213 1758 1258 sancto
1778 1202 2013 1268 Juliano,
2035 1213 2088 1257 ut
2112 1220 2281 1274 aqua-

710 1306 909 1351 retur:
957 1298 1050 1366 qui
1106 1307 1431 1368 conspectus
1484 1313 1515 1352 a
1562 1297 1878 1352 Graecorum
1933 1298 2278 1368 quibusdam,

704 1386 1242 1454 comprehensusque
1279 1396 1333 1440 et
1367 1385 1606 1451 vinetus,
1635 1385 1702 1439 ad
1733 1386 2019 1454 praesidem
2051 1388 2282 1442 adduci-

707 1485 812 1529 tur.
842 1473 978 1528 Cum
1005 1484 1184 1528 autem
1218 1491 1417 1545 praeses
1446 1477 1596 1531 illum
1624 1477 1693 1532 de
1728 1479 1954 1548 reliquis
1987 1492 2281 1548 perconta-

708 1574 881 1628 retur,
917 1565 1034 1634 ipse
1076 1582 1205 1620 vero
1253 1568 1526 1622 neminem
1559 1569 1834 1636 proderet,
1869 1572 1964 1625 sed
1995 1571 2281 1626 Christum

707 1656 877 1710 libere
908 1656 1284 1725 proﬁteretur;
1316 1658 1435 1727 ejus
1483 1661 1646 1728 capiti
1700 1661 1940 1716 candens
1971 1663 2146 1718 cassis
2178 1664 2283 1717 im-

707 1750 923 1816 ponitur
951 1766 968 1803 :
1001 1749 1193 1804 deinde
1221 1749 1486 1820 scalptus,
1520 1760 1576 1806 et
1601 1753 1931 1822 gravissime
1958 1762 2150 1823 tortus,
2185 1757 2280 1811 de-

707 1841 953 1894 collatur.

1229 1958 1463 2014 EODEM
1507 1960 1758 2017 MENSE.

1223 2077 1318 2133 Die
1345 2078 1554 2133 decima
1583 2089 1779 2150 quarta

707 2185 810 2254 37
848 2183 1289 2238 Commemoratio
1331 2184 1693 2260 Ea:_altationis
1722 2189 1965 2257 pretiosa:
1993 2199 2042 2242 et
2067 2191 2286 2260 vivi/ica:

1390 2255 1595 2310 Crucis.

776 2378 1170 2434 Constantinus
1204 2378 1450 2448 Magnus,
1489 2379 1808 2450 primusque
1839 2381 2280 2440 Christianorum

711 2473 1026 2539 imperator,
1061 2471 1286 2540 gerebat
1335 2471 1632 2540 aliquando
1680 2473 1916 2538 bellum,
1951 2485 2008 2528 ut
2059 2478 2281 2546 quidam

708 2563 919 2625 dicunt,
961 2563 1146 2616 llomzn
1176 2564 1436 2616 adversus
1457 2563 1806 2620 Maxentium,
1843 2577 2133 2634 antequam
2171 2570 2275 2622 im-

712 2655 862 2718 perio
894 2653 1188 2722 potiretur;
1221 2661 1278 2707 ut
1307 2669 1436 2708 vero
1459 2655 1551 2708 alii
1574 2656 1834 2721 sentiunt,
1858 2658 2122 2713 adversus
2147 2657 2284 2730 Scy-

709 2746 831 2798 thas
881 2745 945 2798 ad
993 2743 1302 2799 Danubium
1351 2743 1599 2799 ﬂuvium.
1648 2745 1784 2801 Cum
1834 2759 2014 2802 autem
2057 2765 2283 2820 magnas

712 2837 948 2890 hosﬁum
991 2837 1178 2905 copias
1228 2845 1500 2900 cerneret,
1547 2852 1688 2906 aeger
1741 2838 1946 2904 animo,
2012 2841 2282 2909 inopsque

709 2927 943 2992 -.~.:msilii,
981 2927 1047 2980 de
1079 2928 1154 2980 rei
1191 2927 1340 2980 exitu
1389 2941 1573 2981 secum
1610 2928 1915 2982 dubitabat.
1979 2927 2084 2982 Sed
2119 2941 2281 2985 noctu

713 3018 900 3072 \idcns
932 3018 1225 3087 pretiosam
1268 3032 1486 3071 crucem
1521 3017 1574 3070 in
1611 3018 1752 3072 cmlo
1800 3035 1924 3072 cum
1962 3021 2282 3087 ltujustnodi

711 3109 1066 3178 inscriptione
1092 3109 1230 3160 inter
1260 3109 1440 3161 sidera
1479 3126 1491 3162 :
1533 3107 1914 3172 Constantine,
1949 3111 2002 3164 in
2036 3114 2138 3168 hoc
2165 3114 2283 3167 vin-

711 3217 802 3254 res
838 3219 850 3254 :
885 3199 1212 3254 simillimam
1246 3199 1321 3252 illi
1350 3214 1568 3253 crucem
1597 3199 1825 3265 emnxit,
1854 3212 1907 3254 et
1932 3203 2115 3259 hostes
2131 3206 2277 3260 vicit.
2313 3237 2356 3295 ο

713 3293 1073 3358 Quamobrem
1105 3307 1226 3345 cum
1254 3291 1452 3344 Helena
1482 3301 1652 3344 matre
1683 3293 2011 3361 baptizatus,
2060 3299 2281 3364 optabat

712 3385 1002 3452 pretiosam
1039 3398 1279 3447 crucem,
1327 3383 1412 3436 cui
1447 3383 1707 3437 Dominus
1744 3383 1938 3439 allixus
1969 3384 2169 3450 fuerat,
2201 3386 2279 3441 in-

712 3477 913 3529 venire.
948 3477 1077 3543 Ejus
1110 3477 1290 3542 itaque
1322 3483 1494 3527 mater
1531 3475 1917 3543 conquirenda:
1945 3478 2125 3530 crucis
2161 3487 2279 3531 stu-

711 3572 800 3621 dio
829 3565 1201 3636 Hierosolyma
1231 3565 1474 3629 veniens,
1509 3567 1711 3633 reperit
1769 3581 1888 3620 eam
1921 3567 2025 3620 sibi
2057 3568 2282 3623 manife-

709 3677 736 3716 s
765 3668 905 3713 atam
929 3674 958 3711 a
987 3656 1215 3726 Cyriaeo
1241 3655 1451 3720 Judaeo,
1479 3659 1570 3726 qui
1593 3668 1781 3724 postea
1810 3660 2100 3728 episcopus
2134 3659 2237 3712 fuit
2268 3679 2282 3714 :

709 3767 871 3822 quam
933 3765 1055 3804 cum
1113 3750 1346 3818 populus
1395 3750 1688 3804 universus
1748 3749 1994 3814 vidisset,
2064 3766 2283 3806 summo

711 3844 908 3913 gaudio
939 3841 1163 3897 allectus
1191 3843 1310 3895 l'uit.
1330 3840 1395 3894 Et
1423 3841 1736 3911 imperatrix
1767 3842 1991 3912 quidem
2028 3859 2133 3896 una
2158 3858 2280 3896 cum

713 3945 905 3989 senatu
972 3934 1116 3987 illam
1170 3933 1430 3986 adoravit
1470 3943 1524 3986 et
1576 3934 1821 3988 osculata
1877 3943 1979 3989 est.
2042 3933 2283 4004 Populus

715 4041 864 4089 vero,
891 4041 1012 4080 eum
1043 4040 1259 4078 summo
1288 4033 1563 4078 teneretur
1591 4024 1887 4079 θύοι-κωύκ
1914 4026 2098 4081 crucis
2131 4027 2281 4080 desi-

713 4118 886 4180 derio,
915 4131 1089 4186 neque
1129 4115 1180 4169 id
1215 4116 1570 4183 sibiprOpter
1605 4115 1950 4168 innumeram
1993 4116 2279 4170 hominum

715 4211 928 4262 turbam
961 4207 1138 4261 facere
1188 4206 1410 4269 liceret,
1459 4207 1616 4275 petiit
1670 4217 1728 4261 ut
1777 4209 1882 4262 sibi
1939 4210 2130 4264 saltem
2183 4209 2331 4263 illam

1943 458 2369 518 MENOLOGII
2412 457 2603 516 PARS
2641 457 2688 516 Ι.

2315 1947 2362 2005 Β

3870 458 3929 522 ίδ

2381 565 2505 637 ὅρος
2557 564 2713 619 δασύ.
2763 563 2871 618 Kal
2923 563 3330 635 κατεκρύπτετο
3375 563 3432 616 ιν
3493 566 3760 637 σπηλαίῳ,
3810 571 3932 638 μετὰ

2383 658 2476 710 καὶ
2510 657 2686 709 ἄλλων
2715 655 3122 725 τεσσαράκοντα
3171 656 3266 708 καὶ
3311 657 3404 709 δυο
3430 656 3621 725 ἁγίων.
3662 658 3846 722 Ὀντος
3884 659 3932 710 δὲ

2383 745 2610 812 πλησίον
2642 743 2734 796 τοῦ
2753 743 2908 814 ὅρους
2937 743 3209 796 εἰδωλείου
3233 745 3333 814 τῆς
3354 746 3483 808 θεᾶς
3510 746 3619 798 τῶν
3661 745 3930 816 Ἑλλήνων,

2380 835 2804 906 τῆς.λεγομένης
2845 836 3102 905 Ἑκάτης,
3133 837 3229 888 καὶ
3258 835 3353 888 τοῦ
3386 838 3485 907 τῆς
3527 837 3797 908 Ἀγκύρας
3847 841 3937 908 ἄρ-

2383 945 2568 998 χοντος
2591 928 2919 991 ἀπελθόντος
2962 931 3078 981 ἐκεῖ
3112 929 3273 982 θῦσαι
3331 929 3492 999 αὐτῇ,
3539 930 3856 1000 άνεύρονται
3890 932 3936 983 οί

2383 1021 2529 1088 ἅγιοι
2583 1020 3296 1091 κρατηθῆναι.,Ἐξήρχοντο
3324 1022 3379 1074 δὲ
3410 1023 3735 1093 καθημέραν
3761 1017 3838 1085 εἷς
3865 1021 3939 1084 εἷς

2383 1114 2432 1165 οἱ
2462 1112 2628 1180 ἅγιοι,
2661 1113 2757 1166 καὶ
2803 1113 3112 1184 ἐλάμϐανον
3158 1115 3303 1184 ὕδωρ
3344 1118 3408 1168 ὲκ
3443 1116 3538 1183 τῆς
3576 1116 3800 1185 πλησίον
3842 1134 3938 1184 πη-

2384 1204 2508 1271 γῆς,
2542 1205 2634 1255 καὶ
2669 1203 2916 1266 ὲπότιζον
2954 1205 3078 1266 τοὺς
3102 1205 3342 1268 λοιπούς.
3398 1207 3594 1275 Ἐλαχε
3621 1207 3676 1259 δὲ
3729 1206 3820 1259 xal
3871 1205 3944 1274 τῷ

2386 1293 2527 1362 ἁγίῳ
2565 1292 2838 1362 Ἰουλιανῴ
2897 1294 3124 1364 γεμίσαι
3177 1294 3339 1365 ὕδωρ.
3392 1297 3502 1348 Kal
3549 1297 3746 1359 ἰδόντες
3794 1296 3945 1349 αὐτόν

2388 1399 2529 1446 τινες
2554 1383 2662 1436 τῶν
2698 1383 3314 1456 Ἑλλήνωνὲκράτησαν,
3346 1387 3438 1440 καὶ
3452 1387 3712 1457 δήσαντες
3737 1389 3945 1454 ἀπήγα-

2385 1488 2479 1538 γον
2508 1471 2584 1540 τῷ
2621 1471 2862 1540 ἄρχοντι.
2899 1473 3011 1524 Kal
3079 1473 3379 1543 ἐρωτηθεὶς
3415 1475 3508 1528 καὶ
3541 1477 3668 1544 περὶ
3714 1475 3818 1527 τῶν
3844 1476 3948 1528 λοι-

2385 1561 2524 1627 πῶν,
2562 1561 2656 1613 καὶ
2695 1561 2768 1631 μὴ
2796 1560 3119 1631 φανερώσας
3151 1563 3365 1631 αὐτοὺς,
3398 1564 3531 1617 ἀλλὰ
3584 1564 3675 1616 τὸν
3729 1565 3950 1634 Χριστὸν

2386 1653 2673 1723 παρρησίᾳ
2696 1652 3056 1724 ὁμολογήσας,
3110 1655 3444 1724 περιτίθεται
3470 1656 3562 1706 ἐπὶ
3592 1655 3688 1724 τὴν
3719 1656 3952 1723 κεφαλὴν

2387 1743 2618 1797 κασσίδα
2649 1744 3182 1815 πεπυρακτωμένην.
3216 1741 3351 1798 Εἶτα
3383 1743 3596 1809 ξεσθεὶς
3647 1745 3745 1799 καὶ
3790 1763 3951 1814 τιμω-

2389 1835 2575 1906 ρηθεὶς
2607 1835 2858 1906 ἰσχυρῶς,
2887 1834 3328 1906 ἀπεκεφαλίσθη.

2902 1956 3082 2010 MHNI
3141 1955 3229 2026 Τῼ
3269 1954 3471 2025 arm.

3125 2077 3224 2147 tA',

2398 2178 2465 2233 Ἦ
2495 2179 2834 2248 ἀνάμνησις
2862 2181 2976 2249 τῆς
3006 2182 3300 2262 ὐὶῦιὼσεως
3325 2183 3432 2261 τοῦ
3456 2183 3651 2250 τιμίου
3695 2184 3792 2237 καὶ
3824 2180 3954 2243 ζωο-

2913 2268 3092 2305 ποιου
3135 2269 3425 2320 σταυρου.

2458 2370 2870 2433 Κωνσταντῖνος
2899 2372 2927 2423 6
2966 2371 3156 2439 Μέγας
3183 2371 3280 2424 xal
3313 2374 3524 2442 πρῶτος
3587 2375 3643 2426 ἐν
3695 2375 3958 2445 Χριστια-

2386 2462 2494 2522 νοϊς
2527 2459 2778 2529 βασιλεὺς
2812 2461 2928 2531 εἶχε
2973 2461 3104 2514 ποτὲ
3135 2463 3386 2533 πόλεμον,
3432 2465 3504 2528 ὼς
3538 2467 3636 2534 μέν
3668 2484 3808 2529 τινες
3870 2468 3960 2519 λέ-

2386 2568 2594 2618 γουσιν,
2630 2554 2686 2603 ἐν
2737 2556 2802 2622 τῇ
2870 2553 3055 2623 Ῥώμῃ
3085 2555 3226 2607 κατὰ
3297 2555 3651 2623 Μαγνεντίου,
3705 2559 3809 2628 πρδ
3862 2561 3958 2610 τοῦ

2385 2644 2658 2713 κρατῆσαι
2682 2644 2782 2713 τῆς
2811 2644 3087 2715 βασιλείας
3109 2661 3122 2674 ⁸
3157 2646 3232 2708 ὡς
3263 2647 3318 2699 δὲ
3343 2648 3540 2717 ἕτεροι,
3585 2651 3664 2712 είς
3690 2651 3777 2701 τὸν
3806 2651 3963 2703 Δοὺν-

2387 2736 2543 2788 να6ιν
2576 2737 2824 2806 ποταμὸν
2865 2738 3005 2790 κατὰ
3045 2738 3288 2792 Σκυθῶν.
3320 2740 3540 2792 Βλέπων
3580 2741 3634 2794 δὲ
3670 2745 3796 2804 τοὺς

2386 2829 2605 2898 λεμίους
2636 2831 2887 2894 πολλοὺς,
2940 2831 3213 2897 ἐλυῖείτο,
3250 2834 3341 2886 καὶ
3380 2835 3654 2905 διηπόρει.
3710 2837 3844 2888 Ἀλλ’
3904 2839 3963 2888 ὲ)

2386 2921 2452 2989 τῇ
2489 2920 2643 2972 νυκτὶ
2672 2921 2774 2989 ὁρᾷ
2812 2919 2903 2971 τὸν
2931 2920 3112 2989 τίμιον
3143 2923 3374 2991 σταυρὸν
3402 2924 3459 2973 ἐν
3489 2923 3563 2992 τῷ
3594 2924 3829 2994 οὐρανῷ,
3865 2929 3962 2977 καὶ

2385 3019 2603 3088 γραφὴν
2654 3019 2720 3070 δι’
2777 3019 3023 3087 ἀστέρων
3070 3019 3376 3088 δηλοῦσαν·
3432 3020 3846 3085 Κωνσταντίνε,
3903 3024 3962 3072 ὲν

2385 3106 2558 3173 τούτῳ
2586 3105 2729 3158 νίκα.
2764 3107 3002 3176 Ποιήσας
3031 3100 3125 3161 οὖν
3177 3109 3362 3176 ὅμοιον
3425 3110 3680 3177 σταυρὸν,
3737 3110 3962 3178 ’ἐνίκησε

2387 3197 2513 3258 τοὺς
2539 3195 2784 3265 ἐχθρούς.
2817 3197 2926 3249 Kal
2950 3197 3264 3267 βαπτισθεὶς
3298 3202 3393 3252 σὺν
3419 3203 3482 3270 τῇ
3518 3203 3712 3271 μητέρι
3747 3203 3963 3272 Ἑλένῃ,

2389 3290 2652 3358 ἠθέλησεν
2678 3290 2856 3357 εὑρεῖν
2887 3292 2972 3340 τὸν
3006 3291 3184 3360 τίμιον
3217 3293 3473 3360 σταυρὸν,
3534 3294 3592 3343 ὲν
3662 3288 3704 3358 ᾧ
3759 3296 3962 3344 ἐσταυ-

2391 3382 2541 3452 ρώθη
2597 3384 2624 3434 6
2679 3381 2904 3451 Κύριος.
2937 3384 3045 3435 Καὶ
3077 3383 3386 3436 ἀπελθοῦσα
3418 3387 3657 3455 ὴμήτηρ
3687 3385 3850 3438 αὐτοῦ
3883 3387 3971 3447 εἰς

2387 3474 2454 3524 τὰ
2510 3471 2878 3541 Ἰεροσόλυμα,
2936 3465 3096 3542 εὗρεν
3161 3473 3320 3525 αὑτὸν
3374 3475 3754 3542 φανερωθέντα
3811 3476 3974 3544 παρὰ.

2388 3563 2670 3633 Κυριακοῦ
2713 3563 2987 3626 Ἰουδαίου,
3023 3563 3117 3616 τοῦ
3147 3567 3428 3633 γεγονότος
3479 3565 3706 3637 ὕστερον
3730 3568 3968 3620 ἐπισκό-

2404 3673 2506 3710 που
2527 3673 2541 3688 ·
2575 3656 2700 3710 ἷδὼν
2732 3657 2788 3708 δὲ
2814 3657 2974 3711 αὐτὸν
3029 3660 3134 3720 πᾶς
3167 3660 3195 3710 6
3240 3657 3364 3719 λαὸς
3392 3658 3587 3728 ἐχάρη,
3646 3661 3738 3711 καὶ
3797 3675 3979 3727 προτ-

2389 3748 2653 3816 εκύνησεν
2683 3748 2905 3817 αὑτὺνή
2951 3748 3234 3818 βασίλισσα
3286 3749 3424 3818 μετὰ
3479 3751 3577 3818 τῆς
3631 3749 3974 3819 συγκλήτου.

2389 3841 2482 3893 καὶ
2507 3840 2810 3908 ἠσπάσατο.
2847 3841 3034 3909 Ζητῶν
3085 3842 3142 3893 δὲ
3197 3841 3292 3893 καὶ
3334 3843 3362 3892 6
3409 3840 3533 3902 λαὸς
3589 3840 3986 3909 προσκυνῆσαι

2390 3931 2488 3984 καὶ
2523 3931 2596 4001 μὴ
2624 3932 2922 4000 δυνάμενος
2951 3931 3039 3984 διὰ
3063 3933 3152 3984 τὸν
3208 3931 3436 4003 ἄπειρον
3492 3933 3669 4002 ὄχλον,
3726 3934 3988 4002 ᾐτήσατο

2389 4024 2493 4077 κᾶν
2532 4024 2658 4076 ἰδεῖν
2693 4024 2877 4089 αὑτὸν,
2911 4025 3003 4076 καὶ
3023 4025 3228 4093 ἤρξατο
3259 4024 3486 4094 κράζειν
3528 4025 3556 4076 6
3583 4024 3729 4090 λαὸς,
3784 4024 3986 4093 Κύριε

2393 4114 2639 4183 ἐλέησον,
2669 4115 2760 4166 καὶ
2786 4113 3040 4183 ὲτυπώθη
3071 4120 3148 4177 εἰς
3175 4115 3400 4184 ὕψωσιν.

2395 4207 2612 4260 videndi
2655 4217 2897 4276 potestas
2954 4209 3126 4262 ﬁeret.
3170 4207 3344 4273 Quam
3387 4208 3477 4263 ubi
3521 4206 3676 4272 vidit,
3727 4207 3779 4261 in
3826 4206 3994 4261 hanc

3861 2761 3963 2796 ’πο-

716 4317 898 4356 vocem
931 4301 1160 4370 potnulus
1202 4299 1403 4367 erupit,
1437 4299 1606 4367 Kyrie
1654 4299 1884 4354 eleison.
1919 4300 2100 4369 Atque
2151 4299 2282 4356 hinc
2306 4298 2671 4354 Exaltationis
2706 4309 2864 4369 typus
2889 4314 3185 4369 expressus
3213 4300 3336 4354 fuit.

1340 4416 1538 4470 Eodem
1581 4418 1632 4471 di

919 4535 1032 4606 38
1059 4532 1335 4590 Certamen
1375 4535 1548 4588 sancti
1589 4537 1840 4606 martyris
1878 4537 2066 4607 Papa.

786 4655 982 4724 Papas,
1018 4653 1316 4708 multorum
1370 4655 1736 4707 certaminum
1797 4655 2005 4711 Christi
2057 4667 2284 4728 martyr,

716 4753 1044 4818 imperatore
1078 4745 1424 4811 Maximiano,
1453 4762 1519 4803 ex
1545 4749 1765 4816 regione
1797 4748 1974 4817 Lyciae
2003 4749 2128 4803 fuit.
2149 4750 2285 4804 Cum

717 4849 894 4893 autem
945 4848 1144 4892 rectam
1181 4839 1338 4891 tidem
1390 4838 1630 4901 doceret.
1679 4850 1733 4894 et
1784 4841 1953 4895 libere
2004 4842 2284 4896 Christum

719 4931 1081 4999 proﬁteretur,
1116 4928 1415 4997 multisque
1445 4927 1784 4992 Graecorum,
1811 4940 1867 4982 ut
1897 4930 1949 4982 in
1986 4930 2136 4983 illum
2165 4945 2287 4985 ere-

717 5023 927 5079 tiereut,
985 5018 1358 5086 persuaderet,
1399 5019 1646 5087 proditus
1695 5019 1936 5088 praesidi,
1987 5027 2038 5073 et
2078 5020 2147 5073 ab
2197 5021 2289 5073 illo

716 5108 1163 5176 comprehensus,
1184 5109 1505 5176 gravissime
1535 5110 1770 5176 primum
1796 5112 2021 5163 caaditur
2051 5128 2064 5163 :
2093 5111 2288 5166 deinde

719 5203 1012 5257 conlractis
1045 5202 1302 5255 omnibus
1348 5202 1460 5257 oris
1490 5203 1727 5270 ossibus,
1761 5217 2063 5272 Suspensus
2106 5203 2291 5257 duris-

717 5296 853 5349 sime
879 5296 1160 5362 scalpitur.
1189 5294 1318 5347 Post
1347 5294 1460 5347 hazc
1490 5295 1733 5348 induitur
1759 5296 2146 5351 calceamentis
2181 5296 2289 5349 fere

718 5385 846 5448 reis,
873 5387 1038 5440 clavis
1072 5385 1384 5454 iungentibus
1407 5396 1457 5438 et
1487 5386 1661 5439 acutis
1683 5385 1934 5448 confixis,
1969 5387 2288 5455 cogiturque

717 5479 872 5545 equis
902 5491 1232 5544 praecurrere
1267 5477 1335 5530 ab
1376 5476 1510 5530 urbe
1541 5492 1638 5530 sua
1667 5477 2078 5543 Diocaasaream,
2125 5486 2289 5545 atque

721 5569 843 5621 inde
867 5567 1176 5622 Seleuciam
1206 5582 1402 5637 usque.
1424 5566 1523 5622 Cui
1550 5569 1694 5622 hunc
1717 5569 1770 5620 in
1793 5570 2015 5623 modum
2043 5567 2288 5622 currenti

717 5661 933 5712 obviam
965 5658 1104 5713 facta
1137 5659 1331 5713 mulier
1361 5659 1632 5728 quaedam,
1677 5661 1819 5714 lineo
1854 5675 2034 5728 panno
2065 5660 2288 5728 sangui-

721 5767 842 5805 nem
875 5750 994 5820 ejus
1033 5751 1399 5822 abstergcbat,
1443 5752 1904 5821 osculabaturque
1938 5767 2064 5806 cum
2114 5753 2288 5822 lacry-

721 5844 846 5900 mis.
885 5843 1122 5916 Denique
1152 5845 1255 5900 sub
1279 5844 1535 5916 capriﬁeo
1559 5845 1877 5910 collocatus,
1912 5855 2018 5899 tam
2054 5845 2290 5915 graviter

2310 4545 2365 4604 D

2924 4420 3002 4489 τῇ
3073 4420 3210 4492 αὐτῇ
3271 4422 3455 4494 ἡμέρᾳ

2571 4539 2855 4605 Ἀθλησις
2885 4539 2990 4591 τοῦ
3018 4538 3190 4606 ἁγίου
3231 4539 3534 4609 μάρτυρος
3574 4543 3768 4598 Πάπα.

2475 4659 2533 4711 'O
2595 4658 2893 4721 πολύαθλος
2931 4660 3144 4729 μάρτυς
3199 4659 3295 4712 τοῦ
3358 4662 3594 4732 Χριστοῦ
3653 4663 3850 4727 Πάπας
3911 4660 3999 4736 ἦν

2391 4751 2486 4803 επὶ
2520 4751 2620 4819 τῆς
2654 4751 2933 4820 βασιλείας
2963 4751 3325 4822 Μαξιμιανοῦ,
3376 4757 3439 4806 ὲκ
3473 4756 3570 4824 τῆς
3618 4757 3804 4826 χώρας
3860 4760 3956 4811 Au
3980 4792 4001 4805 .

2392 4843 2536 4905 κίας.
2569 4845 2849 4897 Διδάσκων
2875 4845 2932 4897 δὲ
2964 4847 3062 4914 τὴν
3093 4847 3260 4916 ὀρθὴν
3297 4848 3504 4910 πίστιν,
3540 4853 3630 4900 καὶ
3681 4851 3999 4918 ὁμοὶογῶν

2392 4938 2679 5006 παρρησίᾳ
2709 4939 2801 4989 τὸν
2837 4939 3087 5007 Χριστὸν,
3138 4941 3230 4992 καὶ
3288 4942 3516 5004 πολλοὺς
3549 4942 3658 4995 τῶν
3698 4943 4007 5013 Ἐλλήνων

2394 5029 2598 5079 πείθων
2617 5029 2895 5080 πιστεύειν
2919 5031 2998 5091 εἰς
3019 5031 3200 5091 αὑτὸν,
3238 5034 3590 5103 κατεμηνύθη
3619 5035 3694 5104 τῷ
3721 5037 3970 5104 ἄρχοντι
3988 5081 4005 5100 ,

2393 5119 2486 5170 καὶ
2511 5119 2806 5188 κρατηθεὶς
2831 5120 2958 5189 παρ’
2990 5121 3176 5184 αὑτοῦ,
3213 5123 3428 5192 πρῶτον
3458 5124 3558 5192 μὲν
3594 5125 3808 5194 ὲτὺφθη
3839 5143 4008 5194 σῷοι

2393 5206 2556 5275 δρῶς.
2586 5209 2698 5261 Kal
2733 5209 3024 5278 συνετρίϐη
3063 5213 3238 5263 πάντα
3259 5213 3326 5263 τά
3353 5213 3487 5265 ὀστᾶ
3511 5213 3604 5265 τοῦ
3645 5217 4005 5283 προσώπου.

2397 5299 2627 5352 Ἔπειτα
2652 5302 3225 5372 κρεμασθεὶς,ὲξέσθη
3274 5305 3370 5356 ἐπὶ
3428 5304 3583 5359 πολύ.
3648 5306 3756 5357 Καὶ
3831 5311 4012 5374 μετὰ

2361 5389 2566 5475 ,ταῦτα
2611 5391 2846 5460 ὑποδέθη
2914 5393 3233 5462 ὑποδήματα
3289 5395 3506 5465 σιδηρᾶ,
3560 5397 3722 5466 ἥλους
3775 5397 4016 5467 ἔχοντα

2397 5483 2644 5551 μακροὺς
2679 5483 2774 5534 καὶ
2807 5484 2969 5547 ὀξεῖς.
3028 5486 3137 5537 Καὶ
3168 5485 3432 5555 ἠλαύνετο
3486 5489 3823 5558 τυπτόμενος
3877 5491 4013 5558 ἐμ.-

2395 5571 2630 5638 προσθεν
2666 5571 2870 5637 ἵππων,
2912 5574 3020 5626 ἀπὸ
3048 5575 3145 5640 τῆς
3183 5576 3316 5639 ἰδίας
3350 5577 3577 5641 πόλεως,
3611 5578 3715 5641 ἕως
3749 5580 3854 5646 τῆς
3894 5583 4017 5632 πό.

2393 5662 2526 5725 λεως
2564 5665 3004 5734 Διοκαισαρείας,
3029 5668 3124 5718 καὶ
3154 5669 3260 5720 ἀπὸ
3288 5669 3514 5738 ταύτης,
3570 5672 3673 5732 ἓως
3702 5671 3804 5738 τῆς
3881 5672 4014 5724 Es-

2393 5753 2651 5817 λευκίαςο
2684 5757 2942 5824 Τρέχοντι
2971 5757 3027 5810 δὲ
3074 5758 3221 5826 αὐτῷ
3279 5760 3641 5832 ἀπαντήσασα
3691 5780 3774 5825 τις
3828 5767 4015 5833 γυνὴ

2395 5845 2767 5914 ἀπεσπὸγγιςε
2800 5849 2933 5918 μετὰ
2969 5848 3114 5902 λινοῦ
3132 5851 3199 5902 τά
3229 5851 3436 5924 αἵματα
3458 5855 3643 5920 αὑτοῦ,
3669 5856 3757 5907 καὶ
3785 5856 4016 5922 ἡτπά-
