4164 6480
697 446 766 505 55
1943 438 2370 498 MENOLOGI‘I
2411 439 2604 497 PARS
2640 437 2694 496 Ι.
3883 419 3966 487 55'

694 551 991 621 ἀκρόδρυα,
1020 549 1302 620 διέτρεφεν
1323 548 1510 618 αὐτήν.
1538 543 1669 602 Εἶτα
1695 544 2012 600 εἰσελθοῦσα
2033 547 2066 614 ή
2098 545 2262 612 κυρία
2305 543 2479 612 αὐτῆς
2532 544 2591 595 ἐν
2627 542 2706 610 τῇ
2737 540 2976 609 φυλακῇ,
3023 535 3163 607 μετά
3199 534 3398 606 μοχλοῦ
3432 528 3656 602 σιδηροῦ
3703 541 3958 595 πεπυρα-

694 643 974 714 κτωμένου
1005 640 1214 696 ἀνεῖλεν
1237 639 1429 708 αὑτήν.

1223 743 1456 799 EODEM
1490 744 1737 799 M'ENSE.

1191 834 1289 889 Die
1314 835 1524 889 decima
1551 835 1782 903 septima

697 930 804 1002 47
839 929 1114 1002 Certamen
1166 936 1804 1002 sanctoru_nt__nmrtyrunt
1855 925 2035 1002 Luciw
2081 923 2276 990 vidua,

979 1010 1029 1052 et
1061 997 1361 1051 Geminiam’
1394 997 1496 1064 ﬁlii
1525 997 1640 1064 ejus
1671 995 1989 1064 spiritualis.

768 1091 937 1144 Lucia
983 1097 1213 1158 martyr,
1251 1089 1550 1155 imperante
1625 1085 1976 1148 Maximiano,
2020 1095 2073 1140 tn
2145 1087 2282 1142 urbe

701 1187 872 1238 ltoma
895 1181 1090 1250 Opibus
1117 1193 1181 1233 ac
1201 1178 1415 1247 generis
1448 1177 1730 1232 nobilitate
1761 1177 1980 1230 claruit.
2023 1178 2158 1231 Cum
2186 1194 2284 1233 au~

702 1288 807 1328 tem
837 1270 1296 1342 septuagesimum
1322 1267 1571 1336 quintum
1599 1266 1776 1320 aetatis
1817 1281 2020 1320 annum
2075 1275 2279 1336 ageret,

703 1364 1044 1434 trigesimum
1121 1375 1248 1415 vero
1313 1368 1528 1414 sextum
1591 1359 1644 1411 in
1702 1356 1964 1411 viduitate
2016 1358 2283 1426 explevis-

703 1464 804 1521 set,
872 1454 1156 1521 filiumque
1210 1466 1370 1505 suum
1445 1449 1766 1520 legitimum,
1826 1447 2145 1517 Eutropium
2182 1463 2281 1502 no-

705 1547 872 1613 mine,
905 1545 1176 1600 idolorum
1229 1541 1604 1610 superstitioni
1642 1539 1944 1604 addictum,
1981 1540 2045 1592 ad
2082 1539 2283 1592 Christi

707 1637 868 1691 ﬁdem
898 1634 1115 1690 trahere
1140 1647 1353 1688 summa
1387 1631 1736 1684 contentione
1771 1630 2048 1694 studeret;
2074 1637 2283 1682 tantum

708 1727 884 1781 abfuit
939 1724 1085 1779 utab
1115 1737 1300 1777 errore
1344 1721 1494 1775 illum
1519 1728 1792 1786 avocaret,
1827 1727 1886 1772 ut
1909 1729 2136 1773 matrem
2181 1733 2282 1788 po-

709 1825 818 1875 tius
848 1819 962 1888 ipse
988 1831 1143 1872 suam
1179 1816 1245 1869 ad
1298 1813 1689 1868 Maximianum
1720 1811 1975 1866 deferret.
2005 1811 2286 1877 Quamob-

711 1929 826 1968 rem
866 1922 1136 1980 correpta,
1163 1923 1288 1963 cum
1323 1907 1481 1961 idolis
1549 1905 1857 1961 sacriﬁcare
1897 1915 2200 1969 recusaret,
2234 1905 2289 1958 in

714 2004 942 2058 lebetem
978 2000 1204 2056 ferventi
1250 2000 1490 2069 plumbo,
1517 2009 1568 2052 et
1619 1999 1738 2066 pice
1771 2000 1992 2068 plenum
2024 1997 2287 2065 injicitur.

2901 730 3082 786 MHNl
3129 731 3216 801 To
3253 727 3457 799 ure.

3139 831 3214 888 IZ'

2384 949 2677 1013 Ἀθλησις
2709 943 2826 998 τῶν
2858 943 3042 1012 ἁγίων
3065 941 3382 1013 μαρτύρων
3409 939 3672 1001 Λυῡκίας
3709 934 3818 1013 τῇς
3846 933 3960 1013 χή;

2442 1004 2602 1102 “re;
2640 1004 2738 1068 καὶ
2791 1004 3160 1084 reportaret?
3197 1004 3302 1064 τοῦ
3361 1006 3768 1077 πνευματικοῦ
3826 1004 3964 1059 υἱοῦ

2452 1103 2660 1154 αυτης.

2465 1193 2530 1246 Ἠ
2575 1191 2786 1260 μάρτυς
2840 1187 3046 1241 Λουκία
3093 1185 3338 1255 ὑπῆρχεν
3393 1184 3486 1236 ἐπὶ
3533 1181 3632 1251 τῆς
3684 1179 3968 1251 βασιλείας

2384 1281 2752 1353 Μαξιμιανοῦ,
2793 1283 2849 1334 ἐν
2883 1277 3072 1351 Ῥώμῃ
3112 1280 3178 1347 τῇ
3221 1277 3406 1328 πόλει’
3437 1274 3670 1328 πλουσία
3705 1274 3803 1343 μὲν
3835 1275 3971 1342 σφό-

2384 1377 2510 1445 δρα,
2545 1376 2641 1428 καὶ
2685 1373 3025 1444 περιφανής·
3066 1369 3275 1441 χρόνων
3303 1369 3360 1421 δὲ
3389 1367 3525 1422 οὖσα
3564 1367 3969 1435 ἑϐδομηκοντα-

2386 1469 2570 1532 πέντε,
2598 1465 2912 1536 χηρεύσασα
2943 1464 3037 1531 ἐτη
3066 1461 3442 1533 τριακονταέξ.
3481 1461 3720 1528 Ἔχουσα
3766 1458 3823 1510 δὲ
3855 1458 3972 1509 υἱον

2386 1562 2630 1631 γνήσιον,
2697 1558 2924 1626 ὀνόματι
2990 1555 3312 1623 Εὑτρὸπιον,
3379 1550 3799 1618 είδωλολάτρην,
3868 1550 3973 1600 οὐκ

2388 1651 2619 1721 ἐδυνήθη
2664 1649 2850 1701 πεῖσαι
2876 1645 3038 1698 αὑτὸν
3071 1643 3394 1713 προσελθεῖν
3435 1641 3514 1710 τῷ
3545 1638 3789 1708 Χριστῷ,
3833 1637 3974 1690 ἀλλά

2393 1743 2592 1814 μᾶλλον
2626 1737 2976 1808 κατεμηνύθη
3008 1736 3138 1807 παρ’
3162 1733 3327 1788 αὐτοῦ
3361 1732 3436 1800 τῷ
3467 1731 3819 1800 Μαξιμιανῷ.
3856 1730 3974 1782 Καὶ

2390 1832 2748 1903 κρατηθεῖσα,
2787 1829 2882 1882 κοιλ⁸
2924 1829 2997 1898 μὴ
3043 1825 3333 1878 πεισθεῖσα
3363 1824 3522 1876 θῦσαι
3555 1824 3668 1884 τοῖς
3702 1819 3973 1882 εἰδώλοις,

2393 1924 2661 1994 ἐνεϐλήθη
2716 1924 2794 1984 είς
2827 1921 3031 1991 λέϐητα
3063 1917 3506 1985 πεπληρωμένην
3563 1913 3846 1983 μολύϐδου,
3879 1912 3980 1964 καὶ

2395 2017 2595 2087 πίσσης
2621 2013 2973 2083 κοχλὰζοντα.
3001 2011 3112 2064 Kal.
3138 2008 3430 2074 ἐξελθοῦσα
3455 2007 3720 2075 ἀϐλαϐὴς,
3749 2005 3912 2074 περιή
3924 2021 3984 2073 ρ-

712 2093 817 2146 b'ed
845 2090 1115 2144 indemnis
1157 2090 1284 2144 inde
1328 2095 1382 2142 et
1421 2086 1718 2141 incolumis
1771 2100 2010 2155 egressa.
2045 2085 2294 2139 traducta

2412 2125 2522 2177 (ετο
2697 2104 2852 2157 πόλιν
2899 2101 3236 2170 τυπτομένη.
3290 2101 3599 2170 Συνήντησε
3653 2097 3762 2149 δὲὸ
3822 2095 3983 2162 ἅγιος

716 2200 809 2253 per
869 2183 1057 2237 urbem
1113 2192 1166 2237 et
1220 2182 1571 2245 circumacta,
1618 2179 1861 2234 carditur.
1917 2176 2014 2232 Cui
2075 2185 2296 2231 sanctus

713 2276 1068 2331 Geminianus
1127 2273 1342 2327 obviam
1393 2271 1593 2335 factus,
1655 2270 1987 2337 secutusque
2058 2282 2198 2331 eam,
2243 2273 2299 2320 et

717 2369 879 2435 paulo
921 2374 1043 2436 post
1087 2365 1415 2433 baptizatus,
1450 2361 1751 2431 appellatur
1804 2357 2102 2427 Spiritualis
2151 2355 2298 2409 illius

717 2463 861 2514 tilius
889 2479 902 2514 :
935 2468 1098 2527 atque
1135 2473 1239 2510 una
1270 2471 1392 2510 cum
1437 2456 1550 2523 ipsa
1583 2455 1636 2507 in
1689 2461 2034 2520 conspectum
2070 2450 2300 2517 impera-

716 2556 853 2608 toris
912 2553 1156 2615 veniens,
1217 2550 1494 2604 Christum
1572 2547 1872 2616 profitetur.
1933 2542 2296 2608 Quamobrem

719 2646 1004 2701 tormentis
1037 2642 1400 2697 excruciatur.
1441 2639 1544 2692 Sed
1596 2653 1624 2691 a
1663 2645 1851 2690 sancto
1877 2634 2068 2703 angelo
2091 2631 2300 2685 Tauro-

720 2739 963 2793 menium
1011 2734 1252 2798 adducti,
1293 2733 1365 2785 ibi
1398 2732 1757 2785 Getuinianus
1790 2727 2010 2798 quidem
2055 2723 2235 2794 gladio
2271 2737 2300 2776 tt

723 2827 952 2896 praeside
1001 2824 1342 2894 percutitur;
1379 2819 1544 2874 Lucia
1580 2833 1706 2872 vero
1747 2818 1800 2871 in
1863 2831 1992 2885 pace
2021 2812 2302 2868 obdormio

725 2921 818 2972 vit.

1263 3005 1490 3063 EODEM
1526 3005 1776 3059 MENSE.

1239 3101 1333 3155 Die
1360 3101 1570 3154 decima
1607 3107 1797 3151 octava

725 3199 836 3270 48
867 3199 1143 3256 Certamen
1198 3193 1527 3270 sacrosancti
1586 3189 1838 3270 martyris
1885 3185 2164 3250 Simeonis,
2197 3199 2304 3251 ept-

1181 3267 1325 3333 scopi
1363 3262 1871 3329 Hierosolymorum.

800 3359 1193 3415 Sacrosanctus
1222 3365 1427 3425 martyr
1461 3353 1682 3407 Simeon
1711 3348 1896 3403 floruit
1937 3345 2174 3415 Trajano
2203 3344 2306 3397 int-

731 3461 1000 3521 peratore,
1034 3449 1305 3506 secundus
1337 3463 1365 3499 a
1391 3444 1592 3500 Jacoho
1617 3442 1782 3496 fratre
1810 3439 2022 3494 Domini
2055 3437 2285 3491 Hieroso
2337 3462 2379 3520 ο

733 3545 1000 3613 Iymorum
1025 3542 1334 3610 episcOpus.
1363 3537 1494 3589 Erat
1513 3535 1658 3588 enim
1681 3531 2048 3587 consobrinus
2065 3538 2119 3583 et
2139 3526 2311 3596 ipsius

742 3635 982 3698 Domini,
1020 3644 1074 3689 et
1106 3632 1316 3692 Jacobi,
1355 3631 1555 3696 Cleopa
1613 3636 1764 3696 patre
1803 3633 1989 3677 natus.
2020 3621 2121 3675 llic
2144 3619 2311 3683 enim,

734 3740 787 3783 et
815 3728 1082 3795 Joseplms
1106 3735 1258 3795 pater
1285 3722 1496 3778 Domini
1543 3719 1841 3774 secundum
1873 3727 2091 3770 carnem
2127 3709 2314 3780 appel-

740 3824 900 3884 latus,
929 3817 1172 3888 germani
1204 3817 1398 3868 fratres
1428 3818 1603 3866 erant.
1640 3808 1857 3863 Simeon
1889 3814 2068 3858 autem
2093 3813 2317 3855 accusa-

739 3926 828 3967 tus
853 3927 880 3965 a
906 3908 1130 3974 Judais,
1152 3905 1299 3976 quod
1351 3904 1628 3958 Christum
1679 3899 2014 3966 praedicaret,
2065 3905 2320 3962 compre-

742 4006 944 4060 hensus
978 4017 1006 4054 a
1043 4000 1354 4055 Graecorum
1389 3993 1678 4065 praefectis,
1714 3989 2035 4060 gravissime
2069 3985 2316 4039 caeditur.

745 4096 945 4150 Deinde
1003 4093 1187 4146 multis
1229 4089 1516 4145 tormentis
1579 4085 1882 4152 subjectus,
1929 4082 1983 4135 in
2042 4089 2318 4132 carcerem

744 4187 1056 4256 conjicitur,
1112 4194 1171 4237 ut
1220 4182 1362 4236 fame
1411 4189 1462 4234 et
1502 4177 1756 4248 squalore
1811 4174 2190 4228 conticeretur.
2228 4167 2317 4221 ln-

743 4282 809 4332 tle
845 4277 1243 4340 eductus,cum
1297 4273 1442 4326 nulla
1509 4270 1717 4324 ratione
1773 4265 1964 4319 adduci
2021 4271 2226 4331 posset,
2262 4265 2322 4310 ut.

745 4373 1019 4424 Christum
1072 4369 1384 4436 abnegaret,
1426 4363 1572 4417 cruci
1622 4360 1792 4415 clavis
1844 4357 2058 4418 afﬁxus,
2092 4363 2320 4408 mortem

746 4459 1021 4518 occubuil,
1045 4471 1216 4510 annos
1243 4463 1402 4508 natus
1429 4460 1646 4508 centum
1698 4459 1751 4503 et
1785 4447 1975 4518 viginti
2008 4465 2019 4498 :
2054 4445 2210 4513 cujus
2235 4459 2322 4499 sa-

747 4567 899 4606 crum
926 4565 1126 4617 corpus
1171 4546 1459 4618 propinqui
1482 4555 1636 4597 terra:
1665 4540 2162 4604 commendarunt;
2198 4536 2322 4590 felix

749 4657 876 4697 vero
904 4642 1086 4694 anima
1125 4641 1185 4693 in
1222 4638 1421 4693 caelum
1459 4635 1784 4693 ascendens,
1818 4647 1926 4685 una
1956 4646 2076 4683 eum
2119 4628 2322 4682 sanctis

751 4736 804 4788 in
841 4744 1100 4787 :eternum
1153 4729 1350 4801 gaudet
1399 4730 1451 4782 in
1501 4725 1720 4781 Christo
1754 4722 1882 4778 Jesu
1936 4721 2167 4777 Domino
2223 4735 2324 4774 no-

753 4835 887 4878 stro.

2398 2198 2740 2268 Γεμινιανὸς,
2766 2197 2860 2248 καὶ
2889 2192 3250 2265 ἠκολούθησεν
3278 2191 3436 2262 αὐτῇ.
3474 2192 3583 2242 Καὶ
3615 2188 3751 2258 μετά
3780 2187 3984 2256 μικρὸν

2401 2288 2745 2362 βαπτισθεὶς,
2805 2287 3009 2358 ἐκλήθη
3065 2284 3235 2352 αὐτῆς
3269 2285 3384 2346 υίὺς
3441 2279 3832 2349 πνευματικός,
3884 2277 3985 2330 καί

2401 2387 2496 2439 σὺν
2528 2385 2664 2455 αὐτῇ
2703 2383 2872 2436 ἐλθὼν
2920 2383 2998 2444 είς
3049 2380 3341 2450 πρόσωπον
3372 2377 3466 2430 τοῦ
3501 2374 3786 2445 βασιλέως,
3824 2373 3981 2440 ὡμο-

2400 2480 2598 2547 λόγησε
2632 2479 2722 2529 τὸν
2750 2476 3008 2546 Χριστὸν,
3033 2473 3126 2526 καὶ
3148 2469 3484 2540 ἐτιμωρήθη.
3521 2462 3654 2519 Εἶτα
3683 2464 3786 2517 ὑπὸ
3819 2462 3987 2528 ἁγίου

2403 2571 2634 2638 ἀγγέλου
2699 2566 3021 2636 ἀπήχθησαν
3051 2566 3129 2626 είς
3158 2564 3218 2615 τὸ
3247 2559 3635 2629 Ταυρομένιον.
3666 2555 3776 2609 Καὶ
3821 2554 3848 2605 ὁ
3881 2553 3990 2622 μὲν

2404 2659 2721 2730 Γεμινιανὸς
2756 2656 2907 2725 παρά
2943 2655 3037 2708 τοῦ
3071 2655 3336 2725 ἄρχοντος
3373 2652 3517 2720 ξίφει
3553 2645 3863 2715 ἐτελειώθη.
3915 2643 3998 2696 Ἦ

2404 2751 2458 2804 δὲ
2495 2749 2700 2803 Λουκία
2734 2749 2790 2801 ἐν
2817 2745 3006 2817 εἰρήνῃ
3036 2742 3327 2814 ἐκοιμήθη.

2921 3018 3100 3076 MHNl
3140 3020 3226 3089 Τῼ
3279 3017 3480 3086 arm.

3150 3125 3169 3177 Ι
3180 3122 3234 3178 ίί¹

2413 3240 2707 3306 Ἀθλησις
2751 3233 2858 3287 τοῦ
2907 3231 3080 3299 ἁγίου
3106 3225 3526 3306 ζερομάρζιξρος
3560 3221 3826 3292 Συμεὼν,
3862 3219 4014 3272 ἐπε-κ

2824 3296 3063 3357 σκόέτου
3114 3296 3574 3366 Ἱεροσολύμων.

2484 3424 2706 3496 Συμεὼν
2738 3423 2768 3474 ὁ
2814 3419 3195 3491 Ἰερομὰρτυς,
3250 3415 3496 3484 ὑπῆρχεν
3546 3411 3636 3463 ἐπὶ
3689 3409 3786 3478 τῆς
3835 3407 4002 3477 βασι-

2417 3518 2564 3580 λείας
2611 3511 2915 3587 Τραϊανοῦ,
2964 3510 3216 3577 δεύτερος
3262 3507 3559 3565 ἐπίσκοπος
3603 3500 4004 3569 Ἱεροσολύμων

2417 3607 2731 3677 γενόμενος,
2768 3603 2904 3671 μετά
2951 3597 3206 3653 Ἰάκωϐον
3235 3596 3327 3648 τὸν
3369 3592 3597 3660 ἀδελφὸν
3637 3589 3729 3642 τοῦ
3763 3587 4004 3658 Κυρίου.

2417 3696 2527 3753 Ἦν
2585 3699 2641 3752 δέ
2688 3695 2977 3762 ἐξάδελφος
3031 3689 3196 3744 αὐτοῦ
3243 3704 3303 3740 τε
3342 3684 3436 3738 τοῦ
3491 3683 3720 3751 Κυρίου,
3765 3681 3858 3732 καὶ
3899 3678 4006 3731 τοῦ

2431 3787 2713 3853 Ἰακώϐου,
2755 3785 2868 3847 υἱὸς
2917 3779 3158 3850 γεγονὼς
3207 3778 3306 3831 τοῦ
3355 3774 3614 3828 Κλεώπα.
3657 3766 3823 3830 Οὗτος
3863 3771 4006 3836 γὰρ.

2422 3883 2517 3936 καὶ
2573 3879 2771 3948 Ἰωσὴφ
2821 3878 2849 3929 ὁ
2893 3873 3239 3946 χρηματίσας
3283 3869 3424 3922 κατά
3473 3867 3650 3935 σάρκα
3690 3863 3869 3933 πατὴρ
3902 3860 4009 3913 τοῦ

2422 3973 2651 4041 Κυρίου,
2680 3969 2878 4041 μᾶλλον
2895 3969 2950 4020 δὲ
2978 3964 3323 4035 ὀνομασθείς,
3347 3961 3564 4028 ἀδελφοὶ
3594 3959 3813 4026 νόμιμοι
3833 3951 4008 4023 ἦσαν.

2423 4063 2594 4127 Οὗτος
2640 4063 2697 4115 δὲ
2746 4063 2774 4114 ὁ
2826 4057 3051 4128 Συμεὼν
3084 4053 3483 4124 κατηγορηθεὶς
3528 4049 3679 4119 παρά
3712 4047 3821 4099 τῶν
3867 4048 4022 4098 ’1ου-

2422 4157 2608 4222 δαίων,
2637 4154 2712 4214 ὡς
2741 4152 3028 4221 κηρύττων
3050 4148 3140 4201 τὸν
3169 4147 3424 4216 Χριστὸν,
3450 4143 3545 4196 καὶ
3571 4139 3864 4212 κρατηθεὶς
3896 4139 4017 4190 ὑπὸ

2423 4249 2531 4302 τῶν
2557 4247 2836 4319 ἀρχόντων
2865 4243 2974 4294 τῶν
3022 4240 3317 4309 Ἑλλήνων,
3351 4235 3556 4303 ἐτύφθη
3588 4231 3853 4301 σφοδρῶς.
3892 4231 4014 4280 Καὶ

2428 4343 2650 4403 πολλαῖς
2699 4338 2952 4408 βασάνοις
2984 4334 3322 4399 ἐξετασθείς,
3353 4327 3685 4395 ἀπεκλείσθη
3715 4327 3792 4389 εἰς
3831 4325 4019 4393 φυλα-

2428 4437 2550 4507 κὴν,
2606 4433 2750 4504 λιμῷ
2803 4431 2895 4483 καὶ
2945 4427 3214 4496 κακουχίᾳ
3258 4421 3668 4491 δαπανώμενος.
3733 4414 3865 4470 Εἶτα
3907 4419 4018 4486 τῆς

2429 4526 2675 4596 φυλακῆς
2705 4520 3012 4590 ἐκϐληθεὶς,
3047 4519 3144 4571 καὶ
3175 4517 3336 4569 πάλιν
3367 4513 3735 4580 ἀναγκασθεὶς
3761 4511 4016 4579 ἀρνήσει-

2430 4621 2552 4673 σθαι
2584 4619 2674 4670 τὸν
2706 4613 2966 4684 Χριστὸν,
3007 4611 3099 4663 καὶ
3143 4608 3218 4679 μὴ
3250 4606 3513 4668 πεισθεὶς,
3565 4601 3782 4672 σταυρῷ
3835 4617 4018 4669 προσ-

2429 4709 2678 4782 ηλωθεὶς,
2734 4707 2823 4759 τὸν
2877 4704 2990 4773 βίον
3029 4701 3312 4762 ἀπέλιπεν,
3349 4697 3610 4764 ὑπάρχων
3645 4693 3780 4745 ἐτῶν
3809 4693 4018 4744 ἑκατὸν

2432 4804 2626 4856 εἴκοσι.
2657 4798 2766 4852 Καὶ
2789 4796 2848 4848 τὸ
2876 4795 2972 4865 μὲν
3000 4795 3144 4863 ἱερὸν
3179 4793 3342 4861 σῶμα
3368 4788 3532 4842 αὐτοῦ
3559 4787 3708 4853 παρά
3740 4785 3848 4835 τῶν
3874 4798 4018 4848 συγ-

754 4920 922 4988 γενῶν
954 4917 1116 4972 αὑτοῦ
1163 4916 1434 4987 παρεδόθη
1483 4915 1549 4982 τῇ
1587 4912 1684 4980 γῇ·
1723 4910 1754 4979 ἠ
1797 4907 1852 4959 δέ
1884 4904 2129 4975 μακαρία
2188 4899 2354 4954 αὐτοῦ
2379 4896 2526 4967 ψυχὴ
2559 4892 2858 4948 ἀνελθοῦσα
2916 4891 2996 4952 είς
3037 4888 3334 4959 οὐρανοὺς,
3400 4881 3538 4952 μετά
3571 4880 3676 4932 τῶν
3710 4878 3880 4946 ἁγίων
3924 4880 4023 4929 εὑ-

755 5017 1041 5085 φραίνεται
1086 5011 1339 5075 αίωνίως,
1381 5011 1436 5062 ἐν
1487 5005 1706 5077 Χριστῷ
1771 5000 1946 5072 Ἰησοῦ
2004 4999 2081 5068 τῷ
2139 4998 2328 5066 Κυρίῳ
2356 4992 2538 5063 ἡμῶν.

1404 5113 1602 5167 Eodem
1634 5111 1717 5164 die

758 5236 868 5309 ω
895 5235 1334 5291 Cetnmemoralio
1357 5232 1526 5286 sancti
1558 5229 1822 5308 Eumenii,
1861 5223 2090 5293 episcopi
2131 5219 2330 5287 Gorty-

1289 5319 1390 5367 nw,
1417 5298 1800 5366 thaumaturgi.

840 5427 1138 5482 Eumenius
1200 5425 1618 5490 thaumaturgus
1691 5416 1758 5470 ab
1813 5411 2179 5468 adolescentia
2238 5422 2335 5462 sua

761 5515 1133 5575 Christianus,
1162 5527 1374 5568 summa
1411 5511 1582 5564 Deum
1616 5505 1817 5576 pietate
1864 5518 1929 5556 ac
1968 5501 2162 5555 timore
2191 5497 2324 5552 cole-

765 5609 876 5662 bat.
909 5605 1043 5661 Cum
1082 5614 1260 5658 autem
1295 5603 1446 5656 dives
1473 5607 1637 5659 esset,
1669 5596 1954 5650 facultates
1984 5607 2113 5646 suas
2145 5601 2337 5643 omnes

766 5703 820 5754 in
860 5713 1127 5770 pauperes
1164 5696 1442 5765 erogavit;
1487 5694 1600 5761 ipse
1633 5705 1761 5743 vero
1809 5694 2035 5741 cunctos
2071 5684 2192 5736 vitae
2226 5695 2339 5735 sua:

767 5793 887 5846 dies
926 5792 978 5845 in
999 5789 1225 5862 jejuniis
1280 5796 1333 5841 et
1362 5783 1704 5840 orationibus
1740 5778 2110 5847 transigebat:
2137 5771 2340 5827 adhor-

771 5885 1136 5954 tationemque
1168 5881 1314 5936 illam
1351 5877 1529 5949 magni
1562 5874 1792 5944 apostoli
1839 5868 1994 5924 Pauli
2054 5866 2342 5935 diligenter

2997 5088 3074 5157 Τῇ
3104 5083 3238 5158 αὖτῇ
3277 5084 3456 5154 ἡμέρᾳ

2437 5212 2656 5283 Μνμήη
2716 5209 2822 5263 τοῦ
2850 5279 2859 5283 _
2885 5207 3061 5260 ὁσίου
3103 5202 3420 5283 ξὺέιενίου,
3472 5197 3812 5280 ἐπισμόπου
3859 5195 4025 5265 Γορ-

2795 5279 3001 5344 τύνης,
3039 5273 3143 5342 τοῦ
3184 5269 3656 5340 θαυματουργοῦ.

2514 5401 2779 5473 Εὐμένιος
2855 5401 2883 5450 ό
2941 5392 3354 5462 θαυματουργος
3413 5389 3660 5457 ὑπῆρχεν
3715 5385 3825 5439 ἀπὸ
3891 5384 4032 5447 νέας

2441 5500 2656 5571 ἡλικίας
2679 5493 3005 5564 Χριστιανὸς
3041 5488 3293 5556 εὐλαϐὴς.
3330 5487 3422 5538 καὶ
3453 5485 3541 5537 τὸν
3569 5483 3702 5535 Θεὸν
3738 5479 4030 5550 φοϐούμε-

2441 5611 2550 5656 νος.
2598 5590 2858 5648 Πλούσιος
2890 5585 2944 5638 δὲ
2975 5583 3050 5634 ὢν
3079 5579 3457 5649 διεσκόρπιζεν
3494 5577 3572 5635 είς
3616 5577 3739 5636 τοὺς
3767 5573 4033 5640 πτωχοὺς

2443 5683 2624 5735 πάντα
2653 5679 2721 5731 τὰ
2749 5677 3064 5744 ὑπάρχοντα
3103 5670 3268 5738 αὐτῷ.
3322 5667 3491 5728 Αὑτδς
3519 5666 3572 5717 δὲ
3609 5661 3674 5732 ἦν
3721 5662 4036 5731 νηστεύων,

2445 5770 2540 5824 καὶ
2588 5765 3019 5837 προσευχόμενος
3085 5762 3258 5820 πάσας
3302 5760 3399 5819 τὰς
3460 5757 3672 5824 ἡμέρας
3729 5754 3827 5822 τῆς
3879 5752 4038 5817 ζωῆς

3168 5853 3229 5916 τί]
3310 5849 3398 5901 to?
3449 5849 3685 5914 μεγάλου
3722 5845 4037 5896 ἀποστόλου

2449 5860 2611 5916 αὐτοῦ
2641 5880 2652 5891 ·
2693 5856 2982 5926 ἐκπληρῶν
3022 5854 3112 5906 κε’.
