4164 6480
211 451 265 510 .57
1588 458 2055 521 SEPTEMBER.
3396 471 3464 533 53

205 560 405 611 Βαᾶλου
428 562 774 631 παραίνεσιν.
801 565 907 616 Καὶ
932 581 1034 631 γαρ
1067 564 1252 633 ἔχαιρε
1284 564 1423 635 μετὰ
1452 566 1761 635 χαιρόντων,

1880 571 2131 640 implens,
2171 573 2441 643 gaudebat
2472 592 2593 632 cum
2621 579 3005 646 gaudentibus,
3033 589 3089 635 et
3143 581 3303 637 ﬂebat
3337 599 3461 637 cum

202 654 284 704 καὶ
306 654 492 706 ἔκλαιε
519 655 656 723 μετά
676 655 989 708 κλαιόντων.
1020 657 1129 709 Ἀεὶ
1146 656 1203 709 δὲ
1226 657 1548 725 περιέφερεν
1580 658 1669 708 ἐπὶ
1684 657 1777 709 τοῦ

202 741 487 811 προσώπου
523 744 583 795 τὸ
617 744 875 815 δάκρυον.
919 742 1043 814 Εἶχε
1071 747 1127 797 δὲ
1165 746 1261 799 καὶ
1300 746 1458 800 τοῦτο
1502 747 1683 817 ἔργον,
1720 748 1779 800 τὸ

206 834 465 902 μηδέποτε
498 836 902 905 παραδέξασθαι
940 838 1194 907 διαϐολὴν
1233 840 1374 893 κατά
1402 856 1568 904 τινος,
1605 838 1638 908 ἦ
1674 856 1777 891 κα-

201 925 441 991 τακρῖναι
488 924 799 996 ἄνθρωπον.
851 928 987 981 Ἀλλ’
1030 931 1212 982 εἴποτε
1256 929 1345 982 καὶ
1402 930 1604 999 ἤκουσε
1636 928 1778 981 κατὰ

200 1014 480 1085 ἀνθρώπου
533 1035 586 1069 τι
639 1022 907 1088 πταῖσμα,
961 1021 1230 1088 ἐνόμιζεν,
1280 1020 1362 1073 ὅτι
1412 1020 1573 1082 αὐτὸς
1620 1018 1779 1071 τοῦτο

199 1108 434 1176 ἐποὶησε.
462 1109 561 1159 Διά
575 1107 665 1161 οὖν
684 1111 751 1162 τά
774 1110 994 1163 τοιαῦτα
1013 1111 1174 1164 αὑτοῦ
1192 1111 1592 1181 κατορθώματα
1621 1110 1775 1162 ἐκλε-

199 1201 306 1263 γείς
360 1200 513 1270 παρὰ
557 1201 651 1254 τοῦ
686 1202 889 1273 κλήρου
932 1205 1025 1257 καὶ
1059 1204 1151 1257 τοῦ
1189 1205 1342 1267 λαοῦ,
1378 1204 1771 1274 προεχειρίσθη

200 1291 491 1355 ἐπίσκοπος
524 1293 817 1362 Γορτύνης,
850 1297 946 1361 τῆς
975 1297 1209 1366 Κρητῶν
1234 1299 1421 1364 νήσου.
1462 1295 1571 1346 Καὶ
1604 1295 1775 1361 (ζήσας

199 1381 251 1430 ἐν
300 1385 367 1449 τῇ
425 1384 812 1454 ἀρχιερωσύνη
858 1386 1085 1455 χρόνους
1134 1386 1382 1449 πολλοὺς,
1437 1386 1531 1437 καὶ
1604 1385 1775 1436 πολὺν

194 1471 313 1524 λαὸν
344 1472 561 1537 διδάξας
610 1476 678 1528 τὰ
729 1476 862 1545 περὶ
906 1477 1005 1544 τῆς
1054 1477 1329 1544 βασιλείας
1370 1477 1480 1529 τῶν
1505 1476 1772 1546 οὐρανῶν,

194 1567 280 1615 καὶ
310 1563 612 1633 θαυμάτων
644 1567 857 1619 πολλῶν
890 1568 1050 1637 χάριν
1081 1569 1280 1633 λαϐὼν,
1311 1569 1607 1639 ἐκοιμήθη,
1642 1568 1773 1621 θαυ·

193 1656 516 1724 ματουογῶν
548 1660 642 1709 καὶ
677 1659 818 1727 μετά
841 1659 1074 1713 θάνατον
1102 1660 1206 1722 ἕως
1246 1660 1338 1713 τοῦ
1366 1660 1481 1715 νῦν.

759 1840 838 1909 Τῇ
870 1842 1009 1911 αὐτῇ
1039 1842 1221 1913 ἡμιέριι

281 1928 573 1993 Ἀθλησις
612 1928 720 1998 τῆς
778 1933 950 1999 ἁγίας
981 1934 1285 2001 μάρτυρος
1332 1935 1656 2003 Ἀριάδνης.

264 2018 329 2073 Ἡ
379 2021 593 2091 μάρτυς
635 2024 885 2094 Ἀριάδνη
933 2026 1179 2094 ὑπῆρχεν
1211 2027 1303 2078 ἐπὶ
1356 2027 1637 2097 Ἀδριανοῦ
1674 2032 1768 2083 καὶ

194 2113 521 2165 Ἄντωνίνου
548 2114 657 2166 τῶν
687 2114 953 2182 βασιλέων
973 2132 987 2145 ·
1030 2116 1332 2186 Χριστιανὴ
1371 2111 1489 2186 μὲν,
1520 2120 1680 2189 δούλη
1712 2121 1767 2174 δὲ

178 2204 443 2257 πλουσίου
473 2206 619 2267 τινὸς
651 2206 870 2275 πρώτου
903 2209 1001 2275 τῆς
1037 2207 1220 2277 χώρας
1245 2210 1505 2277 Φρυγίας.
1552 2213 1637 2264 Ἐν
1669 2215 1766 2283 μιᾷ

177 2298 235 2350 δὲ
266 2297 379 2349 τῶν
436 2299 686 2367 ἡμερῶν,
727 2299 1021 2366 γενεθλίων
1065 2304 1374 2368 γενομένων
1394 2304 1487 2355 τοῦ
1517 2305 1633 2356 υἱοῦ
1670 2324 1766 2357 κυ-

177 2390 293 2458 ρίου
358 2391 555 2458 αὑτῆς,
606 2392 929 2461 ἠναγκάσθη
977 2395 1034 2443 ὲν
1068 2392 1145 2463 τῷ
1199 2394 1312 2463 ναῷ
1363 2397 1472 2448 τῶν
1531 2398 1765 2449 εἰδώλων

175 2480 434 2533 ἀπελθεῖν
492 2482 611 2550 μετ’
639 2484 838 2547 αὑτῶν,
886 2486 977 2535 καὶ
1028 2488 1387 2554 συνεορτάσαι
1426 2488 1638 2549 αὐτοῖς.
1672 2489 1761 2557 Μὴ

176 2574 467 2630 πεισθεῖσα
494 2576 573 2639 δὲ,
607 2574 814 2644 sweep,
851 2576 1101 2642 άνιλεῶς,
1132 2580 1223 2629 καὶ
1258 2580 1525 2648 ενεόλήυη
1550 2584 1629 2642 εἰς
1661 2599 1761 2648 φυ-

173 2667 372 2735 λακήν.
420 2668 533 2718 Καὶ
588 2668 987 2737 ὲλιμοκτονήθη
1028 2669 1283 2737 ισχυρῶς.
1326 2667 1456 2722 Εἶτα
1510 2672 1608 2739 τῆς
1658 2690 1760 2739 φυ-

174 2759 349 2827 λακῆς
381 2759 715 2827 ἐκϐληθεῖσα
754 2762 1025 2829 παρεδόθη
1057 2760 1134 2830 τῷ
1170 2764 1265 2828 τῆς
1306 2752 1491 2831 χώρας
1520 2764 1759 2833 ἄρχοντι,

175 2852 266 2901 ἐπὶ
307 2850 392 2919 τῷ
425 2851 835 2920 τιμωρηθῆναι.
871 2852 981 2904 Καὶ
1012 2854 1100 2904 ὑπ’
1143 2856 1356 2907 ἐκείνου
1398 2856 1560 2907 πάλιν
1589 2858 1763 2924 ἀναγ-

174 2942 445 2997 κασθεῖσα
494 2942 657 2996 θῦσαι
709 2946 821 3005 τοῖς
875 2944 1133 3007 εἰδώλοις,
1184 2948 1275 2999 καὶ
1329 2949 1402 3017 μὴ
1454 2950 1760 3013 πεισθεῖσα,

174 3033 523 3102 ἐκρεμάσθη,
557 3034 650 3085 καὶ
670 3034 769 3095 τάς
797 3034 1035 3102 πλευράς
1063 3035 1278 3104 ἐξέσθη.
1331 3038 1689 3091 Ἀπολυθεῖσα
1706 3040 1761 3092 δὲ

175 3123 274 3191 τῆς
325 3124 600 3193 φυλακῆς,
658 3127 751 3179 καὶ
795 3127 1032 3197 εὑροῦσα
1068 3129 1308 3196 διωρίαν,
1354 3131 1487 3199 πρὸς
1537 3133 1597 3185 τὸ
1640 3134 1763 3202 ὅρος

172 3214 444 3285 ἐξέδραμε
507 3217 806 3284 φεύγουσα.
866 3220 1088 3281 Γνόντες
1154 3223 1209 3273 δὲ
1283 3223 1441 3275 τοῦτο
1500 3226 1547 3276 oi
1601 3242 1763 3294 στρα-

171 3304 387 3367 τιιῖιται,
429 3308 766 3362 κατεδίωκον
797 3310 965 3375 αὐτὴν
1000 3312 1138 3380 μετὰ
1178 3312 1367 3380 ξιφῶν.
1407 3317 1515 3367 Καὶ
1549 3316 1760 3381 ἰδοῦσα,

171 3397 251 3450 ὅτι
307 3396 751 3468 κατασφάξεται,
807 3400 1011 3470 ηὑξατο
1054 3405 1188 3473 πρὸς
1234 3407 1323 3456 τὸν
1384 3406 1515 3458 Θεὸν
1562 3407 1761 3476 λυτρω-

172 3488 331 3556 Θῆναι
379 3489 480 3541 ἀπ’
526 3490 727 3545 αὑτῶν.
779 3493 889 3544 Καὶ
926 3494 1239 3563 σχισθείσης
1305 3497 1535 3564 πέτρας,
1596 3514 1765 3565 προσ-

167 3577 416 3644 τάγματι
482 3578 657 3644 Θεοῦ,
722 3580 971 3650 εἰσῆλθεν
1032 3584 1089 3634 ὲν
1154 3586 1330 3654 αὐτῇ,
1385 3586 1487 3651 τῆς
1558 3588 1766 3656 πέτρας

171 3668 337 3721 πάλιν
377 3669 829 3741 ἀσφαλισθείσης,
866 3674 960 3726 καὶ
990 3676 1277 3745 κρυψάσης
1322 3678 1491 3748 αὑτὴν
1539 3678 1760 3744 ἔσωθεν,

167 3758 273 3823 ἕως
306 3759 492 3824 οὕτως
527 3761 925 3833 εὑχαριστοῦσα
955 3766 1267 3836 ἐτελειώθη.

716 3869 895 3921 MHNI
934 3870 1021 3940 Τῼ
1085 3870 1289 3941 ΑΥΤῼ.

944 3972 1022 4025 ΙΘ¹

168 4061 469 4128 Ἀθλησις
504 4058 630 4139 τῶνε
644 4061 839 4139 fis-law
858 4066 1176 4139 μαρτιξρῳγ
1207 4070 1501 4139 Τροφίμου
1524 4113 1537 4135 ,
1576 4074 1760 4139 Δορυ.

553 4130 975 4198 μέδοντοςίκαὶ
1003 4130 1355 4190 Σὲιὸὄατῗού.
1380 4130 1394 4136 ’
1524 4130 1533 4135 ⁷
1648 4130 1691 4149 ’⁷

231 4232 489 4291 Obruta!
544 4238 821 4305 μάρτυρες
878 4239 1125 4309 ὑπῆρχον
1174 4243 1267 4293 ἐπὶ
1317 4245 1415 4312 τῆς
1471 4245 1751 4314 βασιλείας

158 4333 408 4402 Πρόὸου.
436 4330 783 4398 Τελουμένου
821 4332 877 4383 δὲ
912 4334 1275 4403 ίπποδρομίου
1307 4339 1385 4400 είς
1429 4341 1759 4410 Ἀντιόχειαν

154 4424 261 4493 τῆς
288 4423 573 4485 Πισιδίας,
600 4423 935 4486 εἰσελθόντες
962 4425 1041 4487 είς
1071 4426 1131 4477 τὸ
1154 4426 1383 4496 θέατρον
1410 4433 1436 4482 ὁ
1460 4431 1756 4501 Τρόφιμος,

155 4518 255 4569 καὶ
291 4519 320 4569 ὁ
354 4517 688 4578 Σαϐὃάτιος,
720 4516 815 4568 καὶ
841 4516 1043 4580 ἰδόντες
1075 4520 1202 4581 τοὺς
1236 4521 1501 4591 ’Έλληνας
1533 4524 1759 4588 θύοντας

1882 663 2159 729 ﬂentibus,
2197 668 2495 738 oculosque
2551 672 2805 741 lacrymis
2862 688 3076 741 semper
3143 688 3465 741 conspersos

1880 761 2322 816 circumferebat.
2364 762 2498 817 Illud
2524 776 2780 833 praeterea
2836 765 3049 835 agebat,
3085 774 3145 819 ut
3189 767 3465 822 obtrecta-

1884 852 2125 907 tionibus
2169 856 2428 909 adversus
2491 857 2761 909 neminem
2799 872 2959 910 aures
3001 860 3463 925 accommodaret,

1880 960 2057 1013 neque
2089 946 2256 999 ullum
2288 948 2405 1015 ipse
2450 947 2837 1001 condemnaret
2867 966 2878 999 :
2920 948 3098 1002 imosi
3134 951 3294 1017 cujus
3324 948 3464 1004 forte

1879 1049 2158 1106 peccatum
2190 1040 2454 1104 audisset,
2513 1039 2742 1108 putabat
2801 1054 2861 1093 se
2912 1039 3063 1095 illum
3112 1041 3292 1111 ipsum
3343 1057 3464 1096 esse

1878 1130 1971 1199 qui
2013 1142 2309 1199 peccasset.
2341 1132 2421 1186 Ob
2451 1132 2563 1185 haec
2633 1132 2798 1199 igitur
2848 1140 2990 1184 recte
3046 1132 3211 1195 facta,
3254 1147 3282 1185 a
3316 1131 3463 1185 clero

1879 1226 2189 1294 populoque
2241 1225 2503 1287 delectus,
2540 1222 2797 1292 Gortyna:
2846 1223 2997 1277 urbis
3042 1223 3216 1277 Cretae
3269 1222 3464 1277 insulae

1877 1319 2167 1385 episcopus
2198 1317 2485 1369 Ordinatus
2544 1324 2645 1372 est.
2696 1314 2816 1381 Quo
2866 1315 2918 1367 in
2975 1314 3288 1382 pontilicatu
3336 1329 3461 1368 cum

1878 1407 2081 1461 multos
2114 1422 2285 1459 annos
2319 1406 2565 1465 vixisset,
2607 1406 2919 1472 multosque
2975 1403 3205 1472 populos
3251 1418 3373 1470 qua:
3395 1403 3461 1456 ad

1877 1513 2104 1567 regnum
2140 1500 2403 1551 caelorum
2460 1498 2734 1565 pertinent
2790 1496 3091 1559 docuisset,
3147 1495 3465 1562 donumque

1876 1592 2172 1647 multorum
2240 1590 2631 1643 miraculorum
2710 1590 3035 1655 accepisset.
3105 1585 3459 1652 obdormivit,

1877 1680 2157 1733 miraculis
2230 1680 2393 1732 etiam
2446 1688 2569 1748 post
2612 1688 2844 1733 mortem
2890 1674 3120 1745 insignis
3169 1690 3341 1745 usque
3403 1677 3471 1731 iu.

1876 1780 2197 1841 praesentem
2240 1772 2406 1825 diem.

2505 1860 2706 1915 Eodem
2738 1865 2824 1917 die

2053 1956 2159 2026 50
2186 1956 2463 2009 Certamen
2493 1966 2693 2009 sancta:
2724 1957 2973 2024 martyris
3010 1958 3288 2009 Ariadnes.

1945 2048 2184 2102 Ariadne
2215 2058 2416 2117 martyr
2444 2049 2628 2101 ﬂoruit
2659 2049 2899 2101 Adriano
2951 2058 3004 2102 ct
3039 2048 3313 2102 Antonino
3362 2046 3466 2101 im-

1875 2143 2243 2210 peratoribus.
2279 2143 2402 2193 Heec
2428 2140 2763 2200 Christiana.
2794 2150 2847 2193 et
2873 2140 3160 2207 cujusdam
3215 2138 3460 2208 opulenti

1878 2232 2134 2297 hominis,
2162 2234 2249 2301 qui
2309 2233 2555 2302 Phrygia:
2605 2233 2966 2301 principatum
3015 2233 3253 2296 tenebat,
3282 2247 3461 2297 serva,

1878 2326 1965 2378 die
1987 2325 2222 2391 quadam
2250 2340 2371 2377 cum
2402 2325 2493 2377 filii
2536 2325 2645 2377 beri
2681 2326 2763 2379 sui
2792 2325 2999 2378 natales
3029 2325 3458 2389 celebrarentur,

1876 2415 2226 2483 compellitur
2255 2415 2523 2467 idolorum
2559 2415 2744 2468 fanum
2784 2432 2889 2469 una
2919 2422 3044 2469 cum
3089 2415 3195 2468 illis
3221 2414 3456 2483 ingredi,

1875 2499 2187 2568 festumque
2252 2502 2393 2553 diem
2447 2517 2624 2569 agere.
2663 2503 2817 2567 Quod
2868 2518 2989 2556 cum
3037 2502 3215 2556 facere
3266 2504 3455 2569 nollet,

1873 2593 2249 2647 crudelissime
2275 2594 2499 2647 creditur
2526 2610 2537 2644 :
2568 2595 2762 2648 deinde
2788 2596 2992 2648 carceri
3032 2597 3249 2659 tradita,
3278 2596 3457 2651 inedia

1878 2697 2230 2740 maceratur:
2299 2688 2422 2740 inde
2460 2689 2677 2753 educta,
2738 2689 2802 2741 ad
2855 2688 3089 2756 regionis
3143 2688 3458 2758 prafecmm

1874 2780 2179 2844 adducitur,
2218 2789 2278 2834 ut
2322 2792 2663 2847 torqueretur
2694 2799 2707 2834 :
2737 2796 2766 2834 a
2801 2797 2910 2851 quo
2970 2783 3165 2835 iterum
3226 2782 3460 2851 impulsa

1875 2869 2033 2939 idolis
2059 2872 2391 2937 sacriﬁcare,
2434 2887 2555 2925 cum
2588 2872 2651 2925 ad
2686 2872 2734 2925 id
2782 2873 2959 2926 induci
3016 2873 3285 2941 nequiret.
3338 2888 3461 2927 sus-

1874 2963 2145 3031 penditur,
2175 2962 2309 3015 etin
2360 2964 2621 3017 lateribus
2684 2964 2967 3032 scalpitur.
3022 2964 3143 3017 Mox
3197 2965 3371 3019 soluta
3428 2980 3461 3019 e

1875 3068 2112 3114 carcere,
2140 3060 2351 3119 arrepta
2384 3053 2697 3112 occasione,
2757 3054 2822 3105 ad
2860 3062 3100 3106 montem
3158 3052 3336 3121 fugam
3376 3052 3459 3105 in-

1872 3144 2240 3209 tendit.Quod
2295 3145 2385 3197 ubi
2444 3160 2747 3213 cognovere
2774 3147 2992 3210 milites,
3044 3145 3273 3198 insecuti
3332 3161 3455 3200 cum

1872 3237 2064 3302 gladiis
2090 3252 2208 3289 eam
2238 3247 2383 3289 sunt.
2414 3237 2481 3289 At
2513 3236 2601 3288 illa
2662 3251 2784 3289 cum
2844 3236 2945 3289 sibi
3006 3236 3214 3289 nullum
3269 3244 3456 3303 patere

1868 3327 2130 3396 eﬂ‘ugium
2163 3338 2431 3389 cerneret,
2471 3328 2635 3381 Deum
2686 3328 2881 3389 oravit,
2914 3336 2974 3380 ut
3004 3329 3072 3381 ab
3108 3328 3214 3381 illis
3252 3329 3454 3382 libera-

1872 3431 2020 3472 retur
2048 3434 2059 3469 :
2101 3420 2394 3487 statimque
2425 3420 2677 3483 discissa,
2708 3420 2894 3473 divino
2935 3430 3091 3479 nutu.
3124 3431 3269 3489 petra
3308 3421 3451 3473 illam

1868 3511 2099 3577 excepit,
2139 3510 2448 3577 iterumque
2488 3511 2671 3563 clausa
2720 3519 2772 3563 et
2820 3520 3219 3579 coagmentata,
3272 3510 3451 3565 eidem

1868 3604 2072 3671 gratias
2104 3603 2283 3672 agenti
2307 3619 2369 3658 ac
2408 3603 2688 3658 decedenti
2727 3618 2825 3673 pro
2857 3603 3110 3673 sepulcro
3140 3603 3260 3658 fuit.

2398 3882 2624 3938 EODEM
2666 3883 2920 3939 MENSE.

2390 3972 2487 4028 Die
2527 3975 2738 4028 decima
2777 3992 2919 4029 nona

1866 4064 1972 4134 51
2007 4063 2285 4119 Certamen
2322 4075 2630 4120 sanctorum
2664 4078 2960 4137 martyrum
3011 4066 3302 4137 Trophimi,
3341 4068 3451 4123 Do-

2291 4139 2613 4203 rymedontis
2655 4147 2703 4190 et
2741 4136 3004 4191 Sdbbatii.

1936 4240 2003 4292 Hi
2036 4251 2301 4310 martyres
2328 4241 2656 4309 imperatore
2711 4241 2889 4297 Probo
2930 4243 3263 4298 claruerunt.
3310 4246 3447 4299 Cum

1862 4342 2041 4386 autem
2079 4332 2381 4401 spectacula
2423 4334 2473 4385 in
2506 4334 2862 4402 hippodromo
2893 4336 3195 4390 Antiochia!
3236 4335 3452 4392 Pisidia;

1864 4426 2174 4489 ederentur,
2213 4426 2444 4495 ingressi
2483 4427 2755 4480 theatrum
2798 4426 3131 4495 Trophimus
3153 4436 3205 4483 et
3238 4429 3448 4483 Sabba—

1863 4517 1993 4578 tius,
2030 4517 2387 4585 videntesque
2422 4518 2581 4570 idolis
2607 4516 2825 4572 Graecos
2856 4519 3188 4581 sacrificare,
3229 4535 3447 4575 summo

154 4613 271 4670 τοῖς
308 4609 588 4671 εἰδώλοις,
642 4608 935 4671 ἐστέναξαν
967 4611 1030 4661 ἐκ
1063 4610 1263 4680 ψυχῆς,
1308 4615 1400 4666 καὶ
1433 4610 1583 4668 εἷπον
1615 4619 1750 4688 πρδς

1869 4608 2040 4662 dolore
2083 4606 2281 4671 aﬂ'ecti,
2319 4608 2402 4661 his
2434 4609 2617 4662 verbis
2672 4610 2838 4662 Deum
2872 4611 3071 4678 precati
3132 4620 3262 4665 sunt
3296 4628 3310 4664 :
3350 4612 3447 4679 Da,

153 4700 245 4751 τὶν
276 4700 425 4752 Θεὸν
448 4714 463 4728 '
494 4698 689 4768 Κύριε,
722 4699 809 4761 δὸς
838 4703 953 4764 τοῖς
982 4702 1423 4770 πεπλανημένοις
1448 4706 1756 4776 ἀνθρώποις

150 4793 378 4854 τούτοις
415 4791 741 4843 καταλιπεῖν
775 4792 843 4845 τὰ
874 4792 1090 4858 εἴδωλα,
1126 4794 1221 4847 καὶ
1247 4796 1537 4863 γνωρίζειν
1576 4817 1636 4851 σε
1665 4802 1755 4854 τὸν

152 4885 323 4950 μόνον
386 4884 546 4944 Θεὸν,
604 4884 696 4936 καὶ
747 4885 838 4935 τὸν
898 4888 1161 4955 μονογενῆ
1214 4903 1307 4939 σου
1358 4889 1502 4949 Υἰὺν,
1558 4891 1652 4942 καὶ
1694 4893 1754 4945 τὸ

144 4976 390 5045 Πνεῦμα
424 4976 486 5027 τὸ
512 4976 687 5041 ᾰγιον.
721 4976 893 5029 Τοῦτο
914 4978 969 5029 δὲ
996 4979 1265 5040 εἰπόντες,
1292 4982 1384 5032 καὶ
1418 4983 1753 5048 γνωσθέντες

142 5069 489 5135 Χριστιανοὶ
540 5063 702 5133 εἶναι,
735 5070 1117 5140 ἐκρατήθησαν
1156 5072 1307 5140 παρὰ
1338 5073 1431 5125 τοῦ
1465 5074 1746 5144 ἄρχοντος.

141 5163 257 5213 Καὶ
294 5162 527 5229 πρῶτον
580 5161 677 5229 μὲν
716 5163 745 5213 ὁ
794 5162 1071 5232 Τρόφιμος
1114 5164 1359 5232 τυφθεὶς,
1408 5168 1501 5217 καὶ
1541 5168 1753 5233 ξεσθεὶς

139 5252 425 5321 ἐνεϐλήθη
462 5253 545 5313 είς
574 5252 842 5319 φυλακήν.
886 5249 1019 5305 Εἶτα
1051 5254 1192 5323 ἢχθη
1228 5256 1323 5306 καὶ
1368 5257 1396 5306 ό
1429 5257 1750 5324 Σαϐϐάτιος,

140 5344 243 5395 καὶ
260 5344 358 5396 τὸν
379 5344 626 5411 Χριστὸν
656 5343 1024 5413 ὁμολογήσας.
1050 5344 1479 5415 βασανιζόμενος
1512 5352 1605 5401 καὶ
1638 5350 1753 5413 £56-

144 5452 316 5499 μενος
344 5434 645 5504 παρέδωκε
676 5435 735 5486 τὸ
758 5433 995 5503 πνεῦμα.
1016 5437 1169 5488 Μετὰ
1196 5436 1253 5488 δὲ
1274 5436 1445 5489 ταῦτα
1465 5438 1751 5506 ἐκϐληθεὶς

138 5526 243 5593 τῆς
264 5526 529 5593 φυλακῆς
547 5527 574 5577 ὁ
594 5525 893 5595 Τρόφιμος,
911 5527 1004 5578 καὶ
1028 5526 1311 5589 ὑποδεθε“ις
1331 5528 1499 5596 ὑτοδη
1510 5547 1652 5595 ματα
1677 5547 1755 5579 σι-

136 5618 311 5683 arpi,
336 5617 631 5687 ἀπεστάλη
660 5618 736 5685 τῷ
756 5618 977 5686 ἄρχοντι
1002 5619 1100 5687 τῆς
1119 5618 1228 5670 τῶν
1249 5620 1498 5672 Συνάδων
1520 5622 1746 5682 πόλεως.

142 5710 259 5761 Καὶ
292 5711 393 5763 ὑπ’
426 5709 650 5761 ἐκείνου
677 5710 1015 5779 τιμωρηθεὶς
1045 5712 1403 5780 ἀπεκλείσθη.
1422 5712 1481 5763 '0
1498 5714 1551 5763 δὲ
1577 5715 1745 5781 Δορυ-

147 5802 334 5865 μέδων
354 5801 618 5856 ἀπελθὼν
642 5803 781 5871 πρὸς
797 5802 889 5855 τὸν
912 5804 1214 5875 Τρόφιμον,
1240 5804 1459 5870 ἐγένετο
1480 5805 1519 5855 Χ
1534 5821 1744 5871 ριστια-

148 5893 257 5957 τός.
295 5896 412 5950 Καὶ
448 5894 799 5965 γνωσθέντες
858 5894 1378 5965 άπεκεφαλίσθησαν
1422 5897 1743 5966 necessest.

1867 4699 2117 4762 Domine,
2161 4699 2477 4753 errantibus
2547 4699 2667 4753 istis
2725 4700 3063 4767 hominibus,
3114 4709 3190 4766 ut,
3246 4702 3449 4757 relictis

1865 4792 2048 4857 idolis,
2077 4793 2376 4862 agnoscant
2399 4802 2448 4845 te
2476 4793 2650 4846 solum
2693 4792 2884 4857 Deum,
2914 4802 2967 4845 et
2998 4792 3332 4862 unigenitum
3362 4793 3451 4847 Fi-

1861 4883 1993 4937 lium
2026 4894 2199 4947 tuum,
2229 4894 2550 4937 ctsauctum
2600 4882 2889 4952 Spiritum.
2928 4884 3053 4939 Haec
3100 4900 3222 4938 cum
3273 4884 3447 4939 dixis-

1860 4985 1999 5040 sent,
2034 4977 2235 5044 cogniti
2267 4975 2468 5029 Christi
2488 4976 2880 5039 cultorescsse,
2908 4977 3448 5045 comprehenduntur

1861 5084 1890 5121 a
1924 5068 2169 5135 praeside.
2212 5069 2277 5121 Et
2334 5070 2569 5137 primum
2615 5070 2831 5138 quidem
2888 5068 3223 5136 Trophimus
3272 5084 3447 5123 caesus

1855 5162 2222 5229 scalptusque.
2256 5162 2306 5214 in
2370 5162 2674 5216 custodiam
2730 5162 3039 5231 conjicitur.
3070 5162 3259 5217 Postea
3316 5178 3444 5216 vero

1857 5252 2157 5321 productus
2192 5261 2244 5305 et
2293 5254 2607 5316 Sabbatius,
2666 5269 2787 5307 cum
2835 5253 3113 5307 Christum
3150 5254 3434 5322 professus

1856 5342 2074 5403 fuisset.
2099 5346 2447 5399 excruciatus
2499 5346 2929 5414 dilauiatusque,
2980 5348 3235 5414 spiritqu
3272 5346 3443 5400 trudi-

1854 5436 1954 5488 dit.
1984 5434 2111 5488 Post
2148 5437 2261 5489 lucc
2322 5435 2653 5502 Trophimus
2693 5452 2722 5490 e
2782 5452 3001 5490 carcere
3040 5438 3291 5497 educttts.
3332 5437 3443 5491 fer-

1857 5530 2074 5597 reisque
2103 5529 2487 5581 calceamentis
2514 5528 2761 5591 indutus,
2792 5530 3021 5583 mittitur
3046 5531 3111 5582 ad
3145 5531 3297 5584 urbis
3338 5528 3440 5601 Sy-

1853 5620 2118 5670 nadorum
2175 5618 2482 5686 praesidem,
2512 5634 2539 5671 a
2578 5634 2685 5685 quo
2718 5618 2880 5670 etiam
2913 5628 3107 5683 tortus,
3175 5621 3441 5676 custodia:

1851 5711 2100 5763 traditur.
2132 5710 2275 5763 Adiit
2311 5720 2490 5762 autem
2505 5708 2860 5777 Trophimutn
2891 5709 3257 5778 Dorymedon,
3290 5720 3345 5764 et
3364 5727 3434 5766 ex

1848 5804 1966 5868 ejus
1989 5819 2285 5873 congressu
2310 5802 2658 5857 Christianus
2684 5802 2859 5859 factus
2884 5812 2982 5859 est.
3008 5803 3226 5875 Cogniti
3272 5802 3439 5873 igitur

1856 5896 2016 5949 ambo
2040 5896 2288 5949 decollati
2316 5904 2459 5948 sunt.
