4154 6504
142 422 225 487 ἓόζὶ
1518 414 1943 479 DECEMBER.

1715 534 1763 589 Α

621 531 800 585 MHNI
836 530 925 601 τᾳ
960 529 1166 599 arm.

825 618 934 673 ΚΘ’

148 719 205 773 Ἥ
227 717 530 784 ἀναᾲιεσις
557 712 675 767 τῶν
703 713 772 766 ἐν
798 710 874 779 τῇ
906 711 1182 783 Βηθλεέμ
1210 712 1395 782 ἁγίων
1430 714 1681 781 νηπίων.

198 833 500 902 Προστάξας
522 834 550 885 6
581 830 836 901 βασιλεὺς
860 829 969 884 τῶν
1004 828 1273 886 Ἰουδαίων
1289 827 1537 901 Ἡρώδης
1566 832 1681 893 τοῖς

140 928 337 995 Μάγοις,
402 928 497 979 τοῦ
552 925 915 996 ὑποστρέψαι,
970 926 1064 979 καὶ
1112 922 1485 993 διαναγγείλαι
1538 922 1687 992 αὐτῷ

140 1022 243 1089 περὶ
273 1021 362 1072 τοῦ
397 1018 754 1087 γεννηθέντος
787 1018 1078 1088 βασιλέως,
1103 1017 1160 1071 ὃν
1192 1008 1219 1069 6
1248 1016 1445 1087 ἀστὴρ,
1481 1010 1525 1084 ᾧ
1558 1016 1687 1085 ηκο-

138 1112 352 1172 λούῡουν,
393 1112 654 1182 ἐμήνυεν,
704 1112 852 1173 ὅπως
902 1111 999 1164 σὺν
1052 1109 1284 1171 ἐκείνοις
1333 1108 1688 1178 προσκυνήσῃ

140 1202 281 1270 αὐτῷ,
314 1202 426 1254 Καὶ
470 1201 567 1253 τοῦ
618 1202 854 1268 ἀγγέλου
908 1200 1157 1264 εἰπόντος
1202 1201 1409 1264 αὐτοῖς,
1446 1198 1519 1270 μὴ
1560 1199 1689 1251 ἀνα-

140 1292 329 1359 κάμψαι
366 1292 507 1361 πρὸς
551 1291 821 1361 Ἡρώδην,
851 1290 990 1344 ἀλλὰ
1028 1291 1095 1345 δι’
1125 1290 1295 1360 ἄλλης
1323 1289 1443 1343 ὁδοῦ
1474 1292 1687 1359 ἀναχω-

142 1384 282 1451 ρῆσαι
309 1386 390 1445 είς
432 1383 530 1452 τὴν
562 1382 748 1453 χώραν
764 1382 946 1436 αὐτῶν
966 1400 980 1413 ’
1009 1382 1104 1437 καὶ
1128 1382 1289 1436 τοῦτο
1322 1380 1687 1452 ποιησάντων,

143 1476 259 1537 ἰδὼν,
309 1477 389 1528 ὅτι
430 1476 728 1546 ἐνεπαίχθη
795 1475 887 1528 ὐπ’
935 1476 1137 1539 αὐτῶν,
1195 1473 1533 1546 ἐπικράνθη·
1595 1473 1689 1527 καὶ

140 1567 414 1635 ὲπξηφὶσατο
446 1568 690 1636 ἀκριϐῶς
719 1569 809 1619 τὸν
835 1568 1029 1637 χρόνον
1053 1565 1148 1620 τοῦ
1169 1566 1497 1637 φαινομένου
1527 1566 1689 1619 ἀστέ-

142 1676 231 1727 ρος.
268 1660 366 1711 Καὶ
398 1658 733 1721 ἀποστείλας
775 1657 1139 1729 στρατιώτας,
1186 1659 1446 1727 ἐφόνευσε
1484 1659 1688 1722 πάντας

139 1752 241 1811 τοὺς
269 1751 461 1811 παῖδας
489 1750 616 1812 τοὺς
654 1751 712 1804 ὲν
755 1750 1025 1822 Βηθλεὲμ,
1060 1751 1171 1805 άπὸ
1200 1749 1429 1815 διετοῦς,
1462 1751 1560 1804 καὶ
1590 1768 1691 1804 κα-

3264 413 3371 478 234

2326 522 2555 579 EODEM
2618 520 2871 579 MENSE.

2290 615 2387 672 Die
2420 618 2677 674 vicesima
2709 632 2851 671 nona

1912 710 2025 782 66
2056 708 2238 766 dees
2272 718 2575 763 sanctorum
2606 712 2893 781 infantium
2933 708 3251 769 Bethlchent.

1863 823 1999 879 Cum
2052 823 2293 879 Herodes
2331 821 2643 877 Jndaeornm
2670 839 2763 877 rex
2806 822 2979 894 Magis
3026 826 3378 896 praecepisSct

1793 900 1852 969 ut
1877 914 2132 981 redirem,
2156 925 2209 968 et
2242 914 2618 969 renuntiarent
2648 914 2752 969 sibi
2785 914 2852 969 de
2872 922 3002 969 nato
3027 930 3173 986 rege,
3213 930 3378 987 quem

1793 1008 1959 1066 Stella
2008 1007 2120 1074 illa,
2176 1024 2339 1078 quam
2396 1008 2788 1078 sequebantur,
2848 1017 3272 1076 monstraverat,
3320 1019 3383 1065 ut

1789 1102 1908 1174 ipse
1981 1119 2104 1158 cum
2188 1104 2253 1156 iis
2324 1103 2575 1158 adoraret
2635 1117 2794 1169 eum;
2851 1116 3088 1172 cumque
3152 1102 3382 1172 angelus

1792 1195 2023 1251 dixisset
2060 1196 2162 1260 eis,
2192 1211 2260 1249 ne
2289 1203 2694 1249 reverterentur
2727 1195 2795 1249 ad
2829 1192 3124 1259 Herodem,
3153 1194 3249 1250 sed
3284 1208 3382 1264 per

1793 1288 1958 1343 aliam
2008 1285 2153 1340 viam
2211 1287 2351 1340 irent
2400 1286 2454 1340 in
2522 1287 2797 1356 regionem
2852 1302 3031 1354 suam,
3060 1288 3227 1358 idque
3278 1288 3379 1358 ipsi

1792 1377 2084 1444 fecissent;
2118 1376 2308 1431 videns
2355 1376 2466 1441 ille,
2500 1378 2647 1447 quod
2697 1376 2894 1433 irrisus
2946 1376 3143 1434 fuisset
3178 1379 3249 1435 ab
3274 1378 3382 1442 eis,

1794 1471 1875 1526 ira
1934 1472 2230 1526 excanduit
2279 1492 2291 1524 :
2343 1481 2399 1527 et
2462 1470 2757 1542 exquirens
2809 1471 3096 1541 diligenter
3143 1482 3383 1540 tempus,

1792 1579 1903 1635 quo
1962 1563 2127 1619 Stella
2186 1575 2536 1635 apparuerat,
2566 1565 2753 1621 missis
2805 1564 3072 1620 militibus
3108 1563 3383 1619 interfecit

1794 1671 1987 1712 omnes
2046 1671 2249 1727 pueros
2304 1656 2618 1710 Bethlehem
2668 1670 2697 1709 a
2749 1654 2959 1709 bimatu
3007 1664 3062 1709 et
3122 1653 3286 1721 infra,
3312 1669 3382 1710 eo

1794 1747 2044 1814 consilio,
2077 1758 2140 1802 ut
2192 1752 2405 1802 caeteris
2451 1746 2795 1817 interemptis
2846 1746 3035 1816 pueris
3075 1736 3129 1802 is
3157 1760 3383 1815 quoque

142 1842 358 1908 τωτέρω.
392 1842 569 1894 Τοῦτο
596 1842 826 1912 θέμενος
860 1844 917 1895 ὲν
942 1845 1009 1913 τῇ
1031 1842 1265 1914 διανοίᾳ,
1288 1843 1370 1895 ὅτι
1406 1843 1453 1894 εί
1485 1841 1692 1904 πάντας

1797 1838 2263 1909 exstingueretur,
2292 1838 2382 1906 qui
2421 1847 2750 1907 regnaturus
2787 1846 2928 1903 erat,
2957 1847 3059 1891 nec
3083 1836 3190 1893 sibi
3241 1836 3381 1893 insi-

137 1934 240 1995 τοὺς
270 1936 459 1997 παῖδας
490 1934 763 2003 φονεύσει,
790 1935 1008 1997 πάντως
1038 1933 1391 1989 ἀποθανεῖται
1420 1934 1450 1988 6
1482 1933 1692 2004 μέλλων

140 2026 453 2094 ξισιλεῦσαι,
489 2027 584 2081 καὶ
629 2030 731 2081 οὐκ
780 2028 1162 2082 ἑπιὸουλεύσει
1201 2026 1371 2097 αὐτῷ.
1442 2027 1583 2085 Ἀλλ’
1611 2028 1692 2094 είς

142 2120 291 2189 μάτην
322 2122 613 2175 ἐκοπίασεν
662 2122 690 2172 6
725 2123 1032 2194 παράφρων
1057 2140 1071 2154 ·
1112 2121 1187 2193 μὴ
1229 2120 1404 2187 εἰδὼς,
1448 2122 1531 2175 ὅτι
1555 2122 1691 2176 Θεοῦ

140 2210 273 2282 βουλῇ
300 2214 589 2284 ἄνθρωπος
606 2216 897 2285 ἐμποδίσαι
919 2216 981 2269 οὐ
1007 2215 1253 2270 δύναται.
1277 2214 1439 2269 Ὅθεν
1459 2213 1691 2276 ἐκείνοις

141 2304 218 2371 μὲν
246 2306 574 2375 προεξενησε
608 2308 890 2377 βασιλείαν
921 2309 1186 2381 οὐρανῶν,
1221 2307 1402 2378 ἑαυτῷ
1439 2308 1496 2361 δὲ
1532 2305 1692 2360 κόλα-

136 2414 202 2450 σιν
226 2398 450 2453 αἰώνιον.

640 2512 719 2581 Τῇ
757 2512 895 2582 αὐτῇ
922 2512 1111 2582 ἡμέριι

140 2599 320 2668 Briau;
351 2602 460 2655 τοῦ
511 2604 688 2672 ὀσιξου
722 2603 951 2672 Πατρός
982 2601 1154 2670 ἡμῶν
1194 2601 1550 2670 Μαρκέλλου
1585 2619 1690 2672 μο-

556 2669 670 2739 νῆς
698 2671 821 2725 τῶν
859 2669 1243 2741 Ἀκοιμήτων.

191 2775 345 2844 Οὗτος
378 2783 407 2834 6
444 2783 596 2846 ὅσιος
626 2783 817 2854 Πατὴρ
854 2782 1013 2853 ἡμῶν
1047 2781 1393 2852 Μάρκελλος,
1441 2783 1689 2855 ὑπῆρχεν

135 2871 185 2922 ἐκ
233 2872 436 2936 πᾶλεως
498 2872 810 2944 ’Δπαμείας
871 2875 970 2944 τῆς
1032 2876 1275 2946 Συρίας·
1315 2874 1425 2929 ἀπὸ
1477 2876 1688 2943 ἐνδόξου

136 2963 299 3026 γένους
344 2967 441 3018 καὶ
478 2965 839 3035 περιφανοῦς.
879 2966 1094 3035 Ἔμαθε
1152 2967 1209 3021 δὲ
1262 2970 1442 3022 πᾶσαν
1489 2968 1689 3037 γνῶσιν

133 3057 207 3104 καὶ
242 3058 575 3127 ἐπιστήμην.
611 3053 745 3111 Εἶτα
776 3058 1036 3111 κατέλιπε
1069 3059 1163 3112 τόν
1202 3058 1430 3129 κόσμον,
1474 3058 1567 3112 καὶ
1596 3059 1688 3111 τὶν

132 3140 254 3197 οἷκον
276 3148 363 3198 τὶν
414 3150 712 3215 πατρικὸν,
762 3149 861 3201 καὶ
907 3150 1243 3221 παρεγένετο
1291 3152 1371 3213 είς
1426 3152 1681 3220 Ἔφεσον.
1713 3184 1757 3243 C

133 3235 220 3287 Καὶ
264 3239 339 3301 είς
390 3241 767 3310 μοναστήριον
816 3239 1095 3305 εἰσελθὼν,
1160 3239 1341 3303 καλῶς
1393 3241 1677 3309 ὲμόνασεν.

132 3319 240 3377 Εῗτα
288 3330 626 3397 παρεγένετο
667 3328 805 3399 πρὸς
841 3329 933 3383 τὸν
961 3331 1104 3384 ὅσιον
1164 3329 1513 3400 Ἀλέξανδρον
1554 3330 1683 3384 ὄντα

129 3417 178 3465 ἐν
202 3421 257 3486 τῇ
284 3423 415 3488 μονῇ
449 3419 563 3471 τῶν
596 3420 957 3490 Ἀκοιμήτων,
989 3420 1178 3491 μαθὼν
1208 3422 1338 3492 περὶ
1368 3422 1466 3491 τῆς
1499 3422 1682 3477 ἐνθέου

128 3509 205 3560 1:1".
235 3510 434 3578 ὑψηλῆς
467 3509 646 3562 αὐτοῦ
690 3512 915 3581 ἀρετῆς.
953 3513 1064 3567 Καὶ
1092 3512 1151 3565 ἐν
1193 3515 1258 3582 τῇ
1284 3512 1510 3585 τοιαύτῃ
1546 3516 1679 3585 μονῇ

126 3598 202 3665 τὴν
227 3600 497 3671 διαγωγὴν
547 3604 941 3670 ποιησάμενος,
978 3603 1071 3657 καὶ
1105 3606 1313 3665 πάντας
1360 3603 1682 3673 ὑπερϐαλὼν

127 3688 192 3749 εἰς
234 3692 451 3761 ἀρετὴν,
502 3695 645 3758 μετὰ
694 3693 785 3744 τὸν
840 3694 1071 3747 θάνατον
1147 3694 1523 3765 Ἀλεξάνδρου,
1587 3694 1682 3747 καὶ

134 3779 357 3836 Ἰακὼὅου
397 3785 497 3837 τοῦ
570 3784 711 3855 μετά
783 3786 1129 3857 Ἀλέξανδρον
1187 3786 1677 3857 ἡγεμονεύσαντος,

126 3872 310 3938 ἐγένετο
336 3879 674 3948 ἡγούμενος.
707 3880 975 3932 Τοσοῦτον
1003 3879 1057 3932 δὲ
1090 3880 1399 3949 ἠγωνίσατο
1440 3881 1518 3942 είς
1548 3881 1682 3947 ἀρε·

125 3963 219 4033 τὴν.
254 3968 324 4031 ὡς
353 3972 450 4021 καὶ
477 3970 736 4040 χάρισμα
767 3971 1210 4041 θαυματουργίας
1237 3970 1493 4034 δέξασθαι
1530 3970 1683 4039 παρὰ

123 4051 231 4107 Θεοῦ
252 4075 265 4087 ·
302 4060 439 4113 ἀλλὰ
469 4062 573 4113 καὶ
612 4062 1123 4128 προφητείας·ὃθεν
1155 4061 1365 4116 πολλῶν
1386 4060 1682 4129 θαυμάτων

124 4149 182 4216 τῷ
206 4152 309 4223 λαῷ
341 4154 529 4224 τίμιος
570 4158 785 4223 φανεὶς,
818 4160 875 4209 ἐν
902 4158 1094 4228 εἰρήνῃ
1114 4156 1425 4225 ἐτελειώθη.

610 4264 790 4318 MllNl
843 4265 929 4335 To
963 4265 1163 4336 ΑΥΤῼ.

855 4355 912 4407 Α,

238 4448 526 4516 Ἀθλησις
564 4445 674 4513 τῆς
705 4446 877 4515 ἁγίας
896 4448 1199 4517 μάρτυρος
1228 4449 1536 4517 Ἀνυσιας.

185 4551 236 4605 ἹΙ
263 4556 387 4622 ἁγία.
420 4558 646 4627 μάρτυς
688 4557 907 4609 Ἀνυσία
938 4557 1186 4626 ὑπῆρχεν
1211 4558 1304 4609 ἐπὶ
1328 4556 1673 4629 Μαξιμιανοῦ

124 4632 348 4703 βασιλέως
399 4645 465 4694 ἐκ
506 4642 727 4704 πόλεως
769 4643 1195 4714 Θεσσαλονίκης,
1232 4649 1410 4713 γονεῖς
1476 4648 1676 4717 ἔχουσα

121 4727 349 4793 εὐσεϐεῖς,
384 4734 481 4786 καὶ
507 4733 749 4796 πιστοὺς
778 4734 873 4787 καὶ
903 4735 1215 4800 πλουσίους.
1260 4738 1419 4791 Ἀλλὰ
1450 4740 1675 4791 ἐκείνων

122 4816 486 4887 ἀποθανόντων,
516 4821 831 4894 ὑπελείφθη
862 4825 895 4893 ή
925 4826 1057 4895 άγία
1085 4829 1420 4898 καταμόνας,
1445 4828 1531 4882 διὰ
1556 4828 1672 4899 βίου

123 4914 196 4963 καὶ
221 4915 465 4984 πράξεως
496 4915 913 4985 εὐχαριστοῦσα
939 4919 1017 4987 τῷ
1056 4918 1197 4989 Θεῷ.
1235 4920 1324 4972 Ἐν
1355 4922 1455 4991 μιᾷ
1479 4920 1536 4972 δὲ
1565 4921 1673 4974 τῶν

123 5003 326 5075 ἡμερῶν,
359 5009 509 5063 κατὰ
539 5008 607 5061 τὸ
642 5007 787 5072 ἔθος,
823 5009 1175 5081 ἀπερχομένη
1225 5012 1306 5074 είς
1334 5012 1435 5084 τὴν
1473 5014 1676 5083 ἐκκλη-

124 5098 236 5158 σίαν,
264 5102 612 5171 συνήντησεν
642 5099 781 5169 αὐτῇ
826 5101 1167 5173 στρατιώτης
1194 5121 1277 5169 τις
1305 5103 1415 5158 τῶν
1444 5104 1677 5157 εἰδώλων

123 5193 487 5264 προσκυνητής.
576 5191 695 5243 Καὶ
770 5195 1055 5263 κρατήσας
1107 5196 1312 5266 αὐτὴν,
1366 5197 1677 5265 ἠνάγκαζεν

122 5276 353 5347 ἀπελθεῖν,
374 5286 474 5336 καὶ
499 5282 680 5336 θῦσαι
719 5286 830 5347 τοῖς
858 5284 1097 5349 εἰδώλοις
1118 5302 1132 5315 '
1160 5286 1236 5350 ὠς
1272 5288 1327 5341 δὲ
1359 5290 1459 5342 οὐκ
1492 5289 1674 5344 ἔπεισε

123 5369 197 5439 τὴν
228 5374 399 5442 ἁγίαν,
436 5374 694 5447 ἰσχυρῶς
746 5376 1135 5450 ἀντεχομένην,
1188 5382 1282 5433 καὶ
1318 5381 1675 5452 ὲμπτύσασαν

125 5463 182 5523 εἰς
200 5464 249 5515 τὸ
280 5469 587 5537 πρόσωπον
625 5467 822 5535 αὐτοῦ,
872 5469 1167 5540 θυμωθεὶς,
1201 5473 1341 5526 κατὰ
1374 5475 1473 5545 τῆς
1508 5476 1675 5528 πλευ-

126 5556 199 5622 ρᾶς
223 5562 374 5629 αὐτῆς
396 5560 686 5615 διελαύνει
716 5562 777 5613 τὸ
811 5562 1060 5619 σπαθὶον.
1102 5568 1212 5620 Καὶ
1258 5568 1526 5639 δεξαμένη
1574 5570 1673 5641 τὴν

127 5644 349 5704 ἐπώδυνον
377 5655 473 5706 καὶ
500 5651 728 5721 πικράν
756 5655 965 5725 ταύτην
983 5657 1198 5729 πληγὴν
1225 5661 1257 5729 ἡ
1290 5661 1439 5730 ἁγία,
1468 5662 1671 5728 εὐθέως

1795 1934 1914 1989 dias
1982 1944 2237 1990 strueret.
2311 1932 2415 1987 Sed
2496 1930 2701 1987 frustra
2774 1930 3046 1986 laboravit
3113 1931 3379 1997 insanus,

1796 2022 2051 2077 nesciens
2104 2022 2346 2078 divinum
2395 2022 2684 2077 consilium
2737 2020 2807 2077 ab
2862 2022 3085 2078 homine
3127 2022 3381 2093 impediri

1795 2126 1905 2168 non
1933 2128 2110 2183 posse.
2136 2111 2316 2180 Quare
2354 2114 2462 2167 illis
2498 2112 2718 2184 quidem
2752 2112 2975 2170 cmleste
2998 2113 3384 2185 regnum,ipse

1795 2219 1929 2261 vero
1956 2205 2062 2263 sibi
2093 2214 2298 2262 aeterna
2320 2207 2586 2277 supplicia
2617 2207 2974 2277 comparavit.

2401 2506 2603 2561 Eodem
2632 2507 2720 2561 ilic

1793 2599 1901 2670 67
1958 2597 2401 2670 Commemoratio
2450 2601 2622 2652 sancti
2666 2601 2849 2654 Patris
2910 2602 3080 2656 nostri
3136 2601 3380 2658 Marulli

2085 2668 2291 2722 abbatis
2340 2673 2645 2723 monasterii
2678 2674 3080 2727 Actemetarum.

1868 2777 2103 2832 Sanctus
2132 2774 2294 2830 Pater
2325 2786 2512 2832 noster
2544 2778 2834 2833 Marcellus
2858 2780 3110 2849 Apamea!
3136 2781 3185 2835 in
3219 2779 3377 2851 Syria

1793 2870 2024 2924 honesto
2063 2877 2117 2922 et
2169 2870 2369 2923 illustri
2418 2886 2615 2941 genere
2669 2879 2856 2937 natus,
2906 2882 3070 2941 atque
3121 2872 3380 2930 omnibus

1794 2959 2037 3013 scientiis
2076 2960 2397 3024 instructus,
2440 2960 2646 3013 mundo
2694 2970 3030 3032 paternaque
3064 2962 3230 3017 domo
3284 2978 3382 3018 va-

1792 3048 1903 3103 lere
1928 3049 2413 3120 jussis,Ephrsum
2448 3050 2747 3119 profectus,
2777 3051 2829 3104 in
2862 3052 3260 3108 monasterium
3291 3070 3380 3109 se-

1792 3155 1851 3196 se
1887 3142 2108 3210 recepit,
2127 3151 2183 3196 et
2210 3144 2570 3196 monasticam
2595 3142 2759 3196 vitam
2785 3144 3071 3212 amplexus
3101 3153 3204 3200 est.
3231 3142 3373 3201 Tum

1792 3242 2040 3287 sanctum
2074 3233 2443 3287 Alexandrum
2495 3234 2628 3289 adiit
2674 3236 2727 3289 in
2763 3237 3097 3292 monasterio
3129 3238 3381 3294 Acmmc—

1793 3333 1971 3377 tarum
2003 3334 2274 3395 agentem,
2317 3325 2475 3391 rnjus
2505 3326 2811 3381 sanctitatis
2860 3327 3004 3381 lanna
3052 3328 3381 3397 percrebue-

1792 3423 1877 3468 rat
1931 3433 1943 3469 :
1996 3416 2050 3469 in
2115 3431 2290 3486 eoque
2348 3420 2676 3474 monasterio
2740 3427 3016 3487 versatus,
3075 3423 3376 3478 monachos

1791 3520 1981 3562 omnes
2026 3508 2318 3564 virtutibus
2373 3512 2685 3565 antecelluit
2726 3530 2737 3564 τ
2776 3512 2868 3566 ubi
2914 3522 3038 3583 post
3079 3512 3376 3570 Alexandtl

1790 3599 2017 3682 ejusque
2069 3604 2407 3659 successoris
2444 3602 2631 3659 Jacobi
2676 3606 2886 3661 obitum
2933 3606 3103 3663 abbas
3142 3607 3376 3673 electus,

1790 3709 1853 3748 ea
1905 3696 2256 3750 contentione
2306 3700 2535 3752 virtutes
2592 3700 2850 3765 excoluit,
2887 3706 2946 3753 ut
2979 3709 3032 3755 et
3074 3700 3377 3757 miraculo-

1790 3800 1935 3850 rum,
1964 3795 2019 3841 et
2066 3788 2366 3857 proulietia:
2408 3791 2613 3845 donum
2649 3808 2678 3845 a
2718 3791 2831 3847 Deo
2871 3795 3164 3864 acceperit.
3191 3796 3375 3861 Quare.

1791 3877 1979 3933 multis
2006 3880 2235 3948 patratis
2266 3882 2549 3952 prodlgiis,
2588 3885 3028 3955 imperatoribus,
3061 3889 3377 3961 populoque

1790 3969 2049 4026 universo
2076 3971 2438 4038 honorabilis,
2468 3975 2522 4028 in
2554 3992 2687 4045 pace
2711 3978 2967 4034 decessit.

1739 4060 2147 4131 ἐπιδειξάμενος
2170 4062 2421 4133 δύναμιν,
2444 4067 2538 4119 καὶ
2596 4070 2708 4132 τοῖς
2768 4069 3069 4138 βασιλεῦσι,
3091 4072 3187 4127 καὶ
3210 4074 3375 4127 παντὶ

2324 4267 2557 4324 EODEM
2602 4271 2859 4328 MENSE.

2362 4362 2454 4415 Dic
2507 4363 2782 4419 tricesima

1956 4444 2086 4519 68‘
2106 4448 2383 4505 Certamen
2414 4466 2616 4508 sancta:
2651 4456 2902 4524 martyris
2932 4455 3167 4527 Anysiw.

1856 4554 2059 4614 Sancta
2115 4569 2324 4631 martyr
2374 4564 2598 4633 Anysin,
2634 4564 2963 4621 Maximiano
3015 4567 3367 4637 imperatore,

1781 4665 1847 4705 ex
1896 4652 2033 4706 urbe
2082 4651 2495 4721 Thessalonica,
2529 4659 2654 4726 piis,
2693 4659 2962 4727 tilelibus,
2993 4660 3369 4731 divitibusque

1779 4743 2099 4812 parentibus
2131 4754 2277 4810 nata,
2311 4758 2434 4816 post
2466 4749 2679 4802 illorum
2711 4752 2916 4804 obitum
2945 4753 3061 4806 sola
3085 4753 3366 4817 derelicta.

1778 4835 1888 4889 vita
1932 4836 2289 4917 moribusque
2340 4838 2452 4894 Deo
2492 4842 2695 4910 gratias
2735 4844 2947 4913 agebat.
2980 4841 3229 4911 Quadam
3264 4860 3368 4901 au-

1779 4934 1888 4980 tem
1929 4927 2039 4991 die,
2065 4944 2190 4983 cum
2221 4933 2287 4983 de
2328 4947 2480 4986 more
2506 4936 2793 4989 ecclesiam
2838 4936 3035 5003 adiret,
3064 4937 3282 4992 obviam
3313 4939 3367 4995 ei

1789 5017 1967 5075 factus
1995 5022 2151 5075 miles
2185 5022 2454 5077 idolorum
2480 5027 2678 5090 cultor,
2721 5031 3172 5093 comprehensam
3217 5045 3370 5086 com-

1782 5112 2019 5181 pellebat
2071 5113 2246 5180 abire,
2285 5115 2554 5186 idolisque
2606 5119 2933 5176 sacriﬁcare.
2984 5120 3364 5177 lteluctanteni

1781 5217 1929 5268 vero,
1961 5213 2016 5257 et
2041 5204 2095 5258 in
2127 5204 2247 5274 ejus
2288 5223 2349 5261 os
2395 5218 2809 5278 conspuentein,
2852 5210 3026 5265 iratus
3058 5211 3214 5271 miles
3254 5221 3366 5267 tra-

1777 5296 1937 5366 jectis
1962 5298 2141 5367 gladio
2174 5300 2457 5365 lateribus,
2493 5302 2755 5373 gravique
2790 5304 2995 5360 inﬂicto
3045 5305 3270 5359 vulnere
3305 5305 3360 5360 in

1783 5396 1983 5441 terram
2038 5387 2255 5460 dejecit.
2287 5390 2353 5444 At
2405 5391 2495 5445 illa
2546 5392 2627 5447 sic
2681 5393 2911 5462 deiecta,
2956 5393 3125 5448 Deum
3177 5407 3361 5454 orare.

1778 5481 1939 5552 eique
1966 5484 2172 5552 gratias
2206 5499 2365 5554 agere
2416 5502 2523 5539 non
2569 5488 2818 5543 cessabat
2852 5507 2865 5543 :
2904 5497 3069 5559 atque
3114 5490 3261 5544 hunc
3305 5489 3360 5544 in

1779 5574 2002 5628 modum
2038 5589 2135 5645 per
2165 5576 2347 5646 plures
2383 5578 2546 5635 horas
2578 5580 2804 5647 faciens,
2844 5581 3096 5652 spiritum
3124 5581 3363 5638 Domino

1776 5665 2018 5721 tradidit.

128 5733 276 5840 ἔτεσιν
305 5742 393 5794 ἐπὶ
422 5745 527 5811 τὴν
568 5742 709 5811 γῆν.
752 5741 912 5840 Ἀλλὰ
940 5746 1033 5798 καὶ
1071 5747 1332 5817 πεσοῦσα,
1395 5753 1496 5820 τῆς
1546 5752 1683 5822 πρὸς
1721 5753 1855 5807 Θεὸν
1908 5757 2264 5828 εὐχαριστίας
2318 5777 2375 5813 τε
2424 5762 2517 5814 καὶ
2573 5763 2740 5835 εὐχῆς
2773 5766 2871 5819 οὐκ
2920 5765 3205 5835 ἀφίστατο.
3248 5767 3358 5825 Kal

128 5838 257 5898 εῧῖως
302 5839 389 5893 ἐπὶ
426 5840 671 5901 πολλαῖς
705 5841 825 5901 ταῖς
857 5838 1028 5911 ὥραις
1082 5846 1331 5917 ποιοῦσα,
1389 5849 1678 5922 παρέδωκε
1712 5850 1772 5906 τδ
1803 5852 2020 5925 πνεῦμα
2057 5856 2229 5928 αὐτῆς
2256 5856 2338 5930 τῷ
2372 5859 2579 5931 Κυρίῳ.

390 5937 655 5999 ΡΛτῐιοι
711 5939 828 5997 Gn.
864 5940 1091 6005 CXVII.

2938 5957 2979 6020 8
