4154 6504
733 437 833 505 251

1961 429 2384 490 MENOLOGII
2422 427 2617 488 PARS
2653 427 2737 487 ΙΙ.

3889 426 4016 490 252

737 550 1018 620 propheta:
1049 543 1329 600 Zachariae
1382 537 1746 603 instauravit;
1789 537 1884 594 sed
1925 537 2088 590 etiam
2129 536 2311 590 diaco-

2431 534 2623 602 ἤγαγεν
2658 530 2828 603 αὐτὴν
2876 536 2956 596 εἰς
3020 536 3402 604 μοναστήριον,
3443 535 3582 604 ὅπερ
3643 537 3678 605 ἡ
3729 535 3860 602 ἁγία
3905 539 4016 588 ἐπ-

739 642 943 694 ιιίεεοιη
977 636 1278 693 ordinavit.
1315 633 1446 687 Post
1488 634 1602 686 haec
1645 637 1794 685 tanta
1825 628 2056 682 virtutes
2087 636 2312 681 conten-

737 731 886 783 tione
934 726 1196 787 excoluit,
1249 732 1308 778 ut
1360 733 1412 776 et
1462 721 1854 776 miraculorum
1893 720 2098 773 donum
2137 733 2164 771 a
2203 717 2313 773 Deo

735 818 1043 889 acceperit;
1095 827 1148 870 ct
1190 814 1508 886 prophetico
1563 813 1724 867 etiam
1779 811 1978 881 spiritu
2023 813 2214 872 ditata.
2244 811 2313 866 de

738 910 1190 982 imperatoribus,
1239 907 1592 978 patriarehis,
1643 905 1876 974 aliisque
1932 903 2310 972 compluribus

737 1005 1102 1075 prophetarit.
1134 1001 1294 1056 Hunc
1347 1002 1399 1054 in
1436 999 1657 1054 modum
1707 999 1877 1052 vitam
1917 998 2233 1061 traducens,
2260 1005 2314 1050 et

736 1099 807 1153 ob
857 1099 1054 1152 multas
1105 1097 1330 1150 virtutes
1395 1108 1525 1148 suas
1573 1093 1628 1145 in
1669 1106 1886 1147 summo
1926 1091 2132 1144 honore
2170 1090 2312 1159 apud

738 1189 1116 1258 imperatores,
1149 1197 1201 1240 et
1235 1182 1572 1255 patriarchas
1603 1181 1812 1243 habita,
1850 1181 1904 1235 in
1949 1195 2082 1250 pace
2113 1179 2314 1234 obdor-

738 1282 911 1335 mivit.

1267 1465 1499 1521 EODEM
1540 1464 1790 1519 MENSE.

1303 1583 1396 1634 Die
1437 1581 1723 1634 undecima

947 1677 1060 1747 96
1095 1676 1370 1729 Certamen
1417 1675 1588 1726 sancti
1630 1673 1879 1740 martyris
1928 1669 2098 1726 Petri.

811 1788 1041 1842 Sanctus
1073 1794 1279 1856 martyr
1301 1786 1495 1840 Petrus
1531 1785 1581 1838 in
1614 1799 1753 1854 pago
1793 1786 1937 1838 Anea
1973 1785 2114 1853 apud
2159 1784 2318 1839 Eleu-

739 1877 1066 1946 theropolim
1124 1885 1310 1940 natus,
1366 1889 1592 1944 corpore
1652 1874 1904 1938 robusto,
1957 1875 2053 1929 sed
2098 1875 2201 1929 [ide
2263 1875 2314 1928 iu

2435 1883 2646 1947 'Avéac,
2725 1883 2950 1952 πλησίον
3037 1884 3561 1956 Ἐλευθεροπόλεως.
3634 1887 3901 1956 ’Δνδρεῖος
3960 1889 4030 1940 δὲ

736 1973 1012 2027 (Lhristum
1051 1969 1352 2031 robustior,
1387 1969 1456 2022 ab
1494 1967 1862 2022 adolescentia
1907 1967 2137 2022 senilem
2172 1983 2308 2036 pru-

737 2065 976 2118 dentiam
1009 2078 1117 2132 prae
1137 2078 1194 2117 se
1214 2061 1579 2126 ferehat,cum
1603 2061 1824 2115 doceret
1840 2074 2036 2115 omnes
2059 2060 2127 2114 ab
2154 2061 2314 2116 idolis

739 2154 1016 2214 secedere,
1049 2160 1103 2207 et
1132 2153 1196 2206 ad
1232 2151 1508 2206 Christum
1561 2150 1738 2204 solum
1779 2165 1970 2202 verum
2003 2149 2171 2203 Deum
2214 2151 2316 2204 ho-

743 2247 1061 2314 miliumque
1106 2253 1438 2298 servatorem
1481 2242 1763 2297 accedere.
1799 2241 1933 2308 Qua:
1966 2257 2093 2296 cum
2125 2242 2192 2298 de
2223 2243 2318 2298 illo

739 2335 1042 2402 accepisset
1067 2332 1502 2399 Eleutheropolis
1532 2346 1752 2399 praeses,
1782 2331 1965 2384 missis
1994 2331 2319 2389 satellitibus

741 2427 1194 2494 comprehensum
1235 2423 1592 2490 compellebat
1617 2423 1896 2477 Christum
1929 2423 2148 2492 ejurare
2179 2444 2192 2479 :
2225 2425 2318 2480 sed

739 2535 862 2573 cum
895 2519 959 2573 ad
991 2519 1041 2572 id
1075 2519 1225 2572 illum
1259 2518 1513 2571 inducere
1547 2516 1813 2585 nequiret.
1843 2519 2099 2586 praecepit
2159 2529 2217 2572 ut
2265 2519 2318 2572 in

740 2609 1020 2661 ardentem
1055 2605 1332 2660 fornacem
1372 2605 1512 2674 ignis
1552 2605 1868 2671 injiceretur
1898 2621 1910 2657 :
1935 2605 1990 2658 in
2018 2621 2181 2676 quam
2216 2607 2321 2660 im-

743 2698 949 2752 missus
1007 2706 1253 2759 sanctus,
1290 2711 1385 2764 per
1432 2696 1632 2749 multas
1682 2695 1844 2750 horas
1873 2697 2078 2764 gratias
2130 2713 2319 2767 agens,

745 2790 1025 2856 Deumque
1079 2804 1176 2856 pro
1213 2789 1380 2840 totius
1432 2786 1642 2850 mundi,
1685 2796 2110 2857 sanctarumque
2144 2791 2320 2844 eccle-

740 2881 944 2933 siarttm
985 2880 1379 2946 tranquillitate
1413 2892 1601 2940 orans,
1633 2876 1890 2931 decessit.

2419 623 2718 678 εσκεύασεν
2761 624 2842 687 είς
2866 623 3032 694 τιμὴν
3072 623 3168 678 τοῦ
3213 625 3372 694 άγίου
3405 627 3685 699 προφήτου
3707 627 4012 697 Ζαχαρίου,

2420 717 2558 770 ἀλλὰ
2597 717 2690 770 καὶ⁵
2729 716 2977 772 διάκονον
3019 718 3450 789 ἐχειροτόνησεν.
3510 720 3619 773 Καὶ
3665 719 3804 788 μετά
3845 717 4019 771 τοῦτο

2419 808 2657 862 τοσαῦτα
2697 808 3007 878 ἠγωνίσατο
3039 811 3118 872 εἰς
3148 809 3372 880 ἀρετὴν,
3415 809 3491 873 ὡς
3527 811 3621 863 καὶ
3651 810 4018 878 θαυματουρ-

2422 901 2548 969 γίας
2574 899 2890 972 χαρίσματα
2919 901 3102 954 λαϐεῖν
3157 901 3316 972 παρᾶ
3351 901 3512 956 Θεοῦ.
3554 901 3718 954 Ἀλλά
3755 901 3850 954 καὶ
3873 919 4024 971 προ-

2421 989 2695 1060 ορατικῶν
2721 989 3119 1060 ἀποκαλύψεων
3153 989 3385 1061 ἠξιώθη,
3433 992 3525 1044 καὶ
3569 991 3699 1057 περὶ
3743 989 4017 1060 βασιλέων

2424 1083 2820 1153 προεφήτευσε,
2857 1083 2951 1136 καὶ
2981 1085 3110 1155 περὶ⁵
3140 1084 3522 1155 πατριαρχών,
3557 1085 3648 1137 καὶ
3674 1085 3804 1155 περὶ
3829 1083 4019 1138 ἄλλων

2424 1175 2657 1230 πολλῶν.
2703 1177 2811 1230 Καὶ
2854 1175 3025 1240 οὕτως
3080 1176 3502 1247 ἀγωνισαμένη,
3562 1176 3657 1229 καὶ
3711 1175 4020 1245 τιμηθεῖσα

2424 1266 2576 1336 παρά
2602 1267 2866 1337 βασιλέων
2881 1267 2968 1322 διὰ
2996 1269 3096 1340 τὴν
3123 1269 3325 1339 πολλὴν
3353 1269 3526 1339 αὐτῆς
3559 1269 3784 1340 ἀρετὴν,
3805 1269 4024 1339 ὁμοίως

2427 1362 2518 1415 καί⁵
2550 1361 2701 1433 παρά
2739 1360 3118 1432 πατριαρχῶν,
3155 1363 3213 1415 ἐν
3251 1363 3445 1434 εἰρήνῃ
3485 1362 3778 1433 ἐκοιμήθη.

2952 1473 3130 1528 ΜηΝι
3166 1475 3252 1546 To
3293 1475 3502 1545 ΑΥΤῼ.

3163 1589 3245 1640 ΙΑ⁹

2605 1679 2889 1746 Ἀθλησις
2921 1677 3027 1732 τοῦ
3055 1677 3229 1746 ἁγίου
3253 1677 3558 1746 μάρτυρος
3586 1677 3828 1746 Πέτρου.

2510 1793 2568 1844 '0
2614 1791 2769 1860 ἆγιος
2830 1793 3043 1861 μάρτυς
3096 1791 3324 1862 Πέτρος,
3384 1793 3604 1858 ἐγένετο
3651 1793 3761 1846 ἀπὸ
3805 1794 4025 1864 χωρίου

2423 1978 2685 2046 ὑπάρχων
2723 1976 2801 2037 τῷ
2852 1977 3091 2045 σώματι,
3137 1977 3514 2046 ἀνδρειότερος
3563 1977 3780 2045 ἐγένετο
3819 1980 3885 2047 τῇ
3934 1983 4026 2040 εἰς

2422 2070 2659 2139 Χριστὸν
2687 2068 2890 2124 πίστει.
2921 2069 3058 2131 Νέος
3085 2069 3140 2120 δὲ
3175 2067 3252 2122 ὢν
3281 2068 3378 2138 τὴν
3411 2069 3652 2138 ἡλικίαν,
3684 2069 3752 2122 τὰ
3778 2070 3887 2122 τῶν
3918 2087 3987 2136 γε
4007 2102 4029 2110 ο

2425 2163 2629 2233 ρόντων
2661 2158 2773 2231 εἶχε
2808 2163 2950 2214 κατὰ
3000 2163 3097 2228 τὴν
3147 2161 3434 2231 φρόνησιν⁵
3476 2161 3743 2214 διδάσκων
3802 2163 4031 2224 πάντας

2423 2253 2730 2319 ἀποστῆναι
2763 2252 2872 2304 τῶν
2906 2251 3166 2312 εἰδώλων,
3209 2251 3304 2304 καὶ
3347 2249 3665 2320 προσελθεῖν
3691 2249 3767 2318 τῷ
3794 2250 4034 2320 Χριστῷ

2427 2343 2574 2413 μόνῳ
2601 2342 2903 2413 ὑπάρχοντι
2940 2342 3063 2412 Θεῷ
3107 2342 3371 2411 ἀληθινῷ,
3421 2345 3515 2395 καὶ
3549 2342 3760 2413 σωτῆρι
3783 2343 3895 2395 τῶν
3923 2344 4036 2394 ἁν-

2425 2433 2681 2505 θρώπων.
2721 2435 2907 2488 Ταῦτα
2936 2435 3174 2498 ἀκούσας
3213 2437 3340 2505 περί
3373 2435 3541 2488 αὐτοῦ
3574 2437 3602 2488 ὁ
3641 2437 3741 2504 τῆς
3768 2434 4036 2487 Ἐλευθε-

2425 2528 2700 2596 ροπόλεως
2742 2526 2951 2596 ἄρχων,
2995 2528 3286 2580 ἀπέστειλε
3333 2529 3426 2581 καὶ
3476 2527 3783 2597 ἐκράτησεν
3827 2529 4031 2590 αότθιν,

2423 2618 2517 2669 καὶ
2544 2617 2855 2686 ἠνάγκασεν
2899 2619 3245 2688 ἀρνήσασθαι
3290 2621 3379 2672 τὸν
3409 2619 3669 2688 Χριστόν.
3705 2620 3793 2682 Ὠς
3827 2619 3883 2671 δὲ
3916 2620 4038 2672 οῦκ

2423 2708 2632 2772 ἐπεισε,
2662 2699 2964 2778 προσέταξε
2998 2711 3254 2779 γενέσθαι
3282 2713 3515 2780 κάμινον
3546 2711 3787 2780 μεγάλην
3820 2713 4035 2779 πυρὶς,

2426 2799 2523 2849 καὶ
2554 2799 2670 2848 ἐκεῖ
2710 2799 3055 2867 ἐμϐληθῆναι
3084 2800 3268 2852 αὐτόν.
3304 2803 3413 2852 Καὶ
3447 2801 3546 2870 τῆς
3571 2801 3804 2869 καμίνου
3832 2801 4031 2867 Cava-.9-

2423 2887 2612 2952 θείσης
2648 2891 2912 2960 ἐνεϐλήθη
2956 2894 3035 2953 είς
3075 2892 3246 2962 αὐτὴν
3276 2895 3304 2944 ὀ
3337 2892 3491 2960 ἇγιος
3530 2893 3758 2962 χαίρων.
3803 2892 3918 2944 Καὶ
3966 2895 4045 2946 ἐν

739 2975 874 3044 αὐτῇ
925 2973 1019 3025 ὲπί
1077 2973 1296 3033 πολλαῖς
1362 2973 1481 3032 ταῖς
1555 2969 1729 3039 ὥραις
1787 2971 2150 3040 εὐχαριστῶν,
2226 2978 2320 3029 καὶ
2352 2983 2785 3052 προσευχόμενος
2836 2983 2914 3052 τῷ
2944 2984 3061 3053 Θεῷ
3095 2985 3234 3055 ὑπὲρ
3269 2985 3366 3054 τῆς
3413 2985 3802 3054 οἱκουμενικῆς
3847 3001 4042 3037 κατα-

741 3071 1005 3133 στέσεως,
1037 3071 1126 3120 καὶ
1154 3067 1256 3118 τῶν
1284 3067 1455 3134 ἁγίων
1493 3067 1851 3135 Ἰ-ῖκκλησιῶν,
1886 3068 2202 3140 ἐτελειώθη.

1365 3177 1569 3231 Eodem
1612 3178 1698 3231 die

737 3273 843 3341 97
887 3272 1333 3326 Cornmcmoratio
1375 3273 1544 3322 sancti
1588 3271 1770 3324 Patris
1815 3275 1986 3325 nostri
2049 3274 2327 3329 Theodosii

1333 3341 1744 3394 Cwnobicrcltw.

813 3456 1048 3510 Sanctus
1087 3456 1250 3509 Pater
1306 3466 1492 3509 noster
1551 3455 1912 3521 Theodosius,
1968 3470 2329 3529 cognomento

739 3549 1158 3614 Cmnobiarcha,
1183 3564 1247 3603 ex
1281 3549 1620 3618 Cappadocia
1659 3552 1762 3620 piis
1795 3553 2108 3620 parentibus
2143 3563 2324 3614 natus.

741 3643 1099 3697 monasticam
1171 3643 1337 3696 vitam
1411 3644 1720 3712 amplexus,
1789 3645 2028 3713 primum
2105 3647 2327 3716 quidem

740 3735 1084 3791 Antiochiam
1127 3734 1260 3788 abiit
1305 3735 1371 3789 ad
1417 3745 1668 3789 sanetum
1707 3735 2019 3790 Simeonem
2053 3737 2328 3809 Stylita'u,

741 3829 901 3898 cujus
945 3825 1325 3881 benedictione
1372 3834 1618 3894 accepta,
1680 3825 2060 3896 Hierosolyma
2129 3830 2328 3897 petiit:

743 3923 870 3975 imle
908 3920 964 3974 in
1016 3932 1260 3973 eremum
1323 3918 1575 3981 secessit,
1629 3917 1721 3971 ubi
1773 3917 1999 3988 triginta
2061 3933 2329 3974 annorum

744 4014 919 4084 spatic
980 4021 1175 4082 praeter
1223 4009 1458 4076 caricas,
1519 4004 1574 4064 et
1635 4008 1834 4064 herbas
1891 4010 2102 4064 nullum
2158 4011 2327 4065 alium

746 4105 928 4159 cibum
990 4102 1245 4171 sumpsit.
1284 4100 1422 4154 Tum
1464 4101 1620 4170 plura
1673 4101 1938 4155 miracula
1984 4104 2237 4170 patravit,
2281 4112 2334 4157 et

747 4198 919 4252 multa
967 4196 1212 4252 condidit
1283 4193 1616 4248 monasteria
1677 4211 1691 4248 :
1747 4193 2027 4248 daemones
2085 4196 2336 4250 oratione

750 4290 956 4358 fugavit
988 4306 1002 4343 :
1031 4291 1084 4343 in
1135 4303 1348 4343 summa
1397 4287 1472 4342 rei
1521 4286 1896 4340 frumentaria:
1934 4287 2166 4341 caritate
2211 4301 2334 4356 gra-

750 4397 902 4446 num,
931 4381 1077 4451 quod
1099 4396 1267 4434 unum
1318 4381 1370 4433 iu
1427 4379 1746 4433 monasterii
1787 4379 1989 4433 horreo
2035 4389 2332 4448 repererst,

749 4473 1100 4539 benedicens,
1142 4481 1315 4528 totum
1345 4471 1601 4526 horreum
1650 4469 1928 4526 frumento
1961 4471 2226 4541 implevit.
2253 4471 2334 4526 0b

751 4567 869 4623 haec
898 4567 1320 4637 igitur,aliaque
1356 4565 1585 4634 plurima
1619 4563 1868 4635 prodigia
1904 4565 2331 4632 imperatoribus
2365 4589 2413 4648 ι)

752 4669 933 4724 notus,
971 4659 1178 4728 totique
1231 4657 1436 4710 mundo
1493 4657 1564 4710 ob
1614 4656 1844 4711 virtutes
1889 4671 2020 4712 suas
2074 4657 2330 4723 celebrls,

753 4753 968 4806 tsudem
998 4752 1052 4806 in
1087 4765 1218 4821 pace
1248 4749 1501 4805 decessit.

1279 4953 1513 5010 EODEM
1550 4952 1804 5008 MENSE.

1305 5067 1400 5124 Die
1435 5067 1757 5123 duodecima

911 5164 1026 5234 98
1059 5164 1330 5217 t'ertamen
1369 5170 1568 5215 sancta:
1599 5162 1849 5232 martyris
1892 5163 2150 5216 Tatianw.

827 5299 1056 5355 Tatiana
1079 5309 1284 5368 martyr
1300 5297 1638 5365 temporibus
1665 5296 1958 5350 Alexandri
1991 5296 2339 5367 imperatoris

756 5407 825 5447 ex.
875 5389 1098 5459 antiqua
1157 5387 1330 5441 Roma
1388 5386 1510 5452 fuit,
1546 5396 1699 5456 patre
1741 5385 1908 5440 divite
1947 5403 2012 5442 ac
2050 5388 2246 5451 nobili,
2279 5405 2342 5446 ac

759 5486 977 5540 tertium
1041 5482 1295 5554 praafectu
1354 5489 1500 5536 nata.
1560 5479 1697 5534 Cum
1771 5489 1956 5535 autem
2025 5483 2339 5539 diaconissa

761 5585 925 5641 esset,
959 5575 1115 5630 (idem
1163 5573 1368 5630 Christi
1412 5574 1668 5642 populum
1726 5571 1997 5638 docendo,
2041 5577 2244 5632 multos
2275 5577 2344 5632 ab

763 5669 924 5726 idolis
978 5668 1262 5723 avocabat.
1314 5666 1494 5732 Quare
1522 5665 1588 5719 ad
1665 5664 2052 5734 imperatorem
2133 5666 2341 5732 delata,

768 5760 1060 5830 missisque
1109 5757 1430 5814 satellitibus
1488 5757 1908 5825 comprehensa,
1969 5770 2156 5809 coram
2222 5757 2340 5827 ipso

771 5854 1013 5908 sistitur:
1047 5852 1139 5922 qui
1175 5851 1320 5907 illam
1374 5867 1558 5907 secum
1610 5851 1663 5904 iu
1702 5848 1888 5905 famam
1931 5849 2198 5906 idolorum
2247 5855 2343 5908 ud-

2979 3193 3056 3262 Τῇ
3099 3193 3236 3264 αὐτῇ
3280 3192 3464 3264 ἡμέρειι

2431 3283 2650 3352 Illi-tim;
2699 3284 2802 3338 τοῦ
2852 3287 3027 3339 ὁσίου
3072 3286 3298 3349 Πατρός
3333 3285 3504 3351 ἡμῶν
3539 3287 3869 3343 Θεεδοσίου
3919 3291 4042 3344 τοῦ

2993 3355 3447 3422 Κοίνοϐιάρχου.

2500 3469 2782 3534 Θεοδόσιος
2816 3472 2844 3523 ὁ
2879 3473 2935 3523 ὲν
2968 3472 3146 3539 ἁγίοις
3178 3473 3372 3544 Πατὴρ
3413 3472 3570 3544 ἡμῶν
3598 3516 3611 3536 ,
3638 3476 3666 3527 ό
3695 3475 4042 3546 ἐπιλεγόμε-

2431 3578 2522 3624 νος
2554 3561 2980 3634 Κοινοϐιάρχης,
3009 3559 3076 3634 ἦν
3113 3563 3221 3617 ἀπὸ
3248 3564 3349 3632 τῆς
3383 3563 3568 3636 χώρας
3599 3568 4042 3635 Καππαδοκίας,

2433 3651 2637 3720 γονέων
2681 3652 2957 3706 εὐσεϐῶν·
2998 3640 3217 3723 ἐγένετο
3260 3657 3318 3709 δὲ
3363 3658 3597 3727 μοναχός
3626 3675 3640 3688 ·
3675 3661 3766 3712 καὶ
3806 3662 4046 3730 πρῶτον

2437 3743 2537 3813 μέν
2563 3743 2807 3812 ἀπῆλθεν
2835 3746 2914 3807 είς
2956 3746 3311 3816 Ἀντιόχειαν,
3338 3747 3474 3817 πρὸς
3499 3749 3589 3802 τὸν
3615 3750 3768 3816 ἅγιον
3798 3753 4049 3822 Συμεὼν

2434 3833 2526 3888 τὸν
2555 3835 2841 3905 Στυλίτην.
2893 3837 3002 3889 Καὶ
3041 3837 3311 3910 εὖλογήθη
3351 3839 3485 3907 παρ’
3533 3841 3720 3895 αὐτοῦ,
3761 3837 3896 3896 Εἶτα
3950 3848 4050 3910 εἰς

2433 3931 2503 3979 τὰ
2563 3926 2937 3998 Ἰεροσόλυμα.
3004 3929 3249 3983 Ἐκεῖθεν
3305 3930 3362 3984 δὲ
3407 3934 3747 4004 κατήντησεν
3796 3936 3877 3998 είς
3928 3939 4053 4007 τὴν

2436 4015 2663 4086 ἔρημον,
2696 4017 2789 4070 ἐπὶ
2817 4017 3113 4088 τριάκοντα
3134 4021 3346 4091 χρόνοις
3372 4023 3536 4093 ἄρτον
3569 4026 3644 4095 μὴ
3692 4027 3894 4094 φαγὼν
3915 4069 3931 4092 ,
3989 4035 4051 4083 εί

2440 4109 2515 4178 μὴ
2541 4110 2708 4178 μόνας
2743 4110 2982 4180 ἰσχάδας,
3022 4113 3114 4165 καὶ
3143 4112 3394 4182 βοτάνας.
3444 4115 3607 4169 Ὅθεν
3637 4119 3866 4171 πλεῖστα
3895 4120 4054 4174 θαύ-

2441 4216 2587 4270 ματα
2614 4201 2838 4272 ἐποίησε
2861 4218 2875 4232 ο
2910 4203 3002 4256 καὶ
3036 4207 3378 4275 μοναστήρια
3413 4206 3582 4258 πολλά
3611 4211 4001 4278 συνεστήσατο
4033 4229 4052 4244 ο

2437 4293 2532 4344 καὶ
2563 4292 2826 4362 δαίμονας
2863 4294 2950 4349 διὰ
2983 4297 3296 4366 προσευχῆς
3339 4297 3548 4363 ἐδίωξε.
3583 4299 3757 4368 Λιμοῦ
3803 4300 3861 4352 δέ
3899 4319 4056 4356 ποτε

2439 4383 2758 4452 γενομένου,
2783 4386 2878 4437 καὶ
2904 4385 3002 4455 τῆς
3035 4386 3321 4456 ἀποθήκης
3349 4387 3444 4440 τοῦ
3480 4389 3848 4458 μοναστηρίου
3885 4393 4056 4446 σῖτον

2443 4473 2518 4544 μὴ
2558 4475 2812 4544 ἐχούσης,
2847 4476 2945 4528 ἐνα
2991 4477 3192 4530 κόκκον
3230 4479 3439 4547 εὑρὼν,
3474 4479 3570 4530 καὶ
3612 4479 3945 4550 εὐλογήσας,
3983 4488 4057 4552 ἐξ

2440 4563 2647 4617 ἐκείνου
2677 4565 2778 4636 τὴν
2830 4564 3118 4636 ἀποθήκην
3168 4566 3320 4618 σίτου
3377 4567 3642 4634 ἐγέμισε·
3707 4567 3794 4621 διὰ
3851 4570 3910 4622 δὲ
3972 4578 4056 4628 τὰ

2441 4655 2612 4709 πολλὰ
2643 4656 2902 4728 θαύματα
2943 4659 3039 4710 καὶ
3069 4660 3181 4721 τοῖς
3215 4657 3531 4728 βασιλεῦσιν
3574 4661 3908 4734 ἐγνωρίσθη,
3942 4669 4058 4720 καὶ

2439 4749 2497 4800 ἐν
2533 4745 2640 4816 ὅλῳ
2671 4746 2749 4817 τῷ
2779 4747 2972 4819 κόσμῳ
3015 4748 3105 4801 διά
3138 4750 3236 4816 τὴν
3294 4751 3501 4820 ἀρετὴν
3550 4754 3876 4824 περιϐόητος
3911 4757 4060 4824 ἐγέη

2440 4855 2581 4892 νετο.
2617 4839 2726 4892 Καὶ
2755 4837 2899 4892 οὕτω
2930 4839 3112 4892 θανὼν
3138 4839 3452 4912 ἐτελειώθη.

2959 4950 3139 5003 sum
3180 4951 3267 5022 To
3305 4950 3512 5023 ΑΥΤῼ.

3187 5066 3263 5119 IB'

2590 5165 2850 5230 Λθλησις
2884 5159 2995 5229 τῆς
3030 5161 3204 5229 ἁγίας
3235 5159 3540 5230 μάρτυρος
3587 5157 3906 5226 Τατιανῆς.

2523 5297 2592 5350 Ἦ
2623 5297 2833 5368 μάρτυς
2875 5297 3116 5367 Τατιανὴ
3150 5295 3396 5367 ὑπῆρχεν
3425 5294 3534 5348 ἀπὸ
3577 5295 3680 5364 τῆς
3723 5295 4060 5366 πρεσϐυτέ-

2448 5407 2544 5460 ρας
2596 5389 2836 5459 Ῥώμης,
2882 5389 2976 5442 ἐπὶ
3021 5389 3118 5458 τῆς
3168 5387 3446 5458 βασιλείας
3521 5385 3896 5457 Ἀλεξάνδρου,
3939 5406 4064 5444 πα-

2444 5482 2600 5551 τέρος
2645 5467 2903 5533 πλουσίου
2955 5480 3050 5533 καὶ
3104 5479 3362 5547 εὐγενοῦς
3416 5477 3696 5548 θυγάτηρ,
3738 5480 3804 5531 ἐκ
3844 5481 4059 5551 τρίτου

2445 5572 2732 5642 γεγονότος
2775 5571 3039 5641 ἐπάρχου.
3089 5565 3199 5622 Ἦν
3231 5569 3288 5622 δὲ
3336 5569 3430 5622 τὸν
3483 5567 3695 5639 βαθμὸν
3738 5569 4013 5631 διάκονος
4039 5589 4061 5606 ο

2447 5665 2541 5717 καὶ
2573 5663 2697 5716 ἐπεὶ
2724 5664 2970 5726 διάκονος
3018 5659 3154 5716 οὖσα
3207 5662 3457 5715 ἐδίδασκε
3484 5661 3576 5714 τὸν
3623 5661 3752 5715 λαὸν
3785 5661 3858 5714 ra
3907 5668 4064 5735 περὶ

2448 5756 2540 5809 τοῦ
2590 5755 2854 5826 Χριστοῦ,
2909 5755 3004 5808 καὶ
3047 5754 3279 5818 πολλοὺς
3322 5752 3542 5806 ἔπειθεν
3586 5751 4064 5823 ἀποτρέψεσθαι

2454 5850 2518 5903 τὰ
2547 5847 2760 5914 εἴδωλα,
2795 5846 3052 5920 διεϐλήθη
3084 5846 3162 5918 τῷ
3209 5845 3438 5916 βασιλεῖ.
3495 5843 3554 5899 ’0
3583 5845 3638 5899 δὲ
3670 5846 4020 5910 ἀποστείλας
4040 5885 4064 5914 ,
