4154 6504
104 426 173 488 ἓθί
1448 423 1876 485 JANUARIUS

3204 424 3309 488 2ὓὲ

100 542 344 609 ἐκράτησεν
383 537 642 593 Ἰάκωϐον
672 540 761 590 τὸν
792 538 1023 607 ἀδελφὸν
1047 540 1139 590 τοῦ
1176 540 1331 604 ἀγίου
1369 538 1624 592 Ἰωάννου
1651 541 1689 600 Α

1726 536 1955 591 Joannis
1986 534 2249 605 Tlieologi
2283 534 2503 589 fratrem
2544 534 2726 605 gladio
2774 533 3069 601 interfecit,
3117 536 3310 590 videns

101 629 424 695 τοῦθεολὸγου
448 672 461 693 ,
496 629 591 682 καὶ
653 629 793 697 μετά
839 630 1118 701 μαχαίρας
1167 629 1398 698 ἔσφαξεν
1432 629 1613 684 αὐτόν.

102 724 180 775 Kal
205 721 338 783 ἰδὼν,
373 722 457 773 ὅτι
490 718 820 784 ἀπεδέξαντο
836 720 897 772 τὸ
932 720 1225 790 γενόμενον
1258 722 1305 772 οί
1353 718 1615 783 Ἰουδαῖοι,

103 812 313 884 ἐκράτησε
352 812 447 865 καὶ
496 812 589 865 τὸν
622 813 778 879 ἆγιον
836 812 1063 882 Πέτρον.
1102 813 1213 865 Καὶ
1246 812 1415 881 δήσας
1458 811 1619 863 αὐτὸν

103 905 203 976 μετά
225 904 305 957 δύο
334 901 605 965 ἁλύσεων,
632 902 822 957 ἐὸαλεν
856 905 934 965 εἰς
970 903 1241 974 φυλακὴν,
1296 903 1617 973 βουλόμενος

102 995 319 1064 φονεῦσαι.
363 994 527 1047 Ἀλλά
564 994 793 1063 ἄγγελος
839 992 974 1048 Θεοῦ
1007 995 1237 1049 ἀπελθὼ
1299 998 1357 1049 ἐν
1404 997 1471 1064 τῇ
1516 1012 1618 1063 φυο

99 1088 219 1157 λαιῇ,
246 1088 429 1138 ἐλυσεν
462 1086 624 1139 αὐτὸν
662 1087 771 1140 ἀπὺ
816 1088 928 1140 τῶν
960 1087 1223 1142 ἁλύσεων.
1261 1086 1369 1141 Καὶ
1402 1086 1619 1149 ἀνοίξας

99 1178 159 1229 διὰ
180 1178 259 1246 τῆς
286 1179 478 1241 νυκτὸς
522 1182 624 1241 τας
672 1177 844 1247 θύρας
882 1180 982 1248 τῆς
1035 1178 1306 1248 φυλακῆς,
1348 1178 1620 1231 ἀπέλυσεν

100 1271 237 1322 αὑτόν.
278 1271 381 1322 Καὶ
417 1270 594 1332 οὕτως
623 1269 854 1339 ἐξέφυγε
877 1270 976 1333 τὰς
994 1274 1184 1341 χεῖρας
1214 1269 1308 1322 τοῦ
1354 1269 1617 1339 Ἡρώδου·

97 1362 201 1421 τινὲς
226 1362 273 1413 δὲ
301 1361 407 1413 τῶν
465 1363 676 1415 πιστῶν
709 1365 809 1425 τὰς
844 1363 1064 1425 ἁλύσεις
1100 1362 1351 1432 εὑρόντες
1395 1364 1490 1414 καὶ
1513 1358 1624 1414 ’τι-

100 1454 261 1516 μίῗγοτες
286 1454 452 1515 αὐτὰς
476 1454 566 1505 διὰ
592 1454 685 1508 τον
724 1454 880 1522 ἀγιον
900 1493 913 1517 ,
943 1454 1086 1507 κατὰ
1134 1453 1388 1523 διαδοχὴν
1434 1452 1621 1521 διεφύ-

96 1542 241 1606 algu.
282 1545 384 1595 Καὶ
439 1543 670 1614 ὕστερον
727 1544 881 1615 παρά
930 1544 1039 1597 τῶν
1083 1544 1324 1597 εὐσεϐῶν
1359 1543 1621 1613 βασιλέων

94 1634 715 1692 εἰςΚωνσταντινούπολιν
735 1635 1086 1705 εἰσήχθησαν.
1111 1636 1220 1688 Καὶ
1249 1634 1621 1703 κατετέθησαν

92 1725 214 1792 ἐντῷ
240 1728 338 1795 ναῷ
369 1727 467 1779 τοῦ
517 1727 698 1795 Ἀγίου
736 1729 942 1798 Πέτρου
972 1728 1050 1797 τῷ
1099 1727 1327 1797 πλησίον
1380 1728 1492 1781 ὄντι
1523 1729 1622 1797 τῆς

103 1815 248 1881 Ἀγίας
286 1820 501 1887 Σοφίας.
528 1822 638 1873 Καὶ
671 1820 779 1872 ἀπὸ
823 1822 942 1873 τότε
980 1820 1084 1883 ἕως
1117 1820 1217 1889 τῆς
1246 1824 1485 1889 σήμερον
1539 1838 1621 1873 τι-

94 1908 276 1972 μῶνται,
323 1913 417 1963 καὶ
481 1911 911 1980 προσκυνοῦνται
963 1912 1069 1965 ὑπὸ
1120 1913 1228 1963 τῶν
1262 1911 1613 1981 Χριστιανῶν
1650 1912 1692 1965 Β

93 2002 150 2059 εἰς
173 2002 315 2070 τιμὴν
358 2002 455 2054 τοῦ
490 2001 793 2055 ἀποστόλου
827 2002 1059 2072 Πέτρου.

569 2134 648 2203 τῇ
696 2134 831 2202 αὐτῇ
873 2132 1058 2203 ἡμέρᾳ

196 2264 470 2329 Ἀθλησις
504 2260 613 2314 τοῦ
641 2260 1075 2328 ὀσιομάρτυρος
1099 2260 1473 2328 Πανσοφίου.

138 2385 408 2454 Πανσὸφιος
448 2387 475 2437 ὁ
526 2385 861 2455 ὁσιομάρτυς
920 2385 1166 2455 ὑπῆρχεν
1201 2385 1310 2441 ἀπὸ
1370 2385 1620 2449 Ἀλεξαν-

85 2475 249 2539 δρείας,
288 2479 401 2540 υἱὸς
461 2478 659 2529 Νείλου
688 2476 783 2528 τοῦ
823 2476 1155 2531 ἀνθυπάτου.
1192 2476 1539 2548 Ἐπεμελήθη
1560 2478 1617 2529 δὲ

84 2565 213 2616 alta}
240 2568 265 2618 ὁ
298 2568 490 2636 πατὴρ
520 2565 683 2619 αὐτοῦ
709 2604 724 2628 ,
778 2566 870 2618 καὶ
929 2566 1168 2628 ἐδίδαξεν
1213 2566 1376 2619 αὐτὸν
1435 2568 1616 2620 πᾶσαν

83 2659 278 2727 γραφήν,
309 2661 458 2711 Μετά
489 2659 546 2711 δὲ
582 2659 680 2729 τὴν
705 2658 798 2711 τοῦ
834 2659 1042 2728 πατρὸς
1082 2659 1343 2729 τελευτὴν
1374 2698 1390 2725 ,
1436 2661 1617 2714 πάντα

82 2748 152 2799 τὸν
176 2750 390 2802 πλοῦτον
425 2750 595 2803 αὐτοῦ
625 2752 747 2813 δοὺς
793 2752 904 2812 τοῖς
944 2754 1203 2821 πτωχοῖς,
1256 2750 1503 2821 ἀπῆλθεν
1534 2752 1615 2814 είς

81 2839 155 2907 τὴν
186 2840 417 2911 ἔρημον·
468 2845 564 2895 καὶ
612 2842 870 2911 ἐποίησεν
920 2844 977 2895 ἐν
1022 2846 1088 2913 τῇ
1141 2844 1333 2913 ἐρήμῳ
1391 2843 1616 2912 χρόνους

78 2935 351 2986 εἰκοσιεπτά
402 2934 483 3005 τῷ
531 2934 651 3002 Θεῴ
706 2935 1169 3004 προσευχόμενος.
1224 2934 1381 2998 Τινές
1414 2935 1468 2988 δέ
1508 2936 1616 2987 τῶν

80 3026 292 3095 πονηρῶν
341 3030 437 3080 καὶ
492 3026 843 3097 χαιρεκάκιιιν
899 3026 1227 3095 ἀνθρώπων,
1268 3026 1616 3093 ἐλοιδόρησαν

78 3118 208 3168 αὐτὸν
236 3121 308 3180 εἰς
333 3124 425 3171 τὸν
454 3119 692 3188 ἄρχοντα
745 3114 1151 3184 Ἀλεξανδρείας
1190 3115 1614 3183 Αὐγουστάλιον,

76 3208 410 3262 ἀποσταλέντα
455 3208 611 3277 παρὰ
664 3208 854 3259 Δεκίου
908 3206 987 3268 εἰς
1044 3205 1103 3259 τὸ
1171 3207 1420 3276 φονεύειν
1485 3208 1616 3271 τοὺς

76 3297 416 3363 Χριστιανούς.
450 3272 563 3350 Kal
612 3296 940 3358 ἀποστείλας
986 3272 1385 3363 Αὐγουστάλιος
1420 3297 1610 3366 ἔδησεν
1645 3272 1687 3327 C

74 3386 202 3437 αὐτόν
222 3404 235 3417 ·
262 3388 352 3439 καὶ
383 3388 598 3455 ἢγαγεν
634 3384 864 3437 ἐνώπιον
885 3384 1051 3437 αὐτοῦ
1084 3400 1099 3414 ·
1139 3386 1231 3437 καὶ
1260 3385 1609 3454 κατηνάγκα-

77 3492 145 3527 σεν
170 3478 312 3529 αὐτὸν
337 3476 691 3548 ἀρνήσασθαι
714 3477 805 3528 τὸν
831 3477 1087 3546 Χριστὸν,
1122 3478 1213 3528 καὶ
1236 3478 1613 3547 προσκυνῆσαι

72 3570 156 3631 τοῖς
208 3570 466 3634 εἰδώλοις.
521 3569 607 3631 Ὠς
656 3568 713 3620 δὲ
768 3568 868 3620 οὐκ
915 3567 1159 3628 ἔπεισεν,
1212 3567 1408 3637 ἔτυψεν
1451 3568 1612 3621 αὐτὸν

76 3660 269 3727 ξῖχυρῶς
313 3662 455 3729 μετὰ
499 3660 755 3731 ῥαϐδίων.
804 3659 925 3712 Ἐπὶ
958 3661 1091 3712 πολὺ
1123 3661 1178 3712 δὲ
1230 3661 1608 3730 τυπτόμενος,

1730 643 1841 681 rem
1873 633 2083 696 gratam
2122 640 2179 680 se
2222 624 2419 680 fecisse
2457 621 2681 690 Judazis,
2713 624 3071 694 apprehendit
3096 632 3149 679 et
3174 640 3311 681 san-

1726 727 1875 774 ctum
1909 717 2151 780 Petrum,
2188 732 2351 787 quem
2383 717 2590 771 catenis
2618 717 2834 771 duabus
2867 715 3109 771 vinctum
3158 716 3310 772 misit

1729 811 1780 863 in
1835 825 2130 875 carcerem,
2168 811 2356 865 volens
2407 809 2556 862 illum
2609 808 2881 887 occidere.
2924 807 3029 863 Sed
3078 809 3305 878 angelus

1728 903 1823 958 Dei
1860 902 2028 957 astitit
2077 904 2130 956 in
2177 917 2420 967 carcere,
2446 901 2716 971 solvitque
2749 916 2876 955 eum
2923 916 2954 955 a
2980 902 3223 965 catenis,
3253 910 3306 955 et

1727 1000 1930 1066 apertis
1962 1004 2133 1051 noctu
2160 995 2401 1050 carceris
2443 992 2613 1064 portis
2636 1032 2650 1056 ,
2685 992 2895 1047 dimisit
2926 992 3113 1046 illum:
3144 1001 3310 1061 atque

1730 1088 1804 1142 ita
1838 1088 1904 1141 de
1934 1087 2185 1143 manibus
2217 1085 2445 1141 Herodis
2488 1095 2709 1153 ereptus
2736 1093 2839 1139 est.
2869 1082 3089 1138 Catena:
3121 1098 3250 1139 vero
3276 1100 3306 1139 a

1730 1178 2057 1247 quibusdam
2108 1177 2359 1232 ﬁdelibus
2395 1177 2656 1238 inventa),
2686 1186 2739 1229 et
2795 1184 3015 1245 propter
3056 1189 3308 1229 sanctum

1730 1269 1945 1324 Petrum
1981 1270 2034 1323 in
2088 1269 2297 1322 honore
2339 1268 2557 1333 habitae,
2586 1283 2680 1337 per
2712 1282 2905 1321 manus
2962 1268 3027 1320 ad
3063 1276 3309 1335 posteros

1732 1368 1958 1414 servatae
1982 1368 2111 1415 sunt
2142 1377 2154 1412 :
2198 1375 2263 1413 ac
2290 1368 2565 1427 postremo
2594 1358 3125 1426 ConstantinOpolim
3157 1371 3187 1411 a
3220 1374 3309 1411 re-

1730 1453 1937 1524 ligiosis
1968 1452 2385 1521 imperatoribus
2402 1452 2595 1512 allatae,
2629 1452 2683 1504 in
2712 1450 2915 1523 templo
2947 1448 3131 1503 Sancti
3164 1446 3310 1503 Petri

1730 1546 1872 1614 apud
1904 1545 2072 1600 aedem
2107 1542 2321 1598 Sancta;
2351 1542 2567 1610 Sophia:
2596 1542 2847 1610 reposita:
2880 1549 3007 1596 sunt
3037 1540 3216 1594 :unde
3241 1540 3311 1594 ad

1731 1636 1877 1691 hanc
1929 1651 2103 1703 usque
2146 1635 2289 1689 diem
2335 1649 2363 1686 a
2399 1633 2728 1688 Christianis
2765 1632 2818 1685 in
2848 1632 3110 1686 honorem
3159 1630 3307 1685 Petri

1731 1728 1963 1797 apostoli
2016 1728 2293 1791 coluntur,
2356 1736 2410 1783 et
2466 1727 2517 1783 in
2558 1741 2773 1782 summa
2831 1726 3179 1795 veneratione
3210 1722 3311 1780 ha-

1730 1820 1953 1874 bentur.

2361 2128 2561 2183 Eodem
2590 2128 2680 2181 die

1872 2261 2028 2329 112
2055 2258 2332 2313 Certamen
2367 2256 2541 2310 sancti
2570 2255 2821 2325 martyris
2851 2253 3163 2323 Pansopliit'.

1795 2383 2030 2440 Sanctus
2100 2393 2305 2454 martyr
2357 2382 2700 2451 Pansophius
2779 2378 3123 2434 Alexandria
3181 2376 3307 2433 Nilo

1722 2476 2045 2546 proconsule
2068 2484 2230 2529 natus
2252 2515 2266 2541 ,
2301 2482 2466 2544 atque
2499 2475 2568 2528 ah
2609 2488 2676 2527 eo
2699 2472 2955 2527 omnibus
2984 2470 3306 2525 liberalibus

1720 2568 2023 2637 disciplinis
2054 2583 2268 2623 summa
2300 2582 2431 2622 cura
2458 2567 2719 2630 imbutus,
2747 2574 2963 2620 mortuo
2992 2562 3305 2634 patre,dis-

1718 2661 1937 2715 tributis
1988 2660 2043 2713 in
2106 2675 2376 2729 pauperes
2430 2658 2785 2713 facultatibus
2837 2670 3082 2710 eremum
3132 2656 3303 2724 petiit,

1720 2753 1905 2822 ibique
1958 2761 2164 2821 septem
2220 2761 2274 2805 et
2310 2751 2502 2820 viginti
2534 2765 2711 2804 annos
2751 2748 2962 2803 orando
3015 2747 3303 2817 transegit.

1718 2846 2023 2900 Accusatus
2059 2854 2236 2897 autem
2268 2858 2298 2895 a
2333 2842 2661 2912 quibusdam
2688 2839 2952 2909 improbis
2994 2853 3056 2893 ac
3077 2838 3305 2907 perditis

1724 2936 2042 2991 hominibus
2073 2935 2139 2989 ad
2177 2932 2559 3004 Augustalium
2590 2932 2935 2985 Alexandria:
2968 2929 3307 3001 praefectum,

1718 3028 1814 3097 qui
1846 3042 1876 3080 a
1904 3025 2066 3081 Decio
2092 3026 2157 3078 ad
2191 3025 2476 3077 delendum
2505 3021 2849 3076 Christianos
2876 3022 3081 3075 missus
3104 3018 3305 3082 fuerat,

1718 3118 1959 3191 ejusdem
1992 3117 2294 3188 Augustalii
2325 3115 2483 3185 jussu
2518 3115 2734 3169 vinctus
2766 3114 2830 3166 ad
2864 3113 3031 3180 ipsius
3068 3109 3305 3166 tribunal

1720 3209 2043 3279 perducitur
2095 3226 2109 3260 :
2156 3221 2186 3261 a
2238 3221 2346 3276 quo
2388 3220 2510 3261 cum
2559 3204 2977 3273 compelleretur
3024 3202 3304 3257 Christum

1724 3300 1994 3370 abnegare
2040 3298 2308 3367 idolisque
2366 3296 2699 3359 sacriﬁcare,
2766 3311 2868 3351 nec
2918 3294 2984 3348 ad
3018 3294 3069 3348 id
3120 3290 3303 3347 induci

1720 3398 1926 3461 posset,
1971 3389 2207 3443 fustibus
2257 3388 2581 3459 gravissime
2630 3389 2890 3449 caeditur,
2928 3401 3051 3440 cum
3098 3386 3305 3439 interea

1720 3480 1923 3550 gratias
1974 3478 2082 3534 Deo
2110 3488 2314 3549 ageret,
2360 3490 2412 3533 et
2449 3486 2653 3544 oraret,
2707 3477 2975 3547 idolisque
3037 3476 3306 3545 impreca-

1720 3580 1891 3636 retur,
1931 3584 1995 3624 ac
2035 3570 2240 3623 diceret
2271 3584 2333 3623 ea
2377 3568 2515 3622 nihil
2554 3582 2695 3623 esse.
2727 3569 2904 3638 Atque
2935 3567 3081 3621 hunc
3108 3566 3161 3620 in
3189 3581 3307 3620 mo-

1720 3662 1848 3714 dum
1891 3661 2031 3714 inter
2062 3660 2288 3714 verbera
2321 3669 2372 3713 et
2394 3660 2674 3714 cruciatus
2697 3659 3021 3728 exspiravit.

70 3755 344 3821 τρχαρίστει
384 3753 464 3823 τῷ
511 3751 631 3821 Θεῷ
675 3752 771 3803 καὶ
802 3751 1162 3822 προσηύχετο.
1214 3752 1293 3805 Τά
1348 3753 1405 3805 δὲ
1458 3752 1651 3805 εἴδωλα
1703 3749 2132 3823 καταρώμενος,
2186 3750 2396 3819 ἔλεγεν,
2451 3752 2531 3804 ὃτι
2589 3750 2744 3802 οὐδέν
2794 3750 2951 3802 εἰσιν.
3022 3749 3129 3800 Καὶ
3164 3746 3307 3800 οὓτω

70 3848 359 3917 τυπτόμενος
394 3850 496 3902 καὶ
526 3846 953 3916 βασανιζόμενος
984 3888 999 3913 ,
1031 3846 1373 3916 ἐτελεύτησε.

592 3960 672 4029 τῇ
707 3960 844 4029 αὐτῇ
884 3958 1071 4029 ἡμέρᾳ

71 4069 313 4135 Ἀθλησις
367 4069 481 4123 τοῦ
551 4068 729 4148 ἁγίου
786 4066 1087 4150 μᾴρτιζρος
1147 4067 1449 4133 Δάνακτος
1508 4070 1611 4123 τοῦ

620 4153 1032 4205 αναγνωστου.

130 4284 178 4337 '0
215 4287 361 4351 ᾰγιος
394 4286 621 4356 μάρτυς
649 4283 827 4350 Δάναξ
874 4283 1120 4354 ὑπῆρχεν
1146 4282 1254 4336 ἀπὸ
1298 4284 1398 4351 τῆς
1430 4283 1615 4355 χώρας

65 4372 138 4427 τοῦ
170 4377 454 4446 Ἰλλυρικοῦ
479 4378 656 4429 τόπου
694 4375 945 4437 Αὐλῶνος
974 4376 1333 4445 καλουμένου,
1364 4377 1613 4444 ἀναγνώ-

68 4484 168 4537 στςς
188 4470 258 4521 ῶν
282 4471 382 4537 τῆς
416 4469 592 4536 ἁγίας
632 4466 979 4537 Ἐκκλησίας,
1015 4468 1110 4519 καὶ
1147 4468 1615 4535 ὐπαναγινώσκων

2355 3957 2556 4012 Eodem
2589 3959 2677 4013 die

1725 4066 1881 4137 113
1922 4066 2203 4120 Certamen
2247 4068 2419 4120 sancti
2472 4069 2729 4137 martyris
2767 4067 3021 4123 Danactis
3069 4072 3300 4127 lectoris.

1794 4282 2028 4335 Sanctus
2068 4290 2274 4351 martyr
2314 4282 2498 4336 Danax
2531 4283 2753 4337 Auluuze
2788 4284 2841 4337 in
2878 4284 3088 4356 Illyrico
3118 4297 3302 4353 natus,

1721 4382 1926 4427 sancta:
1980 4372 2237 4427 Ecclesia:
2295 4373 2482 4439 lector,
2521 4390 2709 4431 sacros
2768 4377 2936 4432 libros
2990 4378 3305 4436 Christiano

1722 4465 1923 4534 populo
1943 4465 2170 4535 legebat.
2193 4465 2403 4520 Accidit
2425 4474 2628 4532 autem,
2650 4476 2706 4520 ut
2729 4468 2955 4524 collecta
2984 4474 3301 4540 agrestium,

65 4560 115 4609 τὰ
142 4562 247 4630 ἱερὰ
274 4561 460 4631 βιϐλία
492 4558 578 4630 τῷ
603 4555 717 4625 λαῷ
744 4558 852 4609 τῶν
891 4558 1256 4626 Χριστιανῶν.
1299 4559 1387 4611 Ἐν
1417 4558 1472 4611 δὲ
1499 4561 1618 4621 ταῖς
1651 4550 1689 4605 ἰ]

1726 4556 2137 4626 intideliumque
2163 4558 2491 4626 populorum
2528 4573 2723 4613 manus
2753 4560 2805 4612 in
2853 4561 3127 4630 regionem
3154 4562 3299 4617 illam

67 4652 263 4719 ἡμέραις
322 4654 579 4712 ἐκείναις
638 4648 998 4718 συναχθέντες
1038 4648 1290 4717 ᾇγροικοί
1321 4667 1488 4716 τινες,
1524 4652 1617 4702 καὶ

65 4741 261 4805 ἄπιστοι,
319 4744 415 4795 καὶ
471 4744 537 4794 ἐν
594 4740 708 4800 τοῖς
751 4740 939 4800 τόποις
988 4740 1221 4803 ἐκείνοις
1263 4739 1613 4804 ἀπελθόντες,

67 4833 251 4897 πολλοὺς
296 4836 407 4887 τῶν
458 4832 821 4905 Χριστιανῶν
873 4831 1192 4899 ἐφόνευσαν.
1254 4831 1313 4884 Ὀ
1363 4831 1418 4884 δέ
1462 4831 1617 4899 ἅγιος

65 4926 203 4990 Asini
229 4929 406 4981 λαϐὼν
430 4931 504 4981 τὰ
540 4927 669 4997 ἱερά
702 4924 873 4993 σκεύη
903 4923 1003 4992 τῆς
1036 4922 1355 4994 ἐκκλησίας,
1384 4924 1613 4993 διεσώθη

67 5019 127 5075 εἷς
152 5021 296 5073 τόπον
325 5020 532 5091 ὀχυρὸν
564 5016 844 5086 ἀπέχοντα
870 5015 981 5068 ἀπὸ
1001 5014 1250 5077 Αὐλῶνος
1288 5016 1437 5084 μίλια
1454 5016 1615 5067 πέντε

67 5109 170 5174 πρὸς
202 5110 498 5165 θάλασσαν.
534 5109 657 5162 Καὶ
701 5107 1052 5169 κατελθόντες
1085 5107 1170 5158 διὰ
1200 5107 1445 5176 σχοινίων
1481 5108 1617 5177 πρὸς

68 5199 191 5250 αἰτόν
216 5202 260 5253 οἱ
287 5202 572 5271 πολέμιοι,
607 5196 916 5267 ἠνάγκαζον
948 5197 1095 5251 θύειν
1130 5196 1207 5267 τῷ
1238 5196 1499 5267 Διονύσῳ,
1532 5197 1615 5250 λέ-

67 5303 234 5353 γοιιτες,
259 5294 337 5343 ὅτι
371 5292 549 5351 αὐτὸς
584 5288 914 5357 δημιουργεῖ
956 5287 1045 5339 τὸν
1078 5283 1238 5342 οἶνον.
1286 5288 1343 5339 Ὀ
1384 5288 1437 5340 δὲ
1464 5289 1617 5356 ἅγιος

67 5378 288 5450 ὡμολόγει
310 5386 398 5437 τόν
428 5381 703 5452 Χριστὸν,
738 5380 912 5447 λέγων
937 5420 950 5444 ,
990 5381 1071 5433 ὃτι
1101 5376 1266 5442 Οὗτός
1303 5383 1451 5434 ἐστιν
1472 5385 1499 5435 ὁ
1526 5385 1616 5436 τὸν

68 5473 231 5542 κόσμον
254 5481 345 5527 καὶ
380 5478 453 5529 τὰ
482 5478 546 5528 ἑν
574 5473 658 5543 τῷ
711 5474 901 5543 κόσμῳ
946 5477 1197 5544 ποιήσας·
1230 5477 1257 5526 ὀ
1280 5475 1334 5527 δὲ
1366 5475 1616 5541 Διόνυσος

70 5562 171 5626 Θ;ο;
201 5570 292 5621 οὐκ
337 5571 516 5632 ἐστιν,
553 5566 701 5619 ἀλλά
747 5564 962 5617 εἴδωλον
1008 5566 1210 5633 κωφὸν,
1259 5568 1351 5619 καὶ
1382 5567 1614 5622 ἄλαλον·

71 5655 107 5702 οἱ
133 5656 177 5708 δὲ
206 5660 553 5730 ὀργισθέντες
595 5656 910 5725 κατέκοψαν
938 5656 1099 5710 αὐτὸν
1125 5657 1264 5726 μετά
1284 5658 1392 5710 τῶν
1426 5658 1613 5726 ξιφῶν,

71 5740 125 5796 ὧν
151 5752 416 5821 ἐκράτουν,
460 5752 565 5807 καὶ
600 5748 838 5818 ἐρῤιψαν
878 5753 934 5804 ἐν
965 5752 1030 5815 τῇ
1076 5749 1319 5822 θαλάσσῃ
1350 5768 1361 5781 ·
1400 5753 1494 5804 καὶ
1531 5754 1613 5805 0-3-

71 5851 149 5902 τως
175 5842 466 5915 ἐτελειώθη.

1719 4648 2071 4711 invadens,iu
2102 4649 2446 4705 Christianos
2482 4665 2578 4719 per
2618 4666 2682 4706 ea
2717 4661 2961 4721 tempora
2992 4656 3303 4710 debaccha-

1720 4749 1888 4795 retur.
1924 4742 2156 4796 Sanctus
2192 4742 2359 4812 igitur
2398 4742 2582 4796 Danax
2619 4744 2858 4813 sumptis
2905 4747 3083 4801 sacris
3122 4747 3299 4802 eccle-

1719 4834 1813 4887 siae
1846 4832 2007 4898 vasis,
2040 4834 2092 4887 in
2122 4833 2395 4887 munitum
2438 4834 2733 4902 quemdam
2772 4835 2949 4890 locum
2979 4838 3050 4893 ab
3087 4838 3300 4892 Aulona

1716 4939 1976 4993 passuum
1999 4926 2239 4980 millibus
2268 4928 2509 4995 quinque
2541 4926 2795 4981 dissitum
2834 4928 2971 4981 mari
3008 4929 3300 4983 imminen-

1718 5024 1824 5070 tem
1857 5017 2118 5087 confugit.
2152 5014 2258 5071 Sed
2293 5017 2368 5070 illi
2406 5032 2502 5087 per
2550 5016 2710 5072 funes
2744 5018 2808 5071 ad
2847 5018 3022 5088 ipsum
3051 5018 3296 5084 demissi,

1719 5109 2135 5178 compcllebant,
2160 5119 2219 5162 ut
2268 5109 2480 5164 Baccho
2527 5110 2881 5176 sacriﬁcaret,
2906 5110 3117 5166 aientes
3147 5113 3296 5166 illum

1718 5216 1841 5256 esse
1873 5202 1981 5254 vini
2029 5211 2331 5256 auctorem.
2353 5200 2444 5257 Ille
2485 5213 2674 5257 contra
2707 5202 2984 5258 Chrismm
3016 5204 3304 5262 confessus

1718 5295 1895 5347 aiebat
1920 5308 2043 5347 eum
2072 5309 2193 5347 esse
2221 5302 2274 5348 et
2320 5295 2506 5349 mundi
2543 5305 2596 5348 et
2629 5298 2873 5351 omnium
2908 5311 3029 5365 qua:
3060 5298 3113 5350 in
3140 5312 3299 5351 mun-

1720 5384 1790 5436 do
1821 5394 1949 5436 sunt
1999 5382 2589 5450 factorem;Bai-.chum
2639 5402 2766 5443 vero
2794 5403 2903 5442 non
2950 5391 3109 5442 deum
3154 5403 3298 5454 esse,

1721 5475 1813 5529 sed
1870 5476 2097 5529 surdum
2156 5484 2476 5548 mutumque
2532 5478 2961 5547 idolum.Quare
3008 5480 3298 5552 indignati,

1720 5566 1935 5635 gladiis,
1960 5583 2099 5637 quos
2124 5568 2399 5634 tenebant,
2428 5584 2629 5625 caesum
2666 5586 2814 5629 mare
2833 5572 2887 5629 in
2915 5571 3297 5645 proiecerunt:

1719 5671 1881 5730 atque
1910 5661 2058 5716 hanc
2090 5662 2213 5717 vita:
2242 5664 2445 5718 exitum
2471 5663 2679 5719 habuit.
