4154 6504
705 448 802 510 271

1951 445 2001 503 Μ
2015 443 2306 505 ENOLOG
2320 445 2376 504 II
2420 446 2613 508 PARS
2653 449 2732 510 II.

3874 440 3977 500 272

699 559 816 630 gari
845 555 1032 627 jussit.
1060 553 1384 609 Fluctuante
1425 553 1590 624 igitur
1618 553 1780 616 unda,
1812 561 1864 606 et
1896 552 2126 622 glaciem
2159 566 2290 620 pau-

2400 552 2602 616 ίππους
2640 554 2732 607 καὶ
2775 553 2873 616 τὰς
2915 551 3156 624 ἁμάξας,
3193 551 3464 620 πήξαντες
3501 548 3689 602 ὲπάκω
3717 546 3810 600 τοῦ
3843 564 3969 616 κρυ·

699 651 847 704 latim
882 655 1113 717 augente
1136 654 1190 700 et
1211 645 1276 698 ad
1311 644 1511 698 collum
1548 660 1720 714 usque
1749 655 2057 697 sanctorum
2095 656 2286 694 ascen-

697 744 880 802 dente,
923 739 1190 794 acerrimo
1253 736 1472 808 frigoris
1533 737 1722 791 dolore
1796 733 2049 800 confecti,
2100 733 2285 789 beatas

699 835 913 888 animas
948 829 1176 884 Domino
1205 830 1570 883 tradiderunt.
1777 837 1788 843 ‘

2397 646 2621 699 στάλλου
2650 647 2782 711 ξύλα
2813 647 3050 717 μεγάλα,
3082 647 3158 708 ὡς
3193 642 3493 717 αὐτόρῥιζα
3517 641 3733 710 δένδρα,
3765 639 3971 710 προσέ-

2393 736 2563 806 δησαν
2589 741 2708 791 ἐκεῖ
2731 740 2856 801 τοὺς
2879 739 3091 805 ἁγίους.
3116 739 3222 790 Καὶ
3239 738 3331 790 τοῦ
3352 735 3544 796 ὓδατος
3562 730 3976 801 κυματίζοντος,

2393 832 2487 882 καὶ
2524 831 2841 903 κρύσταλλα
2866 832 3270 898 ἐπαυξάνοντος
3309 828 3432 882 κατ’
3461 827 3664 896 ὀλίγον,
3707 826 3804 878 καὶ
3834 822 3978 892 φθά-

700 944 890 988 σαντος
920 927 1025 989 ἓως
1050 923 1146 978 τοῦ
1165 923 1441 995 τραχήλου
1469 922 1577 976 τῶν
1606 921 1796 990 ἁγίων,
1819 922 1926 974 ἀπο
1955 922 2052 992 τῆς
2081 920 2284 991 πολλῆς
2314 921 2649 996 δριμύτητος
2712 929 2805 981 καὶ
2866 927 2963 997 τῆς
3021 925 3213 996 ὀδύνης
3241 923 3336 978 τοῦ
3375 921 3596 993 κρύους,
3654 915 3978 988 παρέδωκαν

618 1032 619 1035 ‘
695 1021 797 1085 τὰς
824 1020 1105 1091 μακαρίας
1137 1017 1316 1070 αὐτῶν
1345 1015 1525 1084 ψυχὰς
1555 1015 1631 1086 τῷ
1660 1013 1870 1084 Κυρίῳ.

1340 1126 1538 1178 Eodem
1560 1124 1646 1178 die

704 1245 861 1318 125
893 1239 1342 1318 Commemoratur
1373 1236 1546 1289 sancti
1576 1234 1761 1318 Putris
1795 1235 1968 1316 nostri
2006 1232 2282 1304 Euthgmit'

1053 1311 1342 1381 presbyteri
1377 1319 1424 1362 et
1460 1311 1698 1376 magistri
1721 1311 1898 1359 eremi.

771 1497 1101 1570 Euthymius
1143 1508 1399 1562 magnus,
1442 1490 1703 1544 Gratiano
1747 1489 2097 1558 imperatore,
2133 1487 2286 1541 Meli-

701 1595 828 1648 tinze
879 1594 932 1645 in
962 1588 1238 1651 Armenia,
1277 1584 1447 1638 Paulo
1475 1591 1527 1635 et
1553 1582 1809 1650 Dionysia
1842 1590 2001 1635 natus
2040 1590 2121 1635 est
2150 1597 2162 1632 :
2195 1580 2284 1648 qui

701 1701 825 1739 eum
864 1682 1076 1737 steriles
1102 1690 1303 1742 essent,
1329 1691 1357 1730 a
1396 1675 1502 1728 Deo
1524 1674 1832 1728 dilicerunt
1857 1673 1994 1738 l‘ore,
2024 1682 2082 1727 ut
2117 1672 2284 1726 filium

703 1777 1006 1846 gignerent,
1035 1786 1145 1842 quo
1170 1778 1426 1824 nascente
1455 1777 1600 1822 totus
1629 1767 1885 1828 mundus,
1912 1767 2289 1834 universteqnc

2953 1132 3032 1201 Τῇ
3072 1130 3211 1201 αὐτῇ
3247 1127 3431 1200 ἡμέρᾳ

2396 1243 2613 1312 Μνήμη
2641 1244 2748 1297 τοῦ
2791 1243 2966 1297 ὁσίου
2993 1241 3222 1309 Πατρὸς
3285 1239 3454 1309 ἡμῶν
3487 1235 3791 1312 Εὐθυμίᾳ)
3847 1248 3984 1312 {ipso

2471 1301 2770 1382 σὲυτέρου
2822 1301 3171 1382 γενομένοῖ),
3201 1301 3673 1377 καίᾞιαθηγητοῦ
3703 1303 3812 1374 τῆς
3841 1301 3982 1370 ἐρή-

2464 1403 2604 1454 μου.

2465 1496 2743 1565 Εύθύμιος
2763 1497 2790 1548 6
2812 1494 2986 1564 μέγας
3020 1488 3088 1564 ἦν
3115 1493 3207 1546 ἐπὶ
3232 1491 3333 1562 τῆς
3361 1489 3637 1560 βασιλείας
3652 1483 3982 1560 Γρατιανοῦ,

2399 1590 2507 1645 ἀπὸ
2533 1588 2831 1655 Μελιτινῆς
2865 1586 3076 1649 πόλεως
3115 1586 3433 1656 Ἀρμενίας,
3471 1584 3585 1646 υίὸς
3622 1581 3836 1637 Παύλου
3887 1581 3987 1634 καὶ

2395 1683 2713 1745 Διονυσίαςο
2761 1680 2959 1742 οἵτινες
3025 1679 3120 1732 καὶ
3172 1679 3389 1733 ἄτεκνοι
3441 1677 3615 1742 ὄντες,
3688 1674 3793 1730 ὑπὸ
3843 1673 3983 1728 Θεοῦ

2394 1779 2656 1848 ἤκουσαν,
2715 1774 2796 1827 ὅτι
2841 1773 3057 1826 παιδίον
3104 1772 3464 1841 γεννήσουσι,
3520 1770 3615 1823 καὶ
3670 1769 3752 1822 ὅτι
3801 1769 3860 1820 ἐν
3913 1768 3982 1836 τῇ

704 1867 958 1926 Ecclesiae
989 1865 1134 1919 bono
1163 1862 1346 1917 animo
1368 1869 1588 1915 essent:
1615 1859 1970 1929 quamobrem
2004 1874 2126 1913 cum
2157 1874 2291 1928 puer

2400 1869 2658 1938 γεννήσει
2707 1864 2872 1920 αὑτοῦ
2931 1865 3300 1935 εύθυμήσουσι
3358 1865 3527 1916 πᾶσαι
3574 1862 3629 1914 ai
3670 1858 3986 1931 ἐκκλησίαι,

704 1972 868 2017 natus
899 1969 1001 2023 est,
1035 1956 1389 2026 Euthymium
1417 1954 1593 2017 illum,
1625 1953 1730 2006 hoc
1775 1959 1878 2015 est,
1909 1951 2054 2006 bono
2102 1951 2291 2004 hilari-

704 2071 810 2125 que
855 2053 1038 2107 animo
1077 2050 1388 2120 praaditum,
1414 2046 1777 2116 appe'Jarunt.
1826 2043 2076 2114 Cumque
2109 2043 2294 2099 adole-

709 2151 894 2209 vissct.
921 2145 1156 2201 clericus
1184 2142 1418 2212 pzimum
1462 2140 1528 2192 ah
1567 2137 1683 2206 ejus
1717 2139 1819 2193 loci
1855 2141 2112 2208 episcopo
2146 2137 2294 2192 ordi-

706 2251 870 2296 natus
908 2244 1024 2303 est;
1059 2236 1255 2291 deinde
1277 2233 1580 2304 presbyter,
1613 2240 1665 2285 et
1711 2232 2087 2285 crenobiorum
2136 2244 2295 2284 exar-

705 2339 861 2390 chus.
931 2330 1055 2386 Mox
1107 2327 1481 2396 Hierosolyma
1533 2321 1831 2394 proiectus,
1884 2324 1934 2376 in
1975 2322 2291 2392 speluncam

707 2427 883 2484 sancti
943 2421 1243 2479 Theoctisti
1303 2420 1548 2482 secessit,
1590 2419 1773 2487 ibique
1819 2415 2171 2486 tranquillam
2207 2415 2291 2469 vi-

708 2534 815 2582 tam
851 2520 961 2592 egit
995 2537 1008 2574 :
1039 2532 1214 2587 coque
1253 2515 1305 2569 in
1337 2515 1600 2567 virtutum
1651 2510 2134 2566 exercitationibus
2167 2524 2294 2580 pro-

704 2613 893 2680 cessit,
921 2621 978 2666 ut
1046 2624 1259 2666 summa
1317 2606 1623 2662 sanctitatis
1683 2605 1940 2674 Opinione
1991 2602 2294 2658 Saracenos

707 2707 936 2776 singulis
965 2705 1157 2759 diebus
1183 2701 1248 2755 ad
1295 2700 1500 2754 Christi
1557 2699 1716 2752 [idem
1781 2697 2042 2761 traheret,
2091 2709 2295 2765 eosque

707 2816 832 2855 eum
864 2796 1085 2852 farniliis
1113 2795 1228 2850 suis
1276 2793 1598 2862 baptizaret.
1629 2789 1888 2844 Plurimis
1928 2789 2090 2842 etiam
2125 2788 2293 2840 mira-

708 2893 850 2948 culis
881 2891 1064 2944 clarus
1092 2886 1194 2942 fuit
1231 2905 1243 2939 :
1280 2900 1518 2956 cumquo
1557 2883 1851 2952 aliquando
1904 2881 2180 2952 liturgiam
2206 2895 2296 2935 cc-

708 2986 966 3046 lebraret,
997 2981 1149 3034 visus
1171 2986 1254 3031 est
1282 2977 1454 3047 igneae
1478 2975 1746 3029 columnae
1777 2974 2009 3043 speciem
2032 2974 2292 3027 induisse.

711 3077 940 3131 Demum
972 3070 1330 3141 nonagesimo
1365 3067 1599 3137 septimo
1645 3066 1822 3120 aetatis
1844 3080 2010 3130 anno,
2040 3066 2092 3119 in
2153 3065 2295 3120 bona

709 3173 993 3219 senectute
1056 3160 1122 3215 ad
1180 3159 1469 3214 Dominum
1535 3155 1806 3228 migravit,
1861 3153 2045 3210 Leone
2097 3170 2294 3225 magno

707 3258 1055 3326 imperatore.

1240 3356 1469 3415 EODEM
1498 3355 1642 3412 MEN
1650 3355 1753 3412 SE.

1193 3467 1289 3522 Dic
1319 3467 1579 3522 vicesima
1611 3466 1786 3536 prima

856 3583 1018 3654 126
1044 3580 1324 3638 Certamen
1373 3579 1547 3634 sancti
1576 3580 1825 3650 martyris
1860 3576 2146 3649 Neophyti.

781 3711 1097 3782 Neophytus
1147 3707 1349 3762 Chriin
1386 3717 1612 3776 martyr,
1649 3706 2008 3772 Diocletiano,
2057 3707 2298 3778 impera-

713 3815 851 3870 tcre,
884 3820 948 3856 cx
982 3803 1159 3854 Nicaea
1194 3799 1460 3868 Bithynia:
1489 3800 1626 3855 urbe
1677 3799 1802 3862 fuit,
1837 3799 2164 3858 Christianis
2199 3817 2295 3873 pa-

709 3896 956 3952 rentibus
986 3893 1275 3948 Theodoro
1317 3901 1371 3946 et
1395 3890 1672 3945 Florentia
1704 3901 1886 3946 natus.
1916 3893 2111 3948 Adhuc
2159 3910 2297 3965 puer

712 3987 887 4059 gratia
942 3985 1039 4040 Dei
1087 3987 1304 4056 plenus,
1341 3983 1600 4038 miracula
1659 3986 1926 4054 patrabat.
1952 3985 2089 4040 Cum
2148 3986 2294 4041 enim

709 4079 957 4135 scholam
997 4076 1174 4130 adiret
1193 4090 1316 4130 cum
1347 4076 1464 4130 suis
1491 4075 1905 4146 condiscipulis,
1935 4079 2148 4144 orabat,
2176 4093 2298 4133 eos-

709 4187 816 4242 que
844 4169 1138 4224 nutriebat.
1194 4166 1540 4237 Quocunque
1585 4181 1763 4223 autem
1797 4184 1857 4224 se
1884 4169 2178 4236 conferret,
2213 4185 2299 4226 se—

710 4263 982 4331 quebatur
1003 4275 1128 4315 eum
1161 4261 1432 4326 columba,
1462 4270 1514 4314 et
1547 4261 1788 4316 humana
1837 4277 1970 4318 voce
1997 4279 2122 4317 cum
2177 4264 2298 4333 ipso

711 4355 1174 4424 colloquebatur:
1227 4369 1391 4423 quam
1465 4367 1589 4407 cum
1666 4365 1839 4409 mater
1893 4356 2113 4411 vidisset
2171 4372 2296 4412 cum

716 4464 884 4518 puero
905 4447 1326 4517 colloquentem.
1355 4461 1468 4515 pra
1503 4448 1696 4501 timore
1743 4448 2053 4503 exanimata
2107 4451 2296 4504 conci-

711 4543 810 4596 dit.
845 4542 912 4594 At
964 4548 1188 4595 sanctus
1240 4539 1387 4591 illam
1425 4539 1676 4608 precibus
1716 4538 1782 4592 ad
1826 4540 1993 4594 vitam
2055 4556 2084 4594 a
2124 4551 2297 4596 morte

2399 1966 2493 2016 καὶ
2525 1965 2552 2016 6
2589 1961 2815 2030 κόσμος.
2853 1959 2952 2012 Διὰ
2981 1958 3142 2010 τοῦτο
3175 1959 3268 2010 καὶ
3303 1959 3390 2011 ὅτε
3431 1954 3700 2026 ἐγεννήθη
3752 1953 3812 2006 τδ
3843 1969 3982 2005 παι-

2395 2056 2528 2120 δίον,
2562 2054 2855 2122 ὠνόμασαν
2883 2052 3016 2106 αύτὺ
3046 2050 3341 2115 Εύθύμιον.
3361 2045 3630 2118 Αύξηθεὶς
3658 2046 3734 2110 δὲ,
3765 2044 3986 2113 ἐγένετο

2397 2146 2658 2216 κληρικὸς
2711 2144 2862 2218 παρὰ
2921 2143 3014 2198 τού
3069 2145 3250 2196 ἐκεῖσε
3306 2143 3648 2206 ἐπισκόπου,
3708 2135 3829 2192 εἶτα
3883 2135 3990 2190 καὶ

2399 2237 2794 2307 πρεσϐύτερος,
2833 2235 2930 2288 καὶ
2974 2234 3204 2304 ἔξαρχος
3246 2232 3356 2285 τῶν
3406 2229 3807 2301 μοναστηρίων.
3847 2222 3987 2280 Εῐτα.

2397 2330 2646 2400 ἀπῆλθεν
2678 2332 2760 2393 είς
2826 2328 3182 2400 Ἰεροσόλυμα
3209 2343 3223 2357 υ
3264 2325 3361 2379 καὶ
3387 2327 3444 2377 ἐν
3481 2324 3560 2395 τῷ
3605 2319 3858 2390 σπηλαίῳ
3885 2317 3986 2372 τοῦ

2397 2422 2546 2475 ὁσίου
2582 2419 2912 2474 Θεοκτίστου
2945 2415 3222 2490 ἡσύχαζεν
3243 2433 3256 2447 ·
3291 2413 3546 2468 τοσοῦτον
3571 2413 3627 2466 δὲ
3647 2410 3989 2481 ἠγωνίσατο,

2397 2511 2563 2579 ὥστε,
2610 2512 2701 2567 διὰ
2739 2512 2839 2582 τὴν
2873 2510 3076 2582 ἀρετὴν
3125 2509 3315 2573 αὑτοῦ,
3372 2503 3821 2579 παρασκευάζειν
3852 2503 3990 2564 τοὺς

2397 2605 2755 2678 Σαρακηνούς
2792 2604 2913 2659 καθ’
2940 2604 3183 2674 ἑκάστην
3211 2603 3426 2673 ἡμέραν
3469 2597 3868 2671 προσέρχεσθαι
3903 2596 3991 2664 τῷ

2395 2699 2619 2772 Χριστῷ
2661 2698 2756 2752 καὶ
2798 2695 3180 2768 βαπτίζεσθαι,
3239 2694 3378 2766 μετὰ
3435 2692 3635 2755 παντὸς
3684 2689 3777 2744 τοῦ
3828 2690 3994 2742 οτκου

2397 2789 2602 2844 αὐτῶν.
2628 2789 2808 2842 Πολλὰ
2830 2788 2886 2842 δέ
2910 2787 3168 2858 θαύματα
3185 2787 3482 2855 εἰργάσατο
3503 2800 3514 2813 '
3539 2784 3633 2836 xci.
3651 2779 3995 2852 λειτουργῶν

2399 2883 2599 2952 ἐφάνη,
2631 2883 2708 2945 ὠς
2747 2881 2942 2941 στύλος
2975 2880 3167 2950 πυρός.
3216 2878 3510 2948 Ὑπάρχων
3545 2875 3602 2929 δέ
3629 2875 3767 2928 ἐτῶν
3794 2875 3998 2944 ἐνενη-

2399 2975 2739 3040 κονταεπτὰ,
2777 2975 2836 3028 ἐν
2869 2972 3020 3042 καλῷ
3041 2973 3192 3043 γήρᾳ
3217 2971 3353 3041 πρὸς
3384 2969 3590 3039 Κύριον
3622 2966 3995 3039 ἐξεδήμησεν,

2397 3070 2492 3124 ἐπὶ
2522 3071 2622 3142 τῆς
2653 3067 2936 3139 βασιλείας
2959 3067 3186 3131 Λέοντος
3215 3063 3312 3120 τοῦ
3343 3062 3604 3136 μεγάλου.

2901 3367 2955 3419 Μ
2965 3366 3081 3418 HN]
3116 3366 3202 3435 Τῼ
3227 3365 3434 3435 ΛΥΤῼ.

3115 3474 3226 3530 KA'

2537 3593 2823 3661 Ἀθλησις
2852 3590 2956 3645 τοῦ
2979 3590 3150 3660 ἁγίου
3180 3590 3483 3660 μάρτυρος
3521 3590 3852 3659 Νεοςούτου.

2469 3715 2749 3784 Νεόφυτος
2806 3715 2836 3767 6
2873 3714 3083 3786 μάρτυς
3128 3713 3225 3766 τοῦ
3275 3713 3514 3784 Χριστῶ
3577 3713 3822 3784 ὑπῆρχεν
3876 3713 4001 3767 ἀπὸ

2399 3808 2610 3869 πόλεως
2640 3807 2876 3870 Νικαίας
2927 3806 3029 3876 τῆς
3082 3806 3359 3872 Βιθυνίας,
3409 3805 3502 3859 ἐπὶ
3553 3807 3650 3874 τῆς
3708 3804 4006 3874 βασιλείας

2400 3899 2824 3971 Διοκλητιανοῦ,
2880 3901 3001 3964 υίὸς
3047 3902 3248 3969 γονέων
3305 3900 3673 3973 Χριστιανῶν,
3706 3899 4003 3970 Θεοδώρου

2401 3995 2498 4048 καὶ
2547 3993 2912 4064 Φλωρεντίας.
2957 3993 3181 4047 Παιδίον
3211 3993 3270 4047 δὲ
3298 3991 3396 4056 ὢν,
3433 3993 3584 4061 ὅμως
3613 3991 3796 4062 χάριτι
3846 3991 4005 4044 Θεοῦ

2401 4084 2786 4154 ἐπεπλήρωτο,
2806 4083 2900 4136 καὶ
2933 4083 3392 4156 ὲθαυματούργει.
3413 4085 3506 4149 Είς
3528 4084 3637 4154 γὰρ
3656 4084 3717 4136 τὸ
3745 4076 4007 4152 σχολεῐον

2401 4173 2803 4246 ἀπερχόμενος,
2841 4176 2980 4245 μετὰ
3005 4177 3111 4229 τῶν
3135 4177 3487 4246 συσχολιτῶν,
3521 4175 3864 4248 προσηύχετο
3892 4177 4008 4229 καὶ

2400 4263 2686 4335 διέτρεφεν
2740 4264 2962 4327 αύτούς.
3009 4264 3321 4318 Ἠκολούθει
3351 4266 3406 4318 δὲ
3441 4265 3591 4335 αύτῷ
3622 4265 3854 4318 πάντοτε
3889 4283 4010 4319 πε-

2405 4357 2632 4426 ριστερὰ
2659 4396 2673 4420 ,
2717 4358 2815 4408 καὶ
2845 4359 2998 4426 φωνῇ
3033 4357 3348 4428 ἀνθρωπίνῃ
3380 4358 3776 4426 συνετύγχανεν
3808 4359 4004 4428 αύτῷ.

2419 4445 2506 4511 Ἐξ
2546 4442 2610 4499 οὗ
2655 4447 2750 4499 καὶ
2791 4447 3076 4502 ἀκούσασα
3103 4451 3134 4517 ὴ
3163 4450 3348 4519 μήτηρ
3377 4450 3470 4501 τού
3505 4451 3662 4517 ἁγίου
3690 4451 3786 4518 τῆς
3827 4467 4014 4520 περε-

2402 4539 2605 4607 στερᾶς
2644 4536 3005 4607 ἀνθρωπίνως
3054 4540 3448 4609 διαλεγομένης
3503 4541 3672 4608 αὐτῷ,
3713 4540 3822 4593 ἀπὸ
3890 4544 4010 4596 τοῦ

712 4631 1010 4689 revocavit.
1053 4630 1289 4686 Montem
1319 4630 1605 4701 Olympum
1653 4631 1969 4702 frequenter
2027 4647 2294 4688 conscen-

2409 4629 2580 4699 <p66ou
2605 4630 2882 4683 ἀπέθανεν
2903 4647 2918 4661 ⁸
2935 4631 3052 4685 ἀλλ’
3074 4633 3102 4683 ὁ
3119 4631 3273 4701 ἅγιος
3297 4632 3488 4703 αὐτὴν,
3521 4633 4009 4704 προσευξάμενος,

710 4729 867 4791 dens,
901 4725 974 4779 ibi
1025 4724 1264 4779 orationi
1307 4727 1555 4778 vacabat.
1593 4726 1773 4792 Quare
1815 4724 2028 4778 delatus
2078 4725 2145 4778 ad
2201 4724 2298 4780 De-

711 4821 858 4874 cium
928 4815 1267 4887 praefectum,
1331 4816 1560 4885 ejusque
1619 4817 1775 4886 jussu
1835 4815 2296 4885 comprehensus,

711 4911 897 4980 ﬂagris
925 4907 1305 4962 crudelissime
1326 4908 1586 4972 caeditur;
1619 4923 1744 4961 mox
1791 4910 1842 4961 in
1897 4908 2174 4963 fornacem
2208 4925 2299 4962 ar-

710 5003 926 5054 dentem
965 4999 1244 5053 immissus
1299 4999 1392 5052 sed
1438 4999 1561 5052 inde
1610 4999 1899 5053 incolumis
1945 5001 2297 5065 evadens,ad

713 5092 916 5147 bestias
945 5091 1240 5145 damnatur
1271 5107 1285 5144 :
1318 5105 1555 5159 cumque
1585 5093 1653 5144 ab
1709 5092 1775 5145 iis
1829 5093 2031 5148 iiltBSIIs
2085 5108 2298 5162 perma-

715 5193 888 5246 neret,
922 5183 1102 5252 gladio
1151 5182 1370 5236 tandem
1422 5183 1490 5236 ab
1517 5197 1624 5237 uno
1681 5199 1746 5237 ex
1785 5183 1870 5249 iis,
1904 5186 1995 5254 qui
2042 5185 2298 5255 pnel'ecto

713 5275 1067 5340 assistebant,
1103 5289 1282 5329 casus
1303 5283 1404 5328 est.

1346 5380 1548 5436 Eodem
1573 5381 1660 5437 die

717 5476 875 5547 127
912 5474 1360 5531 Commemoratio
1388 5476 1563 5529 sancti
1607 5475 1811 5531 Ζοοίηιί
1844 5479 2075 5548 episcopi
2126 5478 2297 5549 Syra.

1423 5562 1586 5600 εαεω.

786 5650 1022 5711 Sanctus
1054 5654 1212 5711 Pater
1258 5668 1443 5712 noster
1483 5655 1736 5712 Zosimus
1786 5659 1839 5712 in
1900 5657 2083 5713 Sicilia
2133 5659 2303 5714 tideli-

711 5744 842 5810 bus,
870 5745 996 5814 piis,
1029 5745 1402 5816 divitibusque
1457 5747 1778 5815 parentibus
1839 5759 2002 5804 natus
2062 5758 2167 5816 est,
2206 5749 2300 5819 qui

709 5837 853 5903 apud
890 5836 1283 5890 Inonasterium
1314 5834 1719 5892 sanctze‘Luciaa
1743 5837 1970 5910 virginis
1997 5841 2302 5908 posscssio-

711 5943 833 5984 ηοω
876 5928 1165 5987 habebant.
1206 5929 1454 6001 Cumque
1503 5929 1556 5985 in
1617 5931 1790 5986 locem
1855 5933 2033 5992 editus
2077 5932 2297 6003 fuisset,

2401 4723 2725 4792 ἀνέστησεν.
2797 4722 3090 4791 Ἀνήρχετο
3121 4723 3178 4776 δέ
3224 4725 3304 4786 είς
3337 4725 3397 4776 τὸ
3438 4723 3565 4794 ὅρος
3627 4725 3835 4794 συχνῶς
3887 4727 4006 4779 τοῦ

2415 4813 2723 4882 Ὀλύμπου,
2757 4812 2854 4865 καὶ
2903 4810 3167 4882 ἡσύχαζε.
3202 4813 3310 4865 Καὶ
3343 4814 3531 4882 μαθὼν
3560 4815 3627 4866 τὰ
3658 4816 3787 4884 περὶ
3815 4815 4012 4869 αὑτοῦ

2400 4905 2429 4956 6
2460 4903 2689 4974 ἡγεμὼν
2723 4904 2938 4966 Δέκιος,
2970 4903 3322 4966 ἀποστείλας,
3359 4906 3452 4958 καὶ
3483 4905 3764 4975 κρατήσας
3795 4905 4009 4973 αὑτὸν,

2403 4994 2604 5063 ἔτυψεν
2639 4994 2899 5065 ίσχυρῶς.
2934 4990 3069 5047 Εἶτα
3111 4996 3190 5057 είς
3221 4995 3454 5065 φοῦρνον
3491 4996 3817 5064 πυρωθέντα
3870 4996 4015 5050 ἐνέν

2403 5085 2588 5139 ϐαλεν.
2652 5086 2810 5139 Ἀλλὰ
2844 5087 2936 5138 καὶ
2988 5089 3050 5139 ἐκ
3080 5085 3174 5138 τοῦ
3213 5087 3444 5156 φούρνου
3497 5089 3712 5151 σωθεὶς,
3764 5087 4014 5156 ἐθηριο-

2407 5179 2621 5248 μάχησε
2644 5194 2658 5209 ο
2703 5182 2796 5230 καὶ
2824 5177 2935 5230 τῶν
2971 5177 3177 5249 θηρίων
3201 5178 3518 5248 λυτρωθείς,
3548 5178 3849 5248 ἀπεσφάγη
3881 5179 4019 5234 ὑπὸ

2401 5274 2521 5336 ἐνὸς
2551 5273 2659 5326 τῶν
2686 5273 3114 5344 παρεστηκότων
3139 5273 3215 5344 τῷ
3245 5275 3486 5344 ἄρχοντι.

2961 5384 3043 5454 τῇ
3075 5385 3214 5453 αὐτῇ
3248 5386 3433 5454 ἡμέρᾳ

2402 5476 2620 5546 Μνήμη
2669 5474 2777 5529 τοῦ
2841 5477 3017 5530 όσίου
3074 5479 3350 5563 Ζωσίμου
3403 5475 3740 5530 ἐπισκόπου
3796 5478 4023 5545 Συρα-

3074 5563 3327 5614 κουσης.

2474 5653 2725 5725 Ζώσιμος
2755 5655 2783 5708 6
2824 5655 2883 5706 ἐν
2914 5653 3091 5722 ἁγίοις
3136 5655 3326 5723 Πατὴρ
3378 5655 3557 5723 ἡμῶν,
3610 5653 3830 5722 ἐγένετο
3880 5655 4026 5712 ἀπὸ

2404 5745 2678 5812 Σικελίας,
2722 5746 2837 5808 υίὸς
2866 5747 3068 5811 γονέων
3103 5745 3310 5798 πιστῶν
3362 5748 3456 5799 καὶ
3492 5747 3754 5811 εύλασών,
3804 5747 3903 5800 καὶ
3941 5753 4022 5805 ὲν

2405 5839 2716 5910 αὐταρκείᾳ
2762 5837 3008 5903 ζώντων.
3064 5835 3279 5900 Οἰτινες
3322 5832 3468 5906 εἶχον
3520 5839 3705 5906 κτῆμα
3757 5838 4024 5903 πλησίον

2405 5931 2503 6002 τῆς
2535 5936 2700 6004 μονῆς
2733 5928 2832 6002 τῆς
2863 5933 3022 6000 ἁγίας
3050 5933 3286 5999 Λουκίας
3313 5936 3410 6002 τῆς
3445 5931 3741 6004 παρθένου,
3774 5933 3906 5985 Ὀςξ
3946 5937 4026 5990 ἀὲ
