4154 6504
169 432 265 498 ‘28!

720 546 795 613 Τῇ
835 544 971 613 αὕτῇ
1010 544 1191 612 ἡμέεςι

172 639 385 707 Ενῆμη
418 638 527 691 τοῦ
563 637 738 690 ὁσίου
776 634 1162 704 Ξενοφῶντος
1190 636 1288 707 irai
1347 631 1745 707 tiic_o'vy€¢cu

229 702 446 770 αὗτοῦ,
488 709 589 760 καί
634 707 756 760 τῶν
778 702 1007 760 τέκνων
1055 704 1241 757 αὑτοῦ
1277 702 1589 771 Ἀρκαδίου
1648 704 1749 753 καί

244 779 535 835 Ἰωάννου
544 818 556 830 .

227 888 487 957 Ξενοφῶν
519 888 549 940 6
577 888 636 939 ἐν
663 885 838 953 ἁγίοις
870 885 1059 955 Πατὴρ
1090 883 1247 955 ἡμῶν
1271 878 1339 955 ἦν
1380 882 1745 950 συγκλητικὸς

162 982 217 1031 ἐν
244 975 1133 1042 Κωνσταντινουπόλει,θεοσε6ὴς
1186 973 1282 1026 καὶ
1346 974 1592 1042 ’ἴεήμων
1656 972 1749 1026 καὶ

163 1072 397 1133 εἰκαιος,
431 1070 527 1121 καὶ
550 1070 731 1120 πᾶσαν
766 1066 968 1137 ἀρετὴν
1009 1066 1168 1136 ἔχων.
1197 1061 1306 1119 Ἦν
1335 1066 1391 1119 δὲ
1416 1066 1511 1119 καὶ
1537 1067 1747 1130 ἔνδοξος

162 1163 252 1214 καὶ
286 1161 550 1220 πλούσιος
581 1161 809 1231 σφόδρα,
838 1160 1101 1228 γεννήσας
1136 1158 1193 1211 δὲ
1240 1158 1333 1211 δύο
1361 1158 1555 1220 παῖδας
1620 1160 1746 1227 ’Λρ-

160 1254 346 1306 κὰδιον
385 1258 481 1306 καὶ
524 1253 802 1322 Ἰωάννην,
832 1251 927 1304 καὶ
960 1251 1271 1321 ἀναθρέψας
1299 1250 1498 1314 αὐτοὺς
1537 1252 1592 1302 ἐν
1622 1267 1749 1301 παι-

158 1344 277 1414 δείᾳ
310 1345 405 1395 καὶ
434 1342 688 1411 νουθεσίᾳ
745 1344 974 1413 Κυρίου,
1041 1341 1361 1395 ἀπέστειλεν
1388 1342 1468 1403 εἰς
1506 1340 1748 1410 Βηρυτὸν

159 1433 259 1502 τὴν
286 1433 466 1494 πόλιν,
498 1432 585 1484 ῖκα
620 1432 837 1500 μάθωσι
882 1432 1007 1493 τοὺς
1047 1431 1264 1499 νόμους.
1333 1428 1461 1499 Εἶχε
1517 1430 1624 1498 γὰρ
1661 1429 1743 1480 τόη

157 1546 217 1582 τε
248 1532 283 1600 ἡ
313 1529 542 1597 τοιαύτη
582 1529 735 1590 πόλις
770 1530 1041 1581 παντοίων
1078 1529 1422 1606 μαθημάτων
1473 1526 1747 1597 βιϐλιοθή-

158 1639 281 1685 κας.
331 1621 491 1675 Ἐπεὶ
516 1621 571 1674 δὲ
608 1624 749 1675 κατὰ
798 1621 1077 1675 θάλασσαν
1144 1620 1491 1691 ἐναυάγησαν
1548 1622 1597 1673 oi
1641 1621 1748 1672 υίοὶ

160 1712 329 1765 αὑτοῦ
354 1753 367 1775 ,
402 1712 591 1782 μαθὼν
623 1712 783 1765 τοῦτο
818 1714 970 1782 παρά
1017 1730 1161 1775 τινος
1190 1713 1299 1766 τῶν
1324 1712 1527 1765 δούλων
1558 1711 1742 1777 αὐτοῦ,

158 1807 350 1875 ἐξῆλθε
386 1807 529 1877 μετὰ
553 1810 652 1877 τῆς
684 1806 940 1875 γυναικὸς
969 1806 1136 1860 αὑτοῦ
1176 1810 1257 1870 είς
1280 1809 1380 1876 τὴν
1408 1807 1585 1859 αὐτῶν
1613 1807 1745 1859 ἁνα-

1546 432 1676 489 3ΑΝ
1694 429 1979 492 UARIUS

3324 432 3434 496 282

2482 541 2683 597 Eodem
2707 542 2794 597 die

1856 632 2015 704 138
2043 632 2485 687 Commemoratio
2522 636 2695 687 sancti
2732 632 3091 701 Xenophontis
3141 644 3191 688 et
3247 634 3429 703 conju-

2021 705 2097 771 gis
2130 705 2262 770 ejus,
2298 720 2357 755 ar
2384 704 2619 772 ﬁliorum
2648 704 2867 758 Arcadii
2918 713 2972 758 et
3005 704 3252 759 Joannis.

1921 890 2157 944 Sanctus
2215 892 2369 946 Pater
2425 902 2610 947 noster
2666 890 2992 961 XenOphon,
3038 891 3121 946 vir
3171 892 3428 947 senatorii

1850 980 2057 1033 ordinzs
2113 980 2607 1050 Constantinopoli,
2655 982 2800 1052 pius,
2852 982 2904 1035 in
2968 996 3231 1051 pauperes
3287 981 3430 1035 beni-

1849 1084 2005 1137 gnus.
2062 1069 2263 1139 justus.
2320 1070 2681 1139 omnibusque
2755 1071 3055 1126 virtutibus
3105 1081 3425 1131 exornatus.

1852 1162 2129 1230 gloriaque
2166 1177 2229 1216 ac
2258 1162 2457 1216 divitiis
2504 1163 2796 1226 excellens,
2831 1162 2969 1217 duos
3004 1162 3247 1231 suscepit
3269 1163 3427 1226 filios,

1854 1252 2143 1306 Arcadium
2173 1260 2227 1307 et
2258 1252 2543 1313 Joannem.
2575 1268 2714 1322 quos
2739 1253 2897 1307 bonis
2931 1255 3179 1309 moribus
3224 1258 3429 1308 educa-

1850 1355 1953 1409 tos,
1988 1358 2049 1397 ac
2083 1343 2278 1397 timore
2310 1342 2523 1399 Domini
2550 1345 2811 1405 imbutos.
2848 1347 2902 1398 in
2940 1347 3127 1399 urbem
3172 1345 3427 1416 Berytum

1850 1436 2017 1498 misit,
2064 1446 2119 1487 ιιι
2184 1436 2289 1499 juri
2341 1449 2561 1503 Operam
2622 1436 3042 1491 darentzerant
3100 1438 3243 1491 enim
3299 1448 3427 1491 tunc

1851 1529 2111 1595 temporis
2164 1542 2215 1579 ιη
2273 1542 2330 1580 ea
2361 1526 2493 1580 urbe
2539 1527 2892 1581 scientiarum
2939 1529 3183 1582 omnium
3241 1529 3425 1583 biblio-

1850 1615 2040 1670 thecae.
2077 1616 2272 1671 Verum
2300 1632 2421 1671 cum
2476 1616 2571 1671 filii
2620 1618 2961 1687 naufragium
2995 1620 3137 1687 passi
3174 1618 3426 1683 fuissent,

1850 1706 2013 1776 idque
2063 1716 2212 1777 pater
2267 1723 2333 1760 ex
2364 1709 2599 1777 quodam
2650 1724 2811 1765 servo
2866 1710 3229 1779 cognovisset,
3261 1712 3425 1779 cmpit

1850 1821 1973 1860 cum
2020 1820 2188 1860 uxore
2220 1815 2391 1859 terras
2430 1821 2622 1861 omnes
2659 1808 2832 1870 obire,
2866 1816 2923 1861 ut
2975 1822 3069 1862 eos
3104 1803 3371 1861 inveniret
3406 1824 3422 1861 :

158 1901 405 1968 ζήτησιν.
442 1902 551 1952 Καὶ
583 1900 758 1969 εὑρὼν
795 1900 994 1963 αὐτοὺς
1033 1901 1092 1953 ἐν
1130 1899 1522 1971 Ἰεροσολύμοις
1557 1900 1620 1951 ἐκ
1646 1898 1737 1967 τῆς

1848 1908 1982 1963 quos
2024 1908 2146 1947 cum
2204 1890 2595 1962 Hierosolymis
2628 1894 2917 1962 reperisset
2953 1908 2984 1948 e
3020 1894 3158 1947 mari
3196 1893 3425 1964 ejectos,

160 1992 444 2062 θαὶάτσης
476 1992 896 2063 ἐκϐρασθέντας,
940 1995 1035 2046 καὶ
1092 1995 1361 2063 μοναχοὺς
1398 1991 1743 2061 γενομένους,

158 2086 254 2135 καὶ
310 2085 715 2153 ἀναγνωρίσεις,
764 2084 985 2155 ἐνεδόθη
1043 2087 1136 2137 καὶ
1164 2084 1351 2149 αὐτὸς,
1406 2085 1501 2136 καὶ
1536 2084 1568 2152 ὴ
1604 2080 1741 2150 γυνὴ

157 2174 327 2225 αὑτοῦ
385 2175 449 2226 τὸ
524 2173 816 2245 μοναχικδν
900 2174 1110 2245 σχῆμα,
1167 2176 1276 2228 Καὶ
1343 2175 1438 2228 ἐπὶ
1489 2173 1743 2226 τοσοῦτον

158 2266 476 2336 προέκοψαν
528 2270 608 2330 είς
661 2268 883 2338 ἀρετὴν,
938 2268 1013 2331 ὡς
1065 2269 1158 2320 καὶ
1209 2267 1467 2338 θαύματα
1506 2266 1745 2319 ἐκτελεῖν

158 2358 605 2427 καταξιωθῆναι·
650 2359 743 2411 καὶ
780 2356 953 2421 οὕτως
996 2357 1391 2429 ἐτελειώθησαν
1438 2361 1494 2409 ἐν
1534 2354 1742 2424 Κυρίῳ,

162 2450 304 2518 μετὰ
332 2452 443 2500 τῶν
473 2448 605 2501 υἱῶν
634 2448 836 2502 αὐτῶν.

672 2556 852 2611 nuru
880 2557 965 2628 Τῼ
1015 2554 1221 2627 arra.

904 2646 1008 2702 KZ'

161 2742 466 2808 'AGJnmc
500 2741 619 2795 τῶν
665 2742 849 2810 ἁγίων
891 2742 1213 2809 μαρτύρων
1285 2741 1564 2794 Ἀνανίου
1594 2743 1742 2808 Πρε-

223 2813 549 2879 σευτέρου,
587 2812 811 2880 Πέτρου
841 2810 1338 2880 κλειδοφύλακος,
1370 2812 1469 2865 καί
1528 2810 1741 2879 ἐτέρων

224 2882 380 2935 ἐπτά
414 2881 807 2951 στρατιωτῶν.

228 3001 400 3059 Οὗτοι
441 3007 688 3075 ὑπῆρχον
735 3004 827 3059 ἐπὶ
870 3006 1255 3075 Διοκλητιανοῦ
1295 3006 1581 3075 βασιλέως,
1647 3009 1741 3061 καί

155 3098 414 3166 Μαξίμου
477 3098 761 3167 ἡγεμόνος.
839 3092 1017 3166 ᾯτινι
1079 3097 1317 3167 Μαξίμῳ
1367 3098 1660 3168 παραστὰς
1712 3101 1739 3152 ὁ

157 3193 315 3259 ἅγιος
359 3193 633 3255 Ἁνανίας,
664 3191 1021 3261 ὡμολόγησεν
1056 3193 1247 3245 ἑαυτὸν
1277 3194 1609 3262 Χριστιανὸν
1659 3188 1737 3245 εί-

153 3300 265 3344 vat,
298 3285 394 3336 καὶ
454 3284 808 3353 στηλιτεῦσας
837 3285 904 3337 τὶι
948 3283 1161 3346 εἴδωλα,
1195 3284 1446 3346 ἐκδυθεὶς
1476 3284 1739 3337 τύπτεται

157 3373 398 3441 ίτχυρῶς
435 3374 573 3441 μετὰ
611 3372 840 3442 ῥαϐδίων
862 3389 876 3402 ·
909 3374 1004 3426 καὶ
1035 3374 1101 3425 τὰ
1135 3373 1251 3442 osa
1280 3374 1463 3438 ξέεται
1492 3373 1581 3426 διὰ
1613 3390 1738 3425 σου-

157 3465 325 3516 δλίων
356 3463 719 3534 πυρωθέντων
742 3504 756 3528 ,
788 3465 884 3517 καὶ
918 3467 1053 3533 μετὰ
1082 3464 1237 3527 ὄξους
1270 3465 1365 3518 καὶ
1403 3465 1620 3530 ἄλατος,
1646 3468 1740 3518 καὶ

152 3556 433 3626 τρυχίνων
457 3556 793 3624 ὑφασμάτων
844 3556 1248 3627 κατατρίὸεται.
1299 3555 1433 3611 Εἶτα
1484 3560 1730 3627 προσηύ-

158 3649 311 3715 ξατο,
341 3650 440 3701 καὶ
461 3649 661 3701 ἔπεσεν
683 3650 710 3700 ὁ
727 3650 853 3711 ναὸς
875 3650 1052 3704 καὶτὰ
1076 3650 1289 3703 εἴδωλα.
1316 3646 1451 3704 Εἶτα
1474 3652 1735 3722 ἐνεόλήθη

154 3746 231 3806 είς
262 3741 534 3811 φυλακὴν,
570 3741 663 3793 καὶ
722 3741 989 3807 διέμεινεν
1038 3742 1271 3813 ἄτροφος
1296 3744 1386 3794 ἐπὶ
1417 3743 1557 3796 ἑπτὰ
1599 3744 1737 3813 ὴμέ-

158 3854 278 3905 ραις
302 3852 317 3865 ’
353 3836 451 3891 καὶ
487 3834 747 3904 ἐτρέφετο
778 3834 930 3905 παρὰ
953 3834 1190 3903 Χριστοῦ
1252 3837 1425 3905 τροφῇ
1472 3834 1734 3903 οὐρανίῳ.

156 3931 263 3981 Καὶ
299 3928 462 3979 τοῦτο
516 3926 639 3978 ἰδὼν
664 3927 866 3994 Πέτρος
901 3927 929 3978 6
983 3924 1337 3994 κλειδοφύλαξ
1398 3927 1738 3994 προσέπεσεν

153 4015 325 4086 αὐτῷ,
355 4020 454 4068 καὶ
478 4014 807 4084 ἐϐαπτίσθη.
831 4014 1206 4084 Διαδεχθέντος
1238 4014 1293 4066 δὲ
1316 4012 1408 4066 τοῦ
1446 4016 1545 4082 ήγε
1556 4014 1734 4084 μόνος,

150 4108 315 4179 ἦλθεν
392 4110 587 4179 ἕτερος
661 4106 886 4176 ἡγεμὼν
969 4107 1272 4175 Μαξιμῖνος
1326 4107 1589 4175 ὀνόματι,
1640 4109 1735 4159 καὶ

151 4204 458 4271 ἐδέσμησεν
497 4204 591 4251 ἐπὶ
632 4198 831 4270 τροχοῦ
890 4201 1015 4261 τοὺς
1063 4198 1289 4265 ἁγίουςο
1347 4193 1465 4251 εἶτα
1534 4198 1731 4267 ἔθηκεν

152 4296 243 4346 ἐπὶ
274 4295 549 4362 ἐσχάραςο
575 4290 688 4343 ἀλλ’
725 4289 1037 4359 ἐψυχρανθη
1067 4289 1127 4340 τὸ
1157 4289 1298 4358 πῦρ·
1334 4288 1427 4339 καὶ
1461 4288 1659 4351 ίδόντες
1686 4289 1737 4341 oi.

150 4382 525 4453 τιμωροῦντες
562 4379 758 4440 αὐτοὺς
810 4377 950 4430 ἑπτὰ
994 4377 1344 4447 στρατιῶται,
1376 4378 1731 4429 ἐπίστευσανε

150 4480 241 4528 καὶ
274 4477 373 4528 σὺν
410 4475 597 4535 αὐτοῖς
625 4474 681 4524 ἐν
709 4475 774 4543 τῇ
824 4471 1066 4541 θαλάσσῃ
1098 4471 1204 4523 ὑπὸ
1251 4470 1361 4522 τῶν
1394 4471 1605 4539 δημίων
1657 4474 1737 4541 ῥι-

152 4571 364 4637 φέντες,
409 4563 831 4634 ἐτελειώθησαν.

720 4674 800 4744 τῇ
834 4676 970 4743 αὐτῇ
1003 4674 1190 4744 ἡμέρᾳ

165 4774 230 4828 Ἦ
260 4768 605 4839 ἀνακομιδὴ
640 4768 747 4821 τοῦ
779 4767 1085 4839 ⁸ιζειῃέμάνου.
1115 4767 1221 4820 τοῦ
1276 4767 1346 4819 ἐν
1374 4766 1565 4836 ἁγίοις
1619 4769 1735 4820 Πα-

288 4848 427 4910 τρός
459 4836 631 4907 mulir
683 4836 965 4892 Ἰωάννου
994 4837 1097 4890 τοῦ
1137 4839 1586 4905 Χρυσοστόμου.

230 4954 571 5026 Ἐξορισθεὶς
630 4952 658 5002 6
719 4950 873 5016 ἆγιος
948 4947 1201 5017 Ἰωάννης
1251 4947 1279 4998 6
1342 4947 1732 5015 Χρυσόστομος

157 5050 396 5118 ἀπῆλθεν
434 5049 511 5105 εἰς
545 5042 789 5111 Κώμανα
829 5040 925 5107 τῆς
989 5040 1307 5108 Ἀρμενίας,
1366 5040 1500 5091 ὅπου
1560 5038 1729 5091 κατάο

153 5155 325 5189 κειται
361 5138 427 5187 τὸ
469 5133 725 5201 λείψανον
752 5131 845 5182 τοῦ
875 5128 1031 5195 ἁγίου
1063 5128 1407 5189 Βασιλίσκου,
1439 5130 1588 5189 ὅστις
1638 5133 1731 5180 καὶ

152 5234 316 5298 ἐφάνη
352 5227 505 5295 αὐτῷ
533 5227 708 5291 λέγων
729 5239 740 5250 ·
776 5223 867 5292 Μὴ
898 5222 1088 5290 φοῦοῦ,
1109 5221 1305 5288 ἀδελφὲ
1342 5223 1561 5291 Ἰωάννη
1588 5238 1601 5252 ·
1634 5220 1730 5274 αὕ-

155 5340 257 5392 ριον
282 5326 391 5392 γὰρ
432 5320 551 5388 ἃμα
582 5313 849 5384 ἐσόμεθα·
882 5315 1054 5383 ἐφάνη
1080 5313 1135 5366 δὲ
1163 5315 1256 5365 καὶ
1282 5312 1359 5382 τῷ
1422 5329 1732 5382 προσμονα-

153 5418 246 5484 pisi
288 5416 494 5480 λέγων-
548 5410 883 5480 Εὐτρέπισον
932 5408 1094 5459 τόπον
1145 5406 1224 5478 τῷ
1279 5406 1729 5476 μεγαλομάρτυρι

164 5511 379 5579 Ἰωάννῃ
405 5522 420 5532 ·
463 5506 688 5574 ἔρχεται
731 5504 859 5571 γάρ.
915 5499 1177 5563 ’Δλλάξας
1230 5497 1324 5553 οῦν
1375 5499 1577 5569 λευκὴν
1609 5517 1730 5551 στο-

150 5602 240 5665 “ii-go
272 5602 370 5652 καὶ
428 5597 852 5665 λειτκυργήσας,
896 5594 989 5647 καὶ
1048 5594 1218 5647 εἰπὼν
1247 5594 1306 5645 τὸ
1336 5595 1507 5663 ῥῆμα,
1538 5594 1565 5645 ὃ
1594 5594 1727 5645 πάνν-

152 5710 262 5744 αιοτε
291 5694 472 5758 ἔλεγεν
510 5688 653 5753 Δόξα
683 5687 760 5754 τῷ
804 5685 923 5754 Θεῴ
946 5687 1166 5738 πάντων
1200 5685 1409 5750 ἕνεκεν,
1445 5685 1727 5754 παρέδωκε

153 5786 207 5837 ’ὸ
244 5786 484 5855 πνεῦμα,
534 5782 630 5835 καὶ
679 5778 949 5848 κατετέθη
990 5778 1217 5848 πλησίον
1263 5777 1355 5831 τοῦ
1412 5778 1583 5847 τάφου
1636 5778 1711 5826 τό

159 5884 295 5946 ariae
357 5880 648 5948 μάρτυρος
710 5870 1059 5926 Βασιλίσκυυ.
1121 5872 1273 5925 Μετὰ
1323 5871 1375 5924 δὲ
1434 5872 1725 5941 τριάκοντα

1759 4583 1813 4646 D

1851 1992 1903 2038 et
1929 1984 2292 2039 monasticum
2332 1986 2642 2040 institutum
2690 1987 2985 2057 professos,
3019 2002 3223 2057 eosque
3256 2002 3425 2053 agno-

1848 2076 2032 2141 visset,
2065 2076 2181 2146 ipse
2209 2078 2371 2132 etiam
2388 2077 2613 2149 ejusque
2647 2094 2785 2133 uxor
2811 2078 2997 2132 habitu
3030 2080 3428 2133 monachorum

1846 2177 2088 2238 sumpto,
2126 2170 2197 2223 ita
2229 2186 2287 2224 se
2314 2172 2366 2223 in
2395 2186 2456 2224 ea
2505 2170 2720 2225 vivendi
2757 2170 2971 2225 ratione
3003 2170 3298 2224 virtutibus
3330 2186 3427 2224 ex-

1846 2260 2084 2323 coluere,
2118 2268 2259 2315 utet
2316 2261 2577 2316 miracula
2627 2272 2841 2331 patrare
2888 2262 3423 2332 meruerint:atque

1846 2350 1991 2405 hunc
2021 2351 2076 2405 in
2107 2351 2325 2406 modum
2364 2367 2468 2406 una
2506 2366 2632 2407 cum
2659 2352 2785 2409 ﬁliis
2824 2354 2879 2409 iu
2911 2353 3144 2410 Domino
3174 2353 3421 2409 decesseo

1843 2448 1994 2498 runt.

2378 2554 2609 2610 EODEM
2634 2553 2891 2610 MENSE.

2303 2646 2400 2702 Die
2420 2648 2674 2702 vicesima
2707 2649 2938 2718 septima

1848 2737 2009 2808 139
2028 2736 2300 2810 Certamen
2326 2750 2629 2793 sanctorum
2654 2749 2948 2810 martyrum
2970 2737 3190 2810 Ananiw
3208 2738 3423 2809 presby-

1916 2812 2035 2932 ιιι-ἶ,
2079 2808 2229 2863 Petri
2281 2810 2509 2863 clavium
2554 2807 2881 2877 custodia,“
2945 2807 3176 2863 aliorum
3223 2807 3426 2879 septem

1912 2895 1982 2932 mi
2010 2890 2163 2932 itum.

1914 3006 2003 3063 Isti
2040 3008 2352 3063 claruerunt
2379 3008 2706 3063 Diocletiano
2732 3009 3081 3078 imperatore,
3106 3017 3161 3062 et
3184 3007 3420 3063 Maximo

1843 3099 2117 3170 praefecto,
2152 3116 2310 3170 quem
2351 3116 2473 3154 cum
2514 3110 2736 3155 sanctus
2782 3101 3022 3154 Ananias
3053 3100 3293 3157 adiisset.
3330 3116 3421 3154 se-

1843 3206 1947 3261 que
1967 3192 2339 3246 Christianum
2378 3193 2912 3263 professus,probris
2943 3194 3085 3247 idola
3119 3192 3417 3256 affecisset,

1843 3286 2097 3348 nudatus,
2122 3283 2305 3353 flagris
2329 3283 2651 3353 gravissime
2675 3285 2919 3337 caeditur.
2945 3282 3083 3336 Tum
3110 3283 3251 3337 circa
3276 3283 3417 3335 lum-

1842 3374 1938 3428 bos
1979 3374 2190 3429 subulis
2236 3375 2598 3429 candentibus
2634 3373 2969 3443 perfoditur;
2994 3383 3047 3427 et
3073 3384 3249 3434 aceto,
3279 3373 3416 3436 sale,

1842 3479 1905 3518 ac
1958 3479 2138 3533 panno
2164 3466 2384 3519 cilicino
2418 3464 2742 3533 perfricatur
2791 3474 2845 3518 et
2876 3465 3147 3518 atteritur.
3168 3464 3417 3533 Cumque

1842 3566 2072 3618 orasset,
2109 3568 2162 3611 et
2188 3555 2373 3610 fanum
2415 3572 2537 3610 cum
2578 3556 2739 3611 idolis
2792 3556 3113 3619 corruisset,
3146 3555 3199 3608 in
3235 3570 3419 3609 carce-

1841 3661 1953 3699 rem
1985 3646 2289 3700 detruditur
2320 3664 2332 3697 :
2374 3648 2461 3699 ubi
2492 3654 2696 3714 septem
2742 3645 2932 3700 diebus
2963 3646 3080 3699 sine
3108 3644 3232 3698 cibo
3256 3658 3415 3697 man-

1841 3739 1935 3791 sit.
1964 3739 2067 3793 Sed
2106 3753 2231 3792 cum
2266 3739 2415 3791 illum
2468 3738 2679 3792 caelesti
2709 3739 2831 3793 cibo
2883 3754 2913 3790 a
2942 3735 3164 3791 Christo
3220 3736 3416 3789 nutriri

1842 3830 2068 3886 vidisset
2108 3829 2301 3886 Petrus
2330 3830 2564 3884 clavium
2620 3830 2859 3885 carceris
2909 3840 3117 3891 custos,
3151 3828 3417 3896 abjiciens

1841 3939 1900 3978 se
1929 3924 1995 3977 ad
2023 3925 2141 3992 ejus
2172 3929 2356 3993 pedes,
2394 3924 2699 3993 baptizatus
2752 3930 2853 3977 est.
2884 3920 3128 3990 Cumque
3157 3917 3420 3989 praefecto

1839 4016 1993 4078 alter,
2030 4014 2356 4068 Maximinus
2387 4014 2625 4074 nomine,
2658 4013 3027 4075 successisset,
3056 4022 3188 4065 rotas
3223 4011 3420 4082 alliga-

1837 4116 1924 4160 tos
1954 4116 2195 4170 sanctos,
2219 4106 2495 4160 craticula:
2522 4105 2734 4159 ardenti
2769 4104 3047 4172 imposuit.
3082 4101 3288 4156 Verum
3336 4120 3419 4158 re-

1838 4198 2219 4267 frigescentem
2279 4197 2456 4267 ignem
2522 4197 2703 4250 intuiti
2774 4206 2978 4264 septem
3050 4194 3268 4257 milites,
3328 4197 3417 4267 qui

1838 4298 2057 4343 sanctos
2120 4289 2463 4357 torquebant,
2504 4286 2703 4341 Christi
2771 4286 2928 4339 fidem
3002 4298 3295 4351 suscepere
3372 4290 3416 4335 el

1838 4395 1945 4434 una
1975 4395 2100 4433 cum
2149 4380 2216 4434 iis
2266 4378 2609 4433 altctoribus
2657 4378 2712 4431 in
2758 4391 2909 4431 mare
2972 4376 3219 4446 projecli,
3254 4376 3418 4431 vitam

1838 4472 2116 4527 finierunt.

2470 4672 2669 4728 Eodem
2696 4673 2784 4727 die

1841 4765 2000 4839 ιω
2038 4764 2340 4839 Γταηείαιίο
2395 4768 2743 4839 reliquiarum
2792 4766 2963 4839 sancti
3011 4764 3191 4821 Patris
3247 4766 3413 4818 nostri

2304 4836 2530 4890 Joannis
2559 4837 2938 4908 Chrysostomi.

1908 4945 2387 5001 SanctusJoannes
2406 4945 2838 5015 Chrysostomus
2868 4946 2921 4998 in
2948 4945 3198 5000 exsilium
3232 4955 3406 5011 actus,

1833 5038 2128 5093 Cumanam
2180 5039 2445 5091 Armeniae
2475 5037 2767 5101 concessit,
2803 5037 2892 5091 ttbi
2942 5039 3113 5092 sancti
3162 5037 3409 5093 BasilEsci

1833 5132 2076 5201 reliquias
2099 5132 2282 5199 jacent
2316 5148 2322 5156 ·
2353 5130 2443 5198 qui
2485 5143 2754 5199 apparens
2785 5129 2833 5182 ei
2879 5129 3057 5183 dixit:
3094 5129 3169 5183 Ne
3191 5134 3407 5193 timeas,

1834 5223 2000 5277 frater
2052 5223 2338 5279 Joannes:
2382 5237 2503 5276 cras
2557 5221 2701 5276 enim
2760 5220 2919 5274 simul
2986 5220 3210 5275 erimus.
3265 5220 3407 5275 Idem

1833 5323 2057 5369 sanctus
2106 5316 2307 5369 asdituo
2342 5328 2609 5383 apparens
2646 5329 2659 5364 :
2694 5312 2967 5379 Prwpara,
3000 5312 3197 5381 inquit,
3224 5312 3405 5367 locum

1832 5407 2142 5461 adventanti
2175 5418 2371 5474 magno
2422 5404 2645 5473 martyri
2704 5402 2920 5457 Joanni.
2964 5401 3135 5471 Igitur
3169 5402 3407 5459 Joannes

1833 5496 1969 5552 stola
2014 5496 2133 5551 alba
2180 5497 2420 5562 indutus,
2472 5511 2595 5551 cum
2640 5494 2917 5563 liturgiam
2953 5496 3301 5560 celebrasset,
3352 5496 3406 5550 in

1835 5591 1902 5644 iis
1929 5591 2126 5654 verbis,
2160 5604 2281 5659 quae
2312 5603 2528 5655 semper
2566 5588 2799 5641 habebat
2828 5589 2882 5641 in
2906 5601 3001 5641 ore
3027 5606 3040 5641 :
3067 5585 3253 5642 Gloria
3298 5588 3410 5643 Deo

1834 5697 1931 5750 pro
1958 5682 2213 5735 omnibus
2238 5720 2252 5744 ,
2292 5680 2514 5734 tradidit
2557 5680 2831 5748 spiritum,
2864 5679 3250 5749 depositusque
3302 5679 3407 5735 fuit

1834 5790 1998 5844 prope
2043 5773 2353 5842 sepulcrum
2387 5774 2559 5827 sancti
2587 5772 2846 5840 martyris
2874 5771 3140 5827 Basilisci.
3170 5770 3409 5825 Tricesi-

1838 5886 1922 5913 mn
1948 5876 2126 5919 autem
2154 5869 2310 5920 tertio
2351 5873 2469 5932 post
2500 5877 2660 5926 anno,
2685 5872 2908 5920 auctore
2954 5860 3146 5917 Proclo
3171 5868 3409 5932 patriar-
