4154 6504
704 465 808 531 287
1952 464 2344 528 MENOLOGI

2356 465 2383 522 Ι
2421 462 2618 522 PARS
2661 460 2744 519 II.
3877 458 3987 524 288

707 580 843 634 lines
869 573 1331 647 Cibyrrteotarum
1364 571 1589 636 missus,
1625 572 1716 628 ubi
1768 573 2001 644 primum
2054 573 2286 627 Sarace-
2316 571 2347 632 Α

2357 610 2367 631 .
2397 570 2611 636 σταλεὶς
2658 572 2764 626 ὑπὸ
2801 571 2910 625 τῶν
2952 569 3218 640 βασιλέων
3257 569 3335 633 εἰς
3364 568 3424 622 τὸ
3458 568 3598 637 θέμα
3641 566 3748 620 τῶν
3779 564 3997 635 Κιϐυρο

707 681 901 721 norum
952 665 1149 720 classis
1201 664 1254 716 in
1303 675 1604 732 conspectu
1654 663 1777 725 fuit,
1832 663 2091 716 instruxit
2130 677 2189 717 se
2221 661 2287 716 ad

2406 665 2672 738 ραιότων,
2737 665 2927 719 στόλου
2982 663 3306 734 Σαρακηνοῦ
3363 661 3658 732 φανέντος,
3718 656 3998 729 παρέταξε

707 775 969 830 pugnam.
1007 756 1244 810 Habebat
1269 764 1450 808 autem
1488 765 1598 810 tres
1628 756 1764 810 alios
1799 755 1981 809 socios
2007 754 2288 823 c0piarum

2400 758 2538 827 πρὸς
2581 758 2643 812 τὸ
2688 757 3020 825 πολεμῆσαι.
3057 757 3239 826 Ἔχων
3303 754 3362 807 δὲ
3413 749 3865 823 συμπολεμιστάς
3900 748 4000 800 καὶ

708 854 892 906 «lucu-5.
930 851 1174 918 Cumque
1208 850 1320 916 ipse
1360 849 1568 916 primus
1598 863 1720 902 cum
1752 863 1854 902 suo
1885 847 2170 912 dromonc,
2209 845 2292 900 fa-

2401 849 2596 914 ἄλλους
2640 852 2790 919 τρεῖς
2835 848 3200 920 στρατηγοὺς,
3251 848 3402 917 ὅμως
3434 846 3649 916 πρῶτος
3699 841 3995 914 ἐξώρμησε

709 953 799 998 eto
818 945 869 995 in
901 942 1174 994 BarbarOs
1193 941 1424 1009 impetu,
1450 938 1745 992 fortissime
1763 947 2080 1008 pugnasset,
2105 935 2292 991 caeteri

2407 945 2550 1012 μετὰ
2591 943 2686 996 τοῦ
2733 943 2866 996 ἰδίου
2898 942 3212 1013 δρόμωνος·
3269 941 3364 994 καὶ
3413 937 3634 1007 εἰσῆλθε
3673 937 3838 1007 μέσον
3885 933 4001 986 τῶν

708 1037 877 1088 duces
907 1033 1095 1102 gloriae
1139 1032 1258 1100 ejus
1306 1031 1630 1094 invidentes,
1664 1042 1876 1100 arrepta
1925 1030 2071 1099 fuga,
2116 1029 2292 1084 solum

2405 1033 2721 1105 βαρϐάρων,
2771 1034 2866 1088 καὶ
2913 1033 3350 1105 ἡνδραγάθησεν.
3397 1031 3620 1092 Ἰδόντες
3649 1027 3706 1081 δὲ
3733 1029 3782 1079 oi
3815 1027 3999 1096 ἕτεροι

710 1141 833 1179 cum
866 1123 1224 1192 reliquerunt.
1257 1124 1704 1176 (Iircumventum
1739 1122 1918 1190 itaque
1948 1119 2174 1174 Barbari
2201 1134 2292 1173 ca-

2407 1125 2738 1196 στρατηγοὶ,
2775 1124 3100 1192 ἐφθόνησαν·
3142 1125 3235 1178 καὶ
3266 1123 3504 1194 ἐνεργῶς
3539 1119 3826 1191 φυγόντες,
3854 1118 4003 1188 ἀφῆ-

714 1218 891 1283 piunt,
927 1216 1260 1282 domumque
1301 1213 1526 1274 reversi,
1558 1212 1608 1266 in
1642 1227 1918 1266 carcerem
1953 1211 2236 1266 includunt
2277 1228 2290 1265 :

2407 1234 2509 1270 καν
2535 1216 2698 1270 αὑτὸν
2722 1218 2905 1286 μόνον.
2933 1216 3068 1269 Τότε
3091 1215 3607 1288 περικυκλώσαντες
3628 1212 3677 1265 οἱ
3705 1209 3999 1281 βάρϐαροι,

713 1309 858 1361 unde
887 1319 1084 1376 quarto
1111 1313 1229 1374 post
1259 1320 1407 1359 anno
1432 1305 1687 1371 eductus,
1723 1320 1845 1360 cum
1881 1304 2294 1368 sollicitaretur,

2407 1309 2720 1381 ἐκράτησαν
2751 1308 2916 1362 αὑτόν
2938 1324 2949 1336 ·
2989 1310 3082 1361 καὶ
3111 1307 3579 1378 ὑποστρέψαντες,
3610 1303 3802 1357 ἔϐαλον
3835 1302 4002 1355 αὑτὸν

715 1411 773 1454 ut
805 1399 1120 1454 Christiana
1156 1399 1256 1452 fide
1286 1399 1496 1468 eiurata
1532 1398 1922 1469 liagarenicam
1955 1396 2300 1465 superstitio-

2407 1403 2487 1464 εἰς
2515 1401 2786 1470 φυλακήν.
2819 1401 2931 1454 Καὶ
2964 1400 3100 1471 μετὰ
3143 1399 3386 1470 τέσσαρα
3417 1399 3512 1467 ἔτη
3540 1395 3862 1456 ἐκϐαλόντες
3897 1392 4000 1445 αὑ-

715 1507 837 1546 nem
890 1492 1216 1561 susciperet,
1271 1507 1370 1546 nec
1415 1491 1482 1544 ad
1527 1491 1577 1545 id
1635 1490 1818 1545 induci
1867 1497 2074 1559 posset,
2121 1489 2300 1560 capite

2408 1495 2521 1556 τὸν,
2570 1492 3001 1563 κατηνάγκασαν
3035 1490 3376 1562 ἀρνήσασθαι
3409 1491 3500 1544 τὸν
3543 1485 4000 1560 Χριστιανισμδν,

716 1583 911 1653 plexus
940 1583 1157 1644 vivendi
1192 1583 1354 1638 finem
1388 1584 1535 1636 fecit.

2411 1587 2506 1641 xui
2541 1585 2864 1657 μαγαρίσαι.
2915 1585 3004 1648 Ὠς
3052 1586 3110 1639 δὲ
3142 1585 3242 1638 οὑκ
3301 1585 3548 1645 ἔπεισαν,
3586 1579 4007 1649 άπεκεφάλισαν

2411 1677 2604 1732 αὑτόν⁹
2633 1677 2726 1731 καὶ
2755 1677 2930 1742 οὑτως
2956 1675 3267 1747 ἐτελειώθη.

1244 1783 1476 1838 EODEM
1521 1783 1770 1838 MENSE.

2939 1787 3118 1840 MHNi
3159 1786 3248 1856 Tt;
3289 1785 3494 1854 ΑΥΤῼ.

1187 1876 1282 1931 Die.
1328 1877 1601 1932 tricesima
1643 1877 1818 1946 prima
2341 1942 2373 1946 _
3149 1878 3253 1932 AA'

729 1969 885 2040 1&7
922 1969 1202 2025 Certamen
1273 1981 1577 2041 sanctorum
1625 1971 2121 2037 tltaumaturgorum
2183 1969 2308 2037 Cyri
2341 1942 2369 1997 Ε

2373 1946 2382 1994 ι
2417 1974 2705 2041 Ἀθλησις
2738 1971 2858 2026 τῶν
2889 1973 3072 2041 ἁγίων·
3102 1972 3205 2025 καὶ
3269 1969 3754 2040 θαυματουργῶν,
3805 1972 4013 2038 Κύρου

1350 2053 1394 2094 et
1427 2039 1684 2093 Joannis.
2589 2039 2596 2041 “
2686 2039 2689 2040 ⁷
2937 2039 2945 2041 “
2988 2066 2990 2092 :

2589 2039 2596 2041 V
2686 2039 2689 2040 ν
2937 2039 2945 2041 “
2988 2043 3087 2097 καὶ
3135 2039 3437 2096 Ἰωάννου.

799 2151 888 2206 Isti
917 2150 1253 2206 Diocletiano
1277 2149 1607 2219 imperatore
1629 2149 1970 2204 claruerunt.
2001 2147 2068 2203 Et
2086 2157 2311 2204 sanctus

2486 2147 2646 2210 Οὗτοι
2697 2154 2945 2225 ὑπῆρχον
2999 2153 3094 2206 ἐπὶ
3131 2151 3520 2224 Διοκλητιανοῦ
3568 2148 3662 2204 τοῦ
3701 2149 4012 2220 βασιλέως

728 2246 949 2315 quidem
983 2244 1159 2315 Cyrus
1191 2244 1366 2314 patria
1413 2243 1844 2310 Alexandrinus,
1880 2253 1932 2298 et
1964 2242 2309 2314 professione

2414 2246 2510 2300 xui
2561 2247 2589 2299 ό
2633 2245 2734 2316 μὲν
2773 2246 2926 2314 ἅγιος
2965 2243 3148 2314 Κῦρος
3179 2241 3248 2313 ἦν
3279 2244 3385 2298 ἀπὸ
3415 2243 3515 2311 τῆς
3569 2242 4013 2314 Ἀλεξανδρείας,

730 2339 996 2401 medicus,
1022 2353 1144 2390 cum
1183 2339 1298 2391 sine
1323 2337 1433 2391 ulla
1473 2337 1722 2392 mercede
1747 2346 1925 2391 artem
1954 2353 2110 2391 suam
2149 2352 2311 2391 exer-

2419 2338 2603 2408 ίατρδς
2636 2338 2736 2408 τὴν
2780 2336 2999 2408 τέχνην.
3047 2336 3338 2404 ’ἰατρεύων
3367 2337 3424 2389 δὲ
3453 2338 3686 2405 δωρεάν,
3736 2337 3794 2388 ἐν
3828 2335 4022 2406 ταὺτῷ

730 2415 896 2493 ceret,
939 2429 1101 2483 simul
1138 2428 1341 2482 Christi
1392 2428 1549 2482 fidem
1590 2428 1839 2483 docebat.
1873 2427 2056 2494 Quare
2095 2426 2312 2482 delatus

2417 2430 2665 2484 ἐδίδασκε
2702 2429 2795 2482 καὶ
2840 2430 2938 2500 τὴν
2971 2429 3050 2492 είς
3081 2429 3318 2500 Χριστὸν
3353 2428 3555 2482 πίστιν.
3592 2427 3916 2498 Διαϐληθεὶς
3953 2428 4020 2480 δὲ

731 2523 797 2577 all
828 2524 978 2576 urbis
1026 2521 1364 2591 praefectum,
1406 2523 1601 2578 timore
1629 2523 1936 2592 perculsus,
1968 2523 2210 2594 profugit
2260 2523 2312 2576 in

2415 2521 2496 2592 τῷ
2517 2521 2615 2592 τῆς
2671 2521 2879 2584 πόλεως
2924 2520 3168 2591 ἄρχοντι,
3218 2520 3313 2572 καὶ
3353 2518 3613 2589 φοϐηθεὶς
3667 2518 3860 2586 φεύγει
3931 2518 4021 2579 είς

731 2613 1026 2674 Arabiam;
1058 2623 1110 2666 et
1157 2613 1518 2666 monasticam
1569 2615 1734 2666 vitam
1767 2614 2070 2683 amplexus,
2105 2613 2158 2667 in
2193 2613 2315 2667 loco

2431 2614 2714 2686 'ApuGiuv,
2763 2614 2858 2668 xui
2909 2614 3121 2682 γίνεται
3174 2613 3429 2683 μοναχός.
3494 2614 3602 2666 Καὶ
3645 2610 3819 2681 εὑρὼν
3847 2611 4027 2663 τόπον

734 2707 871 2759 mari
934 2706 1186 2774 proximo
1240 2705 1506 2762 consedit.
1579 2703 1815 2760 Sanctus
1855 2716 2034 2759 autent
2076 2703 2319 2759 Joannes

2423 2705 2651 2776 πλησίον
2705 2705 3005 2776 θαλάσσης,
3067 2703 3390 2775 κατῴκησεν
3443 2706 3580 2758 ἐκεῖ.
3654 2705 3712 2756 ὐ
3763 2703 3820 2756 δὲ
3857 2703 4027 2766 ἅγιος

737 2795 1110 2866 Hierosolyma
1166 2794 1460 2864 profectus,
1511 2811 1635 2850 cum
1687 2796 1756 2850 de
1812 2795 2094 2850 miraculis
2145 2795 2317 2849 sancti

2436 2797 2692 2865 Ἰωάννης
2718 2796 2976 2851 ἀπελθὼν
3012 2796 3091 2857 εἰς
3118 2797 3187 2849 τὰ
3227 2795 3576 2866 Ἰεροσόλυμα
3597 2836 3613 2861 ,
3645 2795 3740 2848 καὶ
3772 2794 4030 2856 ἀκούσας

735 2890 860 2960 Cyri
902 2889 1104 2944 certior
1136 2889 1311 2943 factus
1337 2888 1548 2952 fuisset,
1573 2904 1698 2943 eum
1739 2889 1893 2952 adiit,
1922 2898 1975 2942 et
2008 2889 2130 2942 vita:
2153 2887 2321 2941 ratio-

2423 2891 2554 2960 περὶ
2583 2889 3043 2959 θαυματουργιῶν
3087 2887 3182 2942 τοὺ
3229 2888 3386 2957 ἁγίου
3413 2887 3621 2960 Κύρου,
3655 2887 3886 2956 ἀπῆλθε,
3921 2888 4032 2940 xui

740 2999 862 3036 nem
889 2999 1012 3037 cum
1045 2981 1330 3050 eojunxit.
1365 2980 1504 3035 Cum
1533 2995 1662 3034 vero
1696 2979 2007 3035 Christiana
2041 2982 2317 3048 quaedam,

2424 2978 2493 3056 ἦν
2522 2985 2640 3056 μετ’
2682 2983 2871 3039 αὑτοῦ.
2910 2981 3292 3053 Κρατηθείσης
3321 2980 3378 3034 δὲ
3403 2980 3663 3049 γυναικός
3703 2995 3848 3042 τινος
3877 2979 4031 3050 Χρι-

739 3074 1034 3126 Atbanasia
1086 3072 1329 3135 nomine,
1378 3071 1608 3140 ejusque
1649 3080 1760 3125 tres
1815 3070 1960 3134 ﬁlim,
2014 3069 2322 3136 Tlteodota,

2433 3076 2680 3147 στιανῆς,
2729 3075 2956 3146 ὀνόματι
3013 3074 3366 3137 Ἀθανασίας,
3413 3073 3552 3142 μετὰ
3583 3071 3692 3124 τῶν
3721 3070 3888 3140 τριῶν
3921 3072 4035 3124 αὑ-

744 3166 1078 3230 Theoctista,
1137 3174 1190 3219 et
1237 3163 1501 3228 Eudoxio,
1535 3163 1948 3234 comprehensa:
1995 3179 2025 3216 a
2062 3161 2323 3233 prafecto

2431 3169 2530 3239 τῆς
2554 3168 2894 3238 θυγατέρων,
2923 3167 3209 3236 Θεοδότης,
3236 3166 3594 3235 Θεοκτίστης,
3619 3165 3713 3218 καὶ
3739 3163 4035 3228 Εὑδοξίας,

746 3261 1296 3325 torquendmesscnt;
1316 3255 1471 3309 veriti
1497 3270 1564 3309 ne
1596 3255 1709 3319 illa,
1730 3264 1790 3307 ut
1819 3253 2046 3319 femina,
2075 3255 2325 3309 deficeret
2355 3275 2386 3335 ε

2431 3261 2585 3332 παρὰ
2632 3260 2726 3314 τοῦ
2783 3260 3068 3330 ἄρχοντος,
3113 3261 3207 3312 καὶ
3253 3257 3554 3328 μελλούσης
3601 3255 4038 3325 βασανίζεσθαι,

749 3349 800 3402 in
836 3348 1144 3411 lci-mentis,
1180 3346 1472 3410 accedunt,
1501 3359 1736 3414 eamque
1766 3346 2116 3399 confirmant.
2143 3344 2328 3411 Quare

2435 3353 2762 3422 φοϐηθέντες
2779 3353 2827 3404 οἱ
2853 3351 3019 3419 ἆγιοι,
3037 3351 3121 3403 ἵνα
3147 3350 3245 3420 μὴ,
3267 3349 3338 3412 ὼς
3368 3349 3525 3420 γυνὴ,
3555 3348 3820 3418 δειλιάση,
3848 3348 4040 3418 ἀπῆλ-

748 3439 1154 3509 comprebensi,
1215 3447 1338 3509 post
1384 3438 1588 3493 multos
1635 3437 1913 3492 cruciatus
1965 3438 2142 3506 capite
2187 3437 2327 3507 plexi

2436 3445 2549 3511 θον,
2577 3445 2671 3498 καὶ
2704 3444 3096 3514 ἐθαρσοποίουν
3141 3444 3332 3513 αὑτήν.
3385 3441 3486 3495 Διὰ
3513 3441 3672 3494 τοῦτο
3717 3439 4042 3510 κρατηθέν-

751 3541 900 3586 sunt.
2435 3553 2546 3601 τες,
2576 3539 2714 3606 μετὰ
2751 3535 2951 3600 πολλὰς
2989 3535 3254 3605 βασάνους
3283 3534 3377 3587 καὶ
3402 3533 3695 3604 τιμωρίας,
3735 3533 3830 3585 xui
3869 3533 4046 3584 αὑτοὶ

2437 3626 2976 3696 ἀπεκεφαλίσθησαν.

1365 3729 1568 3787 Eodem
1607 3731 1695 3787 die
2983 3738 3005 3790 '1

2983 3738 3060 3808 Τῇ
3095 3738 3231 3807 αὐτῇ
3263 3738 3447 3807 ἡμέρᾳ

760 3824 922 3897 148
951 3823 1227 3879 Certamen
1250 3826 1419 3878 sancti
1446 3826 1698 3898 martyris
1740 3824 2017 3894 Victorini,
2053 3837 2103 3880 et
2137 3841 2230 3880 sex
2250 3842 2335 3878 so-

2443 3833 2730 3898 ’Δθαησις
2775 3828 2881 3882 τοῦ
2928 3829 3100 3898 ἁγίου
3129 3825 3430 3898 μάρτυρος
3471 3825 3870 3898 Ογὺικτωρίνου
3936 3827 4052 3877 καὶ

1424 3896 1649 3950 ciorum.
2613 3895 2622 3898 ’
2830 3899 2949 3952 τῶν
2979 3895 3060 3951 σὺ

2613 3895 2622 3898 ’
2830 3899 2949 3952 τῶν
2979 3895 3102 3951 σὺν
3131 3895 3291 3961 αὐτῷ
3318 3895 3386 3959 ἐξ
3420 3897 3626 3965 ἁγίων.

834 4022 996 4079 Decio
1027 4022 1356 4091 imperatore
1388 4021 1609 4078 fuerunt
1641 4021 1728 4077 isti
1765 4037 1833 4078 ex
1863 4021 1998 4076 urbe
2022 4020 2288 4076 Corintho
2319 4039 2331 4074 :

2531 4030 2652 4083 Ἐπὶ
2686 4027 2880 4081 Δεκίου
2928 4025 3022 4080 τοῦ
3073 4023 3336 4096 βασιλέως
3371 4024 3614 4093 ὑπῆρχον
3649 4017 3796 4074 οὗτοι
3832 4024 3898 4076 ἐκ
3933 4025 4055 4076 πό-

760 4116 1139 4187 comprehensi
1180 4127 1382 4186 autem,
1429 4125 1483 4170 et
1531 4114 1717 4170 Tertio
1768 4116 2086 4181 proconsuli
2134 4115 2338 4180 traditi,

2445 4123 2582 4184 λεως
2639 4118 2928 4190 Κορίνθου.
2975 4115 3363 4187 Κρατηθέντες
3391 4114 3447 4166 δὲ
3480 4112 3860 4183 παρεδόθησαν
3892 4113 4059 4180 Tep-

763 4206 1089 4277 gravissime
1118 4209 1243 4259 torti
1271 4213 1423 4260 sunt.
1461 4203 1781 4260 Victorinus
1815 4205 1962 4260 enim
2000 4213 2159 4259 eruto
2186 4205 2345 4259 oculo

2445 4211 2546 4278 τίῳ
2571 4209 2650 4278 τῷ
2685 4208 2898 4276 ὑπάτῳ,
2929 4205 3025 4258 καὶ
3065 4203 3506 4272 ἐϐασανίσθησαν
3541 4203 3796 4272 ἰσχυρῶς.
3842 4201 3904 4253 '0
3940 4202 4064 4270 μὲν

763 4295 978 4358 dextro,
1009 4297 1374 4364 manibusque
1402 4302 1456 4348 ct
1485 4294 1715 4364 pedibus
1739 4296 2023 4360 abscissis,
2054 4296 2108 4349 in
2139 4294 2344 4366 ingenti

2447 4301 2556 4372 γὰρ
2609 4299 2976 4368 Οὑικτωρῖνος
3022 4297 3114 4348 civ
3163 4295 3336 4358 δεξιὸν
3385 4293 3664 4363 ὀφθαλμὸν
3713 4292 4014 4363 ἐξορυγεὶς
4043 4337 4058 4356 ,

767 4390 1030 4442 mortario
1057 4403 1366 4442 marmoreo
1393 4397 1682 4452 contusus,
1717 4389 1974 4444 decessit.
2002 4389 2187 4444 Victor
2207 4401 2346 4457 pra:-

2449 4393 2545 4446 καὶ
2573 4393 2760 4462 χεῖρας
2808 4389 2904 4442 xui
2938 4387 3104 4450 πόδας
3142 4387 3467 4451 ἀποκοπεὶς,
3511 4385 3606 4440 καὶ
3634 4385 3716 4449 είς
3747 4383 3902 4452 ῐγδην
3937 4387 4063 4455 ἐμ-

768 4483 878 4534 cisa
907 4481 1087 4550 lingua
1119 4480 1307 4533 eadem
1342 4480 1553 4536 ratione
1580 4480 1634 4534 in
1675 4481 1938 4534 mortario
1967 4479 2343 4535 contunditur.

2453 4482 2670 4552 ϐληθεὶς
2696 4479 2905 4550 λιθίνην
2943 4478 3213 4548 μεγάλην,
3259 4477 3356 4530 καὶ
3387 4477 3719 4545 συντριϐεὶς,
3752 4475 4067 4546 ἐτελεύτη-

769 4572 1111 4642 Nicephorus
1141 4573 1324 4626 tandiu
1362 4573 1643 4641 premitur,
1679 4572 1854 4627 donec
1885 4573 2108 4642 sanguis
2135 4587 2166 4627 e
2198 4572 2350 4626 nari-
2383 4612 2409 4667 ῐ

2424 4627 2428 4655 Ι
2457 4588 2567 4626 σεν.
2599 4571 2851 4638 Οὑτκτωρ
2882 4568 2939 4622 δὲ
2966 4568 3063 4638 τὴν
3096 4567 3354 4636 γλῶσσαν
3383 4566 3706 4636 ἐκτμηθεὶς,
3735 4563 3850 4618 εἶτα
3883 4568 3943 4617 ὲν
3981 4572 4064 4638 τῇ

772 4659 874 4714 bus
894 4671 1202 4726 erumperet
1227 4679 1240 4713 :
1271 4660 1467 4714 deinde
1492 4675 1587 4729 per
1617 4660 1844 4728 capillos
1864 4676 2188 4731 suspensus,
2217 4669 2346 4714 tan-
2387 4657 2412 4667 ’

2457 4664 2576 4734 ῐγδῃ
2625 4661 3000 4721 συνθλασθεὶς,
3054 4657 3372 4729 ἐτελειώθη.
3431 4658 3745 4728 Νικηφόρος
3794 4657 3850 4709 δὲ
3908 4659 4071 4711 ain-9-

774 4753 897 4806 dem
933 4755 988 4807 itt
1021 4754 1210 4807 eodem
1242 4754 1504 4808 mortario
1535 4754 1863 4818 conciditur,
1899 4755 2080 4825 quoad
2107 4755 2348 4808 animam

2455 4755 2730 4818 πιασθεὶς,
2781 4753 2886 4817 ἓως
2931 4745 2992 4804 οὑ
3042 4751 3205 4820 ἐξέϐη
3248 4745 3390 4821 αἷμα
3440 4751 3504 4802 ἐκ
3537 4753 3635 4818 τῆς
3669 4748 3812 4820 ῥινὸς
3846 4749 4068 4811 αὐταῦ,

777 4845 1001 4898 efﬂaret.
1039 4845 1368 4898 Claudianus
1420 4844 1682 4900 mutilatis
1732 4846 1981 4901 manibus
2013 4860 2076 4900 ac
2102 4845 2351 4913 pedibus,

2456 4850 2552 4901 xui
2603 4847 2667 4900 ἐκ
2711 4845 2917 4916 τριχῶν
2970 4842 3328 4914 κρεμασθεὶς,
3374 4842 3467 4895 καὶ
3514 4843 3572 4894 ἐν
3625 4845 3692 4912 τῇ
3748 4841 3888 4910 αὑτῇ
3924 4843 4071 4916 ῐγδῃ

778 4946 832 4989 et
861 4951 1185 5003 suspensus,
1214 4951 1279 4990 ex
1325 4935 1428 4990 hac
1467 4937 1576 4990 vita
1609 4937 1882 4991 discessit.
1919 4935 2194 4992 Diodorus
2231 4937 2354 5006 igne

2457 4939 2774 5010 ἐμϐληθεὶς,
2827 4937 2923 4991 καὶ
2977 4936 3302 5006 τυπτηθεὶς,
3361 4933 3647 5006 παρέδωκε
3699 4933 3759 4986 τὸ
3800 4933 4071 5003 πνεῦμα..

782 5037 1138 5095 eunsutnptus
1167 5036 1269 5082 est.
1304 5027 1572 5098 Sarapion
1601 5029 1820 5082 inverso
1850 5029 2027 5098 capite
2049 5043 2354 5096 suspensus

2470 5032 2529 5084 Ὀ
2553 5031 2610 5083 δὲ
2637 5029 2963 5091 Κλαυδιανδς
2996 5027 3186 5089 κοπεὶς
3213 5029 3400 5097 χεῖρας
3432 5025 3525 5078 καὶ
3559 5025 3747 5087 πόδας,
3788 5026 3886 5078 xui
3915 5043 4073 5094 xpe-

783 5120 1100 5174 dccollatur.
1154 5119 1348 5187 Papias
1405 5119 1639 5190 denique
1691 5119 1943 5174 manibus
2016 5119 2358 5188 pedibusque

2463 5123 2710 5194 μασθεὶς,
2747 5123 2957 5190 ἀπέστη
2999 5121 3092 5174 τοῦ
3132 5121 3269 5190 βίου.
3319 5119 3379 5172 '0
3406 5119 3462 5172 δὲ
3492 5117 3754 5188 Διόδωρος
3790 5119 3930 5186 πυρὶ
3970 5136 4074 5172 τε.

787 5212 1097 5282 amputatis,
1130 5227 1263 5268 saxo
1301 5211 1573 5282 alligatus,
1614 5213 1669 5266 in
1704 5209 2034 5281 profundum
2074 5208 2353 5280 dejicitur.

2461 5215 2717 5270 λειοῦται.
2750 5213 3044 5283 Σαραπίων
3093 5213 3150 5266 δέ
3199 5210 3341 5264 κατὰ
3394 5210 3638 5278 κεφαλῆς
3688 5209 4074 5278 κρεμασθεὶς,

2463 5307 2896 5377 ἀπεκεφαλίσθη.
2948 5307 3163 5368 Παπίας
3198 5305 3253 5358 δὲ
3307 5304 3445 5374 μετὰ
3499 5303 3559 5356 τὸ
3593 5302 3829 5371 κοπῆναι
3859 5306 4079 5374 χεῖρας

2466 5400 2559 5454 καὶ
2589 5401 2777 5464 πόδας,
2812 5398 2943 5470 λίθῳ
2979 5397 3319 5469 προσδεθεὶς,
3354 5398 3434 5459 είς
3463 5394 3627 5464 βυθὸν
3663 5395 3949 5464 ρίπτεται.

1403 5523 1605 5579 Eodem
1638 5521 1725 5576 die
3007 5509 3043 5560 T

3007 5509 3087 5578 τῇ
3122 5507 3257 5576 αὐτῇ
3297 5506 3481 5576 ἡμέρᾳ

903 5617 1060 5690 149
1097 5615 1376 5672 Certamen
1408 5627 1603 5670 sancta
1641 5612 1892 5684 martyris
1934 5610 2254 5681 Tryphaena.

2565 5607 2856 5672 Ἀθλησις
2885 5602 2995 5670 τῆς
3033 5602 3207 5669 ἁγίας
3256 5600 3560 5669 μάρτιιρος
3602 5597 3972 5666 Τρυςεαιίης.

867 5728 1206 5799 Tltrypbazna
1246 5726 1451 5781 Christi
1490 5735 1693 5795 martyr
1731 5739 1795 5778 ex
1833 5723 1966 5776 urbe
2003 5719 2201 5791 Cyzico
2241 5716 2365 5781 fuit,

2539 5714 2825 5787 Τρύφαινα
2859 5714 2891 5782 ἡ
2926 5711 3015 5764 τοῦ
3053 5708 3288 5781 Χριστοῦ
3346 5708 3558 5778 μάρτυς
3591 5707 3802 5775 ὑπῆρχε
3847 5708 3957 5775 μὲν
4015 5712 4086 5763 ἐκ

801 5798 1070 5877 Anastasii
1110 5821 1340 5891 patricii,
1382 5817 1476 5873 sed
1513 5816 1750 5887 gentilis,
1800 5822 1856 5867 et
1905 5811 2169 5867 Socratize
2211 5809 2368 5864 Chri-

2470 5810 2569 5879 τῆς
2621 5807 2826 5868 πόλεως
2879 5798 3274 5867 Κυζίιιου.⁷Ην
3317 5802 3373 5854 δὲ
3402 5800 3650 5870 θυγάτηρ
3697 5801 4087 5858 Ἀναστασίου

804 5913 992 5969 stianze
1019 5911 1149 5976 filia,
1185 5910 1495 5966 Christiana
1530 5916 1580 5962 et
1628 5906 1764 5976 ipsa.
1801 5903 1936 5958 Cum
1985 5911 2164 5957 autem
2196 5900 2369 5956 festus

2477 5897 2843 5969 συγκλητικοὺ
2889 5895 3132 5962 Elim/os,
3190 5894 3281 5946 xui
3336 5892 3652 5963 Σωκρατὶας
3703 5892 4086 5963 Sonitu-7);.
