4154 6504
120 458 217 521 239

1484 452 2001 517 FEBRUARIUS.

3281 458 3386 523 290

120 571 419 643 Χριστιτνή
463 568 521 623 δέ
576 563 732 631 οὖσα,
763 567 957 636 ἐορτῆς
994 563 1419 634 ἐπιτελουμένης
1464 565 1575 627 τοῖς
1620 565 1701 616 εί-

1808 565 1925 622 dics
1968 568 2129 624 idolis
2173 570 2560 635 celebraretur,
2617 573 2801 626 divino
2834 571 2951 627 zelo
2982 580 3279 635 commota,
3331 573 3384 627 in

118 662 316 724 ξὼλοις.
352 661 500 730 ζήλῳ
526 659 659 727 θείῳ
686 658 991 725 κινηθεῖσα,
1021 658 1116 709 καὶ
1142 659 1220 719 εἰς
1256 656 1419 725 μέσον
1442 653 1535 707 τοῦ
1567 654 1699 707 λαοῦ

120 754 461 815 εἰσελθοῦσα,
503 751 572 805 τά
615 750 816 820 αίσχρὰ
850 749 958 801 τῶν
1010 750 1247 819 ἑλλήνων
1295 747 1574 811 διέπτυσε,
1606 747 1701 801 καὶ

116 849 236 909 τοὺς
269 847 569 917 βλέποντας
600 844 741 896 αὐτὰ
792 842 1154 910 καθύϐρισεν·
1232 840 1473 894 ἐδίδασκέ
1522 857 1581 893 τε
1631 841 1700 892 τά

121 935 215 1001 μὲν
246 934 441 985 εἴδωλα
476 930 844 1001 ἀρνήσασθαι,
883 930 1205 1000 προσελθεῖν
1234 929 1288 983 δὲ
1330 929 1554 1000 Χριστῷ
1604 930 1700 983 κα)⁸

120 1024 503 1095 βαπτισθῆναι.
549 1024 648 1076 Διά
684 1022 843 1076 τοῦτο
872 1025 937 1093 τῇ
973 1022 1265 1091 προστάξει
1318 1021 1399 1073 ..ὀῦ
1433 1022 1702 1092 ἡγεμόνος

121 1116 450 1185 Καισαρείου
491 1116 849 1184 κρατηθεῖσα,
882 1112 1145 1184 ἐνεϐλήθη
1176 1115 1255 1176 είς
1302 1112 1554 1180 κάμινον.
1590 1112 1701 1164 Καὶ

117 1210 208 1278 τῆς
238 1209 478 1277 καμίνου
513 1207 792 1277 ρυσθεῖσα,
839 1205 1159 1275 ἐκρεμάσθη
1198 1206 1293 1258 ἐπὶ
1336 1204 1518 1269 ξύλου,
1550 1205 1701 1258 κάτω

118 1302 387 1369 κειμένων
421 1300 655 1367 σιδηρῶν
686 1298 831 1368 ήλων
860 1298 1051 1361 ὀξέων.
1102 1296 1211 1351 Καὶ
1240 1298 1573 1349 ἀπολυθεῖσα
1602 1296 1697 1349 τοῦ

119 1394 293 1458 ξύλου,
346 1394 542 1445 ἔπεσεν
590 1391 776 1445 ἐπάνω
822 1390 928 1444 τῶν
975 1390 1140 1460 ἥλων,
1191 1391 1283 1442 καὶ
1330 1389 1581 1461 ὠδυνήθη
1609 1388 1698 1441 ὑπ’

118 1488 293 1540 αὐτῶν
327 1486 587 1555 ἰσχυρῶς,
618 1481 749 1537 Εἶτα
780 1483 1156 1537 ἀπολυθέντων
1180 1483 1264 1534 ἐπ’
1292 1482 1460 1552 αὐτὴν
1495 1481 1699 1551 θηρίων

117 1582 390 1649 διαρόρων
413 1597 426 1609 ·
477 1579 545 1631 τά
598 1568 697 1648 μὲν
744 1578 879 1630 ἄλλα
914 1577 975 1629 οὐ
1018 1577 1388 1643 προσέγγισαν
1419 1574 1587 1645 αὐτῇ·
1619 1570 1699 1637 εἷς

116 1674 169 1725 δὲ
191 1671 398 1742 ταῦρος
422 1668 669 1740 δραμὼν,
693 1671 786 1721 καὶ
808 1668 1193 1738 διακερατίσας
1215 1666 1407 1737 αὐτὴν,
1431 1666 1698 1735 διέσχισεν

116 1768 191 1827 εἰς
226 1766 424 1833 μέσον·
459 1764 553 1815 καὶ
579 1760 779 1825 εὐθέως
812 1761 991 1831 ἀφῆκε
1028 1759 1125 1830 τήν
1160 1759 1374 1829 ψυχήν·
1404 1758 1501 1813 καὶ
1525 1757 1697 1822 οὕτως

115 1860 285 1927 ἐτάφη
311 1857 418 1910 ὑπὸ
446 1856 555 1909 τῶν
586 1854 809 1908 πιστῶν.

709 2134 799 2187 Ἐν
835 2136 902 2204 τῇ
935 2131 1129 2203 πρώτῃ

217 2254 518 2317 Ἀθλησις
554 2246 660 2302 τοῦ
698 2246 873 2315 ἁγίου
901 2243 1206 2314 μάρτυρος
1257 2243 1590 2316 Τρρςρωνος.

179 2367 423 2439 Τρύφων
450 2366 479 2417 ό
513 2363 725 2432 μάρτυς
758 2360 1004 2428 ὑπῆρχεν
1047 2356 1157 2410 ἀπὸ
1186 2357 1283 2426 τῆς
1326 2355 1507 2426 χώρας
1552 2356 1698 2424 Φρυ-

112 2464 231 2527 γίας
263 2458 357 2510 ἐπὶ
384 2458 483 2523 τῆς
515 2450 791 2522 βασιλείας
816 2445 1130 2517 Γορδιανοῦ.
1172 2444 1384 2513 Μικρὸς
1410 2443 1465 2494 δὲ
1496 2441 1571 2494 ὢν
1601 2440 1699 2512 τὴν

113 2552 351 2621 ἡλικίαν,
402 2547 594 2599 ἔϐοσκε
653 2544 853 2614 χῆνας·
914 2538 1029 2591 ἀλλ’
1062 2539 1211 2608 ὅμως
1262 2535 1483 2597 καὶτὰς
1532 2537 1698 2604 χῆνας

116 2646 351 2714 βόσκων,
386 2639 592 2710 ἀρετῆς
634 2635 956 2705 ἐπεμελεῖτο
978 2647 994 2662 ·
1026 2633 1123 2684 καὶ
1153 2629 1241 2681 διά
1281 2629 1378 2699 τῆς
1410 2627 1517 2679 τῶν
1550 2628 1699 2678 ἐντο-

111 2739 215 2789 λῶν
262 2733 552 2805 ἐργασίας,
608 2727 857 2799 μεγάλως
908 2723 1209 2794 ἐθεράπευε
1257 2722 1349 2778 τὸν
1413 2720 1567 2773 Θεόν.
1602 2718 1702 2771 Διά

110 2832 270 2885 τοῦτο
301 2826 523 2891 ἐδέξατο
570 2824 889 2895 χαρίσματα
935 2817 1215 2888 ἰαμάτων·
1265 2814 1359 2868 καὶ
1402 2813 1699 2883 ἐθεράπευε

113 2929 295 2979 πᾶσαν
340 2923 523 2985 νόσον,
579 2919 674 2971 καὶ
722 2916 904 2969 πᾶσαν
935 2910 1241 2982 μαλακίαν·
1282 2910 1471 2963 ίάσατο
1502 2908 1557 2960 δὲ
1606 2907 1701 2959 καὶ

111 3020 206 3086 τήν
255 3013 538 3082 θυγατέρα
577 3010 673 3063 τοῦ
722 3006 985 3077 βασιλέως
1033 3003 1264 3072 δαίμονα
1314 3000 1574 3068 ἔχουσαν·
1609 2998 1702 3050 καὶ

114 3108 369 3171 ὑπέδειξε
409 3108 521 3166 τοῖς
566 3098 803 3171 παροῦσι
853 3098 941 3150 τὸν
989 3094 1217 3162 δαίμονα
1250 3092 1463 3161 μορφὴν
1512 3090 1703 3159 ἔχοντα

116 3202 331 3270 μαυρου
390 3196 553 3257 κυνὸς
579 3233 595 3257 ,
652 3192 747 3245 καὶ
812 3184 1303 3257 ἐξομολογούμενον
1360 3181 1458 3244 τὰς
1525 3179 1702 3242 κακὰς

1807 660 2043 713 medium
2077 662 2336 730 populum
2388 664 2699 729 prosiliens,
2724 664 3061 719 exsecranda
3103 664 3383 733 gentilium

1804 766 1959 807 sacra
1984 755 2352 822 consputavit,
2387 770 2685 826 eorumque
2718 766 3053 824 spectatores
3086 765 3379 811 contume-

1803 842 1892 896 liis
1923 842 2122 910 aﬂ‘ecit,
2158 844 2379 911 docens,
2414 847 2570 901 idolis
2611 848 2839 917 ejuratis
2873 849 2937 902 ad
2972 846 3178 904 Christi
3221 848 3382 902 ﬁdem

1804 938 2197 991 transeundum
2247 954 2391 1003 esse,
2445 950 2498 994 et
2556 940 2967 1009 suscipiendum
3026 942 3384 1011 baptismum.

1804 1028 1983 1093 Quare
2014 1024 2235 1083 Caesarii
2265 1032 2503 1100 praefecti
2534 1031 2695 1101 jussu
2730 1032 3148 1098 comprehensa,
3192 1033 3247 1085 in
3283 1047 3381 1086 ca-

1804 1119 2010 1171 minum
2048 1120 2307 1189 injicitur.
2344 1122 2449 1175 Sed
2491 1122 2617 1175 inde
2644 1132 2851 1191 erepta,
2885 1123 2937 1174 in
2975 1120 3267 1191 equuleum
3293 1136 3384 1175 ra-

1802 1214 1965 1281 pitur,
1992 1213 2185 1268 deﬁxis
2219 1214 2367 1268 humi
2402 1217 2742 1270 acutissimis
2773 1215 2943 1269 clavis
2965 1215 3192 1280 ferreis;
3226 1214 3382 1269 solu-

1803 1314 1962 1372 taque
1990 1316 2229 1373 repente,
2260 1314 2314 1359 et
2356 1320 2519 1374 super
2549 1307 2733 1359 clavos
2764 1306 3006 1373 delapsa,
3050 1306 3380 1375 gravissimo

1802 1396 1991 1449 dolore
2030 1396 2282 1451 adicitur.
2316 1396 2519 1451 Deinde
2549 1398 2809 1450 immissae
2851 1396 2902 1448 in
2949 1411 3066 1447 eam
3098 1395 3259 1448 varia:
3286 1395 3383 1448 be-

1803 1487 1952 1551 stiae;
1978 1502 2210 1556 quarum
2233 1488 2354 1541 aliis
2376 1488 2603 1558 prOpius
2621 1487 2879 1541 accedere
2905 1502 3010 1538 non
3032 1486 3383 1552 audentibus,

1803 1588 1995 1631 taurus
2026 1578 2233 1633 adactis
2261 1582 2312 1632 in
2334 1573 2633 1649 praecordia
2662 1578 2820 1648 150
2841 1578 3123 1640 cornibus,
3148 1578 3383 1633 mediam

1802 1670 1964 1724 scidit
1994 1688 2007 1723 :
2038 1680 2088 1724 et
2122 1671 2304 1725 statim
2341 1674 2593 1741 spiritum
2623 1672 2845 1725 tradidit
2880 1687 2894 1725 :
2929 1670 3088 1739 cujus
3118 1684 3318 1739 corpus
3350 1683 3380 1723 a

1802 1762 2053 1818 ﬁdelibus
2086 1764 2360 1833 sepultum
2402 1762 2521 1818 fuit.

1996 1983 2389 2075 MENSE
2470 1984 3208 2077 FEBRUARIO.

2445 2135 2542 2189 Dic
2579 2133 2756 2205 prima

1911 2251 2067 2321 151
2112 2250 2392 2306 Certamen
2436 2251 2607 2304 sancti
2658 2248 2914 2320 martyris
2961 2246 3276 2317 Tryphonis.

1874 2360 2130 2434 Tryphon
2170 2373 2377 2434 martyr
2417 2362 2470 2416 in
2510 2361 2766 2431 Phrygia,
2818 2360 3095 2416 Gordiano
3140 2362 3383 2431 impera-

1804 2465 1943 2520 tore,
1966 2468 2150 2521 natus,
2174 2456 2356 2510 adhuc
2384 2472 2518 2526 puer
2544 2470 2769 2509 anseres
2790 2456 3076 2525 pascebat;
3108 2457 3201 2509 sed
3219 2453 3384 2509 simul

1801 2549 2099 2603 virtutibus
2122 2549 2509 2619 comparandis
2534 2564 2755 2617 operam
2782 2549 2968 2611 dabat,
3004 2547 3208 2617 Deique
3237 2563 3388 2600 utan-

1803 2644 1926 2697 data
1959 2641 2245 2709 diligenter
2270 2642 2673 2711 exsequebatur
2704 2660 2717 2695 :
2757 2642 2903 2695 unde
2923 2643 3269 2695 curationum
3292 2640 3391 2693 do-

1805 2746 1935 2784 num
1986 2733 2218 2799 a'ccepit,
2252 2741 2312 2784 ut
2360 2731 2572 2784 nullum
2605 2739 2751 2785 esset
2790 2732 2965 2785 morbi
3004 2747 3197 2801 genus,
3238 2730 3384 2799 quod

1806 2837 1916 2875 non
1950 2832 2186 2875 curaret.
2224 2822 2451 2876 Sanavit
2501 2831 2683 2875 autem
2719 2830 2772 2875 et
2823 2822 3170 2891 imperatoris
3214 2821 3381 2874 ﬁliam

1806 2930 1835 2967 a
1869 2918 2113 2969 dmmOue
2149 2930 2491 2983 oppressam,
2529 2915 2816 2983 ipsumque
2838 2914 3142 2968 daemonem
3174 2915 3225 2966 in
3256 2928 3385 2983 spe-

1807 3007 1887 3060 cie
1940 3008 2220 3075 nigerrimi
2272 3008 2424 3061 canis
2464 3016 2749 3061 ostensum
2806 3007 3091 3075 compulit,
3146 3015 3206 3059 ut
3257 3019 3385 3059 suas

1807 3100 2110 3167 prmstigias
2142 3106 2193 3152 et
2221 3100 2377 3152 dolos
2402 3100 2730 3168 patefaceret
2767 3116 2780 3152 :
2814 3114 2935 3167 qua:
2960 3114 3045 3153 res
3075 3098 3279 3151 multos
3316 3098 3384 3151 ad

1807 3190 2008 3244 Christi
2042 3190 2201 3244 ﬁlem
2235 3193 2490 3244 traduxit.
2547 3191 2677 3244 Post
2724 3192 2837 3245 haec
2874 3190 3033 3245 Decio
3065 3192 3388 3258 imperante,

115 3297 345 3363 πράξεις
390 3290 588 3343 αὑτοῦ·
643 3288 733 3339 ὅτε
776 3284 869 3337 καὶ
902 3278 1129 3340 πολλοὺς
1178 3278 1365 3328 ἔπεισε
1410 3272 1701 3328 πιστεῦσαι

1807 3292 2000 3350 captus
2020 3284 2088 3336 ab
2108 3283 2367 3351 Aquilino
2388 3280 2664 3351 prtel'ecto,
2687 3279 2921 3335 Nicaeam
2953 3282 3171 3334 vinctus
3188 3281 3390 3349 perdu-

112 3388 189 3455 τῴ
214 3384 477 3454 Χριστῷ·
528 3383 622 3434 ἐπὶ
654 3382 712 3434 δὲ
752 3381 853 3449 τῆς
886 3380 1166 3449 βασιλείας
1196 3376 1387 3429 Δεκίου
1420 3371 1701 3445 ἐκρατήθη

1805 3373 1947 3426 citur
1983 3391 1997 3427 :
2033 3373 2121 3425 ubi
2165 3372 2233 3426 ad
2264 3387 2435 3441 equos
2466 3372 2764 3426 indomitus
2796 3372 3074 3441 alligatus,
3102 3387 3198 3440 per
3232 3370 3389 3439 152

114 3480 267 3548 παρὰ
317 3474 606 3530 Ἀκυλίνου
638 3473 731 3527 τοῦ
768 3472 1031 3542 ἐπάρχου,
1069 3471 1163 3525 καὶ
1191 3468 1334 3541 ἢχθη
1367 3466 1587 3535 δέσμιος
1622 3465 1701 3527 είς

1805 3465 1951 3519 invia
2013 3464 2244 3519 hiberno
2304 3474 2549 3534 tempore
2600 3470 2851 3532 rapqu
2901 3463 3155 3517 :deinde
3210 3466 3388 3516 nudus

114 3572 369 3624 Νίκαιαν.
409 3568 520 3620 Καὶ
543 3565 761 3636 πρῶτον
795 3564 891 3634 μὲν
924 3561 1239 3633 προσδεθεὶς
1273 3560 1459 3621 ῐπποις
1490 3555 1701 3627 ἀγρίοις

1805 3571 1970 3624 super
2025 3566 2218 3611 acutos
2262 3558 2449 3611 clavos
2507 3556 2784 3609 volutatur
2844 3572 2860 3611 :
2910 3556 3130 3609 demum
3174 3553 3390 3608 lacibus

117 3665 341 3729 σύρεται
404 3663 547 3713 κατά
615 3658 895 3712 δυσϐάτων
962 3655 1165 3719 τόπων,
1228 3650 1348 3722 ὥρᾳ
1408 3648 1697 3720 χειμῶνος.

1805 3647 1951 3701 circa
2004 3646 2174 3701 latera
2210 3645 2507 3713 ustulatus,
2537 3647 2714 3714 capite
2753 3645 3028 3714 plectitur.

118 3760 348 3811 Ἔπειτα
377 3756 586 3826 γυμνὸς
637 3754 821 3807 ἐπάνω
854 3750 1089 3821 σιδηρῶν
1141 3749 1288 3819 ἥλων
1331 3746 1565 3799 τίθεται.
1594 3738 1730 3797 Εἶτα
1784 3740 1873 3795 διὰ
1925 3741 2224 3812 λαμπάδων
2272 3741 2441 3813 πυρὸς
2502 3742 2802 3805 κατακαεὶς
2848 3741 2947 3806 τὰς
2977 3740 3240 3812 πλευράς,
3288 3742 3387 3812 τὴν

114 3853 356 3924 κειῖραλὴν
385 3847 699 3919 ἀπετμήθη.

686 3963 765 4032 τῇ
790 3961 927 4032 αὐτῇ
951 3959 1134 4031 ἡμέρᾳ

2444 3954 2643 4009 Eodem
2667 3954 2755 4009 die

114 4062 331 4131 Πνήμη
364 4056 476 4112 τοῦ
501 4056 677 4131 ὁσιρυ
699 4053 929 4131 Ῑζαςρός
961 4050 1132 4131 iier
1170 4045 1562 4131 Berdtytarofi
1586 4063 1701 4115 μω·

1810 4045 1967 4118 153
2027 4046 2471 4131 Commemoratio
2526 4048 2700 4131 sancti
2758 4046 2942 4131 Patris
2986 4045 3154 4128 nostri
3192 4043 3391 4099 Bendi-

439 4126 627 4193 θητοῦ
650 4123 756 4177 τοῦ
786 4117 957 4191 ἁγίου
990 4117 1345 4181 Ᾰύεεγτίου.

1931 4117 1946 4118 ί
2090 4121 2277 4181 miani,
2312 4118 2557 4184 discipuli
2602 4119 2776 4169 sancti
2830 4117 3100 4170 Auxentit’.

193 4257 254 4309 Ὀ
288 4257 442 4317 ὅσιος
494 4251 589 4303 καὶ
650 4250 823 4320 μέγας
898 4245 1086 4316 Πατὴρ
1151 4243 1309 4313 ήμῶν
1360 4239 1708 4310 Βενδιμιανδς

113 4348 333 4415 ἐγένετο
369 4342 625 4414 μαθητὴς
652 4340 744 4393 τοῦ
774 4338 924 4392 ὁσίου
956 4337 1169 4407 Πατρδς
1200 4335 1357 4403 ήμῶν
1386 4333 1701 4397 Αὺξεντίου,

1811 4347 1986 4398 sancti
2024 4342 2196 4398 Patris
2237 4346 2407 4397 nostri
2459 4344 2739 4406 Auitentii,
2783 4343 2874 4411 qui
2922 4342 2976 4395 in
3010 4354 3197 4394 monte
3228 4341 3392 4394 Chal-

108 4442 202 4493 τοῦ
232 4444 295 4493 ἐν
324 4438 410 4508 τῷ
461 4436 578 4505 δρει
623 4432 1022 4503 ήσυχάσαντος,
1078 4427 1171 4481 τοῦ
1222 4427 1570 4495 διακειμένου
1610 4424 1701 4493 μὲν

1807 4435 2000 4489 (edoni
2040 4439 2289 4505 proximo
2313 4477 2327 4501 ,
2363 4437 2494 4490 Oxia
2548 4436 2848 4504 appellato,
2882 4434 3181 4489 solitariam
3223 4437 3387 4487 vllam

112 4532 345 4601 πλησίον
403 4525 770 4596 Χαλκηδόνος,
820 4520 1224 4591 ὀνομαζομένου
1248 4519 1305 4571 δὲ
1330 4518 1431 4586 τῆς
1472 4516 1701 4582 Ὀξείσς,

1810 4528 2022 4595 agebat,
2050 4509 2370 4597 discipulus,
2398 4530 2643 4583 sedulum
2680 4528 2941 4596 magistro
2973 4542 3031 4581 se
3054 4527 3389 4593 ministrum,

112 4625 415 4684 δουλεύσας
441 4619 593 4688 αὐτῷ
651 4616 822 4668 πολλὰ
873 4614 966 4666 καὶ
1018 4610 1335 4678 ὑποταγεὶς,
1366 4609 1440 4671 ὡς
1500 4608 1701 4679 πρέπει

1808 4630 1863 4672 ιιι
1895 4632 2113 4675 sanctos
2164 4622 2350 4682 decet,
2410 4635 2625 4688 semper
2654 4620 2929 4683 exhibuit;
2981 4619 3210 4687 ejusque
3259 4633 3391 4671 san-

1884 4250 2122 4305 Sanctus
2175 4260 2224 4305 et
2274 4266 2505 4321 magnus
2552 4250 2715 4303 Pater
2762 4258 2949 4304 noster
3001 4248 3391 4304 Bendimianus

114 4719 313 4783 ἀγίοις,
354 4713 452 4765 καὶ
484 4708 903 4779 κληρονομήσας
929 4705 1030 4773 τήν
1059 4703 1223 4770 ἁγίαν
1250 4701 1419 4771 εὐχήν
1464 4700 1699 4753 ἐκείνου.

114 4809 294 4862 Πολλὰ
324 4805 385 4857 δὲ
441 4800 845 4867 ἀγωνιζόμενος
896 4797 975 4858 είς
1039 4793 1265 4864 ἀρετὴν,
1312 4792 1413 4843 οὑκ
1459 4790 1702 4862 ἠρκέσθη

110 4901 348 4962 τούτοις,
382 4895 524 4951 ἀλλὰ
550 4892 688 4962 μετὰ
721 4892 820 4962 τὴν
879 4888 1140 4957 κοίμησιν
1189 4884 1283 4938 τοῦ
1315 4885 1497 4953 ἀγίου,
1526 4882 1705 4953 εὑρὼν

111 4992 410 5058 διάκουφον
444 4986 675 5054 πέτραν,
710 4980 936 5048 πλησίον
965 4980 1067 5049 τῆς
1112 4977 1352 5047 μάνδρας
1402 4974 1494 5029 τοῦ
1522 4975 1701 5042 ἁγίου,

114 5087 207 5137 καὶ
247 5082 548 5141 ἐπικτίσας
572 5080 638 5130 ἐκ
666 5076 777 5129 τῶν
819 5074 911 5127 δύο
969 5071 1151 5143 μερῶν
1189 5071 1290 5139 τῆς
1344 5068 1573 5138 πέτρας,
1608 5067 1705 5119 καὶ

114 5180 352 5245 ποιήσας
381 5172 587 5244 μικρὸν
618 5169 847 5232 κελλίον,
872 5166 1197 5219 ἀπέκλεισεν
1223 5164 1415 5216 ἐαυτὸν
1448 5164 1582 5223 ἐκεῖ,
1612 5160 1706 5212 καὶ

116 5270 375 5337 ἐποίησεν
408 5262 818 5331 ἀγωνιζόμενος
849 5257 947 5327 ἐτη
996 5253 1518 5326 τεσσαρακονταδύο.
1562 5252 1707 5306 Ἐδέ-

116 5360 317 5426 ξατοδέ
341 5356 441 5411 καί
471 5354 796 5427 χαρίσματα
816 5350 1080 5419 ἰαμάτων,
1107 5349 1202 5401 καὶ
1234 5348 1352 5399 ίᾶτο
1383 5346 1509 5409 τοὺς
1534 5361 1706 5415 προσ-

114 5452 449 5521 ερχομένους
508 5444 660 5515 αὐτῷ
711 5442 1095 5507 ἀσθενοῦντας,
1155 5439 1250 5493 καὶ¹
1296 5439 1439 5491 κατὰ
1507 5436 1706 5506 ψυχήν.

116 5546 207 5596 καὶ
236 5544 388 5597 κατά
422 5540 610 5608 σῶμα.
654 5536 947 5606 ’Υπέμεινε
974 5534 1031 5587 δὲ
1067 5534 1161 5587 καὶ⁵
1209 5531 1438 5594 πολλοὺς
1478 5545 1709 5599 πειρασ-

119 5639 249 5703 μοῶς
284 5640 349 5690 ἐκ
384 5636 500 5687 τῶν
537 5633 816 5701 δαιμόνων
837 5646 851 5661 ·
884 5627 1156 5698 προγνοὺς
1182 5626 1239 5679 δὲ
1268 5624 1358 5678 τὸν
1387 5623 1555 5679 αὐτοῦ
1611 5621 1707 5673 θά-

117 5748 295 5793 νατον,
361 5726 677 5796 διηγήσατο
742 5722 833 5774 τὸν
911 5720 1024 5789 βίον
1062 5717 1157 5771 τοῦ
1205 5716 1361 5784 ἀγίου
1423 5712 1708 5780 Αὑξεντίου

116 5820 189 5883 τῷ
220 5822 473 5885 μέλλοντι
536 5813 691 5884 αὐτῷ
751 5809 1179 5880 συγγράψασθαι
1220 5804 1561 5875 συγγραφεῖ·
1616 5802 1710 5855 καὶ

121 5910 257 5965 οὕτω
291 5913 482 5975 κὶίνας
520 5909 590 5960 τά
628 5905 859 5976 γόνατα,
890 5902 1170 5973 παρέδωκε
1198 5898 1256 5951 τὸ
1288 5895 1528 5966 πνεῦμα.

1805 4721 2017 4765 ctarum
2056 4726 2275 4779 precum
2312 4711 2485 4763 haares
2513 4708 2687 4763 factus
2714 4749 2725 4769 ,
2758 4710 3031 4777 egregiam
3066 4722 3391 4776 comparan-

1805 4804 1890 4857 dis
1921 4803 2224 4856 virtutibus
2263 4817 2483 4870 operam
2513 4801 2731 4855 navavit
2766 4818 2779 4854 :
2822 4815 2998 4868 neque
3046 4800 3130 4852 his
3161 4807 3392 4853 conten-

1806 4905 1918 4960 tus,
1962 4905 2083 4965 post
2129 4896 2303 4948 sancti
2357 4893 2588 4955 obitum,
2641 4894 2781 4962 apud
2816 4893 3101 4945 mandram
3143 4891 3388 4959 ejusdem

1807 4988 1951 5043 inter
1982 4988 2244 5040 m0ntium
2270 4986 2546 5055 angustias
2569 4994 2772 5053 petram
2809 4994 3026 5044 nactus,
3059 4998 3125 5035 ex
3156 4992 3391 5049 utroque

1808 5080 2053 5148 ejusdem
2116 5080 2284 5131 latere
2340 5078 2593 5145 exiguam
2672 5078 2921 5131 cellulam
2988 5076 3388 5143 superstruxit;

1808 5182 1971 5241 atque
2000 5173 2053 5225 in
2082 5186 2144 5224 ea
2176 5170 2416 5238 seipsum
2454 5170 2739 5224 includens
2765 5211 2779 5234 ,
2818 5186 2913 5238 per
2941 5183 3112 5222 annos
3150 5168 3392 5237 quadra-

1808 5264 1955 5331 ginta
2001 5262 2139 5315 duos
2177 5260 2424 5315 certavit.
2458 5260 2677 5329 Accepit
2715 5268 2900 5311 autem
2950 5269 3005 5312 et
3041 5258 3388 5311 curationum

1809 5354 2048 5416 donum,
2099 5361 2153 5406 et
2188 5352 2562 5406 accedentium
2604 5352 2667 5403 ad
2717 5366 2775 5405 se
2833 5361 2940 5403 tam
2979 5348 3147 5403 animi
3174 5388 3189 5412 ,
3224 5363 3389 5416 quam

1810 5445 2056 5513 corporis
2097 5445 2321 5498 morbos
2372 5447 2621 5499 sanabat.
2674 5444 2878 5497 Multas
2922 5452 3180 5510 praeterea
3207 5455 3237 5493 a
3284 5441 3391 5494 dae-

1812 5539 2067 5592 monibus
2098 5537 2429 5591 tentationes
2470 5536 2715 5605 pertulit.
2758 5537 3004 5602 Cumque
3043 5534 3234 5587 mortis
3276 5548 3389 5587 suae

1810 5632 2097 5703 praescius,
2124 5629 2379 5698 scriptori
2412 5627 2655 5691 cuidam,
2689 5642 2853 5697 quam
2897 5625 3091 5678 litteris
3111 5639 3388 5679 commen-

1811 5726 1983 5783 daret,
2022 5724 2195 5777 sancti
2230 5721 2486 5774 Auxentii
2525 5722 2686 5773 vitam
2729 5725 3078 5786 enarrasset,
3116 5716 3393 5771 iuclindis

1813 5816 2045 5887 genibus
2077 5814 2301 5871 tradidit
2326 5814 2602 5883 Spiritum.
