4154 6504
765 431 869 500 291

1311 546 1550 601 EODEM
1575 545 1830 600 MENSI‘L

1362 639 1454 694 Die
1491 641 1733 694 secunda

771 731 932 804 154
969 732 1232 804 Occursus
1293 731 1502 784 Domini
1538 733 1724 804 nostri
1764 730 1892 784 Jesu
1947 729 2181 804 Christi,
2229 747 2347 783 cum

932 820 1046 855 eum
1085 802 1302 856 Simeon
1336 819 1494 856 senex
1527 803 1582 855 in
1614 804 1768 855 ulnas
1798 818 1922 854 was
1959 803 2180 870 accepit.

835 981 1105 1042 Dominus
1161 990 1347 1035 noster
1399 981 1557 1034 .Iesus
1601 979 1854 1034 Christus
1905 995 2061 1033 suam
2127 995 2349 1034 (eoeno-

763 1075 928 1127 miam
964 1075 1267 1128 secundum
1307 1089 1526 1126 carnem
1573 1073 2039 1135 confirmaturus,
2077 1075 2223 1141 quod
2267 1072 2349 1125 ni-

764 1168 962 1220 mirum
1007 1182 1126 1219 rere
1161 1166 1335 1218 factus
1361 1175 1505 1218 esset
1539 1165 1728 1229 homo,
1762 1180 1885 1218 cum
1911 1175 2106 1218 czetera
2138 1166 2345 1231 omnia,

763 1272 884 1326 qua:
928 1259 1043 1326 lege
1094 1256 1325 1310 Judaica
1373 1257 1582 1310 sancita
1636 1265 1817 1321 erant,
1859 1257 2210 1324 implevisset,
2246 1257 2350 1312 hoc

762 1350 924 1403 etiam
968 1363 1073 1402 non
1130 1350 1580 1414 pt'mtertnitteus,
1633 1364 1850 1402 servare
1895 1348 2064 1400 voluit
2111 1348 2256 1413 quod
2294 1349 2347 1401 in

761 1454 914 1493 more
969 1440 1110 1508 apud
1153 1439 1374 1495 Judaaos
1418 1450 1554 1494 erat.
1585 1438 2016 1508 Quadragesimo
2073 1440 2217 1492 enim
2262 1439 2350 1493 die

762 1547 979 1586 omnem
1004 1531 1359 1586 Hebraeorum
1389 1533 1693 1584 masculum
1722 1530 2067 1584 adducebant
2096 1541 2348 1600 parentes

760 1629 816 1682 in
865 1629 1126 1697 templum
1183 1643 1305 1681 cum
1360 1626 1575 1680 duabus
1607 1625 1955 1688 turturibus,
1991 1632 2086 1676 aut
2134 1623 2348 1676 duobus

761 1720 920 1788 pullis
980 1719 1378 1782 columbarum,
1442 1728 1500 1772 ut
1555 1716 1992 1770 benedictionem
2051 1713 2343 1781 acciperet.

763 1811 878 1866 lloc
905 1812 1072 1881 igitur
1105 1821 1159 1864 et
1184 1811 1450 1865 Dominus
1491 1818 1678 1863 noster
1711 1807 1870 1861 Jesus
1913 1805 2167 1859 Christus
2214 1819 2348 1872 prae-

2008 428 2435 491 MENOLOGII
2481 428 2674 488 PARS
2716 430 2799 489 ll.

3933 431 4039 494 292

2993 543 3175 597 MHNI
3213 543 3298 615 re
3335 545 3540 614 arm.

3220 635 3273 686 Β,

2473 725 2545 778 ’11
2583 726 2907 793 ὐπαπαντὴ
2940 726 3045 779 τοῦ
3077 729 3301 794 Κυρίου
3323 727 3490 795 ημῶν
3523 727 3725 791 Ἰησοῦ
3759 725 4041 795 Χριστοῦ,

2527 796 2624 868 ὅτε
2653 795 2902 868 ἐδέξατο
2928 797 3116 868 αὑτὸν
3141 799 3386 866 Συμεὼν
3409 802 3441 851 ό
3463 801 3805 868 πρεσϐύτης
3821 799 3891 851 ἐν
3911 796 4044 861 ταῖς

2531 866 2826 934 ἀγκάλαις
2854 867 3065 920 αὐτοῦ.

2531 978 2644 1032 Ἵνα
2675 979 2948 1051 βεϐαιώσῃ
2986 982 3086 1052 τὴν
3117 983 3382 1053 ἐνσσρκον
3416 983 3732 1052 οἰκονομίαν
3766 984 3792 1035 ὁ
3837 982 4044 1053 Κύριος

2457 1071 2616 1140 ἡμῶν
2663 1072 2872 1142 Ἰησοῦς
2902 1074 3165 1144 Χριστὸς,
3199 1075 3281 1128 ὅτι
3340 1075 3483 1128 κατὰ
3533 1075 3632 1142 τὴν
3664 1075 3918 1146 ἀλήθειαν
3949 1077 4051 1127 ἆν-

2457 1163 2676 1233 θρωπος
2712 1167 2950 1232 ἐγένετο,
2979 1167 3157 1220 πάντα
3179 1167 3247 1219 τὰ
3275 1165 3367 1219 τοῦ
3407 1167 3698 1219 Ἰουδαῖκοῦ
3731 1168 3892 1234 νόμου
3921 1185 4014 1219 ποι
4032 1197 4049 1207 -

2457 1255 2616 1326 ήσας,
2649 1256 2770 1309 οὐδὲ
2799 1258 2959 1311 τοῦτο
3015 1258 3320 1329 παρέλιπεν
3345 1276 3359 1290 ⁸
3399 1259 3514 1312 ἀλλ’
3564 1261 3808 1327 ἐποίησε,
3857 1259 4051 1322 καθὼς

2455 1342 2522 1416 ἦν
2543 1347 2663 1410 ἔθος
2693 1350 2808 1411 τοῖς
2845 1348 3140 1412 Ἰουδαίοις·
3174 1351 3310 1419 μετὰ
3334 1349 3443 1419 γὰρ
3469 1349 3879 1416 τεσσαράκοντα
3902 1350 4054 1417 ἡμέ-

2459 1455 2578 1508 ρας,
2613 1440 2723 1490 πᾶν
2773 1439 2990 1492 παιδίον
3029 1441 3139 1494 τῶν
3202 1441 3468 1511 Ἐϐραίων
3525 1441 3720 1511 ἔφερον
3772 1443 3820 1492 οἱ
3861 1443 4055 1507 γονεῖς

2456 1532 2537 1592 είς
2560 1531 2618 1582 τὸ
2643 1530 2811 1600 ἱερὸν,
2859 1532 2996 1600 μετὰ
3027 1531 3122 1585 δύο
3148 1533 3450 1601 τρυγόνων,
3488 1532 3520 1602 ἦ
3550 1533 3644 1585 δύο
3673 1533 3910 1584 νεοσσῶν
3941 1550 4056 1584 πε-

2459 1624 2750 1692 ριστερῶν,
2784 1625 2878 1677 τοῦ
2918 1624 3284 1689 εὐλογεῖσθαι.
3331 1624 3502 1677 Τοῦτο
3526 1626 3581 1677 δὲ
3640 1625 3736 1678 καὶ
3773 1626 3802 1677 ὁ
3839 1625 4060 1694 Κύριος

2455 1717 2616 1786 ἡμῶν
2658 1719 2870 1787 Ἰησοῦς
2899 1719 3134 1788 Χριστὸς
3173 1719 3418 1786 ἐποίησε.
3454 1720 3563 1771 Καὶ
3595 1719 3743 1788 παρὰ
3773 1719 3868 1786 τῆς
3900 1719 4061 1770 κατᾶ

2455 1809 2713 1877 ἀλήθειαν
2749 1810 2990 1880 μητέρος
3014 1811 3178 1863 αὐτοῦ
3217 1810 3438 1879 Μαρίας
3482 1813 3582 1879 τῆς
3628 1810 3917 1874 Θεοτόκου,
3947 1811 4062 1863 καὶ

763 1903 901 1955 stitit
941 1922 953 1956 :
991 1914 1039 1955 et
1077 1918 1181 1955 una
1220 1918 1341 1954 cum
1380 1916 1502 1952 vera
1538 1908 1709 1951 matre
1742 1912 1840 1950 sua
1882 1895 2109 1962 Deipara
2153 1893 2344 1954 Maria,

2456 1899 2548 1951 τοῦ
2578 1900 2941 1968 νομιζομένου
2973 1902 3179 1972 πατρὸς
3223 1899 3442 1968 Ἰωσὴφ,
3467 1898 3631 1970 ἦλθεν
3669 1903 3748 1964 εἰς
3797 1902 3887 1954 τὸν
3914 1903 4062 1954 ναὸν

759 2000 813 2045 et
843 1990 1080 2060 Jost~pho
1098 1992 1354 2057 opinione
1389 1999 1600 2043 tantum
1631 1997 1803 2057 patre,
1828 1985 1977 2060 venit
2016 1986 2068 2038 itt
2090 1986 2347 2052 templum

761 2083 876 2147 Dei,
927 2093 976 2136 et
1039 2097 1067 2135 a
1118 2082 1373 2135 Simeone
1414 2080 1562 2148 justo
1602 2089 1861 2146 exceptus
1918 2087 2001 2131 est
2048 2096 2060 2130 :
2098 2077 2190 2146 qui
2225 2093 2347 2131 Cum

759 2186 884 2224 eum
921 2170 974 2222 in
1001 2170 1156 2222 ulnas
1196 2186 1324 2222 suas
1381 2171 1705 2237 acet'pisset,
1740 2170 1875 2221 dixit
1901 2185 1912 2220 :
1937 2167 2089 2221 Nunc
2118 2167 2348 2222 dimittis

761 2277 981 2315 servum
1039 2272 1187 2313 tuum
1212 2301 1226 2323 ,
1260 2262 1489 2315 Domine
1515 2301 1528 2325 ,
1568 2261 1868 2314 secundum
1905 2261 2130 2314 verbum
2170 2269 2346 2323 tuum,

756 2353 811 2405 in
848 2362 1034 2421 pace‘:
1073 2354 1201 2421 quia
1234 2353 1489 2406 viderunt
1529 2354 1675 2406 oculi
1718 2353 1823 2406 mei
1875 2353 2115 2406 salutare
2167 2360 2344 2406 tuum.

762 2445 1028 2499 Similiter
1067 2456 1120 2500 et
1174 2448 1330 2499 Anna
1390 2447 1737 2515 Prophetissa
1799 2445 2047 2501 confessa
2109 2455 2228 2508 est,
2293 2455 2349 2499 et

759 2539 963 2606 gratias
1019 2539 1128 2592 Deo
1178 2539 1308 2607 egit,
1340 2539 1483 2607 quod
1541 2539 1800 2607 populum
1847 2553 2007 2590 suum
2054 2536 2344 2591 visitasset.

761 2629 874 2683 Hac
927 2629 1091 2698 igitur
1135 2629 1202 2684 de
1252 2644 1420 2685 causa
1477 2630 1592 2685 haec
1648 2638 1836 2684 sancta
1886 2627 2155 2684 festivitas
2204 2629 2348 2683 cele-

756 2723 971 2779 bratur.

1391 2832 1593 2888 Eodem
1623 2832 1711 2887 die

764 2944 920 3016 155
952 2944 1227 3000 Certamen
1259 2943 1563 2999 sanctorum
1611 2946 1886 3016 Perpetua:
1912 2987 1925 3008 ,
1959 2945 2180 3013 Satyri,
2217 2943 2350 2996 Reu-

960 3017 1087 3080 cati,
1116 3016 1414 3083 Saturnini,
1448 3016 1677 3070 Secundi
1737 3028 1783 3069 et
1823 3015 2144 3070 Felicitatis.

833 3193 1100 3264 Perpetua
1159 3196 1365 3250 Christi
1415 3209 1621 3268 martyr
1662 3213 1725 3250 ex
1758 3199 1981 3265 regione
2033 3197 2247 3264 Africae,
2280 3197 2350 3250 ob

2457 1991 2551 2045 τοῦ
2575 1992 2734 2044 Θεοῦ·
2773 1993 2869 2045 καὶ
2902 1994 3172 2065 ὑπεδέχθη
3211 1996 3364 2066 παρά
3397 1994 3625 2064 Συμεὼν
3673 1995 3767 2047 τοῦ
3805 1996 4060 2050 δικαίου.

2463 2085 2562 2146 Ὃς
2597 2083 2814 2147 ἐδέξατο
2840 2085 3001 2137 αὐτὸν
3031 2087 3112 2147 εἷς
3139 2087 3236 2149 τὰς
3263 2087 3508 2155 ἀγκάλας
3540 2089 3728 2152 αὐτοῦ,
3762 2090 3855 2141 καὶ
3888 2085 4057 2141 εἷπε·

2456 2175 2571 2227 Νῦν
2589 2175 2849 2239 ἀπολύεις
2870 2176 2964 2230 τὸν
2990 2179 3175 2232 δοῦλόν
3201 2197 3318 2244 σου,
3346 2181 3616 2243 Δέσποτα,
3648 2181 3788 2234 κατά
3811 2182 3870 2234 τὸ
3891 2182 4063 2251 ῥῆμά

2461 2286 2577 2331 σου,
2613 2271 2671 2321 ὲν
2704 2271 2931 2341 εἰρήνῃο
2966 2272 3047 2324 ὃτι
3079 2267 3220 2325 εἶδον
3253 2275 3302 2326 οἱ
3331 2273 3600 2343 ὀφθαλμοί
3634 2292 3734 2344 μου
3765 2274 3823 2327 τὸ
3873 2280 4064 2346 σωτή-

2460 2362 2574 2432 ριόν
2616 2379 2727 2414 σου.
2775 2363 3006 2432 Ὁμοίως
3035 2364 3214 2419 δὲκαὶ
3246 2369 3278 2434 ἠ
3334 2368 3526 2432 Ἀννα,
3584 2368 3853 2438 προφῆτις
3883 2365 4062 2432 οὖσα,

2457 2458 2956 2532 ἀνθωμολογήσατο
2987 2463 3080 2516 καὶ
3114 2464 3482 2535 εὑχαρίστησε
3515 2463 3590 2534 τῷ
3611 2462 3749 2532 Θεῷ,
3781 2463 3857 2534 τῷ
3919 2467 4063 2518 ἐπι-

2462 2550 2793 2622 σκεψαμένῳ
2827 2553 2919 2605 τὸν
2947 2554 3077 2608 λαὸν
3107 2555 3295 2609 αὑτοῦ.
3333 2556 3558 2608 Ἔκτοτε
3590 2551 3683 2608 οὖν
3715 2556 4064 2610 ἐπιτελεῖται

2457 2643 2736 2715 ἡτοιαύτη
2771 2644 2902 2714 ἁγία
2935 2646 3119 2717 ἑορτή.

3014 2826 3092 2896 τῇ
3127 2827 3262 2897 αὐτῇ
3297 2829 3480 2898 ἡμέρᾳ

2462 2935 2755 3011 Ἀᾂέησιςχ
2824 2934 2943 2987 τῶν
2964 2935 3207 3011 ᾔὰγίωκ
3234 2938 3667 3011 Περεζβτούζις,
3737 2942 4065 3011 Σατύρου,

2543 3003 2891 3124 ἓΡευκρίτου,
2953 3003 3347 3074 Σατορνίλου,
3391 3003 3726 3063 Σεκούνδου
3791 3003 4064 3080 naida-Ii

2530 3111 2542 3126 .
2574 3090 2859 3141 ικιτατης.

2542 3185 2605 3237 Ἠ
2637 3185 2730 3239 τοῦ
2775 3187 3014 3256 Χριστοῦ
3052 3187 3266 3258 μάρτυς
3318 3190 3666 3260 Περπετούα,
3721 3187 3791 3262 ἦν
3846 3193 3914 3246 ὲκ
3949 3199 4068 3265 τῆς

761 3285 966 3340 Christi
1009 3288 1410 3342 confessionem
1438 3287 1833 3356 comprehensa
1867 3289 1934 3342 ab
1979 3289 2246 3351 ethnicis,
2283 3287 2347 3341 ad

2456 3273 2640 3346 χώρας
2701 3278 2998 3348 Ἀφρικῆς·
3061 3281 3185 3332 ἐπεὶ
3209 3281 3265 3332 δὲ
3329 3282 3422 3334 τὸν
3458 3283 3694 3352 Χριστὸν
3745 3286 4069 3356 ὡμολόγει,

759 3378 1055 3443 provinciae
1090 3379 1410 3446 praefectum
1447 3394 1557 3431 una
1584 3394 1706 3433 cum
1744 3380 1970 3448 reliquis
2007 3380 2215 3432 sanctis
2252 3378 2350 3432 ad-

757 3469 1000 3521 ducitur.
1033 3467 1278 3522 Habebat
1312 3480 1491 3523 atttetn
1531 3479 1720 3523 sancta
1766 3470 2028 3524 infantem
2059 3471 2235 3523 adhuc
2273 3469 2350 3523 la-

758 3571 1016 3625 ctentem,
1083 3569 1137 3614 et
1196 3560 1419 3614 fratrem
1475 3562 1700 3616 nomine
1769 3562 2135 3615 Dinocratem.
2183 3562 2351 3631 Igitur

759 3663 1050 3722 postquam
1084 3668 1113 3706 a
1145 3652 1409 3722 praefecto
1451 3655 1577 3707 torti
1607 3662 1755 3719 sunt,
1790 3654 1842 3707 in
1879 3655 2184 3708 custodiam
2218 3670 2350 3709 con-

758 3742 1059 3812 jiciuntur:
1097 3745 1187 3797 ubi
1220 3746 1346 3797 vidit
1383 3755 1567 3798 sancta
1598 3745 1648 3798 in
1676 3747 1885 3800 somnis
1913 3747 2116 3800 scalam
2144 3761 2349 3799 teneam

717 3834 725 3842 ’
761 3845 918 3888 terra:
972 3836 1204 3888 defixam
1233 3878 1246 3900 ,
1283 3838 1563 3904 malosque
1621 3839 1976 3906 attingentem
1999 3877 2012 3899 ,
2047 3847 2100 3892 et
2134 3839 2186 3890 in
2231 3838 2350 3906 ejus

760 3926 1198 3982 extremitatibus
1237 3928 1432 3981 infixas
1462 3944 1655 3983 omnes
1689 3940 2082 3984 tormentorum
2107 3932 2349 3999 species;

758 4019 827 4074 ad
869 4019 989 4088 ejus
1015 4035 1142 4072 vero
1187 4019 1387 4073 calcem
1436 4021 1732 4074 draconem
1778 4021 2138 4075 ascendentes
2167 4022 2339 4075 detra-

763 4110 896 4163 here
927 4117 1248 4174 conantem;
1283 4122 1528 4162 sanctum
1566 4122 1746 4164 autem
1781 4113 2032 4182 Satyrum
2053 4113 2354 4167 ascenden-

762 4211 891 4262 tem,
943 4209 997 4254 et
1053 4201 1118 4254 ad
1165 4217 1223 4254 se
1279 4217 1621 4266 conversum,
1666 4203 1779 4264 Ittec
1826 4203 2096 4258 dicentem
2135 4224 2147 4259 :
2183 4205 2352 4258 Mater

763 4308 884 4346 mea
929 4292 1240 4361 Perpetua,
1277 4302 1330 4347 te
1379 4304 1654 4362 exspecto.
1712 4295 1901 4349 Frater
1948 4311 2076 4350 vero
2131 4297 2249 4365 ejus
2297 4299 2348 4350 in

764 4385 938 4437 altero
977 4398 1198 4436 carcere
1241 4383 1507 4448 inclusus,
1564 4385 1698 4440 vidit
1749 4386 2002 4457 Satyrum
2034 4387 2100 4440 ad
2153 4388 2348 4456 pelvim

763 4493 920 4547 aquae
951 4485 1187 4531 stantem
1215 4518 1228 4540 ,
1263 4488 1316 4532 et
1365 4493 1432 4532 ex
1481 4494 1543 4532 ea
1591 4478 1935 4534 haurientem
1967 4489 2131 4549 atque
2159 4481 2350 4533 biben-

765 4579 874 4624 tem
913 4587 926 4623 :
965 4585 1029 4622 ex
1088 4585 1198 4639 quo
1227 4583 1349 4624 eum
1384 4581 1662 4625 mortuum
1705 4586 1829 4625 esse
1877 4571 2165 4625 intellexit.
2197 4571 2348 4624 Mane

762 4662 930 4730 igitur
964 4659 1226 4728 Perpetua
1287 4669 1340 4714 et
1392 4661 1644 4717 Felicitas
1691 4678 1719 4715 a
1779 4661 2052 4717 ferocibus
2098 4662 2346 4731 juvencis

760 4766 936 4805 cornu
1000 4751 1453 4806 transverberat:
1511 4762 1743 4807 mortem
1793 4754 2118 4823 oppetiere:
2165 4755 2344 4807 caeteri

761 4857 894 4898 vero
911 4842 1144 4913 jugulati
1187 4854 1334 4898 sunt.

1313 4956 1544 5011 EODEM
1583 4955 1831 5010 MENSE.

1395 5069 1489 5124 Die
1530 5072 1689 5124 tertia

765 5162 929 5236 156
959 5161 1398 5236 Commemoratio
1440 5163 1612 5215 sancti
1649 5171 1698 5215 et
1737 5163 1876 5236 justi
1921 5163 2218 5228 Simeonis,
2254 5168 2343 5236 qui

835 5232 1122 5356 Diominum
1167 5235 1220 5285 in
1270 5233 1424 5286 ulnas
1471 5249 1595 5285 suas
1641 5235 1885 5302 accepit,
1921 5244 1968 5288 et
2015 5237 2178 5287 Anno:
2218 5232 2334 5304 pro-

835 5315 1098 5356 vietum.

833 5315 948 5373 pliet
959 5319 1098 5357 mw.

838 5417 1059 5471 Simeon
1098 5430 1285 5479 senex,
1314 5416 1498 5486 justus
1529 5424 1581 5471 et
1636 5417 1779 5486 pius.
1811 5427 1866 5472 et
1897 5417 1966 5470 ab
2010 5417 2159 5470 omni
2201 5419 2342 5471 malo

766 5512 1008 5580 seipsum
1035 5510 1338 5575 abstinens,
1390 5525 1511 5563 cum
1543 5511 1807 5577 templum
1843 5508 2099 5578 frequens
2151 5509 2342 5569 adiret,

765 5602 1046 5670 Deumque
1077 5609 1298 5665 oraret,
1338 5610 1397 5653 ut
1453 5600 1642 5653 mundi
1678 5600 1934 5653 misertus
1960 5639 1973 5661 ,
2020 5600 2268 5653 homines
2313 5615 2343 5652 a

766 5693 985 5748 diabolo
1031 5694 1326 5758 liberaret;
1376 5693 1581 5748 audivit
1604 5693 1675 5747 ab
1718 5694 1934 5761 angelo,
1967 5707 2025 5747 se
2056 5707 2160 5747 non
2192 5692 2345 5758 prius

769 5787 1091 5840 moriturum
1115 5826 1130 5852 ,
1172 5803 1336 5856 quam
1371 5788 1576 5842 videret
1625 5785 1904 5841 Christum
1959 5783 2212 5848 Domini,
2251 5784 2345 5853 qui

768 5878 1027 5934 universo
1058 5881 1173 5934 orbi
1205 5881 1431 5936 salutem
1466 5880 1729 5935 alla'urus
1779 5887 1939 5934 t‘sscl.
1988 5876 2248 5931 Similiter
2294 5887 2346 5931 et

2376 4628 2426 4687 D

2453 3369 2795 3441 κρατηθεῖσα
2827 3371 2978 3442 παρὰ
3007 3371 3116 3425 τῶν
3160 3372 3450 3444 Ἑλλήνων,
3491 3377 3782 3446 προσήχθη
3819 3377 3898 3446 τῷ
3945 3382 4068 3451 τῆς

2453 3464 2637 3533 χώρας
2681 3465 2926 3533 ἄρχοντι,
2959 3466 3098 3534 μετὰ
3151 3466 3260 3518 τῶν
3284 3466 3487 3518 λοιπῶν
3515 3469 3705 3534 ἁγίων.
3746 3466 3852 3523 Ἦν
3889 3471 3947 3522 ἰὲ
3991 3478 4067 3543 τῇ

2455 3556 2586 3625 ἁγίᾳ
2631 3555 2831 3624 βρέφος
2863 3558 3190 3627 ὑπομάζιον,
3246 3559 3340 3610 καὶ
3376 3558 3602 3628 ἀδελφὸς
3661 3561 3834 3630 δνομα
3868 3566 4074 3617 Δεινο⁹

2454 3647 2682 3716 κράτης.
2727 3648 3109 3718 Τιμωροῦνται
3142 3649 3235 3702 οὖν
3283 3653 3434 3720 παρὰ
3468 3651 3561 3704 τοῦ
3603 3653 3882 3722 ἄρχοντος.
3911 3652 4073 3709 Εἶτα.

2451 3739 2814 3806 ἐμϐάλλονται
2851 3744 2932 3802 εἰς
2974 3741 3244 3810 φυλακήν.
3275 3744 3388 3795 Καὶ
3442 3743 3694 3815 θεωρεῖὴ
3729 3747 3862 3813 ἁγία
3918 3751 4070 3802 κατ’

2452 3831 2587 3901 ὄναρ
2630 3831 2838 3883 σκάλαν
2871 3831 3079 3900 χαλκῆν
3115 3831 3429 3900 φθάνουσαν
3465 3834 3573 3886 ἀπὸ
3603 3838 3708 3904 γῆς
3765 3838 3845 3898 είς
3873 3838 4076 3908 οὖρα-

2453 3922 2566 3985 νὸν,
2600 3923 2832 3992 ἔχουσαν
2865 3925 2944 3987 εἰς
2973 3926 3040 3977 τὰ
3092 3925 3186 3977 δύο
3229 3927 3371 3996 μέρη
3410 3927 3818 3996 ὲμπεπηγμένα
3857 3931 4075 3986 πάντα.

2453 4013 2523 4066 τὰ
2547 4013 2654 4065 τῶν
2683 4015 3058 4086 κολαστηρίων
3111 4015 3247 4085 εἴδη,
3305 4017 3400 4069 καὶ
3454 4016 3723 4086 δράκοντα
3777 4019 3884 4070 ὑπὸ
3952 4023 4076 4090 τὴν

2456 4106 2661 4158 σκάλαν
2695 4106 2975 4160 κωλύοντα
3008 4107 3134 4168 τοὺς
3169 4107 3582 4171 ἀναϐαίνοντας,
3618 4112 3711 4161 καὶ
3759 4109 3848 4162 τὸν
3888 4112 4078 4179 ἅγιον

2453 4197 2693 4266 Σάτυρον
2724 4199 3024 4264 ἀναϐάντα,
3061 4201 3154 4253 καὶ
3197 4202 3510 4272 στραφέντα
3547 4206 3683 4271 πρὸς
3731 4205 3912 4276 αὐτὴν
3953 4213 4075 4261 καὶ

2451 4289 2701 4354 λέγονταο
2729 4289 2920 4359 Μῆτέρ
2953 4307 3053 4358 μου
3071 4291 3414 4361 Περπετούα,
3447 4296 3730 4362 περιμένω
3752 4292 3970 4350 σε.Ἶίν
4011 4301 4079 4354 δὲ

2455 4376 2548 4426 καὶ
2586 4374 2614 4424 ὁ
2647 4375 2877 4444 ἀδελφὸς
2910 4377 3083 4448 αὐτῆς
3126 4381 3182 4431 ὲν
3210 4380 3373 4451 ἑτέρᾳ
3406 4382 3644 4452 φυλακῇ·
3691 4387 3782 4437 καὶ
3812 4387 3929 4458 ὁρᾷ
3962 4392 4082 4441 καὶ

2453 4467 2580 4536 περὶ
2621 4467 2810 4532 αὑτοῦ,
2839 4470 2920 4521 ὅτι
2954 4471 3260 4539 παρίστατο
3289 4473 3497 4547 λεκάνῃ
3543 4476 3755 4539 ὕδατοςο
3801 4480 3908 4531 καὶ
3964 4483 4084 4533 ἁν-

2454 4559 2594 4610 τλῶν
2628 4559 2814 4612 ἔπινεν
2845 4561 2904 4624 ἐξ
2938 4562 3109 4633 αὐτῆς
3133 4579 3146 4593 ο
3180 4563 3277 4617 καὶ
3330 4565 3493 4635 ἔγνω,
3531 4568 3613 4620 ὅτι
3671 4567 4023 4640 ἐτελεύτησε
4064 4593 4077 4604 ·

2453 4653 2548 4705 καὶ
2576 4654 2637 4706 τὸ
2665 4654 2811 4721 πρωῒ
2843 4656 2980 4725 αὺτὴ
3019 4659 3118 4727 μὲν
3140 4658 3276 4727 μετά
3307 4659 3674 4731 Φηλικιτάτης
3710 4663 3813 4714 ὑπὸ
3866 4665 4085 4736 δαμά-

2447 4745 2583 4798 λεων
2614 4746 2824 4817 ἀγρίων
2851 4748 3263 4818 κερατισθεῖσαι
3294 4751 3568 4806 ἀπέθανον
3590 4769 3604 4783 ο
3653 4757 3701 4806 οἱ
3750 4754 3807 4807 δὲ
3867 4757 4087 4817 λοιποὶ

2448 4835 2790 4904 ἐσφάγησαν.

2980 4955 3156 5008 MHNI
3184 4957 3270 5027 ro
3301 4957 3501 5029 ΑΥΤῼ.

3209 5071 3261 5122 Γ.

2447 5158 2668 5237 Μνήμη
2709 5160 2816 5237 τοῦ
2849 5160 3020 5237 ἁγίου
3054 5161 3153 5237 καί
3179 5161 3418 5237 δικαίου
3448 5164 3692 5237 Συμεὼν
3712 5166 3820 5220 τοῦ
3861 5169 4086 5237 δεξα.

2519 5230 2707 5306 μένου
2729 5232 2852 5306 τὸν,
2866 5232 3089 5298 Κύριον
3116 5233 3348 5306 ,ἐν-ταῖς
3375 5230 3669 5302 ἀγκάλαις
3690 5239 3914 5306 αὑτοῦ,
3955 5230 4085 5300 αἰαὶ

2524 5301 2748 5366 Ἀννης
2782 5301 2891 5368 τῆς
2925 5303 3318 5370 προφήτιδος.

2534 5415 2590 5467 '0
2626 5415 2936 5486 πρεσϐύτης
2969 5417 3217 5487 Συμεὼν,
3265 5414 3334 5489 ἦν
3378 5418 3586 5485 δίκαιος
3640 5423 3734 5476 καὶ
3772 5424 4086 5502 εὐλαδὴς,

2452 5505 2793 5575 ἀπεχόμενος
2849 5507 2956 5559 ἀπὸ
2989 5508 3188 5571 παντὸς
3233 5510 3428 5573 κακοῦ,
3485 5512 3873 5582 προσεδρεύων
3900 5519 3976 5573 δὲ
4017 5526 4092 5577 ὲν

2451 5598 2527 5667 τῷ
2564 5599 2714 5668 ἱερῷ,
2745 5601 2836 5652 καὶ
2875 5601 3214 5673 παρακαλῶν
3264 5603 3356 5656 τὸν
3383 5603 3536 5668 Θεὸν,
3580 5604 3666 5657 ἵνα
3708 5605 3928 5681 έλεήτῐὶ
3975 5616 4091 5669 τδν

2451 5694 2656 5764 κόσμον
2691 5694 2882 5760 αὐτοῦ,
2924 5699 3020 5750 καὶ
3047 5696 3394 5767 λυτρώσηται
3450 5699 3578 5761 τοὺς
3618 5700 3973 5770 ἀνθρώπους
4015 5713 4096 5765 ἐκ

2452 5786 2546 5838 τοῦ
2582 5786 2857 5853 διαϐόλου,
2898 5789 3101 5858 ἤκουσε
3140 5789 3289 5858 παρὰ
3323 5789 3418 5842 τοῦ
3462 5791 3746 5857 Ἀγγέλου,
3784 5794 3866 5863 μὴ
3918 5801 4097 5856 ἀπο-

2455 5879 2658 5946 θανεῖν,
2682 5880 2787 5944 ἓως
2805 5878 2867 5936 οὗ
2899 5882 2978 5956 ἴδη
3009 5883 3098 5936 τὸν
3128 5883 3358 5954 Χριστέιν
3391 5883 3618 5953 Κυρέιυ,
3653 5885 3746 5937 τὸν
3771 5889 4092 5957 μέλλοντα
