4154 6504
157 376 244 438 305

1507 368 2026 432 FEBRUARIUS.

3297 354 3401 417 306

159 502 316 552 μενον,
348 483 722 554 πρεσϐύτερον
755 485 853 552 τῆς
884 482 994 536 τῶν
1015 481 1359 552 Χριστιανῶν
1391 481 1710 550 ἐκκλησίας,

1834 480 1911 534 tiae
1939 477 2378 532 Christianorum
2413 473 2750 544 presbytero,
2786 469 2879 540 qui
2913 477 3094 540 postea
3122 466 3396 524 diabolico

152 579 278 638 ὅστις
307 577 416 627 ἀπο
461 575 776 645 διαϐολικῆς
821 575 1101 645 ἐνεργείας
1151 573 1383 644 ἐμίσησε
1437 574 1527 626 τὸν
1558 572 1710 641 ἅγιον

153 667 467 737 Νικηφόρον,
505 669 598 720 καὶ
641 666 1022 736 ἐμνησικάκει.
1085 666 1331 733 Ἐγένετο
1360 665 1414 717 δὲ
1450 665 1709 734 διωγμὸς,

155 759 229 809 καὶ
260 757 556 827 κρατηθεὶς
585 759 613 810 6
643 758 940 827 Σαπρίκιος
973 757 1130 823 παρά
1154 755 1260 809 τῶν
1309 754 1710 823 εἰδωλολατρῶν

155 850 477 917 ἠναγκάζετο
505 849 668 902 θῦσαι
707 851 818 912 τοῖς
870 849 1132 912 εἰδώλοις.
1173 848 1401 918 Πέμψας
1455 848 1511 900 δὲ
1576 847 1713 917 πρὸς

155 943 290 993 αὑτὸν
330 943 552 1010 μεσίτας
597 943 624 994 6
653 942 807 1007 ἅγιος
839 941 1174 1011 Νικηφόρος,
1223 939 1524 1009 παρεκάλει
1579 954 1713 1006 συγ·

153 1032 378 1100 χωρῆσαι
409 1031 578 1101 αὑτῷ,
618 1031 724 1101 πρὸ
752 1030 843 1083 τοῦ
876 1030 1186 1085 ἀποθανεῖν.
1231 1030 1287 1082 '0
1310 1029 1366 1082 δὲ
1419 1028 1714 1096 Σαπρῖκιος

155 1127 199 1176 οὐ
222 1125 589 1196 συνεχώρησε.
630 1129 738 1179 Καὶ
769 1126 858 1177 ὅτε
891 1121 1028 1178 εἶδεν
1054 1124 1217 1177 αὑτὸν
1252 1122 1549 1193 συρόμενον
1611 1120 1715 1173 ὑπ’)

156 1215 246 1268 τῶν
302 1217 548 1285 δημίων,
607 1217 742 1286 πρὸς
791 1217 851 1270 τὸ
906 1215 1446 1284 ἁποκεφαλισθῆναι,
1489 1210 1716 1280 δραμὼν

155 1307 328 1359 ἔπεσεν
364 1309 444 1370 ei;
477 1309 605 1371 τοὺς
637 1309 804 1373 πόδας
856 1307 1023 1362 αὑτοῦ
1064 1307 1402 1380 παρακαλῶν
1431 1320 1716 1376 συγχωρη-

156 1399 312 1466 θῆναι.
345 1401 458 1452 Καὶ
488 1401 608 1454 οὑδέ
640 1401 811 1465 οὑτως
849 1401 1034 1453 ἔπεισε
1068 1401 1162 1453 τὸν
1191 1400 1394 1453 ἄθλιον.
1424 1399 1556 1450 Τότε
1612 1400 1717 1450 ἁπ-

156 1491 377 1562 ιστρέιφη
426 1494 584 1544 αὑτὸν
607 1496 634 1546 6
664 1493 818 1556 Θεός.
852 1492 1146 1556 Τανυσθε“ις
1176 1494 1282 1563 γὰρ
1309 1490 1398 1544 τὸν
1423 1489 1715 1561 τράχηλον»

157 1587 231 1633 καὶ
285 1584 410 1635 ἰδὼν
455 1585 516 1637 τὸ
569 1586 722 1651 ξίφος
775 1585 1086 1654 γυμνωθὲν,
1145 1580 1266 1636 εἷπε
1316 1585 1427 1645 τοῖς
1477 1581 1715 1650 δημίοις’

160 1675 342 1740 Ἀφετέ
394 1692 462 1741 με
519 1677 616 1728 καὶ
680 1675 789 1728 θύω
847 1678 959 1740 τοῖς
1019 1675 1556 1744 εἰδώλοιςοδραμὼν
1585 1672 1642 1725 δὲ
1691 1674 1719 1725 ὀ

157 1762 286 1828 ἆῖιος
341 1765 660 1837 Νικηφόρος
717 1768 959 1839 ὑπέθηκε
1018 1769 1110 1822 τὸν
1190 1767 1386 1822 ἐαυτοῦ
1444 1765 1716 1837 τράχηλον

1824 571 2080 624 instinctu
2117 576 2367 623 sanctum
2397 566 2762 634 Nicephorum
2793 563 3004 626 oderat,
3034 575 3134 615 nec
3167 560 3274 614 ulla
3305 573 3394 614 rae

1823 662 1966 716 tione
1986 659 2326 714 reConciliari
2354 657 2402 711 ei
2436 657 2668 710 volebat.
2697 656 2981 709 Commota
3003 659 3185 706 autem
3206 665 3398 722 perse-

1822 758 2062 822 cutione,
2090 773 2211 809 cum
2244 755 2526 825 Sapricius
2549 753 2617 807 ab
2642 753 2943 808 idololatris
2968 748 3404 821 comprehensus

1824 851 2239 919 compelleretur
2284 849 2438 902 idolis
2470 846 2772 910 immolare,
2801 845 2951 900 misit
2997 845 3067 899 ad
3110 858 3235 899 eum
3283 858 3407 897 me-

1825 943 2066 996 diatores
2098 954 2320 995 sanctus
2353 940 2717 1010 Nic-ephorus,
2743 952 2966 1004 rogans,
2996 944 3056 990 ut
3085 937 3186 992 sihi
3216 952 3404 1006 parce-

1826 1048 1907 1093 ret
1956 1049 2249 1106 antequam
2291 1036 2548 1106 martyrio
2579 1034 2920 1101 fatigaretur.
2946 1033 3016 1086 At
3047 1030 3328 1101 Sapricius
3355 1032 3407 1088 ei

1825 1129 2037 1182 veniam
2066 1129 2196 1182 dare
2229 1127 2421 1180 noluit.
2448 1125 2694 1191 Cumque
2721 1123 2930 1178 videret
2954 1137 3079 1177 eum
3105 1120 3172 1177 ad
3201 1121 3410 1192 suppli-

1825 1223 1969 1277 cium
2001 1235 2030 1273 a
2065 1220 2347 1272 lictoribus
2372 1219 2533 1280 trahi,
2565 1231 2878 1280 accurrens,
2908 1215 3136 1284 pedibus
3174 1214 3410 1288 Sapricii

1825 1310 2139 1372 advolutus,
2165 1309 2328 1363 etiam
2376 1319 2538 1378 atque
2565 1307 2731 1362 etiam
2759 1306 2972 1371 orabat,
2999 1314 3060 1360 ut
3084 1305 3190 1360 sibi
3221 1320 3413 1374 parce-

1827 1410 1927 1455 ret.
1954 1401 2059 1456 Sed
2116 1417 2293 1470 neque
2334 1401 2411 1454 sic.
2455 1402 2717 1454 miserum
2755 1413 2972 1453 movere
3005 1397 3201 1467 potuit.
3230 1396 3413 1463 Quare

1827 1509 1858 1547 a
1887 1491 1997 1548 Deo
2029 1494 2373 1562 repudiatus,
2434 1507 2556 1546 cum
2599 1493 2709 1559 jam
2756 1497 2981 1544 extento
3026 1490 3169 1544 collo
3217 1489 3412 1546 distri-

1826 1595 1974 1639 ctum
2009 1585 2282 1638 carnificis
2300 1585 2538 1653 gladium
2561 1584 2809 1650 vidisset,
2830 1583 2895 1637 ad
2923 1584 3148 1638 lictores
3179 1597 3413 1637 conver-

1827 1694 1921 1733 sus
1948 1694 1962 1730 :
1996 1677 2262 1741 Dimititte
2303 1693 2408 1738 me,
2439 1676 2638 1745 inquit,
2666 1685 2721 1729 et
2750 1676 3246 1731 idolisimmolabd.
3276 1675 3416 1734 Pro-

1826 1771 2000 1826 currit
2056 1785 2186 1839 ergo
2255 1779 2480 1825 sanctus
2523 1769 2885 1838 Nicephorus,
2912 1777 2967 1824 et
3003 1769 3199 1824 collum
3253 1784 3414 1825 suum

155 1855 255 1908 ἀντὶ
294 1858 624 1929 Σαπρικίου,
667 1860 762 1914 καὶ
804 1861 1222 1932 ἁπεκεφαλίσθη
1260 1861 1404 1932 ὑπὲρ
1456 1858 1717 1931 Χριστοῦ.

1834 1860 1947 1912 loco
1977 1857 2210 1928 Sapricii
2240 1875 2576 1930 supponens,
2599 1859 2776 1930 capite
2807 1874 2902 1928 pro
2935 1857 3154 1913 Christo
3185 1858 3418 1913 obtrun-

659 2081 738 2152 Tt't
763 2081 899 2154 αὑτῇ
925 2083 1107 2152 ἡμέρξι

154 2202 353 2273 "ﬁlim
398 2209 749 2276 Μαρκιανοῦ
799 2211 1138 2263 ἐπισκόπου
1192 2208 1504 2273 Σικελίας,
1577 2210 1720 2260 Φιλ-

211 2281 414 2351 αγρίου
441 2281 781 2334 ἐπισκόπου
803 2282 1068 2348 Κύπρου,
1085 2281 1180 2334 καὶ
1210 2280 1584 2351 Παγκρατίου
1601 2280 1725 2331 ἐπι-

211 2350 444 2403 σκόπου
489 2350 908 2418 Ταυρομενίου.

215 2487 367 2547 Οὗτοι
439 2491 683 2563 μαθηταὶ
741 2494 992 2560 ἐγένοντο
1039 2492 1136 2547 τοῦ
1203 2495 1360 2563 ἁγίου
1423 2493 1727 2547 ἀποστόλου

156 2585 346 2652 Πέτρου
374 2597 388 2611 ο
436 2585 468 2636 ὁ
499 2583 600 2652 μὲν
638 2583 742 2652 γὰρ
775 2583 959 2654 πατὴρ
988 2583 1083 2636 τοῦ
1139 2585 1296 2652 ἁγίου
1346 2583 1725 2653 Παγκρατίου,

156 2675 222 2726 ἔτι
256 2676 346 2729 τοῦ
380 2675 624 2747 Χριστοῦ
669 2675 1104 2746 περιπατοῦντος
1151 2677 1480 2747 σωματικῶς
1507 2678 1598 2729 ἐπὶ
1628 2677 1728 2744 τῆς

156 2768 262 2832 γῆς,
291 2769 384 2820 καὶ
407 2768 979 2838 θαυματουργοῦντος,
1009 2768 1273 2834 ἀκούσας,
1326 2768 1568 2839 ἀπῆλθεν
1620 2768 1728 2820 ἀπὸ

154 2858 239 2924 τῆς
275 2859 609 2928 Ἀντιοχείας
635 2861 717 2922 είς
761 2859 1143 2931 Ἰερουσαλὴμ,
1180 2861 1319 2928 μετά
1346 2861 1440 2913 τοῦ
1467 2861 1730 2930 Παγκρα-

155 2952 426 3019 τίου,ξξδεῖν
458 2951 645 3004 αὐτόν.
677 2953 788 3004 Καὶ
815 2953 1108 3022 γενόμενος
1154 2951 1433 3021 γνώριμος
1489 2950 1568 3019 τῷ
1591 2950 1732 3020 ἁγίῳ

152 3040 346 3112 Πέτρῳ,
401 3043 542 3112 μετὰ
571 3042 666 3113 τὴν
703 3043 969 3112 ἀνάληψιν
1001 3043 1097 3096 τοῦ
1129 3042 1406 3112 ιΧριστοῦ,
1441 3041 1730 3112 ἠκολούθει

154 3133 310 3203 αὐτῷ.
363 3134 480 3187 Καὶ
546 3133 950 3204 προχειρισθεὶς
1019 3133 1111 3187 ὑπ’
1182 3133 1348 3186 αὑτοῦ
1433 3133 1732 3195 ἐπίσκοπος

1834 1957 1989 2004 Catus
2019 1957 2123 2003 est.

2471 2079 2672 2133 Eodem
2699 2077 2785 2132 dic

1839 2205 1996 2274 177
2059 2203 2503 2259 Commemoralio
2559 2204 2825 2258 Marciani
2889 2204 3118 2272 episcopi
3171 2203 3418 2268 Sicilia',

1905 2275 2168 2342 Philagrii
2221 2278 2451 2344 episcopi
2527 2275 2684 2345 Cypri
2736 2286 2783 2328 et
2857 2275 3138 2329 Pancratii
3191 2276 3421 2343 episcopi

1911 2344 2268 2400 Tauromenii.

1908 2487 2001 2544 Isti
2049 2490 2301 2560 discipuli
2369 2489 2520 2546 fuere
2571 2491 2742 2545 sancti
2804 2492 2945 2545 Petri
2987 2490 3241 2560 apostoli.
3287 2489 3423 2546 Nam

1839 2582 2011 2636 sancti
2038 2582 2310 2637 Pancratii
2339 2592 2509 2652 pater,
2552 2599 2676 2637 cum
2706 2583 2884 2638 adhuc
2912 2583 3166 2637 Christus
3199 2583 3253 2636 in
3294 2598 3422 2637 cor-

1839 2687 1971 2741 pore
2009 2673 2062 2726 in
2115 2677 2273 2728 terris
2314 2685 2522 2744 ageret,
2576 2684 2629 2729 et
2675 2675 2940 2729 miracula
2987 2681 3248 2744 patraret,
3304 2673 3425 2740 ejus

1839 2764 1984 2819 fama
2023 2774 2351 2831 commotus,
2409 2782 2473 2822 ex
2517 2767 2650 2822 urbe
2697 2767 2988 2822 Antiochia
3039 2764 3421 2837 Hierosolyma

1840 2859 1988 2911 venit
2023 2874 2130 2912 una
2167 2875 2291 2913 cum
2328 2859 2636 2923 Pancratii),
2678 2869 2738 2914 ut
2770 2875 2892 2914 eum
2927 2859 3152 2914 videret.
3175 2859 3428 2929 Cumque

1841 2962 1900 3003 se
1922 2949 1975 3002 in
2004 2949 2298 3004 amicitiam
2327 2952 2499 3006 sancti
2524 2950 2668 3005 Petri
2695 2952 3049 3016 insinuasset,
3072 2961 3197 3023 post
3216 2950 3424 3009 Christi

1841 3038 2240 3100 ascensionem,
2284 3051 2506 3095 secutus
2532 3048 2780 3106 esteum,
2814 3049 2869 3096 et
2895 3043 2964 3096 ah
2990 3043 3108 3111 ipso
3133 3042 3426 3098 ordinatus

1841 3138 1925 3183 est
1943 3129 2603 3202 Tauromeniijepiscopus
2627 3150 2642 3199 ;
2668 3142 2862 3188 etcum
2889 3134 2944 3188 in
2967 3134 3174 3190 Christi
3205 3136 3425 3191 nomine

148 3229 541 3301 Ταυρομενίου,
564 3235 657 3283 καὶ
685 3230 951 3282 διδάσκων
978 3231 1068 3282 ἐπὶ
1098 3229 1173 3298 τῷ
1194 3230 1418 3298 ὀνόματι
1451 3226 1546 3279 τοῦ
1595 3228 1727 3297 Χρι-

1837 3220 2081 3284 doceret,
2117 3223 2256 3276 clam
2303 3223 2370 3277 ab
2411 3223 2726 3279 infidelibus
2787 3225 3108 3282 interfectus
3135 3236 3240 3282 est.
3291 3227 3425 3282 Item

150 3320 282 3381 στοῦ,
309 3321 584 3390 ἐφονεύθη
609 3319 793 3389 κρύφα
822 3318 926 3370 ὑπὸ
948 3317 1057 3370 τῶν
1083 3315 1375 3386 Ἐλλήνων.
1410 3314 1466 3368 '0
1499 3315 1554 3366 δὲ
1579 3315 1730 3383 Μαρ-

147 3412 320 3474 κιανὸς
349 3411 563 3482 ὁμοίως
587 3409 986 3481 χειροτονηθεὶς
1016 3410 1316 3471 ἐπίσκοπος
1345 3406 1616 3469 Σικελῖας,
1647 3405 1741 3457 καὶ

149 3498 364 3562 πολλοὺς
399 3499 514 3552 τῶν
537 3499 786 3551 ἀπίστων
838 3497 1177 3570 ἐπιστρέψας
1237 3495 1330 3548 ἐπὶ
1364 3496 1455 3548 τὸν
1511 3493 1739 3564 Κύριον,

144 3591 424 3664 ἐτελειώθη
455 3609 474 3624 ·
525 3595 554 3645 6
592 3591 647 3643 δὲ
681 3591 970 3662 Φιλάγριος
1025 3590 1122 3660 τῆς
1178 3586 1406 3656 Κύπρου
1464 3585 1741 3648 καταστὰς

143 3687 450 3756 ἀρχιερεὺς,
479 3686 575 3738 καὶ
601 3685 868 3738 διδάσκων
915 3685 1008 3738 καὶ
1036 3682 1198 3746 αὑτὸς
1249 3684 1341 3735 ἐπὶ
1391 3681 1466 3749 τῷ
1513 3681 1737 3749 ὀνόματι

141 3779 219 3829 τοῦ
242 3779 515 3847 Χριστοῦ,
551 3777 784 3831 πολλοὺς
811 3776 1151 3846 πειρασμοὺς
1190 3774 1296 3828 ὑπό
1321 3792 1378 3827 τε
1400 3775 1508 3828 τῶν
1551 3773 1739 3841 δαιμό-

140 3887 252 3934 νων,
280 3872 377 3923 καὶ
421 3871 539 3923 τῶν
568 3869 644 3940 μὴ
674 3869 1026 3938 φοϐουμένων
1080 3869 1172 3921 τὸν
1224 3867 1429 3938 Κύριον
1485 3863 1738 3935 πονηρῶν

139 3964 220 4010 καὶ
244 3962 508 4014 ἀπίστων
568 3959 872 4030 ἀνθρώπων
919 3959 1239 4029 ὑπομείνας,
1280 3957 1619 4027 εὐχαριστῶν
1661 3954 1740 4025 τῷ

137 4051 243 4120 θεῷ
273 4055 446 4124 μέχρι
491 4053 597 4123 τῆς
624 4052 862 4121 ἐσχάτης
887 4051 1185 4120 ἀναπνοῆς,
1219 4047 1560 4116 ἐτελεύτησε.

644 4180 824 4234 MHNI
861 4180 948 4250 To
990 4179 1199 4250 ΑΥΤῼ.

950 4292 984 4344 ι.

137 4414 413 4482 Ἀθληοης
440 4415 578 4468 τῶν
619 4416 804 4484 ἁγίων
841 4416 1306 4486 Χαραλὰμπους,
1367 4418 1734 4486 Πορφυρίου,

391 4487 716 4551 Δαύκτου,
753 4486 853 4539 καὶ
884 4485 1060 4554 τριῶν
1083 4485 1411 4557 γυναικῶν.

189 4613 605 4684 Χαραλάμπης
637 4611 665 4664 6
690 4613 784 4666 τοῦ
841 4614 1078 4684 Χριστοῦ
1126 4617 1344 4686 μάρτυρ
1372 4617 1615 4688 ὑπῆρχεν
1679 4619 1736 4670 ἐν

128 4703 415 4777 Μαγνησίᾳ
450 4710 525 4776 τῇ
570 4695 747 4766 πόλει,
792 4707 972 4776 ἱερεὺς
996 4705 1104 4759 τῶν
1164 4708 1530 4776 Χριστιανῶν.
1577 4711 1734 4763 Διδά-

129 4811 258 4848 σκων
288 4799 345 4850 δὲ
381 4797 494 4870 τὴν
531 4798 664 4850 ὁδὸν
694 4796 794 4864 τῆς
819 4795 1402 4869 ἀληθείας,ἐκρατήθη
1456 4801 1606 4871 παρὰ
1638 4800 1732 4854 τοῦ

486 4886 834 4942 Λουκιανοῦ.
902 4889 1011 4940 Καὶ
1062 4889 1288 4960 ἐξεδύθη
1352 4891 1450 4962 τὴν
1535 4893 1737 4960 ἱερατι-

584 4973 710 5031 εἷτα
771 4978 1000 5049 ἐξεδὰρη
1055 4980 1174 5032 ὅλον
1207 4982 1267 5033 τὸ
1306 4983 1479 5052 δέρμα
1501 4982 1597 5035 τοῦ
1623 4983 1730 5034 σώ-

127 5090 297 5139 ματες.
337 5079 508 5130 Ἐπεὶ
549 5077 620 5129 δὲ
689 5074 918 5128 ἔϐλεπεν
958 5076 1117 5129 αὐτὸν
1157 5076 1185 5127 ὀ
1255 5077 1479 5147 ἡγεμὼν
1535 5096 1734 5149 καρτε-

128 5165 322 5233 ροῦντα,
358 5168 694 5238 θυμωθεὶς,
722 5168 951 5230 οἰκείαις
982 5171 1170 5239 χερσὶν
1193 5170 1627 5239 ἐπεχείρειξέειν
1642 5172 1734 5223 τὸν

125 5257 277 5322 Etyma.
332 5262 450 5314 Καὶ
503 5258 844 5328 παραυτίκα
898 5261 1174 5330 ἐκόπησαν
1221 5262 1275 5314 αἱ
1298 5265 1478 5331 χεῖρες
1527 5263 1730 5317 αὑτοῦ·

124 5352 202 5402 καὶ
244 5353 735 5422 προσευξάμενος
769 5352 797 5404 6
844 5352 1015 5419 ἅγιος,
1079 5354 1204 5423 ὑγιῆ
1267 5354 1430 5406 αὑτὸν
1485 5354 1732 5425 ἐποίησε.

125 5439 237 5494 Τίτε
271 5445 482 5508 ἰδόντες
521 5441 856 5511 Πορφύριος
887 5445 912 5495 6
933 5442 1125 5512 δήμιος
1188 5445 1280 5498 καὶ
1313 5443 1575 5508 Δαῦκτος,
1636 5447 1735 5514 ἡρ-

126 5532 330 5599 νήεαντο
380 5537 454 5590 τὰ
509 5532 752 5593 εἴδωλα,
808 5533 904 5584 καὶ
971 5534 1299 5587 ἐπίστευσαν
1359 5535 1434 5605 τῷ
1488 5537 1730 5607 Χριστῷ.

138 5623 341 5693 Ὁμοίως
374 5632 478 5681 καὶ
516 5626 802 5694 γυναῖκες
846 5626 994 5692 τρεῖς
1044 5627 1107 5678 ἐκ
1129 5625 1241 5678 τῶν
1303 5629 1732 5698 παρισταμένων

135 5717 652 5791 ἐνεζθεασάμεναι
691 5717 750 5767 τὸ
781 5715 986 5785 θαῦμα,
1034 5717 1392 5788 ὡμολόγησαν
1445 5720 1534 5772 τὶν
1595 5721 1731 5790 Χρι-

133 5813 250 5877 ςτὶν,
279 5816 371 5869 καὶ
404 5809 856 5883 ἐκρατῇθησαν,
896 5811 988 5863 xxi.
1010 5812 1243 5883 ἰσχυρῶς
1275 5813 1728 5885 ἐϐασανίδοησαν.

127 4888 387 4957 iga-pius;

268 4983 480 5051 στολήν
520 4997 535 5009 ⁸

1841 3310 2151 3366 Marcianus
2172 3313 2462 3381 cpiscopus
2497 3313 2696 3368 Sicilire.
2729 3315 2926 3380 factus,
2956 3324 3249 3386 postquam
3279 3317 3425 3370 mul-

1844 3411 1926 3456 tos
1960 3403 2258 3458 infidelium
2295 3408 2359 3459 ad
2389 3407 2680 3461 Dominum
2720 3410 3107 3472 convertisset,
3165 3410 3422 3465 decessit.

1841 3493 2147 3564 Philagrius
2180 3511 2310 3550 vero
2342 3495 2505 3567 Cypri
2555 3499 2846 3568 episcopus
2881 3500 3213 3554 constitutus
3241 3542 3254 3563 ,
3299 3515 3420 3554 cum

1840 3593 1894 3639 et
1926 3585 2042 3656 ipse
2072 3587 2121 3640 in
2149 3592 2366 3644 nomine
2397 3590 2600 3646 Christi
2640 3593 2877 3658 doceret,
2921 3593 3119 3648 multas
3146 3593 3425 3648 molestias

1840 3692 1869 3730 a
1907 3678 2246 3735 dmmonibus
2282 3693 2444 3749 atque
2477 3682 2656 3751 impiis
2680 3691 2732 3737 et
2767 3682 3073 3739 infidelibus
3110 3683 3427 3739 hominibus

1843 3785 2059 3837 passus,
2094 3772 2158 3826 ad
2192 3786 2496 3828 extremum
2525 3790 2695 3844 usque
2715 3776 2966 3847 spiritum
2996 3776 3200 3846 gratias
3221 3791 3412 3848 agens.

1841 3863 1996 3919 obiit.

2375 4188 2607 4242 EODEM
2668 4189 2898 4244 MENSE

2443 4297 2538 4353 Die
2587 4299 2795 4354 decima

1843 4425 2004 4496 178
2034 4425 2313 4502 Certamen
2346 4438 2650 4502 sanctorum
2699 4429 3046 4502 Charitlampt
3067 4469 3081 4495 ,
3115 4428 3422 4502 Porphyrii,

2221 4496 2438 4562 Daucti,
2475 4500 2701 4552 etlrium
2741 4496 3042 4554 mulierum.

1910 4623 2308 4694 Charalampus
2359 4626 2561 4678 Christi
2616 4637 2825 4697 martyr
2855 4627 2909 4680 in
2948 4628 3084 4682 urbe
3144 4627 3420 4700 Magnesia

1838 4714 2276 4770 Christianorum
2310 4718 2589 4782 sacerdos,
2617 4734 2740 4772 eum
2794 4719 2938 4772 viam
2974 4720 3217 4776 veritatis
3254 4720 3422 4777 doce-

1840 4815 1940 4864 ret,
1971 4821 2001 4858 a
2035 4805 2276 4860 Luciano
2309 4807 2563 4876 prtefecto
2595 4809 3026 4877 comprehensus
3047 4849 3062 4874 ,
3097 4824 3248 4864 sacra
3281 4810 3420 4865 stola

1837 4899 2093 4950 exuitur:
2139 4898 2332 4954 deinde
2373 4903 2612 4954 detracta
2649 4910 2763 4954 toto
2811 4916 3043 4971 corpore
3075 4902 3234 4971 pelle,
3289 4920 3417 4960 cum

1840 4991 2042 5042 videret
2129 5005 2253 5043 eum
2333 4992 2618 5060 praefectus
2672 4993 2944 5047 constanti
2994 4994 3177 5048 animo
3234 4995 3423 5051 isihzec

1837 5078 2221 5147 perferentem,
2261 5081 2336 5134 ira
2369 5082 2644 5138 incensus.
2687 5084 2924 5152 propriis
2974 5085 3226 5139 inanibus
3261 5101 3423 5138 cona-

1837 5179 1924 5225 tus
1954 5181 2037 5225 est
2066 5182 2312 5226 sanetum
2339 5173 2621 5228 dilaniare.
2652 5176 2755 5228 Sed
2792 5175 2976 5230 statim
3025 5176 3277 5231 manibus
3300 5176 3420 5246 ejus

1837 5264 2064 5329 avulsis,
2095 5279 2288 5318 sanum
2322 5279 2444 5318 eum
2480 5275 2536 5319 et
2562 5267 2887 5320 incolumem
2914 5277 3138 5322 sanctus
3165 5268 3420 5336 precibus

1837 5356 1956 5410 suis
1974 5355 2172 5410 effecit.
2205 5354 2359 5422 Quod
2399 5358 2489 5411 ubi
2529 5359 2772 5412 viderunt
2805 5356 3144 5429 Porphyrius
3178 5359 3339 5414 lietor
3364 5367 3418 5414 et

1837 5443 2111 5510 Dauctus,
2161 5446 2373 5512 ejurata
2419 5447 2685 5501 idolorum
2736 5449 3126 5517 superstitione
3170 5450 3224 5503 in
3257 5449 3422 5503 Chri-
3490 5486 3494 5490 -

1838 5546 1980 5591 stum
2009 5539 2288 5593 credidere
2321 5557 2334 5592 :
2372 5539 2623 5594 similiter
2652 5551 2706 5594 et
2751 5551 2861 5595 tres
2886 5543 3162 5606 mulieres,
3194 5557 3316 5612 qua:
3341 5540 3419 5596 ibi

1838 5631 2112 5691 astabant,
2171 5629 2438 5683 miraculo
2480 5641 2800 5694 commotae,
2855 5629 3247 5699 Christumque
3293 5644 3423 5686 con-

1841 5725 2016 5782 fessae,
2053 5722 2614 5792 comprehenduntur,
2637 5724 2880 5793 dirisque
2908 5723 3196 5779 tormentis
3228 5737 3438 5777 εισι-ιιι

1841 5815 2075 5870 ciantur.
2113 5813 2222 5869 L'tsi
2254 5813 2396 5869 enim
2430 5814 2714 5884 prtc’ectus
2742 5814 2961 5871 sanitati
2997 5813 3281 5870 restitutus
3300 5818 3419 5878 est,
