  <div class='ocr_page' id='page_1' title='image "/cluster/home/n/w/nwhite01/storage/ocr_20150623/117/nnc1.0046980202/199.png"; bbox 0 0 4146 6518; ppageno 0'>
   <div class='ocr_carea' id='block_1_1' title="bbox 764 434 872 495">
    <p class='ocr_par' dir='ltr' id='par_1_1' title="bbox 764 434 872 495">
     <span class='ocr_line' id='line_1_1' title="bbox 764 434 872 495; baseline 0 0"><span class='ocrx_word' id='word_1_1' title='bbox 764 434 872 495; x_wconf 80' lang='lat'><strong>379</strong></span> 
     </span>
    </p>
   </div>
   <div class='ocr_carea' id='block_1_2' title="bbox 1995 431 2811 492">
    <p class='ocr_par' dir='ltr' id='par_1_2' title="bbox 1995 431 2811 492">
     <span class='ocr_line' id='line_1_2' title="bbox 1995 431 2811 492; baseline 0.004 -3"><span class='ocrx_word' id='word_1_2' title='bbox 1995 431 2421 490; x_wconf 82' lang='lat' dir='ltr'><strong>MENOLOGII</strong></span> <span class='ocrx_word' id='word_1_3' title='bbox 2465 432 2657 492; x_wconf 65' lang='lat' dir='ltr'><strong>PARS</strong></span> <span class='ocrx_word' id='word_1_4' title='bbox 2698 433 2811 492; x_wconf 90' lang='lat' dir='ltr'><strong>IlI.</strong></span> 
     </span>
    </p>
   </div>
   <div class='ocr_carea' id='block_1_3' title="bbox 3917 435 4020 500">
    <p class='ocr_par' dir='ltr' id='par_1_3' title="bbox 3917 435 4020 500">
     <span class='ocr_line' id='line_1_3' title="bbox 3917 435 4020 500; baseline -0.019 0"><span class='ocrx_word' id='word_1_5' title='bbox 3917 435 4020 500; x_wconf 74' lang='lat'><strong>380</strong></span> 
     </span>
    </p>
   </div>
   <div class='ocr_carea' id='block_1_4' title="bbox 763 547 2349 620">
    <p class='ocr_par' dir='ltr' id='par_1_4' title="bbox 763 547 2346 618">
     <span class='ocr_line' id='line_1_4' title="bbox 763 547 2346 618; baseline -0.003 -13"><span class='ocrx_word' id='word_1_6' title='bbox 763 564 888 605; x_wconf 90' lang='lat' dir='ltr'><strong>cum</strong></span> <span class='ocrx_word' id='word_1_7' title='bbox 921 567 935 606; x_wconf 90' lang='lat'><strong>:</strong></span> <span class='ocrx_word' id='word_1_8' title='bbox 968 550 1059 618; x_wconf 86' lang='lat' dir='ltr'><strong>qui</strong></span> <span class='ocrx_word' id='word_1_9' title='bbox 1091 561 1214 601; x_wconf 90' lang='lat' dir='ltr'><strong>cum</strong></span> <span class='ocrx_word' id='word_1_10' title='bbox 1264 547 1557 618; x_wconf 81' lang='lat' dir='ltr'><strong>gloriosam</strong></span> <span class='ocrx_word' id='word_1_11' title='bbox 1619 555 1936 602; x_wconf 89' lang='lat' dir='ltr'><strong>sanctorum</strong></span> <span class='ocrx_word' id='word_1_12' title='bbox 1985 547 2346 617; x_wconf 80' lang='lat' dir='ltr'><strong>quadraginta</strong></span> 
     </span>
    </p>
   </div>
   <div class='ocr_carea' id='block_1_5' title="bbox 2454 547 4015 620">
    <p class='ocr_par' dir='ltr' id='par_1_5' title="bbox 2456 547 4015 620">
     <span class='ocr_line' id='line_1_5' title="bbox 2456 547 4015 620; baseline 0.003 -18"><span class='ocrx_word' id='word_1_13' title='bbox 2456 552 2736 620; x_wconf 87' lang='grc' dir='ltr'><strong>μάρτυρες</strong></span> <span class='ocrx_word' id='word_1_14' title='bbox 2765 551 2822 602; x_wconf 77' lang='grc' dir='ltr'><strong>έν</strong></span> <span class='ocrx_word' id='word_1_15' title='bbox 2860 551 2924 620; x_wconf 81' lang='grc' dir='ltr'><strong>τῇ</strong></span> <span class='ocrx_word' id='word_1_16' title='bbox 2958 547 3111 620; x_wconf 66' lang='grc' dir='ltr'><strong>χώρα</strong></span> <span class='ocrx_word' id='word_1_17' title='bbox 3140 549 3248 603; x_wconf 85' lang='grc' dir='ltr'><strong>τῶν</strong></span> <span class='ocrx_word' id='word_1_18' title='bbox 3274 550 3682 605; x_wconf 72' lang='grc' dir='ltr'><strong>Καππαδόκων.</strong></span> <span class='ocrx_word' id='word_1_19' title='bbox 3717 552 3823 605; x_wconf 78' lang='lat' dir='ltr'><strong>Kal</strong></span> <span class='ocrx_word' id='word_1_20' title='bbox 3854 553 4015 606; x_wconf 77' lang='grc' dir='ltr'><strong>ἀκουο</strong></span> 
     </span>
    </p>
   </div>
   <div class='ocr_carea' id='block_1_6' title="bbox 762 638 2344 711">
    <p class='ocr_par' dir='ltr' id='par_1_6' title="bbox 762 638 2344 711">
     <span class='ocr_line' id='line_1_6' title="bbox 762 638 2344 711; baseline -0.004 -13"><span class='ocrx_word' id='word_1_21' title='bbox 762 643 963 698; x_wconf 86' lang='lat' dir='ltr'><strong>Christi</strong></span> <span class='ocrx_word' id='word_1_22' title='bbox 1002 647 1302 711; x_wconf 77' lang='lat' dir='ltr'><strong>martyrum</strong></span> <span class='ocrx_word' id='word_1_23' title='bbox 1333 656 1571 710; x_wconf 77' lang='lat' dir='ltr'><strong>pugnam</strong></span> <span class='ocrx_word' id='word_1_24' title='bbox 1625 638 2038 702; x_wconf 71' lang='lat' dir='ltr'><strong>intellexiSsent,</strong></span> <span class='ocrx_word' id='word_1_25' title='bbox 2070 640 2344 707; x_wconf 79' lang='lat' dir='ltr'><strong>quomodo</strong></span> 
     </span>
    </p>
   </div>
   <div class='ocr_carea' id='block_1_7' title="bbox 760 732 2345 802">
    <p class='ocr_par' dir='ltr' id='par_1_7' title="bbox 760 732 2345 802">
     <span class='ocr_line' id='line_1_7' title="bbox 760 732 2345 802; baseline -0.002 -14"><span class='ocrx_word' id='word_1_26' title='bbox 760 737 975 791; x_wconf 82' lang='lat' dir='ltr'><strong>devicto</strong></span> <span class='ocrx_word' id='word_1_27' title='bbox 1037 734 1252 787; x_wconf 79' lang='lat' dir='ltr'><strong>diabolo</strong></span> <span class='ocrx_word' id='word_1_28' title='bbox 1299 732 1367 786; x_wconf 88' lang='lat' dir='ltr'><strong>ob</strong></span> <span class='ocrx_word' id='word_1_29' title='bbox 1426 734 1746 802; x_wconf 72' lang='lat' dir='ltr'><strong>prazclarum</strong></span> <span class='ocrx_word' id='word_1_30' title='bbox 1821 740 2097 784; x_wconf 85' lang='lat' dir='ltr'><strong>certamen</strong></span> <span class='ocrx_word' id='word_1_31' title='bbox 2160 740 2345 785; x_wconf 65' lang='lat' dir='ltr'><strong>essent</strong></span> 
     </span>
    </p>
   </div>
   <div class='ocr_carea' id='block_1_8' title="bbox 759 827 2341 896">
    <p class='ocr_par' dir='ltr' id='par_1_8' title="bbox 759 827 2341 896">
     <span class='ocr_line' id='line_1_8' title="bbox 759 827 2341 896; baseline -0.004 -11"><span class='ocrx_word' id='word_1_32' title='bbox 759 830 1044 894; x_wconf 87' lang='lat' dir='ltr'><strong>coronati,</strong></span> <span class='ocrx_word' id='word_1_33' title='bbox 1092 829 1253 882; x_wconf 88' lang='lat' dir='ltr'><strong>etiam</strong></span> <span class='ocrx_word' id='word_1_34' title='bbox 1287 828 1391 896; x_wconf 89' lang='lat' dir='ltr'><strong>ipsi</strong></span> <span class='ocrx_word' id='word_1_35' title='bbox 1427 828 1542 882; x_wconf 80' lang='lat' dir='ltr'><strong>zelo</strong></span> <span class='ocrx_word' id='word_1_36' title='bbox 1591 827 1820 888; x_wconf 77' lang='lat' dir='ltr'><strong>incensi,</strong></span> <span class='ocrx_word' id='word_1_37' title='bbox 1861 827 2120 895; x_wconf 82' lang='lat' dir='ltr'><strong>projectis</strong></span> <span class='ocrx_word' id='word_1_38' title='bbox 2158 841 2341 879; x_wconf 86' lang='lat' dir='ltr'><strong>coram</strong></span> 
     </span>
    </p>
   </div>
   <div class='ocr_carea' id='block_1_9' title="bbox 761 915 2342 991">
    <p class='ocr_par' dir='ltr' id='par_1_9' title="bbox 761 915 2342 991">
     <span class='ocr_line' id='line_1_9' title="bbox 761 915 2342 991; baseline -0.004 -17"><span class='ocrx_word' id='word_1_39' title='bbox 761 923 985 991; x_wconf 62' lang='lat' dir='ltr'><strong>praeside</strong></span> <span class='ocrx_word' id='word_1_40' title='bbox 1009 921 1200 985; x_wconf 82' lang='lat' dir='ltr'><strong>armis,</strong></span> <span class='ocrx_word' id='word_1_41' title='bbox 1226 935 1425 989; x_wconf 84' lang='lat' dir='ltr'><strong>magna</strong></span> <span class='ocrx_word' id='word_1_42' title='bbox 1467 933 1596 971; x_wconf 84' lang='lat' dir='ltr'><strong>voce</strong></span> <span class='ocrx_word' id='word_1_43' title='bbox 1626 919 1904 972; x_wconf 74' lang='lat' dir='ltr'><strong>Christum</strong></span> <span class='ocrx_word' id='word_1_44' title='bbox 1940 932 2124 968; x_wconf 89' lang='lat' dir='ltr'><strong>verum</strong></span> <span class='ocrx_word' id='word_1_45' title='bbox 2153 915 2342 979; x_wconf 88' lang='lat' dir='ltr'><strong>Deum,</strong></span> 
     </span>
    </p>
   </div>
   <div class='ocr_carea' id='block_1_10' title="bbox 757 1006 2343 1080">
    <p class='ocr_par' dir='ltr' id='par_1_10' title="bbox 757 1006 2343 1080">
     <span class='ocr_line' id='line_1_10' title="bbox 757 1006 2343 1080; baseline -0.004 -13"><span class='ocrx_word' id='word_1_46' title='bbox 757 1025 809 1067; x_wconf 86' lang='lat' dir='ltr'><strong>ct</strong></span> <span class='ocrx_word' id='word_1_47' title='bbox 843 1029 901 1067; x_wconf 90' lang='lat' dir='ltr'><strong>se</strong></span> <span class='ocrx_word' id='word_1_48' title='bbox 941 1013 1092 1080; x_wconf 87' lang='lat' dir='ltr'><strong>ipsos</strong></span> <span class='ocrx_word' id='word_1_49' title='bbox 1148 1027 1306 1067; x_wconf 89' lang='lat' dir='ltr'><strong>veros</strong></span> <span class='ocrx_word' id='word_1_50' title='bbox 1327 1013 1444 1079; x_wconf 78' lang='lat' dir='ltr'><strong>ejus</strong></span> <span class='ocrx_word' id='word_1_51' title='bbox 1495 1025 1684 1063; x_wconf 88' lang='lat' dir='ltr'><strong>servos</strong></span> <span class='ocrx_word' id='word_1_52' title='bbox 1744 1007 1979 1063; x_wconf 80' lang='lat' dir='ltr'><strong>confessi</strong></span> <span class='ocrx_word' id='word_1_53' title='bbox 2007 1016 2150 1061; x_wconf 90' lang='lat' dir='ltr'><strong>sunt.</strong></span> <span class='ocrx_word' id='word_1_54' title='bbox 2204 1006 2343 1060; x_wconf 90' lang='lat' dir='ltr'><strong>Tum</strong></span> 
     </span>
    </p>
   </div>
   <div class='ocr_carea' id='block_1_11' title="bbox 760 1099 2346 1173">
    <p class='ocr_par' dir='ltr' id='par_1_11' title="bbox 760 1099 2346 1173">
     <span class='ocr_line' id='line_1_11' title="bbox 760 1099 2346 1173; baseline -0.003 -18"><span class='ocrx_word' id='word_1_55' title='bbox 760 1121 888 1159; x_wconf 82' lang='lat' dir='ltr'><strong>vero</strong></span> <span class='ocrx_word' id='word_1_56' title='bbox 921 1103 1301 1173; x_wconf 86' lang='lat' dir='ltr'><strong>comprehensi</strong></span> <span class='ocrx_word' id='word_1_57' title='bbox 1336 1102 1688 1171; x_wconf 87' lang='lat' dir='ltr'><strong>vestibusque</strong></span> <span class='ocrx_word' id='word_1_58' title='bbox 1742 1099 1953 1165; x_wconf 85' lang='lat' dir='ltr'><strong>nudati,</strong></span> <span class='ocrx_word' id='word_1_59' title='bbox 1997 1099 2135 1152; x_wconf 86' lang='lat' dir='ltr'><strong>adeo</strong></span> <span class='ocrx_word' id='word_1_60' title='bbox 2164 1099 2346 1152; x_wconf 88' lang='lat' dir='ltr'><strong>carni-</strong></span> 
     </span>
    </p>
   </div>
   <div class='ocr_carea' id='block_1_12' title="bbox 757 1190 2348 1268">
    <p class='ocr_par' dir='ltr' id='par_1_12' title="bbox 757 1190 2348 1268">
     <span class='ocr_line' id='line_1_12' title="bbox 757 1190 2348 1268; baseline -0.006 -14"><span class='ocrx_word' id='word_1_61' title='bbox 757 1199 863 1254; x_wconf 89' lang='lat' dir='ltr'><strong>bus</strong></span> <span class='ocrx_word' id='word_1_62' title='bbox 896 1197 1247 1268; x_wconf 76' lang='lat' dir='ltr'><strong>percussione</strong></span> <span class='ocrx_word' id='word_1_63' title='bbox 1298 1196 1577 1265; x_wconf 78' lang='lat' dir='ltr'><strong>virgarum</strong></span> <span class='ocrx_word' id='word_1_64' title='bbox 1611 1200 1737 1247; x_wconf 89' lang='lat' dir='ltr'><strong>sunt</strong></span> <span class='ocrx_word' id='word_1_65' title='bbox 1788 1191 2072 1255; x_wconf 79' lang='lat' dir='ltr'><strong>exeoriati,</strong></span> <span class='ocrx_word' id='word_1_66' title='bbox 2138 1199 2198 1244; x_wconf 92' lang='lat' dir='ltr'><strong>ut</strong></span> <span class='ocrx_word' id='word_1_67' title='bbox 2258 1190 2348 1244; x_wconf 76' lang='lat' dir='ltr'><strong>vix</strong></span> 
     </span>
    </p>
   </div>
   <div class='ocr_carea' id='block_1_13' title="bbox 757 1282 2343 1358">
    <p class='ocr_par' dir='ltr' id='par_1_13' title="bbox 757 1282 2343 1358">
     <span class='ocr_line' id='line_1_13' title="bbox 757 1282 2343 1358; baseline -0.004 -15"><span class='ocrx_word' id='word_1_68' title='bbox 757 1297 1084 1358; x_wconf 84' lang='lat' dir='ltr'><strong>apparerent</strong></span> <span class='ocrx_word' id='word_1_69' title='bbox 1169 1288 1463 1341; x_wconf 87' lang='lat' dir='ltr'><strong>humanam</strong></span> <span class='ocrx_word' id='word_1_70' title='bbox 1542 1286 1722 1339; x_wconf 88' lang='lat' dir='ltr'><strong>adhuc</strong></span> <span class='ocrx_word' id='word_1_71' title='bbox 1797 1286 2034 1352; x_wconf 83' lang='lat' dir='ltr'><strong>speciem</strong></span> <span class='ocrx_word' id='word_1_72' title='bbox 2121 1282 2343 1336; x_wconf 89' lang='lat' dir='ltr'><strong>habere.</strong></span> 
     </span>
    </p>
   </div>
   <div class='ocr_carea' id='block_1_14' title="bbox 757 1375 2348 1448">
    <p class='ocr_par' dir='ltr' id='par_1_14' title="bbox 757 1375 2348 1448">
     <span class='ocr_line' id='line_1_14' title="bbox 757 1375 2348 1448; baseline -0.005 -16"><span class='ocrx_word' id='word_1_73' title='bbox 757 1380 956 1433; x_wconf 67' lang='lat' dir='ltr'><strong>Driude</strong></span> <span class='ocrx_word' id='word_1_74' title='bbox 1012 1381 1218 1448; x_wconf 84' lang='lat' dir='ltr'><strong>absque</strong></span> <span class='ocrx_word' id='word_1_75' title='bbox 1253 1380 1358 1431; x_wconf 92' lang='lat' dir='ltr'><strong>ulla</strong></span> <span class='ocrx_word' id='word_1_76' title='bbox 1401 1379 1467 1432; x_wconf 85' lang='lat' dir='ltr'><strong>de</strong></span> <span class='ocrx_word' id='word_1_77' title='bbox 1496 1378 1598 1430; x_wconf 85' lang='lat' dir='ltr'><strong>illis</strong></span> <span class='ocrx_word' id='word_1_78' title='bbox 1630 1391 1761 1428; x_wconf 89' lang='lat' dir='ltr'><strong>cura</strong></span> <span class='ocrx_word' id='word_1_79' title='bbox 1813 1375 1868 1428; x_wconf 92' lang='lat' dir='ltr'><strong>in</strong></span> <span class='ocrx_word' id='word_1_80' title='bbox 1918 1389 2187 1428; x_wconf 87' lang='lat' dir='ltr'><strong>carcerem</strong></span> <span class='ocrx_word' id='word_1_81' title='bbox 2215 1388 2348 1426; x_wconf 89' lang='lat' dir='ltr'><strong>con-</strong></span> 
     </span>
    </p>
   </div>
   <div class='ocr_carea' id='block_1_15' title="bbox 751 1465 2347 1540">
    <p class='ocr_par' dir='ltr' id='par_1_15' title="bbox 751 1465 2347 1540">
     <span class='ocr_line' id='line_1_15' title="bbox 751 1465 2347 1540; baseline -0.005 -14"><span class='ocrx_word' id='word_1_82' title='bbox 751 1472 877 1540; x_wconf 78' lang='lat' dir='ltr'><strong>jeeti</strong></span> <span class='ocrx_word' id='word_1_83' title='bbox 904 1514 917 1535; x_wconf 91' lang='lat'><strong>,</strong></span> <span class='ocrx_word' id='word_1_84' title='bbox 958 1472 1227 1540; x_wconf 82' lang='lat' dir='ltr'><strong>pauloque</strong></span> <span class='ocrx_word' id='word_1_85' title='bbox 1285 1480 1405 1538; x_wconf 81' lang='lat' dir='ltr'><strong>post</strong></span> <span class='ocrx_word' id='word_1_86' title='bbox 1457 1469 1581 1521; x_wconf 91' lang='lat' dir='ltr'><strong>inde</strong></span> <span class='ocrx_word' id='word_1_87' title='bbox 1625 1466 1773 1522; x_wconf 79' lang='lat' dir='ltr'><strong>foras</strong></span> <span class='ocrx_word' id='word_1_88' title='bbox 1802 1468 2057 1530; x_wconf 79' lang='lat' dir='ltr'><strong>extracti,</strong></span> <span class='ocrx_word' id='word_1_89' title='bbox 2095 1465 2347 1518; x_wconf 88' lang='lat' dir='ltr'><strong>manibus</strong></span> 
     </span>
    </p>
   </div>
   <div class='ocr_carea' id='block_1_16' title="bbox 759 1556 2348 1630">
    <p class='ocr_par' dir='ltr' id='par_1_16' title="bbox 759 1556 2348 1630">
     <span class='ocr_line' id='line_1_16' title="bbox 759 1556 2348 1630; baseline -0.005 -17"><span class='ocrx_word' id='word_1_90' title='bbox 759 1573 878 1630; x_wconf 84' lang='lat' dir='ltr'><strong>post</strong></span> <span class='ocrx_word' id='word_1_91' title='bbox 905 1573 1113 1630; x_wconf 75' lang='lat' dir='ltr'><strong>tergum</strong></span> <span class='ocrx_word' id='word_1_92' title='bbox 1145 1561 1421 1620; x_wconf 81' lang='lat' dir='ltr'><strong>revinrtis,</strong></span> <span class='ocrx_word' id='word_1_93' title='bbox 1455 1575 1520 1612; x_wconf 92' lang='lat' dir='ltr'><strong>ac</strong></span> <span class='ocrx_word' id='word_1_94' title='bbox 1546 1559 1816 1627; x_wconf 74' lang='lat' dir='ltr'><strong>rapitibus</strong></span> <span class='ocrx_word' id='word_1_95' title='bbox 1863 1559 1932 1610; x_wconf 89' lang='lat' dir='ltr'><strong>ob</strong></span> <span class='ocrx_word' id='word_1_96' title='bbox 1965 1557 2182 1625; x_wconf 70' lang='lat' dir='ltr'><strong>alligata</strong></span> <span class='ocrx_word' id='word_1_97' title='bbox 2236 1556 2348 1610; x_wconf 86' lang='lat' dir='ltr'><strong>col—</strong></span> 
     </span>
    </p>
   </div>
   <div class='ocr_carea' id='block_1_17' title="bbox 759 1648 2350 1720">
    <p class='ocr_par' dir='ltr' id='par_1_17' title="bbox 759 1648 2350 1720">
     <span class='ocr_line' id='line_1_17' title="bbox 759 1648 2350 1720; baseline -0.002 -18"><span class='ocrx_word' id='word_1_98' title='bbox 759 1653 889 1705; x_wconf 75' lang='lat' dir='ltr'><strong>laria</strong></span> <span class='ocrx_word' id='word_1_99' title='bbox 939 1652 1285 1720; x_wconf 73' lang='lat' dir='ltr'><strong>aggravatis.</strong></span> <span class='ocrx_word' id='word_1_100' title='bbox 1326 1655 1388 1702; x_wconf 87' lang='lat' dir='ltr'><strong>ad</strong></span> <span class='ocrx_word' id='word_1_101' title='bbox 1441 1651 1726 1719; x_wconf 71' lang='lat' dir='ltr'><strong>praesidem</strong></span> <span class='ocrx_word' id='word_1_102' title='bbox 1793 1648 2012 1701; x_wconf 88' lang='lat' dir='ltr'><strong>adducti</strong></span> <span class='ocrx_word' id='word_1_103' title='bbox 2071 1655 2199 1701; x_wconf 90' lang='lat' dir='ltr'><strong>sunt</strong></span> <span class='ocrx_word' id='word_1_104' title='bbox 2237 1664 2249 1697; x_wconf 90' lang='lat'><strong>:</strong></span> <span class='ocrx_word' id='word_1_105' title='bbox 2293 1654 2350 1699; x_wconf 76' lang='lat' dir='ltr'><strong>et</strong></span> 
     </span>
    </p>
   </div>
   <div class='ocr_carea' id='block_1_18' title="bbox 755 1739 2346 1811">
    <p class='ocr_par' dir='ltr' id='par_1_18' title="bbox 755 1739 2346 1811">
     <span class='ocr_line' id='line_1_18' title="bbox 755 1739 2346 1811; baseline -0.001 -19"><span class='ocrx_word' id='word_1_106' title='bbox 755 1743 897 1811; x_wconf 85' lang='lat' dir='ltr'><strong>quod</strong></span> <span class='ocrx_word' id='word_1_107' title='bbox 967 1751 1158 1795; x_wconf 88' lang='lat' dir='ltr'><strong>sancto</strong></span> <span class='ocrx_word' id='word_1_108' title='bbox 1222 1744 1500 1807; x_wconf 71' lang='lat' dir='ltr'><strong>pronosito</strong></span> <span class='ocrx_word' id='word_1_109' title='bbox 1540 1757 1640 1794; x_wconf 88' lang='lat' dir='ltr'><strong>suo</strong></span> <span class='ocrx_word' id='word_1_110' title='bbox 1681 1755 1941 1810; x_wconf 82' lang='lat' dir='ltr'><strong>generose</strong></span> <span class='ocrx_word' id='word_1_111' title='bbox 1996 1739 2346 1797; x_wconf 67' lang='lat' dir='ltr'><strong>inhaererent.</strong></span> 
     </span>
    </p>
   </div>
   <div class='ocr_carea' id='block_1_19' title="bbox 755 1814 2343 1901">
    <p class='ocr_par' dir='ltr' id='par_1_19' title="bbox 755 1814 2343 1901">
     <span class='ocr_line' id='line_1_19' title="bbox 755 1814 2343 1901; baseline -0.001 -17"><span class='ocrx_word' id='word_1_112' title='bbox 755 1843 916 1901; x_wconf 80' lang='lat' dir='ltr'><strong>atque</strong></span> <span class='ocrx_word' id='word_1_113' title='bbox 943 1835 1006 1886; x_wconf 90' lang='lat' dir='ltr'><strong>ad</strong></span> <span class='ocrx_word' id='word_1_114' title='bbox 1033 1835 1323 1899; x_wconf 70' lang='lat' dir='ltr'><strong>gloriosam</strong></span> <span class='ocrx_word' id='word_1_115' title='bbox 1361 1814 1460 1900; x_wconf 75' lang='lat' dir='ltr'><strong>pro</strong></span> <span class='ocrx_word' id='word_1_116' title='bbox 1493 1833 1713 1887; x_wconf 85' lang='lat' dir='ltr'><strong>Christo</strong></span> <span class='ocrx_word' id='word_1_117' title='bbox 1748 1841 1978 1884; x_wconf 87' lang='lat' dir='ltr'><strong>mortem</strong></span> <span class='ocrx_word' id='word_1_118' title='bbox 2007 1831 2343 1896; x_wconf 81' lang='lat' dir='ltr'><strong>anhelarent,</strong></span> 
     </span>
    </p>
   </div>
   <div class='ocr_carea' id='block_1_20' title="bbox 757 1923 1897 1993">
    <p class='ocr_par' dir='ltr' id='par_1_20' title="bbox 757 1923 1897 1993">
     <span class='ocr_line' id='line_1_20' title="bbox 757 1923 1897 1993; baseline -0.003 -15"><span class='ocrx_word' id='word_1_119' title='bbox 757 1927 1016 1978; x_wconf 86' lang='lat' dir='ltr'><strong>mandato</strong></span> <span class='ocrx_word' id='word_1_120' title='bbox 1068 1925 1315 1992; x_wconf 66' lang='lat' dir='ltr'><strong>praesidis</strong></span> <span class='ocrx_word' id='word_1_121' title='bbox 1355 1933 1485 1978; x_wconf 89' lang='lat' dir='ltr'><strong>sunt</strong></span> <span class='ocrx_word' id='word_1_122' title='bbox 1513 1927 1691 1993; x_wconf 88' lang='lat' dir='ltr'><strong>capite</strong></span> <span class='ocrx_word' id='word_1_123' title='bbox 1733 1923 1897 1993; x_wconf 80' lang='lat' dir='ltr'><strong>plexi.</strong></span> 
     </span>
    </p>
   </div>
   <div class='ocr_carea' id='block_1_21' title="bbox 859 2085 2235 2157">
    <p class='ocr_par' dir='ltr' id='par_1_21' title="bbox 859 2085 2235 2157">
     <span class='ocr_line' id='line_1_21' title="bbox 859 2085 2235 2157; baseline -0.001 -15"><span class='ocrx_word' id='word_1_124' title='bbox 859 2087 966 2157; x_wconf 80' lang='lat'><strong>37</strong></span> <span class='ocrx_word' id='word_1_125' title='bbox 1000 2088 1065 2142; x_wconf 77' lang='lat' dir='ltr'><strong>Et</strong></span> <span class='ocrx_word' id='word_1_126' title='bbox 1098 2087 1528 2141; x_wconf 80' lang='lat' dir='ltr'><strong>commemoratio</strong></span> <span class='ocrx_word' id='word_1_127' title='bbox 1555 2088 1728 2140; x_wconf 62' lang='lat' dir='ltr'><strong>sancti</strong></span> <span class='ocrx_word' id='word_1_128' title='bbox 1754 2085 1928 2140; x_wconf 83' lang='lat' dir='ltr'><strong>Jodad</strong></span> <span class='ocrx_word' id='word_1_129' title='bbox 1948 2086 2235 2154; x_wconf 62' lang='lat' dir='ltr'><strong>prophetat.</strong></span> 
     </span>
    </p>
   </div>
   <div class='ocr_carea' id='block_1_22' title="bbox 828 2213 2345 2281">
    <p class='ocr_par' dir='ltr' id='par_1_22' title="bbox 828 2213 2345 2281">
     <span class='ocr_line' id='line_1_22' title="bbox 828 2213 2345 2281; baseline 0 -12"><span class='ocrx_word' id='word_1_130' title='bbox 828 2215 964 2269; x_wconf 83' lang='lat' dir='ltr'><strong>Cum</strong></span> <span class='ocrx_word' id='word_1_131' title='bbox 1013 2213 1325 2278; x_wconf 82' lang='lat' dir='ltr'><strong>Jeroboam,</strong></span> <span class='ocrx_word' id='word_1_132' title='bbox 1373 2232 1562 2269; x_wconf 83' lang='lat' dir='ltr'><strong>servus</strong></span> <span class='ocrx_word' id='word_1_133' title='bbox 1598 2217 1840 2268; x_wconf 75' lang='lat' dir='ltr'><strong>llohoam</strong></span> <span class='ocrx_word' id='word_1_134' title='bbox 1881 2216 1974 2269; x_wconf 86' lang='lat' dir='ltr'><strong>lilii</strong></span> <span class='ocrx_word' id='word_1_135' title='bbox 2013 2215 2345 2281; x_wconf 84' lang='lat' dir='ltr'><strong>Salomonis,</strong></span> 
     </span>
    </p>
   </div>
   <div class='ocr_carea' id='block_1_23' title="bbox 759 2306 2346 2361">
    <p class='ocr_par' dir='ltr' id='par_1_23' title="bbox 759 2306 2346 2361">
     <span class='ocr_line' id='line_1_23' title="bbox 759 2306 2346 2361; baseline 0 -1"><span class='ocrx_word' id='word_1_136' title='bbox 759 2324 864 2361; x_wconf 90' lang='lat' dir='ltr'><strong>una</strong></span> <span class='ocrx_word' id='word_1_137' title='bbox 894 2324 1015 2360; x_wconf 88' lang='lat' dir='ltr'><strong>cum</strong></span> <span class='ocrx_word' id='word_1_138' title='bbox 1049 2309 1234 2361; x_wconf 87' lang='lat' dir='ltr'><strong>decem</strong></span> <span class='ocrx_word' id='word_1_139' title='bbox 1273 2309 1523 2361; x_wconf 80' lang='lat' dir='ltr'><strong>tribubus</strong></span> <span class='ocrx_word' id='word_1_140' title='bbox 1577 2306 1867 2361; x_wconf 73' lang='lat' dir='ltr'><strong>deiecisset</strong></span> <span class='ocrx_word' id='word_1_141' title='bbox 1889 2323 1916 2360; x_wconf 91' lang='lat' dir='ltr'><strong>a</strong></span> <span class='ocrx_word' id='word_1_142' title='bbox 1939 2309 2188 2361; x_wconf 86' lang='lat' dir='ltr'><strong>tribubus</strong></span> <span class='ocrx_word' id='word_1_143' title='bbox 2211 2306 2346 2360; x_wconf 87' lang='lat' dir='ltr'><strong>Juda</strong></span> 
     </span>
    </p>
   </div>
   <div class='ocr_carea' id='block_1_24' title="bbox 757 2396 2348 2466">
    <p class='ocr_par' dir='ltr' id='par_1_24' title="bbox 757 2396 2348 2466">
     <span class='ocr_line' id='line_1_24' title="bbox 757 2396 2348 2466; baseline 0.001 -15"><span class='ocrx_word' id='word_1_144' title='bbox 757 2412 809 2452; x_wconf 89' lang='lat' dir='ltr'><strong>et</strong></span> <span class='ocrx_word' id='word_1_145' title='bbox 838 2399 1143 2466; x_wconf 74' lang='lat' dir='ltr'><strong>Benjuniiu.</strong></span> <span class='ocrx_word' id='word_1_146' title='bbox 1178 2414 1238 2451; x_wconf 89' lang='lat' dir='ltr'><strong>ac</strong></span> <span class='ocrx_word' id='word_1_147' title='bbox 1294 2399 1499 2465; x_wconf 82' lang='lat' dir='ltr'><strong>rejecto</strong></span> <span class='ocrx_word' id='word_1_148' title='bbox 1539 2396 1648 2451; x_wconf 90' lang='lat' dir='ltr'><strong>Deo</strong></span> <span class='ocrx_word' id='word_1_149' title='bbox 1703 2414 1832 2450; x_wconf 79' lang='lat' dir='ltr'><strong>vero</strong></span> <span class='ocrx_word' id='word_1_150' title='bbox 1880 2397 2102 2451; x_wconf 79' lang='lat' dir='ltr'><strong>fecisset</strong></span> <span class='ocrx_word' id='word_1_151' title='bbox 2150 2400 2348 2452; x_wconf 77' lang='lat' dir='ltr'><strong>vitulos</strong></span> 
     </span>
    </p>
   </div>
   <div class='ocr_carea' id='block_1_25' title="bbox 757 2492 2342 2560">
    <p class='ocr_par' dir='ltr' id='par_1_25' title="bbox 757 2492 2342 2560">
     <span class='ocr_line' id='line_1_25' title="bbox 757 2492 2342 2560; baseline 0.001 -16"><span class='ocrx_word' id='word_1_152' title='bbox 757 2505 975 2555; x_wconf 88' lang='lat' dir='ltr'><strong>aureos,</strong></span> <span class='ocrx_word' id='word_1_153' title='bbox 1009 2506 1209 2558; x_wconf 87' lang='lat' dir='ltr'><strong>eosque</strong></span> <span class='ocrx_word' id='word_1_154' title='bbox 1235 2507 1357 2544; x_wconf 91' lang='lat' dir='ltr'><strong>cum</strong></span> <span class='ocrx_word' id='word_1_155' title='bbox 1392 2493 1650 2544; x_wconf 89' lang='lat' dir='ltr'><strong>universo</strong></span> <span class='ocrx_word' id='word_1_156' title='bbox 1685 2492 1884 2560; x_wconf 87' lang='lat' dir='ltr'><strong>popqu</strong></span> <span class='ocrx_word' id='word_1_157' title='bbox 1918 2506 2019 2545; x_wconf 87' lang='lat' dir='ltr'><strong>suo</strong></span> <span class='ocrx_word' id='word_1_158' title='bbox 2049 2492 2342 2557; x_wconf 69' lang='lat' dir='ltr'><strong>adol-aret;</strong></span> 
     </span>
    </p>
   </div>
   <div class='ocr_carea' id='block_1_26' title="bbox 759 2582 2349 2653">
    <p class='ocr_par' dir='ltr' id='par_1_26' title="bbox 759 2582 2349 2653">
     <span class='ocr_line' id='line_1_26' title="bbox 759 2582 2349 2653; baseline -0.003 -14"><span class='ocrx_word' id='word_1_159' title='bbox 759 2587 963 2639; x_wconf 84' lang='lat' dir='ltr'><strong>missus</strong></span> <span class='ocrx_word' id='word_1_160' title='bbox 991 2594 1070 2637; x_wconf 90' lang='lat' dir='ltr'><strong>est</strong></span> <span class='ocrx_word' id='word_1_161' title='bbox 1091 2585 1176 2637; x_wconf 87' lang='lat' dir='ltr'><strong>hic</strong></span> <span class='ocrx_word' id='word_1_162' title='bbox 1208 2586 1492 2653; x_wconf 85' lang='lat' dir='ltr'><strong>propheta,</strong></span> <span class='ocrx_word' id='word_1_163' title='bbox 1520 2593 1578 2636; x_wconf 92' lang='lat' dir='ltr'><strong>nt</strong></span> <span class='ocrx_word' id='word_1_164' title='bbox 1601 2601 1723 2636; x_wconf 88' lang='lat' dir='ltr'><strong>eum</strong></span> <span class='ocrx_word' id='word_1_165' title='bbox 1758 2599 1820 2635; x_wconf 76' lang='lat' dir='ltr'><strong>ex</strong></span> <span class='ocrx_word' id='word_1_166' title='bbox 1858 2592 2009 2650; x_wconf 83' lang='lat' dir='ltr'><strong>parte</strong></span> <span class='ocrx_word' id='word_1_167' title='bbox 2045 2582 2134 2634; x_wconf 87' lang='lat' dir='ltr'><strong>Dei</strong></span> <span class='ocrx_word' id='word_1_168' title='bbox 2163 2597 2349 2649; x_wconf 82' lang='lat' dir='ltr'><strong>repre-</strong></span> 
     </span>
    </p>
   </div>
   <div class='ocr_carea' id='block_1_27' title="bbox 759 2673 2351 2746">
    <p class='ocr_par' dir='ltr' id='par_1_27' title="bbox 759 2673 2351 2746">
     <span class='ocr_line' id='line_1_27' title="bbox 759 2673 2351 2746; baseline -0.004 -16"><span class='ocrx_word' id='word_1_169' title='bbox 759 2677 1037 2730; x_wconf 85' lang='lat' dir='ltr'><strong>henderet.</strong></span> <span class='ocrx_word' id='word_1_170' title='bbox 1062 2675 1221 2730; x_wconf 86' lang='lat' dir='ltr'><strong>Venit</strong></span> <span class='ocrx_word' id='word_1_171' title='bbox 1263 2677 1424 2746; x_wconf 78' lang='lat' dir='ltr'><strong>igitur</strong></span> <span class='ocrx_word' id='word_1_172' title='bbox 1443 2687 1495 2730; x_wconf 88' lang='lat' dir='ltr'><strong>et</strong></span> <span class='ocrx_word' id='word_1_173' title='bbox 1521 2676 1886 2745; x_wconf 69' lang='lat' dir='ltr'><strong>reprehendit.</strong></span> <span class='ocrx_word' id='word_1_174' title='bbox 1909 2673 2197 2727; x_wconf 83' lang='lat' dir='ltr'><strong>Jeroboam</strong></span> <span class='ocrx_word' id='word_1_175' title='bbox 2225 2687 2351 2726; x_wconf 83' lang='lat' dir='ltr'><strong>vero</strong></span> 
     </span>
    </p>
   </div>
   <div class='ocr_carea' id='block_1_28' title="bbox 759 2766 2353 2834">
    <p class='ocr_par' dir='ltr' id='par_1_28' title="bbox 759 2766 2353 2834">
     <span class='ocr_line' id='line_1_28' title="bbox 759 2766 2353 2834; baseline -0.003 -12"><span class='ocrx_word' id='word_1_176' title='bbox 759 2769 1004 2822; x_wconf 76' lang='lat' dir='ltr'><strong>extendit</strong></span> <span class='ocrx_word' id='word_1_177' title='bbox 1036 2784 1277 2829; x_wconf 86' lang='lat' dir='ltr'><strong>manum,</strong></span> <span class='ocrx_word' id='word_1_178' title='bbox 1314 2777 1371 2821; x_wconf 90' lang='lat' dir='ltr'><strong>ut</strong></span> <span class='ocrx_word' id='word_1_179' title='bbox 1398 2783 1522 2822; x_wconf 89' lang='lat' dir='ltr'><strong>cum</strong></span> <span class='ocrx_word' id='word_1_180' title='bbox 1549 2768 1897 2832; x_wconf 73' lang='lat' dir='ltr'><strong>verberaret;</strong></span> <span class='ocrx_word' id='word_1_181' title='bbox 1928 2768 2019 2820; x_wconf 86' lang='lat' dir='ltr'><strong>sed</strong></span> <span class='ocrx_word' id='word_1_182' title='bbox 2067 2766 2353 2834; x_wconf 78' lang='lat' dir='ltr'><strong>conspexit</strong></span> 
     </span>
    </p>
   </div>
   <div class='ocr_carea' id='block_1_29' title="bbox 759 2860 2353 2930">
    <p class='ocr_par' dir='ltr' id='par_1_29' title="bbox 759 2860 2353 2930">
     <span class='ocr_line' id='line_1_29' title="bbox 759 2860 2353 2930; baseline -0.002 -15"><span class='ocrx_word' id='word_1_183' title='bbox 759 2876 878 2915; x_wconf 87' lang='lat' dir='ltr'><strong>eam</strong></span> <span class='ocrx_word' id='word_1_184' title='bbox 912 2862 1140 2914; x_wconf 85' lang='lat' dir='ltr'><strong>aridam.</strong></span> <span class='ocrx_word' id='word_1_185' title='bbox 1168 2860 1288 2913; x_wconf 83' lang='lat' dir='ltr'><strong>Mox</strong></span> <span class='ocrx_word' id='word_1_186' title='bbox 1316 2863 1636 2930; x_wconf 64' lang='lat' dir='ltr'><strong>paenitentia</strong></span> <span class='ocrx_word' id='word_1_187' title='bbox 1665 2862 1882 2922; x_wconf 85' lang='lat' dir='ltr'><strong>ductus.</strong></span> <span class='ocrx_word' id='word_1_188' title='bbox 1915 2861 2111 2913; x_wconf 86' lang='lat' dir='ltr'><strong>meruit</strong></span> <span class='ocrx_word' id='word_1_189' title='bbox 2146 2870 2203 2914; x_wconf 88' lang='lat' dir='ltr'><strong>ut</strong></span> <span class='ocrx_word' id='word_1_190' title='bbox 2226 2875 2353 2928; x_wconf 85' lang='lat' dir='ltr'><strong>pro-</strong></span> 
     </span>
    </p>
   </div>
   <div class='ocr_carea' id='block_1_30' title="bbox 762 2949 2354 3021">
    <p class='ocr_par' dir='ltr' id='par_1_30' title="bbox 762 2949 2354 3021">
     <span class='ocr_line' id='line_1_30' title="bbox 762 2949 2354 3021; baseline 0.001 -16"><span class='ocrx_word' id='word_1_191' title='bbox 762 2953 920 3021; x_wconf 86' lang='lat' dir='ltr'><strong>pheta</strong></span> <span class='ocrx_word' id='word_1_192' title='bbox 953 2969 1072 3008; x_wconf 86' lang='lat' dir='ltr'><strong>eain</strong></span> <span class='ocrx_word' id='word_1_193' title='bbox 1115 2963 1352 3008; x_wconf 90' lang='lat' dir='ltr'><strong>sanaret.</strong></span> <span class='ocrx_word' id='word_1_194' title='bbox 1395 2949 1548 3018; x_wconf 81' lang='lat' dir='ltr'><strong>Quod</strong></span> <span class='ocrx_word' id='word_1_195' title='bbox 1585 2969 1704 3006; x_wconf 87' lang='lat' dir='ltr'><strong>eum</strong></span> <span class='ocrx_word' id='word_1_196' title='bbox 1753 2951 1989 3016; x_wconf 75' lang='lat' dir='ltr'><strong>fecisset,</strong></span> <span class='ocrx_word' id='word_1_197' title='bbox 2031 2953 2354 3007; x_wconf 87' lang='lat' dir='ltr'><strong>adhortatus</strong></span> 
     </span>
    </p>
   </div>
   <div class='ocr_carea' id='block_1_31' title="bbox 760 3044 2350 3114">
    <p class='ocr_par' dir='ltr' id='par_1_31' title="bbox 760 3044 2350 3114">
     <span class='ocr_line' id='line_1_31' title="bbox 760 3044 2350 3114; baseline 0.001 -20"><span class='ocrx_word' id='word_1_198' title='bbox 760 3058 862 3110; x_wconf 79' lang='lat' dir='ltr'><strong>est,</strong></span> <span class='ocrx_word' id='word_1_199' title='bbox 896 3057 955 3098; x_wconf 91' lang='lat' dir='ltr'><strong>ut</strong></span> <span class='ocrx_word' id='word_1_200' title='bbox 977 3062 1170 3114; x_wconf 81' lang='lat' dir='ltr'><strong>panem</strong></span> <span class='ocrx_word' id='word_1_201' title='bbox 1203 3049 1548 3100; x_wconf 85' lang='lat' dir='ltr'><strong>comederet:</strong></span> <span class='ocrx_word' id='word_1_202' title='bbox 1584 3045 1676 3098; x_wconf 82' lang='lat' dir='ltr'><strong>sed</strong></span> <span class='ocrx_word' id='word_1_203' title='bbox 1715 3060 1819 3096; x_wconf 91' lang='lat' dir='ltr'><strong>nou</strong></span> <span class='ocrx_word' id='word_1_204' title='bbox 1848 3044 2106 3113; x_wconf 83' lang='lat' dir='ltr'><strong>potuitad</strong></span> <span class='ocrx_word' id='word_1_205' title='bbox 2135 3044 2184 3096; x_wconf 88' lang='lat' dir='ltr'><strong>id</strong></span> <span class='ocrx_word' id='word_1_206' title='bbox 2223 3058 2350 3098; x_wconf 89' lang='lat' dir='ltr'><strong>eum</strong></span> 
     </span>
    </p>
   </div>
   <div class='ocr_carea' id='block_1_32' title="bbox 763 3134 2357 3206">
    <p class='ocr_par' dir='ltr' id='par_1_32' title="bbox 763 3134 2357 3206">
     <span class='ocr_line' id='line_1_32' title="bbox 763 3134 2357 3206; baseline -0.003 -15"><span class='ocrx_word' id='word_1_207' title='bbox 763 3139 1055 3193; x_wconf 85' lang='lat' dir='ltr'><strong>inducere:</strong></span> <span class='ocrx_word' id='word_1_208' title='bbox 1100 3140 1226 3206; x_wconf 85' lang='lat' dir='ltr'><strong>quia</strong></span> <span class='ocrx_word' id='word_1_209' title='bbox 1276 3147 1393 3191; x_wconf 87' lang='lat' dir='ltr'><strong>erat</strong></span> <span class='ocrx_word' id='word_1_210' title='bbox 1423 3137 1552 3190; x_wconf 89' lang='lat' dir='ltr'><strong>illud</strong></span> <span class='ocrx_word' id='word_1_211' title='bbox 1593 3152 1620 3189; x_wconf 92' lang='lat' dir='ltr'><strong>a</strong></span> <span class='ocrx_word' id='word_1_212' title='bbox 1666 3135 1774 3189; x_wconf 90' lang='lat' dir='ltr'><strong>Deo</strong></span> <span class='ocrx_word' id='word_1_213' title='bbox 1801 3135 2116 3188; x_wconf 85' lang='lat' dir='ltr'><strong>inhibitum.</strong></span> <span class='ocrx_word' id='word_1_214' title='bbox 2157 3134 2357 3188; x_wconf 81' lang='lat' dir='ltr'><strong>Rever-</strong></span> 
     </span>
    </p>
   </div>
   <div class='ocr_carea' id='block_1_33' title="bbox 2449 641 4025 715">
    <p class='ocr_par' dir='ltr' id='par_1_33' title="bbox 2449 641 4025 715">
     <span class='ocr_line' id='line_1_33' title="bbox 2449 641 4025 715; baseline 0.003 -21"><span class='ocrx_word' id='word_1_215' title='bbox 2449 658 2642 705; x_wconf 89' lang='grc' dir='ltr'><strong>σαντες</strong></span> <span class='ocrx_word' id='word_1_216' title='bbox 2668 641 2767 712; x_wconf 78' lang='grc' dir='ltr'><strong>τὴν</strong></span> <span class='ocrx_word' id='word_1_217' title='bbox 2799 642 2970 711; x_wconf 75' lang='grc' dir='ltr'><strong>καλὴν</strong></span> <span class='ocrx_word' id='word_1_218' title='bbox 3001 642 3252 697; x_wconf 72' lang='grc' dir='ltr'><strong>ἔνστασιν</strong></span> <span class='ocrx_word' id='word_1_219' title='bbox 3277 643 3385 696; x_wconf 87' lang='grc' dir='ltr'><strong>τῶν</strong></span> <span class='ocrx_word' id='word_1_220' title='bbox 3416 645 3584 712; x_wconf 77' lang='grc' dir='ltr'><strong>ἁγίων</strong></span> <span class='ocrx_word' id='word_1_221' title='bbox 3617 646 4025 715; x_wconf 87' lang='grc' dir='ltr'><strong>τεσσαράκοντα</strong></span> 
     </span>
    </p>
   </div>
   <div class='ocr_carea' id='block_1_34' title="bbox 2447 733 4025 807">
    <p class='ocr_par' dir='ltr' id='par_1_34' title="bbox 2447 733 4025 807">
     <span class='ocr_line' id='line_1_34' title="bbox 2447 733 4025 807; baseline 0.002 -21"><span class='ocrx_word' id='word_1_222' title='bbox 2447 736 2539 787; x_wconf 85' lang='grc' dir='ltr'><strong>τοῦ</strong></span> <span class='ocrx_word' id='word_1_223' title='bbox 2574 733 2812 806; x_wconf 84' lang='grc' dir='ltr'><strong>Χριστοῦ</strong></span> <span class='ocrx_word' id='word_1_224' title='bbox 2862 735 3177 806; x_wconf 87' lang='grc' dir='ltr'><strong>μαρτύρων,</strong></span> <span class='ocrx_word' id='word_1_225' title='bbox 3212 737 3306 791; x_wconf 69' lang='grc' dir='ltr'><strong>καὶ</strong></span> <span class='ocrx_word' id='word_1_226' title='bbox 3335 737 3479 800; x_wconf 84' lang='grc' dir='ltr'><strong>ὅπως</strong></span> <span class='ocrx_word' id='word_1_227' title='bbox 3506 738 3842 807; x_wconf 69' lang='grc' dir='ltr'><strong>ἠγωνίσαντο</strong></span> <span class='ocrx_word' id='word_1_228' title='bbox 3871 738 4025 806; x_wconf 82' lang='grc' dir='ltr'><strong>νική-</strong></span> 
     </span>
    </p>
   </div>
   <div class='ocr_carea' id='block_1_35' title="bbox 2450 826 4026 895">
    <p class='ocr_par' dir='ltr' id='par_1_35' title="bbox 2450 826 4026 895">
     <span class='ocr_line' id='line_1_35' title="bbox 2450 826 4026 895; baseline 0.001 -17"><span class='ocrx_word' id='word_1_229' title='bbox 2450 844 2641 889; x_wconf 58' lang='grc' dir='ltr'><strong>σαντες</strong></span> <span class='ocrx_word' id='word_1_230' title='bbox 2673 826 2762 878; x_wconf 70' lang='grc' dir='ltr'><strong>τὸν</strong></span> <span class='ocrx_word' id='word_1_231' title='bbox 2803 827 3069 892; x_wconf 73' lang='grc' dir='ltr'><strong>διάϐολον,</strong></span> <span class='ocrx_word' id='word_1_232' title='bbox 3117 828 3210 881; x_wconf 80' lang='grc' dir='ltr'><strong>καὶ</strong></span> <span class='ocrx_word' id='word_1_233' title='bbox 3255 827 3712 892; x_wconf 74' lang='grc' dir='ltr'><strong>στεφανωθέντες,</strong></span> <span class='ocrx_word' id='word_1_234' title='bbox 3747 826 4026 895; x_wconf 76' lang='grc' dir='ltr'><strong>ἐζήλωσαν</strong></span> 
     </span>
    </p>
   </div>
   <div class='ocr_carea' id='block_1_36' title="bbox 2449 917 4024 988">
    <p class='ocr_par' dir='ltr' id='par_1_36' title="bbox 2449 917 4024 988">
     <span class='ocr_line' id='line_1_36' title="bbox 2449 917 4024 988; baseline -0.001 -18"><span class='ocrx_word' id='word_1_235' title='bbox 2449 922 2542 970; x_wconf 78' lang='grc' dir='ltr'><strong>καὶ</strong></span> <span class='ocrx_word' id='word_1_236' title='bbox 2595 918 2769 984; x_wconf 73' lang='grc' dir='ltr'><strong>αὐτοὶ,</strong></span> <span class='ocrx_word' id='word_1_237' title='bbox 2801 917 2897 970; x_wconf 72' lang='grc' dir='ltr'><strong>καὶ</strong></span> <span class='ocrx_word' id='word_1_238' title='bbox 2953 917 3207 988; x_wconf 82' lang='grc' dir='ltr'><strong>ῥίψαντες</strong></span> <span class='ocrx_word' id='word_1_239' title='bbox 3248 917 3319 970; x_wconf 81' lang='grc' dir='ltr'><strong>τὰ</strong></span> <span class='ocrx_word' id='word_1_240' title='bbox 3365 917 3505 970; x_wconf 86' lang='grc' dir='ltr'><strong>ὅπλα</strong></span> <span class='ocrx_word' id='word_1_241' title='bbox 3562 917 3872 987; x_wconf 73' lang='grc' dir='ltr'><strong>ἔμπροσθεν</strong></span> <span class='ocrx_word' id='word_1_242' title='bbox 3930 917 4024 969; x_wconf 84' lang='grc' dir='ltr'><strong>τοῦ</strong></span> 
     </span>
    </p>
   </div>
   <div class='ocr_carea' id='block_1_37' title="bbox 2447 1008 4025 1083">
    <p class='ocr_par' dir='ltr' id='par_1_37' title="bbox 2447 1008 4025 1083">
     <span class='ocr_line' id='line_1_37' title="bbox 2447 1008 4025 1083; baseline -0.008 -11"><span class='ocrx_word' id='word_1_243' title='bbox 2447 1009 2732 1078; x_wconf 76' lang='grc' dir='ltr'><strong>ἡγεμόνος.</strong></span> <span class='ocrx_word' id='word_1_244' title='bbox 2768 1010 2983 1083; x_wconf 81' lang='grc' dir='ltr'><strong>μεγάλῃ</strong></span> <span class='ocrx_word' id='word_1_245' title='bbox 3040 1013 3190 1080; x_wconf 77' lang='grc' dir='ltr'><strong>φωνῇ</strong></span> <span class='ocrx_word' id='word_1_246' title='bbox 3226 1009 3316 1062; x_wconf 85' lang='grc' dir='ltr'><strong>τδν</strong></span> <span class='ocrx_word' id='word_1_247' title='bbox 3354 1010 3452 1080; x_wconf 84' lang='grc' dir='ltr'><strong>μὲν</strong></span> <span class='ocrx_word' id='word_1_248' title='bbox 3478 1011 3714 1078; x_wconf 74' lang='grc' dir='ltr'><strong>Χριστὸν</strong></span> <span class='ocrx_word' id='word_1_249' title='bbox 3735 1009 3868 1061; x_wconf 70' lang='grc' dir='ltr'><strong>Θεὸν</strong></span> <span class='ocrx_word' id='word_1_250' title='bbox 3889 1008 4025 1078; x_wconf 80' lang='grc' dir='ltr'><strong>ἀλη-</strong></span> 
     </span>
    </p>
   </div>
   <div class='ocr_carea' id='block_1_38' title="bbox 2449 1099 4026 1172">
    <p class='ocr_par' dir='ltr' id='par_1_38' title="bbox 2449 1099 4026 1172">
     <span class='ocr_line' id='line_1_38' title="bbox 2449 1099 4026 1172; baseline 0.002 -19"><span class='ocrx_word' id='word_1_251' title='bbox 2449 1101 2594 1153; x_wconf 74' lang='grc' dir='ltr'><strong>θινὸν</strong></span> <span class='ocrx_word' id='word_1_252' title='bbox 2615 1101 2996 1172; x_wconf 85' lang='grc' dir='ltr'><strong>ὡμολόγησαν,</strong></span> <span class='ocrx_word' id='word_1_253' title='bbox 3021 1103 3245 1165; x_wconf 80' lang='grc' dir='ltr'><strong>ἑαυτοὺς</strong></span> <span class='ocrx_word' id='word_1_254' title='bbox 3264 1101 3322 1155; x_wconf 81' lang='grc' dir='ltr'><strong>δὲ</strong></span> <span class='ocrx_word' id='word_1_255' title='bbox 3342 1101 3564 1172; x_wconf 83' lang='grc' dir='ltr'><strong>ἀληθεῖς</strong></span> <span class='ocrx_word' id='word_1_256' title='bbox 3592 1099 3809 1162; x_wconf 77' lang='grc' dir='ltr'><strong>δούλους</strong></span> <span class='ocrx_word' id='word_1_257' title='bbox 3831 1099 4026 1156; x_wconf 80' lang='grc' dir='ltr'><strong>αὑτοῦ.</strong></span> 
     </span>
    </p>
   </div>
   <div class='ocr_carea' id='block_1_39' title="bbox 2449 1192 4030 1262">
    <p class='ocr_par' dir='ltr' id='par_1_39' title="bbox 2449 1192 4030 1262">
     <span class='ocr_line' id='line_1_39' title="bbox 2449 1192 4030 1262; baseline 0 -18"><span class='ocrx_word' id='word_1_258' title='bbox 2449 1192 2582 1244; x_wconf 80' lang='grc' dir='ltr'><strong>Τότε</strong></span> <span class='ocrx_word' id='word_1_259' title='bbox 2612 1192 3000 1262; x_wconf 81' lang='grc' dir='ltr'><strong>κρατηθέντες,</strong></span> <span class='ocrx_word' id='word_1_260' title='bbox 3050 1196 3145 1247; x_wconf 76' lang='grc' dir='ltr'><strong>καὶ</strong></span> <span class='ocrx_word' id='word_1_261' title='bbox 3191 1194 3596 1262; x_wconf 82' lang='grc' dir='ltr'><strong>γυμνωθέντες,</strong></span> <span class='ocrx_word' id='word_1_262' title='bbox 3627 1193 3880 1245; x_wconf 88' lang='grc' dir='ltr'><strong>τοσοῦτον</strong></span> <span class='ocrx_word' id='word_1_263' title='bbox 3927 1192 4030 1255; x_wconf 76' lang='grc' dir='ltr'><strong>τάς</strong></span> 
     </span>
    </p>
   </div>
   <div class='ocr_carea' id='block_1_40' title="bbox 2453 1282 4028 1354">
    <p class='ocr_par' dir='ltr' id='par_1_40' title="bbox 2453 1282 4028 1354">
     <span class='ocr_line' id='line_1_40' title="bbox 2453 1282 4028 1354; baseline -0.001 -20"><span class='ocrx_word' id='word_1_264' title='bbox 2453 1282 2660 1351; x_wconf 81' lang='grc' dir='ltr'><strong>σάρκας</strong></span> <span class='ocrx_word' id='word_1_265' title='bbox 2705 1283 3116 1351; x_wconf 83' lang='grc' dir='ltr'><strong>κατεξάνθησαν</strong></span> <span class='ocrx_word' id='word_1_266' title='bbox 3159 1286 3278 1346; x_wconf 83' lang='grc' dir='ltr'><strong>ταῖς</strong></span> <span class='ocrx_word' id='word_1_267' title='bbox 3328 1286 3619 1354; x_wconf 78' lang='grc' dir='ltr'><strong>ἐπιφοραῖς</strong></span> <span class='ocrx_word' id='word_1_268' title='bbox 3651 1284 3758 1336; x_wconf 86' lang='grc' dir='ltr'><strong>τῶν</strong></span> <span class='ocrx_word' id='word_1_269' title='bbox 3791 1284 4028 1354; x_wconf 80' lang='grc' dir='ltr'><strong>ράδδων,</strong></span> 
     </span>
    </p>
   </div>
   <div class='ocr_carea' id='block_1_41' title="bbox 2450 1373 4028 1444">
    <p class='ocr_par' dir='ltr' id='par_1_41' title="bbox 2450 1373 4028 1444">
     <span class='ocr_line' id='line_1_41' title="bbox 2450 1373 4028 1444; baseline 0.001 -20"><span class='ocrx_word' id='word_1_270' title='bbox 2450 1373 2523 1436; x_wconf 79' lang='grc' dir='ltr'><strong>ὡς</strong></span> <span class='ocrx_word' id='word_1_271' title='bbox 2575 1373 2726 1443; x_wconf 82' lang='grc' dir='ltr'><strong>μόλις</strong></span> <span class='ocrx_word' id='word_1_272' title='bbox 2773 1375 3276 1444; x_wconf 82' lang='grc' dir='ltr'><strong>χαρακτηρίξεσθαι</strong></span> <span class='ocrx_word' id='word_1_273' title='bbox 3317 1374 3620 1442; x_wconf 80' lang='grc' dir='ltr'><strong>ἀνθρώπων</strong></span> <span class='ocrx_word' id='word_1_274' title='bbox 3668 1373 3812 1443; x_wconf 76' lang='grc' dir='ltr'><strong>ἔχειν</strong></span> <span class='ocrx_word' id='word_1_275' title='bbox 3860 1375 4028 1435; x_wconf 75' lang='grc' dir='ltr'><strong>ἰδέας.</strong></span> 
     </span>
    </p>
   </div>
   <div class='ocr_carea' id='block_1_42' title="bbox 2451 1461 4031 1539">
    <p class='ocr_par' dir='ltr' id='par_1_42' title="bbox 2451 1461 4031 1539">
     <span class='ocr_line' id='line_1_42' title="bbox 2451 1461 4031 1539; baseline 0 -21"><span class='ocrx_word' id='word_1_276' title='bbox 2451 1461 2584 1520; x_wconf 80' lang='grc' dir='ltr'><strong>Εἶτα</strong></span> <span class='ocrx_word' id='word_1_277' title='bbox 2642 1467 2856 1536; x_wconf 84' lang='grc' dir='ltr'><strong>φυλακῇ</strong></span> <span class='ocrx_word' id='word_1_278' title='bbox 2921 1468 3406 1539; x_wconf 74' lang='grc' dir='ltr'><strong>έναπερῤίφθησαν</strong></span> <span class='ocrx_word' id='word_1_279' title='bbox 3454 1467 3867 1536; x_wconf 84' lang='grc' dir='ltr'><strong>ἀνεπιμέλητοι·</strong></span> <span class='ocrx_word' id='word_1_280' title='bbox 3935 1469 4031 1519; x_wconf 75' lang='grc' dir='ltr'><strong>καὶ</strong></span> 
     </span>
    </p>
   </div>
   <div class='ocr_carea' id='block_1_43' title="bbox 2455 1555 4030 1628">
    <p class='ocr_par' dir='ltr' id='par_1_43' title="bbox 2455 1555 4030 1628">
     <span class='ocr_line' id='line_1_43' title="bbox 2455 1555 4030 1628; baseline -0.001 -20"><span class='ocrx_word' id='word_1_281' title='bbox 2455 1557 2592 1625; x_wconf 85' lang='grc' dir='ltr'><strong>μετὰ</strong></span> <span class='ocrx_word' id='word_1_282' title='bbox 2641 1555 2835 1628; x_wconf 83' lang='grc' dir='ltr'><strong>μικρὸν</strong></span> <span class='ocrx_word' id='word_1_283' title='bbox 2883 1557 3233 1618; x_wconf 81' lang='grc' dir='ltr'><strong>ἐλκυσθέντες</strong></span> <span class='ocrx_word' id='word_1_284' title='bbox 3264 1557 3369 1621; x_wconf 77' lang='grc' dir='ltr'><strong>ἔξω</strong></span> <span class='ocrx_word' id='word_1_285' title='bbox 3414 1558 3689 1624; x_wconf 79' lang='grc' dir='ltr'><strong>δεδεμένοι</strong></span> <span class='ocrx_word' id='word_1_286' title='bbox 3727 1560 3918 1627; x_wconf 83' lang='grc' dir='ltr'><strong>χεῖρας</strong></span> <span class='ocrx_word' id='word_1_287' title='bbox 3951 1559 4030 1618; x_wconf 89' lang='grc' dir='ltr'><strong>εἰς</strong></span> 
     </span>
    </p>
   </div>
   <div class='ocr_carea' id='block_1_44' title="bbox 2438 1649 4026 1720">
    <p class='ocr_par' dir='ltr' id='par_1_44' title="bbox 2438 1649 4026 1720">
     <span class='ocr_line' id='line_1_44' title="bbox 2438 1649 4026 1720; baseline 0 -20"><span class='ocrx_word' id='word_1_288' title='bbox 2438 1650 2518 1702; x_wconf 75' lang='grc' dir='ltr'><strong>τὰ</strong></span> <span class='ocrx_word' id='word_1_289' title='bbox 2571 1649 2765 1713; x_wconf 80' lang='grc' dir='ltr'><strong>ὀπίσω,</strong></span> <span class='ocrx_word' id='word_1_290' title='bbox 2816 1650 2910 1703; x_wconf 61' lang='grc' dir='ltr'><strong>κα)⁵</strong></span> <span class='ocrx_word' id='word_1_291' title='bbox 2961 1651 3060 1712; x_wconf 76' lang='grc' dir='ltr'><strong>τὰς</strong></span> <span class='ocrx_word' id='word_1_292' title='bbox 3115 1651 3354 1719; x_wconf 66' lang='grc' dir='ltr'><strong>κεφαλάς</strong></span> <span class='ocrx_word' id='word_1_293' title='bbox 3399 1651 3598 1713; x_wconf 76' lang='grc' dir='ltr'><strong>κλοιοῖς</strong></span> <span class='ocrx_word' id='word_1_294' title='bbox 3647 1651 4026 1720; x_wconf 75' lang='grc' dir='ltr'><strong>βαρυνόμενοι,</strong></span> 
     </span>
    </p>
   </div>
   <div class='ocr_carea' id='block_1_45' title="bbox 2451 1741 4029 1812">
    <p class='ocr_par' dir='ltr' id='par_1_45' title="bbox 2451 1741 4029 1812">
     <span class='ocr_line' id='line_1_45' title="bbox 2451 1741 4029 1812; baseline 0.001 -22"><span class='ocrx_word' id='word_1_295' title='bbox 2451 1743 2804 1810; x_wconf 70' lang='grc' dir='ltr'><strong>παρέστησαν</strong></span> <span class='ocrx_word' id='word_1_296' title='bbox 2872 1741 2948 1810; x_wconf 79' lang='grc' dir='ltr'><strong>τῷ</strong></span> <span class='ocrx_word' id='word_1_297' title='bbox 2979 1742 3238 1812; x_wconf 73' lang='grc' dir='ltr'><strong>ἡγεμόνι·</strong></span> <span class='ocrx_word' id='word_1_298' title='bbox 3277 1745 3371 1795; x_wconf 71' lang='grc' dir='ltr'><strong>καὶ</strong></span> <span class='ocrx_word' id='word_1_299' title='bbox 3401 1743 3497 1810; x_wconf 82' lang='grc' dir='ltr'><strong>τῆς</strong></span> <span class='ocrx_word' id='word_1_300' title='bbox 3530 1743 3698 1809; x_wconf 84' lang='grc' dir='ltr'><strong>καλῆς</strong></span> <span class='ocrx_word' id='word_1_301' title='bbox 3726 1741 4029 1803; x_wconf 62' lang='grc' dir='ltr'><strong>ἐπιστάσεως</strong></span> 
     </span>
    </p>
   </div>
   <div class='ocr_carea' id='block_1_46' title="bbox 2453 1832 4034 1904">
    <p class='ocr_par' dir='ltr' id='par_1_46' title="bbox 2453 1832 4034 1904">
     <span class='ocr_line' id='line_1_46' title="bbox 2453 1832 4034 1904; baseline 0.001 -20"><span class='ocrx_word' id='word_1_302' title='bbox 2453 1832 2532 1885; x_wconf 80' lang='grc' dir='ltr'><strong>ἔτι</strong></span> <span class='ocrx_word' id='word_1_303' title='bbox 2578 1833 2847 1902; x_wconf 81' lang='grc' dir='ltr'><strong>ἐχόμενοι,</strong></span> <span class='ocrx_word' id='word_1_304' title='bbox 2881 1835 2975 1886; x_wconf 74' lang='grc' dir='ltr'><strong>καὶ</strong></span> <span class='ocrx_word' id='word_1_305' title='bbox 3004 1834 3094 1885; x_wconf 74' lang='grc' dir='ltr'><strong>τὸν</strong></span> <span class='ocrx_word' id='word_1_306' title='bbox 3123 1835 3262 1904; x_wconf 81' lang='grc' dir='ltr'><strong>ὑπὲρ</strong></span> <span class='ocrx_word' id='word_1_307' title='bbox 3294 1835 3528 1903; x_wconf 86' lang='grc' dir='ltr'><strong>Χριστοῦ</strong></span> <span class='ocrx_word' id='word_1_308' title='bbox 3569 1835 3829 1902; x_wconf 69' lang='grc' dir='ltr'><strong>διψῶντες</strong></span> <span class='ocrx_word' id='word_1_309' title='bbox 3868 1834 4034 1886; x_wconf 85' lang='grc' dir='ltr'><strong>θάνα-</strong></span> 
     </span>
    </p>
   </div>
   <div class='ocr_carea' id='block_1_47' title="bbox 2382 1913 3922 1997">
    <p class='ocr_par' dir='ltr' id='par_1_47' title="bbox 2382 1913 3922 1997">
     <span class='ocr_line' id='line_1_47' title="bbox 2382 1913 3922 1997; baseline 0.002 -20"><span class='ocrx_word' id='word_1_310' title='bbox 2382 1913 2424 1968; x_wconf 76' lang='lat' dir='ltr'><strong>B</strong></span> <span class='ocrx_word' id='word_1_311' title='bbox 2458 1941 2570 1991; x_wconf 92' lang='grc' dir='ltr'><strong>τον,</strong></span> <span class='ocrx_word' id='word_1_312' title='bbox 2606 1925 2901 1995; x_wconf 80' lang='grc' dir='ltr'><strong>προστάξει</strong></span> <span class='ocrx_word' id='word_1_313' title='bbox 2947 1927 3041 1979; x_wconf 87' lang='grc' dir='ltr'><strong>τοῦ</strong></span> <span class='ocrx_word' id='word_1_314' title='bbox 3070 1927 3340 1996; x_wconf 79' lang='grc' dir='ltr'><strong>ἡγεμόνος</strong></span> <span class='ocrx_word' id='word_1_315' title='bbox 3373 1927 3922 1997; x_wconf 77' lang='grc' dir='ltr'><strong>ἁπεκεφαλίσθησαν.</strong></span> 
     </span>
    </p>
   </div>
   <div class='ocr_carea' id='block_1_48' title="bbox 2595 2088 3888 2159">
    <p class='ocr_par' dir='ltr' id='par_1_48' title="bbox 2595 2088 3888 2159">
     <span class='ocr_line' id='line_1_48' title="bbox 2595 2088 3888 2159; baseline 0.002 -16"><span class='ocrx_word' id='word_1_316' title='bbox 2595 2091 2702 2144; x_wconf 82' lang='lat' dir='ltr'><strong>Kal</strong></span> <span class='ocrx_word' id='word_1_317' title='bbox 2727 2089 2935 2159; x_wconf 78' lang='grc' dir='ltr'><strong>μνήμη</strong></span> <span class='ocrx_word' id='word_1_318' title='bbox 2968 2091 3072 2144; x_wconf 85' lang='grc' dir='ltr'><strong>τοῦ</strong></span> <span class='ocrx_word' id='word_1_319' title='bbox 3098 2092 3269 2159; x_wconf 76' lang='grc' dir='ltr'><strong>ἁγίου</strong></span> <span class='ocrx_word' id='word_1_320' title='bbox 3305 2089 3616 2159; x_wconf 64' lang='grc' dir='ltr'><strong>προφήτου</strong></span> <span class='ocrx_word' id='word_1_321' title='bbox 3660 2088 3888 2145; x_wconf 74' lang='grc' dir='ltr'><em>Ἰωὸἁδ.</em></span> 
     </span>
    </p>
   </div>
   <div class='ocr_carea' id='block_1_49' title="bbox 2523 2216 4040 2289">
    <p class='ocr_par' dir='ltr' id='par_1_49' title="bbox 2523 2216 4040 2289">
     <span class='ocr_line' id='line_1_49' title="bbox 2523 2216 4040 2289; baseline -0.004 -16"><span class='ocrx_word' id='word_1_322' title='bbox 2523 2220 2653 2273; x_wconf 84' lang='grc' dir='ltr'><strong>Ὀτε</strong></span> <span class='ocrx_word' id='word_1_323' title='bbox 2699 2220 3080 2289; x_wconf 81' lang='grc' dir='ltr'><strong>ἁπεστάτησεν</strong></span> <span class='ocrx_word' id='word_1_324' title='bbox 3143 2218 3428 2289; x_wconf 78' lang='grc' dir='ltr'><strong>Ἰεροϐοάμ</strong></span> <span class='ocrx_word' id='word_1_325' title='bbox 3476 2221 3504 2270; x_wconf 93' lang='lat'><strong>6</strong></span> <span class='ocrx_word' id='word_1_326' title='bbox 3557 2217 3741 2277; x_wconf 82' lang='grc' dir='ltr'><strong>δοῦλος</strong></span> <span class='ocrx_word' id='word_1_327' title='bbox 3795 2216 4040 2286; x_wconf 70' lang='grc' dir='ltr'><strong>Ῥοὗοᾶμ</strong></span> 
     </span>
    </p>
   </div>
   <div class='ocr_carea' id='block_1_50' title="bbox 2451 2307 4042 2377">
    <p class='ocr_par' dir='ltr' id='par_1_50' title="bbox 2451 2307 4042 2377">
     <span class='ocr_line' id='line_1_50' title="bbox 2451 2307 4042 2377; baseline 0 -16"><span class='ocrx_word' id='word_1_328' title='bbox 2451 2307 2544 2361; x_wconf 85' lang='grc' dir='ltr'><strong>τοῦ</strong></span> <span class='ocrx_word' id='word_1_329' title='bbox 2581 2309 2697 2361; x_wconf 76' lang='grc' dir='ltr'><strong>υἱοῦ</strong></span> <span class='ocrx_word' id='word_1_330' title='bbox 2736 2309 3084 2377; x_wconf 80' lang='grc' dir='ltr'><strong>Σολομῶντος</strong></span> <span class='ocrx_word' id='word_1_331' title='bbox 3134 2310 3271 2377; x_wconf 72' lang='grc' dir='ltr'><strong>μετὰ</strong></span> <span class='ocrx_word' id='word_1_332' title='bbox 3302 2309 3409 2360; x_wconf 86' lang='grc' dir='ltr'><strong>τῶν</strong></span> <span class='ocrx_word' id='word_1_333' title='bbox 3435 2309 3566 2361; x_wconf 83' lang='grc' dir='ltr'><strong>δέκα</strong></span> <span class='ocrx_word' id='word_1_334' title='bbox 3598 2308 3800 2377; x_wconf 84' lang='grc' dir='ltr'><strong>φυλῶν,</strong></span> <span class='ocrx_word' id='word_1_335' title='bbox 3831 2307 3940 2359; x_wconf 75' lang='grc' dir='ltr'><strong>τῶν</strong></span> <span class='ocrx_word' id='word_1_336' title='bbox 3974 2311 4042 2361; x_wconf 76' lang='grc' dir='ltr'><strong>ἐκ</strong></span> 
     </span>
    </p>
   </div>
   <div class='ocr_carea' id='block_1_51' title="bbox 2448 2401 4044 2471">
    <p class='ocr_par' dir='ltr' id='par_1_51' title="bbox 2448 2401 4044 2471">
     <span class='ocr_line' id='line_1_51' title="bbox 2448 2401 4044 2471; baseline 0.001 -18"><span class='ocrx_word' id='word_1_337' title='bbox 2448 2401 2543 2454; x_wconf 85' lang='grc' dir='ltr'><strong>τοῦ</strong></span> <span class='ocrx_word' id='word_1_338' title='bbox 2585 2403 2756 2456; x_wconf 83' lang='grc' dir='ltr'><strong>Ἰούδα</strong></span> <span class='ocrx_word' id='word_1_339' title='bbox 2787 2405 2879 2456; x_wconf 70' lang='grc' dir='ltr'><strong>καὶ</strong></span> <span class='ocrx_word' id='word_1_340' title='bbox 2914 2403 3010 2455; x_wconf 88' lang='grc' dir='ltr'><strong>τοῦ</strong></span> <span class='ocrx_word' id='word_1_341' title='bbox 3049 2402 3335 2466; x_wconf 70' lang='grc' dir='ltr'><strong>Βενιαμὶν,</strong></span> <span class='ocrx_word' id='word_1_342' title='bbox 3368 2405 3459 2455; x_wconf 72' lang='grc' dir='ltr'><strong>καὶ</strong></span> <span class='ocrx_word' id='word_1_343' title='bbox 3483 2403 3751 2470; x_wconf 75' lang='grc' dir='ltr'><strong>ἀθετήσας</strong></span> <span class='ocrx_word' id='word_1_344' title='bbox 3778 2405 3867 2456; x_wconf 73' lang='grc' dir='ltr'><strong>τὸν</strong></span> <span class='ocrx_word' id='word_1_345' title='bbox 3900 2404 4044 2471; x_wconf 77' lang='grc' dir='ltr'><strong>ἁλη-</strong></span> 
     </span>
    </p>
   </div>
   <div class='ocr_carea' id='block_1_52' title="bbox 2453 2494 4044 2566">
    <p class='ocr_par' dir='ltr' id='par_1_52' title="bbox 2453 2494 4044 2566">
     <span class='ocr_line' id='line_1_52' title="bbox 2453 2494 4044 2566; baseline 0.003 -20"><span class='ocrx_word' id='word_1_346' title='bbox 2453 2494 2596 2547; x_wconf 77' lang='grc' dir='ltr'><strong>θινὸν</strong></span> <span class='ocrx_word' id='word_1_347' title='bbox 2623 2495 2776 2559; x_wconf 77' lang='grc' dir='ltr'><strong>Θεὸν,</strong></span> <span class='ocrx_word' id='word_1_348' title='bbox 2806 2495 3028 2564; x_wconf 76' lang='grc' dir='ltr'><strong>ἐποίησε</strong></span> <span class='ocrx_word' id='word_1_349' title='bbox 3056 2496 3154 2558; x_wconf 75' lang='grc' dir='ltr'><strong>τὰς</strong></span> <span class='ocrx_word' id='word_1_350' title='bbox 3182 2498 3386 2564; x_wconf 78' lang='grc' dir='ltr'><strong>χρυσᾶς</strong></span> <span class='ocrx_word' id='word_1_351' title='bbox 3413 2496 3696 2564; x_wconf 80' lang='grc' dir='ltr'><strong>δαμάλεις,</strong></span> <span class='ocrx_word' id='word_1_352' title='bbox 3728 2499 3818 2549; x_wconf 73' lang='grc' dir='ltr'><strong>καὶ</strong></span> <span class='ocrx_word' id='word_1_353' title='bbox 3857 2515 4044 2566; x_wconf 82' lang='grc' dir='ltr'><strong>προσ-</strong></span> 
     </span>
    </p>
   </div>
   <div class='ocr_carea' id='block_1_53' title="bbox 2452 2585 4038 2657">
    <p class='ocr_par' dir='ltr' id='par_1_53' title="bbox 2452 2585 4038 2657">
     <span class='ocr_line' id='line_1_53' title="bbox 2452 2585 4038 2657; baseline 0.002 -21"><span class='ocrx_word' id='word_1_354' title='bbox 2452 2585 2717 2657; x_wconf 79' lang='grc' dir='ltr'><strong>εκύνησεν</strong></span> <span class='ocrx_word' id='word_1_355' title='bbox 2747 2587 2914 2648; x_wconf 81' lang='grc' dir='ltr'><strong>αὐτὰς</strong></span> <span class='ocrx_word' id='word_1_356' title='bbox 2948 2587 3022 2648; x_wconf 81' lang='grc' dir='ltr'><strong>ὡς</strong></span> <span class='ocrx_word' id='word_1_357' title='bbox 3059 2587 3216 2648; x_wconf 73' lang='grc' dir='ltr'><strong>θεοὺς</strong></span> <span class='ocrx_word' id='word_1_358' title='bbox 3259 2587 3394 2655; x_wconf 75' lang='grc' dir='ltr'><strong>μετᾶ</strong></span> <span class='ocrx_word' id='word_1_359' title='bbox 3432 2588 3526 2639; x_wconf 84' lang='grc' dir='ltr'><strong>τοῦ</strong></span> <span class='ocrx_word' id='word_1_360' title='bbox 3557 2589 3648 2640; x_wconf 73' lang='grc' dir='ltr'><strong>ὑπ’</strong></span> <span class='ocrx_word' id='word_1_361' title='bbox 3679 2588 3842 2640; x_wconf 73' lang='grc' dir='ltr'><strong>αὐτοῦ</strong></span> <span class='ocrx_word' id='word_1_362' title='bbox 3872 2589 4038 2651; x_wconf 87' lang='grc' dir='ltr'><strong>λαοῦ,</strong></span> 
     </span>
    </p>
   </div>
   <div class='ocr_carea' id='block_1_54' title="bbox 2453 2673 4043 2749">
    <p class='ocr_par' dir='ltr' id='par_1_54' title="bbox 2453 2673 4043 2749">
     <span class='ocr_line' id='line_1_54' title="bbox 2453 2673 4043 2749; baseline 0.002 -19"><span class='ocrx_word' id='word_1_363' title='bbox 2453 2679 2733 2746; x_wconf 80' lang='grc' dir='ltr'><strong>ἀπεστάλη</strong></span> <span class='ocrx_word' id='word_1_364' title='bbox 2769 2673 2925 2739; x_wconf 74' lang='grc' dir='ltr'><strong>οὗτος</strong></span> <span class='ocrx_word' id='word_1_365' title='bbox 2968 2681 2995 2732; x_wconf 97' lang='lat'><strong>6</strong></span> <span class='ocrx_word' id='word_1_366' title='bbox 3049 2681 3332 2749; x_wconf 56' lang='grc' dir='ltr'><strong>προφήτης</strong></span> <span class='ocrx_word' id='word_1_367' title='bbox 3387 2681 3450 2733; x_wconf 80' lang='grc' dir='ltr'><strong>ἐκ</strong></span> <span class='ocrx_word' id='word_1_368' title='bbox 3497 2680 3589 2732; x_wconf 90' lang='grc' dir='ltr'><strong>τοῦ</strong></span> <span class='ocrx_word' id='word_1_369' title='bbox 3646 2680 3781 2733; x_wconf 89' lang='grc' dir='ltr'><strong>Θεοῦ</strong></span> <span class='ocrx_word' id='word_1_370' title='bbox 3813 2681 4043 2746; x_wconf 78' lang='grc' dir='ltr'><strong>ἐλέγξαι</strong></span> 
     </span>
    </p>
   </div>
   <div class='ocr_carea' id='block_1_55' title="bbox 2452 2767 4047 2841">
    <p class='ocr_par' dir='ltr' id='par_1_55' title="bbox 2452 2767 4047 2841">
     <span class='ocr_line' id='line_1_55' title="bbox 2452 2767 4047 2841; baseline 0.001 -21"><span class='ocrx_word' id='word_1_371' title='bbox 2452 2769 2634 2820; x_wconf 71' lang='grc' dir='ltr'><strong>αὐτόν.</strong></span> <span class='ocrx_word' id='word_1_372' title='bbox 2707 2769 2981 2822; x_wconf 79' lang='grc' dir='ltr'><strong>’Λπελθὼν</strong></span> <span class='ocrx_word' id='word_1_373' title='bbox 3047 2767 3140 2823; x_wconf 78' lang='grc' dir='ltr'><strong>οῦν</strong></span> <span class='ocrx_word' id='word_1_374' title='bbox 3203 2772 3450 2840; x_wconf 73' lang='grc' dir='ltr'><strong>ἡλεγξεν.</strong></span> <span class='ocrx_word' id='word_1_375' title='bbox 3517 2771 3574 2824; x_wconf 89' lang='grc' dir='ltr'><strong>Ὀ</strong></span> <span class='ocrx_word' id='word_1_376' title='bbox 3629 2772 3683 2824; x_wconf 79' lang='grc' dir='ltr'><strong>δὲ</strong></span> <span class='ocrx_word' id='word_1_377' title='bbox 3750 2772 4047 2841; x_wconf 78' lang='grc' dir='ltr'><strong>Ἰεροὸοέιμ.</strong></span> 
     </span>
    </p>
   </div>
   <div class='ocr_carea' id='block_1_56' title="bbox 2456 2861 4048 2933">
    <p class='ocr_par' dir='ltr' id='par_1_56' title="bbox 2456 2861 4048 2933">
     <span class='ocr_line' id='line_1_56' title="bbox 2456 2861 4048 2933; baseline 0.001 -19"><span class='ocrx_word' id='word_1_378' title='bbox 2456 2861 2711 2926; x_wconf 79' lang='grc' dir='ltr'><strong>ἁπλώσας</strong></span> <span class='ocrx_word' id='word_1_379' title='bbox 2755 2862 2854 2932; x_wconf 76' lang='grc' dir='ltr'><strong>τὴν</strong></span> <span class='ocrx_word' id='word_1_380' title='bbox 2908 2865 3064 2933; x_wconf 77' lang='grc' dir='ltr'><strong>χεῖρα</strong></span> <span class='ocrx_word' id='word_1_381' title='bbox 3114 2862 3282 2929; x_wconf 71' lang='grc' dir='ltr'><strong>τῦψαι</strong></span> <span class='ocrx_word' id='word_1_382' title='bbox 3333 2863 3516 2926; x_wconf 78' lang='grc' dir='ltr'><strong>αὑτὸν,</strong></span> <span class='ocrx_word' id='word_1_383' title='bbox 3563 2864 3807 2916; x_wconf 78' lang='grc' dir='ltr'><strong>κατεῖδεν</strong></span> <span class='ocrx_word' id='word_1_384' title='bbox 3859 2865 4048 2929; x_wconf 72' lang='grc' dir='ltr'><strong>αὐτὴν</strong></span> 
     </span>
    </p>
   </div>
   <div class='ocr_carea' id='block_1_57' title="bbox 2457 2953 4050 3025">
    <p class='ocr_par' dir='ltr' id='par_1_57' title="bbox 2457 2953 4050 3025">
     <span class='ocr_line' id='line_1_57' title="bbox 2457 2953 4050 3025; baseline 0.002 -20"><span class='ocrx_word' id='word_1_385' title='bbox 2457 2953 2646 3022; x_wconf 72' lang='grc' dir='ltr'><strong>ξηρὰν,</strong></span> <span class='ocrx_word' id='word_1_386' title='bbox 2679 2956 2768 3007; x_wconf 71' lang='grc' dir='ltr'><strong>καὶ</strong></span> <span class='ocrx_word' id='word_1_387' title='bbox 2796 2954 3196 3025; x_wconf 75' lang='grc' dir='ltr'><strong>μεταμεληθεὶς</strong></span> <span class='ocrx_word' id='word_1_388' title='bbox 3220 2954 3418 3024; x_wconf 72' lang='grc' dir='ltr'><strong>ἠξίωσε</strong></span> <span class='ocrx_word' id='word_1_389' title='bbox 3447 2954 3537 3006; x_wconf 85' lang='grc' dir='ltr'><strong>τδν</strong></span> <span class='ocrx_word' id='word_1_390' title='bbox 3561 2959 3845 3024; x_wconf 77' lang='grc' dir='ltr'><strong>προφήτην</strong></span> <span class='ocrx_word' id='word_1_391' title='bbox 3870 2957 4050 3024; x_wconf 81' lang='grc' dir='ltr'><strong>θερα-</strong></span> 
     </span>
    </p>
   </div>
   <div class='ocr_carea' id='block_1_58' title="bbox 2457 3045 4050 3118">
    <p class='ocr_par' dir='ltr' id='par_1_58' title="bbox 2457 3045 4050 3118">
     <span class='ocr_line' id='line_1_58' title="bbox 2457 3045 4050 3118; baseline 0.001 -22"><span class='ocrx_word' id='word_1_392' title='bbox 2457 3045 2656 3097; x_wconf 88' lang='grc' dir='ltr'><strong>πεῦσαι</strong></span> <span class='ocrx_word' id='word_1_393' title='bbox 2685 3045 2874 3116; x_wconf 80' lang='grc' dir='ltr'><strong>αὐτὴν,</strong></span> <span class='ocrx_word' id='word_1_394' title='bbox 2901 3048 2992 3097; x_wconf 79' lang='grc' dir='ltr'><strong>καὶ</strong></span> <span class='ocrx_word' id='word_1_395' title='bbox 3021 3047 3181 3098; x_wconf 88' lang='grc' dir='ltr'><strong>τοῦτο</strong></span> <span class='ocrx_word' id='word_1_396' title='bbox 3211 3048 3516 3117; x_wconf 82' lang='grc' dir='ltr'><strong>ποιήσαντα</strong></span> <span class='ocrx_word' id='word_1_397' title='bbox 3553 3048 3897 3118; x_wconf 84' lang='grc' dir='ltr'><strong>παρεκάλεσε</strong></span> <span class='ocrx_word' id='word_1_398' title='bbox 3932 3066 4050 3114; x_wconf 75' lang='grc' dir='ltr'><strong>φα-</strong></span> 
     </span>
    </p>
   </div>
   <div class='ocr_carea' id='block_1_59' title="bbox 2453 3133 4052 3208">
    <p class='ocr_par' dir='ltr' id='par_1_59' title="bbox 2453 3133 4052 3208">
     <span class='ocr_line' id='line_1_59' title="bbox 2453 3133 4052 3208; baseline 0.003 -20"><span class='ocrx_word' id='word_1_399' title='bbox 2453 3138 2572 3202; x_wconf 86' lang='grc' dir='ltr'><strong>γεῖν</strong></span> <span class='ocrx_word' id='word_1_400' title='bbox 2598 3137 2782 3206; x_wconf 78' lang='grc' dir='ltr'><strong>ἄρτον.</strong></span> <span class='ocrx_word' id='word_1_401' title='bbox 2820 3138 2910 3206; x_wconf 79' lang='grc' dir='ltr'><strong>Μὴ</strong></span> <span class='ocrx_word' id='word_1_402' title='bbox 2941 3137 3233 3190; x_wconf 76' lang='grc' dir='ltr'><strong>πεισθέντα</strong></span> <span class='ocrx_word' id='word_1_403' title='bbox 3262 3138 3339 3201; x_wconf 76' lang='grc' dir='ltr'><strong>δὲ,</strong></span> <span class='ocrx_word' id='word_1_404' title='bbox 3382 3138 3541 3190; x_wconf 82' lang='grc' dir='ltr'><strong>τοῦτο</strong></span> <span class='ocrx_word' id='word_1_405' title='bbox 3571 3141 3680 3208; x_wconf 78' lang='grc' dir='ltr'><strong>γάρ</strong></span> <span class='ocrx_word' id='word_1_406' title='bbox 3709 3133 3822 3207; x_wconf 77' lang='grc' dir='ltr'><strong>εἶχε</strong></span> <span class='ocrx_word' id='word_1_407' title='bbox 3863 3141 4052 3207; x_wconf 75' lang='grc' dir='ltr'><strong>πρόσ-</strong></span> 
     </span>
    </p>
   </div>
   <div class='ocr_carea' id='block_1_60' title="bbox 761 3227 2349 3314">
    <p class='ocr_par' dir='ltr' id='par_1_60' title="bbox 761 3228 2348 3298">
     <span class='ocr_line' id='line_1_60' title="bbox 761 3228 2348 3298; baseline -0.004 -15"><span class='ocrx_word' id='word_1_408' title='bbox 761 3233 888 3285; x_wconf 89' lang='lat' dir='ltr'><strong>tenti</strong></span> <span class='ocrx_word' id='word_1_409' title='bbox 920 3246 1046 3284; x_wconf 86' lang='lat' dir='ltr'><strong>vero</strong></span> <span class='ocrx_word' id='word_1_410' title='bbox 1079 3232 1320 3285; x_wconf 89' lang='lat' dir='ltr'><strong>occurrit</strong></span> <span class='ocrx_word' id='word_1_411' title='bbox 1381 3231 1428 3283; x_wconf 90' lang='lat' dir='ltr'><strong>ei</strong></span> <span class='ocrx_word' id='word_1_412' title='bbox 1476 3230 1700 3298; x_wconf 83' lang='lat' dir='ltr'><strong>quidam</strong></span> <span class='ocrx_word' id='word_1_413' title='bbox 1756 3228 2260 3297; x_wconf 79' lang='lat' dir='ltr'><strong>pseudopropheta,</strong></span> <span class='ocrx_word' id='word_1_414' title='bbox 2295 3237 2348 3282; x_wconf 89' lang='lat' dir='ltr'><strong>et</strong></span> 
     </span>
    </p>
   </div>
   <div class='ocr_carea' id='block_1_61' title="bbox 2454 3227 4052 3314">
    <p class='ocr_par' dir='ltr' id='par_1_61' title="bbox 2454 3227 4052 3298">
     <span class='ocr_line' id='line_1_61' title="bbox 2454 3227 4052 3298; baseline 0.002 -18"><span class='ocrx_word' id='word_1_415' title='bbox 2454 3227 2604 3291; x_wconf 82' lang='grc' dir='ltr'><strong>ταξιν</strong></span> <span class='ocrx_word' id='word_1_416' title='bbox 2631 3229 2782 3298; x_wconf 81' lang='grc' dir='ltr'><strong>παρά</strong></span> <span class='ocrx_word' id='word_1_417' title='bbox 2812 3227 2906 3282; x_wconf 84' lang='grc' dir='ltr'><strong>τοῦ</strong></span> <span class='ocrx_word' id='word_1_418' title='bbox 2945 3228 3103 3292; x_wconf 83' lang='grc' dir='ltr'><strong>Θεοῦ,</strong></span> <span class='ocrx_word' id='word_1_419' title='bbox 3147 3231 3509 3296; x_wconf 81' lang='grc' dir='ltr'><strong>ὑπέστρεφεν.</strong></span> <span class='ocrx_word' id='word_1_420' title='bbox 3548 3231 3654 3282; x_wconf 96' lang='lat' dir='ltr'><strong>Kal</strong></span> <span class='ocrx_word' id='word_1_421' title='bbox 3692 3232 4052 3297; x_wconf 79' lang='grc' dir='ltr'><strong>συναντήσας</strong></span> 
     </span>
    </p>
   </div>
   <div class='ocr_carea' id='block_1_62' title="bbox 761 3323 2350 3393">
    <p class='ocr_par' dir='ltr' id='par_1_62' title="bbox 761 3323 2350 3393">
     <span class='ocr_line' id='line_1_62' title="bbox 761 3323 2350 3393; baseline -0.002 -17"><span class='ocrx_word' id='word_1_422' title='bbox 761 3325 934 3393; x_wconf 77' lang='lat' dir='ltr'><strong>coegit</strong></span> <span class='ocrx_word' id='word_1_423' title='bbox 966 3338 1086 3378; x_wconf 90' lang='lat' dir='ltr'><strong>eum</strong></span> <span class='ocrx_word' id='word_1_424' title='bbox 1117 3323 1395 3392; x_wconf 79' lang='lat' dir='ltr'><strong>ingrediiu</strong></span> <span class='ocrx_word' id='word_1_425' title='bbox 1419 3323 1641 3376; x_wconf 90' lang='lat' dir='ltr'><strong>domum</strong></span> <span class='ocrx_word' id='word_1_426' title='bbox 1679 3337 1856 3382; x_wconf 87' lang='lat' dir='ltr'><strong>suam,</strong></span> <span class='ocrx_word' id='word_1_427' title='bbox 1888 3332 1941 3375; x_wconf 90' lang='lat' dir='ltr'><strong>et</strong></span> <span class='ocrx_word' id='word_1_428' title='bbox 1975 3337 2167 3389; x_wconf 88' lang='lat' dir='ltr'><strong>panem</strong></span> <span class='ocrx_word' id='word_1_429' title='bbox 2196 3337 2350 3374; x_wconf 80' lang='lat' dir='ltr'><strong>man-</strong></span> 
     </span>
    </p>
   </div>
   <div class='ocr_carea' id='block_1_63' title="bbox 762 3413 2354 3484">
    <p class='ocr_par' dir='ltr' id='par_1_63' title="bbox 762 3413 2354 3484">
     <span class='ocr_line' id='line_1_63' title="bbox 762 3413 2354 3484; baseline 0.001 -18"><span class='ocrx_word' id='word_1_430' title='bbox 762 3416 981 3469; x_wconf 86' lang='lat' dir='ltr'><strong>ducare.</strong></span> <span class='ocrx_word' id='word_1_431' title='bbox 1013 3413 1242 3482; x_wconf 85' lang='lat' dir='ltr'><strong>Propter</strong></span> <span class='ocrx_word' id='word_1_432' title='bbox 1285 3430 1448 3484; x_wconf 84' lang='lat' dir='ltr'><strong>quam</strong></span> <span class='ocrx_word' id='word_1_433' title='bbox 1483 3415 1951 3482; x_wconf 72' lang='lat' dir='ltr'><strong>trangreSsionem</strong></span> <span class='ocrx_word' id='word_1_434' title='bbox 1981 3429 2277 3468; x_wconf 88' lang='lat' dir='ltr'><strong>occurrens</strong></span> <span class='ocrx_word' id='word_1_435' title='bbox 2303 3413 2354 3468; x_wconf 86' lang='lat' dir='ltr'><strong>ei</strong></span> 
     </span>
    </p>
   </div>
   <div class='ocr_carea' id='block_1_64' title="bbox 763 3501 2352 3572">
    <p class='ocr_par' dir='ltr' id='par_1_64' title="bbox 763 3501 2352 3572">
     <span class='ocr_line' id='line_1_64' title="bbox 763 3501 2352 3572; baseline 0.002 -18"><span class='ocrx_word' id='word_1_436' title='bbox 763 3504 844 3557; x_wconf 90' lang='lat' dir='ltr'><strong>leo</strong></span> <span class='ocrx_word' id='word_1_437' title='bbox 870 3505 922 3556; x_wconf 91' lang='lat' dir='ltr'><strong>in</strong></span> <span class='ocrx_word' id='word_1_438' title='bbox 959 3504 1063 3566; x_wconf 77' lang='lat' dir='ltr'><strong>via,</strong></span> <span class='ocrx_word' id='word_1_439' title='bbox 1104 3505 1302 3557; x_wconf 86' lang='lat' dir='ltr'><strong>occidit</strong></span> <span class='ocrx_word' id='word_1_440' title='bbox 1330 3519 1476 3556; x_wconf 75' lang='lat' dir='ltr'><strong>ouiu.</strong></span> <span class='ocrx_word' id='word_1_441' title='bbox 1513 3501 1668 3568; x_wconf 85' lang='lat' dir='ltr'><strong>Quod</strong></span> <span class='ocrx_word' id='word_1_442' title='bbox 1696 3502 1787 3556; x_wconf 90' lang='lat' dir='ltr'><strong>ubi</strong></span> <span class='ocrx_word' id='word_1_443' title='bbox 1827 3504 2352 3572; x_wconf 87' lang='lat' dir='ltr'><strong>scivitpseudopro-</strong></span> 
     </span>
    </p>
   </div>
   <div class='ocr_carea' id='block_1_65' title="bbox 768 3594 2349 3663">
    <p class='ocr_par' dir='ltr' id='par_1_65' title="bbox 768 3594 2349 3663">
     <span class='ocr_line' id='line_1_65' title="bbox 768 3594 2349 3663; baseline 0.003 -18"><span class='ocrx_word' id='word_1_444' title='bbox 768 3595 949 3663; x_wconf 86' lang='lat' dir='ltr'><strong>pheta,</strong></span> <span class='ocrx_word' id='word_1_445' title='bbox 994 3595 1148 3660; x_wconf 88' lang='lat' dir='ltr'><strong>abiit,</strong></span> <span class='ocrx_word' id='word_1_446' title='bbox 1208 3605 1263 3648; x_wconf 90' lang='lat' dir='ltr'><strong>et</strong></span> <span class='ocrx_word' id='word_1_447' title='bbox 1287 3604 1540 3662; x_wconf 87' lang='lat' dir='ltr'><strong>acceptas</strong></span> <span class='ocrx_word' id='word_1_448' title='bbox 1605 3594 1724 3663; x_wconf 90' lang='lat' dir='ltr'><strong>ejus</strong></span> <span class='ocrx_word' id='word_1_449' title='bbox 1781 3596 2037 3663; x_wconf 81' lang='lat' dir='ltr'><strong>reliquias</strong></span> <span class='ocrx_word' id='word_1_450' title='bbox 2084 3596 2349 3663; x_wconf 87' lang='lat' dir='ltr'><strong>sepelivit.</strong></span> 
     </span>
    </p>
   </div>
   <div class='ocr_carea' id='block_1_66' title="bbox 836 3685 2354 3742">
    <p class='ocr_par' dir='ltr' id='par_1_66' title="bbox 836 3685 2354 3742">
     <span class='ocr_line' id='line_1_66' title="bbox 836 3685 2354 3742; baseline 0.003 -5"><span class='ocrx_word' id='word_1_451' title='bbox 836 3685 900 3738; x_wconf 86' lang='lat' dir='ltr'><strong>Et</strong></span> <span class='ocrx_word' id='word_1_452' title='bbox 929 3689 1378 3740; x_wconf 87' lang='lat' dir='ltr'><strong>commemoratio</strong></span> <span class='ocrx_word' id='word_1_453' title='bbox 1413 3686 1588 3739; x_wconf 88' lang='lat' dir='ltr'><strong>sancti</strong></span> <span class='ocrx_word' id='word_1_454' title='bbox 1652 3685 1829 3742; x_wconf 83' lang='lat' dir='ltr'><strong>Patris</strong></span> <span class='ocrx_word' id='word_1_455' title='bbox 1893 3687 2071 3742; x_wconf 87' lang='lat' dir='ltr'><strong>nostri</strong></span> <span class='ocrx_word' id='word_1_456' title='bbox 2124 3685 2354 3742; x_wconf 75' lang='lat' dir='ltr'><strong>Joannis</strong></span> 
     </span>
    </p>
   </div>
   <div class='ocr_carea' id='block_1_67' title="bbox 763 3774 1645 3847">
    <p class='ocr_par' dir='ltr' id='par_1_67' title="bbox 763 3774 1645 3847">
     <span class='ocr_line' id='line_1_67' title="bbox 763 3774 1645 3847; baseline 0.003 -19"><span class='ocrx_word' id='word_1_457' title='bbox 763 3775 1088 3845; x_wconf 77' lang='lat' dir='ltr'><strong>patriarcha:</strong></span> <span class='ocrx_word' id='word_1_458' title='bbox 1120 3774 1645 3847; x_wconf 67' lang='lat' dir='ltr'><strong>Hierosolymorum.</strong></span> 
     </span>
    </p>
   </div>
   <div class='ocr_carea' id='block_1_68' title="bbox 1312 4103 1829 4160">
    <p class='ocr_par' dir='ltr' id='par_1_68' title="bbox 1312 4103 1829 4160">
     <span class='ocr_line' id='line_1_68' title="bbox 1312 4103 1829 4160; baseline 0 -2"><span class='ocrx_word' id='word_1_459' title='bbox 1312 4103 1545 4160; x_wconf 83' lang='lat' dir='ltr'><strong>EODEM</strong></span> <span class='ocrx_word' id='word_1_460' title='bbox 1577 4104 1829 4160; x_wconf 82' lang='lat' dir='ltr'><strong>MENSE.</strong></span> 
     </span>
    </p>
   </div>
   <div class='ocr_carea' id='block_1_69' title="bbox 1221 4233 1890 4306">
    <p class='ocr_par' dir='ltr' id='par_1_69' title="bbox 1221 4233 1890 4306">
     <span class='ocr_line' id='line_1_69' title="bbox 1221 4233 1890 4306; baseline 0.003 -19"><span class='ocrx_word' id='word_1_461' title='bbox 1221 4233 1321 4290; x_wconf 91' lang='lat' dir='ltr'><strong>Die</strong></span> <span class='ocrx_word' id='word_1_462' title='bbox 1351 4235 1627 4291; x_wconf 87' lang='lat' dir='ltr'><strong>tricesima</strong></span> <span class='ocrx_word' id='word_1_463' title='bbox 1690 4236 1890 4306; x_wconf 88' lang='lat' dir='ltr'><strong>prima.</strong></span> 
     </span>
    </p>
   </div>
   <div class='ocr_carea' id='block_1_70' title="bbox 769 4363 2355 4435">
    <p class='ocr_par' dir='ltr' id='par_1_70' title="bbox 769 4363 2355 4435">
     <span class='ocr_line' id='line_1_70' title="bbox 769 4363 2355 4435; baseline -0.001 -15"><span class='ocrx_word' id='word_1_464' title='bbox 769 4364 1051 4420; x_wconf 71' lang='lat' dir='ltr'><strong>Certamen</strong></span> <span class='ocrx_word' id='word_1_465' title='bbox 1095 4377 1401 4435; x_wconf 72' lang='lat' dir='ltr'><strong>sanctarum</strong></span> <span class='ocrx_word' id='word_1_466' title='bbox 1462 4375 1758 4435; x_wconf 79' lang='lat' dir='ltr'><strong>martyrum</strong></span> <span class='ocrx_word' id='word_1_467' title='bbox 1816 4363 1981 4418; x_wconf 77' lang='lat' dir='ltr'><strong>Abda:</strong></span> <span class='ocrx_word' id='word_1_468' title='bbox 2027 4363 2278 4433; x_wconf 80' lang='lat' dir='ltr'><strong>episcopi,</strong></span> <span class='ocrx_word' id='word_1_469' title='bbox 2303 4373 2355 4418; x_wconf 82' lang='lat' dir='ltr'><strong>et</strong></span> 
     </span>
    </p>
   </div>
   <div class='ocr_carea' id='block_1_71' title="bbox 1263 4433 1855 4502">
    <p class='ocr_par' dir='ltr' id='par_1_71' title="bbox 1263 4433 1855 4502">
     <span class='ocr_line' id='line_1_71' title="bbox 1263 4433 1855 4502; baseline 0.003 -16"><span class='ocrx_word' id='word_1_470' title='bbox 1263 4433 1568 4502; x_wconf 81' lang='lat' dir='ltr'><strong>Benjamini</strong></span> <span class='ocrx_word' id='word_1_471' title='bbox 1611 4433 1855 4488; x_wconf 39' lang='lat' dir='ltr'><strong>‘diaconi.</strong></span> 
     </span>
    </p>
   </div>
   <div class='ocr_carea' id='block_1_72' title="bbox 2457 3320 4052 3390">
    <p class='ocr_par' dir='ltr' id='par_1_72' title="bbox 2457 3320 4052 3390">
     <span class='ocr_line' id='line_1_72' title="bbox 2457 3320 4052 3390; baseline 0.001 -18"><span class='ocrx_word' id='word_1_472' title='bbox 2457 3320 2603 3388; x_wconf 81' lang='grc' dir='ltr'><strong>αύτῷ</strong></span> <span class='ocrx_word' id='word_1_473' title='bbox 2631 3320 3084 3390; x_wconf 76' lang='grc' dir='ltr'><strong>ψευδοπροφήτης</strong></span> <span class='ocrx_word' id='word_1_474' title='bbox 3113 3338 3214 3382; x_wconf 81' lang='grc' dir='ltr'><strong>τις,</strong></span> <span class='ocrx_word' id='word_1_475' title='bbox 3245 3322 3556 3389; x_wconf 72' lang='grc' dir='ltr'><strong>ἠνάγκασεν</strong></span> <span class='ocrx_word' id='word_1_476' title='bbox 3583 3322 3740 3375; x_wconf 73' lang='grc' dir='ltr'><strong>αὑτὸν</strong></span> <span class='ocrx_word' id='word_1_477' title='bbox 3772 3321 4052 3373; x_wconf 76' lang='grc' dir='ltr'><strong>εἰσελθεῖν</strong></span> 
     </span>
    </p>
   </div>
   <div class='ocr_carea' id='block_1_73' title="bbox 2457 3407 4055 3484">
    <p class='ocr_par' dir='ltr' id='par_1_73' title="bbox 2457 3407 4055 3484">
     <span class='ocr_line' id='line_1_73' title="bbox 2457 3407 4055 3484; baseline 0.003 -21"><span class='ocrx_word' id='word_1_478' title='bbox 2457 3412 2535 3472; x_wconf 88' lang='grc' dir='ltr'><strong>είς</strong></span> <span class='ocrx_word' id='word_1_479' title='bbox 2565 3412 2656 3462; x_wconf 81' lang='grc' dir='ltr'><strong>τὸν</strong></span> <span class='ocrx_word' id='word_1_480' title='bbox 2683 3407 2830 3463; x_wconf 75' lang='grc' dir='ltr'><strong>οἷκον</strong></span> <span class='ocrx_word' id='word_1_481' title='bbox 2873 3412 3061 3472; x_wconf 77' lang='grc' dir='ltr'><strong>αὐτοῦ.</strong></span> <span class='ocrx_word' id='word_1_482' title='bbox 3102 3415 3192 3466; x_wconf 73' lang='grc' dir='ltr'><strong>καὶ</strong></span> <span class='ocrx_word' id='word_1_483' title='bbox 3235 3416 3428 3481; x_wconf 76' lang='grc' dir='ltr'><strong>φαγεῖν</strong></span> <span class='ocrx_word' id='word_1_484' title='bbox 3458 3415 3642 3484; x_wconf 78' lang='grc' dir='ltr'><strong>ἄρτον.</strong></span> <span class='ocrx_word' id='word_1_485' title='bbox 3681 3415 3788 3467; x_wconf 88' lang='lat' dir='ltr'><strong>Kal</strong></span> <span class='ocrx_word' id='word_1_486' title='bbox 3815 3415 3904 3467; x_wconf 75' lang='grc' dir='ltr'><strong>διὰ</strong></span> <span class='ocrx_word' id='word_1_487' title='bbox 3941 3416 4055 3484; x_wconf 80' lang='grc' dir='ltr'><strong>τὴν</strong></span> 
     </span>
    </p>
   </div>
   <div class='ocr_carea' id='block_1_74' title="bbox 2454 3503 4054 3576">
    <p class='ocr_par' dir='ltr' id='par_1_74' title="bbox 2454 3503 4054 3576">
     <span class='ocr_line' id='line_1_74' title="bbox 2454 3503 4054 3576; baseline 0.003 -20"><span class='ocrx_word' id='word_1_488' title='bbox 2454 3503 2708 3571; x_wconf 84' lang='grc' dir='ltr'><strong>τοιαύτην</strong></span> <span class='ocrx_word' id='word_1_489' title='bbox 2753 3505 3068 3573; x_wconf 78' lang='grc' dir='ltr'><strong>παράϐασιν</strong></span> <span class='ocrx_word' id='word_1_490' title='bbox 3115 3508 3454 3575; x_wconf 83' lang='grc' dir='ltr'><strong>συναντήσας</strong></span> <span class='ocrx_word' id='word_1_491' title='bbox 3514 3507 3664 3576; x_wconf 79' lang='grc' dir='ltr'><strong>αὐτῷ</strong></span> <span class='ocrx_word' id='word_1_492' title='bbox 3715 3509 3854 3560; x_wconf 85' lang='grc' dir='ltr'><strong>λέων</strong></span> <span class='ocrx_word' id='word_1_493' title='bbox 3912 3510 4054 3561; x_wconf 82' lang='grc' dir='ltr'><strong>καθ’</strong></span> 
     </span>
    </p>
   </div>
   <div class='ocr_carea' id='block_1_75' title="bbox 2455 3597 4056 3669">
    <p class='ocr_par' dir='ltr' id='par_1_75' title="bbox 2455 3597 4056 3669">
     <span class='ocr_line' id='line_1_75' title="bbox 2455 3597 4056 3669; baseline 0.002 -19"><span class='ocrx_word' id='word_1_494' title='bbox 2455 3597 2590 3659; x_wconf 85' lang='grc' dir='ltr'><strong>ὁδὸν,</strong></span> <span class='ocrx_word' id='word_1_495' title='bbox 2619 3597 2960 3651; x_wconf 78' lang='grc' dir='ltr'><strong>ἐθανάτωσεν</strong></span> <span class='ocrx_word' id='word_1_496' title='bbox 2989 3598 3172 3651; x_wconf 77' lang='grc' dir='ltr'><strong>αὐτόν.</strong></span> <span class='ocrx_word' id='word_1_497' title='bbox 3213 3601 3319 3652; x_wconf 84' lang='lat' dir='ltr'><strong>Kal</strong></span> <span class='ocrx_word' id='word_1_498' title='bbox 3349 3599 3508 3652; x_wconf 81' lang='grc' dir='ltr'><strong>τοῦτο</strong></span> <span class='ocrx_word' id='word_1_499' title='bbox 3553 3599 3737 3668; x_wconf 87' lang='grc' dir='ltr'><strong>μαθὼν</strong></span> <span class='ocrx_word' id='word_1_500' title='bbox 3781 3604 3808 3652; x_wconf 87' lang='lat'><strong>6</strong></span> <span class='ocrx_word' id='word_1_501' title='bbox 3837 3600 4056 3669; x_wconf 75' lang='grc' dir='ltr'><strong>ψευδο-</strong></span> 
     </span>
    </p>
   </div>
   <div class='ocr_carea' id='block_1_76' title="bbox 2456 3691 4054 3762">
    <p class='ocr_par' dir='ltr' id='par_1_76' title="bbox 2456 3691 4054 3762">
     <span class='ocr_line' id='line_1_76' title="bbox 2456 3691 4054 3762; baseline 0.003 -21"><span class='ocrx_word' id='word_1_502' title='bbox 2456 3691 2768 3758; x_wconf 60' lang='grc' dir='ltr'><strong>προφήτης,</strong></span> <span class='ocrx_word' id='word_1_503' title='bbox 2812 3691 3064 3744; x_wconf 81' lang='grc' dir='ltr'><strong>ἀπελθὼν</strong></span> <span class='ocrx_word' id='word_1_504' title='bbox 3095 3692 3189 3744; x_wconf 74' lang='grc' dir='ltr'><strong>καὶ</strong></span> <span class='ocrx_word' id='word_1_505' title='bbox 3239 3691 3422 3746; x_wconf 82' lang='grc' dir='ltr'><strong>λαὸὼν</strong></span> <span class='ocrx_word' id='word_1_506' title='bbox 3462 3694 3523 3745; x_wconf 82' lang='grc' dir='ltr'><strong>τὸ</strong></span> <span class='ocrx_word' id='word_1_507' title='bbox 3551 3692 3800 3761; x_wconf 75' lang='grc' dir='ltr'><strong>λείψανον</strong></span> <span class='ocrx_word' id='word_1_508' title='bbox 3839 3693 4054 3762; x_wconf 78' lang='grc' dir='ltr'><strong>αὐτοῦ,</strong></span> 
     </span>
    </p>
   </div>
   <div class='ocr_carea' id='block_1_77' title="bbox 2457 3780 2678 3849">
    <p class='ocr_par' dir='ltr' id='par_1_77' title="bbox 2457 3780 2678 3849">
     <span class='ocr_line' id='line_1_77' title="bbox 2457 3780 2678 3849; baseline 0.009 -17"><span class='ocrx_word' id='word_1_509' title='bbox 2457 3780 2678 3849; x_wconf 74' lang='grc' dir='ltr'><strong>ἔθαψεν.</strong></span> 
     </span>
    </p>
   </div>
   <div class='ocr_carea' id='block_1_78' title="bbox 2528 3869 4060 3942">
    <p class='ocr_par' dir='ltr' id='par_1_78' title="bbox 2528 3869 4060 3942">
     <span class='ocr_line' id='line_1_78' title="bbox 2528 3869 4060 3942; baseline 0.003 -20"><span class='ocrx_word' id='word_1_510' title='bbox 2528 3871 2637 3922; x_wconf 86' lang='lat' dir='ltr'><strong>Kal</strong></span> <span class='ocrx_word' id='word_1_511' title='bbox 2669 3871 2860 3940; x_wconf 86' lang='grc' dir='ltr'><strong>μνήμη</strong></span> <span class='ocrx_word' id='word_1_512' title='bbox 2891 3869 2984 3922; x_wconf 84' lang='grc' dir='ltr'><strong>τοῦ</strong></span> <span class='ocrx_word' id='word_1_513' title='bbox 3009 3870 3158 3922; x_wconf 76' lang='grc' dir='ltr'><strong>ὁσίου</strong></span> <span class='ocrx_word' id='word_1_514' title='bbox 3200 3871 3410 3941; x_wconf 72' lang='grc' dir='ltr'><strong>[ἰατρὸς</strong></span> <span class='ocrx_word' id='word_1_515' title='bbox 3442 3871 3598 3942; x_wconf 78' lang='grc' dir='ltr'><strong>ἡμῶν</strong></span> <span class='ocrx_word' id='word_1_516' title='bbox 3644 3871 3886 3925; x_wconf 78' lang='grc' dir='ltr'><strong>Ἰωάννου</strong></span> <span class='ocrx_word' id='word_1_517' title='bbox 3936 3889 4060 3926; x_wconf 80' lang='grc' dir='ltr'><strong>πα-</strong></span> 
     </span>
    </p>
   </div>
   <div class='ocr_carea' id='block_1_79' title="bbox 2455 3964 3168 4036">
    <p class='ocr_par' dir='ltr' id='par_1_79' title="bbox 2455 3964 3168 4036">
     <span class='ocr_line' id='line_1_79' title="bbox 2455 3964 3168 4036; baseline 0.001 -20"><span class='ocrx_word' id='word_1_518' title='bbox 2455 3979 2487 4016; x_wconf 86' lang='grc' dir='ltr'><strong>τ</strong></span> <span class='ocrx_word' id='word_1_519' title='bbox 2492 3964 2582 4033; x_wconf 91' lang='grc' dir='ltr'><strong>ριά</strong></span> <span class='ocrx_word' id='word_1_520' title='bbox 2589 3980 2718 4033; x_wconf 85' lang='grc' dir='ltr'><strong>ρχου</strong></span> <span class='ocrx_word' id='word_1_521' title='bbox 2760 3964 2823 4016; x_wconf 88' lang='grc' dir='ltr'><strong>Ὶε</strong></span> <span class='ocrx_word' id='word_1_522' title='bbox 2833 3965 3023 4036; x_wconf 84' lang='grc' dir='ltr'><strong>ροσολύ</strong></span> <span class='ocrx_word' id='word_1_523' title='bbox 3033 3984 3168 4035; x_wconf 91' lang='grc' dir='ltr'><strong>μων.</strong></span> 
     </span>
    </p>
   </div>
   <div class='ocr_carea' id='block_1_80' title="bbox 2981 4097 3534 4164">
    <p class='ocr_par' dir='ltr' id='par_1_80' title="bbox 2981 4097 3534 4164">
     <span class='ocr_line' id='line_1_80' title="bbox 2981 4097 3534 4164; baseline 0.004 -14"><span class='ocrx_word' id='word_1_524' title='bbox 2981 4097 3159 4150; x_wconf 75' lang='lat' dir='ltr'><strong>MHNI</strong></span> <span class='ocrx_word' id='word_1_525' title='bbox 3204 4097 3290 4164; x_wconf 84' lang='grc' dir='ltr'><strong>Τῼ</strong></span> <span class='ocrx_word' id='word_1_526' title='bbox 3330 4097 3534 4163; x_wconf 68' lang='lat' dir='ltr'><strong>arra.</strong></span> 
     </span>
    </p>
   </div>
   <div class='ocr_carea' id='block_1_81' title="bbox 3184 4224 3311 4281">
    <p class='ocr_par' dir='ltr' id='par_1_81' title="bbox 3184 4224 3311 4281">
     <span class='ocr_line' id='line_1_81' title="bbox 3184 4224 3311 4281; baseline -0.008 0"><span class='ocrx_word' id='word_1_527' title='bbox 3184 4224 3311 4281; x_wconf 61' lang='grc' dir='ltr'><strong>ΛΜ.</strong></span> 
     </span>
    </p>
   </div>
   <div class='ocr_carea' id='block_1_82' title="bbox 2459 4353 4069 4426">
    <p class='ocr_par' dir='ltr' id='par_1_82' title="bbox 2459 4353 4069 4426">
     <span class='ocr_line' id='line_1_82' title="bbox 2459 4353 4069 4426; baseline 0 -15"><span class='ocrx_word' id='word_1_528' title='bbox 2459 4358 2745 4426; x_wconf 74' lang='grc' dir='ltr'><strong>Ἀθλησις</strong></span> <span class='ocrx_word' id='word_1_529' title='bbox 2767 4357 2885 4410; x_wconf 80' lang='grc' dir='ltr'><strong>τῶν</strong></span> <span class='ocrx_word' id='word_1_530' title='bbox 2923 4357 3106 4425; x_wconf 73' lang='grc' dir='ltr'><strong>ἁγίων</strong></span> <span class='ocrx_word' id='word_1_531' title='bbox 3121 4356 3443 4426; x_wconf 70' lang='grc' dir='ltr'><strong>μαρτύρων·</strong></span> <span class='ocrx_word' id='word_1_532' title='bbox 3470 4353 3650 4426; x_wconf 54' lang='grc' dir='ltr'><strong>ξΑόδᾶ</strong></span> <span class='ocrx_word' id='word_1_533' title='bbox 3673 4354 4069 4424; x_wconf 71' lang='grc' dir='ltr'><strong>ἐπισκόπου,</strong></span> 
     </span>
    </p>
   </div>
   <div class='ocr_carea' id='block_1_83' title="bbox 2866 4425 3610 4496">
    <p class='ocr_par' dir='ltr' id='par_1_83' title="bbox 2866 4425 3610 4496">
     <span class='ocr_line' id='line_1_83' title="bbox 2866 4425 3610 4496; baseline 0.001 -16"><span class='ocrx_word' id='word_1_534' title='bbox 2866 4429 2962 4480; x_wconf 72' lang='grc' dir='ltr'><strong>καὶ</strong></span> <span class='ocrx_word' id='word_1_535' title='bbox 2994 4429 3276 4496; x_wconf 73' lang='grc' dir='ltr'><strong>Βενιαμὶν</strong></span> <span class='ocrx_word' id='word_1_536' title='bbox 3303 4425 3610 4481; x_wconf 76' lang='grc' dir='ltr'><strong>διακόνου.</strong></span> 
     </span>
    </p>
   </div>
   <div class='ocr_carea' id='block_1_84' title="bbox 838 4555 2349 4647">
    <p class='ocr_par' dir='ltr' id='par_1_84' title="bbox 838 4564 2346 4636">
     <span class='ocr_line' id='line_1_84' title="bbox 838 4564 2346 4636; baseline -0.003 -14"><span class='ocrx_word' id='word_1_537' title='bbox 838 4568 935 4623; x_wconf 84' lang='lat' dir='ltr'><strong>Hic</strong></span> <span class='ocrx_word' id='word_1_538' title='bbox 964 4568 1271 4623; x_wconf 85' lang='lat' dir='ltr'><strong>Theodosio</strong></span> <span class='ocrx_word' id='word_1_539' title='bbox 1297 4567 1518 4622; x_wconf 86' lang='lat' dir='ltr'><strong>.Iuniore</strong></span> <span class='ocrx_word' id='word_1_540' title='bbox 1551 4568 1853 4636; x_wconf 83' lang='lat' dir='ltr'><strong>imperante</strong></span> <span class='ocrx_word' id='word_1_541' title='bbox 1888 4564 2112 4619; x_wconf 83' lang='lat' dir='ltr'><strong>ﬂorebat</strong></span> <span class='ocrx_word' id='word_1_542' title='bbox 2144 4566 2196 4618; x_wconf 92' lang='lat' dir='ltr'><strong>in</strong></span> <span class='ocrx_word' id='word_1_543' title='bbox 2225 4573 2346 4618; x_wconf 84' lang='lat' dir='ltr'><strong>t’er-</strong></span> 
     </span>
    </p>
   </div>
   <div class='ocr_carea' id='block_1_85' title="bbox 2454 4555 4078 4647">
    <p class='ocr_par' dir='ltr' id='par_1_85' title="bbox 2527 4555 4078 4632">
     <span class='ocr_line' id='line_1_85' title="bbox 2527 4555 4078 4632; baseline -0.001 -18"><span class='ocrx_word' id='word_1_544' title='bbox 2527 4555 2697 4623; x_wconf 74' lang='grc' dir='ltr'><strong>Οὖτος</strong></span> <span class='ocrx_word' id='word_1_545' title='bbox 2728 4555 2796 4632; x_wconf 78' lang='grc' dir='ltr'><strong>ἦν</strong></span> <span class='ocrx_word' id='word_1_546' title='bbox 2826 4560 2916 4612; x_wconf 72' lang='grc' dir='ltr'><strong>ἐπὶ</strong></span> <span class='ocrx_word' id='word_1_547' title='bbox 2944 4559 3042 4628; x_wconf 83' lang='grc' dir='ltr'><strong>τῆς</strong></span> <span class='ocrx_word' id='word_1_548' title='bbox 3086 4559 3364 4627; x_wconf 76' lang='grc' dir='ltr'><strong>βασιλείας</strong></span> <span class='ocrx_word' id='word_1_549' title='bbox 3401 4556 3681 4610; x_wconf 74' lang='grc' dir='ltr'><strong>Θεοδοσίου</strong></span> <span class='ocrx_word' id='word_1_550' title='bbox 3709 4555 3803 4608; x_wconf 83' lang='grc' dir='ltr'><strong>τοῦ</strong></span> <span class='ocrx_word' id='word_1_551' title='bbox 3839 4559 4078 4628; x_wconf 70' lang='grc' dir='ltr'><strong>μικροῦ</strong></span> 
     </span>
    </p>
   </div>
   <div class='ocr_carea' id='block_1_86' title="bbox 771 4659 2346 4729">
    <p class='ocr_par' dir='ltr' id='par_1_86' title="bbox 771 4659 2346 4729">
     <span class='ocr_line' id='line_1_86' title="bbox 771 4659 2346 4729; baseline -0.004 -12"><span class='ocrx_word' id='word_1_552' title='bbox 771 4662 911 4718; x_wconf 79' lang='lat' dir='ltr'><strong>side.</strong></span> <span class='ocrx_word' id='word_1_553' title='bbox 954 4661 1244 4729; x_wconf 85' lang='lat' dir='ltr'><strong>Postquam</strong></span> <span class='ocrx_word' id='word_1_554' title='bbox 1269 4670 1450 4714; x_wconf 84' lang='lat' dir='ltr'><strong>autem</strong></span> <span class='ocrx_word' id='word_1_555' title='bbox 1483 4660 1740 4728; x_wconf 90' lang='lat' dir='ltr'><strong>templum</strong></span> <span class='ocrx_word' id='word_1_556' title='bbox 1776 4659 1915 4728; x_wconf 89' lang='lat' dir='ltr'><strong>Ignis</strong></span> <span class='ocrx_word' id='word_1_557' title='bbox 1955 4659 2166 4718; x_wconf 77' lang='lat' dir='ltr'><strong>evertit,</strong></span> <span class='ocrx_word' id='word_1_558' title='bbox 2197 4673 2346 4712; x_wconf 86' lang='lat' dir='ltr'><strong>com-</strong></span> 
     </span>
    </p>
   </div>
   <div class='ocr_carea' id='block_1_87' title="bbox 768 4751 2352 4823">
    <p class='ocr_par' dir='ltr' id='par_1_87' title="bbox 768 4751 2352 4823">
     <span class='ocr_line' id='line_1_87' title="bbox 768 4751 2352 4823; baseline -0.003 -17"><span class='ocrx_word' id='word_1_559' title='bbox 768 4755 1069 4823; x_wconf 83' lang='lat' dir='ltr'><strong>prehensus</strong></span> <span class='ocrx_word' id='word_1_560' title='bbox 1099 4765 1204 4817; x_wconf 88' lang='lat' dir='ltr'><strong>est,</strong></span> <span class='ocrx_word' id='word_1_561' title='bbox 1239 4764 1300 4806; x_wconf 84' lang='lat' dir='ltr'><strong>et</strong></span> <span class='ocrx_word' id='word_1_562' title='bbox 1336 4753 1401 4806; x_wconf 89' lang='lat' dir='ltr'><strong>ad</strong></span> <span class='ocrx_word' id='word_1_563' title='bbox 1465 4767 1644 4820; x_wconf 90' lang='lat' dir='ltr'><strong>regem</strong></span> <span class='ocrx_word' id='word_1_564' title='bbox 1680 4752 1990 4806; x_wconf 81' lang='lat' dir='ltr'><strong>adducms:</strong></span> <span class='ocrx_word' id='word_1_565' title='bbox 2050 4751 2141 4818; x_wconf 90' lang='lat' dir='ltr'><strong>qui</strong></span> <span class='ocrx_word' id='word_1_566' title='bbox 2179 4751 2352 4817; x_wconf 88' lang='lat' dir='ltr'><strong>primo</strong></span> 
     </span>
    </p>
   </div>
   <div class='ocr_carea' id='block_1_88' title="bbox 767 4840 2351 4911">
    <p class='ocr_par' dir='ltr' id='par_1_88' title="bbox 767 4840 2351 4911">
     <span class='ocr_line' id='line_1_88' title="bbox 767 4840 2351 4911; baseline -0.002 -16"><span class='ocrx_word' id='word_1_567' title='bbox 767 4842 989 4911; x_wconf 88' lang='lat' dir='ltr'><strong>quidem</strong></span> <span class='ocrx_word' id='word_1_568' title='bbox 1031 4857 1228 4911; x_wconf 87' lang='lat' dir='ltr'><strong>magna</strong></span> <span class='ocrx_word' id='word_1_569' title='bbox 1260 4857 1384 4895; x_wconf 92' lang='lat' dir='ltr'><strong>cum</strong></span> <span class='ocrx_word' id='word_1_570' title='bbox 1437 4840 1663 4894; x_wconf 90' lang='lat' dir='ltr'><strong>lenitate</strong></span> <span class='ocrx_word' id='word_1_571' title='bbox 1689 4841 1854 4909; x_wconf 68' lang='lat' dir='ltr'><strong>{illum</strong></span> <span class='ocrx_word' id='word_1_572' title='bbox 1899 4841 2221 4893; x_wconf 83' lang='lat' dir='ltr'><strong>adhortatus</strong></span> <span class='ocrx_word' id='word_1_573' title='bbox 2250 4849 2351 4902; x_wconf 88' lang='lat' dir='ltr'><strong>est,</strong></span> 
     </span>
    </p>
   </div>
   <div class='ocr_carea' id='block_1_89' title="bbox 768 4931 2352 5002">
    <p class='ocr_par' dir='ltr' id='par_1_89' title="bbox 768 4931 2352 5002">
     <span class='ocr_line' id='line_1_89' title="bbox 768 4931 2352 5002; baseline -0.003 -14"><span class='ocrx_word' id='word_1_574' title='bbox 768 4945 828 4988; x_wconf 88' lang='lat' dir='ltr'><strong>ut</strong></span> <span class='ocrx_word' id='word_1_575' title='bbox 852 4934 1109 5002; x_wconf 88' lang='lat' dir='ltr'><strong>templum</strong></span> <span class='ocrx_word' id='word_1_576' title='bbox 1160 4934 1533 4987; x_wconf 71' lang='lat' dir='ltr'><strong>reaedilicaret.</strong></span> <span class='ocrx_word' id='word_1_577' title='bbox 1570 4932 1674 4985; x_wconf 86' lang='lat' dir='ltr'><strong>Sed</strong></span> <span class='ocrx_word' id='word_1_578' title='bbox 1733 4948 1857 4986; x_wconf 90' lang='lat' dir='ltr'><strong>cum</strong></span> <span class='ocrx_word' id='word_1_579' title='bbox 1915 4933 1961 4986; x_wconf 91' lang='lat' dir='ltr'><strong>is</strong></span> <span class='ocrx_word' id='word_1_580' title='bbox 2015 4932 2132 4985; x_wconf 74' lang='lat' dir='ltr'><strong>ﬁeri</strong></span> <span class='ocrx_word' id='word_1_581' title='bbox 2160 4931 2211 4984; x_wconf 86' lang='lat' dir='ltr'><strong>id</strong></span> <span class='ocrx_word' id='word_1_582' title='bbox 2243 4946 2352 4984; x_wconf 90' lang='lat' dir='ltr'><strong>non</strong></span> 
     </span>
    </p>
   </div>
   <div class='ocr_carea' id='block_1_90' title="bbox 768 5023 2353 5093">
    <p class='ocr_par' dir='ltr' id='par_1_90' title="bbox 768 5023 2353 5093">
     <span class='ocr_line' id='line_1_90' title="bbox 768 5023 2353 5093; baseline -0.001 -15"><span class='ocrx_word' id='word_1_583' title='bbox 768 5038 932 5093; x_wconf 85' lang='lat' dir='ltr'><strong>posse</strong></span> <span class='ocrx_word' id='word_1_584' title='bbox 957 5023 1208 5088; x_wconf 74' lang='lat' dir='ltr'><strong>dixisset,</strong></span> <span class='ocrx_word' id='word_1_585' title='bbox 1269 5025 1440 5078; x_wconf 87' lang='lat' dir='ltr'><strong>misso</strong></span> <span class='ocrx_word' id='word_1_586' title='bbox 1497 5024 1754 5077; x_wconf 89' lang='lat' dir='ltr'><strong>mandato</strong></span> <span class='ocrx_word' id='word_1_587' title='bbox 1793 5040 1982 5077; x_wconf 72' lang='lat' dir='ltr'><strong>omnes</strong></span> <span class='ocrx_word' id='word_1_588' title='bbox 2013 5025 2353 5078; x_wconf 73' lang='lat' dir='ltr'><strong>Christiano-</strong></span> 
     </span>
    </p>
   </div>
   <div class='ocr_carea' id='block_1_91' title="bbox 767 5116 2357 5182">
    <p class='ocr_par' dir='ltr' id='par_1_91' title="bbox 767 5116 2357 5182">
     <span class='ocr_line' id='line_1_91' title="bbox 767 5116 2357 5182; baseline 0 -13"><span class='ocrx_word' id='word_1_589' title='bbox 767 5132 890 5169; x_wconf 85' lang='lat' dir='ltr'><strong>rum</strong></span> <span class='ocrx_word' id='word_1_590' title='bbox 922 5117 1184 5170; x_wconf 86' lang='lat' dir='ltr'><strong>ecclesias</strong></span> <span class='ocrx_word' id='word_1_591' title='bbox 1208 5117 1502 5171; x_wconf 81' lang='lat' dir='ltr'><strong>destruxit.</strong></span> <span class='ocrx_word' id='word_1_592' title='bbox 1541 5116 1675 5170; x_wconf 85' lang='lat' dir='ltr'><strong>Hinc</strong></span> <span class='ocrx_word' id='word_1_593' title='bbox 1717 5130 1846 5170; x_wconf 79' lang='lat' dir='ltr'><strong>vero</strong></span> <span class='ocrx_word' id='word_1_594' title='bbox 1892 5117 2105 5170; x_wconf 89' lang='lat' dir='ltr'><strong>initium</strong></span> <span class='ocrx_word' id='word_1_595' title='bbox 2150 5117 2357 5182; x_wconf 83' lang='lat' dir='ltr'><strong>accepit</strong></span> 
     </span>
    </p>
   </div>
   <div class='ocr_carea' id='block_1_92' title="bbox 775 5207 2354 5278">
    <p class='ocr_par' dir='ltr' id='par_1_92' title="bbox 775 5207 2354 5278">
     <span class='ocr_line' id='line_1_92' title="bbox 775 5207 2354 5278; baseline -0.001 -18"><span class='ocrx_word' id='word_1_596' title='bbox 775 5209 1086 5278; x_wconf 83' lang='lat' dir='ltr'><strong>persecutio</strong></span> <span class='ocrx_word' id='word_1_597' title='bbox 1117 5209 1381 5262; x_wconf 85' lang='lat' dir='ltr'><strong>adversus</strong></span> <span class='ocrx_word' id='word_1_598' title='bbox 1440 5208 1806 5272; x_wconf 85' lang='lat' dir='ltr'><strong>Christianos,</strong></span> <span class='ocrx_word' id='word_1_599' title='bbox 1849 5223 1955 5277; x_wconf 89' lang='lat' dir='ltr'><strong>qua</strong></span> <span class='ocrx_word' id='word_1_600' title='bbox 1988 5207 2166 5260; x_wconf 90' lang='lat' dir='ltr'><strong>omnis</strong></span> <span class='ocrx_word' id='word_1_601' title='bbox 2224 5207 2354 5260; x_wconf 88' lang='lat' dir='ltr'><strong>lide-</strong></span> 
     </span>
    </p>
   </div>
   <div class='ocr_carea' id='block_1_93' title="bbox 771 5300 2351 5367">
    <p class='ocr_par' dir='ltr' id='par_1_93' title="bbox 771 5300 2351 5367">
     <span class='ocr_line' id='line_1_93' title="bbox 771 5300 2351 5367; baseline -0.002 -14"><span class='ocrx_word' id='word_1_602' title='bbox 771 5300 903 5353; x_wconf 91' lang='lat' dir='ltr'><strong>lium</strong></span> <span class='ocrx_word' id='word_1_603' title='bbox 939 5308 1067 5353; x_wconf 74' lang='lat' dir='ltr'><strong>aetas</strong></span> <span class='ocrx_word' id='word_1_604' title='bbox 1121 5301 1292 5354; x_wconf 88' lang='lat' dir='ltr'><strong>variis</strong></span> <span class='ocrx_word' id='word_1_605' title='bbox 1352 5301 1636 5354; x_wconf 89' lang='lat' dir='ltr'><strong>tormentis</strong></span> <span class='ocrx_word' id='word_1_606' title='bbox 1675 5301 1891 5354; x_wconf 84' lang='lat' dir='ltr'><strong>sublata</strong></span> <span class='ocrx_word' id='word_1_607' title='bbox 1943 5309 2026 5353; x_wconf 90' lang='lat' dir='ltr'><strong>est</strong></span> <span class='ocrx_word' id='word_1_608' title='bbox 2065 5317 2076 5351; x_wconf 96' lang='lat'>:</span> <span class='ocrx_word' id='word_1_609' title='bbox 2115 5313 2351 5367; x_wconf 89' lang='lat' dir='ltr'><strong>quorum</strong></span> 
     </span>
    </p>
   </div>
   <div class='ocr_carea' id='block_1_94' title="bbox 774 5390 2350 5462">
    <p class='ocr_par' dir='ltr' id='par_1_94' title="bbox 774 5390 2350 5462">
     <span class='ocr_line' id='line_1_94' title="bbox 774 5390 2350 5462; baseline 0.001 -18"><span class='ocrx_word' id='word_1_610' title='bbox 774 5390 983 5460; x_wconf 87' lang='lat' dir='ltr'><strong>primus</strong></span> <span class='ocrx_word' id='word_1_611' title='bbox 1050 5392 1434 5446; x_wconf 84' lang='lat' dir='ltr'><strong>sanctissimus</strong></span> <span class='ocrx_word' id='word_1_612' title='bbox 1468 5390 1876 5462; x_wconf 79' lang='lat' dir='ltr'><strong>Abdas&#39;gladio</strong></span> <span class='ocrx_word' id='word_1_613' title='bbox 1936 5393 2101 5445; x_wconf 86' lang='lat' dir='ltr'><strong>vitam</strong></span> <span class='ocrx_word' id='word_1_614' title='bbox 2157 5392 2350 5445; x_wconf 83' lang='lat' dir='ltr'><strong>ﬁnivit.</strong></span> 
     </span>
    </p>
   </div>
   <div class='ocr_carea' id='block_1_95' title="bbox 770 5477 2356 5548">
    <p class='ocr_par' dir='ltr' id='par_1_95' title="bbox 770 5477 2356 5548">
     <span class='ocr_line' id='line_1_95' title="bbox 770 5477 2356 5548; baseline 0.001 -17"><span class='ocrx_word' id='word_1_615' title='bbox 770 5477 970 5534; x_wconf 84' lang='lat' dir='ltr'><strong>Deinde</strong></span> <span class='ocrx_word' id='word_1_616' title='bbox 985 5495 1079 5548; x_wconf 89' lang='lat' dir='ltr'><strong>per</strong></span> <span class='ocrx_word' id='word_1_617' title='bbox 1096 5495 1267 5534; x_wconf 88' lang='lat' dir='ltr'><strong>annos</strong></span> <span class='ocrx_word' id='word_1_618' title='bbox 1280 5480 1520 5548; x_wconf 83' lang='lat' dir='ltr'><strong>integros</strong></span> <span class='ocrx_word' id='word_1_619' title='bbox 1533 5479 1750 5548; x_wconf 77' lang='lat' dir='ltr'><strong>triginta</strong></span> <span class='ocrx_word' id='word_1_620' title='bbox 1776 5481 1927 5535; x_wconf 91' lang='lat' dir='ltr'><strong>multi</strong></span> <span class='ocrx_word' id='word_1_621' title='bbox 1945 5482 2190 5534; x_wconf 89' lang='lat' dir='ltr'><strong>claruere</strong></span> <span class='ocrx_word' id='word_1_622' title='bbox 2209 5497 2356 5533; x_wconf 88' lang='lat' dir='ltr'><strong>mar-</strong></span> 
     </span>
    </p>
   </div>
   <div class='ocr_carea' id='block_1_96' title="bbox 771 5571 2351 5642">
    <p class='ocr_par' dir='ltr' id='par_1_96' title="bbox 771 5571 2351 5642">
     <span class='ocr_line' id='line_1_96' title="bbox 771 5571 2351 5642; baseline 0 -18"><span class='ocrx_word' id='word_1_623' title='bbox 771 5579 936 5641; x_wconf 81' lang='lat' dir='ltr'><strong>tyres,</strong></span> <span class='ocrx_word' id='word_1_624' title='bbox 958 5587 1021 5625; x_wconf 77' lang='lat' dir='ltr'><strong>ex</strong></span> <span class='ocrx_word' id='word_1_625' title='bbox 1061 5573 1260 5641; x_wconf 90' lang='lat' dir='ltr'><strong>quibus</strong></span> <span class='ocrx_word' id='word_1_626' title='bbox 1292 5571 1402 5642; x_wconf 76' lang='lat'><strong>38</strong></span> <span class='ocrx_word' id='word_1_627' title='bbox 1431 5582 1586 5627; x_wconf 89' lang='lat' dir='ltr'><strong>erant</strong></span> <span class='ocrx_word' id='word_1_628' title='bbox 1616 5572 1716 5624; x_wconf 87' lang='lat' dir='ltr'><strong>viri</strong></span> <span class='ocrx_word' id='word_1_629' title='bbox 1747 5573 2060 5639; x_wconf 85' lang='lat' dir='ltr'><strong>locupletes,</strong></span> <span class='ocrx_word' id='word_1_630' title='bbox 2094 5572 2184 5640; x_wconf 84' lang='lat' dir='ltr'><strong>qui</strong></span> <span class='ocrx_word' id='word_1_631' title='bbox 2226 5580 2351 5642; x_wconf 90' lang='lat' dir='ltr'><strong>post</strong></span> 
     </span>
    </p>
   </div>
   <div class='ocr_carea' id='block_1_97' title="bbox 771 5663 2347 5734">
    <p class='ocr_par' dir='ltr' id='par_1_97' title="bbox 771 5663 2347 5734">
     <span class='ocr_line' id='line_1_97' title="bbox 771 5663 2347 5734; baseline 0.001 -18"><span class='ocrx_word' id='word_1_632' title='bbox 771 5664 955 5717; x_wconf 78' lang='lat' dir='ltr'><strong>varios</strong></span> <span class='ocrx_word' id='word_1_633' title='bbox 976 5667 1249 5719; x_wconf 86' lang='lat' dir='ltr'><strong>cruciatus</strong></span> <span class='ocrx_word' id='word_1_634' title='bbox 1273 5666 1446 5734; x_wconf 90' lang='lat' dir='ltr'><strong>capite</strong></span> <span class='ocrx_word' id='word_1_635' title='bbox 1474 5666 1614 5734; x_wconf 82' lang='lat' dir='ltr'><strong>plexi</strong></span> <span class='ocrx_word' id='word_1_636' title='bbox 1638 5677 1786 5720; x_wconf 87' lang='lat' dir='ltr'><strong>sunt.</strong></span> <span class='ocrx_word' id='word_1_637' title='bbox 1824 5665 1978 5720; x_wconf 91' lang='lat' dir='ltr'><strong>Tunc</strong></span> <span class='ocrx_word' id='word_1_638' title='bbox 2017 5675 2181 5719; x_wconf 79' lang='lat' dir='ltr'><strong>etiam</strong></span> <span class='ocrx_word' id='word_1_639' title='bbox 2213 5663 2347 5718; x_wconf 63' lang='lat' dir='ltr'><strong>Ben-</strong></span> 
     </span>
    </p>
   </div>
   <div class='ocr_carea' id='block_1_98' title="bbox 768 5753 2350 5827">
    <p class='ocr_par' dir='ltr' id='par_1_98' title="bbox 768 5753 2350 5827">
     <span class='ocr_line' id='line_1_98' title="bbox 768 5753 2350 5827; baseline 0.001 -20"><span class='ocrx_word' id='word_1_640' title='bbox 768 5753 942 5822; x_wconf 90' lang='lat' dir='ltr'><strong>jamin</strong></span> <span class='ocrx_word' id='word_1_641' title='bbox 977 5755 1260 5822; x_wconf 85' lang='lat' dir='ltr'><strong>diaconus,</strong></span> <span class='ocrx_word' id='word_1_642' title='bbox 1303 5765 1592 5827; x_wconf 87' lang='lat' dir='ltr'><strong>postquam</strong></span> <span class='ocrx_word' id='word_1_643' title='bbox 1623 5757 1808 5826; x_wconf 79' lang='lat' dir='ltr'><strong>viginti</strong></span> <span class='ocrx_word' id='word_1_644' title='bbox 1839 5767 2028 5812; x_wconf 89' lang='lat' dir='ltr'><strong>acutas</strong></span> <span class='ocrx_word' id='word_1_645' title='bbox 2055 5756 2350 5811; x_wconf 87' lang='lat' dir='ltr'><strong>arundines</strong></span> 
     </span>
    </p>
   </div>
   <div class='ocr_carea' id='block_1_99' title="bbox 771 5849 2352 5925">
    <p class='ocr_par' dir='ltr' id='par_1_99' title="bbox 771 5849 2352 5925">
     <span class='ocr_line' id='line_1_99' title="bbox 771 5849 2352 5925; baseline 0 -19"><span class='ocrx_word' id='word_1_646' title='bbox 771 5851 916 5911; x_wconf 86' lang='lat' dir='ltr'><strong>inter</strong></span> <span class='ocrx_word' id='word_1_647' title='bbox 951 5868 1160 5925; x_wconf 84' lang='lat' dir='ltr'><strong>ungues</strong></span> <span class='ocrx_word' id='word_1_648' title='bbox 1192 5853 1385 5910; x_wconf 82' lang='lat' dir='ltr'><strong>inlixas</strong></span> <span class='ocrx_word' id='word_1_649' title='bbox 1415 5849 1735 5923; x_wconf 64' lang='lat' dir='ltr'><strong>accepisset,</strong></span> <span class='ocrx_word' id='word_1_650' title='bbox 1793 5852 2065 5923; x_wconf 86' lang='lat' dir='ltr'><strong>aliamque</strong></span> <span class='ocrx_word' id='word_1_651' title='bbox 2098 5852 2149 5906; x_wconf 93' lang='lat' dir='ltr'><strong>in</strong></span> <span class='ocrx_word' id='word_1_652' title='bbox 2178 5867 2352 5908; x_wconf 86' lang='lat' dir='ltr'><strong>mem-</strong></span> 
     </span>
    </p>
   </div>
   <div class='ocr_carea' id='block_1_100' title="bbox 2455 4646 4076 4722">
    <p class='ocr_par' dir='ltr' id='par_1_100' title="bbox 2455 4646 4076 4722">
     <span class='ocr_line' id='line_1_100' title="bbox 2455 4646 4076 4722; baseline -0.006 -17"><span class='ocrx_word' id='word_1_653' title='bbox 2455 4654 2512 4704; x_wconf 87' lang='grc' dir='ltr'><strong>ὲν</strong></span> <span class='ocrx_word' id='word_1_654' title='bbox 2563 4652 2811 4722; x_wconf 80' lang='grc' dir='ltr'><strong>Περσίδι·</strong></span> <span class='ocrx_word' id='word_1_655' title='bbox 2861 4650 2955 4704; x_wconf 78' lang='grc' dir='ltr'><strong>καὶ</strong></span> <span class='ocrx_word' id='word_1_656' title='bbox 2989 4653 3109 4703; x_wconf 77' lang='grc' dir='ltr'><strong>ἐπεὶ</strong></span> <span class='ocrx_word' id='word_1_657' title='bbox 3143 4651 3405 4706; x_wconf 70' lang='grc' dir='ltr'><strong>κατέλυσε</strong></span> <span class='ocrx_word' id='word_1_658' title='bbox 3431 4649 3524 4701; x_wconf 81' lang='grc' dir='ltr'><strong>τὸν</strong></span> <span class='ocrx_word' id='word_1_659' title='bbox 3547 4648 3670 4700; x_wconf 79' lang='grc' dir='ltr'><strong>ναὸν</strong></span> <span class='ocrx_word' id='word_1_660' title='bbox 3695 4646 3788 4698; x_wconf 82' lang='grc' dir='ltr'><strong>τοῦ</strong></span> <span class='ocrx_word' id='word_1_661' title='bbox 3827 4648 4033 4716; x_wconf 51' lang='lat' dir='ltr'><strong>Harpe;</strong></span> <span class='ocrx_word' id='word_1_662' title='bbox 4055 4691 4076 4712; x_wconf 77' lang='lat'><strong>,</strong></span> 
     </span>
    </p>
   </div>
   <div class='ocr_carea' id='block_1_101' title="bbox 2455 4741 4084 4815">
    <p class='ocr_par' dir='ltr' id='par_1_101' title="bbox 2455 4741 4084 4815">
     <span class='ocr_line' id='line_1_101' title="bbox 2455 4741 4084 4815; baseline -0.003 -17"><span class='ocrx_word' id='word_1_663' title='bbox 2455 4745 2753 4815; x_wconf 74' lang='grc' dir='ltr'><strong>ἐκρατήθη,</strong></span> <span class='ocrx_word' id='word_1_664' title='bbox 2796 4745 2888 4797; x_wconf 76' lang='grc' dir='ltr'><strong>καὶ</strong></span> <span class='ocrx_word' id='word_1_665' title='bbox 2941 4743 3222 4813; x_wconf 80' lang='grc' dir='ltr'><strong>προσήχθη</strong></span> <span class='ocrx_word' id='word_1_666' title='bbox 3277 4741 3354 4810; x_wconf 79' lang='grc' dir='ltr'><strong>τῷ</strong></span> <span class='ocrx_word' id='word_1_667' title='bbox 3387 4741 3616 4809; x_wconf 84' lang='grc' dir='ltr'><strong>βασιλεῖ.</strong></span> <span class='ocrx_word' id='word_1_668' title='bbox 3664 4741 3774 4794; x_wconf 78' lang='grc' dir='ltr'><strong>Καὶ</strong></span> <span class='ocrx_word' id='word_1_669' title='bbox 3819 4741 4084 4809; x_wconf 74' lang='grc' dir='ltr'><strong>πρῶτον</strong></span> 
     </span>
    </p>
   </div>
   <div class='ocr_carea' id='block_1_102' title="bbox 2461 4826 4086 4908">
    <p class='ocr_par' dir='ltr' id='par_1_102' title="bbox 2461 4826 4086 4908">
     <span class='ocr_line' id='line_1_102' title="bbox 2461 4826 4086 4908; baseline -0.002 -18"><span class='ocrx_word' id='word_1_670' title='bbox 2461 4839 2558 4908; x_wconf 76' lang='grc' dir='ltr'><strong>μὲν</strong></span> <span class='ocrx_word' id='word_1_671' title='bbox 2595 4839 2732 4906; x_wconf 76' lang='grc' dir='ltr'><strong>μετὰ</strong></span> <span class='ocrx_word' id='word_1_672' title='bbox 2761 4826 3065 4906; x_wconf 75' lang='grc' dir='ltr'><strong>πρᾳότητος</strong></span> <span class='ocrx_word' id='word_1_673' title='bbox 3102 4834 3402 4904; x_wconf 77' lang='grc' dir='ltr'><strong>παρεκάλει</strong></span> <span class='ocrx_word' id='word_1_674' title='bbox 3431 4834 3591 4886; x_wconf 74' lang='grc' dir='ltr'><strong>αὑτὸν</strong></span> <span class='ocrx_word' id='word_1_675' title='bbox 3620 4833 4086 4901; x_wconf 70' lang='grc' dir='ltr'><strong>ἀνοικοδομῆσαι</strong></span> 
     </span>
    </p>
   </div>
   <div class='ocr_carea' id='block_1_103' title="bbox 2455 4920 4090 4993">
    <p class='ocr_par' dir='ltr' id='par_1_103' title="bbox 2455 4920 4090 4993">
     <span class='ocr_line' id='line_1_103' title="bbox 2455 4920 4090 4993; baseline -0.002 -11"><span class='ocrx_word' id='word_1_676' title='bbox 2455 4930 2546 4982; x_wconf 79' lang='grc' dir='ltr'><strong>τὸν</strong></span> <span class='ocrx_word' id='word_1_677' title='bbox 2569 4929 2696 4981; x_wconf 84' lang='grc' dir='ltr'><strong>ναόν</strong></span> <span class='ocrx_word' id='word_1_678' title='bbox 2717 4945 2728 4957; x_wconf 92' lang='grc'><strong>·</strong></span> <span class='ocrx_word' id='word_1_679' title='bbox 2763 4928 2855 4980; x_wconf 90' lang='grc' dir='ltr'><strong>τοῦ</strong></span> <span class='ocrx_word' id='word_1_680' title='bbox 2885 4927 2942 4980; x_wconf 68' lang='grc' dir='ltr'><strong>δε</strong></span> <span class='ocrx_word' id='word_1_681' title='bbox 2976 4926 3240 4979; x_wconf 85' lang='grc' dir='ltr'><strong>ἀδύνατον</strong></span> <span class='ocrx_word' id='word_1_682' title='bbox 3265 4920 3404 4978; x_wconf 87' lang='grc' dir='ltr'><strong>εἶναι</strong></span> <span class='ocrx_word' id='word_1_683' title='bbox 3433 4925 3703 4993; x_wconf 82' lang='grc' dir='ltr'><strong>λέγοντος,</strong></span> <span class='ocrx_word' id='word_1_684' title='bbox 3738 4925 3928 4988; x_wconf 79' lang='grc' dir='ltr'><strong>πάσας</strong></span> <span class='ocrx_word' id='word_1_685' title='bbox 3952 4929 4090 4990; x_wconf 74' lang='grc' dir='ltr'><strong>τὰς</strong></span> 
     </span>
    </p>
   </div>
   <div class='ocr_carea' id='block_1_104' title="bbox 2457 5017 4081 5090">
    <p class='ocr_par' dir='ltr' id='par_1_104' title="bbox 2457 5017 4081 5090">
     <span class='ocr_line' id='line_1_104' title="bbox 2457 5017 4081 5090; baseline -0.001 -18"><span class='ocrx_word' id='word_1_686' title='bbox 2457 5022 2756 5090; x_wconf 81' lang='grc' dir='ltr'><strong>ἐκκλησίας</strong></span> <span class='ocrx_word' id='word_1_687' title='bbox 2809 5021 2917 5072; x_wconf 82' lang='grc' dir='ltr'><strong>τῶν</strong></span> <span class='ocrx_word' id='word_1_688' title='bbox 2964 5019 3308 5090; x_wconf 85' lang='grc' dir='ltr'><strong>Χριστιανῶν</strong></span> <span class='ocrx_word' id='word_1_689' title='bbox 3363 5017 3690 5078; x_wconf 68' lang='grc' dir='ltr'><strong>ἀποστείλας</strong></span> <span class='ocrx_word' id='word_1_690' title='bbox 3745 5017 4081 5074; x_wconf 65' lang='grc' dir='ltr'><strong>κατέλυσε.</strong></span> 
     </span>
    </p>
   </div>
   <div class='ocr_carea' id='block_1_105' title="bbox 2458 5091 4094 5191">
    <p class='ocr_par' dir='ltr' id='par_1_105' title="bbox 2458 5091 4094 5191">
     <span class='ocr_line' id='line_1_105' title="bbox 2458 5091 4094 5191; baseline -0.001 -29"><span class='ocrx_word' id='word_1_691' title='bbox 2458 5110 2570 5162; x_wconf 79' lang='grc' dir='ltr'><strong>Καὶ</strong></span> <span class='ocrx_word' id='word_1_692' title='bbox 2623 5111 2879 5171; x_wconf 77' lang='grc' dir='ltr'><strong>λαίόντος</strong></span> <span class='ocrx_word' id='word_1_693' title='bbox 2938 5108 3112 5177; x_wconf 27' lang='grc' dir='ltr'><strong>ἀρχδὴν</strong></span> <span class='ocrx_word' id='word_1_694' title='bbox 3173 5108 3268 5159; x_wconf 84' lang='grc' dir='ltr'><strong>τοῦ</strong></span> <span class='ocrx_word' id='word_1_695' title='bbox 3321 5109 3460 5191; x_wconf 68' lang='grc' dir='ltr'><strong>κατὰ</strong></span> <span class='ocrx_word' id='word_1_696' title='bbox 3523 5091 3630 5159; x_wconf 75' lang='grc' dir='ltr'><strong>τῶν</strong></span> <span class='ocrx_word' id='word_1_697' title='bbox 3691 5107 4094 5176; x_wconf 58' lang='grc' dir='ltr'><strong>Χριστιατδῷν</strong></span> 
     </span>
    </p>
   </div>
   <div class='ocr_carea' id='block_1_106' title="bbox 2458 5198 4094 5270">
    <p class='ocr_par' dir='ltr' id='par_1_106' title="bbox 2458 5198 4094 5270">
     <span class='ocr_line' id='line_1_106' title="bbox 2458 5198 4094 5270; baseline 0 -16"><span class='ocrx_word' id='word_1_698' title='bbox 2458 5201 2725 5270; x_wconf 77' lang='grc' dir='ltr'><strong>διωγμοῦ,</strong></span> <span class='ocrx_word' id='word_1_699' title='bbox 2756 5202 2905 5253; x_wconf 82' lang='grc' dir='ltr'><strong>πᾶσα</strong></span> <span class='ocrx_word' id='word_1_700' title='bbox 2944 5201 3130 5268; x_wconf 74' lang='grc' dir='ltr'><strong>ἡλικία</strong></span> <span class='ocrx_word' id='word_1_701' title='bbox 3170 5200 3446 5270; x_wconf 76' lang='grc' dir='ltr'><strong>διαφόροις</strong></span> <span class='ocrx_word' id='word_1_702' title='bbox 3474 5199 3762 5268; x_wconf 83' lang='grc' dir='ltr'><strong>τιμωρίαις</strong></span> <span class='ocrx_word' id='word_1_703' title='bbox 3799 5198 4094 5266; x_wconf 71' lang='grc' dir='ltr'><strong>ὲξεῦερξο</strong></span> 
     </span>
    </p>
   </div>
   <div class='ocr_carea' id='block_1_107' title="bbox 2460 5287 4093 5362">
    <p class='ocr_par' dir='ltr' id='par_1_107' title="bbox 2460 5287 4093 5362">
     <span class='ocr_line' id='line_1_107' title="bbox 2460 5287 4093 5362; baseline 0 -18"><span class='ocrx_word' id='word_1_704' title='bbox 2460 5293 2602 5358; x_wconf 79' lang='grc' dir='ltr'><strong>ζετο,</strong></span> <span class='ocrx_word' id='word_1_705' title='bbox 2631 5287 2704 5346; x_wconf 83' lang='grc' dir='ltr'><strong>ὧν</strong></span> <span class='ocrx_word' id='word_1_706' title='bbox 2728 5293 2938 5361; x_wconf 80' lang='grc' dir='ltr'><strong>πρῶτος</strong></span> <span class='ocrx_word' id='word_1_707' title='bbox 2962 5293 3107 5361; x_wconf 78' lang='grc' dir='ltr'><strong>ξέφει</strong></span> <span class='ocrx_word' id='word_1_708' title='bbox 3129 5292 3418 5362; x_wconf 83' lang='grc' dir='ltr'><strong>ἐτελειώθη</strong></span> <span class='ocrx_word' id='word_1_709' title='bbox 3441 5295 3467 5344; x_wconf 90' lang='lat'><strong>6</strong></span> <span class='ocrx_word' id='word_1_710' title='bbox 3493 5292 3784 5361; x_wconf 76' lang='grc' dir='ltr'><strong>ἱερώτατος</strong></span> <span class='ocrx_word' id='word_1_711' title='bbox 3821 5292 4055 5348; x_wconf 71' lang='grc' dir='ltr'><strong>ἈδδΞς</strong></span> <span class='ocrx_word' id='word_1_712' title='bbox 4073 5337 4093 5349; x_wconf 87' lang='grc'><strong>,</strong></span> 
     </span>
    </p>
   </div>
   <div class='ocr_carea' id='block_1_108' title="bbox 2463 5384 4103 5457">
    <p class='ocr_par' dir='ltr' id='par_1_108' title="bbox 2463 5384 4103 5457">
     <span class='ocr_line' id='line_1_108' title="bbox 2463 5384 4103 5457; baseline -0.002 -17"><span class='ocrx_word' id='word_1_713' title='bbox 2463 5389 2695 5440; x_wconf 81' lang='grc' dir='ltr'><strong>Ἔπειτα</strong></span> <span class='ocrx_word' id='word_1_714' title='bbox 2737 5391 2794 5439; x_wconf 86' lang='grc' dir='ltr'><strong>ὲν</strong></span> <span class='ocrx_word' id='word_1_715' title='bbox 2824 5387 2964 5450; x_wconf 69' lang='grc' dir='ltr'><strong>ὅλοις</strong></span> <span class='ocrx_word' id='word_1_716' title='bbox 2993 5389 3290 5457; x_wconf 86' lang='grc' dir='ltr'><strong>τριάκοντα</strong></span> <span class='ocrx_word' id='word_1_717' title='bbox 3337 5387 3481 5438; x_wconf 76' lang='grc' dir='ltr'><strong>ἔτεσι</strong></span> <span class='ocrx_word' id='word_1_718' title='bbox 3525 5384 3712 5437; x_wconf 75' lang='grc' dir='ltr'><strong>πολλοὶ</strong></span> <span class='ocrx_word' id='word_1_719' title='bbox 3763 5385 4103 5452; x_wconf 71' lang='grc' dir='ltr'><strong>μάρτυρες</strong></span> 
     </span>
    </p>
   </div>
   <div class='ocr_carea' id='block_1_109' title="bbox 2460 5473 4103 5548">
    <p class='ocr_par' dir='ltr' id='par_1_109' title="bbox 2460 5473 4103 5548">
     <span class='ocr_line' id='line_1_109' title="bbox 2460 5473 4103 5548; baseline -0.001 -16"><span class='ocrx_word' id='word_1_720' title='bbox 2460 5479 2883 5548; x_wconf 81' lang='grc' dir='ltr'><strong>ἀπεδείχθησαν,</strong></span> <span class='ocrx_word' id='word_1_721' title='bbox 2934 5477 2992 5544; x_wconf 75' lang='grc' dir='ltr'>ἐξ</span> <span class='ocrx_word' id='word_1_722' title='bbox 3042 5473 3117 5530; x_wconf 81' lang='grc' dir='ltr'><strong>ὧν</strong></span> <span class='ocrx_word' id='word_1_723' title='bbox 3160 5473 3300 5548; x_wconf 86' lang='grc' dir='ltr'><strong>ἦσαν</strong></span> <span class='ocrx_word' id='word_1_724' title='bbox 3347 5477 3537 5546; x_wconf 73' lang='grc' dir='ltr'><strong>ἄνδρες</strong></span> <span class='ocrx_word' id='word_1_725' title='bbox 3565 5475 3832 5532; x_wconf 67' lang='grc' dir='ltr'><strong>πλούσιοι,</strong></span> <span class='ocrx_word' id='word_1_726' title='bbox 3864 5478 3915 5526; x_wconf 80' lang='grc' dir='ltr'><strong>οἱ</strong></span> <span class='ocrx_word' id='word_1_727' title='bbox 3955 5493 4103 5531; x_wconf 71' lang='lat' dir='ltr'><strong>x2:</strong></span> 
     </span>
    </p>
   </div>
   <div class='ocr_carea' id='block_1_110' title="bbox 2466 5567 4104 5641">
    <p class='ocr_par' dir='ltr' id='par_1_110' title="bbox 2466 5567 4104 5641">
     <span class='ocr_line' id='line_1_110' title="bbox 2466 5567 4104 5641; baseline -0.002 -16"><span class='ocrx_word' id='word_1_728' title='bbox 2466 5574 2604 5641; x_wconf 79' lang='grc' dir='ltr'><strong>μετᾶ</strong></span> <span class='ocrx_word' id='word_1_729' title='bbox 2651 5572 2850 5634; x_wconf 78' lang='grc' dir='ltr'><strong>πολλὰς</strong></span> <span class='ocrx_word' id='word_1_730' title='bbox 2897 5572 2991 5632; x_wconf 76' lang='grc' dir='ltr'><strong>τὰς</strong></span> <span class='ocrx_word' id='word_1_731' title='bbox 3027 5570 3295 5639; x_wconf 85' lang='grc' dir='ltr'><strong>βασάνους</strong></span> <span class='ocrx_word' id='word_1_732' title='bbox 3345 5567 3891 5636; x_wconf 78' lang='grc' dir='ltr'><strong>ἀπεκεφαλίσθησαν.</strong></span> <span class='ocrx_word' id='word_1_733' title='bbox 3937 5569 4104 5626; x_wconf 60' lang='grc' dir='ltr'><strong>Καὶ</strong></span> 
     </span>
    </p>
   </div>
   <div class='ocr_carea' id='block_1_111' title="bbox 2462 5659 4104 5733">
    <p class='ocr_par' dir='ltr' id='par_1_111' title="bbox 2462 5659 4104 5733">
     <span class='ocr_line' id='line_1_111' title="bbox 2462 5659 4104 5733; baseline -0.005 -13"><span class='ocrx_word' id='word_1_734' title='bbox 2462 5666 2721 5733; x_wconf 73' lang='grc' dir='ltr'><strong>Βενιαμὶν</strong></span> <span class='ocrx_word' id='word_1_735' title='bbox 2756 5670 2782 5718; x_wconf 90' lang='grc' dir='ltr'>ὁ</span> <span class='ocrx_word' id='word_1_736' title='bbox 2823 5666 3090 5727; x_wconf 78' lang='grc' dir='ltr'><strong>διάκονος,</strong></span> <span class='ocrx_word' id='word_1_737' title='bbox 3120 5663 3177 5726; x_wconf 80' lang='grc' dir='ltr'><strong>ὃς</strong></span> <span class='ocrx_word' id='word_1_738' title='bbox 3209 5663 3491 5730; x_wconf 88' lang='grc' dir='ltr'><strong>καλάμους</strong></span> <span class='ocrx_word' id='word_1_739' title='bbox 3521 5660 3661 5725; x_wconf 76' lang='grc' dir='ltr'><strong>ὀξεῖς</strong></span> <span class='ocrx_word' id='word_1_740' title='bbox 3687 5659 3868 5711; x_wconf 76' lang='grc' dir='ltr'><strong>εἴκοσι</strong></span> <span class='ocrx_word' id='word_1_741' title='bbox 3903 5667 4104 5717; x_wconf 66' lang='grc' dir='ltr'><strong>κατὰ</strong></span> 
     </span>
    </p>
   </div>
   <div class='ocr_carea' id='block_1_112' title="bbox 2463 5751 4104 5826">
    <p class='ocr_par' dir='ltr' id='par_1_112' title="bbox 2463 5751 4104 5826">
     <span class='ocr_line' id='line_1_112' title="bbox 2463 5751 4104 5826; baseline -0.002 -17"><span class='ocrx_word' id='word_1_742' title='bbox 2463 5758 2568 5809; x_wconf 79' lang='grc' dir='ltr'><strong>τῶν</strong></span> <span class='ocrx_word' id='word_1_743' title='bbox 2597 5756 2802 5826; x_wconf 78' lang='grc' dir='ltr'><strong>ὀνύχων</strong></span> <span class='ocrx_word' id='word_1_744' title='bbox 2831 5755 3142 5826; x_wconf 77' lang='grc' dir='ltr'><strong>δεξάμενος,</strong></span> <span class='ocrx_word' id='word_1_745' title='bbox 3173 5754 3267 5806; x_wconf 71' lang='grc' dir='ltr'><strong>καὶ</strong></span> <span class='ocrx_word' id='word_1_746' title='bbox 3293 5753 3450 5807; x_wconf 81' lang='grc' dir='ltr'><strong>ἄλλον</strong></span> <span class='ocrx_word' id='word_1_747' title='bbox 3490 5751 3737 5821; x_wconf 87' lang='grc' dir='ltr'><strong>κάλαμον</strong></span> <span class='ocrx_word' id='word_1_748' title='bbox 3773 5751 3921 5803; x_wconf 72' lang='grc' dir='ltr'><strong>κατὰ</strong></span> <span class='ocrx_word' id='word_1_749' title='bbox 3953 5757 4104 5811; x_wconf 63' lang='grc' dir='ltr'><strong>’ςῡῦ</strong></span> 
     </span>
    </p>
   </div>
   <div class='ocr_carea' id='block_1_113' title="bbox 2466 5841 4104 5918">
    <p class='ocr_par' dir='ltr' id='par_1_113' title="bbox 2466 5841 4104 5918">
     <span class='ocr_line' id='line_1_113' title="bbox 2466 5841 4104 5918; baseline -0.004 -18"><span class='ocrx_word' id='word_1_750' title='bbox 2466 5849 2784 5915; x_wconf 67' lang='grc' dir='ltr'><strong>παιδογόνον</strong></span> <span class='ocrx_word' id='word_1_751' title='bbox 2819 5848 3028 5918; x_wconf 79' lang='grc' dir='ltr'><strong>μορίου,</strong></span> <span class='ocrx_word' id='word_1_752' title='bbox 3062 5847 3154 5900; x_wconf 66' lang='grc' dir='ltr'><strong>καὶ</strong></span> <span class='ocrx_word' id='word_1_753' title='bbox 3182 5845 3376 5915; x_wconf 67' lang='grc' dir='ltr'><strong>ῥάϐδον</strong></span> <span class='ocrx_word' id='word_1_754' title='bbox 3404 5846 3633 5913; x_wconf 74' lang='grc' dir='ltr'><strong>παχεῖαν</strong></span> <span class='ocrx_word' id='word_1_755' title='bbox 3662 5841 3760 5895; x_wconf 66' lang='grc' dir='ltr'><strong>καὶ</strong></span> <span class='ocrx_word' id='word_1_756' title='bbox 3785 5858 3956 5913; x_wconf 79' lang='grc' dir='ltr'><strong>τραχε</strong></span> <span class='ocrx_word' id='word_1_757' title='bbox 3970 5845 4104 5900; x_wconf 51' lang='lat' dir='ltr'><strong>iam</strong></span> 
     </span>
    </p>
   </div>
  </div>
