4146 6518
770 439 867 503 tit
974 428 981 434 ’

2008 441 2433 502 MENOLOGII
2478 442 2669 501 PARS
2710 442 2828 501 III.

3915 440 4026 505 H2

770 561 862 619 sit,
891 564 942 609 rt
991 554 1059 608 ab
1111 569 1177 606 eo
1229 552 1534 607 monachus
1588 551 1785 613 factus,
1822 555 2018 608 exinde
2066 571 2171 609 una
2218 573 2342 608 cum

2468 556 2772 632 cazoidrqv,
2814 554 2907 606 καὶ
2940 554 3233 622 γενόμενος
3261 555 3354 608 ὑπ’
3381 554 3590 607 ἐκείνου
3634 555 3886 626 μοναχδς,
3923 556 4024 609 τοῦ

774 652 890 715 ipso
941 648 1061 699 vita:
1122 649 1420 698 certamina
1480 645 1760 711 sustinuit,
1819 647 1871 699 in
1927 648 2183 701 omuilms
2235 648 2343 703 Deo

772 739 1094 792 inst'rviens.
1129 733 1309 805 Usque
1360 738 1497 790 adeo
1537 747 1716 791 autem
1751 739 1803 789 in
1847 738 2155 791 obedientia
2202 740 2345 793 cele-

772 831 905 893 bris,
958 829 1011 880 in
1056 820 1397 897 Vsubjectione
1447 829 1778 897 obsequens.
1833 839 1887 883 et
1940 830 2005 883 ad
2046 831 2344 885 ministeria

769 933 1109 985 qttmcunque
1141 919 1515 983 paratissimus
1545 920 1661 985 fuit,
1703 928 1757 972 ut
1791 936 2017 987 magnus
2049 921 2344 990 Gregorius

772 1010 837 1061 de
889 1012 1006 1076 ipso
1065 1011 1299 1063 maxime
1356 1013 1635 1079 gauderet,
1677 1011 1955 1081 Deumque
1998 1014 2343 1081 glorilicarct.

772 1098 901 1149 Post
940 1110 1170 1152 mortem
1234 1116 1362 1153 vero
1418 1104 1584 1154 sancti
1636 1102 1884 1173 Gregorii
1940 1105 2219 1172 ipsiusque
2278 1106 2361 1181 ad‘

776 1190 944 1243 Deum
996 1193 1306 1251 transitum.
1335 1193 1471 1246 abiit
1501 1194 1551 1246 in
1586 1197 1857 1264 regionem
1899 1196 2249 1265 longinquam
2294 1206 2349 1251 et

773 1281 1129 1349 illCilglliiam,
1175 1282 1299 1350 quia
1334 1294 1387 1336 et
1436 1283 1699 1341 Dominus
1742 1288 2087 1355 peregrinum
2140 1299 2344 1357 egerat,

774 1386 936 1442 atque
966 1375 1103 1441 apud
1137 1383 1431 1430 extraneos
1471 1377 1642 1431 fuerat
1676 1389 1855 1438 natus.
1889 1389 1943 1433 et
1975 1382 2145 1437 multa
2179 1382 2347 1435 susti-

774 1466 909 1517 nuit.
938 1463 1143 1519 Deinde
1184 1482 1339 1521 sacra
1376 1469 1488 1522 loca
1523 1478 1731 1536 petens,
1762 1471 1816 1523 in
1858 1472 1995 1525 beati
2035 1472 2349 1528 Charitonis

773 1553 985 1607 lautam
1026 1570 1083 1609 se
1116 1560 1340 1624 recepit,
1373 1560 1555 1627 ibique
1584 1561 1824 1628 seipsum
1853 1562 2100 1630 pluribus
2130 1563 2348 1617 virtutis

773 1646 1263 1701 exercitationibus
1296 1651 1523 1705 addixit.
1555 1655 1729 1719 Atque
1754 1654 1825 1704 ita
1858 1670 1981 1706 eum
2018 1663 2165 1708 recte
2188 1656 2349 1708 vixis-

776 1748 880 1799 set,
914 1738 965 1790 in
1006 1755 1136 1806 pare
1161 1741 1226 1795 ad
1253 1740 1418 1795 Deum
1452 1744 1620 1811 pacis,
1655 1761 1817 1813 quem
1856 1746 2098 1816 impense
2130 1762 2351 1801 amave-

776 1840 882 1891 rat,
910 1832 1216 1901 emigravit.

2448 646 2635 698 λοιποῦ
2674 645 2840 713 συνῆν
2884 645 3031 714 αύτῷ
3079 647 3499 716 ἀγωνιζόμενος,
3528 647 3622 700 καὶ
3665 649 3723 700 ὲν
3766 649 3899 701 πᾶσι
3930 649 4031 701 τὸν

2448 738 2583 790 Θεὸν
2615 737 2954 807 θεραπεύων.
2986 736 3142 791 Οὖτω
3176 737 3233 791 δὲ
3270 739 3493 806 γέγονεν
3520 739 3601 801 εἰς
3642 739 3889 809 ὑπακοὴν
3920 756 4029 792 πε-

2452 828 2737 899 ριϐόητος,
2785 830 2881 882 καὶ
2926 832 3006 892 εἰς
3043 830 3323 899 ὑποταγὴν
3350 830 3649 901 πειθήνιος,
3674 832 3769 885 καὶ
3798 830 4025 899 ἑτοιμό-
4087 895 4093 898 ξ

2449 936 2610 984 τατος
2639 905 3009 992 θεραπευτής,
3045 922 3121 985 ὡς
3146 922 3241 975 καὶ
3274 922 3365 974 τὸν
3394 922 3566 990 μέγαν
3595 922 3898 993 Γρηγόριον
3932 922 4027 974 ἔπ’

2426 1012 2599 1081 ναύτῷ
2646 1016 2879 1081 χαίρειν,
2898 1013 2993 1064 καὶ
3042 1013 3135 1064 τὸν
3178 1012 3309 1065 Θεὸν
3341 1012 3605 1078 δοξάζειν.
3641 1013 3796 1067 Μετά
3830 1013 3887 1066 δὲ
3922 1011 4031 1081 τὴν

2450 1106 2729 1159 τελείωσιν
2765 1106 2857 1159 τοῦ
2891 1105 3047 1173 ἀγίου
3078 1105 3403 1175 Γρηγορίου,
3436 1106 3527 1157 καὶ
3557 1107 3655 1173 τὴν
3701 1105 3839 1173 πρὸς
3887 1104 4030 1156 Θεὸν

2451 1196 2617 1251 αὐτοῦ
2674 1198 2961 1265 ἐκδημίαν,
3038 1195 3284 1263 ἀπῆλθεν
3342 1196 3422 1258 εἰς
3477 1195 3665 1266 χώραν
3715 1195 3873 1265 ξινην
3932 1195 4033 1247 καὶ

2450 1289 2765 1355 ἄγνωστον,
2823 1288 2909 1340 διὰ
2954 1288 3047 1339 τὸν
3095 1286 3481 1353 ξενιτεύσαντα
3530 1288 3754 1357 Κύριον,
3802 1288 3900 1338 καὶ
3933 1285 4035 1337 ἐπὶ

2455 1379 2624 1443 ξένοις
2655 1379 2938 1448 τεχθέντα,
2988 1379 3085 1432 καὶ
3138 1377 3462 1449 ἠγωνίζετο.
3520 1374 3654 1432 Εἶτα
3700 1376 4035 1432 καταλαϐὼν

2452 1473 2578 1533 τοὺς
2608 1471 2796 1539 ἁγίους
2823 1472 3044 1534 τόπους,
3081 1472 3327 1539 ἀπῆλθεν
3358 1472 3439 1534 εἰς
3482 1472 3582 1542 τὴν
3610 1470 3705 1523 τοῦ
3752 1471 4033 1541 μακαρίου

2453 1562 2768 1632 Χαρίτωνος
2792 1562 3022 1631 λαῦραν,
3054 1563 3148 1615 καὶ
3180 1562 3451 1616 ἐπέδωκεν
3481 1563 3677 1616 ἑαυτὸν
3702 1563 3783 1625 εἰς
3810 1562 4036 1624 πλείους

2453 1653 2672 1719 ἀγῶνας
2706 1654 2929 1721 ἀρετῆς.
2961 1653 3069 1705 Καὶ
3106 1654 3248 1706 οὕτω
3282 1653 3465 1714 καλῶς
3501 1653 3723 1723 βιώσας,
3754 1653 3811 1705 ὲν
3836 1655 4037 1724 εἰρήνῃ

2456 1745 2589 1813 πρδς
2616 1744 2707 1797 τὸν
2734 1743 2835 1812 τῆς
2872 1744 3117 1815 εἰρήνης,
3143 1744 3203 1797 ὂν
3238 1745 3437 1807 όλικῶς
3464 1745 3775 1815 ἠγάπησεν,
3805 1744 4036 1797 ἀναλύει

2454 1834 2607 1892 Θεόν,

772 1920 882 1992 62
921 1920 987 1975 Et
1024 1933 1290 1978 certamen
1319 1928 1495 1979 sancti
1522 1929 1773 2006 martyris
1816 1928 2063 1994 Victoris,
2101 1938 2150 1984 et
2182 1931 2354 1983 socio-

2468 1926 2562 1979 Kal
2594 1890 2855 1993 ἀθλησις
2891 1927 3002 2006 {of}
3029 1926 3204 1994 ἁγίου
3220 1926 3556 2006 μάρτυρος.
3569 1928 3886 1995 Βίκτωρος,
3931 1926 4039 1979 καί

1427 2014 1540 2048 rum
1563 2000 1695 2065 ejus.

850 2100 928 2152 Eo
960 2108 1223 2170 tempore,
1254 2118 1362 2173 quo
1394 2104 1929 2173 impiusﬁmperator
1982 2102 2353 2163 Diacletianus

779 2192 1073 2246 maximam
1129 2195 1274 2248 illam
1327 2204 1381 2249 et
1422 2190 1731 2253 bor'ribilem
1786 2202 2220 2268 persecutionem
2258 2202 2350 2255 ad-

778 2297 971 2336 versus
996 2283 1341 2341 Christianos
1372 2289 1645 2353 excitavit,
1683 2300 1735 2343 et
1763 2292 2194 2357 comprehensus
2226 2308 2353 2346 san-

2916 1997 3027 2064 τῆς
3052 1997 3344 2061 συνοδίας
3371 1997 3579 2051 αὑτοῦ.

2496 2104 2689 2169 ,Κατά
2713 2104 2806 2156 τὸν
2849 2103 3071 2173 καιρὸν,
3129 2104 3219 2156 ὅτε
3259 2104 3643 2173 Διοκλητιανδς
3694 2108 3724 2157 ό
3761 2104 4041 2174 δυσσεϐὴς

2462 2196 2715 2265 βασιλεὺς
2772 2197 2863 2249 τὸν
2931 2196 3107 2265 μέγαν
3171 2197 3381 2250 ἐκεῖνον
3444 2198 3541 2251 καὶ
3590 2198 4040 2268 φρικωδέστατον

2458 2286 2699 2354 διωγμὸν
2741 2288 2883 2339 κατά
2910 2287 3013 2340 τῶν
3044 2288 3391 2357 Χριστιανῶν
3426 2289 3645 2357 ἐκίνησε
3666 2332 3681 2354 ,
3706 2292 3801 2342 καὶ
3828 2307 4044 2359 κρατη-

778 2382 899 2428 rtus
972 2377 1380 2447 multorumque
1447 2383 1804 2437 certaminum
1877 2382 2079 2438 Christi
2147 2396 2356 2454 martyr

2468 2380 2575 2441 θεὶς
2600 2383 2628 2432 ὁ
2680 2380 2835 2447 ᾶγιος
2873 2380 2968 2433 καὶ
3022 2380 3324 2444 πολύαθλος
3366 2382 3578 2451 μάρτυς
3656 2380 3753 2433 τοῦ
3795 2382 4044 2450 Χριστοῦ

779 2463 1045 2533 Georgius
1101 2470 1494 2538 multiplicibus
1552 2472 1831 2539 subjectus
1882 2474 1986 2527 fuit
2038 2477 2348 2540 tormentis,

2468 2473 2734 2544 Γεὼργιος
2772 2473 3156 2539 ἐϐασανίζετο,
3194 2476 3287 2528 καὶ
3324 2473 3764 2543 βασανιζόμενος
3789 2475 4044 2543 ὶθαυμα-

780 2555 1193 2625 ipsosqueinter
1212 2560 1489 2613 cruciatus
1513 2561 1673 2630 longe
1702 2562 2040 2615 admirabilia
2070 2562 2356 2617 humanis-

2468 2563 2681 2634 τούργει
2711 2567 2809 2626 τὰς
2834 2563 3170 2631 παραδόξους
3200 2564 3415 2624 ὲκείνας
3450 2567 3543 2616 καὶ
3583 2565 3724 2635 ὑπὲρ
3749 2564 4045 2631 ἄνθρωπον

781 2662 887 2714 que
910 2649 1118 2702 viribus
1148 2655 1353 2718 majora
1400 2654 1565 2706 edidit
1598 2654 1873 2722 prodigia;
1912 2655 2069 2708 multi
2097 2672 2157 2709 ea
2192 2658 2359 2710 mira-

2468 2657 2939 2726 θαυματουργίας,
2995 2656 3183 2711 πολλοὶ
3240 2658 3528 2711 ἐπίστευον
3558 2656 3651 2709 ἐπὶ
3680 2657 3773 2708 τὸν
3806 2655 4043 2724 Κύριον,

783 2739 904 2792 cula
934 2740 1196 2799 videntes.
1232 2743 1283 2794 in
1320 2743 1605 2797 Dominum
1637 2746 1987 2797 crediderunt
2019 2764 2031 2798 :
2071 2754 2125 2798 et
2168 2762 2232 2799 ex
2276 2748 2360 2801 his

2468 2748 2531 2805 τὰ
2563 2749 2817 2816 θαύματα
2853 2748 3166 2818 βλέποντες.
3198 2749 3308 2802 Καὶ
3337 2748 3387 2799 οἰ
3418 2748 3519 2816 μὲν
3551 2747 3868 2817 παραυτίκα
3900 2748 4048 2800 ἀπε-

783 2828 876 2881 alii
906 2828 1125 2897 quidem
1169 2831 1315 2885 illico
1354 2836 1530 2901 capite
1580 2835 1890 2888 obtruncati
1936 2847 2080 2899 sunt,
2120 2836 2204 2889 vel
2238 2839 2360 2906 igne

2468 2840 2843 2910 κεφαλίζοντο,
2876 2841 2908 2909 ἢ
2942 2841 3191 2893 ἐκαίοντο
3211 2880 3226 2903 ,
3258 2840 3307 2891 oi
3336 2840 3394 2893 δι
3449 2839 3721 2908 φυλακαῖς
3750 2838 4049 2908 παρεπέμ-

785 2924 1050 2989 cremati;
1087 2924 1175 2977 alii
1232 2941 1360 2979 vero
1410 2928 1463 2980 in
1499 2944 1764 2983 .carceres
1808 2929 2039 2995 detrusi,
2082 2940 2142 2984 ut
2173 2940 2363 2999 postea

2468 2950 2630 2986 ποντο
2658 2933 2750 2985 ἐπὶ
2775 2933 2834 2985 τὸ
2865 2932 3249 3002 τιμωρηθῆναι
3283 2930 3513 3001 ὕστερον
3537 2947 3551 2961 ·
3583 2930 3644 2994 ἐξ
3668 2924 3746 2984 ὧν
3779 2926 3923 3000 ἦσαν
3951 2932 4051 2983 καὶ

788 3024 1194 3082 torquerentur.
1235 3018 1380 3071 Inter
1427 3020 1527 3075 hos
1560 3020 1779 3076 fuerunt
1824 3024 1998 3077 sancti
2036 3024 2123 3078 isti
2155 3024 2363 3080 Christi

2468 3018 2613 3079 οὗτοι
2636 3026 2685 3077 οἰ
2709 3025 2854 3093 ἀγιοι
2874 3024 2967 3077 τοῦ
2997 3022 3237 3093 Χριστοῦ
3264 3024 3562 3094 μάρτυρες,
3589 3021 3827 3093 Βίκτωρ.
3868 3023 4056 3075 ’Δκίν-

788 3118 1055 3177 martyres
1115 3109 1318 3176 Victor,
1376 3112 1714 3184 Acindynus.
1761 3114 2004 3178 Zoticus,
2059 3116 2244 3171 Zenon
2309 3126 2363 3171 et

2468 3117 2641 3180 δυνο;,
2696 3115 2964 3181 Ζωτικδς,
3016 3116 3236 3184 Ζήνων,
3273 3115 3367 3166 καὶ
3426 3113 3793 3183 Σεϐηριανόςο
3841 3112 4052 3175 οῐτινες

793 3198 1122 3255 Severianus
1148 3220 1163 3257 :
1190 3205 1283 3272 qui
1313 3220 1434 3258 cum
1470 3218 1718 3260 sanctum
1759 3206 2047 3277 Georgium
2082 3221 2214 3265 rcta:
2240 3210 2362 3263 alli-

2476 3208 2675 3267 ἰδόντες
2697 3208 2787 3259 τὸν
2825 3207 2978 3274 ἅγιον
3009 3205 3282 3277 Γεὼργιον
3310 3205 3682 3275 προσδεθέντα
3724 3204 3799 3273 τῷ
3823 3203 4010 3273 τροχῷ
4035 3243 4054 3267 ,

790 3302 996 3360 gatum,
1060 3311 1158 3350 nec
1216 3297 1325 3349 ullo
1382 3300 1543 3352 mozlo
1605 3300 1792 3353 hesum
1826 3300 2108 3364 vidissent,
2156 3302 2362 3356 Christi

791 3385 949 3439 ﬁdem
987 3388 1218 3455 amplexi
1245 3398 1391 3442 sunt.
1423 3389 1837 3446 Excandescens
1868 3392 2050 3462 itaque
2082 3394 2370 3448 Diocletia-

794 3492 897 3530 nus
932 3478 1167 3545 primum
1200 3479 1320 3534 illos
1347 3480 1581 3535 diversis
1605 3482 1885 3550 suppliciis
1917 3486 2157 3553 torqueri
2179 3485 2364 3552 jubet:

795 3584 1029 3639 cumque
1080 3572 1240 3626 idolis
1297 3573 1610 3628 sacriticare
1661 3587 2047 3638 recusassent,
2115 3578 2367 3632 decollati

794 3670 940 3717 sunt.

1004 3751 1076 3808 Et
1102 3755 1353 3810 memoria
1385 3758 1555 3811 sancti
1584 3756 1794 3826 Georgii
1818 3760 2157 3829 confessoris.

871 3926 1105 3983 Sanctus
1136 3944 1352 3999 quoque
1393 3928 1676 3983 confessor
1701 3927 1903 3983 Christi
1938 3928 2207 4000 Georgius
2240 3942 2375 3985 tem-

799 4022 1022 4090 poribus
1047 4023 1529 4077 iconomacborum
1557 4022 1773 4074 claruit.
1796 4019 1862 4074 Et
1896 4023 2127 4089 primum
2153 4023 2375 4091 quidem

799 4117 869 4168 ab
904 4114 1131 4168 infantia
1160 4114 1327 4167 Deum
1363 4129 1552 4167 amore
1589 4124 1933 4181 prosecutus,
1981 4123 2032 4166 et
2072 4117 2377 4169 monachus

801 4208 997 4270 tactus,
1035 4215 1257 4275 propter
1287 4206 1489 4259 multos
1520 4205 1754 4267 labores,
1800 4213 1855 4258 et
1892 4208 2216 4271 certamina,
2249 4224 2373 4276 qua:

804 4300 1083 4361 Sustinuit,
1137 4300 1372 4368 Spiritus
1424 4299 1597 4353 sancti
1654 4299 1911 4367 templum
1944 4300 2139 4353 evasit.
2178 4302 2379 4357 Deinde

800 4392 1089 4456 episcopus
1128 4388 1427 4442 Antiochia:
1459 4390 1771 4450 ordinatus,
1801 4388 2070 4441 creditum
2113 4389 2213 4443 sibi
2257 4405 2380 4457 greo

802 4490 920 4539 gem
950 4486 1095 4529 recte
1119 4477 1459 4545 gubernavit.
1496 4477 1739 4530 Posthac
1774 4478 1918 4530 malo
1950 4479 2148 4532 diaboli
2197 4481 2380 4534 consi-

2474 3301 2566 3352 καὶ
2596 3300 2762 3368 μηδὲν
2791 3298 3139 3368 ἀδικηθέντα,
3184 3298 3514 3350 ἐπίστευσαν
3538 3295 3617 3366 τῷ
3660 3296 3904 3365 Χριστῷ.
3940 3296 4059 3348 Καὶ

2470 3392 2817 3462 ὀργισθέντος
2866 3389 3279 3460 Διοκλητιανοῦ,
3311 3389 3739 3459 ἑτιμωρήθησαν
3769 3387 4057 3457 διαφόρως

2473 3484 2742 3554 πρότερον
2772 3498 2787 3513 ⁸
2828 3482 2921 3535 καὶ
2956 3483 3030 3554 μὴ
3079 3481 3395 3545 πεισθέντες
3426 3480 3589 3537 θῦσαι
3622 3482 3737 3543 τοῖς
3781 3480 4058 3543 εἰδώλοις,

2473 3574 3015 3647 ἀπεκεφαλίσθησαν.

2474 3760 2582 3815 Kal
2636 3757 2845 3827 μνήμη
2898 3758 3004 3813 τοῦ
3058 3757 3234 3812 ὁσίου
3292 3755 3591 3841 csum-(0v
3658 3754 3767 3809 τοῦ
3838 3755 4068 3824 ὁμολο-

3157 3844 3363 3897 τητου.

2548 3934 2658 3988 Καὶ
2686 3936 2713 3986 ό
2750 3934 2895 3995 ὅσιος
2924 3930 3197 4001 Γεώργιος
3222 3933 3250 3984 ὁ
3278 3929 3621 4000 ὀμολογητὴς
3647 3927 3741 3981 τοό
3781 3928 4065 3998 Χριστοῦ,

2478 4028 2570 4079 ἐπὶ
2596 4027 2672 4093 τῇ
2705 4027 2882 4096 χρόνῳ
2934 4025 3000 4095 ἦν
3056 4023 3164 4076 τῶν
3213 4020 3587 4091 εἰκονομάχων
3614 4060 3631 4085 ,
3678 4021 3949 4091 πρότερον
3993 4022 4072 4073 ἐκ

2481 4117 2717 4187 βρέφους
2747 4116 2837 4169 τὸν
2864 4116 2997 4168 Θεὸν
3014 4115 3329 4184 ἀγαπήσας,
3356 4114 3453 4165 καὶ
3482 4112 3711 4181 μοναχδς
3737 4112 4071 4180 γενόμενος,

2480 4210 2575 4261 καὶ
2595 4209 2682 4260 διὰ
2714 4208 2911 4270 πόνων,
2942 4208 3036 4259 καὶ
3092 4206 3320 4272 ἀγώνων
3344 4204 3582 4269 ⁴πολλῶν,
3619 4204 3745 4265 ναδς
3766 4202 3860 4256 τοῦ
3896 4204 4073 4271 ἁγίου

2480 4301 2803 4369 Πνεύματος
2832 4299 3143 4367 γενόμενος.
3168 4294 3300 4350 Εἶτα
3338 4298 3433 4349 καὶ
3460 4296 3763 4358 ἐπίσκοπος
3812 4312 4077 4364 χειροτο-

2482 4391 2667 4459 νηθεὶς
2704 4391 3054 4459 Ἀντιοχείας,
3085 4389 3182 4441 καὶ
3205 4388 3386 4451 καλῶς
3413 4388 3599 4452 ἰθύνας
3614 4387 4082 4457 τδίμπιστευθὲν

2482 4484 2630 4552 αὐτῷ
2661 4482 2944 4551 ποίμνιον,
3003 4481 3127 4533 ἐπεὶ
3172 4478 3229 4532 δὲ
3262 4478 3355 4550 τῇί
3383 4479 3477 4532 τοῦ
3530 4478 3792 4532 διαϐόλου
3841 4482 4084 4551 πονηρᾷ

801 4568 877 4620 lio
927 4568 1150 4623 haeresis
1201 4569 1688 4624 iconomacborum
1749 4572 2001 4634 emersit,
2073 4581 2127 4626 et
2186 4588 2363 4627 omne:

2488 4574 2786 4643 συμϐουλῇ,
2816 4576 2847 4642 ἡ
2881 4572 2990 4624 τῶν
3010 4570 3401 4639 Εἰκονομάχων
3432 4569 3647 4639 αἵρεσις
3678 4570 3929 4639 ἑκινήθη,
3971 4571 4089 4623 καὶ

800 4659 1040 4728 cpisc0pi
1108 4675 1202 4729 per
1262 4661 1524 4729 epistolas
1586 4662 1654 4715 ab
1712 4662 2043 4729 imperatore
2093 4665 2375 4718 convocati

804 4752 1046 4816 fuerunt,
1080 4761 1138 4804 ut
1162 4754 1566 4820 quamprimum
1586 4754 2119 4823 Constantinopolim
2151 4756 2378 4809 adveni-

803 4852 943 4896 rent.
968 4844 1213 4897 Accessit
1245 4844 1472 4913 proinde
1507 4856 1561 4899 et
1592 4846 1727 4914 ipse,
1765 4848 1985 4917 regibus
2014 4849 2237 4903 obedire
2264 4856 2383 4903 stu-

804 4932 961 4996 dens,
1008 4933 1166 5001 juxta
1222 4936 1396 4989 sancti
1453 4934 1607 4991 Pauli
1661 4949 2014 5007 przeceptum.
2064 4940 2135 4993 At
2182 4940 2379 5009 jussus

806 5040 1085 5080 sacrarum
1140 5027 1439 5097 imaginum
1499 5030 1707 5083 cultum
1768 5032 2047 5101 abjurare,
2092 5048 2218 5085 cum
2268 5048 2377 5086 non

805 5110 1149 5190 assepsisset,
1178 5119 1229 5171 in
1262 5120 1513 5173 exsilium
1541 5122 1730 5189 pulsus
1762 5131 1867 5186 est,
1903 5123 1958 5176 in
1989 5137 2099 5193 quo
2129 5122 2381 5191 plurimis

806 5222 906 5275 pro
934 5208 1237 5263 orthodoxa
1266 5210 1371 5264 ﬁde
1399 5212 1659 5267 arumnis
1684 5212 1949 5281 toleratis,
1980 5214 2033 5268 in
2062 5230 2195 5284 pace
2218 5213 2381 5284 quie-

808 5298 910 5352 vit.

1338 5444 1572 5547 EODEM
1610 5490 1864 5547 MENSE.

1306 5581 1403 5638 Die
1456 5583 1664 5639 decima
1726 5598 1871 5638 nona

811 5672 917 5744 63
951 5669 1227 5727 Certamen
1250 5674 1423 5726 sancti
1448 5676 1699 5754 martyris
1726 5673 2112 5742 Christophori,
2139 5682 2191 5727 et
2213 5674 2386 5728 socio-

1452 5760 1569 5796 rum
1613 5761 1748 5813 ejus.

890 5847 951 5901 lli
980 5864 1193 5920 quoque
1224 5863 1335 5906 tres
1366 5851 1555 5905 eadem
1596 5851 1704 5915 die,
1747 5864 1852 5920 qua
1894 5851 2059 5906 variis
2087 5851 2381 5907 tormentis

2484 4663 2685 4725 πάντες
2713 4664 2759 4715 οἱ
2796 4663 3088 4713 ἐπίσκοποι
3109 4660 3215 4713 ὑπὸ
3248 4657 3342 4712 τοῦ
3383 4659 3652 4728 βασιλέως
3684 4659 3770 4712 διά
3791 4662 4087 4729 γραμμά-

2484 4769 2589 4805 των
2625 4750 3059 4821 παρεκελεύοντο
3106 4749 3193 4826 ὃεῇ
3232 4750 3441 4819 πάχους
3480 4748 3579 4818 τὴν
3616 4749 4091 4803 κωνσταντινού-

2485 4842 2642 4896 πολιν
2704 4842 3065 4905 καταλαϐεῖν,
3133 4828 3469 4910 παρεγένετο
3544 4838 3639 4891 καὶ
3674 4838 3862 4902 αύτδς,
3908 4838 4093 4904 εἰδὼς

2488 4933 2800 5004 βασιλεῦσιν
2830 4932 3259 4997 ὑποτάσσεσθαι,
3290 4930 3432 4984 κατά
3464 4930 3565 4993 τὴν
3598 4929 3694 4982 τοῦ
3725 4930 3886 4995 ἀγίου
3914 4930 4093 4983 Παύ-

2486 5026 2577 5079 λου
2604 5025 2826 5094 ὲντολήν
2846 5041 2860 5053 ·
2912 5026 3013 5079 καὶ
3048 5022 3421 5090 ἀναγκασθεὶς
3451 5020 3795 5091 ἀρνήσασθαι
3826 5021 3931 5088 τὴν
3956 5021 4095 5075 τῶν

2488 5118 2659 5182 ἀγίων
2714 5117 2936 5169 εἰκόνων
2993 5112 3408 5183 προσκύνησιν,
3476 5112 3572 5165 καὶ
3640 5111 3718 5181 μὴ
3793 5109 4093 5176 πεισθεὶς,

2486 5206 2756 5278 ἐξωρίσθη
2786 5223 2802 5237 ·
2840 5206 2935 5259 καὶ
2964 5207 3021 5257 ἐν
3067 5207 3133 5275 τῇ
3183 5204 3371 5284 ἐξορία
3429 5201 3663 5265 πολλοὺς
3722 5203 4098 5272 πειρασμοὺς

2488 5299 2788 5368 ὑπομείνας
2820 5298 2963 5368 ὑπὲρ
2994 5297 3092 5367 τῆς
3138 5295 3422 5365 όρθοδόξου
3455 5293 3716 5359 πίστεως,
3769 5294 3831 5346 ὲν
3872 5293 4096 5369 εἰρήνῃ

2487 5393 2852 5449 ἀνεπαύσατο.

2986 5480 3166 5535 MHNI
3198 5480 3284 5550 το
3330 5478 3535 5549 arra.

3262 5570 3340 5625 ΙΘ⁸

2494 5669 2787 5735 Ἀθληονις
2827 5665 2933 5719 τοῦ
2955 5664 3128 5742 drloy
3474 5658 3892 5750 ξριστοφόρου
3910 5698 3927 5724 ν
3972 5663 4094 5719 καί

3048 5750 3165 5785 των
3198 5747 3321 5785 συν
3349 5747 3532 5795 αυτφ.

2563 5847 2672 5901 Καὶ
2705 5839 2849 5899 οὗτοι
2887 5846 2932 5898 οἱ
2970 5844 3117 5913 τρεῖς
3172 5841 3292 5897 κατ’
3320 5839 3540 5909 ἐκείνην
3567 5837 3667 5909 τὴν
3697 5838 3945 5908 ἡμέραν,
3982 5838 4092 5895 ὅτι
