4146 6518
99 375 182 446 ΕΠ
1536 380 1848 441 APRlLlS

3232 393 3339 455 ΗΒ

96 492 155 554 ὡς
182 490 374 551 πιστὸς
410 489 506 541 καὶ
533 486 842 559 ὀρθὸδοξος,
875 489 1226 557 πατριάρχης
1260 488 1638 557 προεχειρίσθτ

1755 492 2052 559 peratoris,
2080 492 2231 559 cieri,
2260 508 2325 547 ac
2358 494 2524 549 totius
2549 496 2734 565 populi
2762 496 3044 566 suilragio,
3070 498 3343 555 Constan-

99 582 711 645 Κωνσταντινουπόλεως
735 597 749 611 ⁶
802 579 1107 641 καὶ-καλῶς
1159 580 1254 631 καὶ
1298 579 1542 641 εὐσεϐῶς
1590 580 1650 631 τὸ

95 675 168 726 τοῦ
188 674 431 744 Χριστοῦ
460 674 712 742 ποίμνιον
745 672 1037 742 ποιμάνας,
1072 673 1167 725 καὶ
1217 671 1317 741 τὴν
1346 670 1648 739 ὲκκλησίαν

95 768 223 831 ἐκτὸς
290 765 612 819 σκανδάλων
665 764 1022 833 διατηρήσας,
1075 764 1171 815 καὶ
1226 764 1507 832 κρατήσας
1554 761 1648 830 ἔτη

93 857 181 915 δίο,
208 857 312 909 καὶ
343 856 524 925 μῆνας
557 856 741 919 πέντε,
778 857 837 908 ὲν
868 855 1059 925 εἰρήνῃ
1090 853 1464 909 ἀνεπαύσατο.

92 967 178 1019 Καί
207 966 482 1032 ἄθλησις
513 965 619 1019 τοῦ
654 966 827 1051 arieti
868 963 1171 1051 μάρτιίρος
1216 964 1516 1017 Ἰσαακίου
1550 962 1647 1018 καί

608 1036 726 1088 τῶν
757 1036 881 1088 σὺν
918 1036 1101 1098 αὐτῷ.

142 1146 362 1215 Οίτρεῖς
392 1138 711 1211 οὗτοιὶγιοι
740 1144 1015 1213 μάρτυρες
1039 1141 1330 1206 Ἰσαάκιος,
1349 1142 1644 1207 Ἀπολλὼν,

90 1242 164 1309 καὶ
192 1241 498 1309 Κοδρᾶτος,
553 1239 882 1307 θεράποντες
917 1238 1165 1307 ὑπῆρχον
1189 1237 1288 1305 τῆς
1327 1238 1646 1308 βασιλίσσης

98 1331 479 1399 ’Δλεξάνδρας⁶
527 1331 623 1383 καὶ
660 1330 860 1393 ἰδόντες
912 1330 1085 1397 αὐτὴν
1145 1330 1646 1400 καταφρονήσασαν

88 1425 217 1488 δόξης
297 1424 668 1492 προσκαίρου,
728 1423 824 1476 καὶ
868 1421 1147 1492 βασιλείας
1220 1422 1493 1493 φθαρτῆς,
1552 1424 1646 1475 καὶ

88 1514 334 1581 βασιλέως
365 1515 586 1583 θνητοῦ,
642 1514 738 1567 καὶ
783 1513 1242 1583 προσδραμοῦσαν
1288 1513 1367 1583 τῷ
1396 1514 1641 1583 Χριστῷ,

87 1610 159 1658 καὶ
178 1607 558 1659 πιστεύσασαν
603 1605 679 1669 ὡς
709 1606 963 1677 ἀθανάτῳ
1020 1607 1113 1658 καὶ
1152 1605 1359 1674 αἰωνίῳ
1394 1604 1637 1674 βασιλεῖ,

86 1699 161 1749 καὶ
202 1698 266 1749 δι’
311 1698 483 1750 αὑτὸν
539 1695 827 1761 θανοῦσαν,
876 1697 1227 1761 ἐπίστευσαν,
1261 1696 1356 1749 καὶ
1387 1695 1541 1748 αὐτοί
1566 1695 1644 1764 τῷ

84 1788 306 1857 Χριστῷ,
343 1790 445 1841 καὶ
466 1789 980 1860 παρρησιασάμενοι
1008 1787 1241 1858 ηλεγξαν
1280 1786 1640 1857 τὸνβασιλέα,

84 1880 385 1947 παράνομον
417 1880 583 1931 αὑτὸν
630 1879 899 1942 εἰπόντες,
927 1878 1027 1931 καὶ
1068 1879 1218 1949 ὠμὸν
1247 1880 1339 1932 καὶ
1378 1877 1642 1948 θηριώδη,

81 1970 140 2030 ὡς
167 1970 300 2040 μηδὲ
340 1972 445 2038 τὴν
494 1971 702 2022 οἰκείαν
743 1972 1000 2036 γυναῖκα,
1054 1970 1173 2039 μεθ’
1207 1963 1275 2040 ἦς
1318 1969 1642 2035 ἐτέκνωσεν,

83 2061 386 2131 ἐλεήσαντα.
444 2062 577 2113 Τότε
627 2062 902 2131 ὀργισθεὶς
950 2062 979 2113 ό
1011 2061 1290 2130 βασιλεὺς,
1341 2060 1643 2131 προσέταξε

80 2154 168 2213 τοῖς
196 2153 421 2222 δημίοις
452 2154 727 2222 κρατῆσαι
750 2154 969 2218 αὐτοὺς,
995 2153 1089 2206 καὶ
1120 2155 1185 2223 τῇ
1219 2153 1435 2224 φυλακῇ
1464 2169 1642 2222 παρα-

81 2244 263 2298 δοῦναι.
318 2246 432 2297 Καὶ
490 2245 681 2297 τούτου
716 2246 1034 2313 γενομένου.
1068 2245 1230 2308 αὐτὸς
1267 2244 1334 2298 δι’
1366 2245 1495 2315 ὅλης
1545 2245 1643 2311 τῆς

82 2338 247 2399 ννκτδς
284 2336 649 2402 διελογίζετο,
684 2335 803 2399 πῶς
833 2335 898 2389 ἂν
927 2335 1167 2389 διάθοιτο
1214 2336 1283 2388 τά
1314 2336 1435 2388 κατ’
1464 2335 1643 2387 αὐτῶν

83 2410 329 2496 (ὠργίσθη
359 2428 472 2495 γάρ
511 2426 811 2495 μεγάλως),
861 2427 955 2479 καὶ
1007 2430 1074 2496 τῇ
1110 2426 1371 2495 ἐπαύριον
1418 2425 1643 2493 ἀγαγὼν

81 2519 253 2581 αὐτοὺς
291 2518 534 2570 ἐνώπιον
577 2519 765 2584 αὐτοῦ,
797 2519 894 2572 καὶ
930 2519 1357 2587 καταναγκάσας
1391 2520 1637 2589 ἀρνήσα-

82 2608 181 2661 σθαι
207 2610 302 2663 τὸν
322 2610 588 2679 Χριστὸν,
621 2612 715 2663 καὶ
738 2611 813 2682 μὴ
843 2610 1061 2675 πείσας,
1089 2611 1519 2680 ἀπεκεφάλισεν.

569 2905 750 2959 nam
783 2905 870 2975 To
912 2904 1118 2979 ΔΥΤῼ.

796 2995 905 3051 ΚΒ¹

1757 584 2149 653 tinopolitanns
2174 585 2482 653 patriarcha
2503 588 2712 641 electus
2738 586 2861 642 fuit.
2885 589 3018 642 Cum
3044 605 3176 646 vero
3193 605 3340 646 recte

1756 691 1821 731 ac
1844 677 2095 741 religiose
2110 692 2327 749 gregem
2344 678 2544 731 ChriSti
2564 678 2941 746 gubernasset,
2970 689 3023 734 et
3038 682 3339 739 Ecclesiam

1756 783 1788 823 a
1819 770 2094 824 scandalis
2125 780 2297 824 tutam
2330 780 2629 835 servasset,
2657 770 2814 840 eique
2843 787 2940 841 per
2970 788 3145 829 annos
3174 776 3337 841 duos,

1755 870 1810 915 et
1845 876 2061 915 menses
2102 860 2344 931 quinque
2389 860 2721 931 praefuisset,
2771 860 2822 913 in
2871 876 3005 930 pace
3050 862 3335 933 requievit.

1760 971 1826 1025 Et
1879 982 2140 1026 certamen
2192 973 2364 1025 sancu‘
2416 974 2668 1053 martyris
2728 971 3042 1037 lsaacii,et
3072 976 3339 1028 sociorum

2480 1060 2617 1111 ejus.

1825 1150 1889 1205 Hi
1923 1150 2031 1205 tres
2065 1152 2239 1206 sancti
2272 1160 2543 1221 martyres
2575 1150 2839 1214 lsaacius,
2885 1151 3101 1223 Apollo,
3135 1148 3192 1208 et
3233 1152 3339 1207 Co-

1754 1244 1945 1299 dratus
2000 1242 2186 1297 famuli
2250 1242 2497 1297 fuerunt
2532 1243 2856 1297 Alexandra:
2919 1244 3330 1311 imperatricis:

1754 1350 1915 1403 quam
1948 1350 2073 1389 cum
2107 1334 2381 1387 vidissent
2414 1335 2617 1388 caduca
2653 1334 2818 1399 hujus
2848 1333 2945 1386 atri
2980 1334 3172 1403 gloria,
3200 1350 3339 1388 cor-

1755 1424 1999 1493 ruptihili
2022 1424 2276 1493 imperio,
2304 1431 2359 1477 et
2380 1423 2593 1475 mortali
2619 1423 2948 1493 imperatore
2980 1424 3337 1492 contemptis,

1754 1516 1819 1567 ad
1847 1513 2125 1568 Christum
2150 1526 2459 1574 accurrere,
2481 1512 2916 1581 eiquetanquam
2934 1512 3228 1565 immortali
3253 1520 3334 1565 at-

1752 1621 1859 1675 que
1887 1617 2093 1659 aeterno
2120 1604 2251 1673 Regi
2292 1606 2535 1668 credere,
2557 1613 2611 1657 et
2644 1617 2741 1671 pro
2763 1617 2829 1657 eo
2854 1611 3085 1657 mortem
3115 1604 3294 1661 subire
3316 1620 3340 1665 ε

1750 1700 1912 1753 etiam
1950 1698 2051 1766 ipsi
2086 1698 2288 1752 Christi
2326 1696 2485 1750 [idem
2518 1694 2755 1764 amplexi
2793 1702 2964 1748 sunt:
3004 1702 3060 1749 et
3090 1695 3335 1749 maxima

1753 1790 2003 1844 libertate
2038 1790 2347 1859 loquentes,
2381 1788 2763 1853 imperatorem
2800 1786 3179 1853 increparunt,
3223 1788 3328 1838 im-

1748 1880 1927 1948 pium,
1966 1878 2242 1931 crudelem
2279 1891 2342 1930 ac
2376 1875 2551 1929 l‘erum
2586 1874 2761 1942 ipsum
2796 1874 3158 1943 appellantes,
3187 1875 3332 1943 quod

1748 1970 2006 2039 conjugio
2046 1970 2149 2023 sibi
2184 1969 2387 2037 juncta:
2426 1967 2709 2031 mulieris,
2745 1982 2810 2020 ex
2848 1980 2956 2036 qua
2989 1967 3155 2019 etiam
3195 1966 3333 2019 lihe-

1748 2076 1841 2115 ros
1878 2069 2215 2129 susceperat,
2246 2060 2505 2113 misertus
2546 2074 2655 2112 non
2700 2067 2865 2113 esset.
2916 2058 3071 2113 Unde
3104 2057 3156 2110 in
3191 2058 3328 2110 iram

1746 2152 2017 2206 excitatus
2080 2153 2381 2220 imperalor
2444 2148 2735 2204 lictoribus
2801 2148 3075 2217 praecepit,
3111 2155 3170 2200 ut
3231 2161 3329 2201 eos

1747 2243 2300 2311 comprehenderent,
2331 2258 2393 2295 ac
2424 2242 2476 2295 in
2508 2256 2782 2295 carcerem
2830 2240 3185 2308 conjicerent.
3213 2236 3334 2303 Quo

1747 2344 1992 2405 peracto,
2024 2345 2137 2390 tota
2174 2346 2331 2390 nocte
2368 2337 2483 2404 ipse
2534 2336 2831 2403 imperator
2861 2332 3157 2402 cogitabat,
3191 2346 3329 2400 quo-

1746 2429 1909 2481 modo
1947 2443 2043 2481 eos
2079 2427 2454 2482 interimeret:
2483 2425 2711 2496 (ingenti
2742 2425 2887 2479 enim
2924 2423 3107 2478 furore
3132 2422 3326 2476 adver-

1746 2537 1839 2575 sus
1863 2522 1985 2575 illos
2012 2536 2279 2576 accensus
2309 2531 2425 2575 crat
2452 2537 2464 2573 :
2494 2522 2510 2588 )
2545 2522 2774 2588 ideoque
2823 2517 3072 2587 sequenti
3105 2516 3194 2570 die
3229 2530 3327 2570 eos

1745 2628 1929 2667 coram
1962 2630 2019 2668 se
2047 2614 2241 2668 adduci
2268 2613 2452 2682 jussit,
2482 2622 2535 2665 et
2568 2624 2626 2666 ut
2655 2610 2933 2665 Christum
2976 2610 3333 2675 abnegarent,

1745 2703 2067 2770 compellere
2110 2712 2339 2757 conatus
2378 2710 2479 2757 est.
2508 2700 2611 2755 Sed
2655 2716 2779 2754 cum
2811 2700 2859 2753 id
2912 2699 3049 2767 ipsis
3089 2697 3326 2751 suadere

1745 2810 1851 2849 non
1882 2796 2166 2859 valuisset,
2188 2795 2367 2863 capite
2398 2810 2493 2848 eos
2526 2793 2684 2861 plecti
2717 2792 3013 2845 mandavit.

2287 2901 2521 2956 EODEM
2572 2900 2823 2955 MENSE.

2201 2996 2295 3050 Die
2323 2996 2580 3049 vicesima
2605 2996 2844 3049 secunda

78 3087 274 3156 Μμήμη
308 3088 423 3143 τοῦ
464 3089 536 3140 ἐν
580 3090 771 3162 ἁγίοις
828 3090 1057 3158 Πατρός
1115 3089 1288 3161 ἡμῶν
1334 3092 1638 3161 Θεοδώρου

1745 3091 1849 3162 67
1885 3089 2143 3143 Memoria
2171 3088 2343 3141 sancti
2374 3085 2555 3140 Patris
2586 3087 2754 3139 nostri
2789 3084 3047 3140 Theodori
3068 3087 3327 3147 δίδασκε.

614 3159 720 3212 τοῦ
752 3162 1095 3214 Σικαιώτου.

133 3271 409 3338 Θεόδωρος
467 3272 495 3321 6
530 3269 624 3321 τοῦ
679 3271 915 3339 Χριστοῦ
976 3272 1262 3341 ίεράρχης,
1315 3275 1409 3325 καὶ
1464 3274 1639 3342 μέγας

76 3363 502 3435 ὂτλματουργὺς,
531 3362 746 3431 ὑπῆρχε
782 3364 881 3431 μὲν
917 3364 984 3415 ὲκ
1013 3364 1108 3432 τῆς
1139 3352 1397 3417 Γαλατῶν
1428 3365 1636 3435 χώρας,

76 3457 161 3509 ἀπὸ
187 3459 395 3528 χωρίου
459 3455 516 3506 δὲ
559 3454 835 3517 Σικαιοῦς.
876 3457 970 3507 ἐπὶ
1015 3456 1116 3526 τῆς
1178 3456 1456 3525 βασιλείας
1502 3460 1637 3510 Ἰου-

75 3548 329 3602 στινιανοῦ
370 3546 467 3598 τοῦ
496 3545 729 3597 παλαιοῦ
761 3562 774 3575 ⁸
821 3547 1085 3617 ἐγεννήθη
1114 3547 1172 3600 δὲ
1210 3551 1269 3600 ὲν
1310 3550 1633 3619 πανδοκείῳ,

74 3639 149 3706 τῆς
180 3641 397 3710 μητρὸς
434 3639 605 3692 αὑτοῦ
653 3637 890 3707 Μαρίας,
943 3639 1032 3691 διὰ
1065 3639 1294 3703 κάλλους
1347 3639 1443 3693 τοῦ
1502 3658 1637 3712 προ-

73 3731 233 3784 σώπου
295 3734 503 3799 αὐτῆς,
581 3732 1036 3802 ὲπισπασαμένης
1090 3734 1224 3804 πρὸς

74 3824 209 3893 Tim;
221 3842 307 3877 σιν
348 3826 587 3893 Κοσμᾶν
620 3842 741 3877 τινα
768 3824 877 3877 τῶν
910 3824 1208 3894 βασιλικῶν
1241 3827 1597 3897 ταχυδρόμων
1620 3843 1634 3857 ο

72 3914 173 3979 ἥτις
202 3919 300 3970 καὶ
337 3912 489 3969 εἶδεν
527 3919 585 3968 ὲν
619 3916 833 3986 ὀνείρῳ,
884 3918 1092 3987 ἀστέρα
1136 3919 1417 3971 κατελθεῖν
1443 3922 1506 3971 ἐκ
1541 3918 1637 3971 τοῦ

72 4008 311 4075 ιίιρσνοῦ,
345 4011 448 4061 καὶ
472 4010 661 4059 πεσεῖν
702 4011 795 4061 ἐπὶ
834 4008 932 4079 τὴν
957 4009 1166 4062 κοιλίαν
1206 4010 1372 4079 αὐτῆς
1402 4026 1416 4041 ⁸
1445 4011 1637 4079 ἐδήλου

72 4100 117 4149 ἐξ
156 4103 180 4151 ὁ
222 4102 413 4169 ἀστὴρ
470 4102 569 4169 τὴν
620 4101 701 4161 εἰς
748 4098 975 4171 ὕστερον
1032 4100 1235 4172 ἀρετὴν
1278 4100 1372 4154 τοῦ
1408 4102 1633 4165 παιδός·

70 4191 309 4245 τοσοῦτον
344 4192 460 4260 γάρ
512 4193 577 4243 ὲκ
620 4190 852 4260 βρέφους
886 4192 1103 4259 ἐγένετο
1134 4192 1409 4260 ἐνάρετος,
1444 4193 1519 4256 ὼς
1545 4192 1637 4245 καὶ

71 4282 141 4329 τὶν
168 4281 326 4346 άγιον
384 4282 661 4349 Γεώργιον
697 4284 849 4350 φίλον
867 4284 1194 4353 κτήσασθαι,
1224 4285 1475 4353 φανερῶς
1511 4285 1637 4336 συλ-

70 4370 315 4425 λαλοῦντα
374 4372 531 4441 αὐτῷ
565 4372 659 4424 καὶ
706 4374 1130 4443 συμϐαδίζοντα,
1194 4377 1288 4427 καὶ
1340 4376 1637 4445 όδηγοῦντα

73 4465 209 4517 αὺῇν
246 4468 392 4535 πρὸς
430 4467 543 4517 πᾶν
568 4465 772 4531 ἀγαθόν
803 4482 819 4498 ·
856 4464 916 4529 ἐξ
946 4459 1010 4520 οὗ
1055 4469 1149 4519 καὶ
1174 4468 1243 4519 τά
1272 4469 1441 4537 μυρία
1464 4470 1633 4536 ἐκτή-

74 4572 183 4607 εστο
214 4558 503 4625 θαύματα.
539 4558 833 4626 Γενόμενος
859 4558 917 4610 δὲ
950 4560 1204 4628 μοναχδς,
1252 4561 1637 4630 ἐχειροτονήθη

74 4650 149 4699 u‘t
223 4651 533 4709 ἐπίσκοπος
595 4650 1196 4714 Ἀναστασιουπόλεως,
1264 4655 1359 4719 καί
1424 4653 1514 4715 διὰ
1567 4654 1636 4707 τὰ

74 4743 220 4794 πολλὰ
255 4742 525 4809 θαύματα
554 4740 888 4810 περιϐόητος
922 4745 1133 4811 φανεὶς,
1180 4744 1278 4797 καὶ
1330 4744 1634 4813 βασιλεῦσι,

74 4833 149 4883 καὶ
177 4834 253 4903 τῷ
294 4835 497 4902 κόσμῳ
528 4836 711 4895 παντὶ,
744 4835 802 4885 ἑν
848 4836 1041 4907 εἰρήνῃ
1081 4836 1218 4905 πρὸς
1258 4835 1463 4906 Κύριον
1516 4836 1639 4902 ἰξε-

71 4920 310 4991 ἓήμησεν.

1304 3734 1403 3805 τὴν
1470 3735 1637 3787 αὖτοῦ

128 5130 228 5182 Καί
261 5129 481 5199 μνήμη
518 5128 625 5183 τοῦ
646 5129 819 5198 ἁγίου
853 5130 1204 5185 ἀποστόλου
1230 5133 1577 5200 Ναθαναήλ.

128 5237 422 5308 Ναθαναὴλ
452 5241 482 5291 ό
513 5236 607 5289 τοῦ
643 5238 879 5309 Χριστοῦ
914 5239 1064 5306 φίλος
1099 5239 1195 5293 καὶ
1222 5240 1539 5305 ἀπόστολος,
1566 5236 1634 5309 ἦν

74 5329 157 5393 μὲν
186 5332 287 5383 άπὸ
307 5333 473 5384 Κανᾶ
504 5330 713 5392 πόλεως
738 5335 833 5399 τῆς
868 5330 1176 5394 Γαλιλαίας,
1198 5331 1326 5387 ἔνθα
1355 5333 1636 5401 ὁΧριστὺς

74 5426 151 5470 καὶ
175 5423 303 5485 θεὸς
326 5424 496 5492 ἡμῶν
532 5423 759 5490 κληθεὶς
812 5425 890 5486 είς
922 5424 1101 5491 γάμον
1154 5423 1291 5493 μετὰ
1334 5424 1434 5491 τῆς
1464 5442 1635 5476 πανα-

76 5521 285 5577 [partes
304 5515 477 5569 αὑτοῦ
518 5514 763 5583 Μητρὸς,
786 5522 879 5567 καὶ
915 5515 1023 5567 τῶν
1053 5517 1215 5584 ἱερῶν
1266 5516 1544 5587 μαθητῶν,
1576 5517 1635 5568 τὸ

82 5608 268 5672 πρῶτον
286 5610 473 5679 θαῦμα
498 5607 748 5676 ἐποίησε,
772 5610 829 5661 τὸ
856 5608 999 5677 ὕδωρ
1021 5612 1098 5672 εἰς
1124 5606 1263 5661 οἶνον
1294 5610 1632 5679 μεταϐαλὼν.

80 5694 419 5770 Πρῡσεδέχετο
442 5702 505 5753 δὲ
555 5700 654 5752 καὶ
696 5700 856 5762 αὐτὸς
887 5702 986 5769 τὴν
1019 5702 1322 5770 παρουσίαν
1357 5702 1451 5754 τοῦ
1493 5704 1632 5771 Χρι-

80 5788 205 5853 στοῦ,
234 5792 304 5854 ὡς
349 5792 705 5864 νομομαθὴς,
762 5790 855 5843 τοῦ
889 5791 1018 5860 παρ’
1071 5791 1293 5844 ἐκείνων
1335 5792 1632 5861 λεγομένου

1814 3269 2139 3324 Theodorus
2183 3267 2387 3326 Christi
2433 3266 2702 3336 pontifex,
2758 3282 2823 3321 ac
2880 3283 3110 3338 magnus
3164 3273 3325 3325 than-

1744 3373 2051 3431 mnturgus,
2078 3371 2239 3413 natus
2272 3368 2356 3413 est
2386 3360 2440 3413 in
2472 3360 2696 3430 regione
2756 3359 2981 3415 Galatiae
3027 3363 3079 3415 in
3126 3366 3334 3433 oppido

1740 3458 1885 3526 quod
1926 3457 2134 3510 δίοποι]
2171 3456 2495 3526 appellatur,
2522 3454 2840 3511 Iustiniano
2886 3458 3102 3511 seniore
3150 3459 3324 3526 impe-

1741 3558 1916 3602 rante.
1944 3549 2168 3603 Gcnitns
2214 3564 2344 3604 vero
2396 3550 2498 3603 fuit
2526 3550 2579 3602 in
2614 3549 2835 3604 taberna
2880 3550 3202 3615 diversoria,
3230 3550 3328 3609 ubi

1742 3652 1917 3696 mater
1955 3643 2128 3712 ipsius
2177 3642 2345 3695 Maria
2389 3643 2589 3697 eximia
2635 3642 2747 3696 oris
2787 3642 2870 3697 sui
2915 3644 3328 3712 pulchritudine

1742 3738 1807 3787 ad
1851 3750 1974 3787 eum
2021 3734 2452 3803 progignendum
2488 3744 2784 3787 attraxerat
2814 3734 2987 3788 virum
3023 3736 3316 3803 quemdam

1743 3827 1959 3879 nomine
2016 3826 2291 3886 Cosmam,
2324 3824 2418 3893 qui
2475 3824 2614 3877 inter
2661 3822 3009 3892 imperatoris
3062 3838 3319 3879 cursores

1742 3918 2048 3984 adscriptus
2078 3925 2212 3971 erat.
2246 3917 2445 3970 Eadem
2484 3930 2647 3984 porro
2697 3918 2815 3985 ejus
2856 3924 3030 3971 mater
3077 3918 3212 3970 vidit
3257 3920 3309 3969 in

1741 4010 1951 4064 somnis
1986 4010 2138 4062 sidus
2166 4024 2195 4061 e
2221 4008 2359 4063 caelo
2398 4007 2597 4072 delabi,
2622 4018 2785 4076 atque
2814 4006 2869 4061 in
2925 4024 3084 4063 suum
3134 4010 3323 4062 sinum

1740 4101 1987 4154 decidere
2013 4116 2025 4151 :
2053 4100 2196 4168 quod
2230 4114 2362 4153 sane
2396 4098 2551 4154 sidus
2602 4098 2839 4153 futuram
2877 4099 3031 4168 pueri
3060 4098 3321 4154 virtutem

1740 4193 2161 4262 pratnuntiahat.
2187 4192 2337 4247 Adeo
2355 4192 2497 4245 enim
2529 4192 2642 4260 ipse
2668 4192 2736 4245 ab
2766 4192 2987 4247 ineunte
3016 4202 3174 4247 aelate
3204 4193 3323 4247 vir-

1740 4289 1872 4343 tutis
1902 4288 2174 4343 stodiosus
2204 4295 2364 4355 atque
2397 4299 2590 4337 amans
2621 4283 2741 4345 fuit,
2775 4292 2832 4336 ut
2864 4295 3115 4338 sanctum
3147 4284 3320 4339 Geor-

1741 4381 1888 4450 gium
1924 4380 2161 4445 amicum
2196 4377 2295 4429 sibi
2330 4375 2746 4444 comparaverit,
2777 4376 2869 4444 qui
2898 4386 2951 4429 et
2983 4378 3157 4445 palam
3191 4392 3321 4431 cum

1741 4488 1806 4526 co
1832 4470 2087 4539 colloqui,
2114 4477 2168 4521 et
2198 4467 2511 4535 frequenter
2537 4467 2850 4527 convenire,
2872 4475 3035 4535 atque
3064 4468 3129 4519 ad
3155 4482 3321 4521 omne

1742 4579 1877 4633 opus
1926 4564 2130 4616 bonum
2180 4560 2356 4629 ipsutn
2413 4558 2710 4626 perducere
2757 4570 3134 4612 censueverat.
3166 4557 3325 4613 Unde

1741 4662 2029 4713 innumera
2065 4656 2235 4709 edidit
2282 4652 2568 4707 miracula.
2599 4649 2735 4704 Cum
2786 4665 2914 4704 vcro
2954 4652 3318 4704 monasticam

1740 4753 1903 4805 vitam
1941 4748 2299 4817 suscepisset,
2326 4748 2616 4815 episcopus
2647 4742 3074 4809 Anastasiopolis
3098 4742 3323 4795 ordina-

1742 4855 1831 4900 tus
1859 4854 1961 4897 est.
1989 4841 2214 4895 Demum
2250 4854 2373 4893 cum
2406 4837 2549 4906 apud
2584 4837 2961 4903 imperatores,
2984 4850 3051 4889 ac
3090 4835 3311 4888 univer»

1740 4951 1861 4990 sum
1923 4946 2193 4989 terrarum
2256 4929 2443 4983 orbem
2503 4928 2756 4996 plurimis
2811 4928 2972 4981 editis
3034 4926 3319 4981 miraculis

1739 5022 1969 5077 celebris
2017 5019 2302 5080 evasisset,
2329 5019 2382 5069 in
2417 5031 2549 5087 pace
2596 5017 2665 5070 ad
2701 5016 2992 5070 Dominum
3037 5016 3317 5084 migravit.

1929 5131 1998 5185 Et
2029 5130 2279 5183 memoria
2307 5130 2480 5181 sancti
2507 5125 2739 5195 apostoli
2765 5125 3136 5180 Nalhanaelis.

1808 5239 2327 5298 NathanaelChristi
2350 5240 2559 5293 amicus
2598 5246 2648 5290 ct
2676 5238 2956 5306 apostolus
2991 5236 3173 5292 fuitex
3205 5237 3317 5293 Ca-

1740 5353 1808 5392 na
1854 5338 2071 5391 civitate
2116 5333 2369 5396 Galilzaa,
2400 5332 2491 5383 uhi
2543 5330 2796 5383 Christus
2832 5329 2972 5385 Deus
3021 5339 3206 5383 noster
3244 5330 3312 5384 ad

1739 5432 1953 5497 nuptias
1982 5436 2204 5482 vocatus
2234 5439 2339 5478 una
2367 5439 2492 5477 cum
2520 5425 2832 5476 intemerata
2866 5422 2985 5489 ejus
3015 5420 3319 5489 Gcnitricc,

1739 5533 1791 5577 et
1862 5522 2032 5576 sacris
2088 5519 2388 5588 discipulis,
2422 5517 2655 5585 primum
2727 5514 2894 5567 cdidit
2961 5517 3311 5573 miraculum,

1739 5626 1935 5679 aquam
1968 5610 2019 5661 in
2060 5610 2242 5660 vinum
2289 5617 2633 5661 convertens.
2663 5602 3028 5673 Exspectahat
3051 5614 3229 5657 autem
3262 5614 3317 5656 et

1742 5700 2046 5771 ipse,qnod
2096 5698 2231 5768 legis
2291 5698 2498 5767 peritus
2555 5706 2717 5759 esset,
2766 5696 3056 5749 adventum
3108 5692 3319 5750 ChriSIi

1739 5794 1831 5861 qui
1886 5792 2026 5861 apud
2076 5790 2261 5860 ipsos'
2304 5789 2528 5842 Messias
2587 5788 2891 5842 dicebatur.
2954 5788 3132 5853 Quare
3189 5803 3315 5841 cunt
