  <div class='ocr_page' id='page_1' title='image "/cluster/home/n/w/nwhite01/storage/ocr_20150623/117/nnc1.0046980202/221.png"; bbox 0 0 4146 6518; ppageno 0'>
   <div class='ocr_carea' id='block_1_1' title="bbox 778 438 890 500">
    <p class='ocr_par' dir='ltr' id='par_1_1' title="bbox 778 438 890 500">
     <span class='ocr_line' id='line_1_1' title="bbox 778 438 890 500; baseline 0.009 -1"><span class='ocrx_word' id='word_1_1' title='bbox 778 438 890 500; x_wconf 74' lang='lat'><strong>423</strong></span> 
     </span>
    </p>
   </div>
   <div class='ocr_carea' id='block_1_2' title="bbox 2032 435 2845 499">
    <p class='ocr_par' dir='ltr' id='par_1_2' title="bbox 2032 435 2845 499">
     <span class='ocr_line' id='line_1_2' title="bbox 2032 435 2845 499; baseline -0.004 0"><span class='ocrx_word' id='word_1_2' title='bbox 2032 438 2389 499; x_wconf 67' lang='lat' dir='ltr'><strong>HENOLOG</strong></span> <span class='ocrx_word' id='word_1_3' title='bbox 2406 441 2461 499; x_wconf 83' lang='lat' dir='ltr'><strong>ll</strong></span> <span class='ocrx_word' id='word_1_4' title='bbox 2499 439 2692 497; x_wconf 74' lang='lat' dir='ltr'><strong>PARS</strong></span> <span class='ocrx_word' id='word_1_5' title='bbox 2734 435 2845 497; x_wconf 80' lang='lat' dir='ltr'><strong>Ill.</strong></span> 
     </span>
    </p>
   </div>
   <div class='ocr_carea' id='block_1_3' title="bbox 3932 432 4032 496">
    <p class='ocr_par' dir='ltr' id='par_1_3' title="bbox 3932 432 4032 496">
     <span class='ocr_line' id='line_1_3' title="bbox 3932 432 4032 496; baseline -0.03 0"><span class='ocrx_word' id='word_1_6' title='bbox 3932 432 4032 496; x_wconf 66' lang='lat' dir='ltr'><strong>lit</strong></span> 
     </span>
    </p>
   </div>
   <div class='ocr_carea' id='block_1_4' title="bbox 783 548 2369 625">
    <p class='ocr_par' dir='ltr' id='par_1_4' title="bbox 783 553 2355 625">
     <span class='ocr_line' id='line_1_4' title="bbox 783 553 2355 625; baseline -0.004 -12"><span class='ocrx_word' id='word_1_7' title='bbox 783 557 871 613; x_wconf 89' lang='lat' dir='ltr'><strong>die</strong></span> <span class='ocrx_word' id='word_1_8' title='bbox 900 570 931 611; x_wconf 88' lang='lat' dir='ltr'><strong>e</strong></span> <span class='ocrx_word' id='word_1_9' title='bbox 958 568 1179 610; x_wconf 79' lang='lat' dir='ltr'><strong>carcere</strong></span> <span class='ocrx_word' id='word_1_10' title='bbox 1206 553 1455 615; x_wconf 80' lang='lat' dir='ltr'><strong>eductus,</strong></span> <span class='ocrx_word' id='word_1_11' title='bbox 1479 561 1642 621; x_wconf 85' lang='lat' dir='ltr'><strong>atque</strong></span> <span class='ocrx_word' id='word_1_12' title='bbox 1674 553 1868 608; x_wconf 86' lang='lat' dir='ltr'><strong>iterum</strong></span> <span class='ocrx_word' id='word_1_13' title='bbox 1900 563 2165 624; x_wconf 75' lang='lat' dir='ltr'><strong>raptatus,</strong></span> <span class='ocrx_word' id='word_1_14' title='bbox 2189 556 2355 625; x_wconf 77' lang='lat' dir='ltr'><strong>spiri-</strong></span> 
     </span>
    </p>
   </div>
   <div class='ocr_carea' id='block_1_5' title="bbox 2471 548 4031 625">
    <p class='ocr_par' dir='ltr' id='par_1_5' title="bbox 2471 548 4031 623">
     <span class='ocr_line' id='line_1_5' title="bbox 2471 548 4031 623; baseline -0.005 -15"><span class='ocrx_word' id='word_1_15' title='bbox 2471 557 2594 609; x_wconf 83' lang='grc' dir='ltr'>Ξνοα</span> <span class='ocrx_word' id='word_1_16' title='bbox 2638 556 2829 623; x_wconf 74' lang='grc' dir='ltr'>φανεὶς</span> <span class='ocrx_word' id='word_1_17' title='bbox 2894 552 3045 622; x_wconf 70' lang='grc' dir='ltr'>αὐτῷ</span> <span class='ocrx_word' id='word_1_18' title='bbox 3093 555 3121 604; x_wconf 86' lang='grc' dir='ltr'><em>ὀ</em></span> <span class='ocrx_word' id='word_1_19' title='bbox 3170 552 3393 620; x_wconf 78' lang='grc' dir='ltr'>Κύριος,</span> <span class='ocrx_word' id='word_1_20' title='bbox 3445 548 3724 619; x_wconf 78' lang='grc' dir='ltr'>βασιλείαν</span> <span class='ocrx_word' id='word_1_21' title='bbox 3771 548 4031 619; x_wconf 65' lang='grc' dir='ltr'>ύπὲσχετι</span> 
     </span>
    </p>
   </div>
   <div class='ocr_carea' id='block_1_6' title="bbox 785 648 1320 704">
    <p class='ocr_par' dir='ltr' id='par_1_6' title="bbox 785 648 1320 704">
     <span class='ocr_line' id='line_1_6' title="bbox 785 648 1320 704; baseline 0.002 -2"><span class='ocrx_word' id='word_1_22' title='bbox 785 658 898 703; x_wconf 75' lang='lat' dir='ltr'><strong>tum</strong></span> <span class='ocrx_word' id='word_1_23' title='bbox 930 648 1041 704; x_wconf 88' lang='lat' dir='ltr'><strong>Deo</strong></span> <span class='ocrx_word' id='word_1_24' title='bbox 1070 648 1320 704; x_wconf 88' lang='lat' dir='ltr'><strong>reddidit.</strong></span> 
     </span>
    </p>
   </div>
   <div class='ocr_carea' id='block_1_7' title="bbox 962 843 2179 922">
    <p class='ocr_par' dir='ltr' id='par_1_7' title="bbox 962 843 2179 922">
     <span class='ocr_line' id='line_1_7' title="bbox 962 843 2179 922; baseline 0.003 -21"><span class='ocrx_word' id='word_1_25' title='bbox 962 846 1033 901; x_wconf 87' lang='lat' dir='ltr'><strong>Et</strong></span> <span class='ocrx_word' id='word_1_26' title='bbox 1058 843 1320 905; x_wconf 78' lang='lat' dir='ltr'><strong>certamen</strong></span> <span class='ocrx_word' id='word_1_27' title='bbox 1347 853 1518 905; x_wconf 83' lang='lat' dir='ltr'><strong>sancti</strong></span> <span class='ocrx_word' id='word_1_28' title='bbox 1545 854 1798 922; x_wconf 76' lang='lat' dir='ltr'><strong>martyris</strong></span> <span class='ocrx_word' id='word_1_29' title='bbox 1830 850 1984 906; x_wconf 76' lang='lat' dir='ltr'><strong>Saba</strong></span> <span class='ocrx_word' id='word_1_30' title='bbox 2010 852 2179 905; x_wconf 84' lang='lat' dir='ltr'><strong>ducis.</strong></span> 
     </span>
    </p>
   </div>
   <div class='ocr_carea' id='block_1_8' title="bbox 858 1026 2361 1100">
    <p class='ocr_par' dir='ltr' id='par_1_8' title="bbox 858 1026 2361 1100">
     <span class='ocr_line' id='line_1_8' title="bbox 858 1026 2361 1100; baseline 0 -20"><span class='ocrx_word' id='word_1_31' title='bbox 858 1026 1031 1081; x_wconf 90' lang='lat' dir='ltr'><strong>Sabas</strong></span> <span class='ocrx_word' id='word_1_32' title='bbox 1054 1026 1252 1081; x_wconf 84' lang='lat' dir='ltr'><strong>Christi</strong></span> <span class='ocrx_word' id='word_1_33' title='bbox 1276 1037 1501 1100; x_wconf 78' lang='lat' dir='ltr'><strong>martyr.</strong></span> <span class='ocrx_word' id='word_1_34' title='bbox 1528 1029 1830 1097; x_wconf 83' lang='lat' dir='ltr'><strong>imperante</strong></span> <span class='ocrx_word' id='word_1_35' title='bbox 1855 1030 2168 1088; x_wconf 81' lang='lat' dir='ltr'><strong>Aureliano,</strong></span> <span class='ocrx_word' id='word_1_36' title='bbox 2205 1026 2361 1081; x_wconf 86' lang='lat' dir='ltr'><strong>ducis</strong></span> 
     </span>
    </p>
   </div>
   <div class='ocr_carea' id='block_1_9' title="bbox 786 1116 2359 1188">
    <p class='ocr_par' dir='ltr' id='par_1_9' title="bbox 786 1116 2359 1188">
     <span class='ocr_line' id='line_1_9' title="bbox 786 1116 2359 1188; baseline -0.001 -18"><span class='ocrx_word' id='word_1_37' title='bbox 786 1118 1020 1170; x_wconf 83' lang='lat' dir='ltr'><strong>militum</strong></span> <span class='ocrx_word' id='word_1_38' title='bbox 1064 1133 1294 1172; x_wconf 90' lang='lat' dir='ltr'><strong>munere</strong></span> <span class='ocrx_word' id='word_1_39' title='bbox 1328 1119 1382 1171; x_wconf 92' lang='lat' dir='ltr'><strong>in</strong></span> <span class='ocrx_word' id='word_1_40' title='bbox 1424 1118 1557 1170; x_wconf 90' lang='lat' dir='ltr'><strong>urbe</strong></span> <span class='ocrx_word' id='word_1_41' title='bbox 1612 1118 1783 1172; x_wconf 80' lang='lat' dir='ltr'><strong>Roma</strong></span> <span class='ocrx_word' id='word_1_42' title='bbox 1841 1118 2191 1188; x_wconf 78' lang='lat' dir='ltr'><strong>fungebatur.</strong></span> <span class='ocrx_word' id='word_1_43' title='bbox 2223 1116 2359 1170; x_wconf 87' lang='lat' dir='ltr'><strong>Cum</strong></span> 
     </span>
    </p>
   </div>
   <div class='ocr_carea' id='block_1_10' title="bbox 784 1208 2363 1278">
    <p class='ocr_par' dir='ltr' id='par_1_10' title="bbox 784 1208 2363 1278">
     <span class='ocr_line' id='line_1_10' title="bbox 784 1208 2363 1278; baseline -0.001 -15"><span class='ocrx_word' id='word_1_44' title='bbox 784 1219 964 1263; x_wconf 89' lang='lat' dir='ltr'><strong>autem</strong></span> <span class='ocrx_word' id='word_1_45' title='bbox 998 1224 1197 1278; x_wconf 70' lang='lat' dir='ltr'><strong>genere</strong></span> <span class='ocrx_word' id='word_1_46' title='bbox 1232 1209 1449 1278; x_wconf 88' lang='lat' dir='ltr'><strong>quidem</strong></span> <span class='ocrx_word' id='word_1_47' title='bbox 1484 1208 1719 1263; x_wconf 80' lang='lat' dir='ltr'><strong>Gottltus</strong></span> <span class='ocrx_word' id='word_1_48' title='bbox 1752 1217 1919 1272; x_wconf 82' lang='lat' dir='ltr'><strong>esset,</strong></span> <span class='ocrx_word' id='word_1_49' title='bbox 1944 1209 2205 1277; x_wconf 75' lang='lat' dir='ltr'><strong>religione</strong></span> <span class='ocrx_word' id='word_1_50' title='bbox 2236 1222 2363 1261; x_wconf 89' lang='lat' dir='ltr'><strong>vero</strong></span> 
     </span>
    </p>
   </div>
   <div class='ocr_carea' id='block_1_11' title="bbox 785 1299 2363 1366">
    <p class='ocr_par' dir='ltr' id='par_1_11' title="bbox 785 1299 2363 1366">
     <span class='ocr_line' id='line_1_11' title="bbox 785 1299 2363 1366; baseline 0.001 -13"><span class='ocrx_word' id='word_1_51' title='bbox 785 1299 1152 1366; x_wconf 89' lang='lat' dir='ltr'><strong>Christianus,</strong></span> <span class='ocrx_word' id='word_1_52' title='bbox 1186 1309 1407 1353; x_wconf 91' lang='lat' dir='ltr'><strong>sanctos</strong></span> <span class='ocrx_word' id='word_1_53' title='bbox 1436 1302 1645 1354; x_wconf 82' lang='lat' dir='ltr'><strong>carceri</strong></span> <span class='ocrx_word' id='word_1_54' title='bbox 1681 1300 1927 1355; x_wconf 87' lang='lat' dir='ltr'><strong>inclusos</strong></span> <span class='ocrx_word' id='word_1_55' title='bbox 1962 1301 2219 1364; x_wconf 83' lang='lat' dir='ltr'><strong>invisere,</strong></span> <span class='ocrx_word' id='word_1_56' title='bbox 2251 1302 2363 1354; x_wconf 86' lang='lat' dir='ltr'><strong>eis-</strong></span> 
     </span>
    </p>
   </div>
   <div class='ocr_carea' id='block_1_12' title="bbox 785 1388 2364 1459">
    <p class='ocr_par' dir='ltr' id='par_1_12' title="bbox 785 1388 2364 1459">
     <span class='ocr_line' id='line_1_12' title="bbox 785 1388 2364 1459; baseline -0.001 -15"><span class='ocrx_word' id='word_1_57' title='bbox 785 1407 891 1459; x_wconf 87' lang='lat' dir='ltr'><strong>que</strong></span> <span class='ocrx_word' id='word_1_58' title='bbox 919 1390 1174 1443; x_wconf 75' lang='lat' dir='ltr'><strong>famulari</strong></span> <span class='ocrx_word' id='word_1_59' title='bbox 1208 1397 1588 1443; x_wconf 81' lang='lat' dir='ltr'><strong>consueverat.</strong></span> <span class='ocrx_word' id='word_1_60' title='bbox 1614 1388 1696 1443; x_wconf 91' lang='lat' dir='ltr'><strong>Ob</strong></span> <span class='ocrx_word' id='word_1_61' title='bbox 1729 1390 1950 1445; x_wconf 70' lang='lat' dir='ltr'><strong>illibata:</strong></span> <span class='ocrx_word' id='word_1_62' title='bbox 1982 1390 2209 1458; x_wconf 86' lang='lat' dir='ltr'><strong>insuper</strong></span> <span class='ocrx_word' id='word_1_63' title='bbox 2240 1388 2364 1442; x_wconf 69' lang='lat' dir='ltr'><strong>vita:</strong></span> 
     </span>
    </p>
   </div>
   <div class='ocr_carea' id='block_1_13' title="bbox 784 1481 2363 1549">
    <p class='ocr_par' dir='ltr' id='par_1_13' title="bbox 784 1481 2363 1549">
     <span class='ocr_line' id='line_1_13' title="bbox 784 1481 2363 1549; baseline 0.001 -15"><span class='ocrx_word' id='word_1_64' title='bbox 784 1494 1052 1547; x_wconf 79' lang='lat' dir='ltr'><strong>tenorem,</strong></span> <span class='ocrx_word' id='word_1_65' title='bbox 1101 1496 1166 1535; x_wconf 89' lang='lat' dir='ltr'><strong>ac</strong></span> <span class='ocrx_word' id='word_1_66' title='bbox 1196 1481 1487 1549; x_wconf 74' lang='lat' dir='ltr'><strong>religiosas</strong></span> <span class='ocrx_word' id='word_1_67' title='bbox 1536 1483 1980 1546; x_wconf 76' lang='lat' dir='ltr'><strong>exercitationes,</strong></span> <span class='ocrx_word' id='word_1_68' title='bbox 2003 1488 2070 1536; x_wconf 83' lang='lat' dir='ltr'><strong>ex</strong></span> <span class='ocrx_word' id='word_1_69' title='bbox 2121 1481 2363 1537; x_wconf 80' lang='lat' dir='ltr'><strong>obsessis</strong></span> 
     </span>
    </p>
   </div>
   <div class='ocr_carea' id='block_1_14' title="bbox 790 1574 2361 1643">
    <p class='ocr_par' dir='ltr' id='par_1_14' title="bbox 790 1574 2361 1643">
     <span class='ocr_line' id='line_1_14' title="bbox 790 1574 2361 1643; baseline -0.001 -16"><span class='ocrx_word' id='word_1_70' title='bbox 790 1575 1076 1629; x_wconf 86' lang='lat' dir='ltr'><strong>hominum</strong></span> <span class='ocrx_word' id='word_1_71' title='bbox 1096 1574 1420 1643; x_wconf 81' lang='lat' dir='ltr'><strong>corporibus</strong></span> <span class='ocrx_word' id='word_1_72' title='bbox 1455 1574 1627 1627; x_wconf 88' lang='lat' dir='ltr'><strong>malos</strong></span> <span class='ocrx_word' id='word_1_73' title='bbox 1659 1574 1882 1642; x_wconf 81' lang='lat' dir='ltr'><strong>spiritus</strong></span> <span class='ocrx_word' id='word_1_74' title='bbox 1900 1574 2175 1642; x_wconf 88' lang='lat' dir='ltr'><strong>ejiciebat.</strong></span> <span class='ocrx_word' id='word_1_75' title='bbox 2205 1574 2361 1627; x_wconf 83' lang='lat' dir='ltr'><strong>Dela-</strong></span> 
     </span>
    </p>
   </div>
   <div class='ocr_carea' id='block_1_15' title="bbox 788 1664 2359 1733">
    <p class='ocr_par' dir='ltr' id='par_1_15' title="bbox 788 1664 2359 1733">
     <span class='ocr_line' id='line_1_15' title="bbox 788 1664 2359 1733; baseline -0.001 -16"><span class='ocrx_word' id='word_1_76' title='bbox 788 1677 875 1720; x_wconf 88' lang='lat' dir='ltr'><strong>tus</strong></span> <span class='ocrx_word' id='word_1_77' title='bbox 908 1677 1090 1720; x_wconf 86' lang='lat' dir='ltr'><strong>autem</strong></span> <span class='ocrx_word' id='word_1_78' title='bbox 1121 1675 1172 1719; x_wconf 91' lang='lat' dir='ltr'><strong>et</strong></span> <span class='ocrx_word' id='word_1_79' title='bbox 1202 1664 1656 1733; x_wconf 85' lang='lat' dir='ltr'><strong>comprehensus,</strong></span> <span class='ocrx_word' id='word_1_80' title='bbox 1684 1672 1846 1733; x_wconf 88' lang='lat' dir='ltr'><strong>atque</strong></span> <span class='ocrx_word' id='word_1_81' title='bbox 1874 1669 1940 1717; x_wconf 84' lang='lat' dir='ltr'><strong>ad</strong></span> <span class='ocrx_word' id='word_1_82' title='bbox 1975 1666 2359 1733; x_wconf 86' lang='lat' dir='ltr'><strong>imperatorem</strong></span> 
     </span>
    </p>
   </div>
   <div class='ocr_carea' id='block_1_16' title="bbox 787 1755 2359 1825">
    <p class='ocr_par' dir='ltr' id='par_1_16' title="bbox 787 1755 2359 1825">
     <span class='ocr_line' id='line_1_16' title="bbox 787 1755 2359 1825; baseline 0 -17"><span class='ocrx_word' id='word_1_83' title='bbox 787 1756 1091 1817; x_wconf 88' lang='lat' dir='ltr'><strong>adductus,</strong></span> <span class='ocrx_word' id='word_1_84' title='bbox 1165 1755 1406 1808; x_wconf 79' lang='lat' dir='ltr'><strong>balteum</strong></span> <span class='ocrx_word' id='word_1_85' title='bbox 1476 1755 1793 1821; x_wconf 87' lang='lat' dir='ltr'><strong>militarem,</strong></span> <span class='ocrx_word' id='word_1_86' title='bbox 1826 1771 1937 1818; x_wconf 85' lang='lat' dir='ltr'><strong>quo</strong></span> <span class='ocrx_word' id='word_1_87' title='bbox 2007 1756 2359 1825; x_wconf 78' lang='lat' dir='ltr'><strong>cingebatur,</strong></span> 
     </span>
    </p>
   </div>
   <div class='ocr_carea' id='block_1_17' title="bbox 786 1845 2363 1915">
    <p class='ocr_par' dir='ltr' id='par_1_17' title="bbox 786 1845 2363 1915">
     <span class='ocr_line' id='line_1_17' title="bbox 786 1845 2363 1915; baseline 0.001 -15"><span class='ocrx_word' id='word_1_88' title='bbox 786 1862 973 1900; x_wconf 88' lang='lat' dir='ltr'><strong>coram</strong></span> <span class='ocrx_word' id='word_1_89' title='bbox 1003 1861 1071 1900; x_wconf 89' lang='lat' dir='ltr'><strong>eo</strong></span> <span class='ocrx_word' id='word_1_90' title='bbox 1101 1846 1351 1915; x_wconf 84' lang='lat' dir='ltr'><strong>projecit,</strong></span> <span class='ocrx_word' id='word_1_91' title='bbox 1374 1857 1429 1900; x_wconf 94' lang='lat' dir='ltr'><strong>et</strong></span> <span class='ocrx_word' id='word_1_92' title='bbox 1459 1848 1738 1901; x_wconf 80' lang='lat' dir='ltr'><strong>Christum</strong></span> <span class='ocrx_word' id='word_1_93' title='bbox 1771 1847 2063 1902; x_wconf 87' lang='lat' dir='ltr'><strong>confessus</strong></span> <span class='ocrx_word' id='word_1_94' title='bbox 2094 1857 2196 1903; x_wconf 91' lang='lat' dir='ltr'><strong>est.</strong></span> <span class='ocrx_word' id='word_1_95' title='bbox 2226 1845 2363 1901; x_wconf 86' lang='lat' dir='ltr'><strong>Sus-</strong></span> 
     </span>
    </p>
   </div>
   <div class='ocr_carea' id='block_1_18' title="bbox 785 1938 2361 2008">
    <p class='ocr_par' dir='ltr' id='par_1_18' title="bbox 785 1938 2361 2008">
     <span class='ocr_line' id='line_1_18' title="bbox 785 1938 2361 2008; baseline 0 -15"><span class='ocrx_word' id='word_1_96' title='bbox 785 1954 988 2007; x_wconf 73' lang='lat' dir='ltr'><strong>pensus</strong></span> <span class='ocrx_word' id='word_1_97' title='bbox 1022 1940 1185 2008; x_wconf 81' lang='lat' dir='ltr'><strong>igitur</strong></span> <span class='ocrx_word' id='word_1_98' title='bbox 1220 1938 1353 2004; x_wconf 88' lang='lat' dir='ltr'><strong>fuit,</strong></span> <span class='ocrx_word' id='word_1_99' title='bbox 1378 1949 1432 1991; x_wconf 83' lang='lat' dir='ltr'><strong>et</strong></span> <span class='ocrx_word' id='word_1_100' title='bbox 1465 1939 1759 1994; x_wconf 82' lang='lat' dir='ltr'><strong>dilaniatus</strong></span> <span class='ocrx_word' id='word_1_101' title='bbox 1781 1981 1796 2004; x_wconf 93' lang='lat'><strong>,</strong></span> <span class='ocrx_word' id='word_1_102' title='bbox 1820 1950 1874 1994; x_wconf 88' lang='lat' dir='ltr'><strong>et</strong></span> <span class='ocrx_word' id='word_1_103' title='bbox 1904 1940 2117 1994; x_wconf 80' lang='lat' dir='ltr'><strong>facibus</strong></span> <span class='ocrx_word' id='word_1_104' title='bbox 2152 1939 2361 1995; x_wconf 91' lang='lat' dir='ltr'><strong>ustula-</strong></span> 
     </span>
    </p>
   </div>
   <div class='ocr_carea' id='block_1_19' title="bbox 786 2029 2363 2099">
    <p class='ocr_par' dir='ltr' id='par_1_19' title="bbox 786 2029 2363 2099">
     <span class='ocr_line' id='line_1_19' title="bbox 786 2029 2363 2099; baseline 0.001 -14"><span class='ocrx_word' id='word_1_105' title='bbox 786 2041 891 2086; x_wconf 92' lang='lat' dir='ltr'><strong>tus.</strong></span> <span class='ocrx_word' id='word_1_106' title='bbox 926 2029 1002 2083; x_wconf 77' lang='lat' dir='ltr'><strong>Ex</strong></span> <span class='ocrx_word' id='word_1_107' title='bbox 1038 2031 1239 2099; x_wconf 90' lang='lat' dir='ltr'><strong>quibus</strong></span> <span class='ocrx_word' id='word_1_108' title='bbox 1291 2032 1579 2086; x_wconf 85' lang='lat' dir='ltr'><strong>tormentis</strong></span> <span class='ocrx_word' id='word_1_109' title='bbox 1627 2046 1751 2085; x_wconf 86' lang='lat' dir='ltr'><strong>cum</strong></span> <span class='ocrx_word' id='word_1_110' title='bbox 1800 2032 2128 2085; x_wconf 90' lang='lat' dir='ltr'><strong>miraculose</strong></span> <span class='ocrx_word' id='word_1_111' title='bbox 2172 2047 2363 2099; x_wconf 82' lang='lat' dir='ltr'><strong>sospes</strong></span> 
     </span>
    </p>
   </div>
   <div class='ocr_carea' id='block_1_20' title="bbox 791 2123 2361 2192">
    <p class='ocr_par' dir='ltr' id='par_1_20' title="bbox 791 2123 2361 2192">
     <span class='ocr_line' id='line_1_20' title="bbox 791 2123 2361 2192; baseline 0.002 -18"><span class='ocrx_word' id='word_1_112' title='bbox 791 2135 954 2191; x_wconf 82' lang='lat' dir='ltr'><strong>atque</strong></span> <span class='ocrx_word' id='word_1_113' title='bbox 1013 2123 1305 2176; x_wconf 88' lang='lat' dir='ltr'><strong>incolumis</strong></span> <span class='ocrx_word' id='word_1_114' title='bbox 1366 2124 1669 2187; x_wconf 80' lang='lat' dir='ltr'><strong>evasisset,</strong></span> <span class='ocrx_word' id='word_1_115' title='bbox 1708 2123 1857 2177; x_wconf 89' lang='lat' dir='ltr'><strong>viros</strong></span> <span class='ocrx_word' id='word_1_116' title='bbox 1891 2123 2237 2192; x_wconf 72' lang='lat' dir='ltr'><strong>septuaginta</strong></span> <span class='ocrx_word' id='word_1_117' title='bbox 2294 2125 2361 2178; x_wconf 86' lang='lat' dir='ltr'><strong>ad</strong></span> 
     </span>
    </p>
   </div>
   <div class='ocr_carea' id='block_1_21' title="bbox 787 2213 2366 2285">
    <p class='ocr_par' dir='ltr' id='par_1_21' title="bbox 787 2213 2366 2285">
     <span class='ocr_line' id='line_1_21' title="bbox 787 2213 2366 2285; baseline 0.001 -17"><span class='ocrx_word' id='word_1_118' title='bbox 787 2214 987 2268; x_wconf 82' lang='lat' dir='ltr'><strong>Christi</strong></span> <span class='ocrx_word' id='word_1_119' title='bbox 1019 2213 1177 2267; x_wconf 83' lang='lat' dir='ltr'><strong>ﬁdem</strong></span> <span class='ocrx_word' id='word_1_120' title='bbox 1215 2215 1484 2279; x_wconf 80' lang='lat' dir='ltr'><strong>evocavit,</strong></span> <span class='ocrx_word' id='word_1_121' title='bbox 1515 2214 1609 2284; x_wconf 88' lang='lat' dir='ltr'><strong>qui</strong></span> <span class='ocrx_word' id='word_1_122' title='bbox 1646 2230 1837 2269; x_wconf 91' lang='lat' dir='ltr'><strong>omnes</strong></span> <span class='ocrx_word' id='word_1_123' title='bbox 1873 2214 2021 2269; x_wconf 91' lang='lat' dir='ltr'><strong>illico</strong></span> <span class='ocrx_word' id='word_1_124' title='bbox 2057 2217 2234 2285; x_wconf 86' lang='lat' dir='ltr'><strong>capite</strong></span> <span class='ocrx_word' id='word_1_125' title='bbox 2268 2216 2366 2270; x_wconf 90' lang='lat' dir='ltr'><strong>ob-</strong></span> 
     </span>
    </p>
   </div>
   <div class='ocr_carea' id='block_1_22' title="bbox 786 2304 2361 2371">
    <p class='ocr_par' dir='ltr' id='par_1_22' title="bbox 786 2304 2361 2371">
     <span class='ocr_line' id='line_1_22' title="bbox 786 2304 2361 2371; baseline 0.003 -16"><span class='ocrx_word' id='word_1_126' title='bbox 786 2306 1018 2358; x_wconf 83' lang='lat' dir='ltr'><strong>truncati</strong></span> <span class='ocrx_word' id='word_1_127' title='bbox 1049 2304 1289 2359; x_wconf 86' lang='lat' dir='ltr'><strong>fuerunt.</strong></span> <span class='ocrx_word' id='word_1_128' title='bbox 1312 2304 1556 2359; x_wconf 65' lang='lat' dir='ltr'><strong>Posthaec</strong></span> <span class='ocrx_word' id='word_1_129' title='bbox 1580 2306 1634 2359; x_wconf 91' lang='lat' dir='ltr'><strong>in</strong></span> <span class='ocrx_word' id='word_1_130' title='bbox 1657 2321 1930 2359; x_wconf 86' lang='lat' dir='ltr'><strong>carcerem</strong></span> <span class='ocrx_word' id='word_1_131' title='bbox 1958 2306 2235 2371; x_wconf 87' lang='lat' dir='ltr'><strong>conjectus</strong></span> <span class='ocrx_word' id='word_1_132' title='bbox 2260 2317 2361 2370; x_wconf 90' lang='lat' dir='ltr'><strong>est,</strong></span> 
     </span>
    </p>
   </div>
   <div class='ocr_carea' id='block_1_23' title="bbox 790 2395 2365 2465">
    <p class='ocr_par' dir='ltr' id='par_1_23' title="bbox 790 2395 2365 2465">
     <span class='ocr_line' id='line_1_23' title="bbox 790 2395 2365 2465; baseline 0.001 -16"><span class='ocrx_word' id='word_1_133' title='bbox 790 2396 879 2449; x_wconf 87' lang='lat' dir='ltr'><strong>ubi</strong></span> <span class='ocrx_word' id='word_1_134' title='bbox 914 2412 1038 2450; x_wconf 91' lang='lat' dir='ltr'><strong>cum</strong></span> <span class='ocrx_word' id='word_1_135' title='bbox 1069 2395 1320 2450; x_wconf 89' lang='lat' dir='ltr'><strong>Christus</strong></span> <span class='ocrx_word' id='word_1_136' title='bbox 1353 2397 1426 2449; x_wconf 89' lang='lat' dir='ltr'><strong>illi</strong></span> <span class='ocrx_word' id='word_1_137' title='bbox 1463 2397 1826 2465; x_wconf 85' lang='lat' dir='ltr'><strong>apparuisset,</strong></span> <span class='ocrx_word' id='word_1_138' title='bbox 1858 2396 2018 2464; x_wconf 80' lang='lat' dir='ltr'><strong>longe</strong></span> <span class='ocrx_word' id='word_1_139' title='bbox 2050 2397 2171 2464; x_wconf 91' lang='lat' dir='ltr'><strong>plus</strong></span> <span class='ocrx_word' id='word_1_140' title='bbox 2206 2398 2365 2451; x_wconf 88' lang='lat' dir='ltr'><strong>robo-</strong></span> 
     </span>
    </p>
   </div>
   <div class='ocr_carea' id='block_1_24' title="bbox 788 2491 2366 2560">
    <p class='ocr_par' dir='ltr' id='par_1_24' title="bbox 788 2491 2366 2560">
     <span class='ocr_line' id='line_1_24' title="bbox 788 2491 2366 2560; baseline 0.001 -17"><span class='ocrx_word' id='word_1_141' title='bbox 788 2491 863 2546; x_wconf 89' lang='lat' dir='ltr'><strong>ris</strong></span> <span class='ocrx_word' id='word_1_142' title='bbox 881 2491 929 2545; x_wconf 90' lang='lat' dir='ltr'><strong>ei</strong></span> <span class='ocrx_word' id='word_1_143' title='bbox 952 2491 1242 2545; x_wconf 82' lang='lat' dir='ltr'><strong>concessit.</strong></span> <span class='ocrx_word' id='word_1_144' title='bbox 1267 2492 1507 2546; x_wconf 85' lang='lat' dir='ltr'><strong>Eductns</strong></span> <span class='ocrx_word' id='word_1_145' title='bbox 1524 2492 1735 2544; x_wconf 64' lang='lat' dir='ltr'><strong>daemon</strong></span> <span class='ocrx_word' id='word_1_146' title='bbox 1755 2504 2038 2555; x_wconf 84' lang='lat' dir='ltr'><strong>ecarcere,</strong></span> <span class='ocrx_word' id='word_1_147' title='bbox 2065 2492 2366 2560; x_wconf 81' lang='lat' dir='ltr'><strong>jussusque</strong></span> 
     </span>
    </p>
   </div>
   <div class='ocr_carea' id='block_1_25' title="bbox 786 2580 2367 2651">
    <p class='ocr_par' dir='ltr' id='par_1_25' title="bbox 786 2580 2367 2651">
     <span class='ocr_line' id='line_1_25' title="bbox 786 2580 2367 2651; baseline 0.001 -16"><span class='ocrx_word' id='word_1_148' title='bbox 786 2582 1066 2635; x_wconf 85' lang='lat' dir='ltr'><strong>Christum</strong></span> <span class='ocrx_word' id='word_1_149' title='bbox 1091 2581 1363 2651; x_wconf 77' lang='lat' dir='ltr'><strong>abnegare</strong></span> <span class='ocrx_word' id='word_1_150' title='bbox 1377 2598 1443 2637; x_wconf 90' lang='lat' dir='ltr'><strong>ac</strong></span> <span class='ocrx_word' id='word_1_151' title='bbox 1456 2583 1615 2636; x_wconf 88' lang='lat' dir='ltr'><strong>idolis</strong></span> <span class='ocrx_word' id='word_1_152' title='bbox 1628 2581 1961 2645; x_wconf 86' lang='lat' dir='ltr'><strong>sacrificare,</strong></span> <span class='ocrx_word' id='word_1_153' title='bbox 1976 2598 2099 2636; x_wconf 90' lang='lat' dir='ltr'><strong>cum</strong></span> <span class='ocrx_word' id='word_1_154' title='bbox 2120 2583 2169 2636; x_wconf 93' lang='lat' dir='ltr'><strong>id</strong></span> <span class='ocrx_word' id='word_1_155' title='bbox 2189 2580 2367 2637; x_wconf 81' lang='lat' dir='ltr'><strong>facere</strong></span> 
     </span>
    </p>
   </div>
   <div class='ocr_carea' id='block_1_26' title="bbox 788 2673 2256 2743">
    <p class='ocr_par' dir='ltr' id='par_1_26' title="bbox 788 2673 2256 2743">
     <span class='ocr_line' id='line_1_26' title="bbox 788 2673 2256 2743; baseline 0.001 -17"><span class='ocrx_word' id='word_1_156' title='bbox 788 2674 972 2736; x_wconf 87' lang='lat' dir='ltr'><strong>nollet,</strong></span> <span class='ocrx_word' id='word_1_157' title='bbox 1004 2688 1223 2727; x_wconf 87' lang='lat' dir='ltr'><strong>sacrum</strong></span> <span class='ocrx_word' id='word_1_158' title='bbox 1245 2675 1365 2742; x_wconf 79' lang='lat' dir='ltr'><strong>ejus</strong></span> <span class='ocrx_word' id='word_1_159' title='bbox 1395 2683 1558 2743; x_wconf 91' lang='lat' dir='ltr'><strong>caput</strong></span> <span class='ocrx_word' id='word_1_160' title='bbox 1588 2674 1767 2743; x_wconf 73' lang='lat' dir='ltr'><strong>gladio</strong></span> <span class='ocrx_word' id='word_1_161' title='bbox 1796 2674 2100 2729; x_wconf 85' lang='lat' dir='ltr'><strong>abscissum</strong></span> <span class='ocrx_word' id='word_1_162' title='bbox 2135 2673 2256 2729; x_wconf 85' lang='lat' dir='ltr'><strong>fuit.</strong></span> 
     </span>
    </p>
   </div>
   <div class='ocr_carea' id='block_1_27' title="bbox 1310 2762 1846 2818">
    <p class='ocr_par' dir='ltr' id='par_1_27' title="bbox 1310 2762 1846 2818">
     <span class='ocr_line' id='line_1_27' title="bbox 1310 2762 1846 2818; baseline 0.004 -3"><span class='ocrx_word' id='word_1_163' title='bbox 1310 2762 1544 2816; x_wconf 70' lang='lat' dir='ltr'><strong>EODEM</strong></span> <span class='ocrx_word' id='word_1_164' title='bbox 1594 2763 1846 2818; x_wconf 70' lang='lat' dir='ltr'><strong>MENSE.</strong></span> 
     </span>
    </p>
   </div>
   <div class='ocr_carea' id='block_1_28' title="bbox 1282 2851 1849 2910">
    <p class='ocr_par' dir='ltr' id='par_1_28' title="bbox 1282 2851 1849 2910">
     <span class='ocr_line' id='line_1_28' title="bbox 1282 2851 1849 2910; baseline 0.002 -4"><span class='ocrx_word' id='word_1_165' title='bbox 1282 2851 1380 2907; x_wconf 89' lang='lat' dir='ltr'><strong>Die</strong></span> <span class='ocrx_word' id='word_1_166' title='bbox 1412 2854 1671 2910; x_wconf 88' lang='lat' dir='ltr'><strong>vicesima</strong></span> <span class='ocrx_word' id='word_1_167' title='bbox 1700 2863 1849 2909; x_wconf 84' lang='lat' dir='ltr'><strong>sexta</strong></span> 
     </span>
    </p>
   </div>
   <div class='ocr_carea' id='block_1_29' title="bbox 785 2944 2366 3069">
    <p class='ocr_par' dir='ltr' id='par_1_29' title="bbox 785 2944 2366 3069">
     <span class='ocr_line' id='line_1_29' title="bbox 785 2944 2366 3069; baseline -0.001 -69"><span class='ocrx_word' id='word_1_168' title='bbox 785 2945 893 3015; x_wconf 77' lang='grc'><strong>72</strong></span> <span class='ocrx_word' id='word_1_169' title='bbox 933 2944 1211 3000; x_wconf 71' lang='lat' dir='ltr'><strong>Certamen</strong></span> <span class='ocrx_word' id='word_1_170' title='bbox 1261 2946 1587 3069; x_wconf 52' lang='lat' dir='ltr'><strong>sacrosincti</strong></span> <span class='ocrx_word' id='word_1_171' title='bbox 1622 2947 1875 3015; x_wconf 79' lang='lat' dir='ltr'><strong>martyris</strong></span> <span class='ocrx_word' id='word_1_172' title='bbox 1909 2946 2107 3000; x_wconf 80' lang='lat' dir='ltr'><strong>Basilei</strong></span> <span class='ocrx_word' id='word_1_173' title='bbox 2139 2948 2366 3017; x_wconf 72' lang='lat' dir='ltr'><strong>episcopi</strong></span> 
     </span>
     <span class='ocr_line' id='line_1_30' title="bbox 1492 3032 1703 3069; baseline 0.005 -1"><span class='ocrx_word' id='word_1_174' title='bbox 1492 3032 1703 3069; x_wconf 74' lang='lat' dir='ltr'><strong>masew.</strong></span> 
     </span>
    </p>
   </div>
   <div class='ocr_carea' id='block_1_30' title="bbox 1492 3032 1703 3069">
    <p class='ocr_par' dir='ltr' id='par_1_30' title="bbox 1492 3032 1703 3069">
     <span class='ocr_line' id='line_1_31' title="bbox 1492 3032 1703 3069; baseline 0.005 -1"><span class='ocrx_word' id='word_1_175' title='bbox 1492 3032 1703 3069; x_wconf 74' lang='lat' dir='ltr'><strong>masew.</strong></span> 
     </span>
    </p>
   </div>
   <div class='ocr_carea' id='block_1_31' title="bbox 859 3125 2369 3196">
    <p class='ocr_par' dir='ltr' id='par_1_31' title="bbox 859 3125 2369 3196">
     <span class='ocr_line' id='line_1_32' title="bbox 859 3125 2369 3196; baseline 0.001 -14"><span class='ocrx_word' id='word_1_176' title='bbox 859 3127 1265 3182; x_wconf 83' lang='lat' dir='ltr'><strong>Sacrosanctus</strong></span> <span class='ocrx_word' id='word_1_177' title='bbox 1306 3135 1516 3196; x_wconf 79' lang='lat' dir='ltr'><strong>martyr</strong></span> <span class='ocrx_word' id='word_1_178' title='bbox 1571 3125 1838 3191; x_wconf 85' lang='lat' dir='ltr'><strong>Basileus,</strong></span> <span class='ocrx_word' id='word_1_179' title='bbox 1872 3128 2174 3196; x_wconf 86' lang='lat' dir='ltr'><strong>imperante</strong></span> <span class='ocrx_word' id='word_1_180' title='bbox 2228 3128 2369 3183; x_wconf 84' lang='lat' dir='ltr'><strong>Lici-</strong></span> 
     </span>
    </p>
   </div>
   <div class='ocr_carea' id='block_1_32' title="bbox 2465 642 4033 718">
    <p class='ocr_par' dir='ltr' id='par_1_32' title="bbox 2465 642 4033 718">
     <span class='ocr_line' id='line_1_33' title="bbox 2465 642 4033 718; baseline -0.003 -18"><span class='ocrx_word' id='word_1_181' title='bbox 2465 647 2735 718; x_wconf 73' lang='grc' dir='ltr'>ούρανῶψ</span> <span class='ocrx_word' id='word_1_182' title='bbox 2771 648 2868 699; x_wconf 82' lang='grc' dir='ltr'>καὶ</span> <span class='ocrx_word' id='word_1_183' title='bbox 2893 648 2985 698; x_wconf 71' lang='grc' dir='ltr'><strong>ἐπὶ</strong></span> <span class='ocrx_word' id='word_1_184' title='bbox 3008 648 3073 715; x_wconf 82' lang='grc' dir='ltr'>τῇ</span> <span class='ocrx_word' id='word_1_185' title='bbox 3107 643 3299 715; x_wconf 75' lang='grc' dir='ltr'>αὔριον</span> <span class='ocrx_word' id='word_1_186' title='bbox 3328 644 3575 713; x_wconf 77' lang='grc' dir='ltr'><strong>φυλακῆς</strong></span> <span class='ocrx_word' id='word_1_187' title='bbox 3604 642 3911 714; x_wconf 76' lang='grc' dir='ltr'>ἐκϐληθεὶς,</span> <span class='ocrx_word' id='word_1_188' title='bbox 3946 646 4033 696; x_wconf 69' lang='grc' dir='ltr'><strong>καὶ</strong></span> 
     </span>
    </p>
   </div>
   <div class='ocr_carea' id='block_1_33' title="bbox 2467 734 3744 810">
    <p class='ocr_par' dir='ltr' id='par_1_33' title="bbox 2467 734 3744 810">
     <span class='ocr_line' id='line_1_34' title="bbox 2467 734 3744 810; baseline -0.003 -19"><span class='ocrx_word' id='word_1_189' title='bbox 2467 738 2790 810; x_wconf 80' lang='grc' dir='ltr'><strong>συρόμενος,</strong></span> <span class='ocrx_word' id='word_1_190' title='bbox 2826 736 3052 807; x_wconf 79' lang='grc' dir='ltr'><strong>τῷ”Θεῷ</strong></span> <span class='ocrx_word' id='word_1_191' title='bbox 3077 736 3151 789; x_wconf 84' lang='grc' dir='ltr'>τὸ.</span> <span class='ocrx_word' id='word_1_192' title='bbox 3168 735 3387 805; x_wconf 82' lang='grc' dir='ltr'>πνεῦμα</span> <span class='ocrx_word' id='word_1_193' title='bbox 3406 734 3744 804; x_wconf 83' lang='grc' dir='ltr'>παρέδωκεν.</span> 
     </span>
    </p>
   </div>
   <div class='ocr_carea' id='block_1_34' title="bbox 2465 848 4035 921">
    <p class='ocr_par' dir='ltr' id='par_1_34' title="bbox 2465 848 4035 921">
     <span class='ocr_line' id='line_1_35' title="bbox 2465 848 4035 921; baseline -0.004 -12"><span class='ocrx_word' id='word_1_194' title='bbox 2465 854 2576 909; x_wconf 75' lang='lat' dir='ltr'><strong>Kal</strong></span> <span class='ocrx_word' id='word_1_195' title='bbox 2635 853 2897 921; x_wconf 69' lang='grc' dir='ltr'>ἄθλησις</span> <span class='ocrx_word' id='word_1_196' title='bbox 2947 851 3055 904; x_wconf 84' lang='grc' dir='ltr'><strong>τοῦ</strong></span> <span class='ocrx_word' id='word_1_197' title='bbox 3125 850 3662 921; x_wconf 32' lang='grc' dir='ltr'>ἁγίου-μάρτυρος</span> <span class='ocrx_word' id='word_1_198' title='bbox 3726 848 3887 902; x_wconf 75' lang='grc' dir='ltr'>Σάεα</span> <span class='ocrx_word' id='word_1_199' title='bbox 3935 848 4035 902; x_wconf 80' lang='grc' dir='ltr'><strong>τοῦ</strong></span> 
     </span>
    </p>
   </div>
   <div class='ocr_carea' id='block_1_35' title="bbox 3026 919 3473 988">
    <p class='ocr_par' dir='ltr' id='par_1_35' title="bbox 3026 919 3473 988">
     <span class='ocr_line' id='line_1_36' title="bbox 3026 919 3473 988; baseline -0.004 -14"><span class='ocrx_word' id='word_1_200' title='bbox 3026 919 3473 988; x_wconf 72' lang='grc' dir='ltr'><strong>στρατηλάτου.</strong></span> 
     </span>
    </p>
   </div>
   <div class='ocr_carea' id='block_1_36' title="bbox 2534 1025 4039 1105">
    <p class='ocr_par' dir='ltr' id='par_1_36' title="bbox 2534 1025 4039 1105">
     <span class='ocr_line' id='line_1_37' title="bbox 2534 1025 4039 1105; baseline -0.003 -18"><span class='ocrx_word' id='word_1_201' title='bbox 2534 1034 2711 1096; x_wconf 85' lang='grc' dir='ltr'>Σάϐας</span> <span class='ocrx_word' id='word_1_202' title='bbox 2739 1033 2875 1089; x_wconf 85' lang='grc' dir='ltr'>ὁτοῦ</span> <span class='ocrx_word' id='word_1_203' title='bbox 2901 1030 3137 1105; x_wconf 82' lang='grc' dir='ltr'>Χριστοῦ</span> <span class='ocrx_word' id='word_1_204' title='bbox 3166 1033 3377 1103; x_wconf 79' lang='grc' dir='ltr'><strong>μάρτυς</strong></span> <span class='ocrx_word' id='word_1_205' title='bbox 3407 1025 3475 1101; x_wconf 80' lang='grc' dir='ltr'>ἦν</span> <span class='ocrx_word' id='word_1_206' title='bbox 3508 1029 3604 1084; x_wconf 76' lang='grc' dir='ltr'><strong>ἐπὶ</strong></span> <span class='ocrx_word' id='word_1_207' title='bbox 3630 1034 3730 1101; x_wconf 81' lang='grc' dir='ltr'>τῆς</span> <span class='ocrx_word' id='word_1_208' title='bbox 3762 1029 4039 1101; x_wconf 75' lang='grc' dir='ltr'>βασιλείας</span> 
     </span>
    </p>
   </div>
   <div class='ocr_carea' id='block_1_37' title="bbox 2463 1123 4032 1198">
    <p class='ocr_par' dir='ltr' id='par_1_37' title="bbox 2463 1123 4032 1198">
     <span class='ocr_line' id='line_1_38' title="bbox 2463 1123 4032 1198; baseline -0.006 -16"><span class='ocrx_word' id='word_1_209' title='bbox 2463 1128 2830 1198; x_wconf 78' lang='grc' dir='ltr'>Δύρηλιανοῦ,</span> <span class='ocrx_word' id='word_1_210' title='bbox 2871 1130 2972 1196; x_wconf 79' lang='grc' dir='ltr'><strong>τήν</strong></span> <span class='ocrx_word' id='word_1_211' title='bbox 3025 1124 3119 1178; x_wconf 83' lang='grc' dir='ltr'><strong>τοῦ</strong></span> <span class='ocrx_word' id='word_1_212' title='bbox 3156 1125 3529 1194; x_wconf 73' lang='grc' dir='ltr'><strong>στρατηλάτου</strong></span> <span class='ocrx_word' id='word_1_213' title='bbox 3567 1123 3779 1192; x_wconf 82' lang='grc' dir='ltr'>ἐπέχων</span> <span class='ocrx_word' id='word_1_214' title='bbox 3834 1125 4032 1195; x_wconf 71' lang='grc' dir='ltr'>ἀρχὴν,</span> 
     </span>
    </p>
   </div>
   <div class='ocr_carea' id='block_1_38' title="bbox 2465 1214 4037 1290">
    <p class='ocr_par' dir='ltr' id='par_1_38' title="bbox 2465 1214 4037 1290">
     <span class='ocr_line' id='line_1_39' title="bbox 2465 1214 4037 1290; baseline -0.004 -16"><span class='ocrx_word' id='word_1_215' title='bbox 2465 1224 2523 1274; x_wconf 86' lang='grc' dir='ltr'><strong>ἐν</strong></span> <span class='ocrx_word' id='word_1_216' title='bbox 2564 1220 2751 1290; x_wconf 82' lang='grc' dir='ltr'>Ῥώμῃ</span> <span class='ocrx_word' id='word_1_217' title='bbox 2790 1222 2856 1289; x_wconf 75' lang='grc' dir='ltr'>τῇ</span> <span class='ocrx_word' id='word_1_218' title='bbox 2891 1219 3066 1275; x_wconf 86' lang='grc' dir='ltr'>πόλει.</span> <span class='ocrx_word' id='word_1_219' title='bbox 3105 1217 3349 1286; x_wconf 80' lang='grc' dir='ltr'>’Υπῆρχε</span> <span class='ocrx_word' id='word_1_220' title='bbox 3392 1217 3492 1286; x_wconf 82' lang='grc' dir='ltr'>μὲν</span> <span class='ocrx_word' id='word_1_221' title='bbox 3536 1214 3596 1268; x_wconf 70' lang='grc' dir='ltr'>τὸ</span> <span class='ocrx_word' id='word_1_222' title='bbox 3623 1216 3779 1283; x_wconf 82' lang='grc' dir='ltr'>γένος</span> <span class='ocrx_word' id='word_1_223' title='bbox 3820 1215 4037 1278; x_wconf 81' lang='grc' dir='ltr'>Γότθος.</span> 
     </span>
    </p>
   </div>
   <div class='ocr_carea' id='block_1_39' title="bbox 2464 1307 4042 1382">
    <p class='ocr_par' dir='ltr' id='par_1_39' title="bbox 2464 1307 4042 1382">
     <span class='ocr_line' id='line_1_40' title="bbox 2464 1307 4042 1382; baseline -0.007 -15"><span class='ocrx_word' id='word_1_224' title='bbox 2464 1310 2788 1382; x_wconf 78' lang='grc' dir='ltr'>Χριστιανὸς</span> <span class='ocrx_word' id='word_1_225' title='bbox 2833 1310 2890 1363; x_wconf 89' lang='grc' dir='ltr'><strong>δέ</strong></span> <span class='ocrx_word' id='word_1_226' title='bbox 2920 1310 3017 1372; x_wconf 85' lang='grc' dir='ltr'>ὣν,</span> <span class='ocrx_word' id='word_1_227' title='bbox 3068 1311 3440 1362; x_wconf 78' lang='grc' dir='ltr'><strong>ἐπεσκέπτετο</strong></span> <span class='ocrx_word' id='word_1_228' title='bbox 3495 1309 3622 1370; x_wconf 79' lang='grc' dir='ltr'>τοὺς</span> <span class='ocrx_word' id='word_1_229' title='bbox 3672 1309 3729 1359; x_wconf 87' lang='grc' dir='ltr'><strong>ἐν</strong></span> <span class='ocrx_word' id='word_1_230' title='bbox 3774 1307 4042 1375; x_wconf 77' lang='grc' dir='ltr'><strong>φυλακαῖς</strong></span> 
     </span>
    </p>
   </div>
   <div class='ocr_carea' id='block_1_40' title="bbox 2467 1400 4041 1474">
    <p class='ocr_par' dir='ltr' id='par_1_40' title="bbox 2467 1400 4041 1474">
     <span class='ocr_line' id='line_1_41' title="bbox 2467 1400 4041 1474; baseline -0.008 -14"><span class='ocrx_word' id='word_1_231' title='bbox 2467 1406 2677 1474; x_wconf 74' lang='grc' dir='ltr'>ἁγίους,</span> <span class='ocrx_word' id='word_1_232' title='bbox 2710 1404 2806 1456; x_wconf 83' lang='grc' dir='ltr'>καὶ</span> <span class='ocrx_word' id='word_1_233' title='bbox 2838 1403 3206 1473; x_wconf 79' lang='grc' dir='ltr'>ἐθεράπευεν·</span> <span class='ocrx_word' id='word_1_234' title='bbox 3232 1400 3370 1453; x_wconf 85' lang='grc' dir='ltr'><strong>ἀλλά</strong></span> <span class='ocrx_word' id='word_1_235' title='bbox 3408 1401 3501 1452; x_wconf 67' lang='grc' dir='ltr'><strong>καὶ</strong></span> <span class='ocrx_word' id='word_1_236' title='bbox 3539 1400 3658 1468; x_wconf 84' lang='grc' dir='ltr'>βίου</span> <span class='ocrx_word' id='word_1_237' title='bbox 3684 1400 4041 1468; x_wconf 72' lang='grc' dir='ltr'><strong>καθαρότητι,</strong></span> 
     </span>
    </p>
   </div>
   <div class='ocr_carea' id='block_1_41' title="bbox 2466 1491 4043 1566">
    <p class='ocr_par' dir='ltr' id='par_1_41' title="bbox 2466 1491 4043 1566">
     <span class='ocr_line' id='line_1_42' title="bbox 2466 1491 4043 1566; baseline -0.005 -16"><span class='ocrx_word' id='word_1_238' title='bbox 2466 1499 2559 1550; x_wconf 77' lang='grc' dir='ltr'>καὶ</span> <span class='ocrx_word' id='word_1_239' title='bbox 2586 1498 2821 1566; x_wconf 84' lang='grc' dir='ltr'><strong>ἀσκήσει</strong></span> <span class='ocrx_word' id='word_1_240' title='bbox 2855 1495 2925 1547; x_wconf 76' lang='grc' dir='ltr'>τὰ</span> <span class='ocrx_word' id='word_1_241' title='bbox 2953 1493 3169 1562; x_wconf 81' lang='grc' dir='ltr'>πονηρὰ</span> <span class='ocrx_word' id='word_1_242' title='bbox 3192 1493 3299 1545; x_wconf 77' lang='grc' dir='ltr'>ἀπὸ</span> <span class='ocrx_word' id='word_1_243' title='bbox 3328 1492 3437 1545; x_wconf 83' lang='grc' dir='ltr'>τῶν</span> <span class='ocrx_word' id='word_1_244' title='bbox 3478 1492 3783 1560; x_wconf 81' lang='grc' dir='ltr'>ἀνθρώπων</span> <span class='ocrx_word' id='word_1_245' title='bbox 3830 1491 4043 1559; x_wconf 77' lang='grc' dir='ltr'>ἐφυγά-</span> 
     </span>
    </p>
   </div>
   <div class='ocr_carea' id='block_1_42' title="bbox 2462 1582 4043 1655">
    <p class='ocr_par' dir='ltr' id='par_1_42' title="bbox 2462 1582 4043 1655">
     <span class='ocr_line' id='line_1_43' title="bbox 2462 1582 4043 1655; baseline -0.006 -14"><span class='ocrx_word' id='word_1_246' title='bbox 2462 1589 2584 1641; x_wconf 81' lang='grc' dir='ltr'>δευε</span> <span class='ocrx_word' id='word_1_247' title='bbox 2621 1588 2928 1654; x_wconf 73' lang='grc' dir='ltr'>πνεύματα.</span> <span class='ocrx_word' id='word_1_248' title='bbox 2976 1584 3299 1654; x_wconf 74' lang='grc' dir='ltr'>Διαϐληθεὶς</span> <span class='ocrx_word' id='word_1_249' title='bbox 3347 1585 3403 1637; x_wconf 80' lang='grc' dir='ltr'><strong>δέ</strong></span> <span class='ocrx_word' id='word_1_250' title='bbox 3446 1582 3725 1655; x_wconf 74' lang='grc' dir='ltr'><strong>ἐκρατήθη</strong></span> <span class='ocrx_word' id='word_1_251' title='bbox 3757 1583 3861 1633; x_wconf 63' lang='grc' dir='ltr'>καὶ</span> <span class='ocrx_word' id='word_1_252' title='bbox 3900 1582 4043 1652; x_wconf 72' lang='grc' dir='ltr'>ἢχθη</span> 
     </span>
    </p>
   </div>
   <div class='ocr_carea' id='block_1_43' title="bbox 2463 1672 4045 1749">
    <p class='ocr_par' dir='ltr' id='par_1_43' title="bbox 2463 1672 4045 1749">
     <span class='ocr_line' id='line_1_44' title="bbox 2463 1672 4045 1749; baseline -0.008 -18"><span class='ocrx_word' id='word_1_253' title='bbox 2463 1680 2600 1749; x_wconf 89' lang='grc' dir='ltr'>πρὸς</span> <span class='ocrx_word' id='word_1_254' title='bbox 2631 1679 2720 1730; x_wconf 84' lang='grc' dir='ltr'><strong>τὸν</strong></span> <span class='ocrx_word' id='word_1_255' title='bbox 2759 1676 3008 1746; x_wconf 86' lang='grc' dir='ltr'>βασιλέα.</span> <span class='ocrx_word' id='word_1_256' title='bbox 3058 1677 3169 1729; x_wconf 67' lang='grc' dir='ltr'>Καὶ</span> <span class='ocrx_word' id='word_1_257' title='bbox 3200 1675 3511 1747; x_wconf 77' lang='grc' dir='ltr'>ἔμπροσθεν</span> <span class='ocrx_word' id='word_1_258' title='bbox 3534 1674 3705 1727; x_wconf 84' lang='grc' dir='ltr'>αὑτοῦ</span> <span class='ocrx_word' id='word_1_259' title='bbox 3750 1673 3916 1744; x_wconf 60' lang='grc' dir='ltr'>ῥίψας</span> <span class='ocrx_word' id='word_1_260' title='bbox 3946 1672 4045 1737; x_wconf 73' lang='grc' dir='ltr'>τὴν</span> 
     </span>
    </p>
   </div>
   <div class='ocr_carea' id='block_1_44' title="bbox 2465 1763 4045 1841">
    <p class='ocr_par' dir='ltr' id='par_1_44' title="bbox 2465 1763 4045 1841">
     <span class='ocr_line' id='line_1_45' title="bbox 2465 1763 4045 1841; baseline -0.009 -16"><span class='ocrx_word' id='word_1_261' title='bbox 2465 1770 2861 1841; x_wconf 82' lang='grc' dir='ltr'><strong>περικειμένην</strong></span> <span class='ocrx_word' id='word_1_262' title='bbox 2887 1766 3039 1839; x_wconf 83' lang='grc' dir='ltr'>αὐτῷ</span> <span class='ocrx_word' id='word_1_263' title='bbox 3071 1766 3268 1837; x_wconf 77' lang='grc' dir='ltr'>ζωνὴν,</span> <span class='ocrx_word' id='word_1_264' title='bbox 3308 1766 3627 1834; x_wconf 79' lang='grc' dir='ltr'>ὡμολόγησε</span> <span class='ocrx_word' id='word_1_265' title='bbox 3658 1765 3751 1816; x_wconf 73' lang='grc' dir='ltr'>τὸν</span> <span class='ocrx_word' id='word_1_266' title='bbox 3782 1763 4045 1832; x_wconf 72' lang='grc' dir='ltr'>Χριστόν.</span> 
     </span>
    </p>
   </div>
   <div class='ocr_carea' id='block_1_45' title="bbox 2395 1848 4050 1954">
    <p class='ocr_par' dir='ltr' id='par_1_45' title="bbox 2395 1848 4050 1954">
     <span class='ocr_line' id='line_1_46' title="bbox 2395 1848 4050 1954; baseline -0.008 -37"><span class='ocrx_word' id='word_1_267' title='bbox 2395 1895 2439 1954; x_wconf 70' lang='grc' dir='ltr'><strong><em>Β</em></strong></span> <span class='ocrx_word' id='word_1_268' title='bbox 2465 1864 2818 1935; x_wconf 70' lang='grc' dir='ltr'>Κρεμασθεὶς</span> <span class='ocrx_word' id='word_1_269' title='bbox 2841 1857 2937 1914; x_wconf 87' lang='grc' dir='ltr'><strong>οῦν</strong></span> <span class='ocrx_word' id='word_1_270' title='bbox 2969 1859 3183 1933; x_wconf 83' lang='grc' dir='ltr'>ἐξέσθη,</span> <span class='ocrx_word' id='word_1_271' title='bbox 3214 1860 3308 1912; x_wconf 74' lang='grc' dir='ltr'><strong>καὶ</strong></span> <span class='ocrx_word' id='word_1_272' title='bbox 3345 1858 3632 1929; x_wconf 75' lang='grc' dir='ltr'><strong>λαμπάσιν</strong></span> <span class='ocrx_word' id='word_1_273' title='bbox 3653 1856 3793 1925; x_wconf 79' lang='grc' dir='ltr'>ἐκᾲη</span> <span class='ocrx_word' id='word_1_274' title='bbox 3818 1871 3832 1885; x_wconf 91' lang='grc'><strong>·</strong></span> <span class='ocrx_word' id='word_1_275' title='bbox 3884 1855 3949 1918; x_wconf 78' lang='grc' dir='ltr'><strong>ἐξ</strong></span> <span class='ocrx_word' id='word_1_276' title='bbox 3978 1848 4050 1906; x_wconf 76' lang='grc' dir='ltr'>ὧν</span> 
     </span>
    </p>
   </div>
   <div class='ocr_carea' id='block_1_46' title="bbox 2470 1945 4049 2025">
    <p class='ocr_par' dir='ltr' id='par_1_46' title="bbox 2470 1945 4049 2025">
     <span class='ocr_line' id='line_1_47' title="bbox 2470 1945 4049 2025; baseline -0.01 -15"><span class='ocrx_word' id='word_1_277' title='bbox 2470 1954 2793 2025; x_wconf 75' lang='grc' dir='ltr'><strong>παραδόξως</strong></span> <span class='ocrx_word' id='word_1_278' title='bbox 2837 1953 3053 2017; x_wconf 69' lang='grc' dir='ltr'>σωθεὶς,</span> <span class='ocrx_word' id='word_1_279' title='bbox 3099 1952 3300 2021; x_wconf 81' lang='grc' dir='ltr'>ἄνδρας</span> <span class='ocrx_word' id='word_1_280' title='bbox 3344 1949 3717 2019; x_wconf 86' lang='grc' dir='ltr'>ἐϐδομήκοντα</span> <span class='ocrx_word' id='word_1_281' title='bbox 3762 1945 3904 2017; x_wconf 70' lang='grc' dir='ltr'>πρὸς</span> <span class='ocrx_word' id='word_1_282' title='bbox 3950 1946 4049 2014; x_wconf 77' lang='grc' dir='ltr'><strong>τὴν</strong></span> 
     </span>
    </p>
   </div>
   <div class='ocr_carea' id='block_1_47' title="bbox 2468 2037 4053 2115">
    <p class='ocr_par' dir='ltr' id='par_1_47' title="bbox 2468 2037 4053 2115">
     <span class='ocr_line' id='line_1_48' title="bbox 2468 2037 4053 2115; baseline -0.007 -16"><span class='ocrx_word' id='word_1_283' title='bbox 2468 2050 2547 2109; x_wconf 73' lang='grc' dir='ltr'><strong>είς</strong></span> <span class='ocrx_word' id='word_1_284' title='bbox 2585 2047 2824 2115; x_wconf 64' lang='grc' dir='ltr'>Χριστῆν</span> <span class='ocrx_word' id='word_1_285' title='bbox 2864 2047 3049 2096; x_wconf 83' lang='grc' dir='ltr'>πίστιν</span> <span class='ocrx_word' id='word_1_286' title='bbox 3082 2042 3465 2106; x_wconf 71' lang='grc' dir='ltr'>ἐξεκαλέσατο,</span> <span class='ocrx_word' id='word_1_287' title='bbox 3494 2042 3689 2103; x_wconf 83' lang='grc' dir='ltr'>οἵτινες</span> <span class='ocrx_word' id='word_1_288' title='bbox 3720 2037 4053 2109; x_wconf 78' lang='grc' dir='ltr'>παραυτίκα</span> 
     </span>
    </p>
   </div>
   <div class='ocr_carea' id='block_1_48' title="bbox 2465 2130 4054 2206">
    <p class='ocr_par' dir='ltr' id='par_1_48' title="bbox 2465 2130 4054 2206">
     <span class='ocr_line' id='line_1_49' title="bbox 2465 2130 4054 2206; baseline 0.01 -25"><span class='ocrx_word' id='word_1_289' title='bbox 2465 2137 2566 2201; x_wconf 70' lang='grc' dir='ltr'><strong>τὰς</strong></span> <span class='ocrx_word' id='word_1_290' title='bbox 2625 2137 2873 2206; x_wconf 78' lang='grc' dir='ltr'>κεφαλὰς</span> <span class='ocrx_word' id='word_1_291' title='bbox 2947 2135 3369 2206; x_wconf 80' lang='grc' dir='ltr'>ἀπετμήθησαν.</span> <span class='ocrx_word' id='word_1_292' title='bbox 3437 2130 3572 2188; x_wconf 81' lang='grc' dir='ltr'>Εἶτα</span> <span class='ocrx_word' id='word_1_293' title='bbox 3646 2132 3929 2203; x_wconf 76' lang='grc' dir='ltr'>παρεδόθη</span> <span class='ocrx_word' id='word_1_294' title='bbox 3988 2133 4054 2197; x_wconf 69' lang='grc' dir='ltr'><strong>τῇ</strong></span> 
     </span>
    </p>
   </div>
   <div class='ocr_carea' id='block_1_49' title="bbox 2468 2224 4057 2299">
    <p class='ocr_par' dir='ltr' id='par_1_49' title="bbox 2468 2224 4057 2299">
     <span class='ocr_line' id='line_1_50' title="bbox 2468 2224 4057 2299; baseline -0.004 -18"><span class='ocrx_word' id='word_1_295' title='bbox 2468 2230 2705 2299; x_wconf 74' lang='grc' dir='ltr'>φυλακῇ,</span> <span class='ocrx_word' id='word_1_296' title='bbox 2738 2228 2866 2281; x_wconf 74' lang='grc' dir='ltr'>ἔνθα</span> <span class='ocrx_word' id='word_1_297' title='bbox 2917 2229 3011 2281; x_wconf 77' lang='grc' dir='ltr'>καὶ</span> <span class='ocrx_word' id='word_1_298' title='bbox 3052 2228 3338 2295; x_wconf 80' lang='grc' dir='ltr'>ἐπιφανεὶς</span> <span class='ocrx_word' id='word_1_299' title='bbox 3384 2226 3537 2296; x_wconf 71' lang='grc' dir='ltr'>αὐτῷ</span> <span class='ocrx_word' id='word_1_300' title='bbox 3563 2226 3592 2277; x_wconf 86' lang='grc' dir='ltr'>ὁ</span> <span class='ocrx_word' id='word_1_301' title='bbox 3621 2225 3855 2296; x_wconf 74' lang='grc' dir='ltr'>Χριστὸς</span> <span class='ocrx_word' id='word_1_302' title='bbox 3896 2224 4057 2293; x_wconf 74' lang='grc' dir='ltr'>ίσχὶν</span> 
     </span>
    </p>
   </div>
   <div class='ocr_carea' id='block_1_50' title="bbox 2468 2310 4057 2391">
    <p class='ocr_par' dir='ltr' id='par_1_50' title="bbox 2468 2310 4057 2391">
     <span class='ocr_line' id='line_1_51' title="bbox 2468 2310 4057 2391; baseline -0.007 -20"><span class='ocrx_word' id='word_1_303' title='bbox 2468 2321 2764 2391; x_wconf 87' lang='grc' dir='ltr'>ἐχαρίσατο</span> <span class='ocrx_word' id='word_1_304' title='bbox 2794 2319 3019 2372; x_wconf 83' lang='grc' dir='ltr'>πλείονα</span> <span class='ocrx_word' id='word_1_305' title='bbox 3038 2334 3051 2348; x_wconf 75' lang='grc'><strong><em>⁸</em></strong></span> <span class='ocrx_word' id='word_1_306' title='bbox 3073 2317 3169 2371; x_wconf 74' lang='grc' dir='ltr'><strong>καὶ</strong></span> <span class='ocrx_word' id='word_1_307' title='bbox 3196 2318 3296 2387; x_wconf 78' lang='grc' dir='ltr'><strong>τῆς</strong></span> <span class='ocrx_word' id='word_1_308' title='bbox 3335 2316 3585 2385; x_wconf 76' lang='grc' dir='ltr'><strong>φυλακῆς</strong></span> <span class='ocrx_word' id='word_1_309' title='bbox 3611 2313 3930 2384; x_wconf 64' lang='grc' dir='ltr'>ἐκϐληθεὶς,</span> <span class='ocrx_word' id='word_1_310' title='bbox 3962 2310 4057 2363; x_wconf 69' lang='grc' dir='ltr'><strong>καὶ</strong></span> 
     </span>
    </p>
   </div>
   <div class='ocr_carea' id='block_1_51' title="bbox 2467 2405 4053 2479">
    <p class='ocr_par' dir='ltr' id='par_1_51' title="bbox 2467 2405 4053 2479">
     <span class='ocr_line' id='line_1_52' title="bbox 2467 2405 4053 2479; baseline -0.005 -17"><span class='ocrx_word' id='word_1_311' title='bbox 2467 2408 2623 2472; x_wconf 79' lang='grc' dir='ltr'>αὖθις</span> <span class='ocrx_word' id='word_1_312' title='bbox 2651 2408 3130 2476; x_wconf 69' lang='grc' dir='ltr'>καταναγκαοθεὶς</span> <span class='ocrx_word' id='word_1_313' title='bbox 3155 2408 3500 2479; x_wconf 84' lang='grc' dir='ltr'>ἀρνήσασθαι</span> <span class='ocrx_word' id='word_1_314' title='bbox 3522 2407 3613 2460; x_wconf 76' lang='grc' dir='ltr'><strong>τὸν</strong></span> <span class='ocrx_word' id='word_1_315' title='bbox 3647 2405 3912 2476; x_wconf 73' lang='grc' dir='ltr'>Χριστὸν,</span> <span class='ocrx_word' id='word_1_316' title='bbox 3952 2406 4053 2456; x_wconf 72' lang='grc' dir='ltr'><strong>καὶ</strong></span> 
     </span>
    </p>
   </div>
   <div class='ocr_carea' id='block_1_52' title="bbox 2468 2498 4055 2572">
    <p class='ocr_par' dir='ltr' id='par_1_52' title="bbox 2468 2498 4055 2572">
     <span class='ocr_line' id='line_1_53' title="bbox 2468 2498 4055 2572; baseline -0.005 -15"><span class='ocrx_word' id='word_1_317' title='bbox 2468 2505 2632 2558; x_wconf 86' lang='grc' dir='ltr'>θῦσαι</span> <span class='ocrx_word' id='word_1_318' title='bbox 2654 2507 2767 2566; x_wconf 85' lang='grc' dir='ltr'>τοῖς</span> <span class='ocrx_word' id='word_1_319' title='bbox 2794 2502 3057 2568; x_wconf 76' lang='grc' dir='ltr'>εἰδώλοις,</span> <span class='ocrx_word' id='word_1_320' title='bbox 3084 2503 3179 2554; x_wconf 76' lang='grc' dir='ltr'><strong>καὶ</strong></span> <span class='ocrx_word' id='word_1_321' title='bbox 3212 2502 3288 2572; x_wconf 82' lang='grc' dir='ltr'>μὴ</span> <span class='ocrx_word' id='word_1_322' title='bbox 3306 2501 3570 2565; x_wconf 69' lang='grc' dir='ltr'>πεισθεὶς,</span> <span class='ocrx_word' id='word_1_323' title='bbox 3597 2500 3742 2569; x_wconf 77' lang='grc' dir='ltr'>ξίφει</span> <span class='ocrx_word' id='word_1_324' title='bbox 3767 2499 3869 2566; x_wconf 76' lang='grc' dir='ltr'>τὴν</span> <span class='ocrx_word' id='word_1_325' title='bbox 3895 2498 4055 2568; x_wconf 69' lang='grc' dir='ltr'>ἱερὰν</span> 
     </span>
    </p>
   </div>
   <div class='ocr_carea' id='block_1_53' title="bbox 2470 2597 3252 2669">
    <p class='ocr_par' dir='ltr' id='par_1_53' title="bbox 2470 2597 3252 2669">
     <span class='ocr_line' id='line_1_54' title="bbox 2470 2597 3252 2669; baseline -0.005 -12"><span class='ocrx_word' id='word_1_326' title='bbox 2470 2601 2637 2657; x_wconf 77' lang='grc' dir='ltr'>αὐτοῦ</span> <span class='ocrx_word' id='word_1_327' title='bbox 2668 2600 2913 2669; x_wconf 78' lang='grc' dir='ltr'>κεφαλὴν</span> <span class='ocrx_word' id='word_1_328' title='bbox 2936 2597 3252 2669; x_wconf 83' lang='grc' dir='ltr'>ἀπετμήθη.</span> 
     </span>
    </p>
   </div>
   <div class='ocr_carea' id='block_1_54' title="bbox 2986 2770 3545 2843">
    <p class='ocr_par' dir='ltr' id='par_1_54' title="bbox 2986 2770 3545 2843">
     <span class='ocr_line' id='line_1_55' title="bbox 2986 2770 3545 2843; baseline -0.002 -18"><span class='ocrx_word' id='word_1_329' title='bbox 2986 2771 3167 2825; x_wconf 81' lang='lat' dir='ltr'><strong>MHNI</strong></span> <span class='ocrx_word' id='word_1_330' title='bbox 3198 2771 3286 2843; x_wconf 74' lang='lat' dir='ltr'><strong>re</strong></span> <span class='ocrx_word' id='word_1_331' title='bbox 3340 2770 3545 2839; x_wconf 77' lang='grc' dir='ltr'><strong>ΑΥΤῼ.</strong></span> 
     </span>
    </p>
   </div>
   <div class='ocr_carea' id='block_1_55' title="bbox 3172 2858 3318 2910">
    <p class='ocr_par' dir='ltr' id='par_1_55' title="bbox 3172 2858 3318 2910">
     <span class='ocr_line' id='line_1_56' title="bbox 3172 2858 3318 2910; baseline 0 0"><span class='ocrx_word' id='word_1_332' title='bbox 3172 2858 3318 2910; x_wconf 69' lang='grc' dir='ltr'>κε’.</span> 
     </span>
    </p>
   </div>
   <div class='ocr_carea' id='block_1_56' title="bbox 2474 2861 4069 3014">
    <p class='ocr_par' dir='ltr' id='par_1_56' title="bbox 2474 2861 4069 3014">
     <span class='ocr_line' id='line_1_57' title="bbox 3172 2861 3318 2910; baseline 0 0"><span class='ocrx_word' id='word_1_333' title='bbox 3172 2861 3218 2910; x_wconf 81' lang='grc' dir='ltr'>Κ</span> <span class='ocrx_word' id='word_1_334' title='bbox 3283 2864 3318 2910; x_wconf 92' lang='grc'><strong>’.</strong></span> 
     </span>
     <span class='ocr_line' id='line_1_58' title="bbox 2474 2861 4069 3014; baseline -0.002 -13"><span class='ocrx_word' id='word_1_335' title='bbox 2474 2950 2756 3014; x_wconf 69' lang='grc' dir='ltr'>Ἀθλησις</span> <span class='ocrx_word' id='word_1_336' title='bbox 2785 2945 2888 2999; x_wconf 78' lang='grc' dir='ltr'><strong>τοῦ</strong></span> <span class='ocrx_word' id='word_1_337' title='bbox 2916 2946 3087 3013; x_wconf 66' lang='grc' dir='ltr'>ἁγίου</span> <span class='ocrx_word' id='word_1_338' title='bbox 3113 2861 3535 3012; x_wconf 59' lang='grc' dir='ltr'>ἱεροῖἁρτυρος</span> <span class='ocrx_word' id='word_1_339' title='bbox 3592 2942 3911 3010; x_wconf 75' lang='grc' dir='ltr'>Βασιλέως</span> <span class='ocrx_word' id='word_1_340' title='bbox 3935 2944 4069 2998; x_wconf 71' lang='grc' dir='ltr'>ἐπι-</span> 
     </span>
    </p>
   </div>
   <div class='ocr_carea' id='block_1_57' title="bbox 2953 3015 3564 3082">
    <p class='ocr_par' dir='ltr' id='par_1_57' title="bbox 2953 3015 3564 3082">
     <span class='ocr_line' id='line_1_59' title="bbox 2953 3015 3564 3082; baseline -0.003 -14"><span class='ocrx_word' id='word_1_341' title='bbox 2953 3017 3190 3069; x_wconf 75' lang='grc' dir='ltr'>σκόπου</span> <span class='ocrx_word' id='word_1_342' title='bbox 3230 3015 3564 3082; x_wconf 79' lang='grc' dir='ltr'>Ἁμασειάς.</span> 
     </span>
    </p>
   </div>
   <div class='ocr_carea' id='block_1_58' title="bbox 2543 3123 4069 3198">
    <p class='ocr_par' dir='ltr' id='par_1_58' title="bbox 2543 3123 4069 3198">
     <span class='ocr_line' id='line_1_60' title="bbox 2543 3123 4069 3198; baseline -0.003 -17"><span class='ocrx_word' id='word_1_343' title='bbox 2543 3128 2802 3192; x_wconf 74' lang='grc' dir='ltr'>Βασιλεὺς</span> <span class='ocrx_word' id='word_1_344' title='bbox 2826 3130 2853 3180; x_wconf 90' lang='grc' dir='ltr'>ὁ</span> <span class='ocrx_word' id='word_1_345' title='bbox 2878 3128 3231 3198; x_wconf 82' lang='grc' dir='ltr'>ἱερομάρτυρ,</span> <span class='ocrx_word' id='word_1_346' title='bbox 3250 3125 3495 3195; x_wconf 78' lang='grc' dir='ltr'>ὑπῆρχεν</span> <span class='ocrx_word' id='word_1_347' title='bbox 3524 3124 3616 3176; x_wconf 82' lang='grc' dir='ltr'><strong>ἐπί</strong></span> <span class='ocrx_word' id='word_1_348' title='bbox 3637 3124 3734 3194; x_wconf 83' lang='grc' dir='ltr'><strong>τῆς</strong></span> <span class='ocrx_word' id='word_1_349' title='bbox 3768 3123 4069 3193; x_wconf 74' lang='grc' dir='ltr'>βασιλείας</span> 
     </span>
    </p>
   </div>
   <div class='ocr_carea' id='block_1_59' title="bbox 785 3214 2369 3303">
    <p class='ocr_par' dir='ltr' id='par_1_59' title="bbox 785 3218 2365 3293">
     <span class='ocr_line' id='line_1_61' title="bbox 785 3218 2365 3293; baseline 0.001 -19"><span class='ocrx_word' id='word_1_350' title='bbox 785 3222 911 3286; x_wconf 84' lang='lat' dir='ltr'><strong>nio,</strong></span> <span class='ocrx_word' id='word_1_351' title='bbox 936 3221 1229 3287; x_wconf 82' lang='lat' dir='ltr'><strong>episcopus</strong></span> <span class='ocrx_word' id='word_1_352' title='bbox 1312 3218 1416 3273; x_wconf 84' lang='lat' dir='ltr'><strong>fuit</strong></span> <span class='ocrx_word' id='word_1_353' title='bbox 1472 3221 1737 3273; x_wconf 67' lang='lat' dir='ltr'><strong>Amaseaa.</strong></span> <span class='ocrx_word' id='word_1_354' title='bbox 1810 3222 2134 3293; x_wconf 79' lang='lat' dir='ltr'><strong>Martyrium</strong></span> <span class='ocrx_word' id='word_1_355' title='bbox 2184 3234 2365 3275; x_wconf 87' lang='lat' dir='ltr'><strong>autem</strong></span> 
     </span>
    </p>
   </div>
   <div class='ocr_carea' id='block_1_60' title="bbox 2471 3214 4071 3303">
    <p class='ocr_par' dir='ltr' id='par_1_60' title="bbox 2473 3214 4071 3289">
     <span class='ocr_line' id='line_1_62' title="bbox 2473 3214 4071 3289; baseline -0.006 -13"><span class='ocrx_word' id='word_1_356' title='bbox 2473 3223 2773 3277; x_wconf 81' lang='grc' dir='ltr'>Λικιννίου.</span> <span class='ocrx_word' id='word_1_357' title='bbox 2812 3222 3143 3283; x_wconf 84' lang='grc' dir='ltr'>Ἐπίσκοπος</span> <span class='ocrx_word' id='word_1_358' title='bbox 3168 3219 3224 3271; x_wconf 81' lang='grc' dir='ltr'><strong>δέ</strong></span> <span class='ocrx_word' id='word_1_359' title='bbox 3253 3214 3322 3289; x_wconf 79' lang='grc' dir='ltr'>ἦν</span> <span class='ocrx_word' id='word_1_360' title='bbox 3368 3218 3690 3287; x_wconf 83' lang='grc' dir='ltr'>Ἀμασείας,</span> <span class='ocrx_word' id='word_1_361' title='bbox 3726 3218 4071 3289; x_wconf 67' lang='grc' dir='ltr'>ἐμαρτύρηι</span> 
     </span>
    </p>
   </div>
   <div class='ocr_carea' id='block_1_61' title="bbox 786 3311 2363 3383">
    <p class='ocr_par' dir='ltr' id='par_1_61' title="bbox 786 3311 2363 3383">
     <span class='ocr_line' id='line_1_63' title="bbox 786 3311 2363 3383; baseline 0 -17"><span class='ocrx_word' id='word_1_362' title='bbox 786 3313 954 3366; x_wconf 88' lang='lat' dir='ltr'><strong>subiit</strong></span> <span class='ocrx_word' id='word_1_363' title='bbox 988 3312 1132 3364; x_wconf 88' lang='lat' dir='ltr'><strong>hunc</strong></span> <span class='ocrx_word' id='word_1_364' title='bbox 1159 3311 1211 3363; x_wconf 93' lang='lat' dir='ltr'><strong>in</strong></span> <span class='ocrx_word' id='word_1_365' title='bbox 1245 3312 1493 3365; x_wconf 87' lang='lat' dir='ltr'><strong>modum.</strong></span> <span class='ocrx_word' id='word_1_366' title='bbox 1525 3312 1736 3366; x_wconf 83' lang='lat' dir='ltr'><strong>Ancilla</strong></span> <span class='ocrx_word' id='word_1_367' title='bbox 1764 3316 2014 3383; x_wconf 65' lang='lat' dir='ltr'><strong>quaedam</strong></span> <span class='ocrx_word' id='word_1_368' title='bbox 2062 3315 2248 3367; x_wconf 83' lang='lat' dir='ltr'><strong>uxoris</strong></span> <span class='ocrx_word' id='word_1_369' title='bbox 2274 3313 2363 3366; x_wconf 82' lang='lat' dir='ltr'><strong>Li-</strong></span> 
     </span>
    </p>
   </div>
   <div class='ocr_carea' id='block_1_62' title="bbox 790 3402 2365 3473">
    <p class='ocr_par' dir='ltr' id='par_1_62' title="bbox 790 3402 2365 3473">
     <span class='ocr_line' id='line_1_64' title="bbox 790 3402 2365 3473; baseline -0.003 -14"><span class='ocrx_word' id='word_1_370' title='bbox 790 3404 942 3469; x_wconf 86' lang='lat' dir='ltr'><strong>cinii,</strong></span> <span class='ocrx_word' id='word_1_371' title='bbox 986 3418 1109 3471; x_wconf 69' lang='lat' dir='ltr'><strong>qum</strong></span> <span class='ocrx_word' id='word_1_372' title='bbox 1143 3402 1416 3473; x_wconf 84' lang='lat' dir='ltr'><strong>Glaphyra</strong></span> <span class='ocrx_word' id='word_1_373' title='bbox 1463 3402 1767 3466; x_wconf 87' lang='lat' dir='ltr'><strong>dicebatur,</strong></span> <span class='ocrx_word' id='word_1_374' title='bbox 1826 3415 1886 3457; x_wconf 89' lang='lat' dir='ltr'><strong>ut</strong></span> <span class='ocrx_word' id='word_1_375' title='bbox 1936 3405 2205 3471; x_wconf 69' lang='lat' dir='ltr'><strong>pudicitia:</strong></span> <span class='ocrx_word' id='word_1_376' title='bbox 2247 3415 2365 3458; x_wconf 87' lang='lat' dir='ltr'><strong>stu-</strong></span> 
     </span>
    </p>
   </div>
   <div class='ocr_carea' id='block_1_63' title="bbox 789 3494 2370 3564">
    <p class='ocr_par' dir='ltr' id='par_1_63' title="bbox 789 3494 2370 3564">
     <span class='ocr_line' id='line_1_65' title="bbox 789 3494 2370 3564; baseline -0.004 -14"><span class='ocrx_word' id='word_1_377' title='bbox 789 3498 880 3551; x_wconf 90' lang='lat' dir='ltr'><strong>dio</strong></span> <span class='ocrx_word' id='word_1_378' title='bbox 917 3495 1267 3550; x_wconf 87' lang='lat' dir='ltr'><strong>concubitum</strong></span> <span class='ocrx_word' id='word_1_379' title='bbox 1301 3494 1472 3564; x_wconf 90' lang='lat' dir='ltr'><strong>ipsius</strong></span> <span class='ocrx_word' id='word_1_380' title='bbox 1502 3496 1753 3559; x_wconf 88' lang='lat' dir='ltr'><strong>evitaret,</strong></span> <span class='ocrx_word' id='word_1_381' title='bbox 1780 3495 2015 3548; x_wconf 66' lang='lat' dir='ltr'><strong>dominae</strong></span> <span class='ocrx_word' id='word_1_382' title='bbox 2045 3508 2158 3548; x_wconf 62' lang='lat' dir='ltr'><strong>sum</strong></span> <span class='ocrx_word' id='word_1_383' title='bbox 2188 3494 2370 3547; x_wconf 84' lang='lat' dir='ltr'><strong>consi-</strong></span> 
     </span>
    </p>
   </div>
   <div class='ocr_carea' id='block_1_64' title="bbox 791 3584 2383 3653">
    <p class='ocr_par' dir='ltr' id='par_1_64' title="bbox 791 3584 2383 3653">
     <span class='ocr_line' id='line_1_66' title="bbox 791 3584 2383 3653; baseline -0.003 -13"><span class='ocrx_word' id='word_1_384' title='bbox 791 3589 862 3640; x_wconf 85' lang='lat' dir='ltr'><strong>lio</strong></span> <span class='ocrx_word' id='word_1_385' title='bbox 929 3602 1054 3640; x_wconf 90' lang='lat' dir='ltr'><strong>cum</strong></span> <span class='ocrx_word' id='word_1_386' title='bbox 1121 3586 1325 3653; x_wconf 80' lang='lat' dir='ltr'><strong>ingenti</strong></span> <span class='ocrx_word' id='word_1_387' title='bbox 1390 3600 1740 3639; x_wconf 90' lang='lat' dir='ltr'><strong>nummorum</strong></span> <span class='ocrx_word' id='word_1_388' title='bbox 1806 3585 1963 3653; x_wconf 89' lang='lat' dir='ltr'><strong>copia</strong></span> <span class='ocrx_word' id='word_1_389' title='bbox 2026 3585 2239 3638; x_wconf 86' lang='lat' dir='ltr'><strong>occulte</strong></span> <span class='ocrx_word' id='word_1_390' title='bbox 2314 3584 2383 3635; x_wconf 79' lang='lat' dir='ltr'><strong>in&#39;</strong></span> 
     </span>
    </p>
   </div>
   <div class='ocr_carea' id='block_1_65' title="bbox 786 3674 2372 3751">
    <p class='ocr_par' dir='ltr' id='par_1_65' title="bbox 786 3674 2372 3751">
     <span class='ocr_line' id='line_1_67' title="bbox 786 3674 2372 3751; baseline -0.003 -18"><span class='ocrx_word' id='word_1_391' title='bbox 786 3678 1097 3733; x_wconf 86' lang='lat' dir='ltr'><strong>Orientales</strong></span> <span class='ocrx_word' id='word_1_392' title='bbox 1120 3684 1314 3751; x_wconf 22' lang='lat' dir='ltr'><strong>Apta&#39;gas</strong></span> <span class='ocrx_word' id='word_1_393' title='bbox 1350 3677 1563 3747; x_wconf 78' lang='lat' dir='ltr'><strong>aufugit</strong></span> <span class='ocrx_word' id='word_1_394' title='bbox 1596 3696 1607 3729; x_wconf 90' lang='lat'><strong>:</strong></span> <span class='ocrx_word' id='word_1_395' title='bbox 1636 3686 1691 3730; x_wconf 89' lang='lat' dir='ltr'><strong>et</strong></span> <span class='ocrx_word' id='word_1_396' title='bbox 1722 3691 1846 3730; x_wconf 88' lang='lat' dir='ltr'><strong>cum</strong></span> <span class='ocrx_word' id='word_1_397' title='bbox 1870 3678 2159 3729; x_wconf 84' lang='lat' dir='ltr'><strong>Amaseam</strong></span> <span class='ocrx_word' id='word_1_398' title='bbox 2195 3674 2372 3728; x_wconf 84' lang='lat' dir='ltr'><strong>venis-</strong></span> 
     </span>
    </p>
   </div>
   <div class='ocr_carea' id='block_1_66' title="bbox 793 3754 2369 3839">
    <p class='ocr_par' dir='ltr' id='par_1_66' title="bbox 793 3754 2369 3839">
     <span class='ocr_line' id='line_1_68' title="bbox 793 3754 2369 3839; baseline -0.004 -14"><span class='ocrx_word' id='word_1_399' title='bbox 793 3779 899 3834; x_wconf 86' lang='lat' dir='ltr'><strong>set,</strong></span> <span class='ocrx_word' id='word_1_400' title='bbox 924 3771 994 3824; x_wconf 90' lang='lat' dir='ltr'><strong>ab</strong></span> <span class='ocrx_word' id='word_1_401' title='bbox 1014 3754 1272 3839; x_wconf 79' lang='lat' dir='ltr'><strong>episeopo</strong></span> <span class='ocrx_word' id='word_1_402' title='bbox 1288 3754 1510 3824; x_wconf 10' lang='lat' dir='ltr'><strong>idasileo</strong></span> <span class='ocrx_word' id='word_1_403' title='bbox 1535 3778 1793 3838; x_wconf 86' lang='lat' dir='ltr'><strong>tanquam</strong></span> <span class='ocrx_word' id='word_1_404' title='bbox 1814 3767 2126 3821; x_wconf 84' lang='lat' dir='ltr'><strong>Christiana</strong></span> <span class='ocrx_word' id='word_1_405' title='bbox 2144 3776 2369 3835; x_wconf 62' lang='lat' dir='ltr'><strong>excepta</strong></span> 
     </span>
    </p>
   </div>
   <div class='ocr_carea' id='block_1_67' title="bbox 792 3860 2369 3923">
    <p class='ocr_par' dir='ltr' id='par_1_67' title="bbox 792 3860 2369 3923">
     <span class='ocr_line' id='line_1_69' title="bbox 792 3860 2369 3923; baseline -0.004 -6"><span class='ocrx_word' id='word_1_406' title='bbox 792 3863 915 3918; x_wconf 75' lang='lat' dir='ltr'><strong>fuit.</strong></span> <span class='ocrx_word' id='word_1_407' title='bbox 945 3862 1083 3917; x_wconf 89' lang='lat' dir='ltr'><strong>Cum</strong></span> <span class='ocrx_word' id='word_1_408' title='bbox 1122 3872 1304 3915; x_wconf 88' lang='lat' dir='ltr'><strong>autem</strong></span> <span class='ocrx_word' id='word_1_409' title='bbox 1332 3862 1382 3916; x_wconf 93' lang='lat' dir='ltr'><strong>id</strong></span> <span class='ocrx_word' id='word_1_410' title='bbox 1414 3861 1731 3919; x_wconf 84' lang='lat' dir='ltr'><strong>rescivisset</strong></span> <span class='ocrx_word' id='word_1_411' title='bbox 1763 3860 2028 3923; x_wconf 86' lang='lat' dir='ltr'><strong>Licinius,</strong></span> <span class='ocrx_word' id='word_1_412' title='bbox 2055 3860 2243 3912; x_wconf 88' lang='lat' dir='ltr'><strong>ambos</strong></span> <span class='ocrx_word' id='word_1_413' title='bbox 2273 3872 2369 3911; x_wconf 87' lang='lat' dir='ltr'><strong>co-</strong></span> 
     </span>
    </p>
   </div>
   <div class='ocr_carea' id='block_1_68' title="bbox 798 3950 2369 4021">
    <p class='ocr_par' dir='ltr' id='par_1_68' title="bbox 798 3950 2369 4021">
     <span class='ocr_line' id='line_1_70' title="bbox 798 3950 2369 4021; baseline -0.004 -14"><span class='ocrx_word' id='word_1_414' title='bbox 798 3970 914 4007; x_wconf 85' lang='lat' dir='ltr'><strong>ram</strong></span> <span class='ocrx_word' id='word_1_415' title='bbox 941 3970 1000 4009; x_wconf 88' lang='lat' dir='ltr'><strong>se</strong></span> <span class='ocrx_word' id='word_1_416' title='bbox 1028 3954 1225 4008; x_wconf 78' lang='lat' dir='ltr'><strong>adduci</strong></span> <span class='ocrx_word' id='word_1_417' title='bbox 1276 3953 1578 4007; x_wconf 87' lang='lat' dir='ltr'><strong>mandavit.</strong></span> <span class='ocrx_word' id='word_1_418' title='bbox 1610 3952 1715 4006; x_wconf 88' lang='lat' dir='ltr'><strong>Sed</strong></span> <span class='ocrx_word' id='word_1_419' title='bbox 1760 3951 2055 4021; x_wconf 83' lang='lat' dir='ltr'><strong>Glaphyra,</strong></span> <span class='ocrx_word' id='word_1_420' title='bbox 2087 3964 2209 4020; x_wconf 76' lang='lat' dir='ltr'><strong>quae</strong></span> <span class='ocrx_word' id='word_1_421' title='bbox 2258 3950 2369 4018; x_wconf 87' lang='lat' dir='ltr'><strong>jam</strong></span> 
     </span>
    </p>
   </div>
   <div class='ocr_carea' id='block_1_69' title="bbox 790 4040 2373 4113">
    <p class='ocr_par' dir='ltr' id='par_1_69' title="bbox 790 4040 2373 4113">
     <span class='ocr_line' id='line_1_71' title="bbox 790 4040 2373 4113; baseline -0.004 -13"><span class='ocrx_word' id='word_1_422' title='bbox 790 4047 907 4101; x_wconf 84' lang='lat' dir='ltr'><strong>fato</strong></span> <span class='ocrx_word' id='word_1_423' title='bbox 932 4056 1304 4107; x_wconf 76' lang='lat' dir='ltr'><strong>concesserat,</strong></span> <span class='ocrx_word' id='word_1_424' title='bbox 1326 4046 1395 4098; x_wconf 87' lang='lat' dir='ltr'><strong>ab</strong></span> <span class='ocrx_word' id='word_1_425' title='bbox 1414 4045 1587 4113; x_wconf 89' lang='lat' dir='ltr'><strong>ipsius</strong></span> <span class='ocrx_word' id='word_1_426' title='bbox 1613 4044 1864 4097; x_wconf 86' lang='lat' dir='ltr'><strong>manibus</strong></span> <span class='ocrx_word' id='word_1_427' title='bbox 1894 4042 2100 4110; x_wconf 74' lang='lat' dir='ltr'><strong>effugit.</strong></span> <span class='ocrx_word' id='word_1_428' title='bbox 2129 4040 2373 4094; x_wconf 89' lang='lat' dir='ltr'><strong>Basileus</strong></span> 
     </span>
    </p>
   </div>
   <div class='ocr_carea' id='block_1_70' title="bbox 794 4132 2368 4208">
    <p class='ocr_par' dir='ltr' id='par_1_70' title="bbox 794 4132 2368 4208">
     <span class='ocr_line' id='line_1_72' title="bbox 794 4132 2368 4208; baseline -0.006 -14"><span class='ocrx_word' id='word_1_429' title='bbox 794 4156 923 4194; x_wconf 72' lang='lat' dir='ltr'><strong>vero</strong></span> <span class='ocrx_word' id='word_1_430' title='bbox 973 4140 1261 4208; x_wconf 88' lang='lat' dir='ltr'><strong>episcopus</strong></span> <span class='ocrx_word' id='word_1_431' title='bbox 1322 4138 1543 4191; x_wconf 87' lang='lat' dir='ltr'><strong>vinctus</strong></span> <span class='ocrx_word' id='word_1_432' title='bbox 1594 4134 1972 4191; x_wconf 84' lang='lat' dir='ltr'><strong>Nicomediam</strong></span> <span class='ocrx_word' id='word_1_433' title='bbox 2025 4132 2316 4186; x_wconf 88' lang='lat' dir='ltr'><strong>adducitur</strong></span> <span class='ocrx_word' id='word_1_434' title='bbox 2357 4151 2368 4185; x_wconf 93' lang='lat'><strong>:</strong></span> 
     </span>
    </p>
   </div>
   <div class='ocr_carea' id='block_1_71' title="bbox 788 4226 2374 4300">
    <p class='ocr_par' dir='ltr' id='par_1_71' title="bbox 788 4226 2374 4300">
     <span class='ocr_line' id='line_1_73' title="bbox 788 4226 2374 4300; baseline -0.006 -15"><span class='ocrx_word' id='word_1_435' title='bbox 788 4247 1031 4300; x_wconf 79' lang='lat' dir='ltr'><strong>eumque</strong></span> <span class='ocrx_word' id='word_1_436' title='bbox 1064 4234 1453 4298; x_wconf 88' lang='lat' dir='ltr'><strong>imperatorem</strong></span> <span class='ocrx_word' id='word_1_437' title='bbox 1497 4227 1892 4296; x_wconf 76' lang='lat' dir='ltr'><strong>redarguisset,</strong></span> <span class='ocrx_word' id='word_1_438' title='bbox 1920 4226 2101 4293; x_wconf 87' lang='lat' dir='ltr'><strong>capite</strong></span> <span class='ocrx_word' id='word_1_439' title='bbox 2142 4227 2374 4278; x_wconf 87' lang='lat' dir='ltr'><strong>obtrun-</strong></span> 
     </span>
    </p>
   </div>
   <div class='ocr_carea' id='block_1_72' title="bbox 792 4314 2370 4388">
    <p class='ocr_par' dir='ltr' id='par_1_72' title="bbox 792 4314 2370 4388">
     <span class='ocr_line' id='line_1_74' title="bbox 792 4314 2370 4388; baseline -0.006 -11"><span class='ocrx_word' id='word_1_440' title='bbox 792 4332 952 4377; x_wconf 84' lang='lat' dir='ltr'><strong>catus</strong></span> <span class='ocrx_word' id='word_1_441' title='bbox 998 4330 1117 4384; x_wconf 87' lang='lat' dir='ltr'><strong>est,</strong></span> <span class='ocrx_word' id='word_1_442' title='bbox 1147 4334 1199 4374; x_wconf 87' lang='lat' dir='ltr'><strong>et</strong></span> <span class='ocrx_word' id='word_1_443' title='bbox 1238 4323 1290 4374; x_wconf 84' lang='lat' dir='ltr'><strong>in</strong></span> <span class='ocrx_word' id='word_1_444' title='bbox 1330 4336 1481 4375; x_wconf 90' lang='lat' dir='ltr'><strong>mare</strong></span> <span class='ocrx_word' id='word_1_445' title='bbox 1532 4319 1828 4388; x_wconf 84' lang='lat' dir='ltr'><strong>projectus,</strong></span> <span class='ocrx_word' id='word_1_446' title='bbox 1870 4319 2102 4372; x_wconf 90' lang='lat' dir='ltr'><strong>seorsim</strong></span> <span class='ocrx_word' id='word_1_447' title='bbox 2154 4314 2370 4384; x_wconf 88' lang='lat' dir='ltr'><strong>quidem</strong></span> 
     </span>
    </p>
   </div>
   <div class='ocr_carea' id='block_1_73' title="bbox 794 4402 2374 4479">
    <p class='ocr_par' dir='ltr' id='par_1_73' title="bbox 794 4402 2374 4479">
     <span class='ocr_line' id='line_1_75' title="bbox 794 4402 2374 4479; baseline -0.006 -15"><span class='ocrx_word' id='word_1_448' title='bbox 794 4427 992 4479; x_wconf 87' lang='lat' dir='ltr'><strong>corpus</strong></span> <span class='ocrx_word' id='word_1_449' title='bbox 1013 4411 1150 4478; x_wconf 84' lang='lat' dir='ltr'><strong>ejus,</strong></span> <span class='ocrx_word' id='word_1_450' title='bbox 1174 4412 1402 4464; x_wconf 84' lang='lat' dir='ltr'><strong>seorsim</strong></span> <span class='ocrx_word' id='word_1_451' title='bbox 1434 4417 1614 4477; x_wconf 81' lang='lat' dir='ltr'><strong>caput.</strong></span> <span class='ocrx_word' id='word_1_452' title='bbox 1634 4409 1700 4460; x_wconf 82' lang='lat' dir='ltr'><strong>At</strong></span> <span class='ocrx_word' id='word_1_453' title='bbox 1727 4406 1815 4460; x_wconf 92' lang='lat' dir='ltr'><strong>Dei</strong></span> <span class='ocrx_word' id='word_1_454' title='bbox 1842 4404 2178 4474; x_wconf 84' lang='lat' dir='ltr'><strong>providentia</strong></span> <span class='ocrx_word' id='word_1_455' title='bbox 2205 4402 2374 4471; x_wconf 88' lang='lat' dir='ltr'><strong>ipsius</strong></span> 
     </span>
    </p>
   </div>
   <div class='ocr_carea' id='block_1_74' title="bbox 793 4498 2373 4571">
    <p class='ocr_par' dir='ltr' id='par_1_74' title="bbox 793 4498 2373 4571">
     <span class='ocr_line' id='line_1_76' title="bbox 793 4498 2373 4571; baseline -0.006 -17"><span class='ocrx_word' id='word_1_456' title='bbox 793 4517 995 4571; x_wconf 79' lang='lat' dir='ltr'><strong>corpus</strong></span> <span class='ocrx_word' id='word_1_457' title='bbox 1041 4502 1203 4569; x_wconf 86' lang='lat' dir='ltr'><strong>capiti</strong></span> <span class='ocrx_word' id='word_1_458' title='bbox 1255 4501 1606 4568; x_wconf 73' lang='lat' dir='ltr'><strong>coniunctum</strong></span> <span class='ocrx_word' id='word_1_459' title='bbox 1653 4508 1755 4561; x_wconf 85' lang='lat' dir='ltr'><strong>est,</strong></span> <span class='ocrx_word' id='word_1_460' title='bbox 1786 4498 2053 4565; x_wconf 88' lang='lat' dir='ltr'><strong>uudisque</strong></span> <span class='ocrx_word' id='word_1_461' title='bbox 2102 4509 2373 4563; x_wconf 85' lang='lat' dir='ltr'><strong>superna-</strong></span> 
     </span>
    </p>
   </div>
   <div class='ocr_carea' id='block_1_75' title="bbox 2472 3310 4068 3383">
    <p class='ocr_par' dir='ltr' id='par_1_75' title="bbox 2472 3310 4068 3383">
     <span class='ocr_line' id='line_1_77' title="bbox 2472 3310 4068 3383; baseline -0.013 -15"><span class='ocrx_word' id='word_1_462' title='bbox 2472 3333 2532 3368; x_wconf 83' lang='grc' dir='ltr'><strong>σε</strong></span> <span class='ocrx_word' id='word_1_463' title='bbox 2555 3315 2612 3368; x_wconf 83' lang='grc' dir='ltr'>δὲ</span> <span class='ocrx_word' id='word_1_464' title='bbox 2650 3314 2839 3383; x_wconf 81' lang='grc' dir='ltr'>τρόπῳ</span> <span class='ocrx_word' id='word_1_465' title='bbox 2870 3311 3118 3380; x_wconf 81' lang='grc' dir='ltr'>τοιούτῳ.</span> <span class='ocrx_word' id='word_1_466' title='bbox 3160 3310 3333 3380; x_wconf 81' lang='grc' dir='ltr'>Δούλη</span> <span class='ocrx_word' id='word_1_467' title='bbox 3381 3326 3467 3372; x_wconf 85' lang='grc' dir='ltr'><strong>τις</strong></span> <span class='ocrx_word' id='word_1_468' title='bbox 3515 3310 3614 3377; x_wconf 83' lang='grc' dir='ltr'><strong>τῆς</strong></span> <span class='ocrx_word' id='word_1_469' title='bbox 3649 3311 3923 3376; x_wconf 75' lang='grc' dir='ltr'>γυναικὸς</span> <span class='ocrx_word' id='word_1_470' title='bbox 3962 3314 4068 3363; x_wconf 67' lang='grc' dir='ltr'><strong>Λι-</strong></span> 
     </span>
    </p>
   </div>
   <div class='ocr_carea' id='block_1_76' title="bbox 2477 3401 4075 3473">
    <p class='ocr_par' dir='ltr' id='par_1_76' title="bbox 2477 3401 4075 3473">
     <span class='ocr_line' id='line_1_78' title="bbox 2477 3401 4075 3473; baseline -0.004 -14"><span class='ocrx_word' id='word_1_471' title='bbox 2477 3407 2705 3467; x_wconf 77' lang='grc' dir='ltr'>κιννίου,</span> <span class='ocrx_word' id='word_1_472' title='bbox 2736 3402 2998 3473; x_wconf 81' lang='grc' dir='ltr'>Γλαφύρα</span> <span class='ocrx_word' id='word_1_473' title='bbox 3022 3402 3356 3471; x_wconf 77' lang='grc' dir='ltr'>καλουμένη,</span> <span class='ocrx_word' id='word_1_474' title='bbox 3392 3401 3668 3469; x_wconf 82' lang='grc' dir='ltr'>φεύγουσα</span> <span class='ocrx_word' id='word_1_475' title='bbox 3700 3401 3798 3470; x_wconf 76' lang='grc' dir='ltr'><strong>τὴν</strong></span> <span class='ocrx_word' id='word_1_476' title='bbox 3838 3404 4075 3455; x_wconf 74' lang='grc' dir='ltr'>ἐκείνου</span> 
     </span>
    </p>
   </div>
   <div class='ocr_carea' id='block_1_77' title="bbox 2476 3490 4071 3568">
    <p class='ocr_par' dir='ltr' id='par_1_77' title="bbox 2476 3490 4071 3568">
     <span class='ocr_line' id='line_1_79' title="bbox 2476 3490 4071 3568; baseline -0.004 -19"><span class='ocrx_word' id='word_1_477' title='bbox 2476 3496 2623 3568; x_wconf 81' lang='grc' dir='ltr'>μίξιν</span> <span class='ocrx_word' id='word_1_478' title='bbox 2652 3495 2741 3547; x_wconf 67' lang='grc' dir='ltr'><strong>διὰ</strong></span> <span class='ocrx_word' id='word_1_479' title='bbox 2777 3495 3155 3563; x_wconf 74' lang='grc' dir='ltr'>σωφροσύνην,</span> <span class='ocrx_word' id='word_1_480' title='bbox 3190 3494 3254 3561; x_wconf 75' lang='grc' dir='ltr'>τῇ</span> <span class='ocrx_word' id='word_1_481' title='bbox 3293 3490 3457 3562; x_wconf 76' lang='grc' dir='ltr'>βουλῇ</span> <span class='ocrx_word' id='word_1_482' title='bbox 3482 3492 3582 3561; x_wconf 79' lang='grc' dir='ltr'>τῆς</span> <span class='ocrx_word' id='word_1_483' title='bbox 3623 3494 3819 3558; x_wconf 74' lang='grc' dir='ltr'>κυρῖας</span> <span class='ocrx_word' id='word_1_484' title='bbox 3851 3493 4071 3562; x_wconf 71' lang='grc' dir='ltr'>αὐτῆς,</span> 
     </span>
    </p>
   </div>
   <div class='ocr_carea' id='block_1_78' title="bbox 2474 3585 4080 3659">
    <p class='ocr_par' dir='ltr' id='par_1_78' title="bbox 2474 3585 4080 3659">
     <span class='ocr_line' id='line_1_80' title="bbox 2474 3585 4080 3659; baseline -0.002 -17"><span class='ocrx_word' id='word_1_485' title='bbox 2474 3591 2612 3659; x_wconf 72' lang='grc' dir='ltr'>μετὰ</span> <span class='ocrx_word' id='word_1_486' title='bbox 2636 3590 2939 3658; x_wconf 80' lang='grc' dir='ltr'>χρημάτων</span> <span class='ocrx_word' id='word_1_487' title='bbox 2968 3585 3203 3651; x_wconf 85' lang='grc' dir='ltr'>πολλῶν,</span> <span class='ocrx_word' id='word_1_488' title='bbox 3246 3586 3432 3657; x_wconf 81' lang='grc' dir='ltr'>κρύφα</span> <span class='ocrx_word' id='word_1_489' title='bbox 3476 3586 3610 3657; x_wconf 79' lang='grc' dir='ltr'>πρὸς</span> <span class='ocrx_word' id='word_1_490' title='bbox 3649 3585 3719 3637; x_wconf 82' lang='grc' dir='ltr'>τὰ</span> <span class='ocrx_word' id='word_1_491' title='bbox 3749 3585 3859 3649; x_wconf 74' lang='grc' dir='ltr'><strong>τῆς</strong></span> <span class='ocrx_word' id='word_1_492' title='bbox 3899 3588 4080 3639; x_wconf 72' lang='grc' dir='ltr'>Ἀνα-</span> 
     </span>
    </p>
   </div>
   <div class='ocr_carea' id='block_1_79' title="bbox 2470 3666 4077 3751">
    <p class='ocr_par' dir='ltr' id='par_1_79' title="bbox 2470 3666 4077 3751">
     <span class='ocr_line' id='line_1_81' title="bbox 2470 3666 4077 3751; baseline -0.002 -17"><span class='ocrx_word' id='word_1_493' title='bbox 2470 3682 2629 3750; x_wconf 82' lang='grc' dir='ltr'>τολῆς</span> <span class='ocrx_word' id='word_1_494' title='bbox 2658 3681 2796 3751; x_wconf 85' lang='grc' dir='ltr'>μέρη</span> <span class='ocrx_word' id='word_1_495' title='bbox 2820 3679 3074 3747; x_wconf 75' lang='grc' dir='ltr'>ἐξέφυγε,</span> <span class='ocrx_word' id='word_1_496' title='bbox 3108 3677 3487 3731; x_wconf 88' lang='grc' dir='ltr'>καταλαϐοῦσα</span> <span class='ocrx_word' id='word_1_497' title='bbox 3519 3679 3618 3746; x_wconf 76' lang='grc' dir='ltr'><strong>τήν</strong></span> <span class='ocrx_word' id='word_1_498' title='bbox 3661 3677 3819 3730; x_wconf 75' lang='grc' dir='ltr'>πόλιν</span> <span class='ocrx_word' id='word_1_499' title='bbox 3885 3666 4077 3745; x_wconf 67' lang='grc' dir='ltr'>’ᾉμάο</span> 
     </span>
    </p>
   </div>
   <div class='ocr_carea' id='block_1_80' title="bbox 2474 3769 4083 3840">
    <p class='ocr_par' dir='ltr' id='par_1_80' title="bbox 2474 3769 4083 3840">
     <span class='ocr_line' id='line_1_82' title="bbox 2474 3769 4083 3840; baseline -0.004 -13"><span class='ocrx_word' id='word_1_500' title='bbox 2474 3792 2647 3837; x_wconf 85' lang='grc' dir='ltr'>σειαν,</span> <span class='ocrx_word' id='word_1_501' title='bbox 2682 3775 2777 3826; x_wconf 78' lang='grc' dir='ltr'>καὶ</span> <span class='ocrx_word' id='word_1_502' title='bbox 2830 3771 3187 3840; x_wconf 84' lang='grc' dir='ltr'>ὑποδεχθεῖσα</span> <span class='ocrx_word' id='word_1_503' title='bbox 3234 3771 3310 3833; x_wconf 82' lang='grc' dir='ltr'>ὼς</span> <span class='ocrx_word' id='word_1_504' title='bbox 3376 3769 3681 3839; x_wconf 80' lang='grc' dir='ltr'>Χριστιανὴ</span> <span class='ocrx_word' id='word_1_505' title='bbox 3734 3769 3901 3839; x_wconf 80' lang='grc' dir='ltr'><strong>παρά</strong></span> <span class='ocrx_word' id='word_1_506' title='bbox 3978 3769 4083 3821; x_wconf 72' lang='grc' dir='ltr'><strong>τοῦ</strong></span> 
     </span>
    </p>
   </div>
   <div class='ocr_carea' id='block_1_81' title="bbox 2476 3861 4081 3925">
    <p class='ocr_par' dir='ltr' id='par_1_81' title="bbox 2476 3861 4081 3925">
     <span class='ocr_line' id='line_1_83' title="bbox 2476 3861 4081 3925; baseline -0.004 -5"><span class='ocrx_word' id='word_1_507' title='bbox 2476 3868 2780 3921; x_wconf 82' lang='grc' dir='ltr'>ἐπισκόπου</span> <span class='ocrx_word' id='word_1_508' title='bbox 2835 3864 3129 3925; x_wconf 80' lang='grc' dir='ltr'>Βασιλέως.</span> <span class='ocrx_word' id='word_1_509' title='bbox 3178 3862 3383 3916; x_wconf 85' lang='grc' dir='ltr'>Μαθὼν</span> <span class='ocrx_word' id='word_1_510' title='bbox 3436 3862 3493 3914; x_wconf 80' lang='grc' dir='ltr'>δὲ</span> <span class='ocrx_word' id='word_1_511' title='bbox 3542 3861 3700 3914; x_wconf 85' lang='grc' dir='ltr'>τοῦτο</span> <span class='ocrx_word' id='word_1_512' title='bbox 3750 3862 4081 3924; x_wconf 73' lang='grc' dir='ltr'>Λικίννιος,</span> 
     </span>
    </p>
   </div>
   <div class='ocr_carea' id='block_1_82' title="bbox 2475 3951 4085 4023">
    <p class='ocr_par' dir='ltr' id='par_1_82' title="bbox 2475 3951 4085 4023">
     <span class='ocr_line' id='line_1_84' title="bbox 2475 3951 4085 4023; baseline -0.006 -12"><span class='ocrx_word' id='word_1_513' title='bbox 2475 3960 2569 4011; x_wconf 71' lang='grc' dir='ltr'>καὶ</span> <span class='ocrx_word' id='word_1_514' title='bbox 2629 3955 2979 4019; x_wconf 80' lang='grc' dir='ltr'>ἀποστείλας,</span> <span class='ocrx_word' id='word_1_515' title='bbox 3028 3954 3373 4023; x_wconf 77' lang='grc' dir='ltr'>ἀμφοτέρους</span> <span class='ocrx_word' id='word_1_516' title='bbox 3434 3952 3719 4004; x_wconf 81' lang='grc' dir='ltr'>ἐκέλευσεν</span> <span class='ocrx_word' id='word_1_517' title='bbox 3786 3951 4085 4021; x_wconf 76' lang='grc' dir='ltr'>ἀχθῆναι.</span> 
     </span>
    </p>
   </div>
   <div class='ocr_carea' id='block_1_83' title="bbox 2488 4039 4091 4117">
    <p class='ocr_par' dir='ltr' id='par_1_83' title="bbox 2488 4039 4091 4117">
     <span class='ocr_line' id='line_1_85' title="bbox 2488 4039 4091 4117; baseline -0.004 -17"><span class='ocrx_word' id='word_1_518' title='bbox 2488 4048 2624 4101; x_wconf 85' lang='grc' dir='ltr'>Ἀλλ’</span> <span class='ocrx_word' id='word_1_519' title='bbox 2662 4049 2694 4117; x_wconf 84' lang='grc' dir='ltr'><strong>ή</strong></span> <span class='ocrx_word' id='word_1_520' title='bbox 2730 4046 2826 4116; x_wconf 87' lang='grc' dir='ltr'><strong>μέν</strong></span> <span class='ocrx_word' id='word_1_521' title='bbox 2861 4044 3119 4114; x_wconf 87' lang='grc' dir='ltr'>Γλαφύρα</span> <span class='ocrx_word' id='word_1_522' title='bbox 3151 4044 3251 4114; x_wconf 76' lang='grc' dir='ltr'><strong>ήδη</strong></span> <span class='ocrx_word' id='word_1_523' title='bbox 3281 4044 3669 4111; x_wconf 83' lang='grc' dir='ltr'>τελευτήσασα,</span> <span class='ocrx_word' id='word_1_524' title='bbox 3698 4039 3956 4107; x_wconf 75' lang='grc' dir='ltr'>ἐξέφυγε</span> <span class='ocrx_word' id='word_1_525' title='bbox 3980 4042 4091 4103; x_wconf 73' lang='grc' dir='ltr'><strong>τὰς</strong></span> 
     </span>
    </p>
   </div>
   <div class='ocr_carea' id='block_1_84' title="bbox 2474 4134 4092 4211">
    <p class='ocr_par' dir='ltr' id='par_1_84' title="bbox 2474 4134 4092 4211">
     <span class='ocr_line' id='line_1_86' title="bbox 2474 4134 4092 4211; baseline -0.003 -20"><span class='ocrx_word' id='word_1_526' title='bbox 2474 4143 2659 4211; x_wconf 79' lang='grc' dir='ltr'>χεῖρας</span> <span class='ocrx_word' id='word_1_527' title='bbox 2714 4137 2919 4192; x_wconf 82' lang='grc' dir='ltr'>αὐτοῦ·</span> <span class='ocrx_word' id='word_1_528' title='bbox 2976 4140 3004 4189; x_wconf 85' lang='grc' dir='ltr'>ὁ</span> <span class='ocrx_word' id='word_1_529' title='bbox 3053 4136 3111 4189; x_wconf 88' lang='grc' dir='ltr'><strong>δέ</strong></span> <span class='ocrx_word' id='word_1_530' title='bbox 3156 4136 3454 4197; x_wconf 75' lang='grc' dir='ltr'>ἐπίσκοπος</span> <span class='ocrx_word' id='word_1_531' title='bbox 3510 4135 3773 4195; x_wconf 72' lang='grc' dir='ltr'>Βασιλεὺς</span> <span class='ocrx_word' id='word_1_532' title='bbox 3839 4134 4092 4203; x_wconf 75' lang='grc' dir='ltr'>δέσμιος</span> 
     </span>
    </p>
   </div>
   <div class='ocr_carea' id='block_1_85' title="bbox 2476 4227 4095 4303">
    <p class='ocr_par' dir='ltr' id='par_1_85' title="bbox 2476 4227 4095 4303">
     <span class='ocr_line' id='line_1_87' title="bbox 2476 4227 4095 4303; baseline -0.003 -18"><span class='ocrx_word' id='word_1_533' title='bbox 2476 4234 2665 4303; x_wconf 79' lang='grc' dir='ltr'>ἀχθεὶς</span> <span class='ocrx_word' id='word_1_534' title='bbox 2693 4233 2773 4294; x_wconf 85' lang='grc' dir='ltr'><strong>είς</strong></span> <span class='ocrx_word' id='word_1_535' title='bbox 2825 4230 3220 4300; x_wconf 83' lang='grc' dir='ltr'>Νικομήδειαν,</span> <span class='ocrx_word' id='word_1_536' title='bbox 3275 4228 3489 4281; x_wconf 76' lang='grc' dir='ltr'>καὶτὸν</span> <span class='ocrx_word' id='word_1_537' title='bbox 3538 4227 3761 4295; x_wconf 85' lang='grc' dir='ltr'>βασιλέα</span> <span class='ocrx_word' id='word_1_538' title='bbox 3802 4227 4095 4295; x_wconf 71' lang='grc' dir='ltr'>ἐλέγξας,</span> 
     </span>
    </p>
   </div>
   <div class='ocr_carea' id='block_1_86' title="bbox 2476 4320 4099 4393">
    <p class='ocr_par' dir='ltr' id='par_1_86' title="bbox 2476 4320 4099 4393">
     <span class='ocr_line' id='line_1_88' title="bbox 2476 4320 4099 4393; baseline -0.005 -16"><span class='ocrx_word' id='word_1_539' title='bbox 2476 4324 2913 4393; x_wconf 81' lang='grc' dir='ltr'>ἀπεκεφαλίσθη,</span> <span class='ocrx_word' id='word_1_540' title='bbox 2965 4326 3059 4376; x_wconf 76' lang='grc' dir='ltr'><strong>καὶ</strong></span> <span class='ocrx_word' id='word_1_541' title='bbox 3105 4323 3308 4392; x_wconf 82' lang='grc' dir='ltr'>ἐρῥίφη</span> <span class='ocrx_word' id='word_1_542' title='bbox 3340 4325 3395 4374; x_wconf 86' lang='grc' dir='ltr'><strong>ἐν</strong></span> <span class='ocrx_word' id='word_1_543' title='bbox 3448 4324 3513 4390; x_wconf 70' lang='grc' dir='ltr'>τῇ</span> <span class='ocrx_word' id='word_1_544' title='bbox 3562 4320 3838 4391; x_wconf 75' lang='grc' dir='ltr'>θαλάσσῃ.</span> <span class='ocrx_word' id='word_1_545' title='bbox 3899 4324 4099 4391; x_wconf 68' lang='grc' dir='ltr'>χωρὶς</span> 
     </span>
    </p>
   </div>
   <div class='ocr_carea' id='block_1_87' title="bbox 2481 4412 4103 4486">
    <p class='ocr_par' dir='ltr' id='par_1_87' title="bbox 2481 4412 4103 4486">
     <span class='ocr_line' id='line_1_89' title="bbox 2481 4412 4103 4486; baseline -0.002 -17"><span class='ocrx_word' id='word_1_546' title='bbox 2481 4419 2577 4486; x_wconf 82' lang='grc' dir='ltr'>μὲν</span> <span class='ocrx_word' id='word_1_547' title='bbox 2608 4416 2669 4469; x_wconf 85' lang='grc' dir='ltr'><strong>τδ</strong></span> <span class='ocrx_word' id='word_1_548' title='bbox 2697 4416 2857 4485; x_wconf 84' lang='grc' dir='ltr'>σῶμα</span> <span class='ocrx_word' id='word_1_549' title='bbox 2882 4415 3073 4478; x_wconf 82' lang='grc' dir='ltr'>αὑτοῦ,</span> <span class='ocrx_word' id='word_1_550' title='bbox 3109 4416 3279 4483; x_wconf 77' lang='grc' dir='ltr'>χωρὶς</span> <span class='ocrx_word' id='word_1_551' title='bbox 3312 4414 3368 4465; x_wconf 89' lang='grc' dir='ltr'><strong>δέ</strong></span> <span class='ocrx_word' id='word_1_552' title='bbox 3388 4415 3423 4484; x_wconf 87' lang='grc' dir='ltr'><strong>ή</strong></span> <span class='ocrx_word' id='word_1_553' title='bbox 3454 4412 3691 4481; x_wconf 80' lang='grc' dir='ltr'>κεφαλή.</span> <span class='ocrx_word' id='word_1_554' title='bbox 3731 4413 4006 4485; x_wconf 70' lang='grc' dir='ltr'>Προνοίᾳ</span> <span class='ocrx_word' id='word_1_555' title='bbox 4039 4416 4103 4467; x_wconf 68' lang='grc' dir='ltr'>δὲ</span> 
     </span>
    </p>
   </div>
   <div class='ocr_carea' id='block_1_88' title="bbox 2479 4505 4104 4579">
    <p class='ocr_par' dir='ltr' id='par_1_88' title="bbox 2479 4505 4104 4579">
     <span class='ocr_line' id='line_1_90' title="bbox 2479 4505 4104 4579; baseline -0.002 -18"><span class='ocrx_word' id='word_1_556' title='bbox 2479 4509 2612 4561; x_wconf 86' lang='grc' dir='ltr'>Θεοῦ</span> <span class='ocrx_word' id='word_1_557' title='bbox 2642 4506 3056 4579; x_wconf 83' lang='grc' dir='ltr'>προσεκολλήθη</span> <span class='ocrx_word' id='word_1_558' title='bbox 3109 4506 3169 4557; x_wconf 82' lang='grc' dir='ltr'><strong>τὸ</strong></span> <span class='ocrx_word' id='word_1_559' title='bbox 3206 4506 3368 4574; x_wconf 78' lang='grc' dir='ltr'>σῶμα</span> <span class='ocrx_word' id='word_1_560' title='bbox 3418 4508 3484 4574; x_wconf 76' lang='grc' dir='ltr'>τῇ</span> <span class='ocrx_word' id='word_1_561' title='bbox 3533 4505 3770 4571; x_wconf 76' lang='grc' dir='ltr'>κεφαλῇ,</span> <span class='ocrx_word' id='word_1_562' title='bbox 3804 4509 3921 4558; x_wconf 69' lang='grc' dir='ltr'><strong>καὶ</strong></span> <span class='ocrx_word' id='word_1_563' title='bbox 3950 4509 4104 4559; x_wconf 79' lang='grc' dir='ltr'>ἀνα-</span> 
     </span>
    </p>
   </div>
   <div class='ocr_carea' id='block_1_89' title="bbox 797 4566 2369 4669">
    <p class='ocr_par' dir='ltr' id='par_1_89' title="bbox 797 4566 2369 4663">
     <span class='ocr_line' id='line_1_91' title="bbox 797 4566 2369 4663; baseline -0.005 -16"><span class='ocrx_word' id='word_1_564' title='bbox 797 4566 951 4657; x_wconf 72' lang='lat' dir='ltr'><strong>tans,</strong></span> <span class='ocrx_word' id='word_1_565' title='bbox 986 4594 1039 4646; x_wconf 92' lang='lat' dir='ltr'><strong>in</strong></span> <span class='ocrx_word' id='word_1_566' title='bbox 1102 4566 1307 4663; x_wconf 67' lang='lat' dir='ltr'><strong>Sinope</strong></span> <span class='ocrx_word' id='word_1_567' title='bbox 1362 4566 1496 4647; x_wconf 81' lang='lat' dir='ltr'><strong>urbe</strong></span> <span class='ocrx_word' id='word_1_568' title='bbox 1552 4592 1828 4645; x_wconf 85' lang='lat' dir='ltr'><strong>inventum</strong></span> <span class='ocrx_word' id='word_1_569' title='bbox 1884 4588 2018 4652; x_wconf 83' lang='lat' dir='ltr'><strong>fuit,</strong></span> <span class='ocrx_word' id='word_1_570' title='bbox 2059 4603 2122 4643; x_wconf 87' lang='lat' dir='ltr'><strong>ac</strong></span> <span class='ocrx_word' id='word_1_571' title='bbox 2175 4587 2369 4641; x_wconf 88' lang='lat' dir='ltr'><strong>deinde</strong></span> 
     </span>
    </p>
   </div>
   <div class='ocr_carea' id='block_1_90' title="bbox 2471 4566 4104 4669">
    <p class='ocr_par' dir='ltr' id='par_1_90' title="bbox 2481 4566 4104 4669">
     <span class='ocr_line' id='line_1_92' title="bbox 2481 4566 4104 4669; baseline -0.001 -16"><span class='ocrx_word' id='word_1_572' title='bbox 2481 4566 2725 4653; x_wconf 51' lang='lat' dir='ltr'><strong>«leoaav</strong></span> <span class='ocrx_word' id='word_1_573' title='bbox 2768 4600 2829 4651; x_wconf 84' lang='grc' dir='ltr'><strong>τὸ</strong></span> <span class='ocrx_word' id='word_1_574' title='bbox 2861 4566 3059 4669; x_wconf 63' lang='grc' dir='ltr'>ῥεῦμα,</span> <span class='ocrx_word' id='word_1_575' title='bbox 3102 4566 3303 4667; x_wconf 76' lang='grc' dir='ltr'>εὑρέθη</span> <span class='ocrx_word' id='word_1_576' title='bbox 3351 4598 3408 4648; x_wconf 82' lang='grc' dir='ltr'><strong>ἐν</strong></span> <span class='ocrx_word' id='word_1_577' title='bbox 3444 4566 3688 4667; x_wconf 60' lang='grc' dir='ltr'>έινὼπῃ,</span> <span class='ocrx_word' id='word_1_578' title='bbox 3720 4566 3856 4648; x_wconf 57' lang='lat' dir='ltr'><strong>itu</strong></span> <span class='ocrx_word' id='word_1_579' title='bbox 3916 4601 4104 4667; x_wconf 74' lang='grc' dir='ltr'>ἐτέθη</span> 
     </span>
    </p>
   </div>
   <div class='ocr_carea' id='block_1_91' title="bbox 797 4686 1406 4752">
    <p class='ocr_par' dir='ltr' id='par_1_91' title="bbox 797 4686 1406 4752">
     <span class='ocr_line' id='line_1_93' title="bbox 797 4686 1406 4752; baseline -0.005 -13"><span class='ocrx_word' id='word_1_580' title='bbox 797 4688 1045 4739; x_wconf 68' lang='lat' dir='ltr'><strong>Amasete</strong></span> <span class='ocrx_word' id='word_1_581' title='bbox 1074 4686 1406 4752; x_wconf 89' lang='lat' dir='ltr'><strong>depositum.</strong></span> 
     </span>
    </p>
   </div>
   <div class='ocr_carea' id='block_1_92' title="bbox 1019 4793 2111 4866">
    <p class='ocr_par' dir='ltr' id='par_1_92' title="bbox 1019 4793 2111 4866">
     <span class='ocr_line' id='line_1_94' title="bbox 1019 4793 2111 4866; baseline 0.001 -16"><span class='ocrx_word' id='word_1_582' title='bbox 1019 4796 1091 4851; x_wconf 82' lang='lat' dir='ltr'><strong>Et</strong></span> <span class='ocrx_word' id='word_1_583' title='bbox 1133 4807 1393 4850; x_wconf 77' lang='lat' dir='ltr'><strong>certamen</strong></span> <span class='ocrx_word' id='word_1_584' title='bbox 1428 4798 1596 4849; x_wconf 78' lang='lat' dir='ltr'><strong>sancti</strong></span> <span class='ocrx_word' id='word_1_585' title='bbox 1626 4796 1881 4866; x_wconf 78' lang='lat' dir='ltr'><strong>martyris</strong></span> <span class='ocrx_word' id='word_1_586' title='bbox 1911 4793 2111 4851; x_wconf 76' lang='lat' dir='ltr'><strong>Publii.</strong></span> 
     </span>
    </p>
   </div>
   <div class='ocr_carea' id='block_1_93' title="bbox 877 4912 2375 4984">
    <p class='ocr_par' dir='ltr' id='par_1_93' title="bbox 877 4912 2375 4984">
     <span class='ocr_line' id='line_1_95' title="bbox 877 4912 2375 4984; baseline -0.003 -14"><span class='ocrx_word' id='word_1_587' title='bbox 877 4916 1115 4970; x_wconf 89' lang='lat' dir='ltr'><strong>Sanctus</strong></span> <span class='ocrx_word' id='word_1_588' title='bbox 1148 4916 1235 4969; x_wconf 91' lang='lat' dir='ltr'><strong>hic</strong></span> <span class='ocrx_word' id='word_1_589' title='bbox 1264 4914 1469 4970; x_wconf 81' lang='lat' dir='ltr'><strong>Christi</strong></span> <span class='ocrx_word' id='word_1_590' title='bbox 1516 4922 1721 4984; x_wconf 85' lang='lat' dir='ltr'><strong>martyr</strong></span> <span class='ocrx_word' id='word_1_591' title='bbox 1771 4913 1998 4967; x_wconf 87' lang='lat' dir='ltr'><strong>Publius</strong></span> <span class='ocrx_word' id='word_1_592' title='bbox 2052 4913 2209 4967; x_wconf 84' lang='lat' dir='ltr'><strong>miles</strong></span> <span class='ocrx_word' id='word_1_593' title='bbox 2251 4912 2375 4977; x_wconf 85' lang='lat' dir='ltr'><strong>fuit,</strong></span> 
     </span>
    </p>
   </div>
   <div class='ocr_carea' id='block_1_94' title="bbox 806 5004 2379 5076">
    <p class='ocr_par' dir='ltr' id='par_1_94' title="bbox 806 5004 2379 5076">
     <span class='ocr_line' id='line_1_96' title="bbox 806 5004 2379 5076; baseline -0.003 -12"><span class='ocrx_word' id='word_1_594' title='bbox 806 5006 1004 5064; x_wconf 82' lang='lat' dir='ltr'><strong>Licinii</strong></span> <span class='ocrx_word' id='word_1_595' title='bbox 1059 5007 1404 5076; x_wconf 87' lang='lat' dir='ltr'><strong>imperatoris</strong></span> <span class='ocrx_word' id='word_1_596' title='bbox 1458 5005 1631 5075; x_wconf 79' lang='lat' dir='ltr'><strong>copiis</strong></span> <span class='ocrx_word' id='word_1_597' title='bbox 1680 5004 2011 5074; x_wconf 83' lang='lat' dir='ltr'><strong>adseriptus,</strong></span> <span class='ocrx_word' id='word_1_598' title='bbox 2043 5014 2098 5061; x_wconf 90' lang='lat' dir='ltr'><strong>et</strong></span> <span class='ocrx_word' id='word_1_599' title='bbox 2142 5006 2211 5059; x_wconf 92' lang='lat' dir='ltr'><strong>ab</strong></span> <span class='ocrx_word' id='word_1_600' title='bbox 2260 5006 2379 5075; x_wconf 90' lang='lat' dir='ltr'><strong>ipso</strong></span> 
     </span>
    </p>
   </div>
   <div class='ocr_carea' id='block_1_95' title="bbox 803 5097 2379 5175">
    <p class='ocr_par' dir='ltr' id='par_1_95' title="bbox 803 5097 2379 5175">
     <span class='ocr_line' id='line_1_97' title="bbox 803 5097 2379 5175; baseline -0.002 -20"><span class='ocrx_word' id='word_1_601' title='bbox 803 5100 1098 5175; x_wconf 81' lang='lat' dir='ltr'><strong>plurimum</strong></span> <span class='ocrx_word' id='word_1_602' title='bbox 1147 5098 1380 5154; x_wconf 83' lang='lat' dir='ltr'><strong>dilectus</strong></span> <span class='ocrx_word' id='word_1_603' title='bbox 1407 5097 1554 5167; x_wconf 86' lang='lat' dir='ltr'><strong>quod</strong></span> <span class='ocrx_word' id='word_1_604' title='bbox 1585 5098 1639 5151; x_wconf 92' lang='lat' dir='ltr'><strong>in</strong></span> <span class='ocrx_word' id='word_1_605' title='bbox 1666 5098 1855 5152; x_wconf 89' lang='lat' dir='ltr'><strong>multis</strong></span> <span class='ocrx_word' id='word_1_606' title='bbox 1902 5098 2026 5151; x_wconf 91' lang='lat' dir='ltr'><strong>belli</strong></span> <span class='ocrx_word' id='word_1_607' title='bbox 2075 5098 2379 5153; x_wconf 83' lang='lat' dir='ltr'><strong>occasioni-</strong></span> 
     </span>
    </p>
   </div>
   <div class='ocr_carea' id='block_1_96' title="bbox 808 5189 2377 5265">
    <p class='ocr_par' dir='ltr' id='par_1_96' title="bbox 808 5189 2377 5265">
     <span class='ocr_line' id='line_1_98' title="bbox 808 5189 2377 5265; baseline -0.002 -16"><span class='ocrx_word' id='word_1_608' title='bbox 808 5197 910 5251; x_wconf 84' lang='lat' dir='ltr'><strong>bos</strong></span> <span class='ocrx_word' id='word_1_609' title='bbox 937 5208 997 5248; x_wconf 83' lang='lat' dir='ltr'><strong>se</strong></span> <span class='ocrx_word' id='word_1_610' title='bbox 1023 5201 1244 5247; x_wconf 86' lang='lat' dir='ltr'><strong>strenue</strong></span> <span class='ocrx_word' id='word_1_611' title='bbox 1270 5207 1334 5246; x_wconf 88' lang='lat' dir='ltr'><strong>ac</strong></span> <span class='ocrx_word' id='word_1_612' title='bbox 1360 5190 1575 5246; x_wconf 76' lang='lat' dir='ltr'><strong>fortiter</strong></span> <span class='ocrx_word' id='word_1_613' title='bbox 1618 5192 1898 5259; x_wconf 76' lang='lat' dir='ltr'><strong>gessisset.</strong></span> <span class='ocrx_word' id='word_1_614' title='bbox 1928 5189 2157 5265; x_wconf 88' lang='lat' dir='ltr'><strong>Quando</strong></span> <span class='ocrx_word' id='word_1_615' title='bbox 2196 5203 2377 5246; x_wconf 84' lang='lat' dir='ltr'><strong>autem</strong></span> 
     </span>
    </p>
   </div>
   <div class='ocr_carea' id='block_1_97' title="bbox 804 5282 2381 5356">
    <p class='ocr_par' dir='ltr' id='par_1_97' title="bbox 804 5282 2381 5356">
     <span class='ocr_line' id='line_1_99' title="bbox 804 5282 2381 5356; baseline -0.001 -16"><span class='ocrx_word' id='word_1_616' title='bbox 804 5296 1189 5341; x_wconf 85' lang='lat' dir='ltr'><strong>sacrosanctus</strong></span> <span class='ocrx_word' id='word_1_617' title='bbox 1215 5294 1422 5356; x_wconf 85' lang='lat' dir='ltr'><strong>martyr</strong></span> <span class='ocrx_word' id='word_1_618' title='bbox 1444 5282 1691 5337; x_wconf 89' lang='lat' dir='ltr'><strong>Basileus</strong></span> <span class='ocrx_word' id='word_1_619' title='bbox 1711 5298 1776 5337; x_wconf 84' lang='lat' dir='ltr'><strong>ex</strong></span> <span class='ocrx_word' id='word_1_620' title='bbox 1801 5283 1935 5338; x_wconf 88' lang='lat' dir='ltr'><strong>urbe</strong></span> <span class='ocrx_word' id='word_1_621' title='bbox 1954 5286 2188 5337; x_wconf 84' lang='lat' dir='ltr'><strong>Amasea</strong></span> <span class='ocrx_word' id='word_1_622' title='bbox 2231 5286 2381 5340; x_wconf 87' lang='lat' dir='ltr'><strong>vinc-</strong></span> 
     </span>
    </p>
   </div>
   <div class='ocr_carea' id='block_1_98' title="bbox 802 5374 2380 5445">
    <p class='ocr_par' dir='ltr' id='par_1_98' title="bbox 802 5374 2380 5445">
     <span class='ocr_line' id='line_1_100' title="bbox 802 5374 2380 5445; baseline -0.003 -12"><span class='ocrx_word' id='word_1_623' title='bbox 802 5389 894 5433; x_wconf 86' lang='lat' dir='ltr'><strong>tus</strong></span> <span class='ocrx_word' id='word_1_624' title='bbox 926 5393 1109 5432; x_wconf 90' lang='lat' dir='ltr'><strong>coram</strong></span> <span class='ocrx_word' id='word_1_625' title='bbox 1152 5374 1365 5431; x_wconf 84' lang='lat' dir='ltr'><strong>Licinio</strong></span> <span class='ocrx_word' id='word_1_626' title='bbox 1396 5376 1664 5430; x_wconf 83' lang='lat' dir='ltr'><strong>adductus</strong></span> <span class='ocrx_word' id='word_1_627' title='bbox 1696 5384 1810 5439; x_wconf 90' lang='lat' dir='ltr'><strong>est,</strong></span> <span class='ocrx_word' id='word_1_628' title='bbox 1836 5389 2075 5445; x_wconf 84' lang='lat' dir='ltr'><strong>eumque</strong></span> <span class='ocrx_word' id='word_1_629' title='bbox 2115 5390 2380 5445; x_wconf 75' lang='lat' dir='ltr'><strong>generose</strong></span> 
     </span>
    </p>
   </div>
   <div class='ocr_carea' id='block_1_99' title="bbox 803 5466 2377 5538">
    <p class='ocr_par' dir='ltr' id='par_1_99' title="bbox 803 5466 2377 5538">
     <span class='ocr_line' id='line_1_101' title="bbox 803 5466 2377 5538; baseline -0.004 -13"><span class='ocrx_word' id='word_1_630' title='bbox 803 5471 1104 5538; x_wconf 77' lang='lat' dir='ltr'><strong>redarguit,</strong></span> <span class='ocrx_word' id='word_1_631' title='bbox 1137 5483 1201 5522; x_wconf 90' lang='lat' dir='ltr'><strong>ac</strong></span> <span class='ocrx_word' id='word_1_632' title='bbox 1251 5468 1589 5537; x_wconf 81' lang='lat' dir='ltr'><strong>impuratum</strong></span> <span class='ocrx_word' id='word_1_633' title='bbox 1641 5466 1951 5521; x_wconf 66' lang='lat' dir='ltr'><strong>damonum</strong></span> <span class='ocrx_word' id='word_1_634' title='bbox 2000 5467 2377 5536; x_wconf 84' lang='lat' dir='ltr'><strong>deceptiouem</strong></span> 
     </span>
    </p>
   </div>
   <div class='ocr_carea' id='block_1_100' title="bbox 803 5558 2377 5631">
    <p class='ocr_par' dir='ltr' id='par_1_100' title="bbox 803 5558 2377 5631">
     <span class='ocr_line' id='line_1_102' title="bbox 803 5558 2377 5631; baseline -0.003 -16"><span class='ocrx_word' id='word_1_635' title='bbox 803 5563 1139 5624; x_wconf 87' lang='lat' dir='ltr'><strong>detestatus,</strong></span> <span class='ocrx_word' id='word_1_636' title='bbox 1172 5575 1295 5631; x_wconf 74' lang='lat' dir='ltr'><strong>qua:</strong></span> <span class='ocrx_word' id='word_1_637' title='bbox 1352 5567 1599 5628; x_wconf 89' lang='lat' dir='ltr'><strong>spectant</strong></span> <span class='ocrx_word' id='word_1_638' title='bbox 1648 5560 1715 5614; x_wconf 92' lang='lat' dir='ltr'><strong>ad</strong></span> <span class='ocrx_word' id='word_1_639' title='bbox 1760 5561 2225 5629; x_wconf 85' lang='lat' dir='ltr'><strong>dispensationem</strong></span> <span class='ocrx_word' id='word_1_640' title='bbox 2268 5558 2377 5611; x_wconf 91' lang='lat' dir='ltr'><strong>veri</strong></span> 
     </span>
    </p>
   </div>
   <div class='ocr_carea' id='block_1_101' title="bbox 808 5648 2379 5717">
    <p class='ocr_par' dir='ltr' id='par_1_101' title="bbox 808 5648 2379 5717">
     <span class='ocr_line' id='line_1_103' title="bbox 808 5648 2379 5717; baseline 0 -12"><span class='ocrx_word' id='word_1_641' title='bbox 808 5649 899 5706; x_wconf 80' lang='lat' dir='ltr'><strong>Dei</strong></span> <span class='ocrx_word' id='word_1_642' title='bbox 944 5662 998 5706; x_wconf 89' lang='lat' dir='ltr'><strong>et</strong></span> <span class='ocrx_word' id='word_1_643' title='bbox 1025 5651 1324 5705; x_wconf 77' lang='lat' dir='ltr'><strong>Salvatoris</strong></span> <span class='ocrx_word' id='word_1_644' title='bbox 1373 5653 1547 5704; x_wconf 89' lang='lat' dir='ltr'><strong>nostri</strong></span> <span class='ocrx_word' id='word_1_645' title='bbox 1595 5648 1724 5705; x_wconf 76' lang='lat' dir='ltr'><strong>Jesu</strong></span> <span class='ocrx_word' id='word_1_646' title='bbox 1775 5648 2007 5714; x_wconf 88' lang='lat' dir='ltr'><strong>Christi,</strong></span> <span class='ocrx_word' id='word_1_647' title='bbox 2068 5651 2379 5717; x_wconf 83' lang='lat' dir='ltr'><strong>enarravit;</strong></span> 
     </span>
    </p>
   </div>
   <div class='ocr_carea' id='block_1_102' title="bbox 810 5743 2380 5815">
    <p class='ocr_par' dir='ltr' id='par_1_102' title="bbox 810 5743 2380 5815">
     <span class='ocr_line' id='line_1_104' title="bbox 810 5743 2380 5815; baseline 0.001 -17"><span class='ocrx_word' id='word_1_648' title='bbox 810 5746 1029 5800; x_wconf 73' lang='lat' dir='ltr'><strong>militari</strong></span> <span class='ocrx_word' id='word_1_649' title='bbox 1076 5744 1274 5808; x_wconf 83' lang='lat' dir='ltr'><strong>balteo,</strong></span> <span class='ocrx_word' id='word_1_650' title='bbox 1306 5760 1416 5815; x_wconf 92' lang='lat' dir='ltr'><strong>quo</strong></span> <span class='ocrx_word' id='word_1_651' title='bbox 1455 5751 1574 5798; x_wconf 89' lang='lat' dir='ltr'><strong>erat</strong></span> <span class='ocrx_word' id='word_1_652' title='bbox 1620 5743 1963 5813; x_wconf 70' lang='lat' dir='ltr'><strong>praecinctus,</strong></span> <span class='ocrx_word' id='word_1_653' title='bbox 2000 5753 2164 5815; x_wconf 87' lang='lat' dir='ltr'><strong>atque</strong></span> <span class='ocrx_word' id='word_1_654' title='bbox 2210 5744 2380 5799; x_wconf 86' lang='lat' dir='ltr'><strong>armis</strong></span> 
     </span>
    </p>
   </div>
   <div class='ocr_carea' id='block_1_103' title="bbox 815 5831 2369 5911">
    <p class='ocr_par' dir='ltr' id='par_1_103' title="bbox 815 5831 2369 5911">
     <span class='ocr_line' id='line_1_105' title="bbox 815 5831 2369 5911; baseline 0.002 -22"><span class='ocrx_word' id='word_1_655' title='bbox 815 5839 1112 5911; x_wconf 66' lang='lat' dir='ltr'><strong>proiectis,</strong></span> <span class='ocrx_word' id='word_1_656' title='bbox 1148 5854 1207 5892; x_wconf 86' lang='lat' dir='ltr'><strong>sc</strong></span> <span class='ocrx_word' id='word_1_657' title='bbox 1263 5835 1638 5891; x_wconf 67' lang='lat' dir='ltr'><strong>Christianum</strong></span> <span class='ocrx_word' id='word_1_658' title='bbox 1689 5831 1809 5892; x_wconf 73' lang='lat' dir='ltr'><strong>esse</strong></span> <span class='ocrx_word' id='word_1_659' title='bbox 1864 5837 2143 5907; x_wconf 72' lang='lat' dir='ltr'><strong>professus</strong></span> <span class='ocrx_word' id='word_1_660' title='bbox 2184 5848 2288 5902; x_wconf 89' lang='lat' dir='ltr'><strong>est,</strong></span> <span class='ocrx_word' id='word_1_661' title='bbox 2316 5854 2369 5892; x_wconf 76' lang='lat' dir='ltr'><strong>at</strong></span> 
     </span>
    </p>
   </div>
   <div class='ocr_carea' id='block_1_104' title="bbox 2471 5831 3760 5911">
    <p class='ocr_par' dir='ltr' id='par_1_104' title="bbox 2484 5836 3760 5909">
     <span class='ocr_line' id='line_1_106' title="bbox 2484 5836 3760 5909; baseline -0.002 -19"><span class='ocrx_word' id='word_1_662' title='bbox 2484 5839 2670 5909; x_wconf 76' lang='grc' dir='ltr'>ϐλητο,</span> <span class='ocrx_word' id='word_1_663' title='bbox 2726 5838 3078 5908; x_wconf 75' lang='grc' dir='ltr'>ὡμολόγησεν</span> <span class='ocrx_word' id='word_1_664' title='bbox 3153 5836 3348 5889; x_wconf 60' lang='lat' dir='ltr'><strong>iant-2v</strong></span> <span class='ocrx_word' id='word_1_665' title='bbox 3404 5837 3760 5905; x_wconf 64' lang='grc' dir='ltr'>Χριστιανζν,</span> 
     </span>
    </p>
   </div>
   <div class='ocr_carea' id='block_1_105' title="bbox 2479 4691 2864 4761">
    <p class='ocr_par' dir='ltr' id='par_1_105' title="bbox 2479 4691 2864 4761">
     <span class='ocr_line' id='line_1_107' title="bbox 2479 4691 2864 4761; baseline -0.005 -18"><span class='ocrx_word' id='word_1_666' title='bbox 2479 4694 2537 4745; x_wconf 86' lang='grc' dir='ltr'><strong>ἐν</strong></span> <span class='ocrx_word' id='word_1_667' title='bbox 2578 4691 2864 4761; x_wconf 80' lang='grc' dir='ltr'>Ἀμασείᾳ.</span> 
     </span>
    </p>
   </div>
   <div class='ocr_carea' id='block_1_106' title="bbox 2536 4799 4041 4870">
    <p class='ocr_par' dir='ltr' id='par_1_106' title="bbox 2536 4799 4041 4870">
     <span class='ocr_line' id='line_1_108' title="bbox 2536 4799 4041 4870; baseline 0.002 -14"><span class='ocrx_word' id='word_1_668' title='bbox 2536 4802 2643 4856; x_wconf 76' lang='grc' dir='ltr'><strong>Καὶ</strong></span> <span class='ocrx_word' id='word_1_669' title='bbox 2678 4803 2935 4869; x_wconf 72' lang='grc' dir='ltr'>ἄθλησις</span> <span class='ocrx_word' id='word_1_670' title='bbox 2964 4801 3069 4856; x_wconf 77' lang='grc' dir='ltr'><strong>τοῦ</strong></span> <span class='ocrx_word' id='word_1_671' title='bbox 3101 4800 3273 4870; x_wconf 78' lang='grc' dir='ltr'>ἁγίου</span> <span class='ocrx_word' id='word_1_672' title='bbox 3318 4799 3621 4869; x_wconf 75' lang='grc' dir='ltr'>μάρτυρος</span> <span class='ocrx_word' id='word_1_673' title='bbox 3657 4802 4041 4859; x_wconf 68' lang='grc' dir='ltr'>Πουπλίου.</span> 
     </span>
    </p>
   </div>
   <div class='ocr_carea' id='block_1_107' title="bbox 2554 4910 4104 4989">
    <p class='ocr_par' dir='ltr' id='par_1_107' title="bbox 2554 4910 4104 4989">
     <span class='ocr_line' id='line_1_109' title="bbox 2554 4910 4104 4989; baseline 0.004 -20"><span class='ocrx_word' id='word_1_674' title='bbox 2554 4916 2903 4987; x_wconf 82' lang='grc' dir='ltr'>Στρατιώτης</span> <span class='ocrx_word' id='word_1_675' title='bbox 2926 4912 2995 4986; x_wconf 80' lang='grc' dir='ltr'>ἢν</span> <span class='ocrx_word' id='word_1_676' title='bbox 3018 4910 3170 4979; x_wconf 64' lang='grc' dir='ltr'>οὗτος</span> <span class='ocrx_word' id='word_1_677' title='bbox 3202 4917 3231 4968; x_wconf 76' lang='grc' dir='ltr'>ὁ</span> <span class='ocrx_word' id='word_1_678' title='bbox 3270 4915 3425 4983; x_wconf 74' lang='grc' dir='ltr'>ἅγιος</span> <span class='ocrx_word' id='word_1_679' title='bbox 3449 4916 3657 4985; x_wconf 82' lang='grc' dir='ltr'>μάρτυς</span> <span class='ocrx_word' id='word_1_680' title='bbox 3684 4914 3779 4967; x_wconf 84' lang='grc' dir='ltr'><strong>τοῦ</strong></span> <span class='ocrx_word' id='word_1_681' title='bbox 3823 4918 4104 4989; x_wconf 77' lang='grc' dir='ltr'>Χριστοὲ</span> 
     </span>
    </p>
   </div>
   <div class='ocr_carea' id='block_1_108' title="bbox 2483 5006 4104 5083">
    <p class='ocr_par' dir='ltr' id='par_1_108' title="bbox 2483 5006 4104 5083">
     <span class='ocr_line' id='line_1_110' title="bbox 2483 5006 4104 5083; baseline 0.002 -21"><span class='ocrx_word' id='word_1_682' title='bbox 2483 5009 2776 5073; x_wconf 82' lang='grc' dir='ltr'>Πούπλιος,</span> <span class='ocrx_word' id='word_1_683' title='bbox 2823 5009 3252 5078; x_wconf 77' lang='grc' dir='ltr'>στρατευόμενος</span> <span class='ocrx_word' id='word_1_684' title='bbox 3292 5007 3396 5059; x_wconf 87' lang='grc' dir='ltr'>ὑπὸ</span> <span class='ocrx_word' id='word_1_685' title='bbox 3420 5006 3499 5074; x_wconf 83' lang='grc' dir='ltr'>τῷ</span> <span class='ocrx_word' id='word_1_686' title='bbox 3524 5006 3734 5075; x_wconf 81' lang='grc' dir='ltr'>βασιλεῖ</span> <span class='ocrx_word' id='word_1_687' title='bbox 3770 5010 4104 5083; x_wconf 67' lang='grc' dir='ltr'>Λικιννίῳ,</span> 
     </span>
    </p>
   </div>
   <div class='ocr_carea' id='block_1_109' title="bbox 2483 5098 4104 5170">
    <p class='ocr_par' dir='ltr' id='par_1_109' title="bbox 2483 5098 4104 5170">
     <span class='ocr_line' id='line_1_111' title="bbox 2483 5098 4104 5170; baseline 0 -15"><span class='ocrx_word' id='word_1_688' title='bbox 2483 5104 2577 5155; x_wconf 71' lang='grc' dir='ltr'><strong>καὶ</strong></span> <span class='ocrx_word' id='word_1_689' title='bbox 2612 5100 2979 5170; x_wconf 79' lang='grc' dir='ltr'>ἀγαπώμενος</span> <span class='ocrx_word' id='word_1_690' title='bbox 3026 5099 3119 5151; x_wconf 81' lang='grc' dir='ltr'><strong>ὑπ’</strong></span> <span class='ocrx_word' id='word_1_691' title='bbox 3163 5098 3400 5161; x_wconf 83' lang='grc' dir='ltr'>ἐκείνου,</span> <span class='ocrx_word' id='word_1_692' title='bbox 3446 5098 3535 5151; x_wconf 79' lang='grc' dir='ltr'>διὰ</span> <span class='ocrx_word' id='word_1_693' title='bbox 3579 5098 3643 5151; x_wconf 57' lang='lat' dir='ltr'><strong>es</strong></span> <span class='ocrx_word' id='word_1_694' title='bbox 3683 5098 3998 5167; x_wconf 76' lang='grc' dir='ltr'>πολλάκις</span> <span class='ocrx_word' id='word_1_695' title='bbox 4056 5111 4104 5159; x_wconf 59' lang='grc' dir='ltr'><strong>ἐι</strong></span> 
     </span>
    </p>
   </div>
   <div class='ocr_carea' id='block_1_110' title="bbox 2482 5189 4104 5268">
    <p class='ocr_par' dir='ltr' id='par_1_110' title="bbox 2482 5189 4104 5268">
     <span class='ocr_line' id='line_1_112' title="bbox 2482 5189 4104 5268; baseline 0.002 -23"><span class='ocrx_word' id='word_1_696' title='bbox 2482 5192 2699 5255; x_wconf 85' lang='grc' dir='ltr'>πολλοῖς</span> <span class='ocrx_word' id='word_1_697' title='bbox 2748 5190 3166 5261; x_wconf 78' lang='grc' dir='ltr'>ἀνδραγαθήσαι</span> <span class='ocrx_word' id='word_1_698' title='bbox 3220 5190 3501 5258; x_wconf 78' lang='grc' dir='ltr'>πολέμοις.</span> <span class='ocrx_word' id='word_1_699' title='bbox 3548 5190 3677 5243; x_wconf 84' lang='grc' dir='ltr'>Ὅτε</span> <span class='ocrx_word' id='word_1_700' title='bbox 3731 5189 3797 5242; x_wconf 79' lang='grc' dir='ltr'>δὲ</span> <span class='ocrx_word' id='word_1_701' title='bbox 3854 5196 4104 5268; x_wconf 49' lang='grc' dir='ltr'>δέσμιον</span> 
     </span>
    </p>
   </div>
   <div class='ocr_carea' id='block_1_111' title="bbox 2484 5279 4103 5356">
    <p class='ocr_par' dir='ltr' id='par_1_111' title="bbox 2484 5279 4103 5356">
     <span class='ocr_line' id='line_1_113' title="bbox 2484 5279 4103 5356; baseline 0.004 -19"><span class='ocrx_word' id='word_1_702' title='bbox 2484 5285 2626 5356; x_wconf 62' lang='grc' dir='ltr'>ἤχθη</span> <span class='ocrx_word' id='word_1_703' title='bbox 2664 5285 2723 5351; x_wconf 84' lang='grc' dir='ltr'><strong>ἐξ</strong></span> <span class='ocrx_word' id='word_1_704' title='bbox 2764 5283 3060 5353; x_wconf 83' lang='grc' dir='ltr'>Ἀμασείας</span> <span class='ocrx_word' id='word_1_705' title='bbox 3105 5285 3135 5336; x_wconf 84' lang='grc' dir='ltr'>ὁ</span> <span class='ocrx_word' id='word_1_706' title='bbox 3180 5283 3335 5350; x_wconf 82' lang='grc' dir='ltr'>ἀγιος</span> <span class='ocrx_word' id='word_1_707' title='bbox 3384 5281 3723 5351; x_wconf 63' lang='grc' dir='ltr'>ιεφμάρτυρ</span> <span class='ocrx_word' id='word_1_708' title='bbox 3775 5279 4103 5354; x_wconf 78' lang='grc' dir='ltr'>Βασιλεὺς</span> 
     </span>
    </p>
   </div>
   <div class='ocr_carea' id='block_1_112' title="bbox 2485 5372 4103 5446">
    <p class='ocr_par' dir='ltr' id='par_1_112' title="bbox 2485 5372 4103 5446">
     <span class='ocr_line' id='line_1_114' title="bbox 2485 5372 4103 5446; baseline -0.008 -16"><span class='ocrx_word' id='word_1_709' title='bbox 2485 5380 2577 5430; x_wconf 79' lang='grc' dir='ltr'><strong>καὶ</strong></span> <span class='ocrx_word' id='word_1_710' title='bbox 2610 5376 2832 5438; x_wconf 73' lang='grc' dir='ltr'>σταθεὶς</span> <span class='ocrx_word' id='word_1_711' title='bbox 2886 5374 3197 5445; x_wconf 72' lang='grc' dir='ltr'>ἔμπροσθεν</span> <span class='ocrx_word' id='word_1_712' title='bbox 3236 5374 3330 5426; x_wconf 83' lang='grc' dir='ltr'><strong>τοῦ</strong></span> <span class='ocrx_word' id='word_1_713' title='bbox 3374 5374 3670 5427; x_wconf 78' lang='grc' dir='ltr'>Λικιννίου.</span> <span class='ocrx_word' id='word_1_714' title='bbox 3714 5372 3985 5446; x_wconf 69' lang='grc' dir='ltr'>ἐλεγξεν</span> <span class='ocrx_word' id='word_1_715' title='bbox 4020 5383 4103 5435; x_wconf 71' lang='grc' dir='ltr'><strong>ἀν</strong></span> 
     </span>
    </p>
   </div>
   <div class='ocr_carea' id='block_1_113' title="bbox 2482 5465 4103 5545">
    <p class='ocr_par' dir='ltr' id='par_1_113' title="bbox 2482 5465 4103 5545">
     <span class='ocr_line' id='line_1_115' title="bbox 2482 5465 4103 5545; baseline 0.001 -23"><span class='ocrx_word' id='word_1_716' title='bbox 2482 5470 2676 5539; x_wconf 79' lang='grc' dir='ltr'>δρείως</span> <span class='ocrx_word' id='word_1_717' title='bbox 2708 5468 2871 5521; x_wconf 78' lang='grc' dir='ltr'>αὐτόν</span> <span class='ocrx_word' id='word_1_718' title='bbox 2939 5485 2998 5520; x_wconf 84' lang='grc' dir='ltr'><strong>τε</strong></span> <span class='ocrx_word' id='word_1_719' title='bbox 3037 5470 3132 5519; x_wconf 77' lang='grc' dir='ltr'>καὶ</span> <span class='ocrx_word' id='word_1_720' title='bbox 3172 5467 3271 5537; x_wconf 83' lang='grc' dir='ltr'>τὴν</span> <span class='ocrx_word' id='word_1_721' title='bbox 3310 5465 3516 5536; x_wconf 80' lang='grc' dir='ltr'>πλάνην</span> <span class='ocrx_word' id='word_1_722' title='bbox 3567 5467 3675 5517; x_wconf 79' lang='grc' dir='ltr'><strong>τῶν</strong></span> <span class='ocrx_word' id='word_1_723' title='bbox 3732 5467 4103 5545; x_wconf 74' lang='grc' dir='ltr'>ἁκαθάρτω</span> 
     </span>
    </p>
   </div>
   <div class='ocr_carea' id='block_1_114' title="bbox 2484 5559 4103 5637">
    <p class='ocr_par' dir='ltr' id='par_1_114' title="bbox 2484 5559 4103 5637">
     <span class='ocr_line' id='line_1_116' title="bbox 2484 5559 4103 5637; baseline 0.002 -24"><span class='ocrx_word' id='word_1_724' title='bbox 2484 5562 2774 5631; x_wconf 78' lang='grc' dir='ltr'>δαιμόνων,</span> <span class='ocrx_word' id='word_1_725' title='bbox 2828 5562 2924 5613; x_wconf 67' lang='grc' dir='ltr'><strong>καὶ</strong></span> <span class='ocrx_word' id='word_1_726' title='bbox 2974 5559 3225 5628; x_wconf 79' lang='grc' dir='ltr'>διεξῆλθε</span> <span class='ocrx_word' id='word_1_727' title='bbox 3277 5562 3347 5613; x_wconf 66' lang='grc' dir='ltr'>τὰ</span> <span class='ocrx_word' id='word_1_728' title='bbox 3409 5560 3539 5630; x_wconf 79' lang='grc' dir='ltr'>περὶ</span> <span class='ocrx_word' id='word_1_729' title='bbox 3590 5560 3691 5629; x_wconf 80' lang='grc' dir='ltr'>τῆς</span> <span class='ocrx_word' id='word_1_730' title='bbox 3736 5561 4103 5637; x_wconf 72' lang='grc' dir='ltr'>οἰκονομία.</span> 
     </span>
    </p>
   </div>
   <div class='ocr_carea' id='block_1_115' title="bbox 2481 5651 4104 5731">
    <p class='ocr_par' dir='ltr' id='par_1_115' title="bbox 2481 5651 4104 5731">
     <span class='ocr_line' id='line_1_117' title="bbox 2481 5651 4104 5731; baseline 0.002 -24"><span class='ocrx_word' id='word_1_731' title='bbox 2481 5654 2578 5707; x_wconf 80' lang='grc' dir='ltr'><strong>τοῦ</strong></span> <span class='ocrx_word' id='word_1_732' title='bbox 2609 5653 2867 5722; x_wconf 83' lang='grc' dir='ltr'>ἀληθινοῦ</span> <span class='ocrx_word' id='word_1_733' title='bbox 2896 5651 3033 5707; x_wconf 86' lang='grc' dir='ltr'>Θεοῦ</span> <span class='ocrx_word' id='word_1_734' title='bbox 3078 5654 3174 5705; x_wconf 86' lang='grc' dir='ltr'><strong>καὶ</strong></span> <span class='ocrx_word' id='word_1_735' title='bbox 3213 5653 3465 5720; x_wconf 76' lang='grc' dir='ltr'>Σωτῆρος</span> <span class='ocrx_word' id='word_1_736' title='bbox 3518 5651 3677 5721; x_wconf 72' lang='grc' dir='ltr'>ἡμῶν</span> <span class='ocrx_word' id='word_1_737' title='bbox 3720 5652 3948 5725; x_wconf 72' lang='grc' dir='ltr'>Ἰησοῦ</span> <span class='ocrx_word' id='word_1_738' title='bbox 3987 5662 4104 5731; x_wconf 79' lang='grc' dir='ltr'>Χρι</span> 
     </span>
    </p>
   </div>
   <div class='ocr_carea' id='block_1_116' title="bbox 2486 5743 4104 5823">
    <p class='ocr_par' dir='ltr' id='par_1_116' title="bbox 2486 5743 4104 5823">
     <span class='ocr_line' id='line_1_118' title="bbox 2486 5743 4104 5823; baseline 0.004 -23"><span class='ocrx_word' id='word_1_739' title='bbox 2486 5747 2635 5813; x_wconf 81' lang='grc' dir='ltr'>στοῦ,</span> <span class='ocrx_word' id='word_1_740' title='bbox 2672 5747 2835 5819; x_wconf 75' lang='grc' dir='ltr'>ῥίψας</span> <span class='ocrx_word' id='word_1_741' title='bbox 2875 5749 2941 5800; x_wconf 70' lang='grc' dir='ltr'>τὰ</span> <span class='ocrx_word' id='word_1_742' title='bbox 2986 5746 3130 5799; x_wconf 82' lang='grc' dir='ltr'>ὅπλα</span> <span class='ocrx_word' id='word_1_743' title='bbox 3173 5746 3271 5797; x_wconf 78' lang='grc' dir='ltr'>καὶ</span> <span class='ocrx_word' id='word_1_744' title='bbox 3298 5746 3395 5814; x_wconf 81' lang='grc' dir='ltr'><strong>τήν</strong></span> <span class='ocrx_word' id='word_1_745' title='bbox 3440 5743 3640 5813; x_wconf 78' lang='grc' dir='ltr'>ζώνην,</span> <span class='ocrx_word' id='word_1_746' title='bbox 3694 5746 3769 5816; x_wconf 68' lang='grc' dir='ltr'>ἦν</span> <span class='ocrx_word' id='word_1_747' title='bbox 3831 5758 4104 5823; x_wconf 70' lang='grc' dir='ltr'>περιεΕὲ</span> 
     </span>
    </p>
   </div>
   <div class='ocr_carea' id='block_1_117' title="bbox 3848 5848 4104 5901">
    <p class='ocr_par' dir='ltr' id='par_1_117' title="bbox 3848 5848 4104 5901">
     <span class='ocr_line' id='line_1_119' title="bbox 3848 5848 4104 5901; baseline 0.023 -6"><span class='ocrx_word' id='word_1_748' title='bbox 3848 5848 3972 5898; x_wconf 71' lang='grc' dir='ltr'><strong>καὶ</strong></span> <span class='ocrx_word' id='word_1_749' title='bbox 4035 5866 4104 5901; x_wconf 81' lang='grc' dir='ltr'><strong>το</strong></span> 
     </span>
    </p>
   </div>
  </div>
