4146 6518
170 397 254 462 133

909 612 964 662 Β.

175 697 455 766 Ἀθλησις
486 702 604 755 τῶν
632 702 816 775 ἁγίων
840 705 1157 771 μαρτύρων
1208 704 1517 775 ’[ἳσπέρου,
1550 708 1738 775 Ζωῆς,

564 774 664 828 καὶ
691 773 807 826 τῶν
841 774 1298 828 τέκνωναὺτῶν.

231 886 526 955 Ἕσπερος,
574 888 669 938 καὶ
713 888 836 956 Ζωὴ
879 889 1016 957 μετὰ
1047 888 1156 942 τῶν
1198 890 1405 946 τέκνων
1439 893 1641 954 αὐτῶν,
1694 894 1744 946 οἱ

180 977 308 1045 ἅγιοι
369 980 674 1050 μάρτυρες,
729 981 978 1051 ὑπῆρχον
1037 983 1136 1052 μὲν
1179 984 1273 1037 ἐπὶ
1322 989 1411 1056 ,ῆς
1464 987 1747 1057 βασιλείας

189 1071 479 1140 Ἀδριανοῦ,
519 1073 583 1126 ἐκ
607 1072 709 1140 τῆς
749 1075 936 1144 χώρας
982 1075 1237 1140 Ἰταλίας,
1274 1077 1454 1131 δοῦλοι
1487 1079 1544 1133 δὲ
1583 1081 1750 1133 πλου-

183 1163 279 1215 trioa
312 1164 486 1228 τινός.
517 1165 950 1236 ’Λνατραιρέντες
977 1163 1071 1222 οῦν
1101 1171 1506 1239 Χριστιανικῶς
1543 1173 1749 1243 Rupta-

183 1254 260 1316 κδς
294 1255 390 1307 καὶ
437 1255 728 1320 Θεόδουλος
768 1257 874 1311 ὑπὸ
900 1260 1008 1311 τῶν
1064 1259 1266 1328 γονέων
1316 1263 1519 1327 αὐτῶν,
1558 1265 1616 1316 ἐν
1650 1266 1748 1334 μιᾷ

183 1342 317 1398 εἶπον
349 1347 556 1407 αὐτοῖς·
589 1349 690 1401 Διά
733 1351 785 1402 τί
832 1350 1158 1420 δουλεύομεν
1187 1355 1300 1414 τοῖς
1337 1354 1561 1407 ἀσεϐέσι
1621 1356 1747 1409 τού-

186 1458 300 1504 τοις,
358 1442 456 1494 καὶ
491 1443 553 1495 οὐ
605 1442 683 1511 τῷ
737 1444 994 1514 Χριστῷς
1044 1446 1258 1514 μήποτε
1314 1449 1752 1519 συναπολώμεθα

186 1533 373 1593 αὐτοῖς.
405 1533 626 1588 Τούτων
657 1536 938 1589 ἀκούσασα
973 1539 1006 1605 ὴ
1064 1538 1270 1608 μήτηρ,
1323 1538 1479 1592 εἶπεν
1511 1558 1523 1570 ο
1579 1542 1755 1595 Ἀντί-

190 1642 334 1695 στητε
367 1626 447 1695 τῷ
479 1629 814 1697 ἀγοράσαντι
853 1629 1014 1698 ἡμῶν
1041 1631 1109 1684 τὰ
1139 1631 1388 1700 σώματα,
1421 1634 1515 1686 καὶ
1546 1652 1756 1704 μαρτυ-

191 1721 415 1789 ρήσομεν
440 1720 579 1790 ὑπὲρ
611 1721 872 1791 Χριστοῦ.
905 1721 1040 1775 Τότε
1093 1724 1422 1787 ἀπελθόντες
1465 1727 1514 1778 οἱ
1544 1728 1752 1790 παῖδες,

191 1805 324 1862 εἷπον
379 1809 459 1878 τῷ
507 1812 683 1882 κυρίῳ
722 1813 952 1866 ἐαυτῶν’
995 1815 1152 1868 Ἐπεὶ
1198 1815 1305 1868 τῶν
1337 1817 1436 1887 μὲν
1479 1819 1748 1888 σωμάτιον

191 1903 327 1968 ἡμῶν
363 1904 553 1972 κύριος
584 1906 874 1975 ὑπάρχεις,
924 1905 1037 1959 τῶν
1088 1908 1146 1961 δὲ
1199 1908 1386 1979 ψυχῶν
1425 1911 1453 1964 6
1482 1913 1758 1982 Δεσπότης

203 1994 390 2062 Ἰησοῦς
425 1997 683 2065 Χριστὸς,
714 2000 741 2050 6
770 2000 988 2052 πάντων
1022 2000 1230 2070 Κύριος
1255 2021 1268 2034 ·
1302 2004 1410 2058 ἀπὸ
1440 2004 1533 2057 τοῦ
1569 2006 1663 2058 νῦν
1696 2007 1757 2058 οὐ

193 2088 294 2148 σοὶ,
340 2088 463 2140 ἀλλ’
512 2091 708 2158 ἐκείνῳ
756 2091 1140 2163 δουλεύσομεν.
1215 2097 1547 2164 Ἐκπλαγεὶς
1597 2096 1692 2153 οὖν
1733 2102 1760 2153 6

192 2179 364 2249 κύριος
404 2182 606 2246 αὐτῶν,
627 2183 752 2236 τότε
771 2183 872 2250 μὲν
893 2184 1141 2254 ἔπεμψεν
1165 2188 1364 2252 αὐτοὺς
1389 2190 1527 2259 πρὸς
1557 2190 1761 2244 Ἐσπε-

195 2289 274 2338 ρον
298 2275 388 2326 τὸν
415 2275 631 2346 πατέρα
662 2277 863 2342 αὐτῶν,
902 2278 1032 2333 ὄντα
1063 2281 1122 2332 ἐν
1149 2283 1215 2351 τῇ
1246 2283 1400 2336 πόλει
1431 2284 1758 2355 Τριτωνίου.

191 2365 402 2436 ὕστερον
429 2369 489 2421 δὲ
514 2369 740 2437 ἀγαγὼν
762 2372 853 2424 τόν
874 2389 934 2424 τε
957 2374 1197 2442 πατέρα,
1243 2373 1485 2446 καὶ’τὴν
1516 2377 1756 2446 μητέρα,

194 2459 275 2510 καὶ
304 2458 626 2528 βασανίσας,
652 2462 806 2525 τέλος
834 2463 1069 2536 φοῦρνον
1103 2465 1404 2533 ἐκκαύσας,
1461 2470 1557 2521 καὶ
1584 2469 1761 2538 ἐμϐα-

191 2550 285 2605 λὼν
305 2556 530 2620 αὐτοὺς,
571 2557 630 2608 ἐν
656 2556 810 2627 αὐτῷ
838 2557 1095 2612 ἔκαυσεν.

192 2669 293 2721 Καὶ
324 2671 621 2737 κοιμησις
647 2670 755 2725 τοῦ
802 2673 870 2724 ἐν
895 2673 1088 2741 ἁγίοις
1125 2673 1356 2741 Πατρός
1384 2673 1556 2742 ἡμῶν
1598 2675 1652 2729 Ἀ
1665 2679 1764 2730 θα-

405 2743 651 2808 νασίου,
680 2742 1017 2796 ἐπισκόπου
1059 2744 1526 2812 Ἀλεξανδρείας.

265 2854 606 2919 Ἀθανάσιος,
643 2857 672 2909 6
697 2858 756 2908 ἐν
784 2855 962 2924 ἁγίοις
992 2857 1182 2927 Πατὴρ
1227 2858 1404 2928 ἡμῶν,
1430 2853 1496 2931 ἦν
1532 2859 1624 2911 ἐπὶ
1667 2859 1766 2929 τῆς

194 2944 470 3010 βασιλείας
493 2947 913 3001 Κωνσταντίνου
931 2949 1025 3001 τοῦ
1056 2949 1318 3018 μεγάλου,
1352 2949 1448 3002 καλ⁵
1475 2951 1767 3004 Κωνσταν-

190 3035 298 3091 τίου
331 3039 455 3091 υἱοῦ
485 3038 675 3104 αὑτοῦ,
705 3041 770 3092 ἐκ
800 3040 898 3109 τῆς
927 3040 1135 3103 πόλεως
1177 3041 1606 3112 ’Λλεξανδρείας,
1637 3060 1764 3095 παι-

190 3125 330 3178 δόθεν
379 3129 479 3182 τὸν
519 3127 653 3180 Θεὸν
705 3128 962 3195 ἀγαπῶν,
997 3131 1090 3182 καὶ
1145 3130 1248 3200 τῆς
1302 3130 1766 3201 ἑκκλησιαστικῆς

1669 403 1931 465 ΜΑιυς.

658 517 836 570 eum
881 519 967 588 Tu
999 521 1206 589 arra.
1773 529 1814 580 Α

2371 519 2596 573 EODEM
2647 519 2896 572 MENSE.

2447 613 2538 667 Die
2588 613 2823 666 secunda

1846 704 2126 758 Certamen
2168 714 2474 758 sanctorum
2533 717 2829 776 martyrum
2897 706 3140 772 Hesperi,
3192 705 3321 759 Zoes
3377 718 3428 759 rt

2504 777 2757 844 ﬁliorum.

1922 889 2108 944 Sancti
2145 899 2411 963 martyres
2433 890 2734 962 llesperus,
2775 901 2828 947 et
2855 892 2964 946 Zoe
2986 907 3110 947 eum
3149 894 3294 955 ﬁliis.
3323 893 3427 948 im-

1847 991 2076 1053 perante
2096 983 2355 1051 Adriano,
2391 995 2547 1041 erant
2579 974 2641 1041 ex
2679 987 2902 1056 regione
2928 987 3118 1049 Italiae,
3146 988 3286 1042 servi
3332 1004 3430 1042 cu—

1846 1077 2064 1146 jusdam
2096 1077 2307 1133 divitis.
2339 1079 2474 1133 Cum
2504 1089 2687 1135 autem
2719 1078 3001 1151 Cyriacus,
3033 1090 3085 1135 ct
3114 1079 3431 1135 Theodulus

1853 1185 1880 1224 a
1931 1172 2252 1240 parentibus
2285 1172 2401 1226 suis
2453 1173 2766 1228 Christiane
2823 1174 3040 1226 educati
3093 1180 3300 1238 essent,
3344 1171 3433 1226 die

1853 1264 2085 1331 quadam
2115 1264 2371 1318 dixerunt
2396 1265 2474 1319 cis
2511 1284 2523 1318 :
2557 1266 2738 1331 Quare
2775 1266 3048 1320 servimus
3081 1267 3264 1333 impiis
3291 1265 3432 1327 istis.

1855 1368 1900 1413 et
1925 1374 2030 1411 non
2047 1359 2481 1427 petiustlhristo,
2499 1374 2566 1412 ne
2581 1375 2866 1428 pereamus
2886 1375 3009 1414 cum
3033 1359 3174 1414 illis?
3193 1360 3436 1415 Audiens

1859 1451 1975 1505 haec
2023 1460 2195 1505 mater
2232 1452 2502 1521 ipsorum,
2552 1452 2688 1506 dixit
2729 1471 2741 1505 :
2775 1451 3038 1507 Resistite
3077 1453 3149 1514 ei,
3180 1452 3271 1522 qui
3308 1451 3439 1506 emit

1857 1557 2082 1609 corpora
2117 1551 2332 1605 nostra,
2382 1553 2435 1596 el
2467 1544 2793 1613 martyrium
2833 1560 2929 1612 pro
2955 1545 3176 1598 Clu-isto
3209 1545 3440 1598 sustine-

1859 1635 2062 1688 bimus.
2087 1632 2242 1688 Tunc
2267 1635 2526 1688 abeuntes
2555 1635 2731 1703 pueri,
2757 1633 2982 1688 domino
3011 1649 3109 1688 suo
3139 1635 3398 1687 dixerunt
3424 1651 3436 1686 :

1859 1727 2102 1796 Corpora
2133 1725 2351 1796 quidem
2382 1737 2569 1780 nostra
2602 1735 2709 1781 tua!
2733 1725 3102 1792 subjiciuntur
3136 1725 3393 1792 potestati
3423 1743 3436 1790 ;

1863 1818 2170 1871 animarum
2194 1833 2322 1870 vero
2350 1829 2665 1872 nostrarum
2699 1817 2955 1871 dominus
2987 1825 3071 1868 est
3094 1812 3254 1869 Jesus
3283 1814 3444 1867 Chri-

1863 1920 2000 1971 stus,
2033 1911 2125 1980 qui
2153 1910 2398 1964 omnium
2423 1910 2759 1964 dominatur.
2791 1907 3004 1962 Amodo
3042 1922 3150 1960 non
3191 1907 3306 1966 tibi,
3348 1908 3439 1960 sed

1864 2003 1938 2056 illi
1978 2003 2309 2058 serviemus.
2356 2001 2766 2070 Obstupescens
2789 2001 2853 2053 ad
2885 1999 3278 2053 haecdominus
3319 1999 3440 2051 illo-

1863 2110 2008 2157 rum,
2039 2103 2169 2146 tunc
2198 2094 2419 2162 quidem
2454 2094 2574 2147 illos
2594 2092 2658 2146 ad
2690 2091 2992 2160 Hesperum
3034 2101 3244 2160 patrem
3273 2090 3442 2152 misit,

1861 2185 1968 2254 81
1997 2184 2047 2236 in
2085 2182 2334 2237 Tritonio
2355 2183 2488 2238 urbe
2509 2194 2816 2238 versantem
2843 2199 2855 2233 :
2881 2191 3063 2249 postea
3079 2196 3208 2235 vero
3235 2190 3443 2250 patrem

1865 2285 2206 2345 matremque
2229 2291 2542 2339 accersens,
2575 2277 2820 2345 torqueri
2849 2277 2968 2329 illos
2999 2275 3162 2344 jussit
3190 2275 3441 2328 :demum

1866 2371 1918 2422 in
1963 2369 2240 2424 lornacem
2297 2386 2587 2425 arcensam
2644 2369 2853 2440 injecit,
2900 2369 3249 2437 ﬂammisque
3297 2383 3446 2422 eom-

1865 2462 2060 2517 bussu.

1869 2649 1936 2704 Et
1967 2651 2214 2705 dormitio
2244 2653 2414 2704 sancti
2449 2653 2626 2704 Patris
2667 2655 2835 2704 nostri
2867 2653 3167 2717 Athanasii,
3211 2653 3442 2720 episcopi

2489 2723 2846 2777 Alexandria’.

1940 2830 2175 2886 Sanetus
2209 2833 2367 2886 Pater
2392 2833 2928 2887 nosterAthanasius
2954 2849 3014 2887 ex
3054 2833 3188 2888 urbe
3216 2833 3451 2888 Alexan-

1869 2925 1988 2978 dria
2029 2925 2316 2986 oriundus,
2373 2926 2769 2994 imperantibus
2815 2925 3179 2980 Consmntino
3229 2924 3448 2994 Magno.

1869 3017 2094 3086 ejusque
2139 3018 2246 3068 lilio
2280 3016 2604 3070 Constantio
2631 3016 2833 3070 ﬂoruit.
2882 3020 2925 3069 A
2962 3031 3129 3081 puero
3170 3015 3336 3070 Deum
3366 3017 3450 3069 di-

1871 3110 2023 3171 lexit,
2079 3109 2436 3176 ordinemque
2472 3109 2906 3162 ecclesiasticum
2965 3109 3166 3161 imitari
3217 3109 3448 3162 studuit.

188 3219 386 3284 τάξεως
415 3221 895 3290 ἀντιποιούμενος.
935 3222 1045 3274 Καὶ
1076 3221 1185 3293 γὰρ
1219 3223 1432 3276 παιδίον
1455 3222 1549 3287 ὢν,
1591 3241 1766 3294 παρα-

1873 3199 2006 3253 Nam
2037 3217 2171 3269 puer
2197 3215 2317 3252 cum
2356 3209 2518 3264 esset,
2541 3209 2844 3254 coaetaneos
2875 3215 3184 3263 assumens,
3217 3199 3451 3254 adlittus

190 3309 363 3362 λαϐὼν
410 3314 544 3374 τοῦς
598 3311 1018 3381 συνηλικιώτας,
1065 3312 1158 3365 ἐπὶ
1214 3314 1306 3367 τὸν
1367 3316 1612 3383 αἰγιαλὸν
1670 3317 1769 3385 τῆς

189 3403 464 3473 θαλάσσης
497 3405 852 3474 παρεγένετο.
882 3403 992 3457 Καὶ
1017 3404 1092 3467 ὡς
1115 3406 1173 3457 ἐν
1202 3405 1392 3476 παιδιᾷ
1426 3406 1769 3476 σχηματίσας

190 3497 373 3548 ἑαυτὸν
405 3498 746 3562 ἐπίσκοπον,
793 3497 888 3549 καὶ
921 3499 985 3550 ὲκ
1031 3497 1138 3550 τῶν
1170 3499 1267 3550 σὺν
1315 3499 1462 3568 αὑτῷ
1498 3517 1772 3571 προχειρι-

192 3591 424 3656 σάμενος
463 3589 878 3658 πρεσϐυτέρους
911 3590 1005 3642 καὶ
1059 3589 1358 3656 διακόνους,
1411 3590 1672 3644 ἐϐάπτισε
1705 3592 1772 3644 τὰ

186 3678 337 3733 λοιπά
393 3681 591 3734 παιδία
622 3682 730 3732 τῶν
791 3680 1057 3748 Ἑλλήνων
1085 3680 1325 3736 καὶτῶν
1379 3684 1646 3738 Ἰουδαίων
1694 3685 1771 3755 τῷ

186 3772 274 3836 τῆς
300 3773 595 3840 θαλάσσης
625 3772 800 3826 ὕδατι.
831 3774 1068 3842 Θεωρῶν
1097 3775 1152 3827 δὲ
1185 3775 1359 3828 ταῦτα
1385 3777 1592 3830 ἄνωθεν
1621 3779 1648 3830 ὁ
1675 3779 1771 3848 τῆς

197 3862 617 3934 Ἀλεξανδρείας
659 3863 956 3927 ἐπίσκοπτς
1016 3866 1386 3938 Ἀλέξανδρος,
1424 3867 1768 3938 ἐθαύμαζεν·

186 3956 269 4007 καὶ
303 3959 477 4022 γνοὺς
510 3956 592 4027 τῷ
625 3956 898 4025 πνεύματι
919 3958 993 4020 ὡς
1031 3958 1332 4026 μελλόντων
1367 3960 1474 4012 εἰσὶ
1500 3961 1571 4012 τὰ
1598 3977 1772 4030 πρατ-

181 4049 383 4117 τόμενα
437 4048 880 4119 προμηνῦματα,
938 4051 1061 4112 τοὺς
1117 4051 1214 4121 μὲν
1263 4053 1460 4113 παῖδας
1515 4052 1592 4122 τῷ
1645 4053 1774 4123 θείῳ

187 4142 334 4210 μύρῳ
389 4142 703 4210 ἐπιχρίσας
757 4141 1108 4194 ἐτελείωσεν·
1173 4142 1495 4206 Ἀθανάσιος
1530 4145 1586 4196 δὲ
1643 4147 1772 4214 παρ’

185 4235 337 4287 αὐτοῦ
362 4232 833 4306 γραμματισθε¹ις
873 4237 1159 4304 πρότερον,
1187 4237 1281 4288 καὶ
1307 4237 1598 4306 γενόμενος
1645 4238 1776 4289 ἀνα-

182 4323 449 4397 γιώστης,
496 4326 740 4397 ὕστερον
769 4327 1153 4398 προεχειρίσθη
1186 4329 1280 4380 καὶ
1303 4329 1602 4392 ἐπίσκοπος
1628 4342 1641 4359 ⁶
1683 4332 1774 4383 καὶ

181 4419 342 4471 πολλὰ
366 4420 522 4490 ὑπὲρ
547 4418 655 4487 ’τῆς
681 4418 965 4479 εὐσεϐείας
993 4420 1424 4488 ἀγωνισάμενος,
1460 4423 1772 4494 ἐτελειώθη.

725 4529 905 4581 ΜΗΝΙ
924 4530 1010 4598 Τῼ
1033 4529 1123 4581 ΑΥ
1142 4530 1238 4599 Γῼ.

943 4621 995 4672 I‘r

182 4734 462 4802 Ἄθλησις
527 4730 665 4785 τῶν
733 4731 918 4798 ἁγίων
967 4730 1282 4796 μαρτύρων
1343 4731 1624 4800 Τιμοθέου
1681 4735 1785 4786 καὶ

855 4802 1118 4867 Μαύρας.

245 4916 547 4984 Τιμόθεος,
583 4913 616 4965 ὁ
650 4909 743 4963 τοῦ
766 4909 1000 4978 Χριστοῦ
1032 4910 1263 4981 μάρτυς,
1293 4911 1361 4981 ἦν
1405 4912 1505 4981 μὲν
1536 4911 1778 4980 ἀναγνῶ-

185 5022 302 5079 στης
347 5008 452 5076 τῆς
498 5003 835 5074 ἁγιωτάτης
863 5002 956 5055 τοῦ
989 5002 1124 5055 Θεοῦ
1157 5004 1484 5074 ἐκκλησίας⁶
1532 5005 1682 5074 νόμῳ
1722 5005 1776 5057 δὲ

181 5101 349 5165 γάμου
400 5099 508 5168 τὴν
581 5094 828 5162 Μαῦραν
881 5095 959 5156 είς
1013 5097 1250 5162 γυναῖκα
1302 5093 1504 5158 λαϐὼν,
1553 5094 1778 5165 ἡμερῶν

183 5191 338 5243 εἴκοσι
370 5191 452 5262 μὴ
489 5186 922 5258 παρελθουσῶν,
953 5187 1231 5257 ἐκρατήθη
1261 5188 1414 5257 παρά
1433 5188 1540 5241 τῶν
1567 5187 1781 5241 εἰδωλο-

182 5281 412 5354 λατρῶν·
449 5284 557 5336 καὶ
582 5279 792 5341 δεθεὶς,
824 5280 962 5350 ἤχθη
991 5281 1127 5350 πρὸς
1172 5280 1454 5352 Ἀρῤιανὸν
1504 5280 1596 5334 τὸν
1645 5283 1780 5350 ἡγε-

187 5375 309 5440 μόνα
368 5374 690 5448 Θηϐαΐδος,
753 5370 847 5424 καὶ
895 5372 1166 5442 παρεδόθη
1216 5373 1387 5444 αὐτῷ.
1442 5373 1576 5426 Τότε
1630 5373 1779 5441 λέγει

185 5467 352 5536 αὐτῷ·
413 5470 564 5538 Φέρε
625 5464 735 5526 τὰς
777 5462 989 5532 βίϐλους
1043 5481 1158 5530 σου,
1202 5465 1297 5518 καὶ
1355 5465 1561 5518 καῦσον
1617 5464 1781 5527 αὐτὸς

187 5557 484 5629 ἔμπροσθέν
529 5573 673 5627 μου.
712 5553 821 5605 Τοῦ
861 5553 917 5606 δέ
946 5552 1100 5620 ἁγίου
1139 5553 1214 5622 μὴ
1263 5553 1578 5616 πεισθέντος
1626 5551 1784 5606 τοῦτο

188 5652 414 5722 ποιῆσαι,
458 5651 686 5718 σίδηρα
723 5646 1096 5716 πεπυρωμένα
1145 5645 1396 5698 ἐνέῧαλεν
1447 5647 1525 5708 είς
1555 5645 1621 5697 τὰ
1669 5637 1784 5697 ῶτα

189 5744 374 5798 αὖτοῦ·
428 5745 532 5798 καί
594 5737 933 5809 παραυτίκα
978 5738 1034 5791 αἱ
1091 5737 1198 5792 τῶν
1260 5737 1556 5808 ὀφθαλμῶν
1617 5736 1783 5793 αὑτοῦ

193 5835 331 5908 κόραι
380 5837 691 5904 ἐξέπεσον.
749 5823 881 5884 Εἶτα
930 5829 1208 5901 δεσμιῑται
1262 5830 1354 5884 ἐπὶ
1407 5828 1597 5902 τροχοῦ
1660 5831 1784 5894 τοὺς

1805 4547 1854 4604 ἶ)

1873 3292 2040 3346 maris
2072 3291 2324 3353 aeeessit,
2361 3307 2424 3344 ac
2464 3293 2624 3344 veluti
2656 3293 2934 3359 pueriliter
2963 3293 3202 3359 Seipsum
3235 3291 3452 3360 cpisco-

1872 3401 2000 3455 pum
2048 3385 2336 3449 simulans,
2393 3400 2457 3437 cx
2498 3384 2562 3438 iis
2611 3383 2704 3452 qui
2771 3398 2894 3436 cum
2939 3383 3051 3452 ipso
3105 3382 3453 3445 erant,alios

1874 3476 2094 3546 quidem
2127 3475 2474 3544 presbyteros
2503 3482 2557 3527 et
2585 3473 2849 3527 diaconos
2874 3470 3148 3525 ordinavit
3174 3488 3187 3533 ;
3209 3470 3362 3538 reliqt
3437 3506 3451 3521 ι

1874 3585 2004 3622 vero
2045 3568 2357 3622 Grzccorum
2405 3565 2825 3632 Judzeorumque
2865 3580 3062 3633 pueros
3111 3578 3248 3632 aqua
3286 3562 3454 3614 maris

1878 3658 2188 3728 baptizavit.
2252 3656 2378 3711 llzec
2422 3655 2731 3709 Alexander
2782 3654 3123 3725 Alexandria:
3165 3655 3455 3721 episcopus

1875 3754 2094 3806 eminus
2128 3749 2551 3818 contemplatus,
2579 3747 2896 3815 obstupuit:
2923 3747 3117 3814 spiritu
3151 3755 3330 3796 autem
3365 3757 3455 3796 co-

1876 3856 2167 3912 gnoscens,
2199 3855 2258 3893 ea
2293 3854 2412 3908 qua)
2445 3837 2584 3890 facta
2617 3845 2791 3899 erant,
2828 3833 3136 3887 futurorum
3169 3845 3289 3883 esse
3316 3843 3453 3896 prai-

1877 3931 2050 3997 sagia,
2116 3927 2315 3996 pneros
2366 3926 2586 3991 quidem
2645 3924 2832 3976 divino
2856 3921 3165 3998 Chrismate
3225 3927 3452 3983 ungeus,

1874 4020 2126 4092 perfecit.
2171 4017 2506 4072 Athanasius
2532 4025 2712 4069 autem
2757 4014 2951 4068 litteris
2986 4013 3222 4082 primum
3252 4009 3457 4074 abipso

1879 4115 2177 4167 instructus
2228 4119 2311 4163 est
2347 4127 2359 4162 :
2395 4124 2519 4162 mox
2549 4108 2722 4161 lector
2752 4105 2928 4158 factus
2957 4121 2968 4156 :
2995 4103 3210 4156 demum
3247 4098 3460 4166 episeo-

1878 4222 1979 4275 pus
2041 4204 2344 4256 ordinatus.
2392 4199 2527 4254 Cum
2568 4206 2747 4250 autem
2790 4195 2959 4249 multa
3000 4191 3302 4248 certamina
3363 4202 3459 4256 pro

1881 4299 2079 4367 pietate
2111 4295 2390 4353 subiisset,
2428 4291 2586 4344 vitam
2627 4289 2823 4342 liuivit.

2415 4494 2648 4550 EODEM
2684 4491 2932 4547 MENSE.

2528 4594 2621 4646 Die
2673 4591 2827 4645 tertia

1886 4711 2163 4766 Certamen
2201 4717 2502 4761 senuerunt
2537 4709 2830 4769 martyrum
2882 4697 3140 4751 Timothei
3169 4709 3215 4749 et
3238 4697 3462 4751 ,νοω-ιιι.

1959 4895 2280 4951 Timotheus
2309 4890 2513 4948 Christi
2548 4896 2781 4958 martyr,
2833 4886 3198 4942 sanctissimae
3229 4884 3322 4940 Dei
3373 4901 3467 4940 ce.

1887 4989 2066 5044 clesiae
2099 4989 2269 5041 lector
2297 4984 2418 5039 fuit.
2467 4982 2603 5036 Cum
2645 4990 2828 5036 autem
2879 4978 3115 5048 conjugii
3155 4978 3272 5047 lege
3319 4975 3468 5034 Mau-

1888 5097 2005 5136 ram
2037 5079 2331 5147 aceepisset
2362 5075 2415 5129 iu
2471 5088 2722 5136 uxorem,
2763 5073 2848 5125 vix
2889 5070 3090 5137 elapsis
3139 5069 3334 5124 diebus
3383 5069 3466 5122 vi-

1889 5174 2045 5242 ginti,
2076 5169 2504 5239 comprehensus
2531 5173 2615 5222 est
2652 5163 2720 5218 ab
2767 5161 3101 5225 idololatria,
3142 5171 3196 5215 et
3229 5160 3463 5224 vinctus.

1886 5267 1952 5320 ad
1981 5263 2271 5319 Arriauum
2305 5258 2602 5314 Thebaidis
2643 5255 2927 5326 praesidem
2985 5253 3275 5317 adductus,
3308 5253 3469 5322 eique

1888 5358 2121 5414 traditus
2149 5375 2160 5409 :
2190 5356 2282 5425 qui
2318 5353 2394 5407 ait
2422 5351 2471 5406 ei
2507 5369 2520 5404 :
2550 5347 2695 5403 Aller
2725 5348 2894 5402 libros
2928 5355 3078 5410 tuos,
3121 5359 3324 5413 eosque
3368 5357 3468 5397 eo-

1888 5467 2004 5507 ram
2054 5466 2142 5505 me
2190 5448 2472 5504 eombure.
2513 5443 2651 5497 Cum
2687 5449 2869 5496 autem
2909 5446 3133 5494 sanctus
3193 5436 3247 5491 id
3291 5435 3472 5491 facere

1889 5551 2164 5608 renueret,
2207 5538 2572 5598 candentibus
2603 5534 2826 5590 laminis
2859 5532 3052 5588 ferreis
3083 5531 3137 5586 in
3163 5531 3283 5600 ejus
3308 5545 3471 5586 aures

1891 5637 2173 5701 immissis,
2207 5635 2390 5691 statim
2427 5630 2748 5687 exciderunt
2771 5626 2990 5698 pupillae
3015 5626 3299 5680 oculorum
3325 5622 3466 5692 ejus.

1893 5734 2100 5791 Deinde
2150 5741 2284 5791 rotae
2330 5746 2426 5802 per
2481 5730 2622 5785 talos
2670 5726 2955 5796 alligatur,
2995 5723 3104 5794 82
3154 5721 3472 5793 lignumque

1891 5829 1972 5886 ori
2019 5827 2139 5900 ejus
2199 5824 2541 5897 imponitur:
2580 5832 2632 5879 et
2684 5833 2819 5878 saxo
2867 5817 2932 5873 ad
2988 5815 3187 5872 collum
3223 5811 3470 5882 alligato,
