4146 6518
738 388 847 457 435

1992 406 2426 471 MENOLOGII
2465 410 2661 473 PARS
2695 414 2822 475 III.
2865 490 2871 497 ,

3907 418 4011 486 438

738 510 960 566 inverso
975 511 1155 581 capite
1186 513 1566 582 suspenditur.
1590 515 1845 589 Cumque
1868 518 2005 574 nihil
2038 520 2088 574 ei
2125 534 2311 590 praeses

2431 522 2809 594 ἀστραγάλους
2833 524 3021 591 αὑτοῦ,
3050 527 3139 579 καὶ
3172 524 3328 590 ξύλον
3360 528 3618 597 ἐμϐάλλει
3641 530 3722 592 είς
3751 532 3811 585 τὸ
3837 536 4011 603 στόμα

735 604 1071 671 persuadere
1127 606 1433 674 potuisset,
1486 613 1744 683 praecepit
1799 612 2020 685 conjugi
2073 613 2215 684 ejus,
2270 629 2303 668 ιι

2433 614 2633 667 αὑτοῦ·
2670 616 2764 669 καὶ
2818 614 2964 668 λίθον
3025 615 3102 686 τῷ
3144 618 3404 688 τραχήλῳ
3459 618 3626 672 αὐτοῦ
3677 624 4006 692 προσδήσας.

735 696 1053 752 hortaretur
1073 714 1204 753 eum
1243 700 1477 756 deﬁcere
1525 718 1555 758 a
1592 704 1831 761 Christo.
1887 706 1958 763 At
2016 706 2109 762 illa
2168 707 2301 771 elegi

2430 709 2709 780 ἐκρέμασε
2740 709 2883 764 κατά
2914 710 3183 780 κεφαλῆς.
3232 712 3320 774 Ὠς
3348 712 3405 765 δὲ
3447 714 3547 765 οὒκ
3579 714 3796 767 ἔπειθεν
3825 719 4007 782 αὑτὸν,

732 792 919 860 potius
969 794 1465 865 martyriumpati.
1517 796 1700 865 Quare
1747 801 1907 855 evelli
1936 801 2108 872 jussit
2146 801 2327 858 crines

731 883 929 952 capitis
950 884 1091 955 ejus,
1122 902 1189 941 ac
1217 885 1441 943 demum
1466 899 1762 961 utrumque
1778 893 1843 947 ad
1865 894 2127 963 parietem
2152 893 2326 948 clavis

731 977 929 1048 conﬁgi
974 979 1109 1033 :ubi
1146 996 1343 1037 novem
1406 983 1619 1039 dierum
1677 986 1856 1056 spatio
1881 995 2320 1057 perseverantes,

729 1068 901 1123 vitam
939 1083 1427 1130 consummarunt.

729 1360 802 1415 Et
832 1367 1085 1421 memoria
1110 1372 1285 1425 sancti
1313 1371 1495 1428 Putris
1533 1377 1700 1430 nostri
1723 1378 1869 1433 Pctri
1909 1378 2318 1453 Thaumaturgi.

801 1548 1041 1606 Sanctus
1092 1550 1256 1610 Pater
1306 1567 1493 1613 noster
1541 1560 1735 1618 Petrus
1782 1564 2315 1637 Constantinopolim

728 1644 963 1710 patriam
994 1644 1207 1711 habuit,
1250 1649 1467 1718 piorum
1508 1663 1792 1721 parentum
1844 1658 2026 1730 ﬁlius,
2056 1661 2149 1729 qui
2191 1670 2316 1715 tan-

726 1736 853 1788 dem
883 1738 1138 1792 monachi
1173 1739 1301 1795 facti
1344 1754 1491 1800 sunt.
1530 1744 1621 1802 Sic
1661 1758 1854 1803 autem.
1878 1750 1931 1806 in
1973 1754 2176 1809 virtute
2218 1756 2316 1809 (ιε-

2429 801 2580 869 λέγει
2596 806 2663 873 τῇ
2699 804 2917 872 συμϐίῳ
2941 803 3132 868 αὐτοῦ,
3161 804 3490 875 παραίνεσαι
3520 806 3671 875 αὐτῷ
3704 808 4005 877 ἀποστῆναι

2426 895 2519 949 τοῦ
2569 896 2829 964 Χριστοῦ.
2882 896 2946 949 Ἦ
3001 895 3056 949 δὲ
3116 896 3319 965 μᾶλλον
3374 897 3469 949 καὶ
3518 897 3658 968 αὑτὴ
3714 900 4009 971 ᾑρετίσατσ

2429 987 2802 1057 μαρτυρῆσαι.
2838 986 3001 1040 Ὅθεν
3032 985 3319 1040 ἀνασπῶσι
3350 986 3450 1050 τὰς
3479 986 3674 1057 τρίχας
3700 988 3798 1057 τῆς
3834 1006 4007 1059 κεφα-

2425 1076 2523 1148 λῆς
2555 1077 2748 1145 αὐτῆς.
2776 1078 2888 1131 Καὶ
2920 1078 3059 1147 μετά
3086 1075 3263 1131 ταῦτα
3291 1076 3739 1148 προσηλωθέντες
3762 1080 4005 1150 ἀμφότε-

2426 1188 2511 1240 ροι
2544 1170 2737 1240 τοίχῳ,
2773 1172 2868 1224 ὲπζ
2901 1171 3060 1223 ἐννέα
3107 1170 3346 1243 ἡμέραις
3390 1171 3860 1242 καρτερήσαντες,
3898 1176 4005 1226 ἐτε-

2424 1260 2751 1331 λειώθησαν,

2425 1374 2535 1428 ιίαί
2562 1371 2770 1444 μνήμη
2814 1374 2921 1429 τοῦ
2955 1376 3137 1429 ὁσίου
3174 1376 3402 1442 Πατρός
3439 1377 3609 1446 ἡμῶν
3638 1379 3863 1447 Πέτρου
3898 1378 4003 1433 τοῦ

2960 1447 3449 1516 Θαυματουργνσῦ.

2491 1557 2721 1627 Πέτρος,
2756 1559 2784 1609 ὁ
2814 1557 2872 1610 ἐν
2904 1556 3080 1625 ἁγίοις
3124 1558 3510 1629 Πατὴρήμῶν,
3552 1560 3761 1631 ὑπῆρχε
3798 1562 3897 1630 μὲν
3941 1560 4001 1612 ἐκ

2418 1651 3069 1714 Κωνσταντινουπόλεως,
3124 1649 3328 1719 γονέων
3396 1652 3642 1705 εὐλαϐῶν
3695 1654 3842 1718 υίὸς,

2420 1742 2647 1813 ὕστερον
2729 1742 3037 1811 γεγονότων
3092 1743 3188 1795 καὶ
3242 1743 3515 1812 μοναχῶν.
3577 1745 3687 1797 Καὶ
3746 1743 4001 1796 τοσοῦτον

3893 1654 4001 1706 τῶν

726 1828 977 1892 certavit,
1009 1840 1065 1884 ut
1091 1845 1198 1886 non
1237 1833 1310 1889 sit
1348 1835 1509 1893 facile
1547 1840 1841 1909 explicatu.
1893 1842 2012 1898 Non
2048 1846 2191 1901 enim
2224 1862 2311 1903 so-

2418 1834 2725 1907 ήγωνίσατο
2775 1835 2854 1897 είς
2891 1833 3117 1905 ἀρετὴν,
3169 1836 3291 1887 ὅσον
3318 1834 3419 1887 οὔκ
3471 1836 3618 1888 ἐστιν
3668 1836 3865 1888 εἰπεῖν.
3925 1838 3998 1889 Οὐ

727 1926 842 1978 lum
874 1927 925 1979 in
957 1928 1160 1999 vigiliis
1192 1942 1246 1986 et
1268 1935 1719 1992 meditationibus
1755 1954 2041 1995 sacrarum
2070 1942 2318 2014 Scriptu-

724 2037 915 2076 rarum
953 2026 1245 2093 superabat
1272 2043 1503 2094 omnes,
1551 2032 1648 2108 sed.
1705 2043 1759 2088 et
1787 2035 2135 2106 eleemosyna
2177 2040 2311 2093 etin

725 2131 996 2186 pauperes
1018 2121 1515 2179 commiseratione.
1553 2124 1692 2181 Hinc
1719 2139 1943 2184 coactus
1978 2131 2091 2185 ﬁeri
2120 2130 2316 2186 Corin-

727 2210 804 2262 tbi
844 2210 1315 2283 archiepiscOpus.
1344 2227 1569 2287 propter
1604 2221 1775 2274 animi
1808 2221 2220 2287 demissionem,
2247 2240 2313 2280 ac

726 2304 1049 2359 modestiam
1109 2307 1305 2363 adduci
1366 2325 1475 2365 non
1536 2313 1751 2382 potuit,
1823 2324 1883 2369 ut
1957 2317 2311 2371 consentiret.

722 2392 989 2450 Ortlinato
1020 2396 1190 2467 igitur
1231 2398 1399 2454 fratre
1427 2401 1547 2470 ejus
1572 2401 1765 2470 Paulo,
1798 2412 2021 2460 secutus
2051 2421 2173 2460 cum
2206 2416 2308 2462 est.

724 2482 988 2541 Precibus
1047 2498 1233 2543 autem
1286 2490 1663 2559 Argivorum,

723 2578 1018 2648 cpiscopus
1045 2622 1059 2646 ,
1106 2581 1244 2636 adeo
1276 2582 1640 2655 eleemosynis
1674 2584 1939 2651 incubuit,
1973 2597 2032 2642 ut
2083 2589 2311 2658 singulis

723 2672 917 2726 diebus
946 2672 1086 2727 nihil
1121 2675 1173 2728 in
1234 2690 1378 2744 penu
1433 2677 1553 2746 ejus
1604 2679 1849 2747 reperire
1907 2689 2073 2743 esset,
2117 2691 2312 2749 praeter

725 2765 994 2830 tunicam,
1025 2782 1192 2836 quam
1223 2769 1445 2838 gerebat
1479 2787 1494 2824 :
1542 2786 1645 2825 nec
1684 2772 1853 2826 ullum
1896 2773 1962 2826 ad
1998 2788 2055 2828 se
2086 2774 2310 2829 venien-

724 2869 832 2913 tem
890 2874 1186 2929 pauperem
1242 2862 1559 2932 repellebat.
1624 2861 1779 2919 Unde
1841 2865 2031 2921 multis
2085 2868 2310 2937 patratis

724 2953 1032 3020 miraculis,
1074 2970 1198 3011 cum
1237 2954 1349 3012 Deo
1379 2946 1683 3024 serviisset,
1705 2958 1761 3013 in
1788 2974 1923 3030 pace
1948 2960 2202 3016 decessit.

1260 3163 1497 3220 EODEM
1531 3166 1781 3224 MENSE.

1369 3260 1463 3316 Die
1487 3275 1679 3332 quarta

925 3355 1036 3425 83
1068 3355 1346 3410 Certamen
1367 3360 1540 3411 sancti
1579 3358 1785 3413 Silvani
1827 3363 2129 3432 martyris..

798 3466 1032 3523 Sanctus
1084 3468 1290 3523 Christi
1350 3477 1558 3540 martyr
1618 3469 1898 3537 Silvanus,
1948 3472 2051 3528 fuit
2089 3490 2154 3530 ex
2200 3476 2306 3532 Ga-

725 3574 964 3614 z.eorum
1024 3560 1286 3632 regione,
1345 3561 1582 3631 primunt
1637 3564 1854 3633 quidem
1900 3565 2075 3632 miles,
2122 3578 2303 3634 postea

724 3667 858 3707 tero
904 3651 1169 3706 abdicatis
1216 3667 1317 3722 pro
1353 3652 1575 3707 Christo
1630 3656 1830 3709 terreni
1891 3657 2033 3727 regis
2087 3661 2304 3725 castris,

724 3745 980 3800 militiam
1018 3745 1260 3801 caelestis
1308 3746 1452 3816 regis
1496 3746 1702 3802 Christi
1732 3750 1989 3818 suscepit.
2026 3750 2207 3815 Quare
2255 3764 2309 3807 et

725 3836 1036 3893 sacerdotio
1065 3837 1266 3908 dignus
1291 3837 1534 3903 habitus,
1567 3840 1805 3909 primum
1851 3842 2151 3912 presbyter,
2184 3843 2306 3898 dein

723 3930 1020 4000 cpiscopus
1054 3928 1340 3987 ordinatus
1377 3941 1481 3987 est.
1528 3931 1662 3987 Cum
1695 3949 1824 3989 vero
1861 3936 2168 3990 commissa:
2203 3936 2307 3990 sibi

722 4023 972 4084 carelcsiae
1002 4023 1255 4096 regimini
1280 4023 1502 4081 assidue
1534 4025 1897 4091 incumberet,
1932 4036 1984 4082 et
2018 4028 2219 4083 multos
2242 4044 2304 4082 ex

724 4116 929 4170 Cras-eis
986 4131 1084 4171 sua
1136 4117 1384 4172 doctrina
1451 4118 1518 4173 ad
1592 4119 1883 4174 Dominum
1944 4130 2307 4184 converteret,

723 4209 1156 4277 comprehensus
1193 4208 1261 4262 ab
1291 4210 1619 4273 idololatris,
1659 4220 1715 4265 et
1751 4227 1937 4266 coram
1971 4212 2306 4270 Caesarecnsi

723 4303 924 4371 populo
959 4302 1010 4356 in
1039 4303 1278 4357 medium
1319 4304 1641 4371 productus,
1673 4306 1969 4360 crudeliter
1989 4323 2161 4363 caesus
2184 4316 2301 4364 est:

722 4393 919 4446 deinde
950 4407 1253 4459 suspensus
1275 4435 1289 4456 ,
1326 4395 1673 4463 graviterque
1705 4396 2033 4461 dilaniatus,
2078 4399 2144 4451 ad
2184 4400 2307 4454 turis

722 4486 940 4538 metalla
1004 4485 1311 4539 eﬂ'odiemla
1376 4486 1670 4540 damnatur
1726 4505 1739 4541 :
1790 4487 2069 4543 ubicum
2124 4492 2305 4558 plures

721 4593 999 4631 utrumnas
1025 4578 1417 4641 sustinuisset,
1447 4593 1510 4633 ac
1540 4578 1815 4633 Christum
1854 4595 1962 4633 non
1990 4582 2305 4651 modo,pro—
2334 4597 2387 4655 D
2410 4561 2623 4621 τάλλοιῖ

1742 2505 2100 2550 consecratus
2151 2498 2312 2568 Argis
2338 2521 2347 2528 ·

2420 1931 2581 2001 μόνον
2614 1930 2725 2001 γὰρ
2746 1927 3028 1999 ἀγρυπνίᾳ
3056 1929 3151 1981 καὶ
3184 1927 3382 1998 μελέτῃ
3412 1928 3519 1981 τῶν
3553 1928 3713 1981 θείων
3762 1929 4003 1999 Γραςεῶν

2418 2026 2629 2088 πάντας
2657 2024 2933 2093 ἐνίκησεν,
2961 2021 3098 2076 ἀλλά
3127 2023 3220 2075 καὶ
3249 2022 3611 2093 ἐλεημοσύνη,
3645 2024 3737 2075 καὶ
3766 2026 3831 2093 τῇ
3863 2024 4005 2093 πρὸς

2414 2116 2542 2178 τοὺς
2594 2115 2838 2185 πένητας
2886 2114 3230 2183 συμπαθείᾳ.
3279 2114 3369 2178 Ἐξ
3394 2107 3454 2166 οὗ
3508 2115 3602 2167 καὶ
3644 2132 4000 2183 καταναγκα-

2419 2207 2564 2270 σθεὶς
2633 2206 2889 2275 γενέσθαι
2965 2206 3233 2275 Κορίνθου
3309 2207 3742 2276 ἀρχιεπίσκοπος
3789 2247 3804 2271 ,
3896 2208 3999 2260 οὐκ

2416 2299 2666 2369 ἐπείσθη.
2702 2300 2791 2353 διὰ
2835 2300 3169 2354 ταπείνωσιν
3203 2299 3296 2352 καὶ
3328 2299 3641 2354 εὐλάϐειαν.
3679 2300 3791 2352 Καὶ
3818 2316 4003 2368 χειρο-

2414 2394 2693 2461 τονηθέντι
2744 2393 2947 2465 Παύλῳ
2991 2392 3070 2464 τῷ
3117 2393 3329 2463 ἀδελφῷ
3387 2392 3576 2457 αύτοῦ,
3613 2392 3995 2460 συγκατῆλθε·

2416 2488 2512 2541 καὶ
2540 2487 2889 2558 παρακλήσει
2910 2488 3020 2540 τῶν
3054 2486 3323 2555 ’Δργείων
3347 2485 3733 2557 ἐχειροτονήθη
3757 2486 4003 2554 Ἄρτους

2416 2580 2737 2643 ἐπίσκοπος.
2771 2581 2881 2633 Καὶ
2913 2579 3088 2643 οὕτως
3120 2579 3451 2632 ἐσπούδασεν
3478 2579 3557 2641 είς
3601 2577 4002 2647 ἐλεημοσύνην,

2413 2674 2490 2738 ὡς
2551 2674 2720 2744 μηδὲν
2776 2674 2902 2727 καθ’
2934 2673 3175 2742 ἐκάστην
3210 2673 3515 2741 συγχωρεῖν
3552 2668 3911 2740 εὑρίσκεσθαι
3944 2670 4001 2719 ἐν

2414 2766 2494 2838 τῷ
2524 2766 2721 2836 κελλίῳ
2747 2764 2935 2830 αὐτοῦ,
2965 2764 3106 2835 πλὴν
3149 2763 3244 2817 τοῦ
3271 2763 3523 2835 χιτῶνος,
3556 2762 3614 2814 ὃν
3645 2761 3855 2831 ἐφόρει,
3899 2761 3999 2813 καὶ

2417 2858 2553 2929 μηδέ
2586 2856 2797 2910 ἐκείνου
2822 2856 3122 2926 φείδεσθαι,
3155 2853 3370 2926 πτωχοῦ
3394 2852 3805 2925 προσελθόντος.
3833 2851 4007 2903 Ὅθεν

2414 2950 2587 3005 πολλὰ
2613 2949 2871 3020 θαύματα
2908 2950 3164 3020 ποιήσας,
3196 2947 3293 3002 καὶ
3334 2946 3425 3000 τὸν
3459 2945 3593 2999 Θεὸν
3621 2944 3998 3016 θεραπεύσας,

2413 3045 2470 3099 ἐν
2500 3046 2692 3117 εἰρήνῃ
2732 3042 3046 3113 ἐτελειώθη.

2937 3157 3119 3213 mum
3160 3158 3249 3228 re
3282 3156 3463 3225 Αγτᾳ

3172 3247 3223 3301 Δ,

2551 3348 2841 3413 Ἀθλησις
2878 3344 2983 3399 τοῦ
3014 3343 3187 3413 ἁγίου
3209 3340 3509 3411 μάρτυρος
3538 3338 3855 3392 Σιλϐανοῦ.

2489 3460 2766 3523 Σιλϐανὸς,
2797 3460 2823 3511 ὁ
2869 3452 3237 3527 τοῢΧριστοῦ
3270 3454 3617 3525 ἱερομάρτυς,
3666 3446 3735 3520 ἦν
3786 3450 3894 3519 μὲν
3938 3451 4005 3501 ἐκ

2414 3552 2514 3622 τῆς
2543 3551 2650 3604 τῶν
2693 3549 2945 3612 Γαζαίων
2991 3546 3200 3619 χώρας,
3265 3544 3607 3616 στρατιώτης
3637 3544 3695 3597 δέ
3731 3544 4008 3614 πρότερον

2415 3646 2699 3715 ὑπάρχων,
2729 3642 2957 3712 ὕστερον
2995 3640 3082 3693 διὰ
3112 3640 3350 3712 Χριστὸν
3379 3636 3696 3691 καταλιπὼν
3736 3636 3797 3688 τὸ
3837 3654 4003 3704 στραο

2415 3735 2671 3788 τεύεσθαι
2702 3734 2779 3803 τῷ
2808 3734 2981 3802 γηΐνῳ
3015 3732 3247 3801 βασιλεῖ,
3280 3728 3615 3801 ἐστρατεύθη
3644 3727 3720 3796 τῷ
3764 3730 4008 3798 ἐπουρα-

2415 3828 2512 3897 νίῳ
2540 3826 2753 3897 βασιλεῖ
2774 3824 3013 3896 Χριστῷ.
3048 3824 3137 3875 Διὸ
3164 3824 3257 3876 καὶ
3294 3822 3595 3891 ἱερωσύνης
3618 3819 4002 3883 καταξιοῦται,

2418 3920 2708 3988 γενόμενος
2737 3916 3138 3987 πρεσϐύτερος,
3166 3911 3286 3967 εἶτα
3325 3915 3643 3975 ἐπίσκοπος.
3694 3913 3782 3965 Ἐν
3808 3915 3877 3981 τῇ
3908 3912 4008 3963 τεῦ

2415 4009 2653 4080 Χριστοῦ
2689 4010 2745 4061 δέ
2794 4007 3226 4080 προσκαρτερῶν
3275 4006 3563 4076 ἐκκλησίᾳ,
3616 4005 3710 4057 καὶ
3767 4004 4009 4065 πολλοὺς

2414 4104 2523 4155 τῶν
2568 4102 2837 4172 Ἑλλήνων
2887 4099 2976 4152 διὰ
3003 4100 3103 4168 τῆς
3162 4097 3511 4159 διδασκαλίας
3536 4095 3704 4151 αὑτοῦ
3739 4096 4010 4165 ἐπιστρέ-

2417 4213 2532 4261 φων
2568 4193 2664 4246 ἐπὶ
2702 4194 2795 4245 τὸν
2825 4190 3053 4261 Κύριον,
3091 4190 3370 4259 ἐκρατήθη
3404 4189 3507 4241 ὑπὸ
3552 4188 3663 4239 τῶν
3710 4188 4011 4240 εἰδωλολα-

2414 4286 2582 4357 τρῶν,
2616 4286 2722 4337 Καὶ
2754 4283 2943 4353 ἀχθεὶς
2971 4284 3051 4342 είς
3096 4282 3260 4351 μέσον
3294 4280 3389 4334 τοῦ
3427 4280 3598 4349 δήμου
3629 4279 3738 4333 τῶν
3784 4280 4013 4332 Καισα-

2419 4380 2578 4447 ρέων,
2634 4376 2841 4445 ἐτύφθη
2887 4374 3143 4443 ἀφειδῶς.
3200 4371 3333 4426 Εἶτα
3383 4372 3740 4443 κρεμασθεῖς,
3794 4371 4004 4437 ἐΞέσθτς

2418 4468 2649 4539 ἰσχυρῶς
2673 4484 2687 4497 ⁸
2738 4468 2833 4518 καὶ
2878 4466 3019 4533 μετὰ
3050 4464 3221 4516 ταῦτα
3259 4464 3318 4514 ἐν
3364 4466 3477 4525 τοῖς
3511 4462 3602 4514 τοῦ
3638 4462 3844 4532 χαλκοῦ
3906 4480 3975 4529 με
4002 4496 4013 4502 -

2694 4556 2980 4628 χαλκεύειν
3034 4554 3423 4622 κατεδικάσθη.
3479 4555 3567 4605 Ἐν
3615 4552 3696 4615 οἷς
3764 4553 4011 4605 πλεῖστα.

724 4672 861 4726 lileri
895 4686 1004 4725 non
1031 4681 1291 4737 cessaret,
1335 4687 1529 4726 verum
1574 4671 1737 4725 etiam
1770 4671 1892 4725 aliis
1917 4717 1931 4737 ,
1970 4684 2023 4727 ct
2071 4675 2311 4729 maxime

2418 4649 2771 4722 τιμωρηθεὶς,
2812 4649 2906 4700 καὶ
2932 4647 3023 4699 τὸν
3053 4646 3290 4717 Χριστὸν
3321 4646 3383 4698 ού
3416 4646 3575 4715 μόνον
3603 4644 3888 4714 ὁμολογεῖν
3928 4645 4014 4712 μὴ

725 4766 811 4828 iis,
839 4766 1083 4835 quicum
1122 4765 1243 4835 ipso
1280 4773 1470 4829 erant,
1502 4779 1692 4819 verum
1730 4762 1899 4816 Deum
1932 4765 2307 4826 annuntiaret,

725 4876 832 4913 una
858 4874 984 4914 cum
1016 4858 1138 4913 aliis
1164 4858 1524 4928 quadraginta
1559 4857 1892 4927 martyribus
1919 4898 1933 4920 ,
1957 4857 2051 4926 qui
2092 4857 2160 4911 ab
2193 4858 2311 4927 ipso

723 4952 901 5009 edocti
935 4953 1175 5017 fuerant,
1208 4951 1387 5021 capite
1414 4950 1773 5005 obtruncatus
1804 4948 1927 5005 fuit.

728 5143 794 5197 Et
818 5152 1082 5198 certamen
1110 5140 1436 5197 sacrosanrti
1456 5140 1705 5209 martyris
1743 5138 1978 5206 Olbiani,
2003 5150 2051 5193 et
2080 5140 2314 5209 discipu-

1348 5212 1521 5265 lorum
1556 5211 1691 5275 eius.

797 5327 1085 5390 ()iiliﬂlllls,
1118 5325 1337 5380 divinus
1388 5336 1779 5396 sacromarlyr,
1825 5326 2116 5395 epismpus
2174 5325 2310 5385 fuit,

728 5420 1063 5473 Maximiano
1097 5420 1427 5489 imperante,
1454 5427 1617 5486 atque
1642 5419 1861 5473 Ailiano
1884 5419 2027 5473 Asia
2059 5420 2310 5490 praeside.

729 5514 864 5565 tium
907 5520 1089 5566 autem
1141 5508 1365 5579 quidam
1426 5508 1696 5564 idolorum
1747 5509 2026 5571 sacerdos,
2096 5509 2312 5563 nomine

728 5606 1085 5676 Agrippinus,
1145 5602 1477 5658 sacriﬁcium
1526 5599 1725 5657 Junoui
1759 5601 2014 5665 efferret,
2059 5615 2312 5670 compre—

732 5700 943 5753 hensus
987 5706 1042 5751 et
1076 5696 1231 5768 ipse,
1270 5694 1593 5763 adigebatur
1630 5694 1941 5750 sacriﬁcare
1992 5703 2157 5765 atque
2206 5709 2315 5749 ara:

729 5803 859 5847 tuus
890 5789 1128 5846 adolere.
1170 5787 1373 5844 Verum
1406 5787 1497 5843 ille
1518 5789 1706 5843 multis
1740 5789 2075 5857 argumentis
2104 5788 2315 5858 piismie

732 5880 1080 5938 sermonibus
1131 5879 1505 5938 Christianam
1563 5880 1779 5953 quidem
1843 5880 1997 5935 ﬁdem
2033 5877 2309 5941 exultavit,

2416 4742 2791 4812 παυσάμενος,
2833 4739 2971 4793 ἀλλά
3020 4742 3115 4793 καὶ
3161 4739 3366 4803 ἄλλοις,
3438 4739 3531 4791 καὶ
3599 4738 3836 4807 μάλιστα
3887 4742 4015 4799 τοῖς

2418 4838 2557 4906 μετὰ
2591 4834 2757 4887 αὑτοῦ
2786 4832 2905 4886 οὖσι
2935 4833 3067 4885 Θεὸν
3097 4832 3383 4901 κηρύττων
3417 4832 3693 4901 ἀληθινὸν,
3731 4832 3869 4900 μετά
3909 4835 4019 4884 καί

2416 4930 2591 4983 ἄλλων
2633 4928 3048 4997 τεσσαράκοντα
3093 4924 3392 4995 μαρτύρων
3424 4923 3535 4975 τῶν
3584 4923 3675 4975 ὑπ’
3712 4922 3879 4976 αὖτοῦ
3929 4924 4020 4975 δι-

2414 5023 2741 5093 δαχθέντων,
2778 5020 2922 5087 ξίφει
2949 5020 3048 5086 τὴν
3072 5018 3320 5087 κεφαλὴν
3351 5016 3664 5086 ἀπετμήθη.

2417 5138 2523 5192 Καὶ
2554 5138 2812 5203 ἄθλησις
2843 5135 2949 5188 τοῦ
2982 5134 3155 5203 ᾀγιόυ
3197 5132 3620 5203 Ιερομὰρτυρος
3658 5131 4016 5195 Ὀλϐίαν-οῖ’,

2804 5205 2901 5257 καί
2931 5201 3051 5256 τῶν
3084 5201 3367 5271 μαθητῶν
3399 5201 3605 5255 αὑτοῦ.

2504 5319 2807 5381 Ὄλϐιανὸς,
2832 5319 2860 5370 ὁ
2894 5319 3037 5379 θεῖος
3071 5316 3423 5386 ἱερομάρτυς,
3472 5314 3772 5372 ἐπίσκοπος
3808 5308 3877 5381 ἦν
3910 5314 4019 5365 ἐπὶ

2416 5412 2764 5481 Μαξιμιανοῦ
2786 5410 2880 5463 τοῦ
2908 5411 3194 5479 βασιλέως,
3226 5408 3647 5476 ἡγεμονεύοντος
3670 5407 3769 5474 τῆς
3815 5408 4020 5469 Ἀσίας

2416 5506 2691 5562 Αἱλιανοῦ.
2756 5504 3119 5573 Ἀγριππίνου
3154 5502 3209 5553 δέ
3258 5519 3401 5563 τινος
3457 5500 3649 5567 ἱερέως
3681 5500 3833 5560 ὄντος
3892 5502 4018 5553 τῶν

2418 5599 2673 5661 εἰδώλων,
2706 5597 2897 5651 θυσίαν
2939 5594 3318 5655 ἐπιτελοῦντος
3350 5598 3416 5663 τῇ
3473 5595 3643 5663 "Hpgt,
3696 5593 4017 5663 κρατηθεὶς

2416 5691 2759 5761 ἠναγκάζετο
2811 5690 3004 5753 θῦσαι,
3065 5689 3159 5741 καὶ
3220 5686 3517 5740 λιϐανωτὸν
3578 5685 3863 5737 ἐπιϐαλεῖν
3928 5689 4019 5756 τῷ

2421 5784 2612 5851 βωμῷ.
2655 5784 2714 5835 Ὀ
2738 5783 2794 5835 δέ
2824 5782 3043 5845 πολλαῖς
3072 5780 3381 5835 ἀντιθέσεσι
3417 5783 3509 5831 καὶ
3536 5777 3716 5845 λόγοις
3746 5777 4020 5833 εὐσεϐέσι

2422 5877 2517 5949 τὴν
2551 5877 2647 5949 μὶν
2676 5878 2814 5934 κατὰ
2844 5876 3081 5948 Χριστὸν
3116 5875 3298 5929 πίστιν
3329 5872 3578 5942 ἐξυμνῶν
3612 5873 3706 5927 καὶ
3734 5875 4019 5944 ἐπαινῶν,
