4146 6518
192 410 298 474 437

194 619 322 684 λων,
354 617 579 687 πρῶτον
612 616 713 685 μὲν
738 614 1007 678 σουϐλίοις
1033 615 1457 686 πεπυρωμένοις
1478 617 1546 670 τὰ
1575 618 1784 686 σπλάγ-

192 730 291 779 χνα
348 711 444 762 καὶ
491 711 560 764 τὰ
589 709 702 778 ψύα
751 708 1079 762 διακαίεται.
1114 703 1249 761 Εἶτα
1290 708 1509 780 ῥάϐδοις
1542 710 1783 777 ἀφειδῶς

194 800 485 864 τύπτεται,
527 803 621 854 καὶ
652 804 719 873 τῇ
767 802 984 872 φυλακῇ
1024 801 1398 873 παραδίδοται.
1464 802 1783 873 Ἐκϐληθεὶς

192 895 244 947 δὲ
289 896 437 965 μετὰ
466 894 625 949 τοῦτο
648 895 750 965 τῆς
779 896 1052 966 φυλακῆς,
1090 896 1182 950 καὶ
1211 895 1375 950 πάλιν
1406 896 1783 963 ἀναγκασθεὶς

191 989 543 1059 ἀρνήσασθαι
578 990 678 1059 μὲν
705 989 796 1042 τὸν
814 991 1074 1062 Χριστὸν,
1105 989 1267 1043 θῦσαι
1293 990 1350 1043 δὲ
1374 992 1491 1053 τοῖς
1516 988 1779 1054 εἰδώλοις,

194 1081 283 1132 καὶ
317 1083 397 1151 μὴ
430 1082 699 1147 πεισθεὶς,
746 1082 886 1151 μετὰ
919 1082 1030 1136 τῶν
1065 1082 1326 1154 μαθητῶν
1362 1082 1528 1136 αὑτοῦ
1560 1083 1660 1152 τὴν
1695 1083 1781 1135 διὰ

192 1174 367 1244 πςρὸς
400 1176 678 1244 ἀπδιρασιν
728 1175 963 1246 δέχεται.
994 1176 1107 1230 Καὶ
1149 1175 1486 1248 ἀναφθείσης
1544 1178 1779 1245 καμίνου

193 1266 498 1335 καιομένης
526 1267 770 1337 μεγάλης
802 1268 1033 1340 σφόδρα,
1081 1268 1220 1339 μετὰ
1248 1268 1431 1322 αὑτῶν
1480 1268 1781 1339 ἐμϐληθεὶς

193 1358 245 1408 ἐν
276 1358 445 1426 αὐτῇ,
478 1357 796 1430 ἐτελειώθη.

191 1469 297 1523 Καὶ
362 1470 645 1549 ἄθλησις.
665 1473 773 1527 τοῦ
802 1474 1383 1549 ρσἰουᾼΝικηφόρορ,
1434 1477 1777 1549 ἡγουμένου

569 1540 684 1610 τῆς
722 1545 829 1599 τοῦ
868 1540 1414 1617 Μηδικίοιῖμονῆς.

268 1652 331 1708 Ὀ
359 1654 513 1719 ὅσιος
547 1657 861 1728 Νικηφόρος
889 1660 1138 1731 ὑπῆρχεν
1181 1662 1279 1733 μὲν
1302 1664 1394 1717 ἐπὶ
1424 1666 1532 1717 τῶν
1565 1666 1777 1735 χρόνων

189 1745 291 1799 τῶν
358 1748 791 1820 Είκονομάχων·
855 1754 921 1807 ὲκ
973 1754 1210 1825 βρέφους
1269 1758 1325 1811 δὲ
1388 1758 1632 1830 ποθήσας
1685 1759 1777 1813 τὸν

188 1838 445 1907 Χριστὸν,
475 1842 573 1895 καὶ
602 1844 747 1913 δρῶν
783 1845 883 1914 τὴν
926 1846 1142 1917 αἵρεσιν
1174 1850 1577 1922 αὐξανομένην,
1608 1870 1777 1906 καταο
1807 1874 1850 1931 Β

188 1931 359 1987 λιπὼν
397 1934 492 1988 τὸν
516 1936 744 2006 κόσμον,
777 1940 873 1994 καὶ
901 1941 971 1994 τὰ
1002 1943 1060 1996 ἐν
1106 1942 1320 2014 κόσμῳ,
1359 1946 1453 1998 καὶ
1482 1944 1775 2016 γενόμενος

192 2026 711 2098 μοναχὸς,άπῆλθεν
728 2032 785 2083 ὲν
811 2036 924 2097 τοῖς
957 2033 1131 2104 ὄρεσι,
1168 2036 1263 2089 καὶ
1298 2036 1562 2108 ἡσύχαζε,
1603 2056 1773 2111 προσ·

188 2121 372 2188 ενχαῑς
416 2120 514 2173 καὶ
557 2122 839 2191 νηστείαις
896 2125 1196 2195 σχολάζων,
1236 2127 1333 2181 καὶ
1361 2127 1479 2199 Θεῷ
1502 2129 1643 2199 ὑπὲρ
1673 2130 1772 2200 τῆς

187 2209 579 2281 οίκουμενίκῆς
606 2215 1001 2280 καταστάσεως
1036 2222 1496 2291 προσευχόμενος.
1530 2222 1777 2293 Γαληνη-

188 2305 357 2372 σάσης
396 2305 455 2357 δὲ
490 2306 686 2377 μικρὸν
714 2308 815 2379 τῆς
868 2311 1156 2381 αίρὲσεως,
1206 2315 1376 2387 πολλῇ
1424 2316 1772 2387 παρακλήσει

187 2393 290 2445 τῶν
339 2396 598 2467 μοναχῶν
646 2399 888 2469 προέστη
932 2405 1033 2470 τῆς
1086 2402 1180 2456 τοῦ
1238 2406 1513 2474 Μηδικίου
1578 2411 1768 2478 μονῆς.

186 2481 343 2549 Αὖθις
380 2486 437 2539 δὲ
473 2489 647 2543 κακοῦ
680 2492 1195 2564 ἀναρριπισθὲντος,
1246 2499 1341 2550 καὶ
1370 2500 1469 2569 τῆς
1507 2500 1771 2569 αἱρέσεως

186 2578 284 2630 ὑπὸ
315 2580 555 2645 Λέοντος
606 2583 704 2636 τοῦ
753 2584 1050 2649 δυσσεϐοῦς
1089 2587 1357 2657 βασιλέως
1413 2591 1767 2662 αὐξηθείσης,

188 2671 449 2736 ἐξωσθεὶς
484 2675 583 2745 τῆς
612 2676 853 2747 ποίμνης
882 2678 958 2742 ὡς
1004 2683 1393 2751 προσκυνητὴς
1427 2683 1534 2735 τῶν
1561 2687 1769 2737 πανσέ-

184 2781 328 2816 ατων
386 2765 641 2832 είκόνων,
688 2771 785 2823 καὶ
841 2773 960 2835 ταῖς
1010 2771 1123 2824 τῶν
1177 2774 1349 2841 ἁγίων
1410 2777 1769 2847 πατριαρχῶν

185 2856 423 2921 ἐντολαῖς
458 2859 751 2928 ἑπόμενος,
784 2866 1012 2931 πικραῖς
1042 2866 1281 2935 ἐξορίαις
1306 2868 1763 2941 καθυποϐληθεὶς,

184 2950 236 3001 ἐν
270 2953 663 3025 σκοτεινοτάτη
708 2955 925 3026 φυλακῇ
961 2959 1322 3031 ἀπεκλείσθη.
1363 2963 1533 3015 Ἔνθα
1570 2965 1663 3017 καὶ
1692 2965 1768 3029 ὡς

188 3043 400 3111 στερεὸς
418 3044 665 3115 ἀθλητὴς
686 3048 786 3117 τὴν
810 3047 1044 3117 ψυχὸλεθ
1054 3068 1143 3119 ρον
1171 3052 1388 3122 ἀπάτην
1415 3056 1766 3123 καταϐαλὼν,

183 3136 311 3205 πρὸς
339 3138 605 3207 Χριστὸν,
637 3139 697 3193 ὃν
732 3142 1026 3213 ἐπόθησεν,
1061 3144 1421 3217 ἐξεδήμησεν.

1694 415 1950 477 MAIUS.

197 527 293 594 τὴν
320 526 381 579 δὲ
402 523 513 577 τῶν
543 521 783 577 εἰδώλων
808 522 1106 592 θρησκείαν
1135 524 1400 589 κακίζων,
1440 525 1533 578 καὶ
1564 525 1768 579 διαϐᾱιλ⁴

1890 534 1942 581 et
2013 525 2379 593 collaudavit;

3363 419 3480 489 433

2457 530 2901 600 superstitiosum
2960 537 3143 586 autem
3210 531 3481 590 idolorum

1891 618 2094 672 cultum
2121 619 2415 687 depressit,
2446 630 2499 674 et.
2547 622 2847 676 damnavit.
2896 622 3241 693 Quapropter
3290 624 3481 695 ignitis

1887 712 2125 780 primum
2163 712 2374 768 subulis
2408 713 2617 769 viscera
2649 716 2765 786 ejus,
2790 758 2802 781 ,
2838 725 2889 771 et
2918 716 3086 771 lumbi
3120 719 3429 773 aduruntur
3463 740 3477 776 :

1887 804 2052 874 virgis
2098 805 2293 859 deinde
2344 806 2643 862 crudeliter
2680 810 3041 874 verberatus,
3097 811 3150 865 in
3200 827 3476 867 carcerem

1886 896 2195 951 detruditur
2228 917 2241 980 ς
2273 908 2462 970 postea
2514 917 2641 956 vero
2703 918 2765 957 ex
2818 919 3038 959 carcere
3092 904 3359 971 eductus,
3416 924 3481 961 ac

1886 990 2066 1045 denuo
2102 994 2418 1063 compulsus
2450 995 2735 1052 Christum
2766 998 3059 1069 abnegane,
3097 1010 3152 1054 et
3190 1001 3351 1056 idolis
3387 1017 3478 1056 sa—

1885 1084 2153 1147 criticare,
2179 1100 2304 1139 cum
2332 1085 2385 1141 id
2416 1086 2597 1144 facere
2630 1100 2967 1155 recusasset,
3013 1108 3118 1146 una
3144 1109 3268 1147 cum
3306 1093 3472 1148 disci~

1884 1176 2026 1246 pulis
2075 1180 2189 1232 suis
2228 1178 2294 1232 ad
2354 1179 2535 1250 ignem
2599 1183 2896 1238 damnatus
2944 1193 3028 1238 est
3078 1202 3194 1242 :ac
3249 1188 3480 1257 proinde

1885 1269 2092 1338 ingenti
2126 1268 2345 1327 fornace
2376 1288 2610 1328 accensa
2636 1315 2649 1341 ,
2681 1291 2789 1329 una
2824 1290 2951 1330 cum
2983 1276 3091 1332 illis
3120 1278 3173 1333 in
3202 1294 3320 1333 eam
3349 1296 3477 1348 pro-

1880 1361 2082 1431 jectus,
2113 1362 2280 1417 vitam
2316 1365 2513 1420 tiuivit.

1881 1473 1993 1546 84
2020 1474 2084 1529 Et
2108 1478 2363 1531 memoria
2408 1483 2580 1533 sancti
2594 1555 2603 1558 _
2616 1482 2925 1558 Nigri/rari,
2979 1487 3254 1558 hegumeni
3290 1506 3477 1542 mona-

2476 1555 2626 1606 sterii
2654 1554 2891 1612 Medicii.

1954 1660 2189 1719 Sanctus
2214 1664 2558 1737 Nicephorus
2612 1668 2751 1723 vixit
2804 1675 3149 1741 temporibus
3190 1674 3208 1727 l
3250 1700 3261 1727 ι
3287 1692 3478 1730 noma-

1880 1751 2133 1809 chorum.
2193 1759 2238 1809 Α
2286 1760 2519 1827 pueritia
2566 1776 2689 1814 cum
2727 1761 2936 1818 Christi
2974 1781 3160 1821 amore
3203 1769 3474 1838 ﬂagraret.

1881 1844 2248 1916 haeresimque
2269 1850 2427 1905 valde
2459 1851 2748 1906 adauctam
2776 1854 3017 1918 videret,
3047 1857 3238 1913 relicto
3270 1860 3474 1914 mundo

1886 1947 1937 1992 et
1966 1940 2226 1997 omnibus
2266 1959 2387 2012 qua:
2431 1945 2483 1997 in
2521 1960 2587 1998 eo
2615 1954 2761 2010 sunt,
2818 1950 3125 2005 monachus
3157 1950 3351 2021 factus,
3388 1969 3475 2006 se—

1883 2032 2045 2086 cessit
2076 2032 2131 2087 in
2183 2046 2421 2099 montes,
2448 2037 2669 2107 egitque
2714 2040 2883 2093 vitam
2943 2043 3315 2111 tranquillam,
3351 2061 3475 2097 ora-

1884 2121 2127 2177 tionibus
2179 2139 2243 2179 ac
2304 2126 2530 2197 jejuniis
2592 2144 2815 2192 vacans,
2863 2147 2891 2184 a
2934 2130 3043 2186 Deo
3110 2147 3208 2201 pro
3257 2135 3469 2203 publica

1884 2216 2070 2269 mundi
2104 2217 2288 2286 quiete
2320 2235 2508 2289 preces
2534 2221 2791 2278 oilerens.
2822 2224 3026 2279 Deinde
3066 2227 3252 2280 sedata
3280 2227 3477 2297 paulu-

1881 2306 1993 2361 lum
2028 2309 2243 2377 haeresi,
2278 2314 2563 2369 monachis
2589 2314 2745 2370 enixe
2769 2318 3111 2387 rogantibus,
3136 2321 3474 2374 monasterio

1881 2398 2097 2456 Medicii
2149 2403 2388 2472 praefuit.
2448 2406 2650 2462 Verum
2683 2426 2745 2465 ea
2796 2412 2881 2463 lue
2928 2412 3127 2465 iterum
3188 2415 3473 2467 recrudes.

1881 2501 2058 2555 cente,
2093 2502 2255 2565 atque
2282 2495 2498 2563 haeresi,
2527 2498 2726 2556 Leonis
2766 2502 2919 2572 impii
2954 2504 3299 2573 imperatoris
3330 2516 3473 2561 tem-

1880 2585 2128 2652 poribus,
2171 2588 2316 2643 vires
2350 2602 2683 2659 resumente,
2722 2610 2750 2649 a
2784 2612 2944 2667 grege
2969 2613 3069 2652 suo
3100 2600 3364 2667 expulsus
3389 2610 3471 2653 est

1882 2684 2143 2746 tanquam
2187 2683 2620 2738 venerandarum
2660 2686 2960 2755 imaginum
2996 2690 3213 2755 cultor,
3253 2700 3308 2745 et
3337 2707 3467 2745 san-

1880 2775 2091 2822 ctorum
2130 2774 2575 2840 patriarcharum
2628 2781 2917 2847 praeceptis
2958 2780 3276 2836 inhaerens:
3313 2797 3469 2837 acer-

1880 2860 2071 2929 bisque
2122 2866 2385 2921 aerumnis
2445 2868 2726 2938 subjectus
2752 2912 2765 2934 ,
2794 2872 2846 2925 in
2882 2874 3236 2929 tenebrosum
3271 2891 3463 2930 carce-

1881 2966 1994 3004 rem
2035 2954 2345 3010 detruditur
2385 2977 2397 3011 :
2452 2961 2538 3014 ubi
2582 2974 2838 3033 tanquam
2889 2965 3227 3025 fortissimus
3264 2971 3465 3025 athleta

1879 3057 2003 3097 cum
2062 3049 2433 3115 perniciosum
2477 3055 2674 3109 anima:
2723 3056 2932 3112 illaturi
2977 3076 3221 3114 errorem
3282 3063 3469 3117 detur-

1879 3136 2085 3202 hasset,
2124 3142 2192 3195 ad
2227 3142 2533 3211 Christum,
2562 3164 2723 3217 quem
2749 3161 3051 3219 Optaverat,
3089 3154 3395 3223 emigravit.

182 3251 279 3305 Kal
297 3253 514 3323 μνήμη
533 3253 643 3308 τοῦ
671 3257 847 3333 ὁσίου
880 3259 1109 3325 Πατρός
1149 3258 1320 3333 ᾐμῶν
1356 3261 1621 3333 Ἰλαρίου
1659 3266 1766 3321 τοῦ

1878 3249 1943 3304 Et
1994 3257 2244 3307 memoria
2280 3260 2450 3311 sancti
2488 3258 2671 3313 Patris
2722 3266 2891 3316 nostri
2944 3265 3143 3320 Hilarii
3195 3266 3463 3323 Thauma-

715 3329 1199 3400 Θαυματουργοῦ.

253 3437 495 3508 Ἷλάριος
524 3440 551 3493 ὁ
588 3440 1043 3512 Θαυματουργὸς,
1095 3448 1159 3498 ἐκ
1189 3450 1391 3517 νεαρᾶς
1412 3451 1631 3520 ἡλικίας
1669 3473 1765 3524 μο-

183 3529 333 3597 ναχὺς
365 3533 691 3601 γενόμενος,
741 3536 836 3588 καὶ
870 3537 961 3588 τὸν
996 3540 1228 3609 σταυρδν
1258 3542 1425 3595 αὑτοῦ
1470 3546 1557 3597 ἐπ’
1597 3546 1765 3617 ὤμων

180 3620 473 3691 ἀράμενος,
517 3625 595 3695 τῷ
637 3627 1004 3698 σταυρωθέντι
1047 3631 1111 3683 δι’
1144 3635 1288 3702 ἡμᾶς
1318 3638 1565 3709 Δεσπὸτῃ
1596 3658 1765 3710 κατη-

183 3711 511 3784 κολούθησεν
533 3732 548 3746 ·
583 3717 677 3769 καὶ
701 3717 770 3770 τά
803 3719 949 3789 πάθη
992 3722 1093 3789 τῆς
1138 3725 1343 3792 σαρκὸς
1383 3729 1659 3794 ὑποτάξας
1692 3732 1761 3784 δι’

181 3803 528 3873 ἐγκρατείας,
554 3808 610 3859 ἐν
632 3808 833 3872 πάσαις
856 3811 1078 3880 ἀρεταῖς
1105 3816 1230 3877 τοὺς
1261 3821 1531 3889 μοναχοὺς
1551 3823 1761 3885 πάντας

180 3898 444 3967 ἐνίκησεν.
518 3900 608 3953 Ἐν
665 3906 1060 3975 σκοτεινοτάτῳ
1122 3909 1231 3978 γὰρ
1284 3912 1514 3982 οἰκίσκῳ
1567 3917 1761 3971 ἑαυτὸν

178 3990 532 4055 ἀποκλείσας,
592 3994 686 4045 καὶ
744 3994 850 4060 ἔξω
909 3998 1138 4067 θορύϐου
1194 4004 1397 4067 παντὸς
1437 4008 1769 4077 γενόμενος,

178 4081 533 4155 ἐλαμπρὺνθη
568 4088 635 4154 τῇ
684 4087 945 4157 ἀπαθείᾳ.
1013 4090 1103 4143 Διὸ
1159 4094 1254 4145 καὶ
1311 4096 1410 4164 τῆς
1458 4100 1760 4170 ἱερωσύνης

178 4174 510 4245 κατηξιώθη,
550 4178 648 4229 καὶ
680 4177 775 4230 τοῦ
824 4180 1075 4250 θαύματα
1107 4185 1378 4239 ἐπιτελεῖν
1400 4202 1413 4214 ⁸
1451 4189 1613 4254 ζώοις
1648 4194 1757 4266 γάρ

179 4264 405 4333 ἐπετίμα
440 4267 897 4323 καταϐλάπτουσι
920 4273 989 4329 τὰ
1026 4274 1271 4344 φυόμενα
1306 4280 1620 4349 σπέρματα,
1662 4264 1758 4339 καὶ

180 4356 475 4412 άτεεδέωκεν
533 4361 679 4413 αὐτὰ
708 4362 771 4414 ὲκ
802 4364 892 4415 τοῦ
923 4365 1119 4433 ἀγροῦ,
1147 4370 1242 4421 καὶ
1284 4374 1471 4441 πηγὴν
1516 4377 1762 4443 χαλάζης

178 4447 237 4497 δι’
280 4451 448 4520 εὐχῆς
482 4452 788 4517 ἀνέστειλε,
818 4458 911 4515 καὶ
948 4460 1051 4527 γῆν
1081 4460 1325 4524 διψῶσαν
1370 4464 1599 4536 ὄμϐροις
1632 4470 1759 4523 ὲπό-

178 4554 279 4591 τισε
300 4558 315 4572 ο
348 4545 445 4595 καί
479 4542 619 4613 ῥοῦν
644 4546 932 4615 ποτάμιον,
958 4549 1032 4611 ὡς
1060 4550 1086 4601 ὁ
1109 4554 1398 4624 προφήτης
1432 4555 1757 4625 Ἐλισσαῖος,

176 4628 469 4701 δέρρηξεν,
507 4636 609 4689 καὶ
643 4635 815 4707 ξηρὰν
860 4643 1018 4711 χεῖρα
1058 4644 1350 4714 ἀνθρώπου
1414 4650 1627 4716 ἰάσατο,
1662 4653 1759 4706 καὶ

176 4725 345 4794 τυφλῷ
375 4728 437 4779 τὸ
492 4727 721 4796 βλέπειν
772 4732 1085 4801 ἐχαρίσατο,
1128 4739 1225 4791 καὶ
1284 4740 1448 4810 ἕτερα
1499 4741 1760 4813 θαύματα

178 4814 385 4871 πλεῖστα
418 4821 689 4891 ποιήσας,
718 4824 775 4874 ὲν
802 4825 995 4897 εἰρήνῃ
1012 4827 1144 4899 πρὸς
1167 4831 1373 4899 Κύριον
1394 4834 1751 4906 ἑξεδήμησεν.

699 5011 880 5065 MHNI
927 5014 1013 5082 To
1049 5017 1256 5089 ΑΥΤῼ.

951 5106 1006 5159 Ε.

305 5199 618 5267 Ἀθλησις
646 5198 757 5267 τῆς
786 5202 954 5271 ἁγίας
976 5205 1279 5275 μάρτυρος
1308 5212 1590 5280 Εἰρήνης.

233 5310 455 5384 Εἰρήνη,
490 5317 526 5386 ή
574 5313 676 5367 τοῦ
707 5316 944 5383 Χριστοῦ
984 5321 1214 5390 μάρτυς,
1267 5318 1335 5393 ἦν
1377 5324 1623 5397 θυγάτηρ
1656 5330 1753 5381 Λι-

176 5406 355 5457 κιννίου
402 5406 773 5475 βασιλίσκου·
812 5408 1085 5481 εὔμορφος
1124 5413 1180 5467 δὲ
1213 5415 1559 5486 ὑπάρχουσα,
1613 5422 1752 5474 ἀπε-

176 5498 374 5571 κλείσθη
402 5504 568 5575 παρὰ
601 5502 698 5556 τοῦ
734 5508 941 5575 πατρὸς
972 5508 1143 5579 αὑτῆς
1193 5511 1253 5563 ὲν
1303 5512 1500 5584 πύργῳ
1541 5516 1751 5587 ὑψηλῷ,

179 5590 225 5656 ἒξ
258 5595 385 5647 ὲτὼν
437 5596 607 5661 οὖσα,
646 5598 787 5665 μετᾶ
826 5599 1081 5653 δουλίδων
1111 5602 1243 5655 δέκα
1275 5606 1367 5657 καὶ
1392 5608 1561 5676 τριῶν
1585 5626 1597 5637 ’
1624 5614 1679 5662 ὲν
1711 5606 1755 5678 ᾧ

180 5685 403 5759 ἐδιδάχθη
457 5692 572 5743 ὑπὸ
601 5691 699 5743 τοῦ
748 5692 895 5747 θείου
954 5696 1188 5763 ἀγγέλου
1221 5698 1289 5751 τὰ
1344 5702 1623 5771 μυστήρια
1657 5704 1751 5756 τοῦ

180 5773 312 5832 Θεοῦ.
348 5782 458 5835 Καὶ
486 5782 641 5851 μετὰ
673 5783 889 5851 μικρὸν,
920 5785 1169 5851 ἐλθόντος
1200 5788 1468 5857 Τιμοθέου
1504 5791 1748 5861 μαθητοῦ

182 5865 257 5918 τεῦ
284 5869 430 5939 ἁγίου
450 5873 771 5929 ἀποστόλου
792 5875 1027 5945 Παύλου,
1060 5878 1366 5951 ἐϐαπτίσθη
1392 5882 1483 5937 ὑπ’
1502 5883 1709 5941 ἐκείνου
1734 5903 1747 5917 ’

2589 3334 2750 3401 turgi.

1946 3441 2188 3499 Hilarius
2250 3444 2718 3519 Thaumaturgus,
2765 3452 2817 3504 in
2870 3452 3047 3522 primo
3101 3458 3275 3510 n-tatis
3330 3456 3463 3511 flore

1874 3542 2399 3606 monachusfactus,
2430 3560 2761 3615 crucemque
2799 3564 2950 3601 suam
2989 3565 3153 3619 super
3196 3553 3453 3608 humeros

1874 3632 2149 3701 bajulans,
2185 3637 2507 3689 cruciﬁxum
2551 3653 2650 3706 pro
2702 3640 2862 3694 nobis
2916 3641 3205 3695 Dominum
3240 3654 3463 3699 secutus

1872 3737 1975 3780 est.
2018 3726 2155 3780 Cum
2188 3739 2369 3782 autem
2400 3732 2581 3784 carnis
2618 3732 2935 3789 all‘cctioncs
2970 3738 3303 3791 continentia
3332 3740 3465 3793 sub--

1870 3818 2115 3887 jecisset,
2166 3821 2222 3873 in
2274 3823 2532 3877 omnibus
2574 3825 2869 3881 virtutibus
2916 3833 3213 3885 monachos
3272 3848 3465 3886 omnes

1874 3912 2175 3980 superavit.
2240 3913 2374 3967 Nam
2429 3916 2483 3970 in
2541 3918 2775 3972 obscura
2828 3919 3161 3977 domuncula
3222 3924 3460 3991 seipsum

1872 4005 2181 4067 includens.
2211 4017 2263 4062 et
2295 4010 2482 4077 procul
2504 4010 2572 4063 ab
2594 4013 2739 4065 omni
2777 4014 3004 4083 strepitu
3034 4016 3227 4081 factus,
3261 4032 3463 4085 impero

1874 4099 2129 4154 turbabili
2161 4103 2345 4155 animo
2383 4103 2601 4157 claruit.
2638 4106 3010 4170 Quamobrem
3058 4122 3111 4163 et
3150 4112 3461 4164 sacerdotio

1871 4192 2073 4261 dignus
2107 4193 2243 4259 fuit,
2276 4205 2332 4250 et
2377 4197 2641 4251 miracula
2682 4205 2936 4267 patravit.
2970 4203 3243 4261 Animalia
3290 4206 3459 4266 enim,

1872 4298 1991 4351 qua:
2034 4287 2381 4342 nascentibus
2433 4290 2736 4345 seminibus
2786 4295 3075 4355 nocebant.
3127 4297 3458 4365 increpavit,

1870 4389 2044 4443 eaque
2070 4392 2137 4429 ex
2163 4393 2295 4447 agro
2326 4380 2519 4448 repulit
2549 4399 2562 4435 :
2603 4392 2655 4436 et
2699 4384 2905 4443 fontem
2976 4388 3260 4456 grandinis
3320 4389 3457 4444 fusis

1873 4468 2126 4533 precibus
2195 4458 2459 4537 repressit
2522 4492 2535 4526 :
2594 4477 2866 4531 sitientem
2921 4488 3121 4534 terram
3190 4482 3457 4537 imbribus

1872 4556 2119 4627 irrigavit
2154 4578 2175 4617 ι
2201 4560 2425 4626 ﬂuenta,
2451 4566 2625 4621 instar
2656 4570 2837 4623 Elisaai
2874 4572 3174 4641 prophetae,
3205 4573 3410 4643 dirupit
3439 4594 3452 4629 :

1870 4652 2081 4706 aridam
2151 4655 2434 4724 cujusdam
2494 4676 2714 4715 manum
2777 4665 3035 4719 curavit:
3084 4681 3228 4721 caeco
3277 4668 3453 4721 visum

1867 4747 2142 4801 restituit:
2168 4749 2392 4806 claudos
2423 4754 2709 4810 ambulare
2740 4756 2867 4811 fecit
2900 4774 2913 4808 :
2949 4772 3186 4828 cumque
3216 4760 3452 4828 plurima

1866 4838 1972 4893 alia
2025 4840 2289 4895 miracula
2335 4855 2738 4914 perpetrasset,
2781 4850 2835 4902 in
2866 4864 3001 4919 pace
3056 4850 3124 4905 ad
3158 4849 3453 4906 Dominum

1864 4930 2138 5001 migravit.

2373 5024 2459 5078 ΕΟ
2473 5026 2610 5079 υΕΜ
2657 5028 2801 5083 ΜΕΝ
2811 5028 2912 5085 SE.

2482 5123 2578 5178 Die
2611 5127 2799 5195 quinta

2054 5210 2164 5282 85
2198 5212 2480 5270 Certamen
2515 5235 2713 5273 sancta:
2752 5220 2933 5281 hertz:
2965 5228 3242 5297 martyris.

1940 5326 2096 5381 lrene
2152 5328 2357 5385 Christi
2415 5343 2642 5405 martyr,
2695 5336 2804 5391 tilia
2846 5338 2947 5393 fuit
2998 5340 3193 5395 Licinii
3249 5346 3444 5414 reguli.

1860 5419 1999 5478 Cum
2032 5430 2212 5476 autem
2238 5436 2383 5480 esset
2418 5427 2657 5484 formosa
2681 5471 2694 5494 ,
2726 5447 2754 5484 a
2788 5440 2942 5500 patre
2964 5448 3063 5488 suo
3102 5435 3310 5492 inclusa
3345 5437 3447 5494 fuit

1863 5529 1985 5567 curn
2046 5515 2309 5571 tredecim
2378 5521 2591 5573 ancillis
2650 5522 2700 5573 in
2752 5524 2971 5579 excelsa
3020 5527 3179 5592 turri,
3229 5542 3443 5583 sextum

1862 5606 2038 5660 aetatis
2073 5623 2276 5662 annum
2311 5625 2496 5680 agens.
2531 5611 2609 5665 lbi
2639 5630 2667 5666 a
2717 5613 2904 5668 divino
2954 5620 3147 5687 angelo
3184 5622 3445 5689 mysteria

1865 5697 1959 5753 Dei
1994 5700 2211 5764 edocta,
2246 5718 2353 5754 non
2390 5702 2483 5757 diu
2518 5714 2640 5772 post
2674 5723 2702 5759 a
2736 5706 3027 5763 Timotheo
3070 5712 3246 5765 sancti
3289 5712 3446 5769 Pauli

1861 5792 2093 5861 apostoli
2132 5793 2421 5861 discipulo,
2449 5798 2540 5863 qui
2574 5798 2701 5851 illuc
2741 5799 3076 5863 advenerat,
3114 5800 3218 5856 fuit
3262 5803 3442 5871 bapti-

1860 5895 2003 5944 zata.
2037 5884 2183 5944 ldola
2224 5902 2386 5957 vero,
2421 5905 2541 5961 qua:
2592 5901 2744 5962 pater
2777 5894 2879 5951 sibi
2941 5894 3181 5963 dederat,
3246 5906 3302 5951 ut
3351 5897 3442 5952 illa
