4146 6518
169 391 260 460 Ml
1655 401 1806 465 MAI'

1793 403 1920 466 .US.
3321 407 3430 474 442

167 512 453 583 τηκοστῆς,
482 513 604 587 ῶρᾳ
631 518 792 589 τρίτῃ
842 517 944 588 τῆς
984 515 1222 590 ἡμέρας,
1270 514 1444 589 ἐφάνη
1483 516 1513 570 δ
1567 515 1739 576 τύπος
1763 528 1804 589 Α

1793 529 2010 589 [gnum
2054 519 2380 576 venerandae
2427 521 2769 596 viridemque
2819 525 3034 593 crucis,
3089 541 3158 582 ex
3210 526 3334 583 luce
3373 527 3430 582 in

168 605 255 662 τοῦ
314 607 503 678 τιμίου
560 611 656 664 καὶ⁵
707 608 973 675 ζωοποιοῦ
1027 608 1289 680 σταυροῦ,
1345 609 1618 671 συνεστὼς
1657 609 1725 662 ἐκ

1837 611 1979 666 coelo
2017 621 2397 683 compactum,
2433 611 2649 671 vidente
2687 616 2947 673 universo
2989 619 3228 688 populo,
3265 634 3433 689 super

169 698 337 770 φωτὸς
373 701 433 754 ἐν
478 699 557 771 τῷ
605 701 838 774 ούρανῷ,
884 703 1119 775 ὁρῶντος
1165 701 1374 768 παντὸς
1429 700 1525 756 τοῦ
1579 700 1732 765 λαοῦ,

1836 712 2088 758 sanctum
2130 714 2369 761 montem
2395 706 2665 778 Golgotha
2699 720 3012 777 extensum,
3043 711 3136 765 ubi
3161 712 3430 767 Dominus

166 795 296 868 ὑπὲρ
329 795 447 852 ἀνω
480 793 576 848 τοῦ
626 795 783 862 ἁγίου
811 794 1056 863 Γολγοθά
1085 793 1473 865 ἐκτεταμένος,
1534 791 1662 846 ἔνθα
1707 793 1736 845 ὸ

1835 794 2200 854 nosterJesus
2222 797 2478 856 Christus
2512 803 2566 856 in
2616 817 2834 858 crucem
2876 812 3034 859 actus
3069 802 3192 860 fuit.
3217 817 3264 858 ei
3298 819 3426 871 pro-

167 891 362 960 Κύριος
419 889 578 960 ἡμῶν
640 888 850 958 Ἰησοῦς
909 889 1146 962 Χριστὸς
1221 885 1591 957 ἐσταυρώθη,
1641 885 1735 938 καλ⁸

1835 887 2035 944 cedens
2077 906 2252 960 usque
2301 893 2366 946 ad
2399 905 2648 950 sanctum
2698 904 2938 950 montem
2981 896 3210 954 Oliveti.
3254 896 3326 947 ita
3373 905 3422 947 ul

167 981 356 1053 διήκων
383 983 550 1054 μέχρι
579 982 675 1038 τοῦ
701 981 854 1052 ἁγίου
875 983 1036 1053 ὄρους
1067 980 1176 1035 τῶν
1217 979 1465 1045 Ἐλαιῶν,
1493 980 1640 1041 ὅστις
1666 981 1732 1048 τῇ

1836 977 2143 1045 splendoris
2190 981 2276 1036 sui
2321 982 2568 1038 claritate
2621 986 2802 1040 radios
2849 987 2980 1040 solis
3019 996 3240 1054 tegeret.
3283 983 3427 1049 Qua—

168 1073 508 1147 λαμπρότητι
552 1075 665 1128 τῶν
699 1073 1082 1146 μαρμαρυγῶν
1112 1074 1209 1136 τάς
1233 1069 1470 1141 ἡλιακὰς
1510 1071 1735 1131 ἀκτῖνας

1836 1069 2078 1124 mobrem
2117 1073 2298 1128 omnis
2331 1075 2507 1129 atatis
2541 1074 2838 1132 Christiani
2862 1116 2877 1136 ,
2901 1078 3137 1148 juvenes
3163 1086 3212 1129 et
3244 1087 3419 1132 senes.

169 1167 500 1238 ἀπέκρυψεν.
559 1167 722 1221 Ὅθεν
764 1169 915 1221 πᾶσα
965 1164 1153 1236 ἡλικία
1201 1163 1311 1217 τῶν
1367 1161 1730 1234 Χριστιανῶν,

1835 1160 1986 1229 pueri
2015 1169 2068 1216 et
2100 1162 2382 1229 lactentes,
2409 1166 2460 1219 in
2498 1177 2744 1223 sanctam
2794 1167 2886 1222 Dei
2934 1167 3229 1224 ecclesiam
3287 1184 3419 1222 con—

167 1264 286 1314 νέων
305 1276 368 1313 τε
399 1264 496 1315 καὶ
523 1260 820 1332 γερόντων,
864 1261 962 1314 σὺν
1004 1259 1218 1329 νηπίοις
1258 1255 1353 1310 καὶ
1383 1255 1730 1324 θηλάζουσιν,

1834 1261 2105 1306 venerunt
2143 1271 2155 1307 :
2207 1263 2260 1310 et
2310 1256 2617 1312 incredibili
2655 1261 2857 1330 gaudio
2905 1261 3152 1329 perfusi,
3188 1261 3418 1330 gloriam

167 1355 235 1415 είς
265 1353 364 1423 τὴν
398 1352 566 1422 ἀγίαν
595 1351 690 1406 τοῦ
716 1353 850 1406 Θεοῦ
883 1349 1185 1420 ἐκκλησίαν
1214 1345 1479 1403 κατέλαϐε
1500 1363 1515 1377 ο
1558 1345 1652 1400 καὶ
1677 1346 1734 1398 ἐν

1837 1345 2247 1414 gratiarumque
2278 1347 2544 1402 actionem
2570 1365 2693 1404 cum
2720 1347 3120 1405 ferventissima
3151 1365 3418 1417 compun«

170 1445 380 1516 ἀμέτρῳ
417 1447 564 1516 χαρᾷ
595 1445 753 1510 δόξαν
786 1445 881 1498 καὶ
932 1441 1318 1514 εὐχαριστείαν
1356 1439 1492 1512 μετά
1525 1437 1734 1507 θερμῆς

1837 1433 2020 1487 ctione
2053 1433 2165 1488 Deo
2211 1437 2526 1493 extulerunt
2568 1456 2664 1507 pro
2698 1443 2970 1509 stupendo
3004 1440 3272 1493 miraculo
3304 1461 3316 1490 :
3355 1440 3421 1491 de

169 1535 502 1600 κατανύξεως
558 1535 637 1606 τῷ
668 1535 788 1606 Θεῷ
839 1535 1154 1605 ἀνέπεμψεν
1198 1533 1292 1586 ἐπὶ
1335 1533 1412 1601 τῷ
1443 1529 1734 1600 παραδόξῳ

1837 1537 2015 1594 quoet
2043 1538 2266 1582 sanctus
2298 1528 2534 1598 Cyr-illus
2576 1531 2642 1585 ad
2677 1532 3057 1588 Constantium
3090 1531 3333 1600 scripsit,
3363 1529 3415 1582 in

167 1629 414 1698 θαύματι.
451 1630 590 1701 Περὶ
622 1629 815 1682 τούτου
844 1629 900 1682 δὲ
930 1629 1028 1683 καὶ
1057 1629 1084 1680 ὁ
1111 1627 1266 1694 ἅγιος
1297 1622 1568 1694 Κύριλλος
1599 1622 1733 1692 πρὸς

1216 1644 1266 1688 ος
1297 1622 1568 1694 Rupilio;
1599 1622 1733 1692 πρὸς
1837 1614 1942 1670 ﬁde
1980 1617 2283 1673 orthodoxa
2316 1620 2466 1674 illum
2496 1620 2853 1676 conﬁrmans.

165 1722 532 1776 Κωνστάντιον
577 1721 859 1792 ἐγραψεν,
914 1718 1288 1790 ἐπιστηρίζων
1340 1717 1504 1771 αὑτὸν
1553 1716 1609 1767 ἐν
1663 1716 1732 1784 τῇ

163 1811 407 1879 ὀρθοδόξῳ
432 1813 636 1866 πίστει.

237 1926 342 1978 Kal
362 1924 625 1992 ἄθλησις
647 1923 757 1979 τοῦ
786 1925 959 1994 ἁγίου
990 1922 1295 1996 μάρτυρος
1333 1923 1623 1978 Ἆκακίου.
1755 1896 1803 1956 Β

1531 1940 1623 1975 ου.
1755 1896 1803 1956 Β
2081 1913 2151 1968 Et
2192 1924 2456 1970 certamen
2487 1919 2658 1972 sancti
2687 1920 2936 1988 martyris
2963 1919 3167 1973 Acacii.

229 2062 479 2124 Ἀκάκιος
502 2063 530 2114 δ
552 2060 646 2114 τοῦ
679 2058 921 2132 Χριστοῦ
953 2059 1186 2129 μάρτυς,
1218 2053 1288 2128 ἦν
1313 2056 1408 2110 ἐπὶ
1437 2056 1724 2122 Μαξιμια-

1897 2051 2134 2106 Aeacius
2166 2051 2372 2107 Christi
2409 2061 2617 2124 martyr
2649 2053 2781 2115 fuit,
2821 2053 3152 2108 Maximiano
3176 2056 3413 2124 impera-

162 2152 238 2206 νοῦ
258 2154 346 2206 τοῦ
376 2153 646 2224 βασιλέως
679 2155 744 2206 ἐκ
766 2151 865 2221 τῆς
892 2151 1074 2222 χώρας
1107 2149 1526 2211 Καππαδοκίας,
1561 2163 1725 2216 στρα-

1826 2149 1967 2203 tore,
1998 2159 2060 2196 ex
2099 2144 2319 2213 regione
2346 2144 2739 2214 Cappadociae,
2775 2146 3026 2199 militiam
3061 2161 3324 2202 exercens
3356 2149 3410 2200 in

162 2246 436 2314 τευόμενος
468 2246 529 2299 ἐν
552 2245 632 2315 τῷ
665 2245 910 2315 τάγματι
950 2244 1060 2298 τῶν
1092 2243 1318 2313 σχολῶν.
1355 2239 1724 2310 Διαγνωσθεὶς

1827 2232 2147 2287 Seholarum
2185 2234 2433 2289 cohorte.
2451 2235 2718 2306 Cognitus
2748 2244 2929 2292 autem
2956 2246 3015 2292 ut
3039 2237 3411 2303 Christianus,

161 2339 227 2395 δὲ.
258 2341 334 2393 ὅτι
363 2338 694 2408 Χριστιανός
741 2340 908 2400 ἐστιν,
950 2336 1232 2408 ἐκρατήθη
1286 2336 1380 2389 καὶ
1433 2333 1720 2403 προσήχθη

1825 2326 2257 2394 comprehensus
2291 2326 2413 2389 fuit,
2437 2335 2492 2380 et
2524 2328 2792 2383 adductus
2832 2329 2898 2383 ad
2939 2331 3180 2398 regionis
3214 2333 3409 2399 prasi-

161 2431 225 2499 τῷ
249 2433 341 2500 τῆς
366 2431 554 2502 χώρας
581 2433 827 2503 ἄρχοντι,
855 2431 950 2484 καὶ
970 2428 1310 2498 ὁμολογήσας
1339 2427 1432 2479 τὸν
1460 2426 1718 2495 Χριστὸν,

1824 2416 1989 2469 dem:
2052 2432 2115 2470 ac
2179 2417 2457 2473 Christum
2511 2419 2833 2485 confessus,
2866 2422 3103 2486 graviter
3159 2424 3408 2476 ozeditur.

162 2518 345 2586 ἐτύφθη
366 2518 638 2590 σφοδρῶς.
669 2515 804 2574 Εἶτα
823 2517 1256 2588 παραπεμφθεὶς
1281 2517 1452 2586 ἑτέρῳ
1474 2516 1715 2586 ἄρχοντι,

1824 2507 2029 2562 Deinde
2055 2510 2119 2562 ad
2153 2510 2318 2563 alium
2358 2513 2644 2581 praesidem
2685 2515 2889 2568 missus
2910 2554 2924 2576 ,
2968 2529 3030 2568 ac
3057 2516 3272 2569 vinctus
3297 2531 3407 2568 una

163 2614 239 2663 καὶ
270 2612 538 2674 συνδεθεὶς
578 2613 670 2665 καί
697 2611 880 2674 ἀλλοις
925 2611 1141 2670 πολλοῖς
1196 2608 1528 2681 δεσμώταις,
1577 2607 1718 2677 ἢχθη

1824 2614 1947 2654 cum
1981 2601 2100 2654 aliis
2132 2603 2360 2671 captivis
2388 2604 2710 2672 Byzantium
2741 2605 3028 2659 adducitur
3061 2621 3075 2658 :
3110 2605 3412 2674 ﬂagrisquc

164 2702 229 2764 είς
256 2702 314 2755 τὸ
336 2701 640 2767 Βυζάντιον
663 2718 676 2732 ⁸
702 2701 796 2755 καὶ
823 2702 1024 2763 δειναῖς
1058 2701 1280 2769 μάστιξι
1314 2701 1410 2755 καὶ
1444 2696 1720 2766 στρεϐλώ-

1822 2694 2135 2746 crudelibus
2170 2704 2223 2748 et
2273 2697 2536 2750 tortuosis
2581 2697 2743 2765 lignis
2785 2706 2897 2749 toto
2943 2711 3175 2765 corpore
3207 2711 3406 2763 caesus,

167 2809 264 2846 om
305 2793 668 2859 καταξανθεὶς
731 2793 851 2849 ὅλον
893 2794 953 2846 τὸ
1003 2791 1184 2862 σῶμα,
1244 2789 1580 2857 ἀπεκλείσθη
1637 2790 1718 2852 εἰς

1820 2781 1875 2835 in
1907 2798 2178 2838 carcerem
2214 2786 2546 2840 detruditur.
2584 2786 2681 2842 Ubi
2713 2797 3064 2842 accurrentes
3109 2788 3276 2841 divini
3307 2803 3407 2840 an—

165 2885 421 2954 φνλακὴν·
458 2884 585 2938 Ινθα
616 2885 942 2945 ἐπιστάντες
989 2881 1125 2934 θεῖοι
1175 2881 1398 2949 ἄγγελοι
1444 2877 1719 2933 ἀπεκατέ-

1819 2876 1945 2944 geli,
1995 2878 2322 2933 incolumem
2379 2881 2554 2950 ipsum
2612 2880 2988 2934 reddiderunt.
3022 2879 3157 2935 Cum
3222 2889 3403 2932 autem

165 2989 347 3043 οτησαν
372 2975 540 3028 αὑτὸν
571 2975 700 3045 ὑγιῆ
719 2991 733 3005 ·
783 2975 876 3029 καὶ
909 2974 1107 3036 ἰδόντες
1138 2972 1299 3024 αὑτὸν
1330 2972 1378 3024 oi
1409 2971 1468 3021 ἐν
1519 2971 1586 3038 τῇ
1616 2985 1719 3035 φυ-

1818 2982 2030 3032 omnes,
2087 2972 2177 3039 qui
2235 2971 2289 3024 in
2346 2987 2566 3028 carcere
2629 2982 2804 3036 erant,
2869 2988 2992 3027 eum
3029 2980 3137 3025 tam
3184 2977 3407 3039 repente

161 3066 278 3139 λυτῇ
330 3071 536 3133 πάντεσῖ
582 3067 729 3123 οὕτω
766 3070 975 3140 ταχέως
1011 3067 1329 3136 ὑγιάναντα,
1384 3064 1714 3117 ἐπίστευσαν

1818 3060 2035 3113 sanitati
2081 3062 2391 3116 restitutum
2442 3065 2867 3133 conspicerent,
2918 3064 2972 3115 in
3021 3063 3300 3116 Christum
3351 3071 3405 3116 ct

161 3161 241 3212 καὶ
268 3162 416 3214 αὐτοὶ
449 3160 529 3231 τῷ
559 3161 804 3231 Χριστῷ,
848 3161 942 3213 καὶ
993 3157 1534 3226 ἀπεκεφαλίσθησαν.
1581 3149 1712 3206 Elea

1817 3150 1916 3214 ipsi
1977 3153 2365 3219 crediderunt,
2426 3171 2490 3210 ac
2552 3157 2781 3224 proinde
2856 3155 3035 3223 capite
3089 3154 3400 3207 obtruncati

162 3253 241 3318 τῆς
272 3253 518 3322 φυλακῆς
566 3253 874 3323 ἐκϐληθεὶς,
913 3253 1008 3306 καὶ
1059 3249 1487 3320 πσραπεμφθεὶς
1541 3247 1712 3316 ἑτέρῳ
1739 3265 1783 3323 C

1764 3265 1783 3322 ς
1816 3252 1962 3296 sunt.
2007 3243 2212 3300 Deinde
2256 3248 2490 3301 Aeacius
2526 3261 2556 3301 e
2593 3260 2814 3301 carcere
2849 3247 3113 3302 eductus.
3145 3257 3310 3312 atque
3336 3245 3401 3295 ad

163 3344 374 3412 ἄρχοντι,
406 3349 501 3399 καὶ
543 3345 704 3399 πάλιν
745 3344 1102 3414 τιμωρηθεὶς,
1134 3339 1579 3408 ἀπεκεφαλίσθη·
1617 3339 1712 3389 καὶ

1817 3335 1982 3388 alium
2012 3339 2295 3405 prmsidem
2333 3341 2621 3405 remissus,
2661 3355 2991 3407 rursumque
3029 3338 3399 3400 excruciatus,

164 3436 399 3507 κατετέθη
449 3437 517 3492 τὸ
566 3437 822 3508 λείψανον
861 3436 1025 3491 αὑτοῦ
1052 3439 1110 3492 ἐν
1140 3436 1291 3507 τόπῳ
1342 3433 1713 3504 ἐπιλεγομένῳ

1816 3428 1993 3495 capite
2055 3429 2420 3487 obtruncatus
2451 3432 2555 3486 fuit
2600 3441 2690 3486 :ct
2723 3433 2968 3499 reliquia:
3019 3432 3192 3500 ipsius
3231 3428 3398 3499 depo-

163 3525 401 3599 Σταυρεφ,
1816 3518 1931 3571 situ:
1956 3516 2178 3574 fuerunt
2209 3522 2262 3576 in
2292 3522 2414 3577 loco
2438 3525 2529 3591 qui
2568 3524 2848 3576 Staurium
2872 3523 3096 3576 dicitur.

662 3661 843 3715 ΜιιΝι
879 3662 964 3732 το
997 3662 1202 3732 arm.
1628 3617 1637 3632 ’

1628 3617 1637 3632 ”
2345 3654 2578 3708 EODEM
2610 3655 2859 3710 MENSE.

899 3753 960 3807 ιιι
2418 3748 2516 3802 Die
2564 3760 2755 3804 octava

160 3866 343 3937 Μνήμη
371 3868 483 3924 τοῦ
511 3867 688 3939 ἁγίου
724 3870 1008 3924 Ἰωάννου
1030 3868 1138 3924 τοῦ
1165 3867 1459 3936 Θεολόγου
1479 3867 1576 3920 ἐπὶ
1599 3865 1710 3934 τῆς

677 3939 852 3994 ἀνίας
910 3938 1155 3994 κόνεως.

1812 3860 1926 3932 88
1960 3861 2220 3917 Memoria
2258 3865 2426 3917 sancti
2469 3863 2698 3945 Joannis
2757 3864 3003 3935 T/ieologi
3043 3864 3103 3916 ob
3153 3873 3393 3918 sanctum

2477 3951 2723 3989 emerem.

721 3951 852 4008 γ’(ος
910 3951 1155 4002 κονεως.

1085 3957 1155 4002 ις.
2477 3951 2722 3989 emerem.

222 4072 270 4125 ὐ
301 4076 688 4144 φιλάνθρωπος
716 4074 815 4129 καὶ
866 4076 1183 4144 πανάγαθος
1231 4077 1364 4140 Θεὸς
1420 4077 1598 4146 ἡμῶν,
1644 4077 1704 4129 οὐ

1881 4066 2354 4127 Clementissimus
2413 4081 2466 4126 et
2531 4073 2771 4143 Optimus
2834 4072 2977 4128 Deus
3027 4084 3213 4128 noster
3284 4089 3391 4128 non

161 4162 290 4228 μόνον
315 4168 440 4228 τοὺς
474 4166 623 4236 ὑπὲρ
649 4165 813 4218 αὑτὸν
844 4166 1288 4235 ἀγωνισαμένους
1319 4167 1510 4234 ἁγίους
1537 4165 1704 4218 αὐτοῦ

1810 4159 1974 4213 modo
1999 4175 2115 4225 eos,
2162 4163 2255 4224 qui
2301 4177 2399 4232 pro
2435 4164 2553 4231 ipso
2590 4165 2978 4230 decertarunt,
3009 4175 3231 4221 sanctos
3261 4181 3393 4222 suos

161 4253 370 4322 μαθητὰς
421 4258 521 4308 καὶ
573 4256 932 4319 ἀποστόλους,
969 4259 1258 4328 προφήτας
1286 4275 1344 4309 τε
1377 4257 1472 4310 καὶ
1497 4258 1706 4327 μάρτυ·
1808 4252 2110 4321 discipulos
2137 4264 2190 4308 et
2214 4257 2516 4324 apostolos,
2567 4258 2864 4326 prophetas
2903 4273 3124 4328 quoque
3153 4275 3216 4314 se
3243 4274 3397 4313 mar-

161 4360 251 4409 μς,
283 4352 368 4400 καὶ
396 4347 614 4409 πάντας
665 4347 790 4410 τοὺς
816 4349 1293 4418 εύαρεστὴσαντας
1322 4350 1493 4419 αὐτῷ,
1542 4348 1702 4418 βασι·-

1810 4352 1975 4414 tyres,
2021 4345 2435 4415 universosque,
2470 4347 2561 4416 qui
2600 4348 2706 4403 sibi
2756 4350 3035 4418 placuere,
3077 4364 3244 4418 regno
3274 4364 3387 4404 cm-

157 4431 274 4496 λείας
313 4439 582 4506 οὐρανῶν,
613 4438 710 4491 καὶ⁵
743 4438 848 4490 τῶν
881 4439 1117 4490 αἰωνίων
1159 4440 1396 4508 ἡξίωσεν
1439 4439 1659 4506 ἀγαθῶν
1684 4456 1699 4472 θ

1805 4435 1927 4490 lesti
1970 4435 2237 4508 bonisque
2263 4438 2614 4506 sempiternis
2644 4439 2838 4509 dignos
2869 4439 3047 4495 ellecit
3069 4458 3085 4508 ;
3111 4441 3201 4495 sed
3225 4441 3391 4495 etiam

157 4526 261 4580 ἀλλά
291 4532 375 4582 καὶ
407 4532 537 4593 τοὺς
575 4533 797 4593 τόπους.
837 4534 894 4585 ὲν
946 4528 1026 4594 οἷς
1059 4532 1157 4600 ἤδη
1211 4532 1458 4600 ἑτριψαν,
1498 4531 1530 4599 ἦ
1577 4530 1698 4583 ὲτάο
1734 4601 1760 4604 _

1747 4601 1760 4604 μ
1807 4528 1943 4590 loca.
1978 4529 2031 4582 in
2062 4530 2262 4599 quibus
2291 4535 2491 4586 versati
2535 4541 2684 4598 sunt,
2719 4535 3058 4602 autsepulti,
3086 4535 3384 4604 gratiarum

159 4631 321 4684 φησιν.
370 4622 609 4692 πλήρεις
655 4623 894 4693 χαρίτων
918 4623 1227 4689 ἀποδείξας,
1277 4623 1491 4685 πολλοῖς
1526 4623 1696 4694 ἐλάμ-
1733 4601 1775 4656 D

1749 4601 1775 4655 ⁵
1805 4619 1962 4688 plena
2002 4623 2335 4688 ostendens,
2389 4624 2576 4680 multis
2630 4639 2692 4679 ea
2742 4601 3021 4680 miraculis
3071 4601 3386 4683 illustravit.

157 4727 293 4777 πρννε
322 4714 594 4787 θαύμασι.
627 4717 736 4770 Καὶ
795 4716 904 4785 γὰρ
952 4718 979 4769 δ
1025 4715 1217 4784 τάφος.
1282 4718 1340 4769 ἐν
1388 4709 1433 4784 ᾦ
1467 4717 1495 4768 ὁ
1529 4717 1700 4786 μέγας

1805 4709 2018 4766 Etenim
2055 4714 2386 4782 sepulcrum,
2443 4715 2498 4769 in
2553 4731 2661 4785 quo
2719 4732 2952 4786 magnus
2997 4720 3278 4787 apostolus
3334 4728 3387 4773 et

163 4800 444 4870 ’Δπόστολος
511 4807 612 4860 καὶ
675 4807 1073 4879 εὐαγγελιστὴς
1157 4808 1413 4876 Ἰωάννης
1487 4808 1699 4877 μέλλων

1802 4804 2131 4870 evangelista
2156 4803 2413 4870 Joannes,
2467 4808 2633 4876 paulo
2662 4819 2785 4878 post
2813 4809 3251 4876 transferendus,
3283 4810 3381 4864 de-

159 4897 475 4964 μιτατεθῆναι
523 4897 729 4967 ἐτάφη,
786 4897 935 4951 κόνιν
984 4899 1163 4966 ἀγίαν,
1221 4898 1287 4970 ἠν
1339 4900 1388 4951 οι
1439 4898 1697 4970 ἐγχώριοι

1801 4895 2010 4964 positus
2037 4894 2161 4959 fuit,
2197 4907 2448 4952 sanctum
2482 4898 2744 4966 cinerem,
2769 4916 2933 4970 quem
2968 4903 3161 4973 incola.-
3184 4902 3382 4956 Manna

156 4981 306 5040 Μάννα
329 4989 858 5060 προσαγορεύουσιν,
879 4991 1154 5045 ἐπινεύσει
1179 4992 1318 5045 Πνεύ
1328 5009 1494 5059 ματος
1515 4993 1692 5060 ἀγίου,

1800 4986 2092 5054 appellant,
2128 4986 2333 5057 Spiritu
2362 5002 2553 5046 sancto
2608 5003 2906 5057 annuente,
2940 5003 3133 5049 octavo
3173 4997 3381 5050 mensis

157 5081 262 5128 uti
287 5081 377 5149 τὴν
400 5084 600 5151 ὀγδόην
635 5083 851 5152 ἡμέραν
904 5082 998 5136 τοῦ
1031 5085 1209 5137 Μαΐου
1244 5084 1409 5154 μηνὸς
1464 5085 1694 5153 ἐτησίως

1796 5075 1921 5130 Maii
1951 5079 2036 5132 die
2076 5080 2373 5149 quotannis
2415 5085 2690 5154 extemplo
2721 5086 2961 5148 emittit,
2997 5095 3322 5153 emanatque
3362 5102 3375 5137 :

158 5166 370 5239 ἐξιῐφνης
397 5174 673 5244 ἀναδρύει
697 5176 788 5228 καὶ
819 5175 1139 5228 ἀναδίδωσιν
1158 5193 1171 5208 ·
1206 5176 1273 5247 ἡν
1315 5179 1364 5229 οί
1391 5178 1695 5247 προσερχό-

1795 5187 1957 5240 quem
1976 5173 2070 5240 qui
2099 5173 2388 5240 accedunt,
2416 5176 2767 5246 accipientes,
2798 5178 2851 5231 in
2879 5179 3218 5232 curationem
3255 5178 3376 5230 uni-

160 5272 273 5321 μιινοι
315 5264 728 5334 λαμϐάνοντες,
786 5266 1025 5338 χρῶνται
1080 5267 1218 5338 αὐτῇ
1280 5271 1360 5333 εἰς
1423 5272 1692 5324 παντοίων
1793 5279 1797 5290 '

1793 5279 2078 5319 versorum
2129 5267 2467 5335 morborum,
2505 5269 2559 5322 in
2617 5269 2922 5323 animarum
2978 5268 3290 5332 sanitatem,
3325 5279 3377 5321 et

160 5351 306 5404 παθῶν
331 5358 739 5427 ἀπολύτρωσιν,
765 5361 845 5420 είς
866 5358 1162 5430 θεραπείαν
1185 5359 1394 5429 ψυχῶν,
1419 5363 1497 5423 είς
1527 5361 1692 5430 ῥῶσιν
1793 5356 1797 5409 l

1793 5356 1846 5410 in
1879 5372 2168 5425 corporum
2201 5357 2469 5412 medelam
2511 5374 2577 5414 eo
2623 5370 2855 5414 utuntur
2883 5399 2898 5425 ,
2944 5360 3109 5414 Deum
3141 5359 3373 5412 laudan-

162 5443 396 5510 δωμάτων,
435 5448 578 5502 Θεὸν
617 5448 1042 5517 δοξολογοῦντες,
1080 5452 1293 5505 καὶτὸν
1329 5453 1495 5506 αὑτοῦ
1527 5454 1690 5524 θερά-
1795 5459 1799 5500 |

1652 5474 1690 5506 :—
1795 5458 1896 5513 tes,
1930 5451 2156 5520 ejusque
2185 5465 2404 5506 servum
2446 5451 2782 5523 Theologum
2816 5461 3168 5507 venerantes.
3277 5478 3289 5485 —

161 5540 288 5584 ποντα
312 5534 570 5606 Θιολόγον
611 5540 989 5610 γεραίροντες.

159 5639 239 5697 Kal
265 5651 451 5721 μνήμη
506 5654 623 5709 τοῦ
669 5656 1108 5737 ὁσίου-Πατρός
1375 5660 1687 5727 Ἀρσενιόυ

1653 5681 1687 5717 υ
1865 5663 1933 5716 Et
1967 5663 2218 5715 memoria
2249 5663 2420 5715 sancti
2447 5660 2625 5716 Patris
2653 5663 2821 5716 nostri
2847 5662 3057 5717 Arsenii
3085 5659 3290 5733 Magni.

219 5831 476 5908 Ἀροάνιος,
521 5843 550 5896 ό
582 5844 647 5897 ἐν
682 5840 861 5911 ἁγίοις
912 5843 1100 5917 Πατὴρ
1143 5846 1324 5919 ἡμῶν,
1381 5843 1449 5919 ἦν
1490 5851 1589 5922 μὶν
1622 5852 1682 5905 lx

1861 5853 2098 5911 Sanctus
2155 5852 2314 5910 Pater
2361 5861 2560 5938 noster.
2594 5852 2875 5920 Arsenius,
2928 5852 3032 5912 iuit
3070 5867 3138 5912 ex
3184 5857 3367 5911 vetere
