4146 6518
722 413 831 478 {43

1964 406 2392 469 MENOLOGII
2435 403 2524 466 PA
2538 403 2630 462 RS
2669 401 2787 461 III.

3883 381 3993 444 444

725 531 923 593 Roma,
955 525 1318 584 sanctissima
1363 524 1459 582 Dei
1487 524 1732 580 ecclesia:
1772 524 2056 580 diaconus.
2085 525 2312 594 Propter
2341 558 2350 580 .

2453 520 2511 588 ἧς
2555 515 2790 576 παλαιᾶς
2832 509 3075 582 Ῥώμης,
3119 506 3366 566 διάκονος
3402 505 3498 570 τῆς
3552 499 3859 594 ἁγιωτάτης
3899 498 3998 594 τοῦ

728 639 884 680 suam
919 632 1098 677 autem
1124 620 1408 676 scientiam
1437 629 1600 688 atque
1633 619 1862 673 virtutes
1895 617 2138 674 delectus
2167 627 2250 673 est
2281 633 2311 672 a

729 714 1043 771 Theodosio
1066 711 1264 782 Magno
1295 711 1646 780 imperatore,
1681 719 1741 764 ut
1771 709 1911 763 tilios
1947 708 2123 778 ipsius
2150 709 2314 763 Arca-

732 812 878 864 dium
909 818 963 864 et
994 807 1296 862 Honorium
1331 821 1438 860 non
1474 805 1664 859 litteris
1697 814 1931 868 tantum,
1966 803 2060 860 sed
2100 813 2154 858 et
2199 803 2314 858 vir-

732 903 943 956 tutibus
971 902 1262 956 imbueret.
1300 899 1392 954 Sic
1431 913 1559 953 vero
1589 899 1657 952 ab
1697 899 2032 969 imperatore
2073 897 2317 953 honora-

730 995 911 1059 batur,
948 1002 1007 1047 ut
1039 990 1202 1046 Pater
1236 991 1625 1060 imperatorum
1661 993 1953 1047 diceretur.
1988 989 2192 1045 Verum
2227 992 2318 1046 ille

733 1087 920 1142 turbas
958 1086 1088 1140 odio
1113 1086 1318 1139 habens
1343 1126 1357 1150 ,
1391 1093 1772 1154 terrarumque
1803 1085 2186 1152 imperatorem
2228 1084 2318 1138 fu-

733 1180 911 1248 giens,
944 1179 1109 1232 vitam
1129 1176 1434 1231 solitariam
1465 1179 1686 1242 amavit,
1708 1175 2024 1247 Regemque
2041 1178 2318 1233 ccelestem

737 1271 984 1338 Optavit;
1017 1283 1181 1338 quem
1215 1270 1466 1339 rogabat,
1525 1279 1584 1322 ut
1633 1285 1691 1324 se
1734 1270 1788 1323 in
1838 1270 1980 1324 viain
2025 1269 2319 1339 dirigeret,

737 1362 1010 1432 quomodo
1038 1361 1236 1416 salvari
1277 1365 1518 1419 deberet.
1564 1363 1762 1418 V'ocem
1821 1363 1986 1433 igitur
2039 1364 2245 1418 audivit
2295 1379 2325 1419 e

739 1452 882 1507 caelo
910 1454 1015 1508 sibi
1049 1462 1130 1508 ter
1173 1455 1443 1510 dicentem
1485 1456 1740 1520 :Arseui,
1774 1455 1901 1524 fuge
1963 1457 2233 1521 homines,
2273 1466 2327 1510 et

740 1545 1066 1600 salvaberis.
1112 1545 1178 1600 Et
1221 1547 1406 1601 statim
1457 1547 1680 1602 mutatis
1722 1546 1999 1612 vestibus,
2041 1555 2327 1615 assumpto

743 1635 1003 1703 pauperis
1029 1634 1238 1700 habitu,
1268 1635 1321 1688 in
1354 1634 1650 1707 Egyptum
1689 1636 1984 1707 profccws,
2025 1637 2326 1691 solitariam

743 1727 909 1779 vitam
939 1729 1179 1796 suscepit
1210 1745 1224 1783 :
1263 1744 1498 1796 cumque
1527 1738 1828 1791 certasset,
1875 1741 1932 1783 ut
1972 1745 2133 1786 nemo
2163 1732 2326 1796 alius,

746 1817 801 1870 in
844 1817 1115 1886 profrinda
1151 1829 1429 1876 senectute
1456 1820 1524 1874 ad
1554 1820 1723 1874 Deum
1771 1821 2039 1892 migravit.

1279 2005 1511 2061 EODEM
1558 2006 1808 2076 unuse.

1384 2098 1480 2154 Die
1530 2085 1675 2156 nona

965 2191 1079 2261 89
1117 2191 1399 2247 Certamen
1432 2195 1605 2248 sancti
1637 2193 1804 2250 Isaia?
1831 2197 2117 2268 prophetae.

829 2281 1002 2338 Isaias
1034 2299 1263 2353 magnus
1311 2283 1407 2339 Dei
1450 2287 1714 2355 propheta
1747 2288 2053 2343 Jerusalem
2098 2291 2333 2359 patriam

756 2375 991 2440 habuit;
1026 2376 1332 2436 avunculus
1379 2389 1558 2433 autem
1613 2379 1716 2434 fuit
1767 2381 2020 2436 Manasse
2050 2386 2195 2452 regis
2227 2384 2324 2438 ﬁlii

757 2467 1007 2523 Ezechia:
1041 2488 1055 2523 :
1086 2485 1251 2538 quem
1296 2485 1419 2524 cum
1465 2482 1687 2542 propter
1737 2474 2054 2544 iniquitates
2100 2493 2228 2532 suas
2261 2494 2342 2532 re.

758 2560 1092 2631 darguisset,
1147 2578 1298 2618 serra
1345 2566 1398 2618 in
1453 2565 1589 2621 duas
1642 2577 1824 2636 partes
1882 2579 2087 2635 sectus,
2116 2571 2334 2626 vivendi

761 2653 926 2708 ﬁnem
988 2654 1137 2721 fecit,
1194 2658 1551 2727 sepultusque
1601 2659 1701 2713 fuit
1749 2661 1905 2727 juxta
1954 2679 2148 2731 aquas,
2203 2681 2341 2733 quas

762 2745 1028 2802 Ezechias
1084 2763 1176 2803 rex
1229 2750 1582 2818 perdiderat,
1641 2763 1860 2823 aggesta
1920 2764 2062 2808 terra
2123 2767 2344 2826 propter

766 2838 1042 2892 inimicos.
1086 2838 1226 2894 Deus
1267 2851 1448 2896 autem
1502 2843 1716 2909 signum
1766 2844 1925 2899 Siloa:
1955 2845 2081 2899 fecit
2125 2857 2346 2916 propter

766 2929 1106 2998 prephetam.
1143 2931 1274 2985 Cum
1303 2935 1448 2986 enim
1479 2925 1768 3002 antequam
1805 2949 2131 3002 moreretur,
2169 2940 2343 2995 sitiis-

768 3032 875 3083 set,
914 3024 1112 3085 oravit,
1142 3033 1202 3077 ut
1239 3039 1378 3093 aqua
1411 3028 1702 3082 scaturiret
1732 3046 1745 3082 :
1794 3038 1847 3081 et
1882 3030 2064 3082 statim
2100 3033 2264 3085 missa
2295 3033 2344 3085 ei

772 3111 876 3166 fuit
929 3128 994 3168 ex
1049 3129 1116 3167 eo
1162 3130 1302 3184 aqua
1346 3132 1456 3170 :ac
1504 3128 1788 3186 propterea
1847 3118 1991 3174 Siloe
2040 3137 2348 3191 cognomen

774 3204 988 3264 habuit,
1021 3204 1126 3258 hoc
1176 3215 1283 3269 est,
1333 3207 1558 3261 missus.
1607 3210 1671 3261 Et
1719 3211 1848 3263 olim
1901 3213 2118 3280 quidem
2181 3229 2351 3268 sacrae

773 3295 1050 3364 propheta:
1103 3297 1347 3364 reliquiae
1397 3297 1710 3366 jaciieruut,
1748 3311 1806 3354 ut
1860 3303 2350 3373 perhibent,juxta

777 3400 948 3453 aquas
979 3384 1147 3450 Siloe,
1183 3389 1400 3455 etapud
1440 3389 1747 3456 sepulcrum
1800 3391 1968 3444 David
2022 3403 2075 3446 et
2107 3393 2356 3449 Salernu-

779 3478 865 3530 nis
915 3493 1125 3547 regum.
1164 3478 1402 3532 Tandem
1454 3495 1581 3534 vero
1627 3481 2155 3552 Constantinopolim
2205 3494 2356 3538 trait-

781 3569 952 3633 δίοιδε,
987 3571 1139 3637 juxta
1191 3569 1522 3625 Blachernas
1580 3573 1839 3642 deposita:
1891 3576 2103 3630 suntin
2155 3579 2356 3647 templo

785 3662 962 3715 sancti
995 3663 1244 3732 martyris
1273 3663 1575 3719 Laurentii.

935 3849 1000 3902 Et
1031 3861 1292 3907 certamen
1339 3858 1506 3908 sancti
1543 3859 1795 3928 martyris
1830 3859 2219 3929 Christophori.

860 3941 938 3996 De
983 3944 1083 3997 hoc
1123 3957 1315 3998 sancto
1363 3947 1611 4016 quaidam
1674 3951 1946 4005 mirabilia
1987 3968 2050 4006 ac
2098 3953 2365 4022 stupenda

791 4036 933 4103 apud
982 4037 1270 4092 nonnullos
1317 4039 1698 4106 perhibentur,
1731 4043 1878 4110 quod
1926 4043 2135 4098 scilicet
2171 4044 2364 4098 faciem

793 4129 945 4182 canis
993 4130 1226 4196 primum
1279 4131 1551 4196 habuerit,
1599 4133 1959 4204 hominesque
2006 4137 2368 4202 devoraverit,

794 4233 856 4271 ac
911 4220 1122 4272 tandem
1171 4237 1294 4275 cum
1335 4223 1390 4275 in
1427 4224 1702 4278 Christum
1737 4226 2093 4294 {credidisset,
2137 4227 2368 4283 formam

798 4312 1106 4363 mutaverit.
1142 4309 1341 4364 Verum
1378 4328 1487 4365 non
1536 4314 1606 4365 ita
1655 4329 1741 4368 res
1792 4328 1851 4368 se
1879 4315 2072 4368 habuit
2117 4334 2129 4369 :
2173 4321 2264 4371 sed
2296 4319 2374 4371 sic

797 4403 948 4455 illum
982 4403 1150 4470 aliqui
1205 4402 1374 4457 fuisse
1422 4405 1682 4473 suspicati
1737 4414 1883 4472 sunt,
1926 4406 2074 4475 quod
2111 4409 2367 4464 ethnicus

797 4505 963 4555 esset,
992 4505 1044 4547 et
1075 4493 1250 4557 ferox,
1282 4509 1346 4548 ac
1377 4497 1655 4549 terribilis.
1691 4495 1816 4551 Fuit
1857 4509 2036 4553 tamen
2075 4498 2241 4553 Decio
2276 4503 2375 4553 Em-

2415 607 2552 660 Θεοὺ
2606 603 2903 673 ἐκκλησίας
2925 617 2938 632 ο
2973 599 3062 654 διὰ
3098 598 3154 651 δὲ
3185 598 3285 669 τὴν
3331 595 3533 664 γνῶσιν
3560 591 3728 646 αὑτοῦ
3765 594 3857 644 καὶ
3892 590 3997 661 τὴν

2415 700 2637 772 ἀρετὴν,
2673 697 2898 767 ὲξελέγη
2929 693 3080 765 παρὰ
3125 690 3221 744 τοῦ
3271 689 3526 758 Μεγάλου
3567 684 3849 738 Θεοδοσίου
3903 682 4000 734 τοῦ

2419 790 2688 861 βασιλέως
2718 791 2812 841 ἐπὶ
2842 788 2903 840 τὸ
2937 786 3212 839 διδάσκειν
3238 783 3310 834 τὰ
3363 780 3553 834 παιδία
3611 775 3797 839 αὑτοῦ,
3845 774 4002 826 τόντε

2431 879 2718 951 Ἀρκάδιον
2751 876 2846 930 καὶ
2880 875 2974 929 τὸν
3012 872 3293 944 Ὀνώριον,
3351 871 3413 923 οὑ
3475 868 3632 939 μόνον
3670 867 4003 936 γράμματα,

2422 971 2559 1024 ἀλλά
2591 972 2685 1025 καὶ
2713 970 2938 1041 ἀρετήν.
2979 967 3134 1021 Οὕτω
3165 965 3221 1018 δὲ
3255 965 3480 1033 ἐτιμᾶτο
3512 961 3662 1030 παρά
3703 957 3798 1009 τοῦ
3843 955 4000 1024 βασικ

2420 1066 2579 1129 λέως,
2621 1066 2694 1129 ώς
2723 1067 2816 1118 καὶ
2856 1059 3284 1126 Βασιλεοπάτωρ
3317 1054 3623 1110 καλεῖσθαι.
3670 1050 3807 1104 Ἀλλ’
3858 1051 4010 1101 ἐκεῖ-

2424 1180 2534 1227 νος,
2579 1163 2705 1224 τοὺς
2761 1158 3025 1232 θορύϐους
3077 1155 3272 1227 μισῶν,
3309 1152 3402 1205 καὶ
3431 1152 3522 1203 τὸν
3572 1149 3720 1203 κάτω
3777 1144 4012 1216 βασιλέα

2426 1251 2928 1322 ἀποστρεφόμενος,
2967 1247 3066 1318 τὴν
3113 1247 3169 1301 δὲ
3218 1244 3450 1316 ἡσυχίαν
3485 1239 3736 1309 ἀγαπῶν,
3773 1238 3864 1288 καὶ
3916 1236 4014 1287 τὸν

2427 1346 2540 1400 άνω
2572 1343 2807 1397 Βασιλέα
2833 1341 3037 1405 ποθῶν,
3071 1339 3376 1410 παρεκάλει
3422 1333 3590 1388 αὑτδν
3636 1331 3901 1399 ὁδηγῆσαι
3931 1330 4017 1388 εἰς

2427 1435 2566 1500 ὁδὸν,
2615 1436 2762 1498 ὅπως
2813 1433 2894 1485 δεῖ
2932 1432 3207 1498 σωθῆναι·
3267 1425 3428 1497 ἦλθεν
3461 1421 3553 1480 οὖν
3587 1422 3736 1491 αὑτῷ
3763 1423 3919 1489 φωνὴ
3948 1421 4020 1470 ἐκ

2429 1528 2523 1582 τοῦ
2576 1527 2830 1598 οὑρανοῦ,
2869 1526 3101 1595 λέγουσα
3138 1526 3199 1576 ὲκ
3234 1523 3452 1593 τρίτου·
3518 1517 3782 1587 ⁹Λρσὲνιε,
3839 1515 4019 1582 εξεῦγς

2429 1621 2556 1680 τοὺς
2609 1615 2954 1686 ἀνθρώπους,
3005 1615 3101 1666 καὶ
3160 1609 3359 1675 σώζου.
3418 1607 3526 1662 Καὶ
3579 1603 3894 1676 παραυτίκα
3947 1604 4025 1652 τὰ

2435 1711 2629 1780 ίμάτια
2661 1707 2919 1773 ἀλλάξας,
2952 1704 3047 1758 καὶ⁵
3079 1703 3316 1775 φορέσας
3359 1700 3612 1770 πενιχρά,
3663 1695 3907 1765 ἀπῆλθεν
3940 1697 4026 1753 εἰς

2434 1803 2731 1868 Αἴγυπτον,
2758 1801 2852 1853 καὶ
2879 1799 3142 1869 ἡσύχαζε.
3175 1797 3287 1848 Καὶ
3315 1793 3725 1862 ἀγωνισάμενος
3744 1789 3818 1851 ὡς
3839 1787 4027 1852 οὐδεὶς

2359 1860 2404 1920 Β
2437 1860 2616 1960 ἄλλος,
2649 1860 3221 1963 ἐντβαθείγήρᾳῗπρὸς
3244 1860 3377 1940 Θεὸν
3408 1884 3560 1953 ἐξεδη
3572 1897 3765 1953 μησεν.

2967 1981 3152 2035 MHNI
3185 1979 3273 2050 τᾳ
3312 1976 3515 2048 arm.

3200 2107 3256 2159 Θ

2585 2205 2882 2271 Ἀθλησις
2913 2201 3020 2255 τοῦ
3049 2201 3222 2269 ἁγίου
3257 2196 3570 2266 προφήτου
3612 2194 3877 2249 Ἡσαΐου.

2523 2297 2773 2360 Ἠσαῖας,
2807 2295 2836 2347 ὁ
2864 2293 2958 2347 τοῦ
2990 2291 3124 2346 Θεοῦ
3164 2291 3339 2359 μέγας
3387 2288 3696 2357 προφήτης,
3730 2282 3800 2355 ἦν
3831 2284 3933 2351 μὲν
3969 2281 4038 2344 ἐξ

2453 2387 2839 2457 Ἰερουσαλὴμ,
2873 2386 3017 2448 θεῖος
3071 2384 3127 2436 δὲ
3163 2383 3376 2451 ὑπῆρχε
3433 2379 3528 2432 τοῦ
3586 2378 3850 2447 βασιλέως
3907 2377 4039 2427 Μα-

2443 2477 2619 2545 νασσῆ
2679 2475 2797 2528 υίοῦ
2849 2473 3114 2536 Ἐζεκίου.
3169 2471 3440 2538 Ἐλὲγχων
3481 2468 3538 2521 δὲ
3571 2466 3732 2520 αὑτὸν
3760 2467 3852 2517 ἐπὶ
3909 2467 4037 2524 ταῖς

2444 2565 2697 2636 ἁνομίαις
2723 2561 3167 2632 αὑτοῦ,’ὲσχίσθη
3199 2561 3279 2622 είς
3311 2559 3405 2612 δύο
3437 2556 3573 2626 μετά
3609 2555 3827 2625 πρίονος
3849 2569 3865 2584 °
3934 2552 4043 2606 καὶ

2447 2660 2802 2727 τελευτήσας,
2829 2657 3006 2724 ἐτάφη
3036 2654 3266 2724 πλησίον
3293 2651 3402 2704 τῶν
3432 2650 3664 2713 ὑδάτων,
3706 2647 3851 2715 άπερ
3883 2645 4046 2698 ἀπώ-

2446 2753 2602 2804 λεσεν
2650 2748 2900 2812 Ἐζεκίας
2949 2749 2977 2799 ὁ
3036 2746 3309 2816 βασιλεὺς,
3367 2743 3694 2813 καταχώσας
3749 2739 3891 2793 αὑτά
3945 2740 4047 2791 διὰ

2447 2845 2574 2906 τοὺς
2604 2841 2895 2911 πολεμίους
2917 2857 2931 2872 ο
2953 2839 3047 2892 καὶ
3081 2843 3108 2892 ὁ
3136 2838 3269 2901 Θεὸς
3299 2838 3358 2890 τὸ
3395 2839 3618 2906 σημεῖον
3645 2833 3739 2887 τοῦ
3792 2833 4037 2898 Σιλωάμ

2450 2937 2671 3004 ἐποίησε
2707 2934 2792 2987 διά
2822 2936 2912 2986 τὸν
2936 2934 3228 3004 προφήτην
3249 2949 3262 2962 ⁸
3295 2931 3360 2984 δι’
3377 2932 3459 2982 ὅτι
3483 2930 3588 2999 πρὸ
3606 2927 3698 2980 τοῦ
3728 2925 4045 2980 ἀποθανεῖν

2453 3028 2686 3096 διψήσας
2735 3026 2942 3097 ηὔξατο
2997 3027 3171 3078 ποιεῖν
3227 3021 3448 3095 [iusim]
3492 3022 3658 3090 ὕδωρ,
3710 3021 3803 3073 καὶ
3827 3018 4050 3080 εὐθέως

2460 3118 2744 3186 ἀπεστάλη
2778 3117 2924 3186 αὑτῷ
2946 3117 3002 3181 ἐξ
3025 3116 3186 3169 αὑτοῦ
3215 3115 3362 3185 ὓδωρ
3387 3114 3505 3166 ’Διά
3520 3113 3676 3165 τοῦτο
3700 3109 3906 3178 ἐκλήθη
3943 3110 4050 3160 Σι-

2380 3244 2422 3301 C
2455 3210 2635 3279 λωάμ,
2669 3211 2697 3262 ὃ
2725 3209 3090 3280 ἑρμηνεύεται
3118 3207 3553 3275 ἀπεσταλμένος.
3587 3204 3697 3256 Καὶ
3752 3202 3878 3253 τότε
3941 3202 4054 3269 μὲν

2459 3304 2636 3356 ἔκειτο
2664 3302 2723 3354 τὸ
2758 3301 2903 3371 ἱερὸν
2929 3301 3182 3368 λείψανον
3208 3299 3303 3350 τοῦ
3336 3298 3618 3368 προφήτου
3651 3294 3907 3362 πλησίον,
3971 3294 4056 3352 ὡς

2459 3396 2696 3463 εἴρηται,
2732 3392 2841 3444 τῶν
2878 3392 3086 3443 ὑδάτων
3118 3390 3211 3442 τοῦ
3268 3389 3511 3454 Σιλωὰμ,
3566 3384 3661 3437 καὶ
3705 3383 3800 3435 τοῦ
3866 3382 4057 3447 triaconi

2457 3486 2567 3538 τῶν
2600 3485 2863 3554 βασιλέων
2907 3483 3070 3536 Δαυὶδ
3121 3481 3218 3534 καὶ
3280 3478 3646 3548 Σολομῶντος,
3708 3475 3941 3542 ὕστερον
3999 3474 4063 3528 δὲ

2465 3575 2866 3644 μετακομισθὲν
2894 3577 2950 3627 ἐν
2978 3569 3570 3626 Κωνσταντινουπόλει,
3600 3564 3871 3631 κατετέθη
3906 3565 4063 3632 πλη-

2464 3667 2577 3719 σίον
2629 3665 2974 3735 Βλαχερνῷν,
3037 3665 3094 3716 ὲν
3129 3662 3206 3732 τῷ
3260 3659 3374 3731 ναῷ
3419 3658 3513 3712 τοῦ
3549 3656 3704 3726 ἁγίου
3767 3655 4068 3726 μάρτυρος

2465 3759 2824 3828 Λαυρεντίου.

2466 3853 2573 3907 Καὶ
2608 3852 2867 3917 ἄθλησις
2910 3849 3014 3902 τοῦ
3063 3847 3236 3917 ἁγίου
3282 3845 3584 3914 μάρτυρος
3611 3844 4074 3909 Χριστοφόρου.

2540 3945 2676 4012 Περὶ
2705 3942 2894 3994 τούτου
2921 3939 3012 3992 τοῦ
3053 3939 3210 4006 ἁγίου
3265 3935 3514 4002 λέγονταί
3549 3951 3668 3985 τινα
3707 3932 3863 4000 παρά
3895 3949 4074 3983 τινων

2469 4033 2748 4105 τερατώδη
2813 4034 2904 4085 καὶ
2958 4031 3264 4099 παράδοξα,
3329 4030 3411 4081 ὅτι
3438 4044 3498 4078 τε
3529 4023 3973 4094 κυνοπρόσωπος
4001 4021 4078 4092 ἦν

2472 4124 2762 4191 πρότερον,
2788 4121 2884 4172 καὶ
2909 4119 3232 4188 ἀνθρώπους
3265 4119 3472 4188 ἣσθιεν,
3524 4115 3750 4183 ὕστερον
3810 4113 3871 4164 δὲ
3924 4118 4081 4182 μετὰ

2472 4218 2532 4266 τὸ
2566 4212 2851 4264 πιστεῦσαι
2887 4210 2965 4280 τῷ
3009 4209 3231 4280 Χριστῷ
3283 4205 3701 4277 μετεμορφώθη.
3770 4205 3893 4257 Οὑκ
3953 4207 4084 4258 ἔστι

2473 4306 2530 4358 δὲ
2564 4305 2753 4356 τοῦτο·
2814 4303 2950 4355 ἀλλά
3000 4319 3145 4363 τινες
3197 4302 3359 4353 αὑτὸν
3390 4299 3561 4362 οὕτως
3593 4298 3934 4363 ὑπενόησαν,
3986 4299 4083 4351 Eii

2476 4398 2536 4448 τὸ
2565 4397 2777 4448 ὲθνικὸν
2809 4391 2946 4447 εἶναι
2971 4397 3064 4446 καὶ⁸
3097 4395 3285 4462 ἄγριον
3316 4393 3412 4445 καὶ
3476 4390 3708 4458 φοϐερόν
3728 4405 3742 4417 ·
3802 4390 3975 4457 ὅμως
4027 4390 4086 4442 δὲ

2477 4486 2544 4560 ἦν
2581 4491 2672 4541 ἐπὶ
2695 4489 2796 4557 τῆς
2850 4487 3127 4556 βασιλείας
3171 4485 3383 4549 Δεκίου,
3444 4488 3537 4534 καὶ
3560 4481 3847 4551 κρατηθεὶς
3880 4485 3945 4534 ἐν
3978 4500 4089 4534 πο-

799 4595 1041 4650 perante,
1077 4597 1128 4642 et
1151 4602 1178 4638 a
1214 4589 1414 4641 comite
1459 4590 1511 4642 in
1547 4591 1734 4657 proelio
1767 4593 2219 4659 comprehensus,
2247 4609 2350 4646 eun

2477 4583 2625 4650 λέμῳ
2664 4579 2815 4650 παρά
2867 4578 2960 4631 τοῦ
3019 4578 3285 4644 κόμητος,
3359 4576 3435 4645 μὴ
3468 4574 3770 4636 δυνάμενος
3827 4571 4092 4641 λαλεῖ-,σαι

802 4676 984 4730 Gncce
1015 4678 1161 4744 loqui
1193 4679 1463 4747 nequiret,
1503 4678 1670 4732 Deum
1713 4682 1926 4749 rogavit
1965 4699 1978 4734 :
2007 4691 2061 4735 et
2091 4684 2294 4737 missus
2325 4685 2371 4737 ei

805 4767 907 4820 iuit
952 4770 1194 4837 angelus,
1254 4770 1556 4837 inquiens:
1605 4769 1929 4826 Coul'ortare
1969 4791 1982 4826 :
2043 4782 2379 4844 tangensque

806 4861 943 4912 labia
1004 4860 1144 4926 ejus,
1194 4859 1358 4923 fecit,
1425 4869 1484 4914 ut
1538 4858 1725 4915 Graece
1773 4861 2111 4931 loqueretur.
2174 4862 2372 4917 Urbem

805 4961 988 5026 itaque
1055 4955 1376 5024 ingressus,
1453 4953 1731 5008 Christum
1804 4954 2155 5023 praedicabat.
2231 4953 2381 5008 Missi

807 5063 988 5106 autem
1027 5053 1310 5112 satellites,
1349 5047 1886 5116 comprehenderunt
1921 5062 2066 5100 eum.
2105 5045 2208 5100 Sed
2258 5063 2384 5101 cum

811 5148 956 5214 virga
991 5145 1164 5214 ipsius
1201 5143 1585 5212 germinasset,
1624 5141 1975 5194 crediderunt
2006 5143 2059 5193 iu
2082 5141 2383 5204 Christum,

811 5249 865 5292 et
889 5254 993 5290 una
1025 5253 1149 5291 cum
1190 5237 1310 5304 ipso
1337 5236 1595 5298 baptizati
1629 5241 1760 5287 sunt
1800 5233 2104 5287 Antiochiae
2135 5246 2163 5284 a
2197 5241 2388 5287 sancto

815 5331 1033 5400 Babyla,
1067 5330 1155 5383 ubi
1184 5338 1236 5381 et
1261 5327 1691 5395 Christophorus
1710 5311 2013 5394 appellatus
2046 5323 2169 5379 iuit.
2196 5324 2387 5379 Postea

817 5427 882 5478 ad
915 5425 1299 5491 imperatorem
1334 5421 1626 5486 adductus,
1667 5421 1903 5488 primum
1928 5418 2170 5486 [quidem
2218 5419 2392 5486 pluri-

819 5518 923 5571 mis
961 5515 1294 5568 cruciatibus
1340 5512 1656 5583 subjicitur,
1691 5528 1755 5565 ac
1810 5511 2026 5563 tandem
2075 5510 2249 5578 capite
2294 5513 2391 5564 oh-

821 5618 1128 5663 trtincaltir.

822 5702 932 5772 90
966 5700 1030 5752 Et
1059 5711 1319 5753 certamen
1348 5709 1652 5822 εαηοὲοηᾶηι
1690 5703 1985 5775 martyrum
2013 5693 2311 5761 Epimaclii,
2346 5707 2395 5748 et

1517 5785 1574 5819 ul‘
1617 5783 1747 5819 iam.

1517 5783 1747 5819 oratam.

899 5864 1246 5940 Epimachus,
1274 5873 1326 5921 et
1356 5861 1668 5920 Gordianus
1705 5859 1910 5919 Christi
1946 5864 2212 5928 martyres
2241 5865 2397 5912 erant

2480 4672 2784 4743 Γραικιστὶ,
2826 4669 3029 4741 ηὑξατο
3079 4669 3158 4738 τῷ
3203 4667 3356 4736 Θεῷ,
3408 4665 3506 4717 καὶ
3566 4664 3848 4733 ἀπεστάλη
3922 4667 4093 4734 αὐτῷ

2481 4770 2732 4838 ἄγγελος,
2763 4768 2966 4836 λέγων·
3009 4765 3287 4832 Ἀνδρίςου
3309 4776 3321 4790 ⁶
3365 4761 3462 4813 καὶ
3496 4759 3774 4828 ἁψάμενος
3801 4757 3928 4810 τῶν
3959 4778 4091 4828 χει-

2482 4863 2620 4914 λέων
2686 4860 2873 4924 αὑτοῦ,
2935 4857 3193 4925 ἐποίησεν
3250 4853 3414 4907 αὑτὸν
3465 4851 3698 4920 λαλῆσαι
3752 4849 4094 4918 Γραικιστί.

2484 4952 2758 5008 Εἰσελθὼν
2783 4948 2877 5005 οὖν
2915 4953 2972 5003 ὲν
2999 4954 3065 5020 τῇ
3106 4949 3283 5009 πόλει,
3344 4945 3610 5015 ἐκήρυττε
3661 4941 3752 4994 τὸν
3801 4941 4096 5012 Χριστόν.

2499 5046 2944 5098 Ἀποστέλλονται
2972 5042 3064 5096 οὑν
3084 5037 3415 5110 στρατιῶται
3437 5034 3711 5106 κρατῆσαι
3743 5032 3950 5087 αὑτόν.
3981 5036 4100 5089 Καὶ

2487 5139 2587 5205 τῆς
2652 5136 2846 5208 ῥάϐδου
2901 5134 3066 5187 αὑτοῦ
3124 5129 3529 5202 βλαστησάσης,
3591 5125 3938 5176 ἐπίστευσαν
4013 5127 4098 5195 τῷ

2491 5230 2734 5297 Χριστῷ,
2757 5230 2850 5280 καὶ
2864 5227 2960 5280 σὺν
2987 5225 3136 5292 αὑτῷ
3159 5219 3511 5292 βαπτίζονται
3533 5219 3590 5267 ἐν
3623 5215 3946 5285 Ἀντιοχείᾳ
3985 5217 4101 5269 ὑπδ

2491 5321 2584 5373 τοὺ
2615 5319 2771 5387 ἀγίου
2803 5318 3044 5379 Βαϐύλα,
3076 5316 3204 5368 ἔνθα
3236 5315 3330 5366 καὶ
3351 5306 3721 5382 Χριστοερόρος
3747 5304 4102 5378 ὠνομάσθη,

2496 5410 2629 5465 Εἶτα
2669 5409 3001 5480 προσαχθεὶς
3060 5408 3139 5476 τῷ
3182 5405 3413 5473 βασιλεῖ,
3448 5401 3545 5454 καὶ
3612 5395 3785 5449 πολλὰ
3851 5396 4101 5464 βασανιο

2496 5505 2643 5567 σθεὶς
2685 5505 2968 5574 πρότερον,
3002 5501 3228 5570 ὕστερον
3256 5492 3689 5563 ἁπεκεςραλίσθη.

2499 5691 2607 5746 Καὶ
2638 5690 2896 5755 ἄθλησις
2925 5687 3043 5742 τῶν
3069 5687 3252 5750 ἁγίων
3270 5683 3584 5755 μαρτύρων
3628 5678 3975 5746 Ἐπιμιὶχα·
4003 5682 4110 5732 καὶ

3098 5754 3452 5822 Γορδιανοῦ.

2571 5852 2872 5925 Ἐπίμαχος
2929 5852 3022 5906 καὶ
3070 5848 3373 5920 Γορδιανὸς,
3431 5846 3481 5900 οἱ
3514 5841 3608 5898 τοῦ
3660 5840 3912 5895 Scuta?)
3965 5844 4118 5912 μάρ-
