4146 6518
143 409 249 472 445

1647 410 1912 473 MAIUS.

3286 423 3396 485 “6

142 541 327 595 τυρςς,
358 524 608 595 ὐπηρχον
631 540 694 578 εκ
721 526 820 592 τῆς
855 525 1102 593 μεγάλης
1144 524 1239 576 καὶ
1276 524 1508 585 παλαιᾶς
1585 523 1718 576 Ῥώ-

1824 543 1888 582 ex
1934 542 2132 598 magna
2182 538 2238 585 et
2268 531 2491 601 antiqua
2532 531 2722 589 Roma.
2765 535 2903 591 Cum
2946 547 3080 590 vero
3108 534 3394 592 Christum

144 631 285 683 μηςο
324 615 415 668 διά
450 616 505 668 δὲ
536 615 600 667 τὸ
631 616 722 668 τδν
746 616 980 684 Χριστὸν
1011 615 1318 686 ὁμολογεῖν,
1355 612 1718 683 κρατηθέντες

140 708 243 760 ὕπὸ
270 709 385 761 τῶν
414 707 838 775 είδωλολατρῶν,
876 707 1259 776 παρεδόθησαν
1288 708 1365 776 τῷ
1404 706 1503 775 τῆς
1531 705 1717 775 χώρας

136 798 402 866 ιπάρχῳ·
438 796 534 849 καὶ
562 798 1105 864 καταναγκασθέντες
1133 797 1472 866 ἀρνήσασθαι
1500 796 1598 865 μὲν
1630 796 1719 847 τὸν

136 891 402 959 Χριστὸν,
440 889 603 943 θῦσαι
644 890 702 943 δὲ
730 892 845 953 τοῖς
874 889 1135 953 εἰδώλοις,
1176 890 1272 943 καὶ
1335 891 1411 959 μὴ
1462 889 1718 942 πεισθέν-

132 1000 241 1044 τες,
282 982 607 1050 ὲτύφθησαν
659 983 904 1052 σφοδρῶς
929 998 943 1012 ’
1006 982 1099 1035 καὶ
1135 983 1536 1053 κρεμασθέντες
1560 1021 1575 1043 ,
1606 982 1720 1044 ἐξέ-

137 1071 356 1139 σθησαν
390 1073 528 1140 μετά
575 1071 811 1141 σιδηρῶν
839 1072 1069 1141 ὀνύχων.
1108 1067 1242 1125 Είτα
1294 1073 1406 1125 ἀπὸ
1463 1072 1571 1124 τῶν
1628 1070 1720 1136 ξύ-

143 1162 249 1213 λων
279 1162 813 1223 καταδιδασθέντες,
837 1163 1278 1233 ἀπεκλείσθησαν
1316 1166 1394 1225 είς
1448 1163 1718 1233 φυλακὴν,

131 1252 399 1313 λαϐόντες
435 1253 630 1323 καιρὸν
679 1254 1038 1323 προθεσμίας·
1067 1256 1214 1317 ὅπως
1247 1255 1719 1325 μεταμεληθέντες

134 1347 403 1413 ζήτώσιν.
458 1346 520 1396 Oi
574 1345 630 1397 δὲ
683 1348 777 1398 καὶ
840 1348 899 1397 ἐν
954 1349 1018 1415 τῇ
1077 1347 1291 1417 φυλακῇ
1361 1348 1531 1411 ὄντες,
1620 1348 1718 1400 οὐκ

134 1438 408 1489 tui-amre
436 1436 531 1488 τοῦ
556 1436 978 1506 προσεύχεσθαι,
1008 1439 1099 1490 καὶ
1120 1440 1461 1509 εὐχαριστεῖν
1482 1438 1556 1508 τῷ
1575 1439 1714 1507 Θεῷ,

131 1529 208 1578 ὅτι
244 1527 677 1597 κατηξιώθησαν
710 1530 850 1601 ὑπὲρ
886 1530 1050 1583 αὐτοῦ
1113 1532 1497 1598 ἀγωνίζεσθαι.
1566 1532 1718 1585 Μετά

131 1622 180 1671 δέ
218 1638 379 1681 τινας
413 1620 627 1691 ἡμέρας
674 1622 835 1674 πάλιν
898 1622 1251 1692 ὲκὸληθέντες
1306 1625 1402 1693 τῆς
1448 1625 1715 1692 φυλακῆς,

133 1712 227 1761 καὶ
258 1709 392 1761 πολ)
406 1713 493 1770 αῖς
522 1712 615 1763 καὶ
651 1711 927 1783 διαφόροις
980 1712 1234 1781 βασάνοις
1298 1714 1713 1782 ὑποϐληθέντες,

134 1804 274 1870 ξίφει
313 1805 417 1865 τὰς
475 1804 624 1872 ἱεράς
684 1802 865 1856 αὐτῶν
910 1805 1148 1873 κεφαλὰς
1183 1806 1602 1875 ἀπετμήθησαν.

130 1918 235 1971 Kal
273 1917 543 1982 ἄθλησις
576 1916 681 1986 τοῦ
717 1916 887 1983 ἁγίου
915 1914 1216 1985 μάρτυρος
1256 1920 1574 1986 Κοὸμὶτου,
1611 1920 1709 1972 καὶ

594 1985 705 2054 τῆς
731 1987 1021 2051 συνοδίας
1045 1990 1252 2042 αὑτοῦ.

197 2126 516 2193 Κοδρᾶτος,
562 2126 589 2177 6
624 2123 717 2175 τοῦ
771 2124 1010 2193 Χριστοῦ
1071 2124 1303 2195 μάρτυς,
1348 2126 1594 2197 ὑπῆρχεν
1624 2128 1716 2181 ἐπὶ

128 2218 227 2283 τῆς
268 2216 556 2286 βασιλείας
586 2216 776 2267 Δεκίου
811 2217 904 2268 καὶ
957 2218 1341 2286 Οὐαλεριανοῦ,
1381 2221 1437 2271 ὲν
1466 2220 1715 2288 Νικομη-

130 2310 245 2379 ὃεία
292 2311 364 2379 τῇ
413 2308 601 2359 πόλει·
637 2308 723 2361 διὰ
773 2309 831 2359 δὲ
883 2308 982 2378 τὴν
1028 2312 1107 2372 είς
1158 2311 1390 2380 Χριστὸν
1430 2311 1718 2381 ὁμολογίαν

132 2402 433 2470 κρατηθεὶς
479 2400 584 2451 ὐπὸ
637 2401 743 2451 τῶν
812 2400 1101 2470 Ἑλλήνων,
1139 2404 1279 2470 μετά
1334 2407 1433 2471 τῆς
1476 2404 1717 2466 συνοδίας

133 2492 325 2553 αὐτοῦ,
388 2490 536 2560 ἤχθη
588 2492 809 2559 δέσμιος
863 2494 957 2544 καὶ
1010 2494 1279 2564 παρεδόθη
1341 2495 1419 2565 τῷ
1464 2496 1565 2566 τῆς
1622 2496 1719 2549 πό-

131 2584 268 2643 λεως
337 2584 683 2651 ἀνθυπάτῳ·
745 2584 836 2635 καὶ
881 2584 1199 2653 ἐρωτηθεὶς,
1233 2585 1550 2659 ὡμολόγησε
1584 2589 1721 2660 παῤ-

133 2674 301 2745 ρηαξᾳ
335 2675 433 2726 τὸν
463 2676 717 2745 Χριστόν.
765 2675 1067 2742 ’Δπλωθεὶς
1129 2674 1222 2732 οὖν
1253 2682 1392 2734 κατά
1420 2680 1544 2749 γῆν,
1593 2679 1719 2735 h6-

134 2766 241 2833 φθη
306 2764 633 2834 βουνεύροις
694 2765 907 2834 ξηροτςσ
976 2768 1071 2819 καὶ
1124 2767 1376 2837 αίμάτων
1427 2769 1718 2842 πληρώσας

132 2860 226 2927 τὴν
256 2858 392 2927 γῆν,
423 2860 500 2926 τῷ
528 2858 887 2927 δεσμωτηρίῳ
905 2859 1197 2928 παρεδόθη.
1234 2855 1365 2913 Εἶτα
1387 2863 1464 2922 εἰς
1486 2862 1719 2915 Νίκαιαν

132 2952 324 3019 ἀχθεὶς
367 2951 521 3020 παρὰ
552 2951 646 3002 τοῦ
702 2950 1035 3015 ἀνθυπάτου,
1072 2952 1411 3022 ἐτιμωρήθη.
1440 2954 1606 3018 Τινάς
1662 2955 1718 3007 δὲ

134 3044 485 3111 φοϐηθέντας
512 3043 610 3104 τὰς
669 3042 940 3106 κολάσεις,
981 3042 1339 3112 βουλομένους
1394 3045 1576 3111 θῦσαι,
1627 3048 1718 3099 τὸν

134 3136 300 3202 φόϐον
332 3136 478 3188 Θεοῦ
520 3137 862 3205 ὑπομνήσας,
896 3137 1181 3207 ἐστήριξεν
1203 3156 1217 3168 ·
1246 3138 1338 3201 οὓς
1364 3143 1449 3203 είς
1478 3141 1589 3212 πῦρ
1617 3146 1717 3210 ἐμ-

136 3228 320 3277 ϐαλὼν
359 3228 387 3279 6
420 3226 733 3288 ἀνθύπατος
766 3227 1015 3281 ἔκαυσεν.
1059 3228 1116 3280 ὐ
1174 3230 1227 3281 δὲ
1284 3232 1557 3300 Κοδρᾶτος
1614 3235 1720 3287 ἀπὸ

134 3320 349 3380 πόλεως
388 3320 469 3381 είς
502 3318 659 3371 πόλιν
692 3322 1087 3387 περιαγόμενος
1111 3322 1202 3373 καῖ.
1252 3324 1431 3385 πάσας
1482 3328 1595 3388 τοῖς
1628 3328 1715 3379 αῖ-

138 3427 271 3475 μασι
304 3409 691 3474 καθαγιάζων,
726 3409 824 3480 τὴν
861 3411 1222 3480 Ἐρμούπολιν
1250 3414 1594 3482 καταλαϐὼν,
1619 3419 1719 3486 τὴν

134 3502 383 3570 κεεςαλὴν
413 3502 735 3570 ἀπετμήθη.

678 3616 857 3670 1mm
894 3617 977 3685 Τῼ
1008 3618 1209 3688 arm.

932 3710 965 3761 ι,

283 3802 587 3865 Ἀθλησις
615 3796 717 3851 τοῦ
744 3799 911 3867 ἁγίου
934 3798 1234 3870 μάρτυρος
1268 3804 1574 3875 Ἠσυχίου.

218 3937 510 4006 Ἦσύχιος,
543 3937 571 3988 6
603 3933 694 3986 τοῦ
722 3934 957 4004 Χριστοῦ
994 3936 1223 4005 μάρτυς,
1255 3932 1322 4008 ἦν
1356 3940 1454 4009 μὲν
1486 3944 1577 3994 ἐπὶ
1604 3945 1725 3997 Ma-

142 4029 399 4102 ξιμιανοῦ
453 4026 550 4080 τοῦ
578 4026 862 4095 βασιλέωςο
892 4028 1107 4095 πρῶτος
1135 4029 1227 4081 τοῦ
1253 4030 1514 4084 παλατίου
1551 4034 1724 4105 ὐπάρ-

138 4141 267 4194 χων,
295 4123 397 4174 καὶ
426 4121 531 4187 τὴν
562 4117 718 4181 ἀξίαν
748 4118 1048 4187 μάγιστρος
1068 4136 1081 4150 ·
1118 4119 1491 4193 ὲνἈντιοχείᾳ
1526 4124 1580 4176 δὲ
1608 4125 1723 4178 δια-

137 4214 341 4285 τρίϐων
383 4213 413 4263 6
464 4207 833 4276 Μαξιμιανὸς,
895 4210 1196 4278 προσέταξε
1263 4213 1586 4282 Χριστιανὸν
1651 4218 1724 4287 μὴ

140 4302 583 4373 στρατεύεσθαι⁸
616 4300 752 4353 ἀλλά
777 4301 902 4363 τοὺς
935 4299 1291 4369 βουλομένους
1326 4305 1562 4374 Χριστὸν
1591 4309 1723 4377 ὁμο-

138 4398 338 4463 ὶθγεῖν,
373 4394 544 4446 λῦσαι
578 4392 677 4453 τὰς
722 4392 918 4454 ζώνας,
950 4390 1043 4444 καὶ
1072 4393 1385 4446 ἰδιωτεύειν.
1434 4397 1542 4448 Καὶ
1592 4399 1723 4449 πολ-

137 4489 243 4539 λῶν
278 4484 568 4554 ἑλομένων
618 4483 709 4534 τὸν
738 4482 922 4543 ἄδοξον
981 4483 1181 4551 μᾶλλον
1240 4485 1438 4555 βίον,ἢ
1502 4488 1603 4556 τὴν
1665 4491 1723 4541 ἐν

139 4580 371 4645 ἀπολεία
407 4574 605 4646 τιμὴν,
638 4569 717 4634 εἷς
738 4573 941 4625 τούτων
964 4574 1154 4641 γέγονε
1178 4578 1269 4627 καὶ
1299 4579 1328 4628 6
1356 4573 1528 4646 μέγας
1570 4580 1727 4632 Ἱ-Ῐσύ-

142 4690 269 4738 μσς,
308 4671 427 4725 Καὶ
476 4667 640 4718 τοῦτο
694 4665 856 4731 γνοὺς
886 4667 913 4717 6
955 4664 1229 4732 βασιλεὺς,
1270 4669 1519 4729 ἐξέδυσεν
1566 4672 1729 4723 αὐτὸν

141 4765 202 4814 τᾶ
232 4760 520 4825 πολυτελῆ
555 4758 767 4825 ἱμάτια,
809 4757 903 4807 καὶ
945 4755 1168 4819 ὲνδύσας
1198 4758 1444 4811 κολὸδιον
1466 4761 1726 4831 τρίχινον,

148 4854 275 4919 μετά
304 4850 421 4901 τῶν
458 4846 741 4915 γυναικῶν
769 4848 1052 4918 κατέκρινε
1073 4850 1400 4914 συνδιάγειν.
1436 4852 1548 4903 Καὶ
1580 4855 1721 4921 μετά

140 4961 284 5007 tam;
346 4943 575 5009 ἡμέρας
628 4939 1140 5007 προσκαλεσάμενος
1186 4942 1369 5003 αὐτὸν,
1403 4944 1543 5014 ἔφη*
1594 4947 1727 4999 Εἰπέ

149 5056 246 5102 μοιν
291 5036 557 5102 ﬁctilis,
620 5034 668 5084 εί
724 5033 824 5083 οὐκ
882 5032 1113 5103 αἰσχύνῃ
1169 5036 1225 5085 ὲν
1264 5036 1458 5107 ἀτιμίᾳ
1505 5039 1726 5111 τοιαύτῃ

143 5129 379 5195 adfare;
431 5126 499 5178 '0
530 5123 587 5175 δὲ
618 5118 798 5173 εἶπεν·
842 5123 904 5173 Ἠ
936 5123 1084 5193 παρά
1120 5124 1212 5177 σοῦ
1233 5126 1365 5195 τιμὴ
1394 5128 1728 5200 πρόσκαιρός

141 5222 268 5273 ἐστι.
302 5218 451 5271 Τότε
488 5214 641 5265 λίθον
679 5214 902 5282 μυλικὺν
952 5217 1262 5285 προσδήσας
1300 5218 1465 5270 αὐτοῦ
1490 5221 1567 5289 τῷ
1594 5239 1727 5291 τρα-

142 5312 281 5379 χήλῳ
327 5312 359 5361 6
406 5305 693 5375 βασιλεὺς,
728 5304 953 5375 ἔρριψεν
979 5309 1037 5358 ὲν
1063 5308 1142 5377 τῷ
1186 5307 1423 5380 Ὀρώντῃ
1472 5314 1724 5381 ποταμῷ,

142 5402 259 5451 ξιθα
286 5400 391 5451 καὶ
419 5398 486 5449 ea
529 5397 798 5464 μακάριον
837 5395 1057 5459 ἐδέξατο
1088 5397 1260 5461 τέλος,
1304 5401 1595 5455 ἀπολαϐὼν
1623 5402 1722 5472 βα-

143 5493 341 5544 σῖλείαν
378 5487 662 5557 οὐρανῶν.
1176 5482 1179 5485 λ

140 5629 240 5683 Καὶ
268 5625 487 5695 μνήμη
524 5622 634 5675 τοῦ
663 5623 837 5675 ὁσίου
870 5625 1090 5695 Πατριλς
1120 5624 1287 5692 ἡμῶν
1327 5626 1602 5695 Ἠσυχίου
1622 5630 1725 5683 τοῦ

731 5694 1121 5761 όμολογητοῡ.

210 5809 377 5876 nitro;
412 5808 645 5877 ὑπῆρχε
676 5805 777 5875 μιν
812 5808 877 5859 ὲκ
910 5809 1007 5878 τῆς
1038 5808 1222 5879 χώρας
1255 5810 1366 5863 τῶν
1435 5812 1718 5883 ’Δριιενιω

1820 621 2226 691 proﬁterentur,
2259 624 2639 692 comprehensi
2686 626 2755 680 ab
2786 626 3090 682 idololatria
3145 636 3297 691 sunt,
3337 638 3396 682 et

1819 713 2058 782 regionis
2102 715 2312 780 praesidi
2358 717 2565 777 traditi,
2600 717 2668 769 ab
2706 732 2881 787 eoque
2909 718 3180 787 compulsi
3224 716 3393 772 Chri-

1822 816 1966 860 stum
1997 805 2288 874 abnegare,
2312 816 2367 859 et
2396 805 2553 862 idolis
2584 809 2914 863 sacriﬁcare.
2939 808 3141 863 Verum
3176 824 3299 863 cum
3337 806 3392 861 id

1821 912 1881 951 se
1906 896 2149 951 facturos
2194 906 2474 967 negarent,
2507 899 2768 955 atrociter
2815 907 2945 953 sunt
2980 900 3108 954 caesi
3139 918 3153 952 :
3187 899 3387 954 deinde

1822 987 1875 1041 in
1904 989 2198 1057 equuleum
2230 991 2505 1059 suspensi,
2537 1002 2591 1044 et
2634 991 2827 1045 ferreis
2862 991 3084 1060 ungulis
3117 991 3390 1047 dilaniati.

1822 1082 1942 1137 Mos
1990 1099 2020 1138 e
2058 1082 2216 1153 lignis
2263 1084 2520 1151 depositi,
2571 1084 2625 1139 in
2666 1100 2942 1140 carcerem
2996 1084 3387 1146 detruduntur,

1822 1185 2029 1230 statuto
2061 1178 2141 1229 eis
2192 1186 2455 1245 tempore,
2500 1194 2608 1245 quo
2653 1180 2697 1230 si
2753 1179 3159 1247 resipiscerent,
3210 1178 3394 1229 vivere

1820 1279 2061 1339 possent.
2093 1269 2173 1322 illi
2213 1284 2343 1323 vero
2374 1271 2428 1323 in
2470 1285 2688 1323 carcere
2712 1271 2939 1332 detenti,
2970 1285 3248 1339 nunquam
3281 1267 3394 1322 Deo

1819 1376 2009 1430 preces
2048 1360 2266 1425 offerre,
2298 1359 2457 1429 eique
2484 1360 2687 1428 gratias
2720 1376 2879 1430 agere
2900 1372 3205 1415 cessarunt.
3241 1360 3393 1425 Quo—

1819 1456 1965 1509 circa
2011 1452 2159 1523 digni
2211 1452 2381 1507 habiti
2454 1464 2579 1507 sunt
2631 1463 2907 1507 certamen
2956 1462 3179 1520 propter
3212 1453 3390 1518 ipsum

1820 1548 2024 1601 subire.
2078 1545 2207 1601 Post
2249 1547 2455 1614 aliquot
2510 1556 2691 1599 autem
2739 1547 2857 1600 dies
2886 1546 3065 1601 denuo
3097 1560 3128 1599 e
3173 1558 3393 1598 carcere

1820 1636 2021 1697 educti,
2046 1644 2099 1687 et
2131 1636 2383 1703 plurimis
2409 1636 2748 1705 diversisque
2776 1636 3008 1705 subjecti
3034 1634 3388 1695 cruciatibus,

1823 1727 1998 1797 gladio
2033 1726 2340 1779 obtruncati
2368 1735 2515 1779 sunt.

1824 1938 1889 1991 Et
1939 1948 2202 1991 certamen
2240 1935 2411 1987 sancti
2454 1931 2708 2011 martyris
2757 1928 3000 1991 Codrati,
3032 1911 3080 1980 et
3128 1926 3389 1977 socioru‘m

2536 2017 2671 2071 ιψιε.

1891 2144 2162 2198 Codratus
2192 2140 2391 2194 Christi
2424 2147 2629 2206 martyr
2648 2137 2772 2197 fuit,
2797 2132 3193 2203 imperantibus
3227 2128 3390 2182 Decio

1822 2251 1875 2295 et
1906 2238 2212 2298 Valeriano,
2254 2236 2307 2288 in
2355 2233 2490 2287 urbe
2531 2230 2871 2285 Nicomedia.
2905 2227 3134 2295 Pr0pter
3183 2222 3389 2277 Christi

1823 2343 2005 2388 autem
2058 2328 2461 2385 confessionem
2514 2324 2582 2378 ab
2623 2322 2859 2377 ethnicis
2913 2317 3387 2387 comprehensus,

1822 2443 1928 2481 una
1956 2440 2081 2479 eum
2118 2422 2283 2478 sociis
2317 2420 2537 2472 vinctus
2567 2416 2880 2477 adducitur,
2909 2421 2965 2466 et
2998 2411 3212 2465 sistitur
3251 2408 3389 2459 civi-

1821 2518 1952 2572 tatis
1984 2510 2317 2586 prOCOnsuli.
2349 2508 2595 2577 Cumque
2632 2507 3001 2571 interrogatus
3028 2510 3193 2564 esset,
3225 2498 3390 2551 libere

1817 2605 2096 2662 Christum
2123 2601 2407 2673 professus
2437 2605 2541 2653 est.
2575 2596 2754 2662 Quare
2782 2594 2836 2648 in
2869 2602 3072 2648 terram
3103 2597 3388 2651 extensus,

1820 2698 1993 2757 aridis
2048 2696 2212 2750 boum
2282 2691 2467 2747 nervis
2521 2690 2747 2745 emititur
2810 2700 2827 2740 :
2873 2697 3108 2753 cumque
3162 2681 3388 2735 humum

1820 2788 2089 2858 sanguine
2138 2799 2241 2841 suo
2295 2782 2601 2854 irrigasset,
2643 2780 2697 2835 in
2750 2792 3028 2833 carcerein
3080 2772 3388 2842 conjicitur.

1822 2882 2026 2936 Deinde
2086 2875 2322 2931 Nicaeam
2381 2888 2409 2927 a
2472 2858 2805 2942 proconsule
2864 2869 3152 2930 abductus.
3209 2865 3393 2921 denuo

1824 2968 2111 3025 iormentis
2137 2966 2447 3035 subjicitur.
2500 2965 2635 3019 Cum
2665 2978 2791 3017 vero
2830 2959 3075 3014 nonnulli
3121 2966 3390 3013 tormenta

1814 3061 2234 3115 euimescerent
2266 3100 2282 3126 ,
2341 3066 2512 3126 atque
2559 3054 2721 3108 idolis
2779 3051 3092 3107 sacriﬁcare
3147 3050 3391 3113 vellent,

1823 3154 2076 3206 timorem
2099 3197 2105 3201 .
2128 3149 2224 3203 Dei
2257 3147 2310 3202 in
2344 3157 2578 3201 mentem
2619 3146 2689 3199 iis
2729 3157 3017 3205 revocans,
3048 3139 3395 3197 conﬁrmavit

1823 3260 1954 3299 eos:
1987 3257 2123 3311 quos
2153 3239 2448 3310 proconsul
2483 3237 2719 3292 ﬂammis
2754 3235 2892 3289 tradi
2915 3233 3099 3300 jussit.
3125 3232 3394 3285 Codratus

1821 3344 2004 3389 autem
2050 3349 2112 3386 ex
2167 3331 2303 3385 urbe
2348 3332 2401 3385 in
2447 3331 2637 3384 urbem
2679 3327 3105 3386 circumductus,
3131 3337 3256 3376 cum
3299 3334 3396 3373 cas

1822 3442 2013 3480 omnes
2047 3425 2314 3493 sanguine
2344 3438 2444 3477 suo
2473 3430 2869 3479 cousecrasset,
2909 3416 3124 3470 tandem
3162 3412 3390 3465 Hermo-

1823 3520 1988 3588 polim
2018 3519 2182 3580 venit,
2222 3517 2405 3584 ibique
2453 3517 2627 3583 capite
2657 3514 3016 3565 obtruncatus
3050 3508 3172 3562 fuit.

2351 3626 2581 3683 EODEM
2622 3624 2873 3679 MENSE.

2422 3721 2520 3774 Die
2559 3720 2770 3773 decima

2001 3821 2107 3891 91
2142 3817 2417 3873 Certamen
2453 3813 2621 3867 sancti
2656 3810 2904 3880 Hesychii
2942 3809 3215 3878 martyris.

1898 3950 2199 4021 Hesychius
2228 3948 2434 4003 Christi
2472 3956 2677 4016 martyr
2715 3944 2839 4006 fuit,
2867 3944 3195 3997 Maximiano
3225 3943 3395 4011 impe-

1825 4052 2027 4108 ratore,
2084 4041 2296 4110 primus
2336 4040 2389 4092 in
2447 4038 2675 4107 palatio,
2718 4052 2781 4090 ac
2820 4035 3081 4104 dignitate
3118 4034 3393 4099 magister.

1824 4134 1962 4189 Cum
2012 4142 2193 4187 autem
2230 4132 2595 4185 Maximianus
2648 4129 2952 4183 Antiochia:
2983 4127 3225 4196 degeret,
3259 4141 3399 4194 pra:-

1827 4225 1993 4292 cepit,
2047 4238 2113 4276 ne
2157 4222 2455 4275 Christiani
2504 4220 2823 4283 militarent,
2858 4219 2952 4273 sed
2981 4220 3073 4287 qui
3112 4217 3391 4271 Christum

1827 4315 2069 4384 proﬁteri
2133 4313 2355 4379 vellent,
2407 4313 2683 4381 cingulum
2738 4312 3061 4375 solverent,
3119 4310 3396 4375 vitamque

1829 4409 2094 4477 privatam
2130 4414 2371 4473 agerent.
2399 4404 2549 4457 Multi
2574 4404 2738 4473 igitur
2771 4405 3057 4468 ingloriam
3095 4402 3258 4453 vitam
3290 4399 3394 4451 sibi

1829 4499 2009 4566 potius
2048 4500 2349 4562 elegerunt,
2398 4509 2563 4561 quam
2629 4496 2681 4544 in
2747 4492 3047 4559 perditione
3106 4491 3394 4542 honorem.

1834 4590 1909 4643 Ex
1968 4604 2200 4658 quorum
2257 4601 2485 4640 numero
2537 4583 2639 4637 fuit
2697 4593 2747 4637 et
2801 4599 3029 4651 magnus
3072 4579 3394 4650 Ilesycltius.

1833 4682 1986 4745 Quod
2020 4682 2107 4734 ubi
2161 4680 2455 4748 imperator
2480 4676 2767 4734 intellexit,
2804 4676 2954 4727 exuit
2984 4689 3106 4727 eum
3145 4669 3399 4741 pretiosis

1832 4775 2099 4837 vestibus,
2154 4782 2207 4825 et
2269 4770 2486 4825 eolobio
2526 4769 2745 4822 cilicino
2794 4769 3040 4821 indutum
3086 4766 3258 4834 jussit
3287 4778 3397 4820 una

1831 4880 1955 4919 cum
2005 4861 2329 4915 mulieribus
2370 4857 2590 4927 de'gere.
2641 4860 2770 4912 Post
2810 4858 3018 4927 aliquot
3050 4865 3233 4910 autem
3277 4854 3397 4910 dies

1832 4959 1981 5010 illum
2028 4966 2316 5007 accersens
2360 4968 2375 5004 :
2425 4950 2636 5015 Nonne,
2673 4950 2872 5018 inquit,
2904 4947 3071 5018 pudet
3119 4956 3191 5009 te,
3221 4944 3397 5016 Hesy-

1831 5048 1958 5111 chi,
2014 5045 2067 5098 in
2128 5042 2220 5098 tali
2277 5040 2577 5113 ignominia
2638 5038 2885 5101 versari}
2942 5038 3011 5092 At
3063 5037 3189 5102 ille,
3244 5035 3399 5091 Tuus

1832 5138 2030 5197 honor,
2056 5135 2325 5206 reposuit,
2360 5132 2427 5190 ad
2468 5142 2682 5202 tempus
2718 5131 2900 5186 durat.
2934 5129 3071 5185 Tum
3118 5143 3246 5183 vero
3294 5129 3399 5181 im-

1830 5236 2049 5295 perator
2078 5222 2338 5279 molarem
2378 5222 2611 5293 lapidem
2661 5222 2726 5276 ad
2762 5222 2961 5277 collum
3004 5220 3123 5287 ejus
3164 5219 3395 5289 alligari,

1832 5318 2119 5384 ipsumque
2168 5316 2221 5367 in
2272 5311 2531 5367 Orontem
2574 5312 2795 5364 ﬂuvium
2841 5309 3034 5378 projiei
3070 5306 3254 5375 jussit,
3306 5305 3396 5360 ubi

1830 5418 1881 5460 et
1935 5407 2149 5459 beatum
2208 5407 2369 5458 linem
2419 5404 2649 5472 accepit,
2678 5416 2905 5471 regnum
2946 5399 3209 5453 caelorum
3264 5397 3395 5452 ade-

1830 5511 1974 5568 plus.

1836 5628 1896 5681 Et
1946 5632 2195 5683 memoria
2234 5633 2405 5685 sancti
2460 5630 2643 5684 Patris
2688 5633 2853 5685 nostri
2895 5630 3136 5697 Hesychii
3188 5625 3396 5694 confes-

2536 5720 2690 5755 εοηδ.

1903 5816 2001 5873 llic
2030 5818 2127 5872 fuit
2168 5834 2229 5873 ex
2272 5819 2484 5890 regione
2522 5818 2987 5875 Armeniacorum.
3023 5815 3260 5888 Cupiens
3288 5828 3388 5869 au-
