4146 6518
143 385 248 455 “9

688 494 866 548 nam
904 496 990 566 Τῼ
1022 495 1224 565 arra.

893 589 979 640 ΑΡ

151 703 210 756 Ἡ
232 702 575 769 ἀνάμνησις
610 701 714 755 τοῦ
740 703 1051 770 γενεθλίου
1081 701 1195 768 τῆς
1231 705 1720 758 Κωνσταντινου·

807 773 1064 835 πόλεως.

204 888 337 940 Ὅτε
367 885 465 955 τὴν
479 886 572 938 τοῦ
600 886 870 948 Βύζαντος
901 885 1057 938 πόλιν
1081 887 1108 938 ὁ
1134 887 1325 954 Μέγας
1356 888 1412 938 ὲν
1445 885 1722 955 βασιλεῦσι

142 979 232 1030 καὶ
294 975 836 1047 Χριστιανικὼτατος
891 977 1306 1038 Κωνσταντῖνος
1364 976 1568 1044 λαϐὼν,
1627 978 1723 1030 καὶ

138 1068 333 1130 κτίσας
365 1068 546 1136 πολλῷ
572 1068 818 1138 μείζονα,
860 1070 955 1121 καὶ
985 1071 1065 1131 είς
1091 1071 1152 1122 τὸ
1180 1069 1346 1122 αὑτοῦ
1397 1070 1567 1140 δνομα
1620 1071 1722 1142 τὴν

136 1158 331 1224 κλῆσιν
361 1157 535 1225 αὐτῆς
566 1157 930 1227 μεταμείψας,
959 1161 1079 1212 ἀντὶ
1102 1159 1396 1223 Βυζαντίου
1430 1163 1722 1214 Κωνσταν-

136 1252 453 1304 τινούττυλιν
477 1251 753 1320 ὠνόμασε,
785 1254 922 1322 μετὰ
956 1252 1018 1304 τὺ
1049 1253 1450 1322 συμπληρῶσαι
1503 1257 1564 1305 τὸ
1612 1255 1723 1305 tsi-

135 1362 243 1413 χος,
281 1345 505 1406 καὶτὰς
543 1347 602 1396 ἐν
632 1345 782 1412 αὐτῷ
805 1346 1069 1415 οἰκήσεις,
1097 1346 1188 1398 καὶ
1218 1347 1316 1407 τὰς
1341 1346 1491 1414 ἱερὰς
1527 1345 1726 1414 ἐκκλη-

137 1439 272 1500 σίας,
338 1435 565 1497 ἀναθεὶς
634 1435 839 1506 ταύτην
892 1439 957 1507 τῇ
1037 1437 1382 1506 ὑπερενδόξῳ
1450 1437 1720 1506 Δεσποίνῃ

133 1529 288 1596 ἡμῶν
315 1528 570 1596 θεοτὸκῳ
601 1528 697 1579 καὶ
740 1525 1111 1596 Ἀειπαρθένῳ
1146 1527 1356 1597 Μαρίᾳ,
1407 1526 1719 1595 κατεξαίρε-

133 1637 216 1670 τον
247 1619 598 1688 εὐχαριστῶν
625 1619 742 1688 ἅμα
769 1618 846 1688 τῷ
877 1621 1166 1690 ἁγιωτάτῳ
1218 1624 1560 1693 πατριάρχῃ⁹
1626 1622 1723 1673 xz}.

132 1712 203 1780 τῷ
241 1713 460 1781 κλήρῳ,
491 1712 587 1765 καὶ
613 1712 690 1780 τῷ
712 1711 848 1782 λαῷ,
885 1713 1216 1775 λιτανεύσας
1242 1713 1473 1782 ἀνῆλθεν
1526 1715 1582 1764 ὲν
1645 1711 1721 1782 τῷ

1662 382 1926 444 MAIUS.

3303 382 3411 446 450

2355 492 2586 548 EODEM
2629 490 2876 548 MENSE.

2395 585 2491 640 Die
2524 585 2813 638 undecima

1897 699 2003 768 93
2049 697 2494 752 Commemoratio
2560 697 2758 752 natalis
2787 695 3336 766 Constantinopoleos.

1901 875 2040 931 Cum
2081 877 2354 932 maximus
2379 877 2773 946 imperatorum
2819 885 2874 932 et
2903 877 3412 934 Christianissimus

1826 966 2226 1023 Constantinus
2283 968 2473 1022 urbem
2513 967 2758 1038 Byzantii
2802 967 3127 1036 accepisset,
3176 982 3411 1037 eamque

1826 1062 1998 1116 multo
2033 1063 2320 1130 majorem,
2356 1077 2519 1131 quam
2552 1071 2690 1126 erat,
2733 1061 3077 1124 aediﬁcasset,
3125 1061 3414 1129 imposito-

1826 1167 1933 1219 que
1974 1154 2196 1221 pmprio
2244 1154 2466 1207 nomine
2509 1169 2607 1222 pro
2641 1154 2903 1223 Byzantio
2933 1153 3410 1222 Constantinopo-

1827 1244 1920 1298 lim
1959 1245 2309 1314 appellasset,
2343 1255 2631 1314 postquam
2670 1246 2871 1298 moenia
2901 1245 3156 1309 absolvit,
3186 1255 3413 1300 exstru-

1827 1343 2024 1404 ctaque
2061 1335 2114 1388 in
2155 1336 2222 1389 iis
2283 1336 2538 1401 aedilicia,
2589 1346 2646 1389 et
2703 1350 2892 1389 sacras
2938 1335 3236 1401 ecclesias,
3287 1349 3410 1390 eam

1828 1428 2100 1481 dedicavit
2145 1427 2557 1494 gloriosissima:
2608 1427 2855 1482 Domina:
2905 1437 3108 1482 nostra:
3160 1427 3408 1496 Deipara:

1826 1509 2154 1590 semperque
2200 1521 2395 1589 virgini
2457 1520 2662 1588 Mariae,
2713 1525 2922 1592 gratias
2967 1539 3132 1592 snpra
3183 1525 3409 1576 modum

1828 1631 1994 1684 agens
2047 1632 2060 1668 :
2113 1624 2167 1669 et
2223 1629 2329 1668 una
2396 1628 2522 1669 cum
2566 1616 2914 1669 sanctissimo
2970 1615 3304 1685 patriarcha,
3354 1623 3411 1668 et

1826 1712 1994 1775 clero,
2017 1726 2078 1764 ac
2101 1711 2302 1780 populo
2325 1709 2724 1778 supplicatione
2743 1709 2904 1772 facta,
2927 1709 3087 1762 rediit
3112 1709 3176 1762 ad
3192 1697 3408 1761 lorum:

138 1806 310 1872 ςόρῳ,
347 1807 406 1856 ἐν
436 1797 480 1870 ᾧ
507 1804 605 1873 τὴν
641 1803 804 1854 αὑτοῦ
844 1805 1044 1874 στήλην
1067 1806 1113 1856 οἱ
1147 1804 1363 1857 πολῖται
1397 1804 1719 1874 ἀνέστησαν,

1830 1805 1882 1858 in
1927 1819 2034 1873 quo
2065 1805 2211 1858 cives
2251 1803 2568 1856 columnam
2596 1803 2769 1870 ipsius
2804 1807 3118 1864 erexerunt,
3152 1799 3205 1854 in
3232 1800 3410 1868 capite

134 1896 415 1962 φέρουσαν
451 1896 577 1955 τοὺς
632 1893 820 1960 ἁγίους
848 1893 942 1945 τοῦ
976 1893 1215 1964 Χριστοῦ
1251 1895 1345 1945 καὶ
1375 1893 1511 1945 Θεοῦ
1567 1894 1723 1961 ὴμῦυν

131 1987 293 2054 ἥλους
325 1985 386 2036 ἐν
411 1987 478 2053 τῇ
508 1985 741 2053 κεφαλῇ,
777 1978 836 2036 οῦ
891 1983 1136 2036 κάτωθεν
1189 1987 1399 2036 κεῖνται
1425 1985 1475 2036 οἱ
1518 1983 1725 2036 δώδεκα

132 2077 344 2143 κόφινοι
376 2075 483 2125 τῶν
520 2075 1004 2126 πεοισσευσὰντων
1040 2073 1374 2142 κλασμάτων
1409 2073 1518 2126 τῶν
1562 2074 1723 2126 πέντε

134 2169 338 2238 ἄρτων.
378 2169 483 2220 Ἐκ
512 2184 631 2218 τοτε
656 2167 747 2218 οῦν
785 2166 1184 2235 παραλαϐοῦσα
1231 2169 1263 2236 ἡ
1297 2164 1557 2234 συνήθεια
1602 2167 1724 2236 ἑορ-

129 2260 696 2334 τάζει[ν]ταῦτην’έω;
731 2259 824 2312 τοῦ
859 2259 974 2312 νῦν.

230 2472 344 2526 Καὶ
380 2470 640 2536 ἄθλησις
682 2470 787 2521 τοῦ
815 2469 987 2536 ἁγίου
1006 2469 1314 2536 μάρτυρος
1347 2469 1613 2520 Μωκιόυ.

197 2606 452 2669 Μώκιος,
486 2608 512 2656 ὁ
545 2605 638 2655 τοῦ
672 2604 913 2674 Χριστοῦ
950 2599 1386 2673 ίερομὰρτυς,ἦν
1413 2605 1511 2672 μὲν
1533 2605 1597 2655 ἐκ
1625 2605 1722 2674 τῆς

131 2697 340 2757 πόλεως
376 2695 696 2759 Βυζαντίου,
729 2696 840 2758 υἱὸς
873 2695 1216 2764 Χριστιανῶν
1280 2695 1564 2764 Εὐφράτου
1630 2695 1724 2746 καὶ

133 2789 472 2851 Εὑσταθίας,
522 2788 864 2857 ὁρμωμένων
919 2790 981 2839 ἐκ
1041 2789 1141 2853 τῆς
1205 2787 1441 2849 παλαιᾶς
1483 2786 1722 2856 Ῥώμης.

143 2884 453 2952 Ὑπὰρχων
482 2882 536 2932 δὲ
570 2881 962 2949 πρεσϐύτερος,
991 2880 1090 2948 τῆς
1129 2879 1222 2931 τοῦ
1256 2879 1493 2948 Χριστοῦ
1531 2877 1729 2946 ἐκκλη-

137 2975 274 3037 σίας,
317 2971 672 3042 παρήγγελλε
714 2973 878 3022 πᾶσιν
917 2969 1216 3038 ἀπέχεσθαι
1261 2969 1360 3038 μὲν
1411 2969 1520 3020 τῶν
1567 2967 1724 3020 εἰδώ-

134 3066 258 3127 ὶων,
301 3065 474 3132 τιμᾷν
510 3063 567 3114 δὲ
597 3063 689 3112 τὸν
728 3062 981 3130 Χριστὸν,
1055 3062 1150 3112 καὶ¹
1200 3060 1378 3112 σέϐειν
1432 3060 1595 3112 αὐτὸν
1650 3059 1725 3122 ὡς

1830 1904 2052 1948 sanctos
2100 1895 2307 1948 Christi
2361 1893 2454 1947 Dei
2487 1893 2663 1948 nostri
2695 1893 2880 1947 clavos
2914 1891 3179 1945 ferentem
3201 1892 3300 1957 ;'in
3325 1892 3413 1945 in-

1829 1989 1957 2042 timo
1993 2004 2119 2042 vero
2154 1988 2275 2041 loco
2315 1987 2605 2041 duodecim
2652 1985 2918 2054 cophinos
2951 1984 3407 2054 fragmentorum,

1828 2096 1951 2151 quae
1984 2096 2049 2134 ex
2081 2082 2326 2150 quinque
2369 2079 2603 2149 panibus
2643 2087 3057 2146 superaverant,
3096 2077 3407 2130 habentem.

1829 2177 1906 2230 Ex
1977 2177 2070 2230 illo
2113 2176 2278 2242 igitur
2339 2185 2582 2242 tempore
2631 2172 2865 2226 obtinuit
2912 2170 3288 2231 consuetudo,
3351 2175 3411 2221 ut

1829 2268 1944 2320 haec
1996 2268 2264 2322 festivitas
2314 2265 2688 2319 celebraretur
2751 2277 2924 2332 usque
2975 2262 3029 2316 in
3080 2269 3409 2331 praesentem

1828 2358 1991 2412 dicm.

2073 2469 2144 2522 Et
2179 2478 2446 2524 certamen
2483 2469 2653 2522 sancti
2688 2465 2851 2520 Mocii
2883 2467 3158 2534 martyris.

1897 2605 2107 2661 Mocius
2147 2620 2304 2658 sacer
2354 2604 2559 2657 Christi
2612 2611 2842 2672 martyr,
2882 2616 2948 2655 ex
2983 2602 3118 2654 urbe
3147 2600 3410 2671 Byzantio

1827 2707 2150 2767 prognatus,
2178 2696 2321 2749 filius
2363 2694 2464 2747 fuit
2486 2692 2760 2760 Euphrati
2791 2702 2844 2746 et
2881 2691 3180 2745 Eustathia:
3212 2707 3412 2759 paren—

1830 2800 1941 2843 tum
1971 2789 2439 2848 Christianorum,
2473 2787 2562 2855 qui
2599 2801 2660 2838 ex
2708 2795 2894 2838 vetere
2942 2783 3114 2837 Roma
3139 2785 3408 2852 originem

1827 2882 2118 2937 ducebant.
2149 2880 2285 2934 Cutn
2322 2895 2452 2932 vero
2477 2889 2623 2932 esset
2657 2877 2904 2931 ecclesia:
2933 2875 3133 2936 Christi
3165 2877 3394 2945 presby-

1829 2985 1929 3037 ter,
1963 2985 2192 3028 cunctos
2221 2973 2567 3036 hortabatur,
2597 2977 2655 3023 ut
2683 2970 2751 3023 ab
2784 2969 2944 3023 idolis
2969 2967 3306 3032 recederent,
3344 2983 3410 3022 ac

1826 3063 2112 3118 Christum
2155 3069 2576 3124 venerarcntur,
2624 3073 2864 3126 eumque
2899 3067 2960 3111 ut
2998 3058 3168 3111 Deum
3214 3072 3278 3110 ac
3307 3057 3411 3109 Do-

134 3153 264 3205 Θεδν
304 3154 467 3216 ὅλων,
498 3150 594 3203 καὶ
623 3150 851 3220 Κύριον.
898 3150 986 3202 Ἐν
1023 3151 1121 3220 μιᾷ
1143 3149 1198 3200 δὲ
1229 3148 1421 3211 Θυσίας
1444 3149 1724 3200 ἐπιτελου-

1830 3155 2040 3207 minum
2093 3153 2476 3208 universorum
2509 3150 2770 3204 colerent.
2817 3147 3062 3212 Quadam
3106 3156 3286 3201 autem
3323 3145 3412 3200 die

138 3248 304 3315 μένης
341 3245 497 3312 παρὰ
549 3243 644 3295 τοῦ
685 3242 965 3312 ἄρχοντος,
1001 3242 1092 3292 καὶ
1141 3240 1235 3292 τοῦ
1297 3239 1426 3292 λαοῦ
1479 3240 1722 3304 θύοντος,

135 3337 262 3405 θείῳ
297 3336 448 3406 ζήλῳ
499 3335 766 3401 κινηθεὶς,
803 3330 1026 3401 δραμὼν
1076 3329 1340 3402 ἀνέτρεψε
1381 3331 1470 3383 τὸν
1519 3331 1723 3400 βωμὸν,

136 3430 229 3480 καὶ
263 3431 331 3480 τὰ
368 3427 589 3495 θύματα
627 3425 995 3494 διεσκόρπισε.
1044 3422 1356 3492 Κρατηθεὶς
1389 3417 1478 3474 οὖν
1529 3424 1728 3492 ἐτιμω-

138 3520 303 3589 ρήθη.
348 3519 448 3569 καὶ
494 3516 790 3585 ἐμϐληθεὶς
845 3517 923 3575 εἰς
992 3513 1127 3584 πῦρ,
1185 3514 1365 3582 ὡρᾶτο
1417 3514 1580 3583 μέσον
1630 3513 1728 3584 τῆς

138 3612 332 3678 φλογὸς
371 3608 516 3678 μετὰ
548 3608 714 3678 τριῶν
733 3605 1066 3676 ψαλλόντων,
1098 3608 1192 3659 καὶ
1219 3606 1313 3658 τοῦ
1335 3607 1452 3668 ἑνὸς
1470 3607 1527 3658 τὸ
1553 3606 1727 3676 πρύσ-

138 3722 281 3756 ωπον
347 3703 598 3770 ἔλαμπεν
651 3702 792 3770 ὑπὲρ
854 3700 943 3751 τὸν
1003 3699 1177 3769 ἥλιον.
1229 3700 1342 3752 Καὶ
1405 3699 1568 3760 αὐτὸς
1630 3701 1728 3768 μὲν

141 3795 359 3864 ὲῇλθεν
395 3793 558 3862 ὑγιὴς
582 3833 596 3856 ,
635 3794 668 3862 ἡ
701 3792 757 3843 δὲ
782 3789 914 3858 φλὸξ
941 3790 1140 3843 ἔκαυσε
1179 3790 1306 3852 τοὺς
1345 3791 1725 3858 παρεστῶτας,

141 3889 225 3938 καὶ
261 3888 355 3938 τὸν
388 3885 647 3953 ἄρχοντα.
709 3877 845 3934 Εἶτα
904 3882 1184 3950 πέμπεται
1238 3883 1319 3943 εἰς
1394 3879 1726 3948 Ἡράκλειαν

144 3978 239 4045 τῆς
271 3976 505 4046 Θρᾴκης
534 3989 563 4002 ··
593 3971 720 4024 ἔνθα
753 3971 853 4041 τὴν
881 3971 1125 4041 κεφαλὴν
1164 3970 1501 4039 ἀποτμηθεὶς
1529 3972 1724 4038 ἐτάφη.

144 4070 411 4139 Ὕστερον
467 4066 528 4118 δὲ
586 4065 777 4124 κτίσας
811 4063 937 4116 ναὸν
972 4065 999 4115 ὁ
1064 4063 1235 4131 μέγας
1298 4063 1726 4126 Κωνσταντίνος,

143 4159 309 4228 ῆγαγε
349 4157 416 4210 τὸ
451 4153 706 4224 λείψανον
737 4151 924 4222 αὑτοῦ,
957 4154 1051 4207 καὶ
1078 4151 1313 4207 ἀπέθετο
1340 4155 1396 4206 ὲν
1426 4152 1595 4222 αὐτῷ.

139 4461 243 4511 Καὶ
275 4461 550 4526 ἄθλησις
574 4457 682 4512 τοῦ
708 4457 883 4526 ἁγίου
908 4457 1212 4527 μάρτυρος
1277 4460 1722 4528 Διοσκορίὃοινς.

201 4591 589 4656 Διοσκορίδης,
621 4593 649 4641 ό
701 4587 796 4641 τοῦ
839 4590 1074 4658 Χριστοῦ
1118 4591 1347 4660 μάρτυς,
1386 4593 1599 4664 ὑπῆρχε
1627 4594 1726 4663 μὲν

136 4683 194 4733 ἐκ
228 4685 328 4750 τῆς
364 4677 698 4747 Σμυρναίων
722 4678 975 4740 ,πόλεως’
1014 4681 1340 4749 Χριστιανὸς
1366 4682 1422 4734 δὲ
1463 4681 1559 4747 ὢν,
1596 4685 1725 4753 ἐκή-

135 4789 295 4841 ρυττε
339 4770 641 4840 παρρησίᾳ
670 4769 762 4822 τὸν
789 4770 1046 4839 Χριστὸν,
1084 4771 1178 4823 καὶ
1208 4770 1487 4825 ἐδίδασκεν
1520 4775 1613 4825 ἐπὶ
1647 4775 1726 4844 τῷ

133 4863 357 4931 ὀνόματι
379 4861 551 4914 αὑτοῦ
568 4861 777 4922 πάντας
797 4863 919 4921 τοὺς
941 4864 1413 4932 προσερχομένους
1435 4865 1601 4935 αὐτῷ’
1633 4866 1727 4918 καὶ

133 4954 363 5014 πολλοὺς
406 4950 519 5003 τῶν
551 4950 799 5003 ἀπίστων
814 4951 1158 5019 ἐπιστρέφων
1188 4953 1294 5004 ἀπὸ
1317 4954 1417 5022 τῆς
1445 4971 1730 5024 πατροπα-

134 5047 362 5112 ραδότου
384 5045 600 5112 πλάνης
619 5042 821 5107 αὐτῶν,
840 5042 1122 5106 ὲόάτττιζε.
1143 5045 1452 5114 Κρατηθεὶς
1468 5043 1558 5098 οῦν
1575 5047 1727 5116 παρὰ

130 5136 236 5188 τῶν
279 5134 724 5203 εἰδωλολατρῶν,
755 5133 829 5203 μὴ
855 5134 1130 5204 φερόντων
1165 5136 1383 5189 ἀκούειν
1441 5139 1726 5207 παρρησίᾳ

130 5231 215 5278 τον
239 5226 490 5298 Χριστὸν
521 5226 952 5294 κηρυττόμενον,
987 5226 1362 5296 ὲμαστιγώθη.
1392 5223 1525 5279 Εἶτα
1553 5228 1727 5290 δεθεὶς

131 5320 415 5391 παρεδόθη
471 5316 551 5386 τῷ
610 5318 850 5388 ἄρχοντι.
914 5319 1024 5370 Καὶ
1082 5319 1380 5389 ἐρωτηθεὶς
1441 5319 1533 5370 ὑπ’
1581 5319 1726 5371 ἐκεί-

131 5429 246 5474 νου,
305 5410 413 5464 καὶ
473 5409 806 5478 Χριστιανὸν
849 5409 1038 5464 ἑαυτὸν
1104 5411 1460 5480 ὁμολογήσας,
1507 5412 1726 5481 βασανι-

134 5504 278 5564 σθεὶς
320 5499 719 5571 παρεπέμφθη
761 5501 1003 5573 φυλακῇ,
1078 5504 1172 5554 ἐπὶ
1223 5503 1441 5566 πολλαῖς
1493 5506 1726 5575 ἡμέραις

133 5592 515 5664 κακουχηθεὶς
545 5593 605 5644 ὲν
639 5592 779 5663 αὐτῇ
807 5608 821 5623 ·
862 5589 980 5646 εἶτα
1012 5594 1113 5663 τῆς
1144 5595 1392 5665 φυλακῆς
1441 5597 1728 5665 ἐκϐληθεὶς

135 5686 294 5738 πᾶλιν
332 5683 669 5756 ἠναγκάσθη
696 5684 786 5737 τὸν
829 5685 1062 5754 Χριστὸν
1101 5687 1480 5756 ἀρνήσασθαι·
1511 5689 1604 5741 καὶ
1653 5689 1727 5758 μὴ

138 5777 406 5842 πεισθεὶς,
433 5775 636 5841 ἑξέσθη
661 5773 1017 5840 κοεμασθείς.
1054 5777 1162 5830 Καὶ
1199 5776 1472 5845 ἐπιμένων
1525 5778 1591 5845 τῇ
1649 5779 1727 5839 εἰς

1830 3261 1956 3300 cum
2010 3260 2038 3298 a
2071 3243 2304 3314 prmside
2342 3252 2396 3296 et
2421 3240 2625 3311 populo
2657 3237 3003 3293 sacriﬁcante
3030 3238 3267 3290 victima:
3305 3237 3409 3288 im-

1831 3336 2188 3396 molarentur,
2237 3333 2426 3386 divino
2480 3329 2597 3383 zelo
2647 3336 2850 3391 motus,
2912 3341 3208 3380 accurrens
3258 3341 3410 3380 aram

1830 3426 2119 3488 subvertit,
2151 3435 2204 3478 ct
2229 3424 2483 3476 victimas
2517 3420 2799 3489 dispersit.
2835 3419 3015 3484 Quare
3043 3419 3406 3487 comprehen-

1828 3530 1946 3576 sus,
1985 3511 2272 3568 tormentis
2317 3511 2630 3580 subjicitur,
2667 3520 2834 3578 atque
2875 3509 3111 3562 llatnmis
3156 3507 3409 3561 traditur.

1831 3605 2035 3662 Verum
2074 3608 2126 3660 in
2165 3606 2344 3659 medio
2380 3605 2613 3657 ﬂammae
2647 3602 2798 3656 visus
2821 3608 2903 3655 est
2930 3616 3036 3654 una
3071 3617 3194 3655 cutn
3237 3601 3416 3653 tribus

1830 3702 1963 3755 viris
2002 3699 2380 3768 psallentibus,
2405 3711 2470 3750 ex
2498 3695 2700 3765 quibus
2739 3695 2831 3748 uni
2863 3709 2970 3762 prae
2996 3693 3207 3746 caeteris
3240 3692 3412 3746 facies

1831 3793 1948 3847 sole
1997 3789 2346 3860 splendidior
2380 3787 2672 3842 emicabat.
2704 3787 2782 3840 Ac
2813 3785 2933 3855 ipse
2953 3785 3170 3852 quidem
3205 3784 3412 3837 incolu-

1830 3884 1936 3938 mis
1971 3883 2181 3946 evasit;
2217 3882 2436 3934 ﬂamma
2467 3894 2596 3932 vero
2636 3893 2752 3942 eos,
2786 3878 2879 3946 qui
2919 3876 3122 3929 circum
3161 3874 3410 3938 aderant,

1829 3990 1894 4029 ac
1933 3975 2094 4028 simul
2130 3971 2415 4042 praesidem
2463 3970 2829 4038 consumpsit.
2865 3967 3070 4021 Deinde
3103 3965 3304 4019 missus
3327 3972 3411 4017 est

1829 4067 1882 4121 in
1907 4065 2244 4128 Heracleam,
2270 4063 2460 4116 urbem
2493 4059 2760 4123 Thraciae,
2794 4059 2886 4112 ubi
2921 4059 3097 4126 capite
3127 4065 3412 4110 truncatus

1828 4167 1936 4219 est,
1961 4164 2016 4211 et
2062 4153 2330 4223 sepultus.
2365 4151 2652 4204 Postremo
2701 4164 2826 4204 cum
2859 4145 3262 4202 Constantinus
3291 4141 3410 4195 Ma-

1829 4263 1969 4316 gnus
2024 4246 2286 4314 templum
2343 4241 2690 4302 aediﬁcasset,
2743 4253 2928 4293 sacras
2972 4238 3091 4308 ejus
3146 4233 3408 4304 reliquias

1831 4337 2036 4402 intulit,
2067 4345 2230 4402 atque
2257 4333 2454 4386 ibidem
2486 4330 2762 4398 deposuit.

1935 4447 2048 4519 94
2077 4447 2143 4500 Et
2177 4447 2436 4499 certamen
2465 4443 2637 4496 sancti
2669 4440 2996 4494 Dioscuridis
3024 4440 3298 4508 martyris.

1907 4579 2260 4634 Dioscorides
2285 4577 2484 4632 Christi
2513 4583 2716 4644 martyr
2746 4581 2861 4626 erat
2886 4587 2952 4625 ex
2985 4570 3118 4623 urbe
3153 4569 3406 4640 Smyrna.

1836 4673 1970 4727 Cum
1996 4687 2127 4725 vero
2167 4669 2516 4724 Christianus
2552 4675 2718 4727 esset,
2755 4664 3036 4717 Christum
3075 4661 3245 4715 libere
3275 4675 3412 4729 pra:-

1837 4762 2071 4827 dicabat,
2105 4772 2268 4829 atque
2291 4773 2504 4819 omnes,
2532 4755 2623 4826 qui
2662 4755 2728 4808 ad
2757 4755 2934 4823 ipsum
2969 4752 3319 4814 accedebant,
3355 4752 3409 4804 in

1836 4855 2058 4908 nomine
2089 4853 2210 4921 ejus
2255 4851 2538 4913 edocebat,
2593 4847 2904 4915 multosque
2935 4860 3002 4900 ex
3043 4843 3354 4898 inﬁdelibus
3380 4857 3409 4895 a

1836 4947 2015 5016 patrio
2049 4958 2256 5007 errore,
2291 4957 2455 5010 quem
2495 4955 2526 4993 a
2555 4939 2854 5007 majoribus
2885 4937 3146 4989 traditum
3186 4949 3412 5001 accepe-

1837 5049 1978 5103 rant,
2008 5051 2264 5096 avocans,
2304 5032 2632 5103 baptizabat.
2674 5029 3116 5097 Comprehensus
3150 5026 3314 5093 igitur
3344 5024 3412 5076 ab

1837 5130 2160 5190 idololatris,
2188 5125 2279 5195 qui
2326 5125 2602 5179 Christum
2633 5132 2740 5174 tam
2779 5121 2948 5173 libere
2979 5118 3265 5188 praedicari
3301 5129 3411 5167 non

1835 5221 2103 5286 ferebant,
2152 5218 2337 5288 ﬂagris
2381 5230 2556 5272 caesus
2600 5214 2721 5268 fuit.
2768 5212 2969 5266 Deinde
3019 5210 3254 5272 vinctus,
3285 5221 3414 5274 prae-

1836 5315 1939 5370 sidi
2000 5322 2081 5368 est
2119 5312 2348 5367 traditus
2400 5326 2412 5362 :
2455 5316 2617 5376 atque
2672 5306 2740 5360 ab
2788 5306 2889 5359 hoc
2935 5304 3318 5371 interrogatus,
3347 5311 3412 5350 ac

1837 5423 1957 5462 sese
1991 5405 2363 5461 Christianum
2414 5399 2723 5472 professus,
2773 5395 3020 5466 pluribus
3074 5401 3251 5446 tortus
3282 5403 3410 5442 cru-

1838 5499 2093 5562 ciatibus,
2124 5498 2380 5551 detrusus
2417 5492 2520 5547 fuit
2553 5492 2604 5544 in
2638 5503 2940 5552 carcerem,
2977 5484 3068 5538 ubi
3109 5499 3202 5553 per
3230 5482 3412 5550 plures

1837 5591 1956 5646 dies
2007 5605 2198 5660 graves
2251 5601 2528 5643 aerumnas
2572 5582 2855 5639 sustinuit.
2886 5579 3081 5632 Postea
3114 5592 3142 5628 e
3188 5586 3412 5628 carcere

1837 5681 2087 5744 eductus,
2120 5679 2316 5732 iterum
2351 5675 2668 5746 compulsus
2693 5679 2775 5726 est
2801 5670 3079 5725 Christum
3107 5666 3410 5732 abnegare:

1839 5773 1984 5843 quod
2013 5787 2135 5829 cum
2177 5769 2358 5828 facere
2390 5772 2718 5833 recusasset,
2754 5775 3052 5832 suspensus
3083 5765 3185 5825 est,
3209 5763 3260 5809 et
3295 5751 3412 5808 dire
