4146 6518
150 421 265 485 ιδε

1678 416 1944 477 MAIUS.

3326 408 3432 473 454

149 535 399 608 Χριστοῦ
456 532 628 604 όνομά
648 549 813 588 σασα.
846 532 956 585 Καὶ
981 530 1076 585 τοῦ
1110 529 1375 601 ἡγεμόνος
1414 529 1747 599 παραινοῦν-

1859 530 1992 592 side,
2026 538 2086 583 ut
2110 529 2225 597 ipsa
2258 524 2612 591 sacrillcaret,
2640 524 2912 579 idolorum
2938 522 3125 578 fanum
3160 524 3433 595 ingressa,

146 644 244 690 τος
278 627 419 695 αὐτῇ
454 622 637 689 θῦσαι,
668 622 992 676 εἰσελθοῦσα
1031 624 1090 673 ὲν
1119 621 1198 689 τῷ
1230 619 1344 689 ναῷ
1371 620 1480 671 τῶν
1511 619 1744 671 εἰδώλων

149 721 252 775 καὶ
272 718 552 787 εὐξαμένη
577 717 655 787 τῷ
679 715 925 787 Χριστῷ,
954 712 1225 767 κατέϐαλε
1262 712 1322 764 τὸ
1368 710 1463 764 τοῦ
1522 711 1641 772 Διὸς
1666 710 1746 761 εί-

152 811 329 864 δωλον
364 810 459 862 καὶ
490 807 797 878 συνέτριψε.
864 804 965 857 Δια
1018 802 1181 857 τοῦτο
1242 801 1622 871 κρεμασθεῖσα
1684 801 1748 854 ὲκ

152 902 385 974 τριχῶν,
421 900 617 967 ὲξέσθη
653 899 917 969 σιδηροις.
993 893 1129 949 Εἶτα
1187 896 1293 949 ἀπο
1318 894 1612 971 ’λεισθεῖσα
1667 896 1748 958 εἰς

158 994 437 1063 φυλακὴν,
470 994 733 1063 ἐτρέφετο
762 992 851 1044 ὑπ’
906 991 1159 1057 ἀνγέλου.
1226 986 1359 1044 Εἶτα
1388 990 1454 1041 ὲκ
1504 988 1748 1058 φυλακῆς

156 1087 517 1157 ἰκὸληθεῖσα,
553 1086 820 1153 ὲνεῆλήθη
852 1086 930 1147 εἰς
966 1085 1195 1155 κάμινον
1236 1083 1443 1152 πυρός·
1506 1087 1600 1134 καὶ
1655 1081 1747 1135 τοῦ

158 1178 339 1249 πυρὸς
369 1178 474 1230 ὑπὸ
510 1177 659 1239 θείας
694 1177 887 1244 δρόσου
927 1176 1270 1238 σϐεσθέντος,
1303 1174 1526 1245 ἐξῆλθεν
1579 1174 1748 1228 ἀϐλα-

158 1271 288 1341 σής.
324 1269 459 1323 Εἶτα
488 1269 716 1339 ἐξεδάρη
752 1268 851 1337 τὴν
885 1268 1131 1338 κεφαλήν
1153 1285 1165 1297 ·
1208 1270 1300 1320 καὶ
1329 1266 1751 1319 ἁποκλεισθεῖσα

156 1362 239 1424 εἰς
304 1362 555 1431 φυλακὴν
622 1362 718 1415 καὶ
774 1362 1043 1427 ὑγιάνασα
1100 1362 1203 1413 ὑπὸ
1264 1361 1520 1428 ἀγγέλου,
1582 1376 1752 1428 παρε-

160 1454 404 1506 σκεύασε
434 1454 526 1505 τὸν
585 1452 973 1522 δεσμοςςύλακα
1041 1452 1333 1504 πιστεῦσαι
1363 1452 1439 1521 τῷ
1492 1450 1748 1521 Χριστῷ·

158 1547 311 1607 ὅστις
342 1544 657 1614 παραυτίκα
712 1542 1151 1611 ἁπεκεφαλίσθη.
1208 1542 1271 1593 Ἦ
1305 1542 1359 1594 δὲ
1392 1541 1521 1609 ἁγία
1568 1541 1751 1611 θηριοο

160 1638 313 1707 μαχη
326 1654 466 1689 σασα
485 1636 794 1705 ὲθελειώθη.
818 1637 924 1687 Καὶ
942 1634 1210 1706 κατετέθη
1229 1636 1288 1687 τὸ
1307 1634 1560 1702 λείψανον
1580 1633 1753 1702 αὐτῆς

157 1730 217 1779 ἐν
262 1728 566 1799 Ἡρακλείᾳ
591 1729 689 1796 τῆς
724 1728 967 1798 Θρᾴκης.

157 1842 268 1892 Ιιάὶ
316 1842 580 1907 ἄθλησις
625 1840 730 1893 τοῦ
762 1841 933 1909 ἁγίου
964 1841 1267 1909 μάρτυρος
1322 1840 1741 1908 Ἀλεξάνδρου.
1782 1874 1825 1932 Β

243 1930 619 2000 Ἀλέξανδρος,
655 1932 683 1982 ὁ
712 1930 806 1983 τοῦ
840 1930 1077 2000 Χριστοῦ
1105 1931 1337 2001 μάρτυς,
1384 1928 1452 2001 ἦν
1505 1934 1604 2001 μὲν
1654 1935 1748 1986 ἐπὶ

156 2021 257 2089 τῆς
292 2021 573 2090 βασιλείας
597 2020 941 2091 Μαξιμιανοῦ
980 2023 1413 2091 στρατευόμενος
1441 2022 1547 2073 ὑπὸ
1608 2022 1752 2073 Νου-

163 2114 411 2184 yzpuvqi
446 2114 663 2184 κόμητι.
701 2115 930 2177 Θύοντος
961 2115 1017 2166 δὲ
1048 2118 1162 2177 τοῖς
1210 2113 1453 2177 εἰδώλοις
1510 2114 1605 2166 τοῦ
1655 2114 1752 2167 κό-

160 2223 339 2274 μητος
373 2207 512 2275 μετὰ
554 2207 647 2259 τοῦ
677 2209 767 2259 ὑπ’
803 2208 966 2260 αὖτὶν
992 2208 1297 2275 τάγματος.
1334 2208 1493 2277 μόνος
1526 2207 1752 2272 όἈλέξ-

160 2299 361 2368 ανδρος
388 2300 450 2351 οὐ
504 2299 665 2367 μόνον
690 2301 789 2352 οὐκ
827 2300 1051 2369 ζεπείσθη
1086 2300 1269 2364 θῦσαι,
1333 2300 1469 2352 ἀλλὰ
1522 2300 1615 2350 καὶ
1661 2299 1752 2350 τὸν

163 2391 406 2460 κόμητα,
444 2392 685 2455 καὶτοὺς
715 2393 811 2445 σὺν
844 2392 995 2459 αὐτῷ
1045 2392 1497 2461 πεπλανημένους
1526 2392 1751 2443 ἐκάλεσε

161 2484 254 2533 καὶ
285 2482 562 2549 δαιμόνων
594 2482 912 2552 λατρευτξις.
950 2483 1263 2552 Κρατηθείς
1291 2482 1405 2548 οὖν,
1438 2482 1580 2553 ἤχθη
1617 2484 1753 2554 πρὸς

164 2573 531 2643 Μαξιμιανδν,
587 2575 683 2627 καὶ
722 2575 1039 2644 ἐρωτηθεὶς,
1096 2576 1311 2627 καὶτὸν
1342 2576 1578 2645 Χριστὸν
1623 2578 1754 2643 δμο-

164 2666 430 2731 ὶογήσας,
461 2664 669 2734 ὲτύφθη
713 2666 979 2735 σφοδρῶς.
1054 2661 1185 2718 Εἶτα
1241 2664 1621 2735 παρεπέμφθη
1659 2665 1753 2715 Τι-

164 2754 407 2823 ϐεριανῷ
439 2756 691 2824 ὲπᾶρχῳ,
726 2755 1086 2824 τιμωρεῖσθαι
1136 2754 1278 2807 κατὰ
1340 2755 1439 2824 τὴν
1471 2755 1589 2806 ὁδὸν
1648 2754 1755 2805 ἀπὸ

173 2847 405 2917 Ῥώμης
468 2848 631 2917 μέχρι
688 2847 1003 2911 Βυζαντίου.
1071 2847 1181 2899 Καὶ
1240 2846 1457 2916 πρῶτον
1510 2846 1610 2915 μὲν
1657 2846 1754 2907 τὰς

164 2939 418 3007 πλευρὰς
473 2940 551 3008 τῷ
597 2942 735 3010 πυρὶ
817 2942 1201 3011 κατεφλέχθη⁹
1274 2942 1466 2994 ἔπειτα
1539 2942 1755 3012 ῥάϐδοις

164 3032 485 3093 ἁκανθίνοις
521 3031 751 3101 ὲτύφθη,
785 3034 884 3101 τῆς
919 3034 1123 3103 μητρὸς
1152 3036 1318 3087 αὑτοῦ
1351 3034 1756 3101 ἀκολουθούσης

165 3123 260 3172 καὶ
290 3121 809 3191 προθυμοποιούσης
836 3122 1019 3174 αὐτόν.
1066 3123 1279 3191 Ἀχθείς
1310 3122 1365 3173 δὲ
1394 3122 1472 3183 εἰς
1533 3120 1757 3191 Βέροιαν

1848 629 1905 674 et
1960 619 2215 687 precibus
2251 617 2319 671 ad
2363 616 2647 671 Christum
2696 616 2853 681 fusis,
2890 616 3244 671 simulacrum
3279 617 3439 673 Jovis

1849 708 2066 777 dejecit,
2102 718 2154 761 et
2183 707 2464 761 contrivit.
2502 704 2868 771 Quamobrem
2896 706 3105 775 capillis
3136 723 3429 776 suspensa,

1852 798 2156 867 ferreisque
2189 799 2409 869 ungulis
2441 797 2724 859 dilaniata,
2752 797 2870 867 '96
2902 800 2954 851 iu
2997 813 3277 852 carcerem
3309 816 3443 853 con-

1846 892 2056 959 jicitur,
2105 890 2199 949 ubi
2249 891 2318 945 ab
2365 891 2559 959 angelo
2610 891 2877 959 pascitur.
2926 888 3063 942 Tum
3126 905 3157 945 e
3215 906 3438 946 carcere

1852 967 2071 1047 educta,
2109 984 2161 1037 in
2199 983 2484 1037 ardentem
2518 982 2796 1038 fornacem
2845 981 3167 1053 projicitur;
3202 983 3295 1036 sed
3339 1000 3447 1037 cit--

1854 1078 2055 1131 sliucto
2105 1094 2200 1147 per
2262 1091 2447 1131 rorem
2508 1075 2759 1130 divinum
2824 1076 2967 1143 igne,
3020 1075 3189 1129 iliaca
3234 1076 3443 1129 evadit.

1853 1168 2045 1222 Postea
2102 1169 2347 1224 detracta
2395 1168 2591 1237 capitis
2643 1168 2802 1235 pelle,
2851 1168 3029 1221 denuo
3062 1168 3116 1221 in
3160 1180 3438 1221 carcerem

1854 1260 2161 1315 detruditur
2190 1280 2203 1313 :
2236 1260 2329 1313 ubi
2372 1262 2439 1312 ab
2465 1260 2659 1329 angelo
2688 1268 2901 1323 sanata,
2935 1259 3218 1312 custodem
3244 1271 3440 1311 carce-

1854 1353 1930 1407 ris
1984 1352 2049 1406 ad
2108 1351 2315 1406 ChriSti
2370 1350 2527 1403 ﬁdem
2582 1350 2875 1411 convertit,
2934 1350 3027 1418 qui
3085 1349 3231 1402 illico
3264 1352 3445 1416 capite

1855 1442 2235 1495 obtruncatur.
2274 1441 2343 1495 At
2369 1450 2561 1495 sancta
2591 1440 2720 1494 l‘eris
2756 1441 2994 1508 objecta,
3032 1441 3195 1493 vitam
3232 1441 3437 1495 ﬁnivit:

1854 1543 1909 1587 et
1937 1535 2183 1604 reliquiae
2207 1534 2327 1605 ejus
2360 1535 2413 1587 in
2444 1532 2705 1588 Heraclea
2732 1532 2981 1588 Thracia:
3009 1534 3145 1587 urbe
3176 1533 3445 1602 depositi:

1856 1636 2001 1681 sunt.

2038 1835 2107 1888 Et
2161 1844 2423 1889 certamen
2452 1837 2625 1889 sancti
2662 1836 2953 1889 Alexandri
2986 1836 3262 1905 martyris.

1925 1926 2233 1981 Alexzinder
2263 1926 2470 1981 Christi
2502 1938 2709 1997 martyr
2732 1927 2831 1980 fuit
2856 1937 3099 1996 tempore
3126 1928 3440 1983 Maximiani

1867 2020 2239 2089 imperatoris,
2277 2020 2571 2073 militarem
2611 2028 2780 2073 artem
2812 2034 3073 2074 exercens
3124 2020 3225 2073 sub
3252 2020 3447 2075 Nume-

1854 2112 2014 2166 riano
2045 2114 2265 2167 comite.
2300 2112 2435 2165 Cum
2463 2121 2645 2165 autem
2685 2127 2869 2165 cernes
2896 2128 3004 2165 una
3044 2128 3168 2166 cum
3199 2114 3445 2183 subjecta

1855 2206 1959 2257 sibi
2015 2207 2239 2259 cohorte
2297 2206 2664 2267 sacrificaret,
2723 2205 2875 2259 solus
2954 2205 3262 2259 Alexander
3334 2222 3441 2260 non

1855 2308 2068 2351 tantum
2108 2298 2264 2350 idolis
2326 2297 2639 2351 sacriﬁcare
2691 2297 3002 2361 recusavit,
3052 2314 3240 2352 verum
3278 2300 3442 2351 etiam

1855 2390 2111 2443 comitem
2168 2405 2294 2442 cum
2362 2390 2478 2443 suis
2546 2390 2715 2443 sociis
2778 2390 3067 2443 seductum
3133 2390 3444 2459 appellavit,

1855 2492 1908 2535 et
1969 2482 2281 2533 daemonum
2350 2482 2643 2534 cultorem.
2726 2480 3172 2550 Comprehensus
3245 2481 3444 2549 igitur,

1858 2574 1924 2626 ad
1994 2572 2388 2626 Maxitnianum
2473 2573 2770 2626 adducitur
2832 2590 2846 2626 :
2916 2589 2980 2627 ac
3052 2575 3447 2643 interrogatus,

1856 2665 2250 2733 Christumque
2278 2665 2577 2733 professus,
2622 2666 2919 2719 crudeliter
2958 2665 3205 2719 caeditur.
3242 2665 3447 2719 Deinde

1859 2756 2156 2811 Tiberiano
2188 2757 2410 2825 prtesidi
2446 2756 2701 2817 traditur,
2742 2765 2801 2808 ut
2846 2757 3137 2809 tormentis
3168 2759 3447 2810 cruciare-

1860 2850 2022 2904 turin
2060 2849 2256 2903 itinere
2296 2864 2359 2901 ex
2406 2849 2542 2902 urbe
2594 2848 2839 2900 Romana
2886 2847 3208 2916 Byzantium
3245 2864 3443 2914 usque.

1858 2941 1937 2993 Ac
1992 2940 2233 3008 primum
2285 2940 2507 3006 quidem
2548 2939 2669 3005 igne
2716 2938 2767 2990 in
2808 2938 3071 2991 lateribus
3118 2938 3443 2992 ustulatnr:

1861 3032 2065 3101 spincis
2082 3030 2277 3084 deinde
2298 3032 2462 3099 virgis
2486 3030 2729 3095 ca-ditur,
2765 3038 2937 3082 matre
2962 3030 3138 3097 ipsum
3158 3040 3447 3099 sequente,

1862 3139 1925 3178 ac
1953 3133 2206 3192 prompto
2258 3123 2533 3189 hilarique
2585 3122 2769 3174 auitno
2832 3137 2956 3173 eum
3018 3136 3140 3174 esse
3192 3120 3445 3189 jnbenle.

163 3212 413 3280 δέσμιος,
457 3212 551 3264 καὶ
579 3212 668 3264 διὰ
721 3212 1027 3281 προσευχῆς
1058 3210 1202 3280 ὕδωρ
1262 3210 1568 3279 ἐξαγαγὼν,
1624 3210 1752 3261 πολ-

1862 3214 2144 3268 Adductus
2205 3222 2384 3268 autem
2448 3212 2695 3267 Bormam
2759 3213 2997 3275 vinctus,
3062 3227 3126 3265 ac
3188 3211 3450 3281 precibus

164 3309 293 3370 λοὺς
320 3308 434 3360 τῶν
466 3306 870 3378 εἱδωλολατρῶν
924 3306 1113 3359 ἔπεισε
1154 3305 1443 3357 πιστεῦσαι
1490 3304 1567 3374 τῷ
1619 3305 1753 3374 Χρι-

166 3401 299 3472 στῴ-
330 3401 425 3451 xz“.
452 3400 748 3469 γενόμενος
778 3400 835 3450 ὲν
858 3398 1177 3469 Δριζιπάρῳ
1205 3397 1357 3449 πόλει
1386 3398 1485 3467 τῆς
1509 3396 1754 3466 θρᾴκηῂ,

164 3496 263 3563 τὴν
304 3494 393 3545 διὰ
420 3493 609 3562 Sigeo;
642 3492 860 3559 ἐδέξατο
890 3492 1173 3561 τελευτὴν.

165 3697 274 3748 Καὶ
296 3694 509 3765 μνήμη
540 3693 646 3746 τοῦ
677 3691 848 3761 ἁγίου
879 3692 1125 3760 Σεργίου
1190 3691 1295 3745 τοῦ
1352 3692 1749 3761 ὀμολογητοῦ.

235 3808 491 3876 Σέργιος,
520 3807 549 3856 ὁ
574 3801 669 3855 τοῦ
704 3799 943 3871 Χριστοῦ
992 3799 1355 3869 όμολογητὴς,
1390 3799 1604 3869 ὑπῆρχε
1659 3799 1757 3867 μὲν

168 3898 412 3966 εὐγενῶν
468 3894 563 3947 καὶ
621 3891 892 3945 πλουσίων
937 3892 1140 3959 γονέων
1197 3892 1311 3952 υίὸς
1366 3892 1424 3942 ἐν
1460 3892 1757 3941 litui/atav-

166 3991 477 4045 τινουπόλει
522 3984 806 4055 γεννηθείς
840 4001 853 4014 ·
893 3984 1213 4053 προσκυνῶν
1236 3984 1292 4036 δὲ
1326 3984 1423 4045 τὰς
1462 3983 1612 4045 θείας
1664 3986 1757 4037 καὶ

169 4087 374 4146 canta;
428 4080 671 4140 εἰκόνας,
710 4076 990 4146 ἐκρατήθη
1026 4079 1179 4145 παρὰ
1203 4076 1313 4128 τῶν
1347 4076 1754 4145 Εἰκονομάχων.

170 4174 275 4222 Καὶ
309 4166 603 4237 παραστὰς
632 4164 711 4235 τῷ
732 4164 1033 4233 παρανόμῳ
1089 4166 1298 4232 βασιλεῖ
1333 4165 1543 4230 Λέοντι,
1588 4182 1757 4233 κατη-

167 4260 481 4327 ναγκάζετο
532 4257 668 4309 ποτὲ
710 4256 810 4324 μὲν
836 4254 1167 4319 κολακείαις,
1220 4255 1350 4306 ποτὲ
1402 4254 1457 4307 δὲ
1505 4255 1758 4317 ἀπειλαῖς

170 4352 437 4420 ἀθετῆσαι
471 4349 570 4419 τὴν
624 4346 998 4416 προσκύνησιν
1029 4345 1137 4397 τῶν
1168 4345 1340 4413 ἁγίων
1386 4346 1635 4398 εἰκόνων.
1667 4342 1758 4415 Μὴ

170 4443 415 4505 πεισθεὶς
445 4441 525 4505 δὲ,
556 4438 693 4491 ἀλλὰ
723 4437 1083 4507 λογισάμενον
1119 4436 1211 4489 τὸν
1238 4436 1503 4505 τύραννον
1532 4437 1608 4500 ὼς
1636 4437 1757 4507 βδέ-

1861 3322 2059 3374 aquam
2108 3305 2439 3375 producens,
2489 3306 2692 3358 multos
2736 3319 2800 3357 ex
2839 3304 3139 3357 idololatris
3177 3304 3449 3370 persuasit

1863 3399 2024 3452 ﬁdem
2068 3398 2272 3452 Christi
2324 3398 2600 3467 amplecti.
2641 3396 2868 3448 Demum
2927 3410 3054 3448 cum
3105 3394 3446 3462 Driziparam

1862 3490 2108 3545 Thracia:
2163 3490 2353 3544 urbem
2396 3490 2657 3553 venisset,
2690 3487 2871 3558 gladio
2919 3500 3239 3557 percussus,
3279 3486 3447 3538 linem

1860 3582 2089 3653 accepit.

2001 3698 2109 3767 97
2144 3696 2213 3750 Et
2249 3698 2503 3750 memoria
2552 3696 2725 3749 sancti
2758 3694 2931 3765 Sergii
2963 3693 3303 3763 confessoris.

1936 3808 2182 3877 Sergius,
2206 3807 2409 3862 Christi
2443 3807 2751 3871 confessor,
2784 3805 3260 3872 Constantinopoli
3293 3803 3454 3857 nobi-

1863 3901 2007 3953 libus
2051 3915 2115 3953 ac
2155 3900 2417 3953 divitibus
2449 3899 2769 3968 parentibus
2801 3908 2962 3951 natus
2997 3897 3115 3950 fuit.
3150 3896 3285 3951 Cum
3314 3912 3444 3950 vero

1862 3990 2075 4041 divinas
2108 4003 2172 4042 ac
2202 3989 2538 4043 venerandas
2580 3989 2845 4058 imagines
2875 3988 3098 4053 coleret,
3127 3988 3196 4041 ab
3256 3988 3448 4042 lcono-

1863 4080 2072 4133 tnacliis
2100 4080 2551 4148 comprehensus,
2576 4081 2639 4132 ad
2663 4079 2888 4148 impium
2911 4080 3291 4147 imperatorem
3309 4078 3446 4131 Leo-

1862 4186 1985 4224 nem
2019 4170 2329 4233 adducitur,
2356 4184 2383 4221 a
2412 4185 2520 4237 quo
2553 4170 2713 4222 modo
2744 4168 3045 4231 blanditiis,
3089 4170 3253 4221 modo
3284 4167 3453 4222 minis

1864 4278 1892 4317 a
1917 4279 2195 4318 sacrarum
2229 4262 2521 4333 imaginum
2546 4262 2696 4315 cultu
2718 4261 2971 4315 recedere
2994 4260 3444 4329 compellebatur.

1863 4356 1931 4407 At
1988 4369 2112 4409 cum
2175 4368 2283 4408 non
2342 4354 2721 4418 sssentiretur,
2758 4352 2851 4407 sed
2918 4351 3099 4421 potius
3156 4359 3446 4419 tyrannum

1865 4457 2126 4513 tanquam
2190 4430 2302 4499 rem
2370 4443 2795 4499 abominandam
2856 4451 3162 4512 reputaret,
3220 4443 3447 4511 ejusque

168 4540 373 4606 λυγμα,
394 4533 638 4594 καὶτοὺς
656 4531 848 4598 λόγους
870 4529 1057 4593 αὐτοῦ,
1080 4530 1173 4581 καὶ
1192 4529 1290 4591 τὰς
1308 4531 1539 4594 ἀπειλὰς
1557 4531 1633 4593 ὡς
1660 4532 1755 4603 λῆ-

1865 4551 2149 4592 sermones
2176 4544 2230 4589 et
2264 4536 2443 4589 minas
2475 4551 2571 4603 pro
2607 4534 2783 4588 nihilo
2822 4534 3050 4596 ducens,
3083 4548 3295 4586 summa
3329 4533 3448 4585 aui-

176 4645 263 4697 ρον
298 4624 683 4697 ἡγησάμενος,
746 4620 1034 4691 παρρησίᾳ
1066 4620 1241 4688 ἔλεγε,
1283 4620 1393 4673 δεῖν
1430 4625 1760 4692 προσκυνεῖν

166 4724 262 4783 τὰς
292 4718 490 4788 τιμίας
514 4715 752 4779 είκόνας,
803 4712 901 4766 καὶ
947 4714 1113 4783 τιμᾷν
1159 4712 1329 4773 αὐτὰς
1380 4714 1559 4767 πάντα
1622 4715 1763 4785 Χρι-

172 4813 383 4865 ctuva
409 4806 707 4878 ηετικῶς,
726 4806 802 4868 ὡς
833 4806 930 4874 τῆς
956 4808 1124 4875 τιμῆς
1143 4805 1526 4876 διαϐαινούσης
1546 4807 1639 4859 ἐπὶ
1667 4807 1760 4862 τὸν

172 4904 554 4975 πρωτότυπον.
612 4899 745 4949 Τότε
822 4896 997 4959 δεθεὶς
1072 4896 1295 4967 σχοινίῳ
1323 4898 1416 4951 τὸν
1466 4898 1756 4969 τράχηλον,

172 4999 399 5067 ἐσύρετο
419 4994 507 5045 ἐπ’
535 4992 740 5061 ἀγορᾶς
765 4989 839 5053 ὼς
857 4989 1185 5058 κακοῦργος.
1208 4985 1343 5042 Εἶτα
1367 4990 1582 5062 φυλακῇ
1615 5010 1758 5063 παρα

173 5090 322 5158 εδόθη
353 5104 367 5116 ·
406 5085 508 5139 καὶ
556 5083 873 5153 δημευθεὶς.
906 5083 1001 5135 καὶ
1030 5082 1338 5152 γυμνωθεὶς
1380 5086 1474 5137 τοῦ
1521 5085 1754 5138 πλούτου

175 5182 363 5245 αὐτοῦ,
400 5176 545 5248 μετὰ
570 5176 671 5243 τῆς
718 5175 975 5243 γυναικὸς
1010 5175 1174 5228 αὑτοῦ
1216 5176 1477 5246 Εἰρήνης,
1526 5178 1622 5230 καὶ
1650 5178 1761 5231 τῶν

172 5277 401 5335 τέκνων,
444 5266 743 5337 ἐξωρίσθη.
780 5264 952 5319 Ἔνθα
1012 5266 1213 5327 πολλὰς
1270 5266 1476 5335 θλίψεις
1512 5270 1605 5320 καὶ
1640 5286 1761 5322 ποι-

174 5368 356 5427 κῡιους
415 5358 765 5431 πειρασμοὺς
797 5357 1118 5427 ὑπομείνας,
1155 5357 1291 5430 πρὸς
1338 5360 1543 5429 Κύριον
1577 5360 1761 5432 ἐξεδή-

179 5476 372 5528 μησεν.

175 5554 278 5604 Καὶ
302 5546 514 5618 μνήμη
546 5543 652 5598 τοῦ
684 5542 861 5597 ὁσίου
892 5544 1123 5609 Πατρός
1151 5541 1321 5611 ἡμῶν
1349 5544 1758 5602 Παυσικάκου.

244 5642 599 5699 Παυσίκακος
629 5638 657 5689 6
688 5638 747 5689 ὲν
778 5637 954 5702 ἁγίοις
993 5636 1181 5705 Πατὴρ
1216 5636 1369 5705 ἡμῶν
1414 5638 1626 5709 ὑπῆρχε
1661 5639 1762 5709 μὲν

181 5738 239 5786 ἐκ
290 5736 393 5803 τῆς
466 5730 678 5793 πόλεως
740 5730 1069 5798 Ἀπαμείας,
1126 5730 1189 5780 ἐκ
1244 5731 1446 5796 γονέων
1482 5732 1763 5803 γεννηθεὶς

183 5827 440 5883 ιζδῖιῆὦν.
509 5824 719 5894 ’ἰατρὸς
773 5823 824 5876 δὲ
887 5822 961 5877 ὢν
1012 5824 1106 5894 τὴν
1168 5824 1381 5894 τέχνην,
1432 5828 1762 5899 περιήρχετο

1864 4630 1936 4683 mi
1967 4629 2165 4683 liducia
2196 4628 2592 4697 pronuntiavit,
2628 4626 2959 4679 venerandas
3014 4625 3280 4694 imagines
3338 4623 3444 4675 coli

1862 4728 2134 4789 oportere,
2168 4719 2308 4773 etab
2348 4720 2603 4772 omnibus
2651 4718 2976 4773 Christianis
3034 4719 3229 4771 merito
3274 4720 3446 4770 hono-

1863 4814 1993 4876 rari,
2027 4813 2247 4880 perinde
2281 4827 2345 4866 ac
2362 4812 2405 4865 si
2443 4811 2619 4864 honor
2649 4810 2737 4864 ille
2765 4819 3047 4880 prototypo
3072 4810 3441 4864 exhiberetur.

1863 4905 2003 4960 Tum
2036 4905 2165 4959 fune
2214 4906 2333 4973 ejus
2386 4904 2528 4958 collo
2574 4904 2816 4971 alligato,
2850 4914 3109 4971 tanquam
3164 4903 3444 4955 maleﬁcus

1863 5014 1927 5053 ac
1966 4998 2227 5052 scelestus
2256 5012 2351 5064 per
2382 4994 2587 5065 plateas
2638 5005 2945 5065 pertractus
2989 4994 3091 5047 fuit
3119 5012 3131 5047 :
3163 4994 3356 5047 deinde
3388 4994 3441 5046 iu

1863 5105 2139 5146 carcerem
2204 5089 2482 5154 detrusus,
2512 5104 2575 5141 ac
2626 5088 2839 5157 publice
2881 5102 3003 5141 reus
3066 5086 3442 5148 denuntiatus,

1862 5183 2176 5252 divitiisque
2204 5181 2320 5236 suis
2348 5182 2595 5244 orbatus,
2633 5196 2739 5233 una
2774 5195 2897 5232 cum
2940 5193 3109 5232 uxore
3136 5193 3233 5231 sua
3267 5176 3442 5241 lrene,

1864 5293 1928 5332 ac
1958 5277 2165 5337 liberis,
2198 5276 2250 5329 in
2284 5274 2543 5328 exsilium
2592 5274 2794 5327 missus
2822 5280 2904 5325 est
2932 5287 2945 5322 :
2973 5272 3065 5324 ubi
3096 5286 3218 5325 cum
3274 5271 3444 5337 pluri-

1864 5385 1983 5425 mas
2025 5367 2406 5424 tribulationes
2438 5369 2792 5434 diversasque
2822 5378 3096 5418 aerumnas
3150 5364 3443 5417 sustinuis-

1865 5471 1969 5527 set,
2000 5461 2252 5530 migravit
2278 5460 2342 5513 ad
2378 5460 2691 5514 Dominum.

1974 5553 2041 5607 Et
2086 5554 2342 5607 memoria
2376 5554 2551 5605 sancti
2602 5550 2782 5604 Patris
2822 5551 2990 5603 nostri
3028 5548 3334 5603 Pausicaci.

1940 5642 2174 5699 Sanctus
2198 5642 2357 5697 Pater
2384 5653 2569 5697 noster
2592 5641 2923 5696 Pausicacus
2946 5657 3010 5695 ex
3040 5641 3170 5694 urbe
3203 5643 3441 5709 Apamea

1867 5736 2150 5802 oriundus,
2188 5736 2291 5805 piis
2342 5734 2658 5804 parentibus
2714 5744 2892 5799 natus,
2931 5746 3053 5787 cum
3108 5731 3446 5801 professione

1870 5830 2111 5887 medicus
2145 5837 2309 5893 esset,
2337 5828 2499 5883 urbes
2539 5841 2599 5883 ac
2628 5826 2879 5897 regiones
2927 5824 3250 5897 peragravit,
3277 5839 3449 5895 aegro-
