4146 6518
695 431 805 496 495

1968 436 2401 498 MENOLOGII
2441 437 2634 498 PARS
2675 440 2766 498 Ιῐῐ

3853 441 3965 506 496

696 541 1086 607 interpretatur
1139 537 1304 591 Filius
1343 539 1740 593 consolationis.
1795 541 1869 594 Ex
1915 544 2058 597 tribu
2107 555 2267 599 auten

2399 563 2508 599 ται.
2531 547 2928 616 Ἐρμηνεύεται
2955 547 3111 602 τοῦτο
3136 549 3194 601 τὸ
3212 549 3382 620 ὄνομα
3405 550 3529 616 Υἱὸς
3555 553 3973 624 παρακλήσεως,

698 631 829 685 Levi
855 641 1030 685 ortum
1063 631 1239 693 duxit,
1274 631 1326 683 in
1364 631 1542 702 Cypro
1584 634 1762 686 insula
1793 643 1952 689 natus
1982 646 2034 690 et
2067 637 2273 692 educa-

693 734 801 778 tus.
849 722 944 776 llic
1002 721 1211 790 primus
1263 720 1672 792 Hierosolymis,
1720 724 1908 779 Romae
1939 735 1993 779 et
2037 728 2274 782 Alexan-

691 815 822 868 driae
847 813 1158 883 praedicavit
1178 813 1384 868 Christi
1417 814 1794 883 Evangelium.
1831 817 2116 873 Profectus
2143 835 2273 874 vero

692 911 742 961 in
773 906 1034 977 Cyprum,
1069 921 1099 960 a
1144 905 1348 961 Judaris
1387 917 1437 960 et
1476 905 1682 963 Graecis
1724 908 1995 978 lapidatus
2051 910 2271 980 ignique

688 998 920 1052 traditus
973 1009 1059 1054 est
1101 1016 1115 1053 :
1168 998 1324 1067 cujus
1385 1012 1584 1068 corpus
1632 998 1850 1055 Marcus
1901 1003 2183 1070 apostolus
2217 1012 2271 1058 et

686 1089 1023 1159 evangelista
1059 1088 1358 1153 sublatum,
1406 1089 1460 1142 in
1504 1089 1738 1158 quadam
1787 1089 2047 1159 spelunca
2101 1093 2269 1161 depo-

686 1179 816 1233 suit.
848 1177 1049 1232 Deindc
1081 1192 1206 1231 cum
1241 1175 1514 1246 Ephesum
1566 1179 1902 1246 navigasset,
1933 1187 1985 1231 et
2023 1177 2088 1231 ad
2130 1177 2270 1231 Pau-

687 1274 799 1326 lum
857 1271 1114 1334 venisset,
1171 1271 1318 1324 hunc
1361 1271 1428 1323 de
1478 1269 1741 1324 Barnabre
1786 1271 1937 1324 obitu
1982 1272 2265 1324 certiorem

687 1363 834 1420 fecit.
869 1365 1082 1418 Plauin
1119 1375 1296 1418 autem
1328 1362 1638 1417 Barnabam
1686 1363 1904 1418 Marcus
1931 1364 2264 1419 diutissime.

687 1455 894 1509 Dicitur
939 1456 1028 1511 hic
1067 1455 1238 1510 fuisse
1285 1457 1533 1525 sepultus
1579 1456 1743 1510 simul
1797 1471 1922 1510 cum
1970 1456 2267 1523 Evangelia

684 1548 1055 1604 Matthzeiasc
1088 1551 1316 1620 scripto,
1369 1560 1421 1604 et
1455 1551 1676 1603 invento
1728 1557 1914 1617 postea
1969 1562 2091 1602 cum
2133 1561 2268 1615 apo-

683 1645 879 1699 stolico
935 1659 1203 1713 corpore:
1249 1643 1392 1698 unde
1449 1654 1501 1698 et
1554 1642 1899 1712 privilegium
1945 1647 2275 1709 acceperunt

683 1736 889 1803 fideles,
917 1738 1061 1806 quod
1095 1738 1208 1791 haec
1245 1737 1490 1807 ipsorum
1543 1737 1722 1792 insula
1778 1733 1981 1788 nemini
2037 1733 2272 1786 aliorum

683 1830 1064 1897 episc0porum
1105 1830 1259 1900 131
1305 1829 1648 1898 subjiciatur,
1710 1827 1802 1882 sed
1836 1843 1866 1879 ει
1907 1824 2133 1895 proprio
2161 1823 2276 1892 epi-

684 1937 851 1992 scopo
873 1923 1170 1978 ordinetur.

1212 2011 1448 2068 EODEM
1488 2011 1742 2066 MENSE.

1233 2108 1332 2161 Die
1372 2107 1700 2160 duodecima

861 2200 1125 2256 Memoria
1155 2201 1328 2254 sancti
1364 2200 1548 2252 Patris
1587 2200 1756 2252 nostri
1804 2198 2088 2268 Onup/irii.

756 2313 991 2367 Sanctus
1033 2309 1192 2364 Pater
1222 2317 1411 2364 noster
1440 2308 1758 2378 Onuphrius
1791 2324 1854 2362 ex
1892 2308 2114 2378 regione
2147 2307 2265 2377 qui-

683 2406 810 2459 dem
843 2403 1057 2473 Aigypti
1083 2402 1351 2472 originem
1387 2400 1582 2464 traxit;
1617 2410 1867 2454 versatus
1888 2410 1970 2454 cst
1997 2409 2177 2455 autem
2211 2402 2264 2454 in

687 2496 938 2551 emnobio
1001 2495 1182 2566 posito
1241 2494 1398 2563 juxta
1450 2491 1858 2560 Thermopolim
1929 2491 2260 2547 Thebarum.

685 2589 821 2643 Cum
853 2601 983 2641 vero
1007 2587 1248 2641 audisset
1270 2585 1431 2637 vitam
1462 2583 1852 2652 prophetarum
1875 2581 2000 2634 Elia:
2021 2593 2074 2634 et
2100 2580 2266 2634 Joan-

689 2681 772 2735 nis
830 2677 1221 2742 Prmcursoris,
1270 2675 1492 2730 eosdem
1550 2673 1871 2734 annulatus,
1930 2687 1960 2725 e
2013 2673 2262 2726 cmuohio

682 2786 966 2839 egressus,
989 2785 1234 2825 eremum
1254 2769 1426 2838 petiit,
1464 2767 1646 2835 ibique
1681 2766 1745 2820 ad
1784 2781 1955 2819 annos
1983 2765 2262 2835 sexaginta

685 2865 948 2919 habitavit
1005 2879 1020 2916 :
1070 2877 1183 2933 quo
1231 2861 1408 2929 spatio
1470 2861 1677 2912 multum
1717 2860 1944 2912 omnino
1977 2859 2261 2911 hominum

681 2958 851 3022 vidit;
882 2956 1055 3009 donec
1086 2956 1386 3008 monachus
1411 2952 1634 3022 quidam
1669 2951 2010 3019 Paphnutius
2033 2950 2086 3002 in
2122 2949 2262 3004 intc—

685 3051 888 3103 riorem
923 3061 1168 3101 crcmum
1195 3060 1539 3115 progressus,
1571 3053 1630 3097 ut
1656 3059 1685 3097 a
1713 3043 1846 3096 viris
1868 3042 2074 3097 sanctis
2099 3042 2263 3096 bene-

682 3138 974 3192 dictionem
1040 3145 1262 3205 peteret,
1319 3135 1470 3188 illum
1526 3133 1748 3202 reperit.
1794 3131 2044 3201 Cumque
2098 3131 2262 3187 simul

682 3229 1076 3288 consedissent,
1134 3225 1335 3280 rescire
1386 3224 1597 3293 optanti
1645 3221 1955 3293 Paphnutio
1996 3238 2118 3292 quae
2167 3239 2260 3292 per

2381 637 2446 687 ἐκ
2478 637 2649 705 φυλῆς
2669 637 2798 690 Λευῒ
2825 636 3166 709 ὁρμώμενος.
3184 641 3346 694 Κατὰ
3362 642 3463 710 τὴν
3485 641 3707 710 Κύπρον
3726 643 3780 695 δὲ
3809 647 3976 713 νῆσον

2389 727 2675 796 γεννηθεὶς
2693 731 2784 782 καὶ
2808 732 3056 801 τραφεὶς,
3078 727 3231 795 οὗτος
3258 733 3474 802 πρῶτος
3503 733 3560 786 ἐν
3589 735 3973 804 Ἰερουσαλὴμ,

2381 820 2474 872 καὶ
2505 821 2561 872 ἐν
2607 821 2815 895 Ῥώμῃ,
2852 824 2945 876 καὶ
2990 823 3368 896 Ἀλεξανδρεία
3410 826 3643 897 ἐκήρυξε
3688 830 3747 879 τὸ
3786 827 3975 895 Εὐαγ-

2379 911 2558 980 γέλιον
2616 913 2710 965 τοῦ
2767 915 3026 983 Χριστοῦ.
3103 917 3210 970 Καὶ
3268 917 3519 972 ἀπελθὼν
3601 919 3660 970 ἐν
3735 919 3973 990 Κύπρῳ,

2382 1003 2485 1056 ὑπό
2530 1021 2591 1056 τε
2647 1004 2921 1058 Ἰουδαίων
2977 1007 3071 1060 καὶ
3127 1007 3401 1077 Ἑλλήνων
3448 1007 3616 1072 λίθοις
3677 1010 3972 1075 κτείνέται,

2381 1097 2469 1149 καὶ
2503 1098 2638 1168 πυρὶ
2694 1100 3076 1169 παραδίδοταιο
3130 1101 3191 1154 ὃν
3215 1103 3442 1173 Μάρκος
3483 1105 3510 1156 ό
3538 1105 3838 1169 ἀπόστολος
3875 1111 3974 1158 καὶ

2377 1190 2771 1262 εὖαγγελιστὴς
2822 1193 3179 1263 συγκομίσας,
3228 1194 3381 1248 ἔθετο
3419 1197 3478 1248 ἐν
3531 1197 3806 1268 σπηλαίῳ.
3858 1199 3974 1251 Καὶ

2378 1274 2687 1344 ἐκπλεύσας
2733 1285 2813 1346 είς
2874 1286 3109 1354 Ἔφεσον
3161 1287 3300 1358 πρὸς
3348 1289 3580 1352 Παῦλον,
3644 1291 3972 1360 ἀνήγγειλεν

2379 1373 2528 1443 αὑτῷ
2557 1375 2655 1445 τὴν
2696 1375 2974 1429 τελείωσιν
3007 1379 3282 1448 Βαρνάϐα.
3339 1381 3611 1434 Ἒκλαυσε
3655 1381 3711 1432 δὲ
3743 1383 3910 1434 αὐτὶ-ν
3945 1386 3973 1432 ὁ

2375 1467 2604 1537 Μάρκος
2641 1467 2734 1520 ἐπὶ
2776 1469 2934 1520 πολύ.
2968 1466 3136 1533 Οὗτος
3184 1470 3401 1538 λέγεται
3435 1473 3701 1541 τεθάφθαι
3737 1473 3852 1541 ἅμα
3890 1474 3974 1542 τῷ

2379 1563 2470 1615 ὑπ’
2498 1562 2666 1616 αὑτοῦ
2699 1565 2967 1632 γραφέντι
2998 1565 3139 1616 κατά
3186 1565 3463 1619 Ματθαῖον
3499 1567 3838 1636 Εὖαγγελίῳ,
3890 1568 3973 1634 τῷ

2380 1655 2475 1706 καὶ
2526 1654 2817 1725 ἐσύστερον
2872 1656 3182 1725 εὖρενθέλντι
3240 1657 3382 1724 μετὰ
3441 1657 3535 1710 τοῦ
3596 1659 3969 1710 ἀποστολικοῦ

2386 1748 2656 1815 σώματος,
2693 1747 2815 1800 ὅθεν
2852 1750 2942 1800 καὶ
2982 1749 3276 1818 προνόμιον
3309 1750 3498 1802 ἔλαϐον
3539 1752 3588 1802 οἱ
3638 1752 3838 1817 πιστοὶ,
3887 1753 3969 1820 μὴ

2387 1839 2706 1892 ὑποκεῖσθαι
2729 1840 2832 1892 ὑπό
2849 1858 2965 1893 τινα
2983 1843 3092 1892 τῶν
3111 1841 3284 1894 ἄλλων
3304 1843 3620 1894 ἐπισκόπων
3637 1843 3842 1912 ταύτην
3864 1845 3931 1910 τὴ
3939 1864 3968 1892 ν

2389 1933 2570 2002 νῆσον,
2598 1931 2709 1986 ἀλλ’
2737 1932 2838 1986 ὑπὸ
2867 1933 2959 1985 τοῦ
2988 1933 3116 1987 ἰδίου
3139 1934 3439 1986 ἐπισκόπου
3475 1935 3919 2004 χειροτονεῖσθαι.

2902 2024 3080 2077 MHNI
3112 2022 3198 2094 Τῼ
3226 2024 3430 2094 arra.

3110 2115 3190 2168 lB'

2403 2205 2620 2276 Μνήμη
2658 2207 2764 2261 τοῦ
2797 2208 2973 2261 ὁσίου
3014 2208 3241 2276 Πατρός
3287 2206 3457 2276 ἡμῶν
3511 2209 3892 2276 Ὀνουφρίοιι.

2451 2315 2510 2368 '0
2559 2318 2616 2368 ἐν
2667 2316 2844 2384 ἁγίοις
2894 2317 3086 2387 Πατὴρ
3131 2316 3287 2387 ἡμῶν
3337 2317 3657 2388 Ὀνούφριος
3711 2318 3967 2387 ὑπῆρχεν

2370 2407 2469 2476 μὲν
2497 2409 2560 2460 ἐκ
2594 2409 2693 2476 τῆς
2725 2408 2906 2478 χώρας
2953 2409 3230 2478 Αἰγύπτου
3258 2427 3270 2440 ·
3319 2409 3555 2480 διέτριϐε
3593 2411 3650 2464 δὲ
3681 2413 3738 2462 ἐν
3777 2429 3967 2463 mmo-

2367 2501 2470 2572 ϐίῳ
2517 2500 2853 2572 διακειμένῳ
2906 2503 2964 2553 ἐν
3010 2501 3385 2571 Θερμουπόλει
3429 2502 3538 2553 τῶν
3590 2501 3804 2570 Θηϐῶν,
3847 2503 3966 2554 Ka‘t

2367 2594 2608 2657 ἀκούσας
2638 2594 2729 2646 τὸν
2754 2594 2868 2664 βίον
2893 2594 3003 2646 τῶν
3031 2593 3327 2664 προφητῶν
3375 2594 3554 2645 Ἠλίου
3578 2594 3672 2646 καὶ
3711 2594 3966 2647 Ἰωάννου

2365 2686 2460 2737 τοῦ
2495 2685 2831 2756 Προδρόμου,
2856 2686 2948 2737 καὶ
2973 2685 3243 2753 ζηλώσας,
3269 2683 3501 2747 ἐξελθὼν
3529 2684 3623 2736 τοῦ
3654 2685 3955 2743 κοινοϐίου,

2367 2776 2548 2844 ᾤκησε
2581 2776 2680 2846 τὴν
2729 2775 2934 2845 ἔρημον
2969 2777 3062 2828 ἐπὶ
3112 2774 3206 2845 ἔτη
3249 2776 3534 2844 ἐξήκοντα,
3571 2775 3857 2843 ἄνθρωπον
3898 2777 3964 2826 τ),

2371 2868 2590 2920 σύνολον
2645 2867 2717 2938 μὴ
2754 2866 3035 2938 ἑωρακώς.
3070 2867 3319 2935 Μοναχὲς
3357 2865 3414 2918 δέ
3463 2881 3567 2928 τις,
3619 2867 3966 2934 [have-itm;

2367 2958 2557 3027 ὄνομα,
2609 2959 2862 3027 χωρήσας
2896 2959 2952 3018 ἐς
2999 2957 3067 3008 τὰ
3105 2955 3364 3008 ἐνδότατα
3396 2955 3494 3023 τῆς
3547 2956 3755 3024 ἐρήμου
3799 2957 3963 3006 εὐλο-

2373 3050 2609 3120 γηθῆναι
2641 3050 2745 3101 ὑπὸ
2780 3049 2949 3116 ἁγίων
2983 3047 3215 3117 ἀνδρῶν,
3263 3041 3424 3116 εὗρεν
3463 3048 3645 3112 αὐτὸν,
3686 3049 3780 3099 καὶ
3827 3048 3972 3098 καθ’

2375 3137 2498 3201 ίσας
2549 3139 2775 3208 πλησίον
2826 3138 3014 3201 αὑτοῦ,
3068 3137 3442 3205 παρεκάλεσεν
3498 3138 3680 3200 αὐτό-ιι,
3731 3137 3967 3190 εἰπόντα

2366 3234 2458 3283 καὶ
2501 3230 2678 3294 τοῦτο,
2723 3231 2804 3281 ὅτι
2864 3229 3072 3290 Πάντες
3105 3230 3153 3280 οἱ
3210 3231 3266 3280 ἐν
3296 3231 3360 3298 τῇ
3413 3228 3605 3297 ἐρήμῳ
3647 3230 3970 3299 τρεφόμεθα

684 3320 816 3373 illud
861 3318 1209 3372 intervallum
1265 3318 1526 3370 hactenus
1579 3316 1915 3379 acciderant,
1983 3319 2263 3385 respondit

2376 3323 2476 3375 ἀπὸ
2507 3324 2620 3374 τῶν
2654 3322 2918 3390 βοτανὼντ
2957 3322 3054 3390 τὴν
3110 3321 3166 3372 δὲ
3204 3321 3366 3387 ἁγίαν
3397 3321 3681 3372 κοινωνίαν
3732 3321 3974 3389 κομιζό-

683 3411 1002 3481 Unupbrius
1044 3429 1057 3463 :
1093 3408 1293 3464 Omnes
1324 3409 1415 3478 qui
1447 3424 1691 3462 eventum
1725 3409 1978 3474 colimus,
2019 3410 2263 3465 oleribus

681 3507 958 3559 vescimur
989 3521 1002 3556 :
1037 3517 1250 3557 sacram
1285 3512 1464 3556 autem
1488 3501 1946 3554 Connnunionem
1980 3501 2050 3555 ab
2073 3502 2264 3572 angelo

684 3595 1004 3664 accipimus.
1039 3591 1332 3647 llecessutn
1360 3607 1526 3662 porro
1555 3591 1667 3661 jam
1698 3592 1979 3646 meditanti
2004 3592 2264 3661 Paphnu-

686 3687 781 3751 tio,
810 3686 1044 3754 subjecit
1080 3683 1397 3753 Onuphrius
1434 3702 1446 3736 :
1473 3681 1650 3748 Mane,
1671 3683 1766 3748 fili,
1794 3684 1973 3738 adhuc
2003 3693 2056 3738 ct
2081 3683 2264 3750 hodie,

683 3781 944 3847 quoniam
993 3779 1115 3831 linis
1165 3777 1285 3830 vite
1333 3791 1466 3829 mea:
1511 3775 1698 3840 instat,
1739 3791 1933 3845 meque
1977 3777 2269 3846 sepultura:

2371 3415 2516 3484 μεθα
2549 3414 2652 3466 ὑπὸ
2691 3411 2946 3480 ἀγγέλου.
2987 3412 3206 3464 Θέλοντι
3241 3412 3297 3462 δὲ
3333 3411 3690 3481 ὑποχωρῆσαι
3731 3412 3810 3478 τῷ
3845 3413 3968 3464 Πα-

2369 3505 2623 3574 φνουτίῳ,
2650 3501 2800 3556 εἶπεν
2815 3507 2840 3556 ὁ
2857 3503 3194 3572 Ὀνούφριο;·
3220 3505 3440 3566 Μεῖνον,
3459 3503 3670 3564 τέκνον,
3693 3503 3756 3570 σή
3769 3521 3831 3569 με
3843 3520 3968 3572 ρον,

2373 3598 2455 3649 ὅτι
2482 3594 2814 3663 τελειοῦμαι,
2843 3596 2936 3646 καὶ
2967 3594 3136 3662 θάψον
3173 3612 3264 3663 με.
3297 3593 3403 3646 Καὶ
3436 3592 3608 3644 ταῦτα
3639 3592 3828 3654 εἰπὼν,
3868 3594 3971 3644 καὶ

2371 3687 2697 3751 τελειωθεὶς,
2745 3686 2922 3756 ἑτάρη
2955 3687 3011 3737 ἐν
3046 3686 3222 3755 πέτρα
3271 3682 3599 3746 cumaea;
3652 3681 3730 3752 τῷ
3770 3683 3971 3752 ἡμίσει

2374 3778 2467 3830 τοῦ
2499 3777 2862 3845 Παφνουτίου·
2894 3778 3098 3846 γυμνὸς
3133 3779 3242 3846 γὰρ
3273 3773 3362 3846 ἦν.

688 3875 905 3927 manda.
971 3875 1148 3940 Atque
1203 3872 1319 3925 hanc
1386 3870 1722 3940 prolocutus,
1775 3879 1996 3939 repente
2029 3872 2345 3941 exspiravit,
2381 3872 2736 3942 sepultusque
2789 3881 2874 3926 est
2921 3871 2976 3924 in
3025 3879 3199 3941 petra,
3249 3880 3470 3938 opertus
3526 3868 3754 3922 dimidio
3807 3869 3971 3939 pallii

686 3969 929 4039 ejusdem
960 3965 1249 4035 Paphnutii
1290 3982 1302 4018 :
1333 3963 1514 4017 nudus
1543 3964 1686 4016 enim
1720 3971 1858 4017 erat.

863 4060 928 4114 Et
965 4071 1229 4114 certamen
1263 4067 1459 4112 sancta:
1489 4058 1770 4111 Antonino:
1807 4059 2082 4128 martyris.

757 4169 960 4240 Martyr
1017 4167 1220 4222 Christi
1270 4166 1570 4230 Antonina,
1628 4163 1964 4220 Diocletiano
1996 4174 2050 4219 et
2084 4165 2263 4220 Maxi«

689 4265 871 4318 miano
919 4261 1338 4332 imperantibus,
1389 4257 1585 4314 Nicwa:
1619 4260 1835 4313 claruit.
1878 4259 1960 4314 0b
1999 4259 2266 4313 Christia-

692 4372 816 4408 nam
857 4368 984 4407 vero
1018 4353 1175 4406 fidem
1210 4361 1364 4422 capta
1402 4367 1430 4404 a
1469 4350 1721 4421 przeside,
1751 4349 1977 4419 ﬂagellis
2008 4365 2170 4414 caesa,
2214 4351 2267 4402 in

691 4461 968 4504 carcerem
1000 4445 1308 4499 detruditur
1343 4463 1356 4498 :
1388 4443 1730 4512 postmodum
1754 4457 1783 4494 e
1809 4457 2028 4495 carcere
2053 4442 2268 4506 educta,

689 4552 744 4594 et
804 4542 858 4594 in
901 4539 1195 4608 equuleum
1252 4548 1426 4607 rapta,
1470 4537 1734 4590 lateribus
1786 4535 2109 4589 dilaniatur.
2149 4534 2271 4587 Mox

2412 4057 2520 4112 Kal
2551 4058 2810 4125 ἄθλησις
2841 4057 2950 4125 τῆς
2991 4057 3162 4126 ἁγίας
3189 4054 3490 4124 μάρτυρος
3544 4053 3930 4119 Ἄντων-ἕνης.

2462 4165 2749 4220 Ἀντωνίνα
2789 4167 2822 4234 ἡ
2875 4163 2966 4217 τοῦ
2996 4160 3236 4232 Χριστοῦ
3275 4161 3488 4230 μάρτυς
3517 4154 3583 4228 ἦν
3627 4160 3690 4210 ἐκ
3722 4158 3819 4225 τῆς
3866 4161 3973 4210 πό-

2370 4259 2508 4322 λεως
2539 4258 2772 4319 Νικαίας
2812 4258 2906 4309 ἐπὶ
2965 4255 3065 4324 τῆς
3114 4254 3398 4325 βασιλείας
3438 4248 3818 4320 Διοκλητιανοῦ
3868 4255 3976 4301 κα·-⁸

2374 4350 2742 4421 Μαξιμιανοῦ.
2804 4349 3108 4420 Χριστιανὴ
3160 4349 3216 4400 δὲ
3264 4344 3420 4409 οὖσα,
3473 4343 3752 4413 ἐκρατήθη
3807 4347 3976 4411 παρὰ

2374 4444 2467 4497 τοῦ
2494 4445 2772 4513 ἄρχοντος.
2829 4442 2937 4494 Καὶ
2990 4441 3256 4509 τυφθεῖσα
3301 4437 3570 4507 μάστιξιν.
3619 4433 3978 4502 ἀπεκλείσθη

2377 4535 2457 4597 εἰς
2492 4535 2763 4602 φυλακήν.
2797 4533 2907 4584 Kal.
2943 4533 3082 4600 μετά
3108 4529 3284 4581 ταῦτα
3328 4531 3426 4596 τῆς
3472 4526 3715 4593 φυλακῆς
3764 4525 3982 4592 ὲκὶλτςο

691 4631 1011 4686 ardentibus
1046 4629 1235 4700 prunis
1277 4628 1747 4698 superimponitur
1781 4645 1793 4679 :
1825 4627 2020 4681 deinde
2061 4626 2267 4681 subtilis

2377 4627 2550 4691 θεῖσα,
2583 4625 2900 4696 ἐκρεμάσθη
2944 4626 3038 4676 ἐπὶ
3084 4622 3264 4686 ξύλον,
3296 4621 3392 4672 καὶ
3426 4618 3618 4684 ἐξέσθη
3649 4620 3746 4678 τὰς
3792 4616 3983 4667 πλευ-

690 4722 1052 4776 candentibus
1106 4720 1281 4774 eidem
1323 4734 1518 4773 manus
1565 4718 1936 4788 perferantur,
1972 4732 2040 4771 ex
2073 4719 2272 4786 quibus

691 4813 1081 4868 suavissimum
1109 4813 1332 4866 odorem
1364 4809 1567 4864 emavit
1601 4827 1615 4864 :
1649 4818 1928 4880 postremo
1955 4809 2274 4863 transfossis

693 4905 838 4969 talis,
876 4903 1083 4956 carceri
1119 4904 1315 4955 iterum
1355 4899 1652 4955 includitur
1686 4915 1700 4951 :
1731 4899 1820 4952 ubi
1851 4896 2056 4952 Christi
2085 4899 2274 4952 visita-

697 4998 842 5051 tioue
868 5004 1080 5057 curata,
1106 5011 1204 5065 per
1221 4994 1497 5048 biennium
1532 4993 1584 5045 in
1611 4992 1857 5045 custodia
1889 4991 2272 5060 perseveravit,

695 5089 856 5152 fame,
897 5088 1008 5150 siti,
1045 5097 1098 5140 et
1151 5086 1308 5156 132
1349 5085 1562 5139 exteris
1622 5084 1886 5137 aerumnis
1937 5081 2268 5135 conflictata.

695 5177 825 5231 Post
855 5177 968 5231 haec
999 5193 1030 5231 e
1080 5178 1331 5230 custodia
1376 5185 1639 5237 extraua,
1681 5172 2070 5240 c0inpnlsaque
2113 5170 2270 5225 Chri-

697 5277 844 5323 stum
898 5285 1112 5338 negare,
1176 5283 1298 5322 cum
1363 5267 1588 5321 minime
1633 5265 2026 5333 acquiesceret,
2061 5262 2115 5315 in
2162 5271 2272 5317 sta-

697 5375 862 5428 gnum
880 5362 1117 5429 projecta
1151 5358 1271 5424 fuit,
1294 5359 1383 5412 ubi
1422 5359 1638 5411 beatum
1677 5356 1835 5408 linem
1859 5353 1977 5407 lana
2004 5353 2266 5420 suscepit.

2379 4719 2499 4788 ράς.
2533 4718 2641 4769 Καὶ
2672 4717 2764 4767 ἐπὶ
2796 4716 3033 4783 ἐσχάρας
3061 4709 3580 4780 πεπυρακτωμένης
3618 4706 3801 4776 ἐτέθη.
3830 4704 3982 4759 Εἶτα

2377 4808 2769 4879 κατετρυπήθη
2821 4808 2922 4867 τὰς
2969 4807 3160 4873 χεῖρας
3195 4801 3462 4862 σουόλίοις
3509 4799 3872 4866 πυρωθεῖσιν,
3912 4799 3986 4862 ἐξ

2377 4893 2451 4950 ὧν
2483 4899 2828 4968 ἀνεπέμπετο
2878 4896 3074 4948 εὐωδία
3109 4893 3473 4962 θυμιάματος.
3513 4888 3873 4960 Χαραχθεῖσα
3916 4891 3982 4942 ἑὲ

2380 4993 2476 5044 καὶ
2506 4992 2631 5051 τοὺς
2683 4988 3082 5058 ἀστραγάλους,
3117 4986 3278 5038 πάλιν
3304 4982 3636 5049 ἀπεκλείσθη
3669 4983 3745 5042 εἰς
3789 4980 3984 5048 φυλα-

2387 5084 2510 5152 κήν.
2559 5081 2669 5136 Ka‘t
2702 5084 2766 5151 τῇ
2798 5081 2892 5133 τοῦ
2935 5077 3173 5148 Χριστοῦ
3205 5076 3495 5143 ἐπισκέψει
3527 5072 3980 5142 θεραπευθεῖσα.

2379 5176 2471 5226 ἐπὶ
2503 5173 2624 5226 δυσὶ
2671 5174 2883 5244 χρόνοις
2927 5171 3299 5240 ἐκαρτέρησεν
3340 5170 3398 5220 ἐν
3444 5169 3511 5235 τῇ
3543 5165 3782 5234 φυλακῇ,
3819 5165 3985 5235 λιμῷ

2380 5266 2474 5318 καὶ
2503 5267 2667 5335 δίψει,
2718 5265 2812 5317 καὶ
2861 5267 2927 5332 τῇ
2965 5265 3126 5331 λοιπῇ
3177 5259 3450 5329 κακουχίᾳ.
3490 5257 3983 5328 προσπαλαξουσα.

2381 5359 2490 5409 Καὶ
2529 5360 2668 5428 μετᾶ
2697 5358 2872 5410 ταῦτα
2921 5354 3251 5423 ἐκϐληθεῖσα
3294 5353 3394 5420 τῆς
3430 5351 3673 5418 φυλακῆς
3707 5349 3836 5414 ἔξω,
3875 5355 3987 5405 καὶ

697 5452 1036 5525 ἀρνήσασθαι
1085 5453 1173 5505 τὸν
1237 5452 1472 5522 Χριστὸν
1517 5447 1960 5518 ἀναγκασθεῖσι,
2015 5447 2108 5498 καὶ
2159 5447 2235 5516 μὴ
2295 5451 2600 5518 πεισθεῖσα,
2658 5453 2860 5523 ἐῤῥίφη
2902 5452 2959 5502 ἐν
3007 5452 3073 5519 τῇ
3143 5448 3331 5516 λίμνῃ,
3371 5445 3500 5498 ἔνθα
3551 5446 3611 5496 τὸ
3653 5441 3946 5512 μακάριον

699 5553 963 5620 χαίρουσα.
995 5544 1144 5607 τέλος
1170 5543 1404 5607 ἐδέξατο.

1219 5658 1448 5716 EODEM
1491 5656 1636 5712 ΜΕΝ
1646 5657 1746 5711 SE.
1779 5709 1786 5722 ,

1199 5754 1290 5810 Die
1343 5754 1552 5808 decima
1601 5751 1757 5805 tertia

924 5848 1198 5902 Certamen
1233 5856 1432 5897 sancta:
1479 5842 1732 5912 martyris
1766 5840 2053 5910 Aquilium.

773 5943 978 6013 Μαι-ψ·
1017 5938 1219 5996 Christi
1253 5937 1528 6008 Aquilino,
1573 5933 1812 6004 Trajaao
1859 5932 2184 6003 imperante,
2215 5931 2269 5986 in

2900 5651 3071 5706 tum
3109 5651 3197 5720 “re
3245 5649 3446 5717 ΑΥΤῼ.

3129 5739 3203 5794 η’

2491 5836 2774 5902 Ἀθλησις
2804 5833 2914 5902 τῆς
2953 5833 3127 5902 ἁγίας
3167 5830 3468 5900 μάρτυρος
3515 5828 3858 5894 Ἀκινλίνης.

2464 5926 2718 5982 ’Λκυλίνα
2751 5928 2784 5996 ἡ
2820 5924 2914 5978 τοῦ
2943 5922 3182 5995 Χριστοῦ
3217 5925 3425 5994 μάρτυς
3457 5916 3524 5992 ἦν
3553 5922 3642 5973 ἐπί
3675 5920 3771 5990 τῆς
3809 5926 3989 5990 βασι-
