4146 6518
749 449 845 484 r.'.-.

745 489 803 510 Q'A

818 451 850 512 5
2026 451 2453 512 MENOLOGII
2496 453 2690 514 PARS
2731 453 2847 513 III.

3897 444 4005 508 516

749 562 1064 630 piscabatur
1100 580 1203 618 una
1253 580 1377 619 (nm
1427 568 1591 621 fratre
1632 566 1872 632 Anthea,
1922 577 2257 635 vocatusque
2296 582 2322 619 a

2433 569 2574 622 κατὰ
2617 567 2709 621 τδν
2759 567 2985 637 καιρὸν,
3021 567 3105 619 ὅτε
3153 563 3487 635 ἀπεκλείσθη
3519 565 3547 617 6
3596 563 3907 635 Πρῦδρομος
3949 565 4010 616 ὲν

748 655 967 711 Christo
991 673 1148 712 secus
1177 669 1427 728 stagnum
1461 672 1842 729 praetereunte,
1869 677 1970 715 una
2003 677 2127 715 cum
2155 663 2323 716 fratre

747 763 872 801 eum
905 758 1123 803 secutus
1175 750 1455 822 factusque
1489 762 1572 807 cst
1606 754 1725 822 ejus
1765 753 2087 820 discipulus.
2121 752 2325 808 Paulus

748 854 876 892 vero
898 849 950 892 et
973 840 1086 908 ipse
1131 841 1390 898 Hebraeus
1437 860 1500 899 ex
1539 847 1672 900 urbe
1725 846 1897 899 Tarso
1946 856 2070 914 post
2111 847 2321 899 Domini

745 929 871 984 Jesu
891 935 1340 1002 assumptionem,
1370 939 1489 1006 ejus
1530 939 1826 992 Ecclesiam
1851 950 2168 1008 persecutus
2197 948 2280 993 cst
2308 957 2320 991 :

748 1023 841 1075 sed
863 1025 930 1077 ab
957 1025 1145 1079 eodem
1183 1039 1428 1090 vocatus,
1465 1032 1578 1098 ipse
1605 1045 1826 1098 queque
1857 1032 1976 1099 ejus
2017 1031 2322 1100 discipulus

749 1113 925 1166 evasit
962 1131 976 1168 :
1019 1124 1074 1168 et
1121 1133 1228 1170 una
1281 1135 1402 1172 cum
1434 1119 1595 1173 Petro
1639 1121 1822 1173 orbem
1870 1131 2136 1173 terrarum
2189 1137 2323 1189 pene

751 1207 1065 1260 universum
1116 1210 1590 1275 circumlustrans,
1644 1211 1924 1266 Christum
1983 1212 2319 1281 przedicavit.

751 1293 1032 1348 Postremo
1060 1295 1284 1352 Romam
1316 1302 1480 1354 ambo
1508 1301 1755 1370 profecti,
1781 1317 1878 1371 pro
1910 1301 2130 1356 Christo
2164 1300 2325 1372 146

751 1386 850 1437 θυι)
883 1385 1095 1440 Nerone
1129 1390 1275 1454 passi
1310 1401 1470 1456 sunt;
1528 1400 1582 1445 et
1615 1390 1810 1446 Petrus
1851 1393 2069 1460 quidem
2106 1392 2323 1444 inverso

751 1488 923 1543 ιιιριίο
949 1479 1265 1547 cruciﬁxus,
1295 1483 1495 1536 Paulus
1528 1500 1650 1538 vero
1681 1485 1854 1552 capite
1887 1485 2100 1552 plexus.

1289 1753 1518 1807 EODEM
1564 1757 1815 1811 MENSE.

1311 1845 1409 1899 Die
1449 1848 1724 1901 tricesima

890 1934 1121 2004 Synaxis
1157 1935 1429 1990 duodecim
1477 1949 1785 1992 sanctorum
1816 1941 2201 2008 apostolorum.

825 2048 934 2102 Etsi
958 2049 1186 2117 quilibet
1215 2050 1585 2118 apostolorum
1620 2052 1726 2104 alio
1746 2062 1908 2121 atque
1941 2053 2048 2106 alio
2080 2065 2324 2122 tempore

748 2141 1069 2210 martyrium
1113 2155 1307 2210 passus
1353 2150 1463 2206 est,
1513 2151 1754 2198 attamen
1796 2143 2037 2200 Ecclesia
2083 2147 2152 2200 ob
2185 2163 2321 2216 pra?-

747 2231 1031 2285 cellentetn
1066 2231 1329 2285 honorem
1363 2232 1502 2285 hanc
1532 2233 1779 2302 synaxitn
1809 2234 2047 2288 celebrat
2076 2239 2324 2302 proxime

747 2333 870 2391 post
922 2325 1242 2377 memoriam
1297 2334 1612 2378 sanctorum
1659 2326 2033 2393 apostolorum
2077 2327 2217 2380 Petri
2272 2337 2325 2380 ct

748 2414 924 2475 l'auli,
965 2424 1017 2466 et
1049 2413 1331 2467 universos
1375 2412 1541 2466 simul
1576 2414 1871 2478 collaudat,
1911 2423 1967 2466 ut
2002 2415 2091 2484 qui
2135 2417 2322 2469 orbem

747 2517 1016 2560 terrarum
1048 2506 1448 2559 illuminarunt.
1487 2505 1612 2559 Esto
1655 2507 1836 2576 itaque
1870 2509 2077 2575 primus
2103 2509 2322 2561 laudmn

748 2600 947 2668 dignus
973 2597 1167 2652 Petrus
1209 2598 1450 2651 fervidus
1495 2598 1821 2668 discipulus,
1847 2601 1939 2668 qui
1975 2602 2076 2654 sub
2109 2600 2323 2654 Nerone

745 2694 920 2760 capite
946 2691 1166 2745 inverso
1200 2690 1496 2745 cruciﬁxus
1523 2690 1642 2747 fuit.
1676 2691 1964 2746 Secundus
1993 2693 2192 2746 Paulus
2227 2709 2322 2748 vas

744 2784 1045 2850 electionis,
1101 2783 1192 2848 qui
1254 2783 1356 2837 sub
1394 2785 1581 2837 eodem
1629 2783 1932 2838 decollatus
1961 2794 2065 2838 est.
2104 2783 2322 2840 Tertius

745 2877 992 2930 Andreas
1042 2876 1277 2944 primum
1335 2884 1581 2939 vocatus,
1632 2876 1726 2944 qui
1790 2876 1858 2929 ab
1915 2875 2082 2946 A‘Jgea
2135 2878 2320 2930 arbori

747 2966 937 3020 afﬁxus
963 2976 1067 3021 est.
1091 2963 1583 3032 QuartusJaeobus
1606 2965 1872 3031 Zebedzei,
1893 2967 1986 3036 qui
2019 2969 2087 3021 ab
2110 2967 2324 3022 Herode

747 3057 930 3130 gladio
963 3067 1191 3112 necatus
1215 3065 1318 3112 est.
1345 3057 1580 3123 Quintus
1607 3058 1725 3127 ejus
1757 3056 1924 3112 frater
1942 3055 2203 3122 Joannes,
2227 3061 2319 3129 qui

747 3151 902 3205 \ivus
942 3151 1188 3220 scpttlzus
1221 3149 1326 3204 fuit
1383 3160 1547 3220 atque
1592 3149 1906 3203 translatus.
1957 3149 2159 3205 Sextus
2188 3150 2322 3204 Phi.

2430 661 2669 730 φυλακῇ,
2704 660 2936 713 ἁλιεύων
2969 661 3026 712 ἐν
3055 661 3123 728 τῇ
3160 658 3324 729 λίμνῃ
3353 657 3715 728 Γεννησαρὲτ,
3750 655 3845 708 καὶ
3875 656 4013 724 κλη-

2429 753 2542 813 θεὶς
2583 753 2732 820 παρὰ
2769 751 2864 804 τοῦ
2911 751 3173 823 Χριστοῦ,
3202 750 3617 820 παρερχομένου
3657 750 3756 818 τὴν
3785 749 4008 819 λίμνην,

2429 845 2793 914 ἠκολούθησεν
2822 845 2972 914 αὑτῴ
3007 844 3144 914 μετὰ
3170 843 3262 896 τοῦ
3291 840 3521 909 ἀδελφοῦ
3552 843 3715 896 αὐτοῦ
3736 884 3749 905 ,
3780 843 3872 893 καὶ
3912 841 4010 908 γέ-

2428 955 2584 1003 γονεν
2609 937 2772 991 αὑτοῦ
2801 938 3071 1007 μαθητής.
3113 937 3170 990 Ὀ
3196 936 3253 988 δὲ
3277 935 3491 998 Παῦλος
3531 933 3781 1004 Ἐϐραῖος
3802 934 3878 986 ὦν
3911 935 4014 987 καὶ

2427 1028 2589 1092 αὐτὸς
2643 1031 2707 1081 ὲκ
2746 1028 2846 1096 τῆς
2900 1030 3109 1090 πόλεως
3148 1027 3388 1096 Ταρσοῦ,
3423 1025 3563 1095 μετὰ
3609 1025 3708 1093 τὴν
3739 1024 4014 1092 ἀνάληψιν

2429 1119 2521 1171 τοῦ
2575 1121 2781 1188 Κυρίου
2843 1118 3016 1189 Ἰησοῦ
3043 1161 3057 1184 ,
3092 1118 3280 1170 ἐδίωκε
3308 1117 3408 1186 τὴν
3451 1115 3774 1183 Ἐκκλησίαν
3816 1112 4012 1166 αὑτοῦ.

2441 1211 2600 1263 Ἀλλὰ
2619 1213 2836 1280 κληθεὶς
2855 1212 2948 1264 καὶ
2968 1211 3152 1275 αὐτὸς,
3177 1211 3392 1277 ἐγένετο
3415 1209 3580 1262 αὑτοῦ
3607 1207 3870 1278 μαθητής.
3898 1207 4020 1259 Καὶ

2433 1303 2570 1372 μετὰ
2597 1305 2805 1372 Πέτρου
2857 1306 2958 1373 τὴν
2999 1303 3328 1374 οἰκουμένην
3380 1302 3564 1371 σχεδὸν
3619 1302 3749 1370 ὅλην
3786 1299 4017 1368 περιελ-

2428 1395 2556 1458 θὼν,
2578 1394 2808 1465 ἐκήρυξε
2840 1395 2929 1448 τὸν
2955 1396 3209 1466 Χριστόν.
3233 1395 3343 1448 Καὶ
3369 1395 3520 1456 τέλος
3543 1395 3599 1446 ἐν
3633 1391 3817 1460 Ῥώμῃ
3841 1391 4020 1442 ἀπελ-

2428 1487 2610 1550 θόντες
2642 1489 2976 1559 ἀμφότεροι,
3008 1488 3208 1541 ἔπαθον
3249 1487 3388 1555 ὑπὲρ
3422 1484 3660 1554 Χριστοῦ
3693 1484 3796 1537 ὑπὸ
3822 1483 4020 1551 Νέρω⁹

2429 1594 2515 1639 νος
2549 1594 2560 1604 ·
2602 1580 2630 1630 6
2672 1581 2772 1647 μὲν
2803 1581 3009 1648 Πέτρος
3062 1578 3202 1630 κατὰ
3248 1577 3486 1646 κεφαλῆς
3546 1575 3875 1644 σταυρωθεὶς
3904 1612 3919 1635 ,
3984 1574 4018 1624 6

2425 1668 2484 1720 δὲ
2525 1669 2733 1732 Παῦλος
2768 1670 3253 1738 ἀποκεφαλισθείς.

2938 1760 3116 1814 MHNI
3159 1760 3245 1832 Τῼ
3284 1760 3466 1832 ΑΥΤῼ

3182 1853 3238 1903 Α,

2544 1941 2621 1994 ἸΙ
2679 1942 2936 2008 σύνταξις
2968 1940 3111 1995 ’τῶν
3167 1944 3351 2010 ἁγίων
3399 1941 3474 2005 ιβ’
3521 1942 3900 1996 ἀποστόλων.

2501 2058 2562 2109 Εἰ
2600 2060 2690 2111 καὶ
2720 2058 2953 2120 ἕκαστος
2983 2057 3092 2110 τῶν
3121 2057 3290 2124 ἁγίων
3317 2057 3632 2111 ἀποστόλων
3657 2059 3713 2110 ἐν
3742 2059 3885 2127 ἄλλῳ
3915 2061 4026 2112 καὶ

2427 2150 2573 2218 ἄλλῳ
2631 2149 2808 2222 καιρῷ
2846 2149 3266 2221 ἐμαρτύρησεν,
3317 2149 3434 2203 ἀλλ’
3483 2145 3578 2204 οὖν
3619 2152 3651 2220 ἠ
3709 2152 4026 2220 Ἐκκλησία

2427 2236 2519 2289 τοῦ
2575 2238 2711 2290 Θεοῦ
2769 2238 2858 2291 διὰ
2908 2239 3074 2309 τιμὴν
3123 2239 3569 2309 ὑπερϐάλλουσαν
3607 2239 3853 2309 ἑορτάζει
3910 2241 4028 2308 τὴν

2429 2331 2648 2396 σύναξιν
2703 2330 2937 2395 τούτων,
2989 2329 3223 2400 ἐχόμενοι
3263 2331 3363 2400 τῆς
3409 2331 3631 2401 μνήμης
3682 2331 3792 2384 τῶν
3836 2332 4028 2397 ἁγίων

2427 2424 2742 2476 ἀποστόλων
2779 2425 2992 2494 Πέτρου
3062 2425 3156 2475 καὶ
3209 2423 3422 2476 Παύλου
3445 2463 3459 2488 ,
3496 2423 3590 2477 καὶ¹
3625 2423 3830 2487 πάντας
3868 2425 4026 2490 ὁμοῦ

2429 2515 2785 2584 ἐγκωμιάζει,
2817 2515 2892 2578 ὡς
2919 2515 3018 2583 τὴν
3059 2515 3384 2584 οἰκουμένην
3421 2514 3783 2581 σωτίσαντας.
3823 2515 4031 2569 Ἕσ’ω

2427 2608 2603 2660 τοίνυν
2646 2610 2752 2660 πᾶν
2784 2606 3000 2676 πρῶτος
3033 2607 3269 2659 ἐπαίνων
3302 2606 3522 2670 ὲπάξιος
3569 2607 3795 2676 Πέτρος,
3830 2607 3860 2659 6
3891 2607 4026 2659 διαὶ-

2428 2718 2598 2771 πυρος
2633 2701 2901 2772 μαθητὴς,
2926 2701 2954 2752 6
2990 2697 3095 2751 ὑπὸ
3123 2699 3378 2768 Νέρωνος
3407 2698 3549 2752 κατὰ
3575 2700 3816 2768 κεφαλῆς
3840 2716 4033 2753 σταυ-

2429 2792 2643 2862 ρωθείς.
2685 2792 2946 2860 Δεύτερος
3006 2790 3219 2852 Παῦλος
3250 2790 3310 2842 τὸ
3360 2789 3551 2853 σκεῦος
3593 2792 3692 2857 τῆς
3735 2791 3980 2860 ἐκλογῆς
4009 2807 4027 2819 °

2425 2884 2452 2936 6
2501 2883 2590 2934 ὑπ’
2653 2883 2818 2936 αὑτοῦ
2863 2880 3346 2952 άποκεφαλισθείς.
3407 2883 3601 2953 Τρίτος
3671 2884 3930 2954 Ἀνδρέας
4001 2889 4035 2938 6

2428 2973 2832 3042 πρωτόκλητος,
2867 2974 2894 3024 6
2918 2972 3012 3024 ὑπ’
3033 2971 3301 3039 Αἱγεάτου
3328 2972 3384 3025 ὲν
3411 2971 3616 3043 δένδρῳ
3646 2973 4029 3043 σταυρωθείε.

2426 3064 2698 3133 Τέταρτος
2746 3063 2998 3125 Ἰάκωϐος
3025 3065 3052 3114 ὁ
3081 3063 3174 3116 τοῦ
3207 3065 3521 3129 Ζεϐεδαίου,
3553 3067 3581 3117 6
3609 3065 3713 3117 ὑπὸ
3763 3066 4034 3134 Ἡρώδου

2429 3154 2674 3224 μαχαίρᾳ
2702 3155 2950 3222 σφαγείς.
2984 3155 3241 3224 Πέμπτος
3273 3157 3301 3207 6
3331 3155 3521 3208 τούτου
3553 3156 3779 3224 ἁδελφὸς
3825 3157 4036 3211 Ἰωάν-

747 3241 948 3309 lippus,
980 3255 1010 3294 a
1044 3240 1248 3295 Graecis
1294 3255 1450 3296 muro
1485 3255 1810 3312 suspensus.
1864 3240 2141 3311 Septimus
2169 3243 2319 3296 Tho-

2429 3259 2555 3312 νης,
2587 3245 2615 3294 6
2647 3242 2754 3306 ζῶν
2785 3243 2978 3312 ταφεὶς
3011 3243 3102 3295 καὶ
3145 3243 3483 3312 μετατεθείς.
3516 3244 3711 3308 Ἕκτος
3741 3245 4036 3310 Φίλιππος

749 3347 865 3385 mas
897 3331 1174 3402 Didymus,
1207 3333 1275 3385 ah
1319 3333 1464 3388 Indis
1498 3333 1700 3388 lanceis
1729 3335 2042 3388 confossus.
2081 3333 2324 3389 Oetavus

748 3424 1180 3480 Bartholoma-us
1211 3427 1262 3478 in
1305 3441 1523 3481 crucem
1569 3437 1746 3481 actus.
1798 3425 1988 3482 Nonus
2035 3427 2323 3483 Mattliaaus

749 3515 1021 3585 lapidibus
1052 3516 1304 3571 obrutus.
1328 3518 1582 3573 Decimus
1611 3516 1850 3573 Jacobus
1877 3518 2108 3588 Alphazi.
2145 3520 2325 3574 Unde-

748 3608 927 3663 cimus
982 3608 1174 3663 Simon
1222 3609 1457 3664 Zelotes.
1511 3607 1876 3665 Duodecimus
1923 3607 2093 3666 ludas
2139 3610 2324 3667 Jacobi

749 3713 1053 3766 suspensus
1076 3709 1240 3769 atque
1269 3701 1390 3755 telis
1418 3698 1726 3755 confossus.

1120 3899 1514 3988 MENSE
1590 3897 1956 3992 JULIO

1379 4025 1475 4081 Die
1502 4025 1705 4096 prima.

756 4118 912 4191 147
947 4116 1570 4191 Certamencanctorugt
1621 4117 2018 4191 Anargyrorum
2040 4117 2244 4172 Cosme
2276 4128 2324 4171 et

1095 4187 1347 4240 Damiam'
1375 4188 1466 4256 qui
1502 4186 1684 4241 Roma
1713 4186 2040 4241 claruerunt.

823 4301 1054 4356 Cosmas
1098 4310 1152 4355 et
1189 4298 1508 4366 Damianus,
1554 4299 1759 4355 Christi
1792 4309 2080 4370 martyres,
2122 4299 2324 4357 Carino

753 4392 1075 4462 imperante,
1103 4390 1438 4446 claruerunt.
1458 4390 1595 4444 Cum
1623 4400 1803 4443 autem
1829 4391 2170 4457 professione
2207 4407 2322 4446 me-

753 4484 857 4538 dici
914 4490 1118 4547 essent,
1168 4495 1387 4537 omnem
1445 4481 1772 4536 oberrabant
1828 4482 2030 4546 locum,
2079 4483 2325 4538 inﬁrmos

2429 3337 2456 3386 6
2510 3334 2616 3386 ὑπὸ
2681 3332 2946 3404 Ἑλλήνων
2996 3335 3053 3387 ὲν
3103 3336 3271 3403 τείχει
3323 3336 3678 3405 κρεμασθείς.
3737 3337 4036 3408 Ἔϐδομνς

2429 3427 2628 3496 Θωμᾶς
2661 3429 2688 3478 6
2718 3425 2950 3496 Δίδυμος
2995 3429 3020 3478 6
3058 3427 3161 3479 ὑπὸ
3203 3426 3380 3480 Ἰνδῶν
3410 3427 3629 3496 λόγχαις
3674 3431 4030 3501 άναιρεθεῖς.

2433 3519 2654 3586 Ὄγδοος
2682 3519 3081 3589 Βαρθολομαῖος
3111 3522 3139 3572 6
3173 3520 3530 3589 σταυρωθείς.
3562 3521 3820 3585 Ἔννατος
3851 3524 4031 3577 Ματ-

2429 3612 2577 3674 θαίος
2607 3613 2637 3665 6
2691 3611 3078 3682 λιθοϐοληθείς.
3128 3613 3365 3676 Δέκατος
3412 3614 3668 3677 Ἰάκωϐος
3723 3614 4036 3680 Ἀλταίου.

2439 3703 2756 3767 Ἐνδέκατος
2790 3703 2975 3773 Σίμων
3033 3705 3061 3755 6
3112 3704 3391 3774 Ζηλωτής.
3443 3704 3751 3769 Δωδέκατος
3805 3706 4038 3772 Ἰούδας

2440 3795 2698 3850 Ἰακώϐου
2729 3795 3060 3866 κρεμασθεὶς
3102 3797 3196 3850 καὶ
3224 3795 3522 3861 τοξευθείς.

2850 3897 3142 3982 ΜΗΝΙ
3203 3895 3594 3984 ΙΟΥΛΙΩ

2987 4031 3076 4084 Ἐν
3113 4033 3180 4100 τῇ
3225 4030 3438 4101 πρώτῃ.

2431 4123 2726 4190 "Amineae:
2768 4121 2885 4175 τῶν
2935 4123 3118 4191 ἁγίων
3192 4122 3569 4191 ΪΑναργύρωγ
3635 4119 3850 4190 Κοσμᾱ
3914 4123 4041 4176 καί

2817 4190 3113 4256 Δαμιανοῦ
3143 4190 3262 4245 τῶν
3290 4192 3361 4246 ἐν
3385 4190 3614 4262 ⁷Ῥώμῃ.

2499 4302 2728 4372 Κοσμᾶς
2761 4300 2858 4354 καὶ
2889 4299 3162 4370 Δαμιανὺς
3183 4340 3197 4363 ,
3223 4299 3271 4351 οἱ
3300 4297 3394 4352 τοῦ
3430 4297 3667 4370 Χριστοῦ
3701 4297 4042 4368 μάρτυρες,

2429 4392 2676 4463 ὑπῆρχον
2709 4391 2808 4461 μὲν
2844 4392 2938 4444 ἐπὶ
2969 4389 3070 4460 τῆς
3099 4389 3376 4459 βασιλείας
3413 4389 3673 4460 Καρίνου.
3717 4390 3930 4460 ’ἰατροὶ
3969 4394 4043 4448 δὲ

2426 4484 2578 4548 δντες
2610 4483 2708 4555 τὴν
2759 4483 2991 4554 τέχνην,
3033 4483 3394 4554 περιήρχοντο
3432 4482 3607 4536 πάντα
3637 4480 3834 4546 τόπον,
3871 4487 4046 4538 πᾶσι

757 4576 1040 4629 universos
1073 4582 1351 4638 curantes,
1399 4574 1716 4642 nullamque
1754 4573 1915 4626 aliam
1965 4573 2035 4626 ab
2065 4574 2153 4636 iis,
2182 4589 2319 4642 quos

2430 4580 2541 4642 τοῖς
2592 4575 2881 4630 ἀσθενοῦσι
2922 4575 3250 4648 παρέχοντες
3287 4575 3385 4637 τὰς
3419 4574 3620 4636 ἰάσεις,
3668 4573 3866 4642 μισθὸν
3916 4578 4048 4646 τῆς

753 4670 1041 4733 sanabant,
1071 4667 1371 4722 curationis
1403 4667 1709 4721 mercedem
1748 4674 2126 4735 exposcentes,
2157 4683 2320 4735 quam

2432 4669 2672 4738 ἰατρείας
2729 4667 3005 4728 αἰτοῦντες
3064 4665 3191 4728 τοὺς
3248 4664 3719 4734 θεραπευομένους
3775 4664 3883 4734 τὴν
3946 4672 4049 4733 εἰς

756 4772 814 4813 ut
851 4759 1056 4813 Christi
1089 4757 1247 4810 ﬁdem
1292 4757 1768 4825 amplecterentur.
1809 4754 1912 4807 Sed
1945 4756 2322 4810 existimantes

2429 4761 2661 4829 Χριστὸν
2693 4761 2894 4811 πίστιν.
2957 4756 3406 4827 ’Υπολειφθέντες
3447 4754 3540 4810 οῦν
3575 4756 3728 4824 παρὰ
3763 4756 3882 4808 τῶν
3925 4777 4052 4814 πε-

754 4850 964 4905 seducti
998 4848 1316 4905 idololatrte.
1352 4848 1474 4900 illos
1514 4847 1739 4915 magicis
1772 4846 1982 4900 artibus
2013 4846 2322 4900 curationes

2429 4850 2791 4918 πλανημένων
2820 4845 3247 4917 εἰδωλολατρῶν,
3293 4846 3368 4909 ὡς
3395 4846 3485 4900 διά
3521 4846 3762 4917 μαγικῆς
3801 4849 4049 4922 τέχνης

756 4943 956 5006 facere,
993 4939 1305 5007 imperatori
1361 4937 1622 4991 detulere.
1669 4936 2035 5002 Quamobrem
2075 4952 2322 5006 compre-

2429 4942 2524 5002 τὰς
2575 4937 2869 5008 θεραπείας
2901 4936 3205 4999 ποιοῦντες,
3234 4933 3692 5004 κατεμηνύθησαν
3739 4932 3818 5001 τῷ
3857 4934 4050 5003 βασι-

755 5035 931 5094 hensi.
983 5031 1450 5100 compellebantur
1500 5029 1778 5083 Christum
1825 5029 2099 5097 abnegare
2133 5046 2145 5082 :
2179 5031 2321 5097 quod

2429 5030 2528 5084 λεῖ.
2575 5032 2685 5084 Καὶ
2717 5029 3083 5100 κρατηθέντες
3129 5029 3504 5097 ἠναγκάζοντο
3531 5026 3890 5095 ἀρνήσασθαι
3933 5033 4050 5083 τὸν

751 5141 877 5179 cuin
915 5124 1094 5178 facere
1133 5132 1469 5188 recusarent,
1515 5125 1584 5176 ad
1618 5121 1886 5190 supplicia
1922 5135 2042 5174 sese
2070 5122 2322 5186 accinge-

2429 5123 2682 5192 Χριστόν.
2716 5123 2827 5176 Καὶ
2855 5122 2931 5192 μὴ
2969 5119 3303 5183 πεισθέντες,
3336 5119 3470 5187 πρὸς
3505 5117 3768 5188 βασάνους
3806 5124 4052 5190 ηὐτρε-

754 5218 905 5271 bant.
934 5215 1136 5270 Verum
1187 5213 1390 5269 Christi
1425 5214 1622 5267 virtute
1650 5213 2031 5282 imperatorem
2062 5210 2322 5264 Carinum

2429 5215 2648 5277 πίζοντο
2671 5230 2685 5246 ·
2735 5213 2872 5267 ἀλλὰ
2905 5211 3132 5282 δυνάμει
3165 5209 3406 5280 Χριστοῦ
3435 5209 3526 5263 τὸν
3559 5209 3780 5279 βασιλέα
3835 5211 4052 5284 Καρῖ-

753 5311 821 5364 ab
848 5324 1034 5363 errore
1060 5316 1400 5362 revocarunt.
1420 5304 1574 5360 Collo
1595 5305 1738 5358 enim
1770 5305 1955 5358 luxato
1981 5303 2318 5357 laborantem

2429 5325 2514 5360 νον
2539 5307 2636 5374 τῆς
2687 5305 2895 5374 πλάνης
2927 5303 3268 5374 ἀπήλλαξαν.
3320 5301 3867 5372 Ἐκτραχηλισθέντα
3911 5308 4050 5380 γὰρ

755 5408 1034 5465 curarunt,
1065 5399 1486 5465 ell'eceruntque,
1525 5404 1584 5449 ut
1612 5411 1718 5449 non
1745 5395 1920 5450 solum
1951 5394 2066 5463 ipse
2088 5394 2140 5446 in
2164 5393 2294 5446 Chri

2429 5399 2590 5452 αὐτὸν
2655 5400 2973 5466 ίασάμενοι,
3030 5398 3090 5450 ού
3147 5398 3306 5467 μόνον
3369 5397 3531 5449 αὑτὸν
3578 5397 4054 5464 παρεσκεύασαν

755 5505 900 5546 slum
930 5492 1195 5554 crederet,
1235 5489 1327 5541 sed
1360 5498 1414 5541 et
1439 5502 1628 5541 omnes
1654 5487 1802 5540 illius
1830 5485 2140 5540 domestici.
2187 5483 2322 5538 llinc

2429 5487 2716 5539 πιστεῦσαι
2741 5487 2818 5556 τῷ
2848 5487 3089 5556 Χριστῷ,
3136 5486 3271 5539 ἀλλὰ
3301 5487 3395 5539 καὶ
3423 5485 3545 5546 τοὺς
3573 5485 3811 5547 οἰκείους
3846 5489 4054 5547 aug-5.3

757 5588 810 5637 in
847 5585 1052 5637 honore
1093 5582 1287 5642 habiti,
1340 5581 1598 5634 invidiam
1630 5581 1871 5650 magistri
1919 5577 2078 5649 148
2109 5581 2191 5632 sui
2228 5593 2322 5629 su-

2429 5580 2654 5639 πάντας.
2701 5579 2796 5630 Ἐκ
2836 5579 3025 5630 τούτου
3054 5574 3145 5630 οὖν
3177 5579 3232 5629 ἐν
3262 5580 3393 5646 τιμῇ
3443 5575 3735 5642 διάγοντες,
3771 5578 4056 5653 é;09~.+_-

757 5675 922 5727 hiere.
956 5671 1010 5725 In
1033 5682 1270 5726 montem
1296 5673 1478 5740 itaque
1509 5673 1578 5725 ab
1601 5686 1666 5726 eo
1694 5672 1932 5734 deducti,
1966 5673 2032 5723 ad
2065 5670 2291 5737 colligen

2429 5673 2600 5737 θησαν
2639 5670 2788 5738 παρὰ
2840 5669 2932 5721 τοῦ
2978 5670 3296 5722 διδασκάλου
3343 5665 3546 5719 αύτῶνί
3579 5667 3686 5718 Καὶ
3743 5667 3834 5730 εἰς
3895 5672 4058 5741 ὅρος

758 5768 852 5818 das
881 5765 1086 5820 scilicet
1108 5763 1324 5828 herbas,
1363 5763 1581 5833 lapidati
1613 5771 1756 5818 sunt.

2429 5760 2749 5830 ἀναχθέντες
2791 5762 2916 5829 παρ’
2949 5759 3115 5813 αὐταῦ
3150 5759 3307 5829 δῆθεν
3335 5756 3427 5810 ἐπὶ
3474 5757 3703 5826 συλλογῇ
3739 5755 4063 5836 βοτανιιν,

2429 5852 2900 5923 ὲλιθοϐολήθησαν.
