4146 6518
675 439 778 502 5'23
1978 438 2136 498 ΜΕΝ
2146 439 2257 498 0L1

2362 440 2408 500 ll
2449 442 2642 503 PARS
2671 446 2787 506 ΠΙ.
3013 476 3016 479 ι
3859 443 3964 509 52(

677 569 708 607 c
742 554 890 622 ligno
914 551 1222 622 depositus,
1240 552 1291 604 in
1335 564 1616 604 carcerem
1642 548 1968 619 conjicitur.
2001 548 2257 605 Videntes

2371 557 2709 626 κρεμασθεὲς
2743 557 2836 610 ἐπὶ
2876 556 3034 623 ξύλου
3072 558 3388 630 καθηλώθη,
3443 559 3536 613 καὶ
3580 559 3678 631 τήν
3716 560 3966 630 γλῶτταν

676 651 858 700 autem
906 643 1058 698 illum
1104 657 1299 700 sanum
1352 649 1407 695 et
1459 639 1817 705 incolumem,
1865 640 2018 694 multi
2059 641 2156 693 viri
2207 657 2257 696 at

2375 645 2672 718 ὲξετμήθη,
2712 646 2807 701 καὶ
2851 647 2946 701 τοῦ
2989 648 3150 715 ξύλου
3197 650 3647 717 καταϐιϐασθεὶς,
3679 653 3758 716 είς
3793 652 3964 721 φυλα-

675 735 934 791 mulieres
972 736 1026 790 in
1059 734 1351 789 Dominum
1391 731 1768 797 crediderunt,
1798 731 1893 803 qui
1925 743 1979 787 ct
2005 747 2109 787 una
2142 747 2257 788 cum

2372 737 2474 808 κὴν
2519 738 2883 810 ἀπεκλείσθη.
2938 740 3046 794 Καὶ
3089 740 3286 804 ίδὸντες
3321 741 3485 796 αὑτὸν
3520 741 3962 814 θεραπευθέντα,

679 828 773 883 illo
809 827 989 898 capite
1024 826 1165 896 plexi
1201 832 1348 881 sunt.

2371 830 2556 883 πολλοὶ
2585 830 2917 885 ἐπίστευσαν
2941 833 3030 884 ἐπὶ
3057 831 3150 884 τὸν
3175 831 3405 903 Κύριον,
3429 834 3623 903 ἄνδρες
3653 851 3715 889 τε
3745 835 3837 887 καὶ
3860 852 3963 904 γυ⁹

2370 922 2556 985 ναῖκες
2578 937 2591 951 ’
2635 921 2834 984 οἵτινες
2862 924 2957 975 καὶ
2990 924 3088 976 σὺν
3118 923 3269 994 αύτῷ
3299 925 3849 997 ἁπεκεφαλίσθησαν.

745 1028 812 1084 Et
855 1028 1316 1085 commemoratio
1356 1025 1533 1082 sancti
1581 1026 1761 1082 Patris
1797 1027 1976 1082 nostri
2035 1026 2257 1083 Andreae

2439 1013 2551 1067 Kal
2609 1016 2802 1087 μνήμη
2854 1015 2950 1068 τοῦ
2999 1016 3148 1070 ὁσίου
3202 1017 3422 1089 Πατρδς
3479 1020 3638 1090 ἡμῶν
3703 1020 3963 1092 Ἀνδρέου

671 1121 1177 1193 11ἰετοεοιγιηὶιοηί,
1234 1119 1640 1190 archiepiscopi
1692 1118 1872 1175 Creta:
1919 1138 1932 1174 :
1983 1129 2041 1175 et
2086 1119 2257 1176 sancti

2369 1111 2805 1181 άρχιεπισκὸπου
2838 1113 3088 1184 Κρήτης,
3114 1111 3660 1184 τοῦἹεροσολυμίτου
3687 1129 3702 1144 ο
3734 1112 3830 1166 καὶ
3861 1111 3961 1166 τοῦ

674 1215 932 1285 Lampadi
969 1213 1387 1284 lrenopolitani.

2369 1205 2515 1260 ὁσίου
2546 1206 2848 1277 Λαμπάδου
2880 1206 2974 1260 τοῦ
3011 1207 3068 1259 ἐν
3100 1207 3521 1279 Εἰρηνουπόλει.

1206 1327 1437 1382 EODEM
1480 1324 1733 1381 MENSE.

2899 1325 3078 1378 MllNl
3123 1326 3209 1396 Τῼ
3245 1325 3429 1397 ΔΥΤῼ

1299 1419 1396 1474 Die
1422 1420 1616 1489 quinta
3136 1417 3189 1470 E'

676 1511 833 1583 153
867 1511 1316 1583 Comptemoratio
1363 1525 1568 1568 sancti:
1601 1512 1832 1566 Mart/iw
1862 1513 2049 1566 matris
2092 1528 2257 1568 sancti

2367 1507 2585 1578 Μνὴμη
2616 1509 2726 1577 τῆς
2759 1511 2934 1583 ὁσίας
2961 1510 3214 1583 Μάρθίξς
3243 1509 3354 1579 τῆς
3380 1511 3607 1583 μητρὸς
3633 1511 3740 1567 τοῦ
3772 1511 3953 1582 ἁγίου

981 1582 1244 1637 Simeonis
1271 1585 1326 1636 in
1377 1593 1550 1637 monte
1583 1583 1932 1636 Admirabili.

2608 1581 2854 1650 Συμεὼν
2881 1581 2988 1635 τοῦ
3017 1581 3085 1634 ἐν
3117 1580 3194 1647 τῷ
3225 1582 3547 1651 θαυμαστῷ
3575 1581 3716 1651 ὄρει.

745 1699 944 1754 Sancta
995 1696 1203 1750 Martha
1261 1696 1437 1750 sancti
1494 1697 1676 1752 Patris
1739 1699 1912 1752 nostri
1982 1696 2257 1754 Simeonis

2449 1693 2514 1746 'H
2565 1693 2688 1746 ὁσία
2740 1691 2961 1762 Μάρθα,
3021 1695 3208 1764 μήτηρ
3249 1693 3351 1763 μὲν
3411 1694 3626 1765 ὑπῆρχε
3673 1693 3768 1748 τοῦ
3808 1695 3962 1750 ὁσίου

671 1791 1130 1845 Thaumastoritae
1178 1801 1352 1842 mater
1392 1803 1614 1844 omnem
1676 1789 1933 1844 virtutem
1975 1805 2070 1860 per
2110 1808 2257 1846 sum-

2367 1783 2579 1854 Πατρός
2612 1783 2769 1856 ήμῶν
2818 1784 3045 1854 Συμεὼν
3075 1783 3168 1837 τοῦ
3223 1786 3281 1838 ἐν
3335 1784 3411 1856 τῷ
3450 1785 3763 1857 Θαυμαστῷ
3810 1786 3963 1858 ὄρει,

669 1899 816 1938 mam
856 1881 1303 1937 exercitationem
1337 1891 1631 1936 consecuta
1669 1889 1769 1936 est.
1813 1881 2032 1934 Multam
2079 1893 2257 1937 autem

2368 1878 2550 1930 πᾶσαν
2575 1876 2775 1948 ἀρετὴν
2794 1878 2996 1948 διὰτῆς
3024 1877 3201 1948 ἄκρας
3227 1878 3516 1948 ἀσκήσεως
3540 1877 3962 1949 κατορθώσασαο

670 1976 930 2031 ﬁduciam
973 1975 1026 2028 in
1080 1972 1361 2043 Deiparam
1406 1972 1681 2041 Virginem
1728 1973 1958 2039 habens,
2001 1985 2257 2044 perpetuo

2369 1971 2555 2022 πίστιν
2585 1970 2642 2023 δὲ
2675 1970 2877 2041 πολλὴν
2909 1971 3109 2041 ἔχουσα
3151 1970 3290 2040 πρὸς
3321 1970 3419 2042 τὴν
3451 1971 3771 2042 Θεομήτορα
3803 1974 3965 2044 Παρ-

670 2071 724 2122 in
759 2067 930 2136 ipsius
973 2066 1172 2135 templo
1213 2065 1486 2130 assidens,
1528 2080 1658 2119 eam
1689 2081 1787 2136 pro
1827 2068 2066 2122 universi
2113 2069 2257 2124 Orbis

2367 2058 2544 2122 θένον,
2591 2060 2678 2113 άεὶ
2729 2063 3099 2131 προσήδρευεν
3151 2063 3209 2114 ἐν
3256 2061 3333 2133 τῷ
3363 2062 3567 2133 ταύτης
3598 2063 3732 2135 ναῷ,
3773 2067 3966 2118 alton-

670 2162 848 2216 salute
895 2159 1106 2214 orabat.
1137 2157 1404 2224 Quocirca
1441 2169 1567 2213 ante
1605 2173 1767 2214 suum
1814 2174 1844 2214 e
1879 2175 2110 2230 corpore
2143 2161 2257 2217 dis-

2369 2149 2504 2218 μένη
2537 2148 2708 2220 αὐτὴν
2739 2151 2881 2222 ὑπὲρ
2914 2152 3012 2220 τῆς
3045 2151 3138 2206 τοῦ
3173 2153 3381 2224 κόσμου
3417 2154 3619 2218 παντὸς
3657 2156 3961 2226 σωτηρίας.

669 2268 888 2308 cessum
945 2253 1276 2322 sempiterna
1333 2251 1437 2305 sibi
1501 2253 1740 2322 reposita
1792 2255 1932 2306 bona
1993 2253 2257 2311 divinitus

2370 2242 2532 2295 Ὅθεν
2577 2245 2682 2314 πρὸ
2726 2244 2825 2312 τῆς
2875 2243 2972 2298 τοῦ
3004 2243 3256 2316 σώματος
3299 2247 3682 2320 ἐκδημήσεως.
3712 2249 3780 2304 τά
3813 2251 3961 2303 ἁπο-

670 2347 854 2405 tlocta,
903 2354 1114 2398 secreto
1151 2343 1435 2398 intellexit.
1488 2343 1666 2414 Atque
1710 2352 1840 2399 tunc
1875 2345 2094 2414 quidem
2135 2361 2256 2400 cum

671 2439 813 2490 hona
843 2451 937 2506 spe
971 2437 1058 2488 illa
1090 2436 1382 2490 discessit:
1413 2437 1761 2505 postmodum
1786 2451 1917 2492 vero
1941 2438 2008 2492 ad
2039 2448 2259 2493 sanctas

673 2527 844 2596 ipsius
873 2527 1136 2595 reliquias
1159 2526 1573 2580 accurrentibus
1603 2541 1894 2596 apparens,
1921 2539 1974 2582 et
2002 2527 2090 2582 illa
2119 2528 2259 2582 bona

671 2634 956 2683 enarrans,
1015 2633 1136 2688 quae
1190 2619 1383 2672 oculus
1430 2632 1734 2688 corporeus
1787 2636 1898 2674 non
1948 2621 2102 2686 vidit,
2139 2637 2261 2691 qua:

673 2709 1002 2780 praeparavit
1034 2707 1178 2762 Dens
1207 2709 1558 2774 diligentibus
1589 2723 1670 2772 se,
1701 2709 2078 2765 incredibilem
2113 2720 2258 2766 attu-

675 2804 738 2856 lit
767 2801 1030 2856 latitiam.
1067 2799 1158 2854 Sic
1193 2799 1455 2854 Dominus
1489 2800 1757 2870 gloriﬁcat
1791 2815 1909 2864 eos,
1950 2802 2044 2871 qui
2078 2802 2256 2872 ipsum

674 2898 978 2966 glorillcant
1003 2900 1109 2951 una
1143 2911 1264 2950 cum
1329 2893 1559 2954 Domina
1610 2904 1797 2950 nostra
1849 2895 2096 2965 Deipara,
2139 2911 2259 2964 quae

676 2993 827 3046 illum
859 2991 978 3048 sine
1006 2990 1215 3045 semine
1244 2997 1298 3043 et
1332 2988 1452 3044 sine
1482 2987 1838 3058 corruptione
1871 2988 2103 3059 peperit.

890 3194 955 3249 Et
994 3204 1257 3250 certamen
1297 3201 1497 3249 sanctis
1518 3193 1733 3264 Agnetis
1761 3195 2033 3266 martyris.

746 3310 946 3383 Martyr
975 3310 1178 3364 Christi
1208 3311 1389 3379 Agnes
1416 3307 1662 3363 moribus
1685 3308 1892 3364 nomini
1927 3311 2255 3366 convenien-

674 3405 820 3461 tibus
866 3412 1082 3468 ornata,
1133 3401 1442 3472 complures
1493 3401 1800 3471 impudicas
1856 3401 2089 3458 feminas
2141 3405 2256 3460 suis

674 3494 1146 3549 admonitionibus
1204 3503 1366 3561 atque
1419 3491 1893 3548 cohortationibus
1951 3509 1981 3548 a
2037 3493 2257 3566 ﬂagitiis

673 3597 952 3649 avocatas,
990 3585 1054 3639 ad
1087 3585 1290 3640 Chr-isti
1327 3585 1484 3639 tidem
1519 3585 1766 3639 adduxit.
1796 3585 2008 3643 Idcirco
2039 3588 2107 3642 ab
2139 3588 2258 3658 ejus

673 3679 778 3733 loci
814 3679 1070 3748 perfecto
1118 3679 1533 3748 comprehensa,
1574 3679 1886 3735 excruciata
1929 3689 2014 3736 est
2049 3700 2062 3736 :
2098 3698 2257 3736 cum-

673 3789 781 3842 que
811 3779 1090 3826 recusaret
1125 3771 1288 3826 idolis
1324 3770 1630 3837 immolare,
1661 3773 1728 3826 ad
1759 3773 1989 3842 lupanar
2012 3775 2139 3828 duci
2169 3775 2260 3844 ju-

672 3865 854 3928 bctur,
887 3872 944 3916 ut
990 3863 1057 3916 ab
1097 3861 1568 3917 incontinentibus
1611 3861 1932 3918 violaretur.
1968 3864 2037 3917 At
2070 3865 2160 3918 illa
2203 3867 2256 3919 in

675 3955 950 4010 Christum
994 3953 1221 4020 conlisa,
1253 3953 1341 4009 cui
1375 3961 1428 4008 et
1459 3952 1617 4008 ﬁdem
1650 3968 1802 4008 suam
1838 3957 2258 4028 castitatemque

674 4046 1023 4111 observabat,
1093 4046 1526 4100 incontaminata
1587 4061 1832 4116 puraque
1887 4056 2105 4102 servata
2151 4057 2252 4114 cst,

674 4154 703 4191 a
735 4138 920 4192 divino
962 4137 1156 4206 angelo
1203 4145 1443 4206 protecta
1468 4176 1484 4201 ,
1539 4151 1648 4190 non
1683 4139 2027 4206 permittente
2064 4155 2258 4208 quern-

672 4245 840 4301 quam
873 4231 937 4284 ad
990 4230 1136 4283 illam
1187 4230 1490 4282 accedere:
1537 4244 1602 4283 ex
1645 4230 1847 4298 quibus
1890 4245 2031 4284 unus
2090 4245 2259 4286 ausus

675 4323 956 4386 accedere,
985 4333 1206 4390 repente
1240 4323 1587 4374 exanimatus
1603 4321 1830 4374 corruit.
1855 4319 2010 4386 Quod
2032 4322 2258 4378 audiens

676 4412 991 4484 praefectus,
1040 4412 1184 4465 illam
1218 4411 1284 4464 ad
1317 4427 1377 4466 se
1406 4413 1728 4467 accersitam
1771 4415 1968 4478 oravit,
2011 4421 2068 4466 ut
2115 4430 2260 4468 mor-

677 4513 831 4558 tuum
882 4503 1189 4557 suscitaret.
1241 4502 1442 4555 Sancta
1505 4502 1692 4571 itaque
1722 4513 1934 4566 orante,
1983 4505 2257 4573 extemplo

673 4596 966 4652 defunctus
1002 4595 1215 4649 revixit.
1251 4593 1423 4649 Batus
1469 4603 1652 4648 autem
1686 4595 1975 4663 praefectus
2008 4596 2253 4650 maleﬁca

674 4696 793 4743 arte
833 4687 981 4743 illam
1035 4687 1088 4741 id
1137 4685 1405 4751 effecisse,
1467 4683 1703 4740 ﬂammis
1744 4686 2094 4740 cremandam
2141 4696 2254 4740 tra-

674 4780 834 4835 didit.

751 4892 912 4966 154
939 4891 1008 4946 Et
1037 4899 1310 4946 certamen
1349 4900 1550 4946 sanctw
1590 4893 1846 4964 martyris
1872 4891 2147 4964 Cyprillte.

747 5006 988 5080 Cyprilla
1031 5004 1238 5060 Christi
1269 5014 1501 5075 martyr,
1556 5003 1894 5060 Diocletiano
1931 5006 2256 5076 imperante,

677 5106 891 5174 Cyrene
935 5108 1086 5165 nata,
1133 5097 1461 5153 Christianis
1497 5099 1836 5169 parentibus,
1867 5099 2100 5170 conjuge
2139 5112 2260 5170 post

683 5191 964 5247 biennium
1016 5190 1300 5254 defuncto,
1347 5203 1448 5259 per
1494 5199 1618 5244 octo
1669 5197 1724 5244 et
1762 5189 1965 5260 viginti,
1994 5206 2168 5243 annos
2204 5190 2256 5242 in

683 5284 940 5338 tiduitate
974 5284 1194 5337 mansit.
1233 5283 1366 5335 Cum
1412 5291 1592 5336 autem
1625 5279 1946 5335 Theodorus
1979 5281 2260 5335 sanctissi-

682 5392 804 5432 mus
836 5375 1078 5447 Cyrenes
1105 5375 1400 5444 episcopus
1429 5383 1641 5443 captus,
1678 5373 1731 5426 in
1759 5389 2034 5427 carcerein
2069 5374 2259 5427 detru-

682 5481 777 5522 sus
805 5462 925 5529 fuit,
954 5462 1170 5528 accidit,
1195 5474 1252 5517 ut
1277 5463 1472 5533 capitis
1502 5463 1691 5517 dolore
1719 5462 1935 5526 affecta,
1961 5465 2261 5518 curationis

683 5554 858 5626 gratia
896 5553 964 5606 ad
1010 5553 1160 5605 illum
1208 5553 1464 5618 veniret;
1499 5551 1568 5606 ab
1610 5566 1788 5621 eoque
1829 5563 2042 5617 curata,
2085 5555 2259 5607 eidem

685 5647 1001 5701 ministrare
1049 5645 1213 5713 carpit
1241 5658 1362 5698 cum
1400 5645 1587 5708 Lucia,
1617 5653 1673 5698 et
1716 5647 1860 5700 Area
1885 5647 1989 5715 piis
2018 5645 2256 5702 feminis.

687 5739 814 5794 Post
841 5739 1051 5794 obitum
1081 5743 1208 5791 vero
1234 5738 1410 5792 sancti
1441 5737 1715 5792 Theodori
1743 5740 1810 5792 ad
1847 5740 2134 5808 praesidem
2167 5742 2262 5794 ad-

686 5833 870 5898 ducta,
915 5818 1307 5900 Christumque
1346 5830 1625 5898 professa,
1675 5831 1916 5898 pritttum
1989 5833 2256 5887 ceditur:

694 5923 888 5980 deinde
917 5922 1092 5994 palma
1144 5935 1348 5994 prunas
1377 5923 1677 5993 excipiens,
1710 5938 1740 5978 a
1775 5922 2058 5982 lictoribus
2092 5927 2262 5996 ipsius

2366 2333 2592 2404 κείμενα
2618 2337 2755 2406 αὐτῇ
2789 2335 2983 2390 αἰώνια
3009 2337 3190 2406 ἀγαθὰ
3219 2339 3472 2411 ἐδιδάχθη
3502 2358 3561 2394 τε
3596 2343 3689 2395 καὶ
3710 2345 3958 2415 ἐμυήθη.

2363 2427 2472 2480 Καὶ
2505 2427 2625 2480 τότε
2665 2428 2803 2498 μετὰ
2836 2430 3060 2496 ἀγαθῶν
3089 2432 3323 2486 ἐλπίδων
3353 2433 3686 2498 ἀπελθοῦσα,
3726 2435 3961 2508 ὕστερον

2361 2519 2472 2580 τοῖς
2510 2519 2968 2590 προσεδρεύουσιν
3025 2524 3192 2594 αὐτῆς
3222 2525 3300 2594 τῷ
3347 2526 3490 2596 ἁγίῳ
3545 2526 3785 2599 λειψάνιρ
3829 2531 3958 2582 ἐπι-

2364 2613 2621 2681 φανεῖσα,
2667 2613 2760 2666 καὶ
2795 2612 2864 2667 τὰ
2901 2614 3084 2682 ἀγαθὰ
3113 2617 3298 2670 ἐκεῖνα
3337 2617 3736 2690 διηγησαμένη,
3768 2624 3960 2676 πᾶσαν

2361 2707 2538 2775 χαρὰν
2568 2704 2860 2774 ἐποίησεν·
2888 2705 3068 2774 ἀγαθὰ
3101 2708 3302 2773 ἐκεῖνα,
3334 2707 3370 2761 ἃ
3395 2700 3670 2779 ὀφθαλμὸς
3694 2711 3956 2782 αἰσθητὸς

2361 2797 2461 2850 οὐκ
2485 2791 2647 2862 εἶδεν,
2680 2796 2716 2850 ὃ.
2737 2798 3036 2868 ἡτοίμασεν
3064 2801 3091 2852 ὁ
3129 2797 3264 2863 Θεὸς
3293 2803 3404 2862 τοῖς
3436 2801 3726 2870 ἀγαπῶσιν
3761 2804 3954 2860 αὐτόν.

2363 2889 2522 2944 Οὕτω
2546 2890 2760 2958 δοξάζει
2795 2890 2996 2962 Κύριος
3030 2893 3153 2956 τοὺς
3193 2891 3514 2959 δοξάζοντας
3547 2896 3714 2949 αὐτόν
3742 2913 3827 2963 τε,
3855 2899 3958 2952 καὶ

2361 2981 2458 3053 τήν
2486 2984 2742 3055 άσπῦρως
2769 2983 2862 3036 καὶ
2890 2983 3140 3055 άφθὸρως
3171 2987 3438 3039 τεκοῦσαν
3461 2987 3623 3041 αὑτὸν
3650 2988 3960 3042 Δέσποιναν

2361 3073 2518 3144 ήμῶν
2540 3075 2824 3130 Θεοτόκον.

2476 3188 2582 3242 Καὶ
2611 3189 2869 3257 ἄθλησις
2896 3190 3005 3259 τῆς
3035 3193 3201 3260 ἁγίας
3232 3191 3535 3261 μάρτυρος
3573 3191 3802 3262 Ἁγνῆς.

2445 3301 2509 3353 Ἦ
2561 3299 2656 3353 τοῦ
2712 3303 2952 3373 Χριστοῦ
3014 3304 3225 3374 μάρτυς
3285 3305 3450 3377 Ἀγνή
3493 3305 3589 3359 τὸν
3628 3307 3830 3376 τρόπον
3869 3306 3955 3378 τῷ

2361 3393 2583 3464 ὀνόματι
2621 3395 2956 3465 κατάλληλον
2989 3397 3212 3467 ἔχουσα,
3255 3397 3456 3462 πολλὰς
3488 3401 3597 3452 τῶν
3627 3400 3954 3456 ἀκολάστων

2360 3487 2637 3555 γυναικῶν
2667 3487 2753 3540 διὰ
2789 3489 3068 3553 νουθεσίας
3093 3492 3187 3543 καὶ
3211 3493 3606 3562 παραινέσεως⁹
3633 3493 3742 3548 τῶν
3772 3511 3954 3564 πονη-

2361 3579 2472 3650 ρῶν
2499 3579 2716 3635 έπειθεν
2739 3565 3042 3652 ἀπέχεσθαι
3064 3585 3424 3657 πραγμάτων,
3451 3592 3547 3640 καὶ
3568 3587 3850 3642 πιστεύειν
3867 3590 3958 3655 είς

2359 3674 2618 3744 Χριστόν.
2645 3673 2744 3728 Διά
2766 3675 2938 3729 ταῦτα
2966 3677 3305 3748 κρατηθεῖσα
3331 3679 3482 3750 παρὰ
3507 3680 3602 3734 τοῦ
3630 3683 3729 3752 τῆς
3762 3681 3957 3753 χώρας

2359 3767 2640 3837 ἄρχοντος,
2677 3766 3009 3841 ὲόασανίσθη
3046 3770 3316 3840 σφοδρῶς.
3352 3773 3460 3826 Kal
3533 3773 3612 3844 μή
3658 3774 3956 3828 πεισθεῖσα

2361 3860 2522 3914 θῦσαι
2568 3862 2680 3924 τοῖς
2711 3861 2972 3926 εἰδώλοις,
3027 3863 3111 3927 είς
3143 3866 3395 3935 πορνεῖον
3429 3865 3687 3937 ἐπέμφθη
3731 3865 3828 3918 ἐπὶ
3868 3866 3957 3937 τῷ

2363 3953 2653 4022 μιανθῆναι
2702 3960 2855 4024 παρὰ
2882 3954 2992 4009 τῶν
3037 3955 3373 4011 ἀκολάστων.
3421 3959 3580 4012 Ἀλλὰ
3607 3959 3686 4029 τῷ
3724 3960 3957 4032 Χριστῷ

2361 4045 2709 4116 θαῤῥήσασα,
2750 4040 2795 4114 ᾧ
2829 4049 2922 4100 καὶ
2956 4048 3057 4118 τὴν
3108 4050 3293 4103 πίστιν
3320 4050 3416 4105 καὶ
3448 4053 3548 4121 τὴν
3605 4053 3830 4121 ἁγνείαν
3870 4055 3957 4108 δι-

2360 4140 2571 4209 ετήρει,
2605 4139 2832 4202 ἄσπιλος
2865 4141 2960 4194 καὶ
2981 4141 3197 4210 καθαρὰ
3244 4143 3601 4213 διεφυλάχθη,
3643 4145 3750 4198 sua
3798 4146 3953 4200 θείου

2358 4231 2591 4300 ἀγγέλου
2620 4234 2956 4304 σκεπομένη,
2981 4234 3074 4287 τοῦ
3105 4236 3180 4304 μὴ
3219 4236 3418 4298 ἐῶντός
3439 4254 3560 4290 τινα
3582 4243 3953 4307 προσεγγίσαι

2359 4324 2516 4394 αὐτῇ.
2564 4323 2654 4390 Ἐξ
2694 4318 2770 4378 ὧν
2799 4320 2881 4389 εἷς
2910 4326 3190 4396 τολμήσας
3240 4329 3580 4397 προσελθεῖν,
3631 4334 3954 4399 παραυτίκα

2360 4415 2663 4486 ἐνεκρώθη.
2713 4417 2796 4481 Ὡς
2826 4418 2883 4472 δὲ
2909 4419 3068 4472 τοῦτο
3102 4420 3336 4490 ήκουσεν
3369 4422 3398 4473 ὁ
3435 4421 3640 4491 ἄρχων,
3673 4441 3954 4494 προσεκα-

2358 4510 2552 4563 λέσατο
2599 4509 2790 4578 αὐτὴν,
2846 4511 2942 4563 καὶ
2993 4513 3235 4581 ᾐτήσατο
3267 4512 3569 4580 ἀναστῆσαι
3605 4515 3697 4568 τὸν
3727 4517 3949 4586 νεκρόν.

2361 4602 2469 4656 Kal
2493 4605 2589 4672 τῆς
2611 4602 2771 4670 ἁγίας
2791 4603 3114 4673 εὐξαμένης,
3138 4604 3337 4666 εὐθέως
3361 4605 3568 4676 ἠγέρθη
3591 4609 3620 4658 ὁ
3642 4606 3948 4676 τεθνηκώς.

2365 4693 2473 4746 Kal
2509 4695 2734 4763 νομίσας
2777 4695 2804 4746 ὁ
2850 4695 3035 4764 ἄρχων
3065 4690 3266 4749 aerata
3310 4697 3564 4766 γοητείας
3590 4698 3810 4768 ήγειρεν
3849 4703 3953 4754 αύ-

2364 4787 2474 4852 τδν,
2509 4786 2642 4856 πυρὶ
2674 4785 2990 4851 παρέδωκεν
3022 4787 3214 4857 αὑτήν.

2416 4897 2522 4952 Καὶ
2557 4898 2817 4965 ἄθλησις
2849 4897 2959 4967 τῆς
2986 4900 3157 4967 ἁγίας
3181 4898 3483 4970 μάρτυρος
3510 4901 3884 4971 Κυπρίλλης.

2436 5011 2725 5080 Κυπρίλλα
2755 5013 2787 5080 ή
2821 5009 2912 5063 τοῦ
2961 5011 3198 5081 Χριστοῦ
3239 5012 3450 5082 μάρτυς
3496 5012 3710 5083 ὑπῆρχε
3747 5016 3850 5084 μὲν
3883 5019 3951 5070 ἐκ

2363 5101 2460 5168 τῆς
2485 5099 2690 5162 πόλεως
2713 5103 2967 5172 Κυρήνης
2992 5103 3083 5155 ἐπὶ
3107 5102 3207 5172 τῆς
3237 5102 3511 5172 βασιλείας
3536 5105 3948 5175 Διοκλητιανοῦ.

2365 5193 2656 5262 ΙΙρογὸνων
2689 5193 2743 5245 δὲ
2789 5189 2924 5246 οὖσα
2955 5194 3280 5264 Χριστιανὴ,
3315 5193 3629 5266 συνῴκησεν
3660 5198 3816 5267 ἀνδρὶ
3854 5201 3952 5254 ἐπὶ

2363 5284 2514 5338 δυσὶν
2557 5285 2753 5338 ἐτεσιν.
2790 5286 2900 5338 Kal
2931 5286 3022 5338 τοῦ
3070 5288 3261 5358 ἀνδρὸς
3293 5289 3462 5358 αὐτῆς
3495 5290 3952 5360 τελευτήσαντος,

2364 5375 2579 5446 ἔμεινεν
2601 5379 2658 5429 ἐν
2687 5377 2885 5448 χηρείᾳ
2914 5377 3010 5447 ἐτη
3037 5379 3210 5431 εἴκοσι
3233 5380 3396 5434 ὀκτώ,
3428 5381 3558 5435 Ὅτε
3587 5383 3643 5435 δὲ
3666 5384 3953 5456 ἐκρατήθη

2362 5469 2638 5539 Θεόδωρος
2693 5473 2720 5523 ὁ
2777 5469 3083 5540 άγιώτατος
3143 5473 3444 5537 ἐπίσκοπος
3509 5475 3791 5546 Κυρήνης,
3853 5479 3954 5532 καὶ

2365 5559 2701 5629 ἀπεκλείσθη
2731 5562 2810 5624 είς
2845 5562 3108 5633 φυὶακὴν,
3141 5563 3280 5615 κατὰ
3329 5566 3630 5635 συγκυρίαν
3659 5566 3953 5639 ἀλγήσασα

2363 5649 2461 5722 τὴν
2493 5651 2756 5722 κεφαλὴν,
2781 5653 2991 5723 ἀπῆλθε
3017 5655 3152 5723 πρὸς
3180 5655 3362 5720 αὐτὸν,
3394 5656 3557 5725 χάριν
3586 5657 3807 5722 ἰάσεως.
3837 5661 3954 5714 ΚΛ

2366 5743 2764 5814 θεραπευθεῑσλ
2793 5745 3032 5815 διηκόνει
3076 5746 3225 5816 αὐτῷ
3258 5748 3356 5800 σὺν
3397 5749 3605 5820 Λουκίᾳ
3641 5753 3738 5804 καὶ
3783 5752 3952 5823 ’Δρὸᾳ

2364 5839 2482 5898 ταῖς
2515 5837 2690 5899 ὁσίαις
2744 5838 3016 5905 γυναιξίν,
3057 5837 3213 5892 Μετὰ
3255 5839 3310 5892 δὲ
3344 5846 3447 5910 τὴν
3475 5841 3568 5893 τοῦ
3612 5842 3775 5908 ἁγίου
3820 5845 3960 5896 Θεο-

2365 5928 2540 6000 δώρου
2572 5931 2873 6000 τελείωσιν,
2912 5933 3240 6004 παραστᾶσα
3288 5933 3365 6005 τῷ
3415 5935 3667 6004 ἡγεμόνι,
3715 5938 3809 5989 καὶ
3859 5937 3957 5991 τὸν
