4146 6518
699 453 804 515 £27

1975 442 2397 504 MENOLOGII
2439 445 2632 505 PARS
2675 446 2767 505 IlI

3857 441 3959 502 528

699 564 974 618 somniqu
1011 562 1157 615 \idit.
1190 561 1437 629 Seipsunt
1477 559 1691 614 ridebat
1721 573 1884 626 super
1913 566 2120 627 petram
2156 557 2264 626 pice

2374 557 2605 628 τηθῆναι
2628 557 2706 622 δέ,
2735 557 2998 612 ἐθεάσατο
3018 557 3257 612 τοιοῦτον
3284 558 3438 629 ὄναρ·
3479 556 3703 611 Ἑαυτὸν
3734 555 3959 608 ἔϐλεπεν

695 659 925 724 ol30que
962 655 1255 707 delibutain
1304 663 1470 708 stare.
1511 651 1552 704 Ε
1591 667 1787 706 somno
1838 650 2020 718 itaque
2059 651 2268 702 excita-

694 761 801 811 tus.
845 749 979 802 dixit
1029 746 1246 802 clericis
1295 747 1409 800 suis
1446 762 1458 797 :
1495 742 1734 807 Fratres,
1787 750 2002 810 Oportet
2053 756 2138 793 tne
2172 754 2270 808 pro

693 843 912 895 Christo
942 841 1073 911 pati.
1101 842 1369 894 Caeterum
1406 839 1790 907 unusquisque
1841 843 2084 889 vestrum
2141 847 2267 886 eum

694 935 872 987 locum
910 944 1076 1002 petat,
1127 932 1218 986 ubi
1259 933 1426 986 saluti
1458 946 1572 985 suae
1609 929 1898 984 consulere
1934 927 2127 997 possit.
2171 925 2269 978 His

690 1028 852 1082 dictis
905 1037 1116 1096 captus,
1172 1035 1231 1079 ut
1276 1040 1439 1094 supra
1493 1033 1779 1076 narratum
1826 1031 1926 1086 est,
1988 1029 2042 1075 et
2083 1033 2267 1075 coram

691 1118 976 1185 Agricolao
1011 1117 1293 1178 adductus,
1333 1130 1458 1168 cum
1493 1114 1773 1169 Christum
1813 1110 2096 1167 confessus
2137 1107 2272 1164 fuis-

691 1223 793 1276 μοι,
829 1215 1176 1266 incarcerem
1201 1208 1502 1277 coniectus,
1545 1207 1779 1274 indeque
1809 1206 2058 1267 eductus,
2090 1203 2270 1273 plum-

692 1307 832 1358 batis
868 1317 1044 1358 caesus
1093 1301 1212 1354 fuit.
1266 1300 1391 1354 Mox
1440 1301 1598 1354 melle
1638 1298 1797 1368 156
1847 1306 2167 1367 perunctus,
2212 1295 2269 1348 in

688 1397 979 1465 equuluum
1007 1393 1247 1446 fervente
1276 1403 1408 1445 aestu
1435 1405 1737 1460 suspensus
1764 1398 1866 1453 est,
1890 1397 1948 1442 ut
1976 1400 2270 1457 vesparum

690 1500 1112 1553 muscarumque
1132 1485 1403 1538 morsibus
1435 1482 1703 1536 interiret.
1730 1480 1884 1544 Quod
1915 1487 1964 1534 et
1993 1477 2220 1547 contigit
2254 1495 2268 1531 :

687 1579 738 1630 id
783 1576 928 1630 enim
955 1574 1284 1643 supplicium
1318 1587 1440 1626 cum
1475 1571 1778 1641 gratiarum
1807 1568 2026 1623 actione
2057 1565 2266 1634 ferens,

687 1667 941 1737 spiritum
981 1666 1201 1720 Christo
1230 1664 1468 1718 tradidit.

689 1779 758 1833 Et
777 1778 1199 1833 commemoratio
1217 1777 1387 1830 sancti
1406 1777 1656 1846 martyris
1677 1775 1884 1842 P/tocw,
1903 1783 1951 1828 et
1977 1773 2114 1842 ejus,
2133 1773 2272 1842 quod

1238 1849 1455 1913 accidit,
1484 1847 1752 1899 miraculi.

734 1956 983 2010 Narravit
999 1954 1111 2010 Leo
1125 1962 1487 2025 cognomento
1506 1951 1976 2020 Pontianus,quod
1998 1948 2274 2005 Sisinnius
2308 1926 2349 1981 Β

685 2047 795 2114 ille,
825 2049 916 2118 qui
940 2048 1189 2102 Stibarus
1210 2047 1388 2100 dictus
1404 2055 1506 2106 est,
1527 2045 1580 2114 in
1604 2045 1749 2114 regia
1775 2045 2035 2113 navigans
2067 2041 2266 2108 classe,

688 2158 716 2194 a
758 2141 1048 2193 Saracenis
1090 2149 1306 2207 captus,
1338 2145 1391 2190 et
1426 2135 1642 2205 gemina
1695 2135 1908 2188 vinctus
1937 2143 2150 2197 catena,
2211 2132 2263 2186 in

688 2249 962 2286 carcerem
990 2231 1321 2286 detruditur.
1355 2227 1467 2282 llac
1507 2243 1636 2297 ergo
1661 2228 1986 2281 necessitate
2027 2225 2266 2280 constri-

686 2335 832 2390 ctus,
865 2323 932 2378 ad
963 2323 1131 2376 Deum
1159 2322 1388 2390 ejusque
1409 2327 1660 2373 sanetum
1686 2327 1982 2388 martyrem
2024 2314 2264 2369 Phocam

685 2417 950 2486 confugit.
1006 2414 1227 2476 Sancte,
1265 2412 1464 2473 aiebat,
1510 2421 1718 2479 martyr
1763 2407 1967 2471 Phora,
2006 2409 2267 2462 miserere

686 2509 813 2570 inci,
851 2517 905 2561 et
943 2507 1011 2560 ab
1051 2505 1134 2559 bis
1163 2503 1398 2557 vinculis
1453 2502 1603 2556 solve
1637 2517 1744 2554 me.
1809 2500 2017 2553 Somno
2067 2498 2266 2552 deinde

685 2608 989 2664 correptus,
1033 2606 1283 2651 sanctum
1315 2595 1500 2648 habitu
1542 2593 1838 2662 presbyteri
1871 2592 2117 2646 indutum
2161 2590 2265 2644 sibi

684 2699 1009 2760 praesentem
1063 2690 1219 2753 vidit,
1261 2689 1546 2757 audiitque
1601 2687 1915 2741 dicentem:
1969 2684 2162 2753 Surge,
2213 2690 2266 2736 et

685 2785 897 2838 recede.
926 2782 1044 2835 Mox
1088 2782 1522 2852 expergefacrus,
1561 2787 1780 2833 catenas
1818 2778 2013 2847 reperit
2060 2775 2265 2830 contri-

684 2887 790 2941 tas,
870 2891 1040 2945 seque
1103 2876 1368 2936 solutum,
1428 2882 1481 2926 et
1543 2886 1819 2925 carcerem
1907 2868 2260 2937 patefactum.

684 2968 865 3032 Quare
902 2967 1082 3036 lugam
1118 2965 1410 3034 arripiens,
1445 2978 1568 3018 sese
1598 2963 1821 3016 domum
1859 2962 2130 3015 contulit:
2174 2974 2264 3012 ac-

681 3061 940 3129 ceptique
996 3057 1246 3112 beneﬁcii
1307 3071 1539 3117 memor,
1575 3069 1699 3108 cum
1744 3053 1911 3106 multa
1963 3051 2262 3120 gratiarum

679 3156 897 3208 actione
920 3150 1238 3206 memoriam
1262 3147 1434 3204 sancti
1454 3161 1668 3214 semper
1688 3159 1962 3215 peragere.
1985 3143 2262 3212 Deumque

683 3243 988 3315 gloriﬁcare
1052 3242 1308 3311 perrexit,
1351 3240 1444 3310 qui
1499 3238 1705 3294 sanctis
1743 3236 1857 3292 suis
1909 3236 2037 3288 talia
2083 3233 2261 3288 chari-

683 3344 860 3390 smata
912 3331 1245 3402 impertitur.

751 3539 817 3590 Et
846 3544 1110 3589 certamen
1140 3533 1312 3587 sancti
1341 3529 1527 3586 Isauri
1560 3531 1813 3599 martyris
1843 3537 1892 3582 et
1918 3528 2202 3582 sociorum.

752 3721 1002 3787 lsaurus,
1043 3721 1430 3792 mysteriorum
1459 3717 1659 3772 Christi
1704 3718 1986 3777 diacom;s,
2027 3724 2072 3768 et
2101 3712 2258 3779 socii,

680 3816 856 3885 patria
894 3813 1275 3875 Athenienses,
1296 3810 1634 3864 Numeriano
1660 3811 2009 3877 imperatore,
2034 3806 2260 3860 Athenis

682 3910 737 3961 in
787 3910 976 3962 urbem
1042 3904 1454 3975 Apolloniadem
1517 3902 1970 3969 commigrarunt.
2029 3899 2142 3952 Illic
2194 3898 2262 3951 ab

683 4001 875 4070 angelo
909 4000 1001 4053 Dei
1033 3997 1246 4063 moniti,
1290 4010 1512 4064 specum
1559 3996 1852 4057 intrarunt,
1890 3992 1978 4044 ubi
2017 3991 2185 4054 Felix,
2210 3999 2261 4044 et

683 4092 1029 4161 Peregrinus,
1107 4099 1160 4144 et
1207 4088 1479 4151 Hermias,
1538 4086 1841 4140 Christiani
1897 4085 2060 4137 etiam
2132 4081 2254 4150 ipsi,

682 4184 1038 4238 habitabant:
1066 4181 1159 4249 qui
1190 4189 1441 4235 sanctum
1473 4180 1723 4234 lsaurum
1763 4178 2060 4240 intuentes,
2105 4183 2256 4228 tanta

684 4278 866 4331 laetitia
905 4276 1078 4329 atIecti
1108 4282 1253 4338 sunt,
1286 4283 1344 4326 ut
1366 4272 1676 4327 distributis
1704 4271 1756 4324 in
1781 4285 2052 4339 pauperes
2087 4266 2262 4321 lacul-

684 4372 907 4430 tatibus,
957 4369 1135 4436 ipsum
1188 4365 1369 4435 sequi,
1409 4373 1460 4418 et
1508 4364 1610 4418 sub
1666 4362 1910 4431 ejusdem
1971 4360 2259 4428 disciplina

683 4464 861 4516 vivere
884 4459 1241 4516 decreverint.
1263 4457 1336 4511 Ea
1357 4473 1414 4512 re
1436 4466 1710 4526 comperta
1735 4471 1925 4510 eorum
1947 4452 2255 4522 propinqui,

683 4570 806 4608 cum
864 4553 984 4606 illos
1016 4567 1044 4604 a
1082 4551 1372 4622 preposito
1412 4550 1707 4611 dimovere,
1740 4557 1900 4615 atque
1938 4545 2002 4599 ad
2036 4543 2257 4614 prej‘ria

2374 651 2467 702 ἐπὶ
2513 651 2716 719 πέτρας
2753 651 2964 704 ἑστῶτα
3018 652 3376 722 κεχρισμένον
3424 651 3592 724 πίσσῃ
3646 651 3736 702 καὶ
3771 647 3952 718 ἐλαίῳ.

2373 741 2486 794 Kal
2518 741 2744 806 ἔξυπνος
2773 745 3065 812 γενόμενος
3099 738 3222 794 εἶπε
3275 745 3387 805 τοῖς
3417 740 3612 794 ἐαυτοῦ
3647 740 3952 812 κληρικοῖς⁹

2387 833 2654 903 Ἀδελφοὶ,
2686 833 2769 886 δεῖ
2805 852 2873 903 με
2921 835 3117 888 παθεῖν
3163 833 3304 904 ὑπὲρ
3333 833 3426 887 τοῦ
3456 832 3697 903 Χριστοῦ
3718 848 3730 861 ·
3769 832 3956 886 λοιπῖδν

2375 923 2532 994 ὑμεῖς
2564 926 2830 980 ἀπέλθετε
2861 928 3092 991 ἕκαστος
3125 929 3298 998 ὑμῶν,
3333 929 3468 980 ὅπου
3507 927 3730 980 δύναται
3761 926 3957 979 διασω-

2374 1018 2555 1088 θῆναι.
2605 1020 2793 1073 Ταῦτα
2832 1019 3022 1084 εἰπὼν,
3076 1021 3379 1092 ἐκρατήθη,
3421 1020 3498 1082 ὼς
3553 1020 3791 1089 είρηται.
3849 1017 3959 1071 Kal

2373 1112 2666 1180 παραστὰς
2704 1112 2782 1182 τῷ
2843 1113 3200 1184 Ἀγρικολὰῳ,
3245 1114 3339 1166 καὶ
3379 1113 3470 1165 τὸν
3500 1112 3734 1184 Χριστὸν
3764 1110 3964 1180 ὁμολο-

2375 1205 2576 1274 γήσας,
2612 1205 2944 1276 ἀπεκλείσθη
2992 1207 3070 1269 είς
3123 1205 3394 1275 φυλακήν.
3432 1207 3542 1258 Kal
3585 1205 3686 1274 τῆς
3713 1203 3964 1274 φυλακῆς

2375 1296 2682 1367 ἐκϐληθεὶς,
2717 1297 2925 1368 ἐτύφθη
2960 1298 3218 1368 σφαίραις
3251 1298 3612 1369 μολυϐδίναις.
3649 1293 3784 1350 Εἶτα
3839 1296 3961 1350 ἁλι-

2375 1387 2497 1456 φεὶς
2527 1387 2727 1458 μέλιτι,
2765 1391 3082 1460 ἐκρεμάσθη
3106 1391 3198 1444 ἐπὶ
3220 1391 3379 1456 ξύλου
3411 1370 3469 1441 ἐν
3507 1389 3626 1460 ὥρᾳ
3657 1388 3960 1458 καύματος,

2373 1480 2520 1543 ὅπως
2549 1480 2653 1533 ὑπὸ
2687 1482 2915 1552 σφηκῶν
2949 1482 3042 1535 καὶ
3071 1483 3247 1552 μυιῶν
3278 1481 3656 1554 καταϐρωθεὶς
3684 1482 3959 1552 ἀποθάνῃ.

2373 1572 2484 1625 Kal
2531 1573 2722 1627 τούτου
2765 1575 3084 1645 γενομένου,
3133 1576 3472 1644 εὐχαρίστως
3515 1575 3696 1645 φέρων
3740 1574 3839 1644 τὴν
3872 1591 3959 1625 τι-

2377 1665 2610 1733 μωρίαν,
2644 1667 2929 1736 παρέδωκε
2965 1667 3064 1736 τὴν
3101 1666 3281 1737 ψυχήν

2373 1775 2483 1829 Καὶ
2510 1775 2715 1845 μνήμη
2761 1778 2867 1830 τοῦ
2891 1779 3063 1846 ἁγίου
3098 1777 3398 1846 μάρτυρος
3428 1775 3619 1835 Φωκᾶ,
3665 1775 3762 1830 καὶ
3813 1774 3963 1831 ἀνά-

2639 1861 2867 1916 μνησις
2895 1848 3002 1901 τοῦ
3033 1849 3349 1916 γεγονότος
3367 1850 3700 1917 θαύματος.

2461 1956 2801 2026 Ἐξηγήσατο
2845 1957 2997 2010 Λέων
3027 1960 3054 2010 ὁ
3112 1956 3582 2027 ἐπονομαζόμενος
3632 1955 3953 2018 Ποντιανὸς,

2369 2048 2451 2102 ὅτι
2480 2049 2744 2112 Σισίννιος
2774 2051 2981 2112 ἐκεῖνος
3005 2051 3032 2102 ὁ
3055 2049 3284 2119 ἐπίκλην
3313 2053 3338 2102 ὁ
3371 2048 3654 2118 Στίϐαρος,
3686 2048 3866 2101 πλέων
3896 2047 3960 2098 ἐν

2367 2137 2445 2207 τῷ
2486 2137 2755 2208 βασιλικῷ
2807 2139 3002 2210 στόλῳ,
3037 2138 3316 2211 ἐκρατήθη
3365 2139 3516 2208 παρὰ
3555 2140 3662 2190 τῶν
3695 2141 3960 2209 Σαρακη-

2368 2227 2506 2280 νῶν⁹
2545 2228 2636 2280 καὶ
2669 2227 2845 2292 δεθεὶς
2882 2228 3118 2285 ἁλύσεσι,
3152 2229 3328 2293 δυσὶν,
3365 2228 3697 2297 ἀπεκλείσθη
3722 2230 3814 2296 ⁸εἰς
3848 2245 3959 2296 φυ-

2367 2319 2564 2389 λακῆν.
2614 2319 2707 2384 Et;
2744 2322 3001 2392 τοιαύτην
3047 2323 3103 2376 δέ
3135 2325 3380 2395 ἀνάγκην
3414 2321 3785 2394 περισχεθεὶς,
3850 2323 3959 2374 ἐπ-

2374 2413 2621 2466 εκαλεῖτο
2674 2415 2770 2467 τὸν
2829 2416 2982 2480 Θεὸν,
3053 2417 3146 2469 καὶ
3201 2417 3293 2469 τὸν
3353 2417 3520 2469 αῦτοῦ
3581 2417 3958 2487 ίερομάρτυρα

2367 2503 2559 2555 Φωκᾶν
2595 2520 2607 2534 ·
2672 2505 2830 2572 ’Ἃγιε
2869 2507 3194 2576 ἱερομάρτυς
3241 2508 3427 2572 Φωκᾶ,
3477 2507 3672 2574 λέγων,
3726 2506 3958 2575 ἐλέησόν

2371 2611 2460 2662 με,
2501 2595 2594 2646 καὶ
2648 2595 2924 2664 λύτρωσαί
2965 2615 3032 2665 με
3078 2597 3177 2666 τῆς
3228 2597 3565 2666 κατεχούσης
3601 2614 3666 2666 με
3701 2596 3959 2666 ἀνάγκης

2366 2687 2474 2738 τῶν
2504 2687 2737 2757 δεσμῶν.
2781 2687 3068 2751 Ὑπνώσας
3089 2707 3183 2742 ουν
3211 2687 3317 2742 εἶδε
3345 2691 3437 2743 τὸν
3463 2689 3618 2756 ἆγιον
3645 2690 3956 2741 ἐπιστάντα

2366 2780 2520 2851 αὐτῷ
2550 2784 2607 2832 ἐν
2642 2783 2885 2852 σχήματι
2925 2783 3325 2854 πρεσϐυτέρου,
3363 2784 3456 2835 καὶ
3490 2784 3713 2835 εἰπόντα
3761 2781 3915 2851 αὐτῷ
3938 2798 3954 2811 ·

2379 2873 2665 2943 Ἐγέρθητι
2695 2875 2788 2926 καὶ
2809 2875 3185 2946 ἀναχώρησον.
3222 2875 3330 2928 Kal
3357 2875 3586 2942 ἔξυπνος
3625 2875 3949 2942 γενόμενος,

2367 2959 2494 3037 εὗρε
2526 2967 2623 3030 τὰς
2658 2967 2874 3031 ἁλύσεις
2916 2970 3409 3040 συντετριμμένας,
3441 2971 3532 3021 καὶ
3566 2969 3756 3021 ἑαυτὸν
3789 2967 3952 3022 λελυ-

2370 3059 2550 3128 μένον,
2584 3062 2678 3113 xal
2723 3062 2822 3132 τὴν
2881 3061 3129 3129 φυλακὴν
3181 3063 3559 3132 ἀνεῳγμένην.
3615 3063 3722 3114 Kal
3757 3061 3955 3130 φυγὼν

2364 3151 2597 3222 διεσώθη
2629 3154 2731 3216 ἓως
2779 3153 2873 3206 τοῦ
2904 3153 3052 3206 οἴκου
3085 3153 3251 3206 αὐτοῦ
3275 3171 3287 3184 °
3325 3155 3420 3206 καὶ
3458 3151 3525 3225 ἧν
3558 3154 3822 3207 ἐπιτελῶν
3860 3153 3957 3206 ἀεὶ

2365 3244 2462 3316 τὴν
2516 3247 2738 3315 μνήμην
2785 3246 2948 3299 αὑτοῦ
2999 3249 3135 3316 μετᾶ
3182 3248 3532 3317 εὐχαριστίας
3583 3248 3816 3316 πολλῆς’
3852 3247 3956 3298 καὶ

2364 3338 2454 3390 τὸν
2480 3337 2614 3390 Θεὸν
2637 3339 2900 3404 δοξάζων,
2925 3341 3014 3392 τὸν
3036 3341 3262 3393 τοιαῦτα
3292 3341 3610 3411 χαρίσματα
3644 3341 3954 3411 παρέχοντα

2363 3431 2476 3490 τοῖς
2509 3430 2683 3496 ἁγίοις
2718 3431 2908 3485 αὐτοῦ.

2364 3537 2473 3590 Καὶ
2506 3537 2764 3606 ἄθλησις
2813 3539 2919 3592 τοῦ
2948 3541 3449 3627 ιζγῖουιμάρτιιρος
3493 3541 3792 3609 Ἰσίιύρου,
3845 3543 3953 3594 καὶ

2925 3611 3043 3663 τῶν
3070 3612 3190 3664 σὺν
3217 3611 3396 3674 αὐτῷ.

2438 3720 2711 3790 Ἰσαυρος,
2742 3721 2770 3772 ὁ
2803 3721 2910 3775 τῶν
2929 3725 3245 3794 μυστηρίων
3275 3721 3370 3776 τοῦ
3407 3721 3642 3794 Χριστοῦ
3669 3721 3948 3787 διάκονος,

2365 3810 2458 3862 καὶ
2488 3812 2537 3863 οί
2565 3814 2661 3864 σὺν
2698 3813 2867 3882 αὐτῷ,
2908 3814 3157 3882 ἐγένοντο
3182 3816 3280 3885 μὲν
3313 3816 3376 3867 ἐκ
3401 3815 3496 3884 τῆς
3537 3814 3743 3875 πόλεως
3785 3814 3954 3884 Ἀθη-

2363 3903 2502 3955 νῶν·
2559 3904 2650 3956 ἐπὶ
2703 3905 2759 3958 δὲ
2801 3906 2898 3975 τῆς
2965 3906 3243 3976 βασιλείας
3286 3905 3687 3976 Νουμεριανοῦ,
3725 3908 3789 3958 ἐκ
3847 3907 3951 3974 τῆς

2367 3996 2499 4060 ίδίας
2551 3999 2808 4069 πατρίδος
2849 4001 3324 4072 ἀναχωρήσαντες,
3373 3999 3612 4068 ἀπῆλθον
3641 4000 3700 4051 ἐν
3746 3998 3950 4051 Ἀπολ-

2363 4090 2580 4142 λωνιάδι
2637 4093 2703 4161 τῇ
2765 4091 2952 4144 πόλει·
3011 4093 3106 4145 καὶ
3158 4093 3226 4145 δι’
3257 4092 3652 4162 ἀποκαλύψεως
3704 4091 3947 4159 ἀγγέλου

2362 4179 2495 4232 Θεοῦ
2531 4180 2778 4250 είσῆλθον
2813 4183 2870 4235 ἐν
2930 4183 3198 4252 σπηλαίῳ,
3241 4185 3297 4235 ἐν
3345 4177 3390 4252 ᾧ
3431 4184 3711 4253 κατῴκουν
3767 4183 3944 4248 Φίλξ,

2363 4271 2457 4324 καὶ
2489 4272 2833 4342 Περεγρῖνος,
2866 4275 2959 4326 καὶ
3004 4275 3283 4344 Ἑρμείας,
3316 4276 3634 4346 Χριστιανοὶ
3660 4275 3814 4337 ὄντες
3847 4276 3946 4328 καὶ

2362 4364 2534 4417 αὐτοί.
2581 4365 2789 4426 Οίτινες
2847 4367 3045 4430 ἰδόντες
3091 4367 3183 4418 τὸν
3239 4367 3394 4435 ἅγιον
3441 4368 3713 4439 Ἰσαυρον,
3765 4368 3947 4432 οὕτως

2361 4454 2664 4526 ἐχάρησαν,
2732 4456 2806 4517 ὡς
2863 4458 2956 4510 καὶ
3019 4458 3085 4510 τὰ
3142 4460 3455 4528 ὑπάρχοντα
3511 4461 3694 4523 αὐτοῖς
3755 4460 3946 4513 δοῦναι

2363 4549 2619 4614 πτωχοῖς,
2653 4547 2747 4598 καὶ
2782 4547 3094 4600 ἀκολουθεῖν
3132 4549 3298 4616 αὐτῷ,
3335 4552 3426 4602 καὶ
3455 4551 3803 4604 διδάσκεσθαι
3851 4552 3948 4604 ὑπ’

683 4659 939 4699 revocare
975 4642 1179 4697 frustra
1206 4650 1526 4704 tentasseut,
1575 4639 1716 4708 apud
1760 4638 2042 4708 praesidem
2089 4651 2255 4690 accu-

2366 4640 2550 4694 αὺτοῦ.
2594 4644 2655 4694 Ol
2693 4643 2750 4695 δέ
2775 4646 3054 4711 συγγενεῖς
3102 4647 3282 4701 αὐτῶν
3315 4645 3666 4717 πειραθέντες
3700 4663 3950 4716 μεταγα-

685 4747 912 4791 sarunt:
967 4736 1060 4805 qui
1113 4749 1210 4788 eos
1263 4733 1695 4802 comprehensos
1750 4729 2006 4785 decollari
2069 4728 2252 4798 jussit.

681 4828 902 4881 Isauius
931 4840 1059 4878 vero
1094 4823 1301 4878 Christi
1331 4825 1622 4888 diaconus,
1653 4832 1704 4876 et
1737 4820 1852 4888 ejus
1885 4819 2019 4875 socii
2045 4818 2256 4873 catenis

678 4917 984 4977 constricti.
1023 4917 1088 4970 ad
1124 4915 1294 4969 tilium
1326 4915 1571 4984 praesidis
1611 4914 1675 4968 ad
1699 4913 2058 4983 quaestionem
2103 4909 2252 4964 missi

682 5018 845 5063 sunt:
877 5024 906 5060 a
935 5023 1042 5078 quo
1079 5009 1132 5061 in
1173 5007 1423 5061 ﬂammas
1460 5004 1715 5074 conjecti,
1763 5021 1886 5058 eum
1939 5005 2061 5057 inde
2101 5001 2253 5055 illaesi

681 5100 1034 5164 evasissent,
1094 5099 1295 5152 multos
1355 5097 1422 5150 ad
1480 5095 1636 5167 157
1702 5097 1903 5150 Christi
1953 5095 2110 5148 ﬁdem
2163 5093 2256 5146 ad-

681 5195 907 5247 duxere.
941 5191 1012 5246 Ea
1042 5209 1100 5246 re
1141 5203 1445 5246 commotus
1493 5207 1714 5259 praeses,
1748 5191 1869 5244 illos
1890 5189 2065 5258 capite
2095 5187 2255 5256 plceti

676 5284 851 5353 jubet.

1217 5495 1442 5549 EODEM
1485 5495 1730 5549 M’ENSE.

1271 5588 1363 5641 Die
1415 5589 1639 5657 septima

685 5701 748 5754 Et
783 5710 1048 5754 certamen
1079 5701 1244 5752 sancti
1281 5701 1532 5768 martyris
1562 5699 1831 5768 Peregrini
1880 5710 1927 5754 et
1960 5701 2246 5753 sociorum.

753 5883 1013 5953 Martyres
1081 5883 1285 5938 Christi
1351 5882 1696 5954 Peregrinus,
1754 5885 2047 5948 Litt-ianus,
2091 5886 2248 5940 Pom-

2363 4732 2479 4797 γεῖν
2527 4730 2725 4794 αὐτοὺς
2754 4733 2835 4795 είς
2865 4735 2930 4786 τὰ
2984 4734 3095 4787 ἴδια
3128 4738 3219 4789 καὶ
3280 4737 3354 4806 μὴ
3391 4737 3732 4808 δυνηθέντες,
3760 4737 3950 4790 διέϐα-

2360 4822 2450 4874 λον
2501 4823 2576 4891 τῴ
2623 4823 2720 4892 τῆς
2756 4823 2962 4889 πόλεως
3008 4827 3248 4897 ἄρχοντι.
3297 4829 3354 4880 '0
3405 4829 3461 4880 δὲ
3520 4829 3804 4900 κρατήσας
3845 4831 3948 4882 αῦ-

2361 4916 2504 4978 τοὺς,
2566 4917 2989 4985 ἀπεκεφάλισεν.
3055 4922 3306 4992 ’Ἱσαυρος
3362 4921 3417 4974 δὲ
3478 4924 3505 4974 ὁ
3561 4921 3650 4974 τοῦ
3696 4923 3946 4993 Χριστοῦ

2320 5004 2324 5008 ⁷
2359 5007 2620 5071 διάκονος,
2650 5010 2744 5065 καὶ
2773 5011 2820 5062 οἱ
2849 5013 2944 5064 σὺν
2968 5012 3134 5082 αὐτῷ,
3158 5014 3539 5083 ἀπεστάλησαν
3568 5015 3782 5082 δέσμιοι
3804 5018 3944 5084 πρὶς

2359 5103 2448 5155 τὸν
2486 5103 2600 5156 υἱὸν
2650 5103 2813 5156 αὑτοῦ
2843 5105 2932 5156 ἐπὶ
2963 5105 3040 5174 τῷ
3075 5106 3472 5174 τιμωρηθῆναι.
3507 5106 3615 5158 Kal
3643 5107 3942 5176 βληθέντες

2359 5198 2415 5251 ἐν
2451 5199 2605 5266 πυρὶ,
2641 5198 2734 5250 καὶ
2765 5198 3021 5260 ἀϐλαϐεῖς
3068 5199 3391 5261 ἐξελθόντες,
3443 5199 3664 5250 ἔπεισαν
3707 5201 3941 5264 πολλοὺς

2361 5290 2650 5344 πιστεῦσαι
2697 5290 2938 5360 Χριστῷ.
2992 5291 3100 5344 Kal
3151 5291 3236 5344 διὰ
3283 5291 3440 5344 τοῦτο
3496 5294 3939 5362 παροργίσαντες

2360 5383 2446 5435 τὸν
2479 5383 2736 5451 ἄρχοντα,
2763 5383 3298 5453 ἁπεκεφαλίσθησαν.

2851 5495 3026 5546 MHNI
3078 5495 3162 5564 Τῼ
3203 5494 3403 5563 arm.

3104 5586 3153 5639 Ζ,

2359 5704 2648 5770 Ἀθλησις
2705 5702 2811 5754 τοῦ
2858 5705 3029 5779 dri?"
3063 5703 3364 5788 μᾴρτυρος
3410 5704 3790 5770 Περεγρίνου,
3834 5702 3935 5756 καί

2910 5791 3024 5824 των
3057 5790 3177 5825 συν
3201 5790 3378 5826 aeuo.

2425 5889 2487 5940 Οί
2526 5887 2618 5939 τοῦ
2649 5887 2888 5958 Χριστοῦ
2923 5888 3195 5963 μάρτυρες
3231 5890 3577 5961 Περεγρῖνος,
3612 5888 3928 5952 Λουκιανδς,
