4190 6534
705 419 803 483 531

1978 405 2405 475 MENULOGII
2451 417 2643 476 PARS
2685 418 2798 478 III.

3865 417 3966 480 532

706 546 934 589 nunrem
979 536 1173 605 ipsam,
1226 542 1277 586 rt
1310 533 1519 602 aliquot
1567 531 1848 595 mulieres,
1899 544 2024 585 cum
2077 529 2279 600 quibus

2387 530 2620 602 μητέρα,
2645 530 2738 582 καί
2755 547 2908 595 τινας
2932 532 3214 598 γυναῖκας,
3245 530 3362 601 μεθ’
3382 524 3457 584 ὢν
3483 530 3973 600 ἅποκιφαλισθεὶςν-

705 630 882 697 eapite
910 628 1123 698 plexus,
1159 625 1226 680 ad
1256 625 1422 680 Deum
1456 624 1728 694 migravit.

1249 741 1481 798 EODEM
1513 741 1762 797 MENSE.

1353 835 1450 891 Die
1480 850 1625 890 nona

812 927 973 998 159
1001 925 1282 982 Certamen
1310 929 1635 981 sacrosancn'
1676 926 1926 998 martyris
1961 925 2170 998 Cyrillt’.

777 1039 1162 1112 Sacromartyr
1207 1039 1443 1113 Cyrillus
1475 1039 1789 1094 Christiana
1827 1041 1931 1094 fide
1971 1041 2282 1111 divinisque

704 1142 900 1188 auctus
920 1132 1240 1195 virtutibus,
1282 1130 1565 1187 Cretensis
1591 1131 1848 1186 Ecclesiae
1878 1132 2120 1200 pontifex
2153 1149 2282 1187 cou-

706 1224 932 1277 stitutns
989 1221 1108 1275 fuit.
1162 1222 1413 1293 Cumque
1443 1237 1660 1292 gregem
1709 1223 1846 1277 bene
1884 1223 2280 1292 .gubernasset,

705 1325 868 1383 atque
909 1313 1126 1368 Domini
1161 1315 1372 1383 plebem
1427 1314 1679 1368 doctrina
1713 1323 1768 1369 et
1805 1315 2282 1370 adhortationibus

703 1407 963 1467 auxisset,
993 1417 1260 1461 commota
1289 1407 1692 1475 persecutione,
1725 1407 1792 1462 ab
1812 1407 2110 1462 idololatris
2141 1422 2283 1462 com-

707 1500 1006 1566 prehensus
1025 1508 1078 1553 et
1098 1498 1317 1568 ligatus,
1339 1499 1555 1567 praesidi
1575 1501 1817 1554 sistitur:
1837 1508 2000 1569 atque
2025 1502 2076 1554 in
2099 1500 2276 1571 ignem

706 1591 998 1659 proiectus,
1037 1591 1275 1662 indeque
1326 1592 1528 1646 illaesus
1557 1606 1834 1662 egressus,
1889 1592 2126 1647 vinculis
2156 1592 2278 1661 qui-

705 1685 806 1738 hus
848 1684 1210 1750 vinciebatur,
1248 1685 1631 1748 concrematis,
1672 1693 1726 1738 et
1767 1700 1875 1738 una
1920 1699 2044 1740 cum
2097 1685 2278 1756 lignis,

703 1775 904 1844 quibus
949 1774 1166 1828 ﬂamma
1219 1775 1486 1838 alebatur,
1548 1776 1602 1828 in
1656 1775 1893 1830 cinerem
1941 1777 2194 1840 redactis,
2249 1791 2278 1829 a

2388 624 2524 694 πρὸς
2553 623 2685 676 Θεὸν
2717 623 2871 694 ἐξεδή
2881 641 3076 694 μησεν.

2913 738 3093 793 MHNI
3133 739 3221 810 To
3258 739 3464 808 ΔΥΤῼ.

3126 830 3184 883 Θ.

2458 924 2740 993 Ἀθλησις
2770 922 2876 978 τοῦ
2909 924 3081 994 ἁγίου
3115 924 3537 994 ιερομάρτιιρος
3565 924 3891 991 Κυρίλλου.

2454 1036 2724 1107 Κύριλλος
2771 1040 2798 1091 ὁ
2842 1037 3195 1109 ἱερομάρτυς,
3248 1040 3315 1109 τῇ
3381 1038 3461 1102 εἰς
3517 1038 3754 1107 Χριστὸν
3786 1037 3969 1089 πίστει

2383 1129 2479 1182 καὶ
2527 1132 2646 1192 ταῖς
2709 1129 2881 1192 θείαις
2934 1130 3159 1199 ἀρεταῖς
3219 1129 3611 1199 συναυξηθεὶς,
3673 1131 3970 1199 ἀρχιερεῦς

2382 1222 2621 1292 κατέστη
2666 1225 2766 1293 τῆς
2815 1226 2871 1277 ἐν
2903 1225 3098 1295 Κρήτῃ
3146 1223 3492 1293 Ἐκκλησίας.
3535 1224 3645 1276 Καὶ
3680 1223 3864 1285 καλῶς
3910 1223 3971 1274 τὸ

2384 1316 2635 1385 ποίμνιον
2670 1316 2878 1382 ἰθύνας,
2909 1315 3009 1370 καὶ
3041 1314 3132 1368 τὸν
3166 1313 3296 1368 λαὸν
3324 1315 3530 1384 Κυρίου
3568 1312 3848 1382 πληθύνας
3880 1313 3971 1365 διὰ

2381 1405 2750 1471 διδασκαλίας,
2781 1407 2877 1460 καὶ
2907 1407 3310 1477 παραινέσεως,
3346 1405 3590 1475 διωγμοῦ
3627 1405 3966 1475 κινηθέντος,

2383 1499 2662 1570 ἐκρατήθη
2695 1499 2846 1568 παρά
2875 1499 2987 1553 τῶν
3027 1498 3454 1568 εἰδωλολατρῶν,
3491 1499 3587 1552 καὶ
3615 1499 3790 1561 δεθεὶς
3823 1516 3971 1564 παρ-

2383 1592 2539 1660 εδόθη
2575 1591 2652 1662 τῷ
2684 1593 2924 1662 ἄρχοντι.
2976 1592 3086 1645 Καὶ
3128 1591 3426 1662 ἐμϐληθεὶς
3472 1592 3552 1652 εἰς
3601 1591 3734 1661 πῦρ,
3786 1590 3877 1643 καὶ
3912 1591 3974 1654 ἐξ

2383 1683 2545 1735 αὑτοῦ
2587 1683 2830 1748 ἀϐλαϐὴς
2865 1682 3119 1749 ἐξελθὼν,
3172 1683 3281 1735 τῶν
3332 1683 3568 1751 δεσμῶν,
3617 1677 3696 1745 οἷς
3737 1682 3969 1742 ἐδέδετο,

2383 1777 2648 1839 καέντων,
2701 1777 2796 1829 καὶ
2844 1775 2954 1828 τῶν
2989 1775 3184 1841 ξύλων,
3229 1769 3312 1838 οἷς
3343 1777 3387 1845 ἡ
3411 1774 3541 1845 φλὸξ
3574 1777 3852 1844 ἐτρέφετο,
3887 1778 3972 1836 εἰς

709 1868 936 1930 pratside
965 1867 1225 1922 dimissus
1273 1867 1398 1934 fuit,
1446 1868 1649 1922 factum
1692 1868 1947 1930 mirante,
1983 1867 2281 1934 imperato-

2387 1870 2530 1923 κόνιν
2579 1869 3007 1933 λεπτυνθέντων,
3060 1869 3305 1939 ἀπελύθη
3355 1870 3508 1940 παρά
3543 1869 3636 1922 τοῦ
3681 1871 3970 1939 ἄρχοντος,

708 1958 891 2026 risque
928 1958 1104 2011 edicta
1165 1958 1306 2012 velut
1349 1960 1534 2028 iniqua
1580 1959 2001 2013 condemnante.
2052 1959 2116 2012 Et
2147 1968 2278 2016 tunc

705 2048 926 2115 quidem
954 2064 1041 2103 res
1072 2048 1144 2102 ita
1175 2063 1235 2103 se
1272 2049 1481 2101 habuit.
1514 2049 1870 2104 P3stmodum
1907 2065 2039 2103 vero
2069 2066 2280 2119 praeses

706 2154 937 2193 cernens
967 2138 1278 2207 complures
1309 2138 1512 2193 Christi
1553 2139 1710 2192 tidem
1746 2139 2072 2208 amplexari,
2110 2141 2283 2210 impc-

709 2230 906 2284 ratoris
929 2229 1355 2300 indignationem
1392 2230 1617 2292 veritus,
1649 2241 1897 2285 sanctum
1923 2233 2283 2302 comprehen-

706 2335 850 2374 sum.
876 2319 1040 2374 etiam
1076 2319 1301 2380 invitus,
1337 2319 1516 2388 capite
1545 2320 1861 2374 damnavit:
1900 2330 1954 2375 et
1999 2338 2095 2391 per
2135 2323 2281 2378 huuc

708 2414 929 2468 modum
991 2416 1155 2468 vitam
1205 2415 1593 2479 immortalem,
1641 2427 2072 2484 perpetuamque
2127 2417 2277 2486 regni

706 2506 940 2562 t-(elestis
965 2507 1351 2562 beatitudinem
1380 2507 1556 2561 eidem
1598 2509 1957 2576 comparavit.

709 2710 775 2765 Et
798 2721 1061 2766 certamen
1080 2711 1253 2766 sancti
1274 2713 1522 2782 martyris
1548 2711 1904 2766 Patermutln'i
1919 2721 1966 2766 et
1989 2714 2275 2767 sociorum.

773 2895 1186 2952 Patermuthius
1235 2902 1289 2949 et
1315 2895 1476 2959 socii,
1497 2893 1716 2948 Iuliano
1743 2897 2003 2964 Apostata
2036 2894 2284 2965 tyranni-

706 2993 826 3045 dem
871 2998 1179 3051 exercente,
1217 2987 1268 3040 in
1314 2985 1635 3058 Egyptiaca
1683 3001 1870 3039 eremo
1914 3000 2193 3041 secessum
2227 2993 2282 3041 et

708 3077 945 3147 quietam
974 3076 1138 3130 vitam
1165 3075 1518 3145 quaesieram.
1557 3075 1748 3129 Eidem
1783 3084 1964 3129 autem
2005 3076 2276 3146 Apostata:

2387 1963 2770 2030 θαυμάσαντος
2821 1962 2881 2015 τὸ
2935 1961 3180 2030 γεγονὸς,
3245 1962 3338 2014 καὶ
3385 1965 3497 2024 τοῖς
3559 1961 3652 2013 τοῦ
3702 1960 3974 2029 βασιλέως

2384 2055 2804 2125 προστάγμασιν
2867 2056 2942 2116 ὡς
2997 2056 3204 2116 ἀδίκοις
3262 2051 3415 2108 οὖσιν
3477 2053 3969 2124 ἐπιμεμψαμένου.

2384 2147 2492 2200 Καὶ
2523 2148 2643 2200 τότε
2677 2147 2773 2216 μὲν
2798 2145 2991 2210 οὕτως.
3025 2145 3294 2217 ’Ύστερον
3315 2146 3370 2199 δὲ
3407 2145 3529 2198 ίδὼν
3559 2148 3586 2198 ὁ
3617 2147 3800 2216 ἀρχων
3834 2145 3978 2198 πολ-

2383 2236 2510 2298 λοὺς
2541 2237 2643 2306 τὴν
2691 2239 2770 2300 είς
2818 2238 3053 2305 Χριστὸν
3090 2237 3274 2290 πίστιν
3320 2237 3760 2306 ἀσπαζομένους,
3797 2236 3975 2304 φοϐη-

2385 2328 2498 2390 θεὶς
2526 2327 2618 2381 τὸν
2639 2327 2733 2380 τοῦ
2761 2328 3028 2398 βασιλέως
3053 2329 3247 2400 θυμὸν,
3279 2331 3558 2399 κρατήσας
3575 2329 3666 2381 τὸν
3690 2329 3844 2397 ἅγιον
3875 2331 3977 2381 καὶ

2385 2420 2554 2484 ἄκων,
2591 2420 2982 2488 ἁπεκεφάλισε,
3023 2421 3364 2492 προξενήσας
3393 2419 3543 2490 αὐτῷ
3585 2420 3730 2492 ζωὴν
3760 2421 3974 2474 ἀθάνα-

2393 2529 2475 2566 τον
2501 2513 2597 2566 καὶ
2639 2514 2813 2567 ἀΐδιον
2857 2514 3239 2585 μακαριότητα
3287 2514 3388 2583 τῆς
3426 2513 3703 2583 βασιλείας
3734 2512 3844 2565 τῶν
3875 2513 3973 2564 οὐ·

2388 2602 2586 2673 ρανῶν.

2387 2717 2497 2771 Καὶ
2541 2717 2801 2785 ἄθλησις
2844 2722 2950 2773 τοῦ
2982 2721 3156 2789 ἁγίου
3203 2721 3510 2786 μάρτυρος
3557 2718 3973 2786 Πατερμυθίου

2883 2793 2981 2844 καὶ
3010 2791 3128 2842 τῶν
3155 2791 3277 2844 σὺν
3305 2790 3484 2853 αὐτῷ.

2459 2908 2887 2976 Πατερμούθιος,
2924 2907 3016 2958 καὶ
3051 2909 3097 2959 οἱ
3136 2907 3233 2958 σὺν
3271 2907 3440 2975 αὐτῷ,
3473 2906 3720 2975 ὑπῆρχον
3755 2905 3843 2956 ἐπὶ
3868 2903 3980 2970 τῆς

2384 2999 2697 3066 τυραννίδος
2763 2997 3053 3051 Ὶουλιανοῦ
3105 2998 3198 3052 τοῦ
3250 2998 3600 3070 Παραδάτου,
3652 2999 3708 3049 ἐν
3744 2999 3809 3066 τῇ
3848 2996 3976 3047 κατ’

2384 3091 2662 3160 Αἴγυπτον
2709 3092 2901 3160 ἐρήμῳ
2933 3091 3321 3161 ἡσυχάζοντες.
3372 3090 3757 3160 Ἀπερχομένῳ
3806 3088 3861 3140 δὲ
3893 3088 3977 3158 τῷ

709 3171 969 3225 adversus
1008 3167 1203 3222 Persas
1251 3169 1652 3238 expeditionem
1687 3168 1899 3237 paranti
1946 3170 2014 3223 ab
2047 3169 2278 3225 idolola-

2387 3184 2689 3254 Παραὸάτῃ
2744 3182 2880 3252 πρὸς
2932 3183 3024 3236 τὸν
3075 3183 3217 3236 κατά
3265 3183 3375 3236 τῶν
3434 3183 3660 3252 Περσῶν
3711 3181 3974 3249 πόλεμον,

711 3265 810 3318 tris
833 3263 1020 3326 delati,
1049 3271 1103 3318 et
1130 3261 1537 3332 comprehensi,
1571 3262 1864 3316 sistuntur.
1903 3260 1967 3315 Et
1992 3260 2283 3316 Patermu-

712 3359 862 3413 thius
893 3357 1110 3427 quidem
1145 3370 1350 3409 annum
1387 3354 1580 3421 agebat
1630 3355 2097 3425 septuagesimum
2123 3355 2284 3425 quin-

711 3463 857 3520 tum;
891 3455 1097 3522 Copres
1130 3466 1262 3506 vero
1285 3453 1536 3521 quintum
1571 3468 1735 3522 supra
1775 3453 2278 3522 quadragesimum.

715 3547 882 3600 Divisi
920 3545 1102 3614 itaque
1132 3546 1200 3597 ab
1225 3544 1480 3604 invicem,
1515 3542 1799 3600 Christum
1833 3546 2105 3616 abnegare
2133 3562 2286 3601 com-

713 3638 1072 3708 pellebantur.
1125 3635 1331 3706 Cuprt-s
1394 3647 1574 3690 autem
1650 3638 1927 3706 Apostam
2010 3639 2284 3695 illecebris

711 3739 927 3800 raptus,
957 3744 985 3781 a
1021 3730 1126 3782 tide
1149 3727 1367 3784 defecit.
1400 3728 1519 3796 Quo
1541 3729 1814 3784 intellecto
1847 3728 2282 3798 l’atermuthius,

712 3822 934 3891 plorans
958 3834 1055 3889 pro
1081 3820 1174 3874 illo
1203 3819 1370 3875 Deum
1395 3821 1606 3874 orabat.
1634 3821 1757 3876 Mox
1774 3829 1826 3876 et
1853 3823 1967 3890 ipse
1989 3821 2282 3890 adductus,

709 3927 763 3969 et
806 3915 1020 3984 Copren
1068 3914 1367 3982 splendidis
1418 3924 1668 3984 opertum
1727 3915 1971 3970 vestibus
2029 3918 2284 3983 intuitus,

714 4007 1084 4078 illacrymatus
1128 4016 1229 4060 est.
1270 4007 1477 4076 Coprcs
1499 4023 1632 4063 vero
1683 4023 1874 4062 earum
1915 4008 2283 4080 lacrymarum

710 4115 931 4154 causam
984 4113 1174 4152 casum
1227 4113 1388 4152 suum
1434 4113 1557 4154 esse
1603 4113 1928 4169 agnoscens,
1984 4101 2092 4154 alta
2153 4115 2287 4156 voce

713 4195 950 4245 clamare
997 4190 1162 4259 cmpit
1199 4207 1213 4244 :
1253 4190 1413 4260 160
1440 4189 1552 4256 Ego
1583 4189 1693 4260 jam
1717 4189 1982 4245 Julianita
2007 4207 2112 4246 non
2138 4208 2283 4258 sum,

723 4283 815 4337 sed
870 4282 1073 4337 Christi
1123 4297 1336 4337 servus.
1377 4280 1675 4351 Eapropter
1726 4283 1775 4337 ei
1811 4284 1994 4354 lingua
2069 4285 2289 4340 abscin-

711 4376 880 4438 ditur,
916 4383 1081 4444 atque
1109 4389 1215 4428 una
1251 4388 1374 4427 cum
1405 4374 1783 4428 Patermuthio
1841 4378 1893 4429 in
1945 4378 2120 4448 ignem
2158 4393 2290 4432 con-

705 4471 893 4537 jicitur
925 4487 936 4521 :
967 4483 1108 4537 quos
1133 4482 1254 4520 cum
1294 4466 1602 4520 Alexander
1629 4468 1698 4522 ab
1725 4467 1848 4539 igne
1879 4470 2102 4523 minime
2129 4471 2287 4526 laesos

2387 3273 2849 3343 κατεμηνύθησαν
2898 3273 3050 3343 παρὰ
3077 3273 3184 3326 τῶν
3218 3274 3636 3344 εἰδωλολατρῶν.
3675 3275 3784 3325 Καὶ
3834 3289 3979 3338 κρα-

2385 3365 2643 3435 τηθέντες
2673 3365 2920 3435 ἤχθησαν
2952 3365 3184 3418 ἐνώπιον
3223 3363 3414 3418 αὐτοῦ.
3447 3361 3556 3417 ἾΙν
3585 3365 3638 3416 δὲ
3665 3367 3692 3416 ὁ
3726 3363 3823 3431 μὲν
3863 3363 3978 3414 [Ια-

2385 3457 2710 3527 τερμούθιος
2761 3457 2899 3510 ἐτῶν
2952 3456 3327 3526 ἐϐδομήκοντα
3373 3458 3564 3520 πέντε,
3593 3459 3620 3508 ὀ
3646 3457 3700 3508 δὲ
3742 3457 3977 3524 Κόπρης

2387 3549 2526 3600 ἐτῶν
2589 3549 3000 3616 τεσσαράκοντα
3072 3548 3254 3603 πέντε.
3326 3549 3437 3600 Καὶ
3511 3545 3975 3617 διαχωρισθέντες

2386 3639 2762 3710 ἠναγκάζοντο
2791 3639 3133 3712 ἀρνήσασθαι
3171 3641 3263 3693 τὸν
3289 3642 3549 3710 Χριστόν.
3590 3639 3842 3699 Πεισθεὶς
3874 3634 3970 3691 οὖν

2386 3735 2415 3785 ὁ
2443 3733 2669 3802 Κόπρης
2699 3734 2819 3795 ταῖς
2865 3731 3127 3795 θωπείαις
3151 3733 3244 3785 τοῦ
3271 3733 3619 3803 Παραόάτου,
3663 3733 3969 3802 ἠρνήσατο.

2388 3825 2500 3878 Καὶ
2533 3824 2719 3896 μαθὼν
2746 3825 2904 3878 τοῦτο
2928 3827 2954 3878 ὁ
2977 3825 3402 3896 Πατερμούθιος,
3431 3825 3632 3879 κλαίων
3665 3827 3967 3894 παρεκάλει

2385 3915 2478 3967 τὸν
2509 3914 2640 3968 Θεὸν
2667 3915 2804 3983 ὑπὲρ
2835 3914 3021 3968 αὑτοῦ.
3058 3915 3343 3984 Εἱσαχθεὶς
3373 3916 3466 3968 οὖν
3514 3917 3610 3969 καὶ
3651 3917 3835 3979 αὐτὸς,
3873 3919 3969 3968 καὶ

2393 4010 2516 4062 ἰδὼν
2547 4008 2637 4062 τὸν
2691 4010 2919 4079 Κόπρην
2973 4009 3166 4079 ἱμάτια
3211 4008 3440 4079 λαμπρὰ
3472 4007 3966 4080 περιϐεϐλημένον,

2389 4102 2674 4171 ἐδάκρυσε.
2702 4103 2812 4154 Καὶ
2835 4102 2994 4168 γνοὺς
3017 4103 3045 4152 ὁ
3069 4101 3316 4170 Κόπρης,
3339 4103 3420 4154 ὅτι
3437 4102 3505 4154 δι’
3528 4101 3689 4153 αὑτὸν
3711 4101 3968 4162 ἓκλαυσε,

2389 4193 2700 4263 ἀνακράξας
2747 4193 2891 4261 ἔφη*
2937 4193 3049 4245 Οὐκ
3098 4193 3177 4244 ἔτι
3223 4195 3341 4261 εἰμὶ
3399 4193 3770 4259 Ἰουλιανίτης,
3832 4194 3973 4246 ἀλλά

2388 4283 2627 4353 Χριστοῦ
2657 4282 2861 4344 δοῦλος.
2906 4283 3191 4344 Ἐκκοπεὶς
3215 4281 3306 4334 οὖν
3333 4281 3427 4350 τὴν
3454 4282 3727 4349 γλῶσσαν,
3763 4282 3970 4348 ἐϐλήθη

2389 4377 2469 4437 είς
2511 4375 2619 4445 πῦρ
2678 4375 2816 4444 μετά
2863 4375 2958 4427 τοῦ
2994 4374 3436 4443 Πατερμουθίου⁶
3477 4374 3572 4428 καὶ
3610 4371 3731 4426 ἰδὼν
3766 4375 3970 4435 αὐτοὺς

2402 4463 2748 4530 Ἀλέξανδρός
2775 4481 2858 4526 τις
2910 4463 3077 4534 μηδὲν
3127 4463 3507 4533 ἀδικηθέντας,
3542 4464 3637 4516 καὶ
3668 4462 3972 4524 πιστεύσας

711 4568 979 4628 οοενηετει,
1022 4558 1227 4614 Christi
1275 4557 1433 4612 fidem
1492 4559 1796 4629 amplexus,
1857 4575 1967 4615 una
2001 4576 2128 4616 cum
2178 4562 2284 4618 illis

2391 4558 2468 4628 τῷ
2496 4555 2738 4627 Χριστῷ,
2768 4556 2864 4608 σὺν
2895 4557 3076 4619 αὐτοῖς
3107 4554 3314 4625 χαίρων
3347 4553 3786 4623 ἀπεκεφαλίσθη.

710 4655 953 4721 gaudens
982 4652 1165 4721 gladio
1192 4651 1552 4705 obtruncatus
1582 4661 1688 4706 est.

715 4766 780 4819 lit
844 4773 1112 4819 certamen
1192 4771 1500 4888 sanctorgt?
1561 4773 1857 4846 martyrum
1931 4763 2181 4822 Bianoris
2238 4775 2289 4822 et

1447 4847 1632 4888 tuam.

1447 4847 1632 4889 uvam.

782 4953 983 5009 Bianor
1011 4963 1217 5028 martyr
1243 4954 1446 5010 Christi
1473 4955 1526 5009 in
1552 4953 1757 5008 Pisidia
1802 4962 1984 5016 natus,
2019 4953 2090 5008 ob
2127 4952 2289 5008 Chri-

712 5045 778 5100 sti
812 5045 1210 5101 confessionem
1242 5063 1269 5099 a
1297 5046 1592 5100 Severiano
1617 5045 1837 5099 Isauria:
1857 5045 2109 5114 prefecto
2138 5061 2290 5100 com-

715 5136 1015 5203 prehensus
1061 5145 1165 5200 cst,
1219 5137 1535 5206 frustraque
1591 5145 1848 5200 tentatus,
1902 5146 1962 5190 ut
2009 5135 2285 5191 Christum

714 5228 972 5296 l-juraret,
1046 5232 1098 5284 in
1151 5231 1444 5300 equuleum
1513 5240 1737 5299 raptus,
1811 5229 2032 5299 ungulis
2097 5228 2288 5284 ferreis

715 5318 1011 5372 szevissime
1067 5321 1506 5375 excarnificalur.
1554 5319 1675 5374 Mox
1719 5322 1880 5374 etiam
1937 5319 2129 5374 ferreis
2174 5320 2291 5389 glo-

719 5410 859 5463 hulis
893 5410 1258 5464 candentibus
1314 5411 1491 5464 cidem
1542 5412 1855 5465 ustulantnr
1905 5412 2104 5476 axillaz,
2145 5410 2290 5466 evel-

721 5501 904 5552 luntur
953 5498 1167 5564 dentes,
1217 5508 1271 5553 et
1301 5515 1462 5553 aures
1497 5509 1841 5554 truncantur.
1890 5499 2022 5566 Quae
2062 5516 2184 5555 cum
2219 5502 2288 5554 ab

716 5607 779 5645 co
821 5589 1034 5644 fortiter
1069 5590 1286 5646 tolerari
1319 5592 1545 5647 vidisset
1575 5592 1730 5646 miles
1761 5592 1978 5661 quidam
2008 5593 2286 5657 Silvanus,

720 5683 772 5732 in
816 5680 1098 5735 Christum
1156 5681 1404 5744 credens,
1439 5682 1684 5736 abscissa
1735 5682 1782 5734 ci
1817 5689 2036 5750 repente
2080 5680 2286 5751 lingua,

711 5789 842 5838 mox
870 5773 1031 5828 etiam
1071 5774 1246 5845 capite
1285 5775 1556 5842 plectitur.
1619 5775 1818 5828 Bianor
1859 5783 2039 5828 autem
2089 5775 2289 5828 inulto-

720 5883 838 5922 runt
871 5867 1230 5922 certaminum
1274 5867 1461 5932 vit-tor,
1517 5867 1805 5936 perforatis
1844 5867 1989 5930 Iulis,
2040 5877 2091 5918 ot
2131 5875 2288 5919 erute

2390 4763 2498 4821 Kal
2526 4765 2784 4832 ἄθλησις
2818 4760 2935 4816 τῶν
2963 4763 3147 4830 ἁγίων
3173 4762 3489 4832 μαρτύρων
3533 4761 3825 4829 Βιάνορος
3870 4759 3975 4814 και

2991 4831 3347 4886 Σιλουᾶνον.

2462 4947 2697 5014 Βιάνωρ,
2734 4947 2763 4998 ὁ
2811 4945 3026 5016 μάρτυς
3074 4943 3168 4997 τοῦ
3194 4944 3454 5015 Χριστοῦ,
3501 4939 3569 5016 ἦν
3608 4945 3706 5013 μὲν
3760 4947 3823 4998 ἐκ
3871 4944 3974 5012 τῆς

2393 5036 2574 5107 χώρας
2633 5037 2896 5098 Πισιδίας.
2946 5034 3043 5088 Διά
3074 5035 3129 5088 δὲ
3174 5037 3274 5106 τὴν
3298 5036 3376 5098 εἰς
3401 5035 3637 5106 Χριστὸν
3676 5036 3975 5105 ὁμολογίαν

2392 5126 2688 5198 κρατηθεὶς
2744 5125 2846 5178 ὑπὸ
2887 5126 3220 5194 Σεδηρεανοῦ
3251 5128 3514 5197 ἡγεμόνος
3535 5127 3632 5195 τῆς
3671 5129 3971 5197 Ἰσαυρίας,

2392 5219 2487 5273 καὶ
2516 5217 2882 5286 ἀναγκασθεὶς
2931 5216 3270 5287 ἀρνήσασθαι
3319 5218 3408 5272 τὸν
3453 5218 3709 5289 Χριστὸν,
3755 5221 3849 5271 καὶ
3896 5218 3974 5288 μὴ

2393 5313 2656 5375 πεισθεὶς,
2700 5310 3015 5382 ἐκρεμάσθη
3064 5311 3156 5362 ἐπὶ
3183 5311 3364 5376 ξύλου,
3397 5312 3491 5364 καὶ
3531 5311 3724 5382 ἐξέσθη
3757 5313 3974 5380 πικρῶς

2395 5407 2532 5476 μετά
2569 5404 2804 5472 σιδηρῶν
2830 5404 3056 5473 ὀνύχων,
3086 5403 3460 5473 καὶσφαίραις
3486 5404 3856 5473 πυρωθείσαις
3888 5421 3974 5458 σε·

2391 5497 2584 5567 δηραῖς
2631 5495 2767 5563 ἐκάη
2814 5494 2912 5556 τάς
2943 5493 3248 5564 μασχάλας,
3278 5495 3372 5547 καὶ
3403 5496 3527 5554 τοὺς
3562 5495 3778 5556 ὀδόντας
3814 5495 3972 5566 ἐξερ-

2395 5586 2621 5659 ριζὼθη,
2648 5586 2738 5639 καὶ
2767 5587 2832 5638 τὰ
2857 5579 2969 5639 ὦτα
2997 5585 3272 5656 ἀφῃρέθη.
3311 5585 3454 5639 Ἰδὼν
3478 5586 3534 5639 δὲ
3555 5586 3717 5637 αὐτὶν
3743 5587 3972 5638 τοιαῦτα

2395 5680 2733 5750 ὑπομένοντα
2782 5677 3121 5748 στρατιώτης
3170 5695 3254 5740 τις
3305 5678 3590 5739 Σιλουανὸς
3638 5678 3968 5746 λεγόμενος,

2393 5775 2678 5826 ἐπίστευσε
2702 5770 2779 5839 τῷ
2804 5770 3051 5840 Χριστῴο
3085 5771 3179 5824 καὶ
3213 5770 3530 5840 παραυτίκα
3553 5771 3647 5823 καὶ
3679 5770 3845 5831 αὐτὸς
3874 5769 3971 5837 τὴν

2394 5865 2644 5932 γλῶτταν
2682 5863 2959 5929 ἐκκοπεὶς,
2997 5861 3431 5932 ἁπεκεφαλίσθη.
3484 5863 3540 5914 Ὀ
3580 5863 3634 5915 δὲ
3671 5860 3968 5922 πολύαθλος
