  <div class='ocr_page' id='page_1' title='image "/cluster/home/n/w/nwhite01/storage/ocr_20150623/117/nnc1.0046980202/276.png"; bbox 0 0 4190 6534; ppageno 0'>
   <div class='ocr_carea' id='block_1_1' title="bbox 168 381 269 442">
    <p class='ocr_par' dir='ltr' id='par_1_1' title="bbox 168 381 269 442">
     <span class='ocr_line' id='line_1_1' title="bbox 168 381 269 442; baseline -0.02 0"><span class='ocrx_word' id='word_1_1' title='bbox 168 381 269 442; x_wconf 79' lang='lat'><strong>533</strong></span> 
     </span>
    </p>
   </div>
   <div class='ocr_carea' id='block_1_2' title="bbox 1661 370 1962 432">
    <p class='ocr_par' dir='ltr' id='par_1_2' title="bbox 1661 370 1962 432">
     <span class='ocr_line' id='line_1_2' title="bbox 1661 370 1962 432; baseline -0.003 0"><span class='ocrx_word' id='word_1_2' title='bbox 1661 370 1962 432; x_wconf 74' lang='lat' dir='ltr'><strong>IULIUS.</strong></span> 
     </span>
    </p>
   </div>
   <div class='ocr_carea' id='block_1_3' title="bbox 3333 359 3436 424">
    <p class='ocr_par' dir='ltr' id='par_1_3' title="bbox 3333 359 3436 424">
     <span class='ocr_line' id='line_1_3' title="bbox 3333 359 3436 424; baseline -0.019 0"><span class='ocrx_word' id='word_1_3' title='bbox 3333 359 3436 424; x_wconf 67' lang='grc'><strong>534</strong></span> 
     </span>
    </p>
   </div>
   <div class='ocr_carea' id='block_1_4' title="bbox 167 478 1771 565">
    <p class='ocr_par' dir='ltr' id='par_1_4' title="bbox 167 478 1752 565">
     <span class='ocr_line' id='line_1_4' title="bbox 167 478 1752 565; baseline -0.006 -17"><span class='ocrx_word' id='word_1_4' title='bbox 167 496 381 563; x_wconf 80' lang='grc' dir='ltr'><strong>Βιάνωρ</strong></span> <span class='ocrx_word' id='word_1_5' title='bbox 410 493 709 565; x_wconf 81' lang='grc' dir='ltr'>τρυπηοε“ις</span> <span class='ocrx_word' id='word_1_6' title='bbox 738 493 865 556; x_wconf 81' lang='grc' dir='ltr'>τοὺς</span> <span class='ocrx_word' id='word_1_7' title='bbox 895 478 1292 562; x_wconf 79' lang='grc' dir='ltr'>ἀστραγάλους,</span> <span class='ocrx_word' id='word_1_8' title='bbox 1330 490 1422 544; x_wconf 64' lang='grc' dir='ltr'><strong>καὶ</strong></span> <span class='ocrx_word' id='word_1_9' title='bbox 1458 490 1549 542; x_wconf 64' lang='grc' dir='ltr'>τὸν</span> <span class='ocrx_word' id='word_1_10' title='bbox 1580 488 1752 554; x_wconf 79' lang='grc' dir='ltr'>δεξιὸν</span> 
     </span>
    </p>
   </div>
   <div class='ocr_carea' id='block_1_5' title="bbox 1877 478 3437 565">
    <p class='ocr_par' dir='ltr' id='par_1_5' title="bbox 1877 484 3437 560">
     <span class='ocr_line' id='line_1_5' title="bbox 1877 484 3437 560; baseline -0.004 -18"><span class='ocrx_word' id='word_1_11' title='bbox 1877 488 2018 542; x_wconf 79' lang='grc' dir='ltr'>›ριιιο</span> <span class='ocrx_word' id='word_1_12' title='bbox 2047 488 2295 548; x_wconf 77' lang='lat' dir='ltr'><strong>dextero.</strong></span> <span class='ocrx_word' id='word_1_13' title='bbox 2330 488 2691 559; x_wconf 83' lang='lat' dir='ltr'><strong>detractaque</strong></span> <span class='ocrx_word' id='word_1_14' title='bbox 2734 489 2931 560; x_wconf 88' lang='lat' dir='ltr'><strong>capitis</strong></span> <span class='ocrx_word' id='word_1_15' title='bbox 2959 497 3107 549; x_wconf 90' lang='lat' dir='ltr'><strong>cute,</strong></span> <span class='ocrx_word' id='word_1_16' title='bbox 3142 484 3194 538; x_wconf 90' lang='lat' dir='ltr'><strong>in</strong></span> <span class='ocrx_word' id='word_1_17' title='bbox 3245 497 3437 537; x_wconf 71' lang='lat' dir='ltr'><strong>carec—</strong></span> 
     </span>
    </p>
   </div>
   <div class='ocr_carea' id='block_1_6' title="bbox 165 580 1752 656">
    <p class='ocr_par' dir='ltr' id='par_1_6' title="bbox 165 580 1752 656">
     <span class='ocr_line' id='line_1_6' title="bbox 165 580 1752 656; baseline -0.004 -18"><span class='ocrx_word' id='word_1_18' title='bbox 165 586 444 656; x_wconf 63' lang='grc' dir='ltr'>όρθαὶμδν</span> <span class='ocrx_word' id='word_1_19' title='bbox 497 584 831 654; x_wconf 74' lang='grc' dir='ltr'>ὲξορυχθεὶς,</span> <span class='ocrx_word' id='word_1_20' title='bbox 888 584 983 637; x_wconf 56' lang='grc' dir='ltr'><strong>καλ¹</strong></span> <span class='ocrx_word' id='word_1_21' title='bbox 1028 582 1088 635; x_wconf 80' lang='grc' dir='ltr'>τὸ</span> <span class='ocrx_word' id='word_1_22' title='bbox 1138 583 1314 653; x_wconf 75' lang='grc' dir='ltr'>δέρμα</span> <span class='ocrx_word' id='word_1_23' title='bbox 1366 582 1463 651; x_wconf 81' lang='grc' dir='ltr'><strong>τῆς</strong></span> <span class='ocrx_word' id='word_1_24' title='bbox 1510 580 1752 649; x_wconf 79' lang='grc' dir='ltr'>κεφαλῆς</span> 
     </span>
    </p>
   </div>
   <div class='ocr_carea' id='block_1_7' title="bbox 1863 575 3438 651">
    <p class='ocr_par' dir='ltr' id='par_1_7' title="bbox 1863 575 3438 651">
     <span class='ocr_line' id='line_1_7' title="bbox 1863 575 3438 651; baseline -0.004 -15"><span class='ocrx_word' id='word_1_25' title='bbox 1863 598 1976 636; x_wconf 88' lang='lat' dir='ltr'><strong>rem</strong></span> <span class='ocrx_word' id='word_1_26' title='bbox 2004 582 2345 637; x_wconf 79' lang='lat' dir='ltr'><strong>detruditur:</strong></span> <span class='ocrx_word' id='word_1_27' title='bbox 2381 594 2602 651; x_wconf 85' lang='lat' dir='ltr'><strong>postero</strong></span> <span class='ocrx_word' id='word_1_28' title='bbox 2637 592 2817 637; x_wconf 87' lang='lat' dir='ltr'><strong>autem</strong></span> <span class='ocrx_word' id='word_1_29' title='bbox 2848 584 2934 637; x_wconf 88' lang='lat' dir='ltr'><strong>die</strong></span> <span class='ocrx_word' id='word_1_30' title='bbox 2960 582 3140 636; x_wconf 86' lang='lat' dir='ltr'><strong>adhuc</strong></span> <span class='ocrx_word' id='word_1_31' title='bbox 3167 575 3438 643; x_wconf 82' lang='lat' dir='ltr'><strong>paulisper</strong></span> 
     </span>
    </p>
   </div>
   <div class='ocr_carea' id='block_1_8' title="bbox 166 670 1771 746">
    <p class='ocr_par' dir='ltr' id='par_1_8' title="bbox 166 672 1755 745">
     <span class='ocr_line' id='line_1_8' title="bbox 166 672 1755 745; baseline -0.005 -14"><span class='ocrx_word' id='word_1_32' title='bbox 166 679 440 743; x_wconf 78' lang='grc' dir='ltr'>ὲκδαρεὶς,</span> <span class='ocrx_word' id='word_1_33' title='bbox 471 675 802 745; x_wconf 79' lang='grc' dir='ltr'><strong>ἀπεκλείσθη</strong></span> <span class='ocrx_word' id='word_1_34' title='bbox 840 677 918 737; x_wconf 85' lang='grc' dir='ltr'><strong>είς</strong></span> <span class='ocrx_word' id='word_1_35' title='bbox 951 675 1219 743; x_wconf 82' lang='grc' dir='ltr'>φυλακήν.</span> <span class='ocrx_word' id='word_1_36' title='bbox 1257 674 1368 727; x_wconf 79' lang='grc' dir='ltr'>Καὶ</span> <span class='ocrx_word' id='word_1_37' title='bbox 1395 677 1460 743; x_wconf 84' lang='grc' dir='ltr'>τῇ</span> <span class='ocrx_word' id='word_1_38' title='bbox 1489 672 1755 742; x_wconf 72' lang='grc' dir='ltr'>ἐπαύριον</span> 
     </span>
    </p>
   </div>
   <div class='ocr_carea' id='block_1_9' title="bbox 1877 670 3429 746">
    <p class='ocr_par' dir='ltr' id='par_1_9' title="bbox 1877 670 3429 746">
     <span class='ocr_line' id='line_1_9' title="bbox 1877 670 3429 746; baseline -0.008 -16"><span class='ocrx_word' id='word_1_39' title='bbox 1877 677 2097 746; x_wconf 68' lang='lat' dir='ltr'><strong>spirans,</strong></span> <span class='ocrx_word' id='word_1_40' title='bbox 2127 692 2157 730; x_wconf 91' lang='lat' dir='ltr'><strong>e</strong></span> <span class='ocrx_word' id='word_1_41' title='bbox 2187 676 2436 731; x_wconf 87' lang='lat' dir='ltr'><strong>custodia</strong></span> <span class='ocrx_word' id='word_1_42' title='bbox 2470 678 2724 741; x_wconf 81' lang='lat' dir='ltr'><strong>eductus,</strong></span> <span class='ocrx_word' id='word_1_43' title='bbox 2751 687 2803 732; x_wconf 87' lang='lat' dir='ltr'><strong>et</strong></span> <span class='ocrx_word' id='word_1_44' title='bbox 2832 692 2873 731; x_wconf 86' lang='lat' dir='ltr'><strong>a.</strong></span> <span class='ocrx_word' id='word_1_45' title='bbox 2895 675 3182 731; x_wconf 76' lang='lat' dir='ltr'><strong>lictoribus</strong></span> <span class='ocrx_word' id='word_1_46' title='bbox 3214 670 3429 725; x_wconf 85' lang='lat' dir='ltr'><strong>succol-</strong></span> 
     </span>
    </p>
   </div>
   <div class='ocr_carea' id='block_1_10' title="bbox 170 761 1771 839">
    <p class='ocr_par' dir='ltr' id='par_1_10' title="bbox 170 761 1758 838">
     <span class='ocr_line' id='line_1_10' title="bbox 170 761 1758 838; baseline -0.004 -16"><span class='ocrx_word' id='word_1_47' title='bbox 170 769 370 838; x_wconf 76' lang='grc' dir='ltr'>μικρὸν</span> <span class='ocrx_word' id='word_1_48' title='bbox 421 768 502 821; x_wconf 77' lang='grc' dir='ltr'>ἔτι</span> <span class='ocrx_word' id='word_1_49' title='bbox 560 766 836 836; x_wconf 83' lang='grc' dir='ltr'><strong>ἐμπνέων,</strong></span> <span class='ocrx_word' id='word_1_50' title='bbox 877 764 1166 835; x_wconf 55' lang='lat' dir='ltr'><strong>examen;</strong></span> <span class='ocrx_word' id='word_1_51' title='bbox 1200 765 1299 833; x_wconf 84' lang='grc' dir='ltr'>τῆς</span> <span class='ocrx_word' id='word_1_52' title='bbox 1342 763 1612 834; x_wconf 81' lang='grc' dir='ltr'><strong>φυλακῆς,</strong></span> <span class='ocrx_word' id='word_1_53' title='bbox 1661 761 1758 816; x_wconf 78' lang='grc' dir='ltr'>καὶ</span> 
     </span>
    </p>
   </div>
   <div class='ocr_carea' id='block_1_11' title="bbox 1877 761 2634 839">
    <p class='ocr_par' dir='ltr' id='par_1_11' title="bbox 1880 770 2634 839">
     <span class='ocr_line' id='line_1_11' title="bbox 1880 770 2634 839; baseline 0.001 -16"><span class='ocrx_word' id='word_1_54' title='bbox 1880 778 2021 836; x_wconf 87' lang='lat' dir='ltr'><strong>atus,</strong></span> <span class='ocrx_word' id='word_1_55' title='bbox 2060 770 2233 839; x_wconf 84' lang='lat' dir='ltr'><strong>capite</strong></span> <span class='ocrx_word' id='word_1_56' title='bbox 2252 770 2634 824; x_wconf 74' lang='lat' dir='ltr'><strong>obtruncatur.</strong></span> 
     </span>
    </p>
   </div>
   <div class='ocr_carea' id='block_1_12' title="bbox 166 858 1576 932">
    <p class='ocr_par' dir='ltr' id='par_1_12' title="bbox 166 858 1576 932">
     <span class='ocr_line' id='line_1_12' title="bbox 166 858 1576 932; baseline 0 -18"><span class='ocrx_word' id='word_1_57' title='bbox 166 862 583 932; x_wconf 75' lang='grc' dir='ltr'>βασταζόμενος</span> <span class='ocrx_word' id='word_1_58' title='bbox 608 861 714 913; x_wconf 78' lang='grc' dir='ltr'><strong>ὑπὸ</strong></span> <span class='ocrx_word' id='word_1_59' title='bbox 743 858 850 914; x_wconf 83' lang='grc' dir='ltr'>τῶν</span> <span class='ocrx_word' id='word_1_60' title='bbox 876 860 1108 930; x_wconf 79' lang='grc' dir='ltr'><strong>δημίων,</strong></span> <span class='ocrx_word' id='word_1_61' title='bbox 1139 858 1576 930; x_wconf 78' lang='grc' dir='ltr'>ἀπεκεφαλίσθη.</span> 
     </span>
    </p>
   </div>
   <div class='ocr_carea' id='block_1_13' title="bbox 169 972 1755 1043">
    <p class='ocr_par' dir='ltr' id='par_1_13' title="bbox 169 972 1755 1043">
     <span class='ocr_line' id='line_1_13' title="bbox 169 972 1755 1043; baseline -0.005 -11"><span class='ocrx_word' id='word_1_62' title='bbox 169 978 280 1032; x_wconf 79' lang='lat' dir='ltr'><strong>Kal</strong></span> <span class='ocrx_word' id='word_1_63' title='bbox 314 978 573 1042; x_wconf 75' lang='grc' dir='ltr'><strong>ἄθλησις</strong></span> <span class='ocrx_word' id='word_1_64' title='bbox 602 973 709 1028; x_wconf 88' lang='grc' dir='ltr'><strong>τοῦ</strong></span> <span class='ocrx_word' id='word_1_65' title='bbox 752 974 926 1043; x_wconf 80' lang='grc' dir='ltr'>ἁγίου</span> <span class='ocrx_word' id='word_1_66' title='bbox 961 973 1262 1043; x_wconf 83' lang='grc' dir='ltr'>μάρτυρος</span> <span class='ocrx_word' id='word_1_67' title='bbox 1359 972 1755 1035; x_wconf 70' lang='grc' dir='ltr'>ιπολλωνίου,</span> 
     </span>
    </p>
   </div>
   <div class='ocr_carea' id='block_1_14' title="bbox 254 1081 1761 1159">
    <p class='ocr_par' dir='ltr' id='par_1_14' title="bbox 254 1081 1761 1159">
     <span class='ocr_line' id='line_1_14' title="bbox 254 1081 1761 1159; baseline -0.004 -16"><span class='ocrx_word' id='word_1_68' title='bbox 254 1090 317 1143; x_wconf 88' lang='lat'><strong>&#39;0</strong></span> <span class='ocrx_word' id='word_1_69' title='bbox 347 1090 440 1143; x_wconf 90' lang='grc' dir='ltr'><strong>τοῦ</strong></span> <span class='ocrx_word' id='word_1_70' title='bbox 482 1087 721 1159; x_wconf 76' lang='grc' dir='ltr'><strong>Χριστοῦ</strong></span> <span class='ocrx_word' id='word_1_71' title='bbox 770 1088 981 1158; x_wconf 80' lang='grc' dir='ltr'><strong>μάρτυς</strong></span> <span class='ocrx_word' id='word_1_72' title='bbox 1028 1085 1408 1150; x_wconf 81' lang='grc' dir='ltr'>Ἀπολλώνιος,</span> <span class='ocrx_word' id='word_1_73' title='bbox 1456 1081 1523 1156; x_wconf 76' lang='grc' dir='ltr'>ἦν</span> <span class='ocrx_word' id='word_1_74' title='bbox 1565 1086 1661 1155; x_wconf 79' lang='grc' dir='ltr'><strong>μὲν</strong></span> <span class='ocrx_word' id='word_1_75' title='bbox 1696 1086 1761 1137; x_wconf 84' lang='grc' dir='ltr'>ἐκ</span> 
     </span>
    </p>
   </div>
   <div class='ocr_carea' id='block_1_15' title="bbox 166 1177 1761 1251">
    <p class='ocr_par' dir='ltr' id='par_1_15' title="bbox 166 1177 1761 1251">
     <span class='ocr_line' id='line_1_15' title="bbox 166 1177 1761 1251; baseline -0.001 -20"><span class='ocrx_word' id='word_1_76' title='bbox 166 1183 271 1251; x_wconf 80' lang='grc' dir='ltr'>τῆς</span> <span class='ocrx_word' id='word_1_77' title='bbox 299 1179 485 1250; x_wconf 83' lang='grc' dir='ltr'>χώρας</span> <span class='ocrx_word' id='word_1_78' title='bbox 525 1179 747 1243; x_wconf 77' lang='grc' dir='ltr'><strong>Λυδίας,</strong></span> <span class='ocrx_word' id='word_1_79' title='bbox 780 1180 991 1241; x_wconf 86' lang='grc' dir='ltr'>πόλεως</span> <span class='ocrx_word' id='word_1_80' title='bbox 1022 1179 1272 1248; x_wconf 83' lang='grc' dir='ltr'><strong>Σάρδεων</strong></span> <span class='ocrx_word' id='word_1_81' title='bbox 1298 1196 1310 1209; x_wconf 88' lang='grc'><strong>·</strong></span> <span class='ocrx_word' id='word_1_82' title='bbox 1345 1179 1678 1249; x_wconf 77' lang='grc' dir='ltr'><strong>περιήρχετο</strong></span> <span class='ocrx_word' id='word_1_83' title='bbox 1706 1177 1761 1230; x_wconf 84' lang='grc' dir='ltr'>δὲ</span> 
     </span>
    </p>
   </div>
   <div class='ocr_carea' id='block_1_16' title="bbox 172 1270 1763 1341">
    <p class='ocr_par' dir='ltr' id='par_1_16' title="bbox 172 1270 1763 1341">
     <span class='ocr_line' id='line_1_16' title="bbox 172 1270 1763 1341; baseline -0.003 -14"><span class='ocrx_word' id='word_1_84' title='bbox 172 1276 362 1327; x_wconf 69' lang='grc' dir='ltr'>πᾶσαν</span> <span class='ocrx_word' id='word_1_85' title='bbox 416 1274 570 1325; x_wconf 84' lang='grc' dir='ltr'>πόλιν</span> <span class='ocrx_word' id='word_1_86' title='bbox 623 1272 718 1324; x_wconf 72' lang='grc' dir='ltr'><strong>καὶ</strong></span> <span class='ocrx_word' id='word_1_87' title='bbox 768 1270 953 1341; x_wconf 83' lang='grc' dir='ltr'>χώραν</span> <span class='ocrx_word' id='word_1_88' title='bbox 1000 1271 1271 1325; x_wconf 78' lang='grc' dir='ltr'><strong>διδάσκων</strong></span> <span class='ocrx_word' id='word_1_89' title='bbox 1320 1272 1411 1323; x_wconf 79' lang='grc' dir='ltr'><strong>τὸν</strong></span> <span class='ocrx_word' id='word_1_90' title='bbox 1461 1271 1619 1339; x_wconf 82' lang='grc' dir='ltr'>λόγον</span> <span class='ocrx_word' id='word_1_91' title='bbox 1664 1270 1763 1339; x_wconf 80' lang='grc' dir='ltr'>τῆς</span> 
     </span>
    </p>
   </div>
   <div class='ocr_carea' id='block_1_17' title="bbox 171 1362 1764 1435">
    <p class='ocr_par' dir='ltr' id='par_1_17' title="bbox 171 1362 1764 1435">
     <span class='ocr_line' id='line_1_17' title="bbox 171 1362 1764 1435; baseline -0.003 -17"><span class='ocrx_word' id='word_1_92' title='bbox 171 1365 463 1435; x_wconf 73' lang='grc' dir='ltr'><strong>ἀληθείας,</strong></span> <span class='ocrx_word' id='word_1_93' title='bbox 499 1363 592 1418; x_wconf 76' lang='grc' dir='ltr'><strong>καὶ</strong></span> <span class='ocrx_word' id='word_1_94' title='bbox 623 1364 851 1427; x_wconf 78' lang='grc' dir='ltr'>πολλοὺς</span> <span class='ocrx_word' id='word_1_95' title='bbox 881 1363 989 1416; x_wconf 83' lang='grc' dir='ltr'>τῶν</span> <span class='ocrx_word' id='word_1_96' title='bbox 1017 1365 1263 1417; x_wconf 83' lang='grc' dir='ltr'>ἀπίστων</span> <span class='ocrx_word' id='word_1_97' title='bbox 1296 1364 1641 1433; x_wconf 68' lang='grc' dir='ltr'><strong>ἐπιστρέφων</strong></span> <span class='ocrx_word' id='word_1_98' title='bbox 1670 1362 1764 1414; x_wconf 76' lang='grc' dir='ltr'>ἐπὶ</span> 
     </span>
    </p>
   </div>
   <div class='ocr_carea' id='block_1_18' title="bbox 170 1452 1767 1525">
    <p class='ocr_par' dir='ltr' id='par_1_18' title="bbox 170 1452 1767 1525">
     <span class='ocr_line' id='line_1_18' title="bbox 170 1452 1767 1525; baseline -0.003 -16"><span class='ocrx_word' id='word_1_99' title='bbox 170 1458 267 1509; x_wconf 74' lang='grc' dir='ltr'><strong>τὸν</strong></span> <span class='ocrx_word' id='word_1_100' title='bbox 306 1458 534 1525; x_wconf 80' lang='grc' dir='ltr'>Κύριον.</span> <span class='ocrx_word' id='word_1_101' title='bbox 576 1456 998 1524; x_wconf 81' lang='grc' dir='ltr'>Καταμηνυθεὶς</span> <span class='ocrx_word' id='word_1_102' title='bbox 1046 1452 1138 1509; x_wconf 87' lang='grc' dir='ltr'><strong>οῦν</strong></span> <span class='ocrx_word' id='word_1_103' title='bbox 1192 1455 1343 1524; x_wconf 86' lang='grc' dir='ltr'><strong>παρά</strong></span> <span class='ocrx_word' id='word_1_104' title='bbox 1392 1455 1500 1509; x_wconf 86' lang='grc' dir='ltr'>τῶν</span> <span class='ocrx_word' id='word_1_105' title='bbox 1550 1454 1767 1507; x_wconf 71' lang='grc' dir='ltr'>εἰδωλο-</span> 
     </span>
    </p>
   </div>
   <div class='ocr_carea' id='block_1_19' title="bbox 173 1546 1762 1619">
    <p class='ocr_par' dir='ltr' id='par_1_19' title="bbox 173 1546 1762 1619">
     <span class='ocr_line' id='line_1_19' title="bbox 173 1546 1762 1619; baseline -0.001 -19"><span class='ocrx_word' id='word_1_106' title='bbox 173 1548 399 1617; x_wconf 81' lang='grc' dir='ltr'>λατρῶν</span> <span class='ocrx_word' id='word_1_107' title='bbox 430 1548 507 1617; x_wconf 80' lang='grc' dir='ltr'><strong>τῷ</strong></span> <span class='ocrx_word' id='word_1_108' title='bbox 535 1548 634 1616; x_wconf 82' lang='grc' dir='ltr'>τῆς</span> <span class='ocrx_word' id='word_1_109' title='bbox 660 1548 867 1610; x_wconf 82' lang='grc' dir='ltr'>πόλεως</span> <span class='ocrx_word' id='word_1_110' title='bbox 908 1546 1128 1600; x_wconf 79' lang='grc' dir='ltr'>Ἰκονίου</span> <span class='ocrx_word' id='word_1_111' title='bbox 1157 1548 1401 1619; x_wconf 80' lang='grc' dir='ltr'>ἄρχοντι,</span> <span class='ocrx_word' id='word_1_112' title='bbox 1434 1547 1762 1617; x_wconf 80' lang='grc' dir='ltr'><strong>κατεσχέθη·</strong></span> 
     </span>
    </p>
   </div>
   <div class='ocr_carea' id='block_1_20' title="bbox 174 1636 1766 1708">
    <p class='ocr_par' dir='ltr' id='par_1_20' title="bbox 174 1636 1766 1708">
     <span class='ocr_line' id='line_1_20' title="bbox 174 1636 1766 1708; baseline -0.001 -17"><span class='ocrx_word' id='word_1_113' title='bbox 174 1643 273 1693; x_wconf 70' lang='grc' dir='ltr'><strong>καὶ</strong></span> <span class='ocrx_word' id='word_1_114' title='bbox 303 1639 525 1707; x_wconf 80' lang='grc' dir='ltr'>δέσμιος</span> <span class='ocrx_word' id='word_1_115' title='bbox 567 1636 775 1706; x_wconf 77' lang='grc' dir='ltr'>ἀχθεὶς,</span> <span class='ocrx_word' id='word_1_116' title='bbox 804 1639 1151 1708; x_wconf 78' lang='grc' dir='ltr'>παρέστησεν</span> <span class='ocrx_word' id='word_1_117' title='bbox 1178 1638 1410 1690; x_wconf 76' lang='grc' dir='ltr'>ἐνώπιον</span> <span class='ocrx_word' id='word_1_118' title='bbox 1436 1636 1623 1691; x_wconf 79' lang='grc' dir='ltr'>αὐτοῦ.</span> <span class='ocrx_word' id='word_1_119' title='bbox 1659 1638 1766 1691; x_wconf 79' lang='grc' dir='ltr'>Καὶ</span> 
     </span>
    </p>
   </div>
   <div class='ocr_carea' id='block_1_21' title="bbox 173 1729 1761 1801">
    <p class='ocr_par' dir='ltr' id='par_1_21' title="bbox 173 1729 1761 1801">
     <span class='ocr_line' id='line_1_21' title="bbox 173 1729 1761 1801; baseline 0.001 -18"><span class='ocrx_word' id='word_1_120' title='bbox 173 1731 520 1801; x_wconf 78' lang='grc' dir='ltr'>ἐρωτηθεὶς,</span> <span class='ocrx_word' id='word_1_121' title='bbox 592 1729 777 1783; x_wconf 80' lang='grc' dir='ltr'>δοῦλον</span> <span class='ocrx_word' id='word_1_122' title='bbox 832 1730 1072 1800; x_wconf 78' lang='grc' dir='ltr'>Χριστοῦ</span> <span class='ocrx_word' id='word_1_123' title='bbox 1138 1731 1331 1784; x_wconf 79' lang='grc' dir='ltr'>ἑαυτὸν</span> <span class='ocrx_word' id='word_1_124' title='bbox 1387 1730 1761 1801; x_wconf 74' lang='grc' dir='ltr'><strong>ὡμολόγησεν.</strong></span> 
     </span>
    </p>
   </div>
   <div class='ocr_carea' id='block_1_22' title="bbox 2042 975 3244 1047">
    <p class='ocr_par' dir='ltr' id='par_1_22' title="bbox 2042 975 3244 1047">
     <span class='ocr_line' id='line_1_22' title="bbox 2042 975 3244 1047; baseline -0.005 -14"><span class='ocrx_word' id='word_1_125' title='bbox 2042 978 2110 1033; x_wconf 86' lang='lat' dir='ltr'><strong>Et</strong></span> <span class='ocrx_word' id='word_1_126' title='bbox 2152 987 2415 1032; x_wconf 73' lang='lat' dir='ltr'><strong>certamen</strong></span> <span class='ocrx_word' id='word_1_127' title='bbox 2460 977 2635 1033; x_wconf 75' lang='lat' dir='ltr'><strong>sancti</strong></span> <span class='ocrx_word' id='word_1_128' title='bbox 2668 978 2917 1047; x_wconf 78' lang='lat' dir='ltr'><strong>martyris</strong></span> <span class='ocrx_word' id='word_1_129' title='bbox 2953 975 3244 1044; x_wconf 76' lang='lat' dir='ltr'><strong>Apollonii.</strong></span> 
     </span>
    </p>
   </div>
   <div class='ocr_carea' id='block_1_23' title="bbox 1935 1088 3438 1165">
    <p class='ocr_par' dir='ltr' id='par_1_23' title="bbox 1935 1088 3438 1165">
     <span class='ocr_line' id='line_1_23' title="bbox 1935 1088 3438 1165; baseline -0.003 -19"><span class='ocrx_word' id='word_1_130' title='bbox 1935 1092 2138 1165; x_wconf 81' lang='lat' dir='ltr'><strong>Martyr</strong></span> <span class='ocrx_word' id='word_1_131' title='bbox 2159 1092 2361 1148; x_wconf 77' lang='lat' dir='ltr'><strong>Christi</strong></span> <span class='ocrx_word' id='word_1_132' title='bbox 2386 1091 2714 1161; x_wconf 84' lang='lat' dir='ltr'><strong>Apollonius</strong></span> <span class='ocrx_word' id='word_1_133' title='bbox 2752 1089 3014 1144; x_wconf 81' lang='lat' dir='ltr'><strong>Sardibus</strong></span> <span class='ocrx_word' id='word_1_134' title='bbox 3042 1090 3095 1143; x_wconf 90' lang='lat' dir='ltr'><strong>iu</strong></span> <span class='ocrx_word' id='word_1_135' title='bbox 3132 1088 3299 1159; x_wconf 80' lang='lat' dir='ltr'><strong>Lydia</strong></span> <span class='ocrx_word' id='word_1_136' title='bbox 3336 1104 3438 1141; x_wconf 84' lang='lat' dir='ltr'><strong>na-</strong></span> 
     </span>
    </p>
   </div>
   <div class='ocr_carea' id='block_1_24' title="bbox 1867 1180 3446 1253">
    <p class='ocr_par' dir='ltr' id='par_1_24' title="bbox 1867 1180 3446 1253">
     <span class='ocr_line' id='line_1_24' title="bbox 1867 1180 3446 1253; baseline -0.003 -16"><span class='ocrx_word' id='word_1_137' title='bbox 1867 1192 1973 1247; x_wconf 89' lang='lat' dir='ltr'><strong>tus,</strong></span> <span class='ocrx_word' id='word_1_138' title='bbox 2027 1198 2220 1238; x_wconf 87' lang='lat' dir='ltr'><strong>omnes</strong></span> <span class='ocrx_word' id='word_1_139' title='bbox 2266 1184 2433 1238; x_wconf 85' lang='lat' dir='ltr'><strong>urbes</strong></span> <span class='ocrx_word' id='word_1_140' title='bbox 2465 1191 2518 1237; x_wconf 92' lang='lat' dir='ltr'><strong>et</strong></span> <span class='ocrx_word' id='word_1_141' title='bbox 2559 1183 2813 1253; x_wconf 81' lang='lat' dir='ltr'><strong>regiones</strong></span> <span class='ocrx_word' id='word_1_142' title='bbox 2860 1180 3338 1241; x_wconf 86' lang='lat' dir='ltr'><strong>circumlustrans,</strong></span> <span class='ocrx_word' id='word_1_143' title='bbox 3392 1187 3446 1232; x_wconf 77' lang='lat' dir='ltr'><strong>rt</strong></span> 
     </span>
    </p>
   </div>
   <div class='ocr_carea' id='block_1_25' title="bbox 1865 1272 3439 1344">
    <p class='ocr_par' dir='ltr' id='par_1_25' title="bbox 1865 1272 3439 1344">
     <span class='ocr_line' id='line_1_25' title="bbox 1865 1272 3439 1344; baseline -0.004 -14"><span class='ocrx_word' id='word_1_144' title='bbox 1865 1276 2110 1330; x_wconf 74' lang='lat' dir='ltr'><strong>veritatis</strong></span> <span class='ocrx_word' id='word_1_145' title='bbox 2134 1290 2446 1330; x_wconf 89' lang='lat' dir='ltr'><strong>sermonem</strong></span> <span class='ocrx_word' id='word_1_146' title='bbox 2472 1274 2700 1339; x_wconf 91' lang='lat' dir='ltr'><strong>docens,</strong></span> <span class='ocrx_word' id='word_1_147' title='bbox 2737 1274 3048 1344; x_wconf 80' lang='lat' dir='ltr'><strong>complures</strong></span> <span class='ocrx_word' id='word_1_148' title='bbox 3086 1273 3329 1327; x_wconf 74' lang='lat' dir='ltr'><strong>inﬁdeles</strong></span> <span class='ocrx_word' id='word_1_149' title='bbox 3373 1272 3439 1325; x_wconf 88' lang='lat' dir='ltr'><strong>ad</strong></span> 
     </span>
    </p>
   </div>
   <div class='ocr_carea' id='block_1_26' title="bbox 1869 1363 3446 1421">
    <p class='ocr_par' dir='ltr' id='par_1_26' title="bbox 1869 1363 3446 1421">
     <span class='ocr_line' id='line_1_26' title="bbox 1869 1363 3446 1421; baseline -0.003 0"><span class='ocrx_word' id='word_1_150' title='bbox 1869 1367 2157 1421; x_wconf 90' lang='lat' dir='ltr'><strong>Dominum</strong></span> <span class='ocrx_word' id='word_1_151' title='bbox 2186 1369 2474 1420; x_wconf 84' lang='lat' dir='ltr'><strong>convertit.</strong></span> <span class='ocrx_word' id='word_1_152' title='bbox 2503 1366 2804 1420; x_wconf 77' lang='lat' dir='ltr'><strong>Accusatus</strong></span> <span class='ocrx_word' id='word_1_153' title='bbox 2828 1366 3033 1420; x_wconf 89' lang='lat' dir='ltr'><strong>idcirco</strong></span> <span class='ocrx_word' id='word_1_154' title='bbox 3051 1364 3117 1418; x_wconf 88' lang='lat' dir='ltr'><strong>ah</strong></span> <span class='ocrx_word' id='word_1_155' title='bbox 3142 1363 3446 1418; x_wconf 78' lang='lat' dir='ltr'><strong>idololatris</strong></span> 
     </span>
    </p>
   </div>
   <div class='ocr_carea' id='block_1_27' title="bbox 1868 1454 3445 1528">
    <p class='ocr_par' dir='ltr' id='par_1_27' title="bbox 1868 1454 3445 1528">
     <span class='ocr_line' id='line_1_27' title="bbox 1868 1454 3445 1528; baseline -0.004 -17"><span class='ocrx_word' id='word_1_156' title='bbox 1868 1458 2084 1528; x_wconf 70' lang='lat' dir='ltr'><strong>praesidi</strong></span> <span class='ocrx_word' id='word_1_157' title='bbox 2146 1454 2340 1520; x_wconf 91' lang='lat' dir='ltr'><strong>lconii,</strong></span> <span class='ocrx_word' id='word_1_158' title='bbox 2401 1457 2835 1525; x_wconf 84' lang='lat' dir='ltr'><strong>comprehensus</strong></span> <span class='ocrx_word' id='word_1_159' title='bbox 2886 1457 3213 1524; x_wconf 86' lang='lat' dir='ltr'><strong>vinctusque</strong></span> <span class='ocrx_word' id='word_1_160' title='bbox 3270 1454 3445 1509; x_wconf 83' lang='lat' dir='ltr'><strong>eidem</strong></span> 
     </span>
    </p>
   </div>
   <div class='ocr_carea' id='block_1_28' title="bbox 1872 1549 3450 1618">
    <p class='ocr_par' dir='ltr' id='par_1_28' title="bbox 1872 1549 3450 1618">
     <span class='ocr_line' id='line_1_28' title="bbox 1872 1549 3450 1618; baseline -0.003 -14"><span class='ocrx_word' id='word_1_161' title='bbox 1872 1550 2105 1605; x_wconf 91' lang='lat' dir='ltr'><strong>sistitur.</strong></span> <span class='ocrx_word' id='word_1_162' title='bbox 2152 1549 2401 1618; x_wconf 87' lang='lat' dir='ltr'><strong>Cumque</strong></span> <span class='ocrx_word' id='word_1_163' title='bbox 2455 1551 2843 1617; x_wconf 77' lang='lat' dir='ltr'><strong>interrogatus,</strong></span> <span class='ocrx_word' id='word_1_164' title='bbox 2881 1563 2939 1603; x_wconf 90' lang='lat' dir='ltr'><strong>se</strong></span> <span class='ocrx_word' id='word_1_165' title='bbox 2993 1549 3194 1603; x_wconf 86' lang='lat' dir='ltr'><strong>Christi</strong></span> <span class='ocrx_word' id='word_1_166' title='bbox 3230 1563 3450 1603; x_wconf 82' lang='lat' dir='ltr'><strong>servum</strong></span> 
     </span>
    </p>
   </div>
   <div class='ocr_carea' id='block_1_29' title="bbox 1871 1640 3455 1711">
    <p class='ocr_par' dir='ltr' id='par_1_29' title="bbox 1871 1640 3455 1711">
     <span class='ocr_line' id='line_1_29' title="bbox 1871 1640 3455 1711; baseline -0.003 -14"><span class='ocrx_word' id='word_1_167' title='bbox 1871 1641 2158 1697; x_wconf 86' lang='lat' dir='ltr'><strong>confessus</strong></span> <span class='ocrx_word' id='word_1_168' title='bbox 2188 1652 2355 1703; x_wconf 90' lang='lat' dir='ltr'><strong>esset,</strong></span> <span class='ocrx_word' id='word_1_169' title='bbox 2386 1642 2704 1709; x_wconf 87' lang='lat' dir='ltr'><strong>compulsus</strong></span> <span class='ocrx_word' id='word_1_170' title='bbox 2743 1657 2839 1711; x_wconf 91' lang='lat' dir='ltr'><strong>per</strong></span> <span class='ocrx_word' id='word_1_171' title='bbox 2888 1640 3167 1695; x_wconf 80' lang='lat' dir='ltr'><strong>fortunam</strong></span> <span class='ocrx_word' id='word_1_172' title='bbox 3216 1640 3455 1708; x_wconf 86' lang='lat' dir='ltr'><strong>impera-</strong></span> 
     </span>
    </p>
   </div>
   <div class='ocr_carea' id='block_1_30' title="bbox 1874 1730 3451 1803">
    <p class='ocr_par' dir='ltr' id='par_1_30' title="bbox 1874 1730 3451 1803">
     <span class='ocr_line' id='line_1_30' title="bbox 1874 1730 3451 1803; baseline -0.003 -17"><span class='ocrx_word' id='word_1_173' title='bbox 1874 1733 2012 1787; x_wconf 90' lang='lat' dir='ltr'><strong>toris</strong></span> <span class='ocrx_word' id='word_1_174' title='bbox 2065 1734 2281 1802; x_wconf 85' lang='lat' dir='ltr'><strong>jurare,</strong></span> <span class='ocrx_word' id='word_1_175' title='bbox 2331 1732 2756 1803; x_wconf 84' lang='lat' dir='ltr'><strong>haudquaquam</strong></span> <span class='ocrx_word' id='word_1_176' title='bbox 2814 1732 2895 1787; x_wconf 79' lang='lat' dir='ltr'><strong>fas</strong></span> <span class='ocrx_word' id='word_1_177' title='bbox 2944 1746 3091 1795; x_wconf 84' lang='lat' dir='ltr'><strong>esse,</strong></span> <span class='ocrx_word' id='word_1_178' title='bbox 3141 1730 3451 1799; x_wconf 79' lang='lat' dir='ltr'><strong>respondit,</strong></span> 
     </span>
    </p>
   </div>
   <div class='ocr_carea' id='block_1_31' title="bbox 173 1821 1771 1896">
    <p class='ocr_par' dir='ltr' id='par_1_31' title="bbox 173 1821 1764 1893">
     <span class='ocr_line' id='line_1_31' title="bbox 173 1821 1764 1893; baseline 0 -18"><span class='ocrx_word' id='word_1_179' title='bbox 173 1825 349 1876; x_wconf 87' lang='grc' dir='ltr'>Ὃθεν</span> <span class='ocrx_word' id='word_1_180' title='bbox 373 1822 742 1891; x_wconf 68' lang='grc' dir='ltr'>ἀναγκασθεὶς</span> <span class='ocrx_word' id='word_1_181' title='bbox 775 1823 854 1884; x_wconf 89' lang='grc' dir='ltr'><strong>είς</strong></span> <span class='ocrx_word' id='word_1_182' title='bbox 881 1824 980 1891; x_wconf 82' lang='grc' dir='ltr'>τὴν</span> <span class='ocrx_word' id='word_1_183' title='bbox 1016 1821 1186 1893; x_wconf 74' lang='grc' dir='ltr'>τύχην</span> <span class='ocrx_word' id='word_1_184' title='bbox 1215 1823 1307 1875; x_wconf 89' lang='grc' dir='ltr'><strong>τοῦ</strong></span> <span class='ocrx_word' id='word_1_185' title='bbox 1341 1823 1605 1892; x_wconf 86' lang='grc' dir='ltr'>βασιλέως</span> <span class='ocrx_word' id='word_1_186' title='bbox 1637 1823 1764 1893; x_wconf 78' lang='grc' dir='ltr'>ὀμό-</span> 
     </span>
    </p>
   </div>
   <div class='ocr_carea' id='block_1_32' title="bbox 1877 1821 3455 1896">
    <p class='ocr_par' dir='ltr' id='par_1_32' title="bbox 1877 1822 3455 1896">
     <span class='ocr_line' id='line_1_32' title="bbox 1877 1822 3455 1896; baseline -0.003 -17"><span class='ocrx_word' id='word_1_187' title='bbox 1877 1842 1967 1896; x_wconf 91' lang='lat' dir='ltr'><strong>pcr</strong></span> <span class='ocrx_word' id='word_1_188' title='bbox 2008 1826 2292 1880; x_wconf 89' lang='lat' dir='ltr'><strong>mortalem</strong></span> <span class='ocrx_word' id='word_1_189' title='bbox 2322 1826 2532 1895; x_wconf 88' lang='lat' dir='ltr'><strong>jurare,</strong></span> <span class='ocrx_word' id='word_1_190' title='bbox 2565 1841 2628 1879; x_wconf 92' lang='lat' dir='ltr'><strong>ac</strong></span> <span class='ocrx_word' id='word_1_191' title='bbox 2656 1827 2954 1895; x_wconf 65' lang='lat' dir='ltr'><strong>praesertim</strong></span> <span class='ocrx_word' id='word_1_192' title='bbox 2986 1839 3112 1879; x_wconf 89' lang='lat' dir='ltr'><strong>cum</strong></span> <span class='ocrx_word' id='word_1_193' title='bbox 3147 1824 3240 1878; x_wconf 88' lang='lat' dir='ltr'><strong>ille</strong></span> <span class='ocrx_word' id='word_1_194' title='bbox 3265 1822 3455 1876; x_wconf 87' lang='lat' dir='ltr'><strong>mundi</strong></span> 
     </span>
    </p>
   </div>
   <div class='ocr_carea' id='block_1_33' title="bbox 172 1913 1769 1985">
    <p class='ocr_par' dir='ltr' id='par_1_33' title="bbox 172 1913 1769 1985">
     <span class='ocr_line' id='line_1_33' title="bbox 172 1913 1769 1985; baseline -0.002 -17"><span class='ocrx_word' id='word_1_195' title='bbox 172 1932 291 1981; x_wconf 83' lang='grc' dir='ltr'>σαι,</span> <span class='ocrx_word' id='word_1_196' title='bbox 322 1914 429 1984; x_wconf 74' lang='grc' dir='ltr'><strong>ἔφη</strong></span> <span class='ocrx_word' id='word_1_197' title='bbox 449 1954 462 1979; x_wconf 92' lang='grc'><strong>,</strong></span> <span class='ocrx_word' id='word_1_198' title='bbox 503 1914 577 1985; x_wconf 81' lang='grc' dir='ltr'>μὴ</span> <span class='ocrx_word' id='word_1_199' title='bbox 600 1913 736 1967; x_wconf 80' lang='grc' dir='ltr'>εἶναι</span> <span class='ocrx_word' id='word_1_200' title='bbox 765 1913 984 1983; x_wconf 80' lang='grc' dir='ltr'>θεμιτὸν</span> <span class='ocrx_word' id='word_1_201' title='bbox 1018 1916 1096 1978; x_wconf 86' lang='grc' dir='ltr'><strong>είς</strong></span> <span class='ocrx_word' id='word_1_202' title='bbox 1130 1914 1355 1985; x_wconf 81' lang='grc' dir='ltr'><strong>βασιλέα</strong></span> <span class='ocrx_word' id='word_1_203' title='bbox 1384 1915 1607 1984; x_wconf 82' lang='grc' dir='ltr'>ὀμνύειν</span> <span class='ocrx_word' id='word_1_204' title='bbox 1639 1915 1769 1983; x_wconf 82' lang='grc' dir='ltr'>θνη-</span> 
     </span>
    </p>
   </div>
   <div class='ocr_carea' id='block_1_34' title="bbox 171 2006 1770 2078">
    <p class='ocr_par' dir='ltr' id='par_1_34' title="bbox 171 2006 1770 2078">
     <span class='ocr_line' id='line_1_34' title="bbox 171 2006 1770 2078; baseline 0 -19"><span class='ocrx_word' id='word_1_205' title='bbox 171 2012 289 2069; x_wconf 62' lang='grc' dir='ltr'>τον,</span> <span class='ocrx_word' id='word_1_206' title='bbox 325 2007 420 2059; x_wconf 76' lang='grc' dir='ltr'>καὶ</span> <span class='ocrx_word' id='word_1_207' title='bbox 460 2006 697 2076; x_wconf 80' lang='grc' dir='ltr'>μάλιστα</span> <span class='ocrx_word' id='word_1_208' title='bbox 725 2007 815 2060; x_wconf 77' lang='grc' dir='ltr'>τὸν</span> <span class='ocrx_word' id='word_1_209' title='bbox 850 2007 923 2077; x_wconf 76' lang='grc' dir='ltr'>μὴ</span> <span class='ocrx_word' id='word_1_210' title='bbox 956 2007 1392 2075; x_wconf 80' lang='grc' dir='ltr'>έπιγινώσκοντα</span> <span class='ocrx_word' id='word_1_211' title='bbox 1423 2010 1513 2060; x_wconf 74' lang='grc' dir='ltr'><strong>τὸν</strong></span> <span class='ocrx_word' id='word_1_212' title='bbox 1539 2008 1770 2078; x_wconf 79' lang='grc' dir='ltr'>ποιητὴν</span> 
     </span>
    </p>
   </div>
   <div class='ocr_carea' id='block_1_35' title="bbox 169 2098 1770 2170">
    <p class='ocr_par' dir='ltr' id='par_1_35' title="bbox 169 2098 1770 2170">
     <span class='ocr_line' id='line_1_35' title="bbox 169 2098 1770 2170; baseline 0.002 -20"><span class='ocrx_word' id='word_1_213' title='bbox 169 2098 273 2150; x_wconf 81' lang='grc' dir='ltr'><strong>τοῦ</strong></span> <span class='ocrx_word' id='word_1_214' title='bbox 321 2099 533 2167; x_wconf 84' lang='grc' dir='ltr'>κόσμου</span> <span class='ocrx_word' id='word_1_215' title='bbox 571 2098 723 2152; x_wconf 87' lang='grc' dir='ltr'>Θεόν.</span> <span class='ocrx_word' id='word_1_216' title='bbox 768 2100 954 2153; x_wconf 86' lang='grc' dir='ltr'>Ταῦτα</span> <span class='ocrx_word' id='word_1_217' title='bbox 984 2099 1178 2162; x_wconf 79' lang='grc' dir='ltr'>εἰπὼν,</span> <span class='ocrx_word' id='word_1_218' title='bbox 1215 2103 1278 2170; x_wconf 84' lang='grc' dir='ltr'>τῇ</span> <span class='ocrx_word' id='word_1_219' title='bbox 1334 2100 1626 2169; x_wconf 78' lang='grc' dir='ltr'>προστάξει</span> <span class='ocrx_word' id='word_1_220' title='bbox 1676 2100 1770 2153; x_wconf 88' lang='grc' dir='ltr'><strong>τοῦ</strong></span> 
     </span>
    </p>
   </div>
   <div class='ocr_carea' id='block_1_36' title="bbox 171 2190 1774 2262">
    <p class='ocr_par' dir='ltr' id='par_1_36' title="bbox 171 2190 1774 2262">
     <span class='ocr_line' id='line_1_36' title="bbox 171 2190 1774 2262; baseline 0 -19"><span class='ocrx_word' id='word_1_221' title='bbox 171 2191 445 2260; x_wconf 81' lang='grc' dir='ltr'>ἄρχοντος</span> <span class='ocrx_word' id='word_1_222' title='bbox 481 2190 689 2259; x_wconf 71' lang='grc' dir='ltr'>ὲτύφθη</span> <span class='ocrx_word' id='word_1_223' title='bbox 730 2191 996 2261; x_wconf 73' lang='grc' dir='ltr'>σφοδρῶς,</span> <span class='ocrx_word' id='word_1_224' title='bbox 1036 2193 1133 2243; x_wconf 76' lang='grc' dir='ltr'><strong>καὶ</strong></span> <span class='ocrx_word' id='word_1_225' title='bbox 1170 2191 1501 2262; x_wconf 75' lang='grc' dir='ltr'>κρεμασθεὶς</span> <span class='ocrx_word' id='word_1_226' title='bbox 1552 2192 1643 2245; x_wconf 52' lang='grc' dir='ltr'><strong>ἐπὶ⁵</strong></span> <span class='ocrx_word' id='word_1_227' title='bbox 1682 2192 1774 2259; x_wconf 70' lang='grc' dir='ltr'>ξό-</span> 
     </span>
    </p>
   </div>
   <div class='ocr_carea' id='block_1_37' title="bbox 172 2282 1773 2355">
    <p class='ocr_par' dir='ltr' id='par_1_37' title="bbox 172 2282 1773 2355">
     <span class='ocr_line' id='line_1_37' title="bbox 172 2282 1773 2355; baseline 0.002 -22"><span class='ocrx_word' id='word_1_228' title='bbox 172 2284 295 2349; x_wconf 82' lang='grc' dir='ltr'>λου,</span> <span class='ocrx_word' id='word_1_229' title='bbox 340 2283 438 2335; x_wconf 83' lang='grc' dir='ltr'><strong>καί</strong></span> <span class='ocrx_word' id='word_1_230' title='bbox 481 2282 720 2353; x_wconf 83' lang='grc' dir='ltr'>σιδηροῖς</span> <span class='ocrx_word' id='word_1_231' title='bbox 752 2284 903 2352; x_wconf 78' lang='grc' dir='ltr'>ἣλοις</span> <span class='ocrx_word' id='word_1_232' title='bbox 946 2282 1307 2353; x_wconf 72' lang='grc' dir='ltr'>καθηλωθεὶς,</span> <span class='ocrx_word' id='word_1_233' title='bbox 1352 2284 1414 2336; x_wconf 82' lang='grc' dir='ltr'><strong>τὸ</strong></span> <span class='ocrx_word' id='word_1_234' title='bbox 1446 2284 1663 2353; x_wconf 85' lang='grc' dir='ltr'>πνεῦμα</span> <span class='ocrx_word' id='word_1_235' title='bbox 1696 2286 1773 2355; x_wconf 82' lang='grc' dir='ltr'>τῷ</span> 
     </span>
    </p>
   </div>
   <div class='ocr_carea' id='block_1_38' title="bbox 173 2372 1773 2445">
    <p class='ocr_par' dir='ltr' id='par_1_38' title="bbox 173 2372 1773 2445">
     <span class='ocr_line' id='line_1_38' title="bbox 173 2372 1773 2445; baseline -0.001 -18"><span class='ocrx_word' id='word_1_236' title='bbox 173 2374 299 2443; x_wconf 77' lang='grc' dir='ltr'><strong>Θεῷ</strong></span> <span class='ocrx_word' id='word_1_237' title='bbox 336 2372 629 2442; x_wconf 84' lang='grc' dir='ltr'>παρέθετο.</span> <span class='ocrx_word' id='word_1_238' title='bbox 660 2374 769 2425; x_wconf 83' lang='grc' dir='ltr'><strong>Καὶ</strong></span> <span class='ocrx_word' id='word_1_239' title='bbox 793 2373 935 2425; x_wconf 76' lang='grc' dir='ltr'>οὕτω</span> <span class='ocrx_word' id='word_1_240' title='bbox 964 2374 1053 2426; x_wconf 70' lang='grc' dir='ltr'><strong>τὸν</strong></span> <span class='ocrx_word' id='word_1_241' title='bbox 1090 2373 1186 2427; x_wconf 85' lang='grc' dir='ltr'><strong>τοῦ</strong></span> <span class='ocrx_word' id='word_1_242' title='bbox 1223 2375 1525 2445; x_wconf 80' lang='grc' dir='ltr'>μαρτυρίου</span> <span class='ocrx_word' id='word_1_243' title='bbox 1572 2376 1773 2445; x_wconf 85' lang='grc' dir='ltr'>δρόμον</span> 
     </span>
    </p>
   </div>
   <div class='ocr_carea' id='block_1_39' title="bbox 170 2464 1605 2536">
    <p class='ocr_par' dir='ltr' id='par_1_39' title="bbox 170 2464 1605 2536">
     <span class='ocr_line' id='line_1_39' title="bbox 170 2464 1605 2536; baseline 0.004 -19"><span class='ocrx_word' id='word_1_244' title='bbox 170 2465 432 2530; x_wconf 75' lang='grc' dir='ltr'>τελέσας,</span> <span class='ocrx_word' id='word_1_245' title='bbox 458 2464 701 2518; x_wconf 73' lang='grc' dir='ltr'>ἀπέλαϐε</span> <span class='ocrx_word' id='word_1_246' title='bbox 731 2464 829 2536; x_wconf 83' lang='grc' dir='ltr'><strong>τὴν</strong></span> <span class='ocrx_word' id='word_1_247' title='bbox 856 2465 963 2517; x_wconf 83' lang='grc' dir='ltr'><strong>τῶν</strong></span> <span class='ocrx_word' id='word_1_248' title='bbox 1025 2466 1270 2535; x_wconf 81' lang='grc' dir='ltr'>οὐρανῶν</span> <span class='ocrx_word' id='word_1_249' title='bbox 1304 2464 1605 2534; x_wconf 81' lang='grc' dir='ltr'>βασιλείαν.</span> 
     </span>
    </p>
   </div>
   <div class='ocr_carea' id='block_1_40' title="bbox 248 2558 1776 2631">
    <p class='ocr_par' dir='ltr' id='par_1_40' title="bbox 248 2558 1776 2631">
     <span class='ocr_line' id='line_1_40' title="bbox 248 2558 1776 2631; baseline 0.003 -21"><span class='ocrx_word' id='word_1_250' title='bbox 248 2559 369 2610; x_wconf 74' lang='grc' dir='ltr'><strong>Καὶ</strong></span> <span class='ocrx_word' id='word_1_251' title='bbox 420 2559 608 2628; x_wconf 80' lang='grc' dir='ltr'>μνήμη</span> <span class='ocrx_word' id='word_1_252' title='bbox 651 2558 758 2610; x_wconf 82' lang='grc' dir='ltr'><strong>τῶν</strong></span> <span class='ocrx_word' id='word_1_253' title='bbox 793 2558 1006 2629; x_wconf 77' lang='grc' dir='ltr'>μυρίων</span> <span class='ocrx_word' id='word_1_254' title='bbox 1047 2560 1218 2626; x_wconf 83' lang='grc' dir='ltr'>άγίων</span> <span class='ocrx_word' id='word_1_255' title='bbox 1269 2560 1533 2631; x_wconf 85' lang='grc' dir='ltr'>Πατέρων</span> <span class='ocrx_word' id='word_1_256' title='bbox 1561 2561 1669 2613; x_wconf 83' lang='grc' dir='ltr'><strong>τῶν</strong></span> <span class='ocrx_word' id='word_1_257' title='bbox 1717 2562 1776 2616; x_wconf 84' lang='grc' dir='ltr'>ὲν</span> 
     </span>
    </p>
   </div>
   <div class='ocr_carea' id='block_1_41' title="bbox 174 2649 1774 2722">
    <p class='ocr_par' dir='ltr' id='par_1_41' title="bbox 174 2649 1774 2722">
     <span class='ocr_line' id='line_1_41' title="bbox 174 2649 1774 2722; baseline 0.002 -23"><span class='ocrx_word' id='word_1_258' title='bbox 174 2650 291 2711; x_wconf 82' lang='grc' dir='ltr'>τοῖς</span> <span class='ocrx_word' id='word_1_259' title='bbox 327 2650 619 2718; x_wconf 74' lang='grc' dir='ltr'>σπηλαίοις</span> <span class='ocrx_word' id='word_1_260' title='bbox 650 2649 893 2702; x_wconf 76' lang='grc' dir='ltr'>καέντων</span> <span class='ocrx_word' id='word_1_261' title='bbox 923 2652 1017 2703; x_wconf 76' lang='grc' dir='ltr'><strong>καὶ</strong></span> <span class='ocrx_word' id='word_1_262' title='bbox 1055 2652 1360 2719; x_wconf 83' lang='grc' dir='ltr'>πνιγέντων</span> <span class='ocrx_word' id='word_1_263' title='bbox 1392 2654 1545 2722; x_wconf 70' lang='grc' dir='ltr'>παρὰ</span> <span class='ocrx_word' id='word_1_264' title='bbox 1581 2653 1774 2722; x_wconf 83' lang='grc' dir='ltr'>Θεοφί.</span> 
     </span>
    </p>
   </div>
   <div class='ocr_carea' id='block_1_42' title="bbox 176 2738 1774 2813">
    <p class='ocr_par' dir='ltr' id='par_1_42' title="bbox 176 2738 1774 2813">
     <span class='ocr_line' id='line_1_42' title="bbox 176 2738 1774 2813; baseline 0.006 -24"><span class='ocrx_word' id='word_1_265' title='bbox 176 2740 273 2792; x_wconf 85' lang='grc' dir='ltr'><strong>λου</strong></span> <span class='ocrx_word' id='word_1_266' title='bbox 339 2738 643 2792; x_wconf 75' lang='grc' dir='ltr'>ἐπισκόπου</span> <span class='ocrx_word' id='word_1_267' title='bbox 717 2739 1123 2811; x_wconf 73' lang='grc' dir='ltr'>Ἀλεξανδρείας</span> <span class='ocrx_word' id='word_1_268' title='bbox 1188 2742 1275 2795; x_wconf 75' lang='grc' dir='ltr'>διὰ</span> <span class='ocrx_word' id='word_1_269' title='bbox 1338 2742 1607 2813; x_wconf 74' lang='grc' dir='ltr'>Ἰσίδωρον</span> <span class='ocrx_word' id='word_1_270' title='bbox 1684 2746 1774 2798; x_wconf 85' lang='grc' dir='ltr'><strong>τὸν</strong></span> 
     </span>
    </p>
   </div>
   <div class='ocr_carea' id='block_1_43' title="bbox 178 2830 583 2903">
    <p class='ocr_par' dir='ltr' id='par_1_43' title="bbox 178 2830 583 2903">
     <span class='ocr_line' id='line_1_43' title="bbox 178 2830 583 2903; baseline 0.002 -20"><span class='ocrx_word' id='word_1_271' title='bbox 178 2830 583 2903; x_wconf 74' lang='grc' dir='ltr'>πρεσϐύτερον.</span> 
     </span>
    </p>
   </div>
   <div class='ocr_carea' id='block_1_44' title="bbox 686 2948 1224 3020">
    <p class='ocr_par' dir='ltr' id='par_1_44' title="bbox 686 2948 1224 3020">
     <span class='ocr_line' id='line_1_44' title="bbox 686 2948 1224 3020; baseline -0.002 -18"><span class='ocrx_word' id='word_1_272' title='bbox 686 2948 865 3002; x_wconf 74' lang='lat' dir='ltr'><strong>MIINI</strong></span> <span class='ocrx_word' id='word_1_273' title='bbox 900 2950 985 3020; x_wconf 77' lang='lat' dir='ltr'><strong>To</strong></span> <span class='ocrx_word' id='word_1_274' title='bbox 1028 2950 1224 3019; x_wconf 80' lang='grc' dir='ltr'>ΛΥΤῼ.</span> 
     </span>
    </p>
   </div>
   <div class='ocr_carea' id='block_1_45' title="bbox 954 3039 987 3094">
    <p class='ocr_par' dir='ltr' id='par_1_45' title="bbox 954 3039 987 3094">
     <span class='ocr_line' id='line_1_45' title="bbox 954 3039 987 3094; baseline 0 -33"><span class='ocrx_word' id='word_1_275' title='bbox 954 3039 987 3094; x_wconf 68' lang='grc' dir='ltr'><strong>ι,</strong></span> 
     </span>
    </p>
   </div>
   <div class='ocr_carea' id='block_1_46' title="bbox 184 3132 1771 3204">
    <p class='ocr_par' dir='ltr' id='par_1_46' title="bbox 184 3132 1771 3204">
     <span class='ocr_line' id='line_1_46' title="bbox 184 3132 1771 3204; baseline 0.004 -17"><span class='ocrx_word' id='word_1_276' title='bbox 184 3134 487 3198; x_wconf 78' lang='grc' dir='ltr'>Ἀθλησις</span> <span class='ocrx_word' id='word_1_277' title='bbox 515 3132 633 3185; x_wconf 76' lang='grc' dir='ltr'><strong>τῶν</strong></span> <span class='ocrx_word' id='word_1_278' title='bbox 667 3135 852 3199; x_wconf 75' lang='grc' dir='ltr'>ἁγίων</span> <span class='ocrx_word' id='word_1_279' title='bbox 871 3141 959 3203; x_wconf 78' lang='grc' dir='ltr'>με’</span> <span class='ocrx_word' id='word_1_280' title='bbox 982 3138 1317 3204; x_wconf 80' lang='grc' dir='ltr'>μαρτύρων,</span> <span class='ocrx_word' id='word_1_281' title='bbox 1350 3136 1468 3190; x_wconf 80' lang='grc' dir='ltr'><strong>τῶν</strong></span> <span class='ocrx_word' id='word_1_282' title='bbox 1504 3140 1575 3192; x_wconf 86' lang='grc' dir='ltr'><strong>ὲν</strong></span> <span class='ocrx_word' id='word_1_283' title='bbox 1598 3142 1771 3193; x_wconf 75' lang='grc' dir='ltr'>Νικο-</span> 
     </span>
    </p>
   </div>
   <div class='ocr_carea' id='block_1_47' title="bbox 613 3207 1346 3275">
    <p class='ocr_par' dir='ltr' id='par_1_47' title="bbox 613 3207 1346 3275">
     <span class='ocr_line' id='line_1_47' title="bbox 613 3207 1346 3275; baseline 0.005 -18"><span class='ocrx_word' id='word_1_284' title='bbox 613 3207 789 3258; x_wconf 76' lang='grc' dir='ltr'>πόλει</span> <span class='ocrx_word' id='word_1_285' title='bbox 813 3208 1346 3275; x_wconf 78' lang='grc' dir='ltr'>μαρτυρησάντων.</span> 
     </span>
    </p>
   </div>
   <div class='ocr_carea' id='block_1_48' title="bbox 253 3338 1770 3413">
    <p class='ocr_par' dir='ltr' id='par_1_48' title="bbox 253 3338 1770 3413">
     <span class='ocr_line' id='line_1_48' title="bbox 253 3338 1770 3413; baseline 0.005 -26"><span class='ocrx_word' id='word_1_286' title='bbox 253 3340 319 3389; x_wconf 83' lang='grc' dir='ltr'><strong>ΟΞ</strong></span> <span class='ocrx_word' id='word_1_287' title='bbox 368 3338 780 3408; x_wconf 82' lang='grc' dir='ltr'>τεσσαράκοντα</span> <span class='ocrx_word' id='word_1_288' title='bbox 828 3342 992 3393; x_wconf 83' lang='grc' dir='ltr'>πέντε</span> <span class='ocrx_word' id='word_1_289' title='bbox 1049 3341 1142 3394; x_wconf 90' lang='grc' dir='ltr'><strong>τοῦ</strong></span> <span class='ocrx_word' id='word_1_290' title='bbox 1196 3342 1432 3412; x_wconf 78' lang='grc' dir='ltr'>Χριστοῦ</span> <span class='ocrx_word' id='word_1_291' title='bbox 1492 3343 1770 3413; x_wconf 82' lang='grc' dir='ltr'>μάρτυρες</span> 
     </span>
    </p>
   </div>
   <div class='ocr_carea' id='block_1_49' title="bbox 182 3433 1773 3508">
    <p class='ocr_par' dir='ltr' id='par_1_49' title="bbox 182 3433 1773 3508">
     <span class='ocr_line' id='line_1_49' title="bbox 182 3433 1773 3508; baseline 0.004 -26"><span class='ocrx_word' id='word_1_292' title='bbox 182 3433 440 3499; x_wconf 67' lang='grc' dir='ltr'>ὑπῆρχον</span> <span class='ocrx_word' id='word_1_293' title='bbox 473 3434 566 3485; x_wconf 78' lang='grc' dir='ltr'>ἐπὶ</span> <span class='ocrx_word' id='word_1_294' title='bbox 604 3436 705 3501; x_wconf 85' lang='grc' dir='ltr'>τῆς</span> <span class='ocrx_word' id='word_1_295' title='bbox 743 3433 1020 3504; x_wconf 82' lang='grc' dir='ltr'>βασιλείας</span> <span class='ocrx_word' id='word_1_296' title='bbox 1054 3437 1355 3501; x_wconf 82' lang='grc' dir='ltr'>Λικιννίου,</span> <span class='ocrx_word' id='word_1_297' title='bbox 1386 3438 1482 3489; x_wconf 72' lang='grc' dir='ltr'>καὶ</span> <span class='ocrx_word' id='word_1_298' title='bbox 1515 3438 1612 3507; x_wconf 77' lang='grc' dir='ltr'><strong>τῆς</strong></span> <span class='ocrx_word' id='word_1_299' title='bbox 1639 3440 1773 3508; x_wconf 56' lang='lat' dir='ltr'><strong>inre-</strong></span> 
     </span>
    </p>
   </div>
   <div class='ocr_carea' id='block_1_50' title="bbox 185 3521 1770 3600">
    <p class='ocr_par' dir='ltr' id='par_1_50' title="bbox 185 3521 1770 3600">
     <span class='ocr_line' id='line_1_50' title="bbox 185 3521 1770 3600; baseline 0.004 -25"><span class='ocrx_word' id='word_1_300' title='bbox 185 3526 383 3594; x_wconf 82' lang='grc' dir='ltr'>μονίας</span> <span class='ocrx_word' id='word_1_301' title='bbox 434 3525 668 3577; x_wconf 81' lang='grc' dir='ltr'>Λυσίου·</span> <span class='ocrx_word' id='word_1_302' title='bbox 712 3521 784 3578; x_wconf 76' lang='grc' dir='ltr'>ὢν</span> <span class='ocrx_word' id='word_1_303' title='bbox 839 3526 1067 3597; x_wconf 77' lang='grc' dir='ltr'>ἐξῆρχον</span> <span class='ocrx_word' id='word_1_304' title='bbox 1118 3529 1389 3591; x_wconf 74' lang='grc' dir='ltr'>Λεόντιος,</span> <span class='ocrx_word' id='word_1_305' title='bbox 1441 3529 1770 3600; x_wconf 82' lang='grc' dir='ltr'>Μαυρίκιος,</span> 
     </span>
    </p>
   </div>
   <div class='ocr_carea' id='block_1_51' title="bbox 182 3617 1773 3690">
    <p class='ocr_par' dir='ltr' id='par_1_51' title="bbox 182 3617 1773 3690">
     <span class='ocr_line' id='line_1_51' title="bbox 182 3617 1773 3690; baseline 0.003 -21"><span class='ocrx_word' id='word_1_306' title='bbox 182 3618 409 3686; x_wconf 71' lang='grc' dir='ltr'>Δανιὴλ,</span> <span class='ocrx_word' id='word_1_307' title='bbox 434 3620 531 3671; x_wconf 75' lang='grc' dir='ltr'><strong>καὶ</strong></span> <span class='ocrx_word' id='word_1_308' title='bbox 564 3617 867 3680; x_wconf 81' lang='grc' dir='ltr'>Ἀντώνιος.</span> <span class='ocrx_word' id='word_1_309' title='bbox 898 3619 1285 3689; x_wconf 71' lang='grc' dir='ltr'>Κρατηθέντες</span> <span class='ocrx_word' id='word_1_310' title='bbox 1305 3620 1398 3676; x_wconf 84' lang='grc' dir='ltr'><strong>οῦν</strong></span> <span class='ocrx_word' id='word_1_311' title='bbox 1420 3621 1773 3690; x_wconf 80' lang='grc' dir='ltr'>παρέστησαν</span> 
     </span>
    </p>
   </div>
   <div class='ocr_carea' id='block_1_52' title="bbox 182 3712 1775 3784">
    <p class='ocr_par' dir='ltr' id='par_1_52' title="bbox 182 3712 1775 3784">
     <span class='ocr_line' id='line_1_52' title="bbox 182 3712 1775 3784; baseline 0.004 -23"><span class='ocrx_word' id='word_1_312' title='bbox 182 3712 262 3779; x_wconf 78' lang='grc' dir='ltr'>τῷ</span> <span class='ocrx_word' id='word_1_313' title='bbox 299 3713 462 3764; x_wconf 73' lang='grc' dir='ltr'>δουκὶ</span> <span class='ocrx_word' id='word_1_314' title='bbox 510 3712 683 3782; x_wconf 73' lang='grc' dir='ltr'>Λυσίᾳ</span> <span class='ocrx_word' id='word_1_315' title='bbox 717 3714 774 3764; x_wconf 78' lang='grc' dir='ltr'>ὲν</span> <span class='ocrx_word' id='word_1_316' title='bbox 826 3713 1123 3766; x_wconf 81' lang='grc' dir='ltr'>Νικοπόλει</span> <span class='ocrx_word' id='word_1_317' title='bbox 1154 3716 1251 3783; x_wconf 78' lang='grc' dir='ltr'>τῆς</span> <span class='ocrx_word' id='word_1_318' title='bbox 1294 3715 1608 3784; x_wconf 82' lang='grc' dir='ltr'>Ἀρμενίας.</span> <span class='ocrx_word' id='word_1_319' title='bbox 1664 3715 1775 3769; x_wconf 80' lang='grc' dir='ltr'><strong>Καὶ</strong></span> 
     </span>
    </p>
   </div>
   <div class='ocr_carea' id='block_1_53' title="bbox 183 3805 1775 3877">
    <p class='ocr_par' dir='ltr' id='par_1_53' title="bbox 183 3805 1775 3877">
     <span class='ocr_line' id='line_1_53' title="bbox 183 3805 1775 3877; baseline 0.004 -22"><span class='ocrx_word' id='word_1_320' title='bbox 183 3806 276 3856; x_wconf 68' lang='grc' dir='ltr'>τὶν</span> <span class='ocrx_word' id='word_1_321' title='bbox 318 3806 420 3872; x_wconf 80' lang='grc' dir='ltr'><strong>μὲν</strong></span> <span class='ocrx_word' id='word_1_322' title='bbox 454 3806 690 3875; x_wconf 77' lang='grc' dir='ltr'>Χριστὸν</span> <span class='ocrx_word' id='word_1_323' title='bbox 746 3805 1205 3877; x_wconf 79' lang='grc' dir='ltr'>ὁμολογήσαντες,</span> <span class='ocrx_word' id='word_1_324' title='bbox 1241 3808 1307 3860; x_wconf 86' lang='grc' dir='ltr'><strong>τὰ</strong></span> <span class='ocrx_word' id='word_1_325' title='bbox 1349 3808 1404 3859; x_wconf 77' lang='grc' dir='ltr'>δὲ</span> <span class='ocrx_word' id='word_1_326' title='bbox 1435 3806 1627 3861; x_wconf 78' lang='grc' dir='ltr'>εἴδωλα</span> <span class='ocrx_word' id='word_1_327' title='bbox 1657 3809 1775 3861; x_wconf 81' lang='grc' dir='ltr'>δια-</span> 
     </span>
    </p>
   </div>
   <div class='ocr_carea' id='block_1_54' title="bbox 181 3898 1775 3970">
    <p class='ocr_par' dir='ltr' id='par_1_54' title="bbox 181 3898 1775 3970">
     <span class='ocr_line' id='line_1_54' title="bbox 181 3898 1775 3970; baseline 0.003 -20"><span class='ocrx_word' id='word_1_328' title='bbox 181 3899 519 3961; x_wconf 67' lang='grc' dir='ltr'>πτύσαντες,</span> <span class='ocrx_word' id='word_1_329' title='bbox 548 3898 863 3967; x_wconf 77' lang='grc' dir='ltr'>τυφθέντες,</span> <span class='ocrx_word' id='word_1_330' title='bbox 894 3900 985 3952; x_wconf 73' lang='grc' dir='ltr'>καὶ</span> <span class='ocrx_word' id='word_1_331' title='bbox 1018 3900 1185 3963; x_wconf 89' lang='grc' dir='ltr'>λίθοις</span> <span class='ocrx_word' id='word_1_332' title='bbox 1218 3900 1597 3970; x_wconf 81' lang='grc' dir='ltr'>συντριϐέντες</span> <span class='ocrx_word' id='word_1_333' title='bbox 1621 3902 1689 3954; x_wconf 85' lang='grc' dir='ltr'><strong>τά</strong></span> <span class='ocrx_word' id='word_1_334' title='bbox 1718 3918 1775 3955; x_wconf 84' lang='grc' dir='ltr'><strong>τε</strong></span> 
     </span>
    </p>
   </div>
   <div class='ocr_carea' id='block_1_55' title="bbox 184 3989 1775 4061">
    <p class='ocr_par' dir='ltr' id='par_1_55' title="bbox 184 3989 1775 4061">
     <span class='ocr_line' id='line_1_55' title="bbox 184 3989 1775 4061; baseline 0.004 -21"><span class='ocrx_word' id='word_1_335' title='bbox 184 3990 442 4058; x_wconf 77' lang='grc' dir='ltr'>στόματα</span> <span class='ocrx_word' id='word_1_336' title='bbox 474 3990 566 4043; x_wconf 71' lang='grc' dir='ltr'><strong>καὶ</strong></span> <span class='ocrx_word' id='word_1_337' title='bbox 591 3989 656 4041; x_wconf 75' lang='grc' dir='ltr'><strong>τά</strong></span> <span class='ocrx_word' id='word_1_338' title='bbox 691 3991 981 4058; x_wconf 77' lang='grc' dir='ltr'>πρόσωπα,</span> <span class='ocrx_word' id='word_1_339' title='bbox 1018 3991 1462 4060; x_wconf 80' lang='grc' dir='ltr'>ἀπεκλείσθησαν</span> <span class='ocrx_word' id='word_1_340' title='bbox 1492 3994 1570 4055; x_wconf 87' lang='grc' dir='ltr'><strong>είς</strong></span> <span class='ocrx_word' id='word_1_341' title='bbox 1601 3993 1775 4061; x_wconf 85' lang='grc' dir='ltr'>φυλα-</span> 
     </span>
    </p>
   </div>
   <div class='ocr_carea' id='block_1_56' title="bbox 184 4082 1776 4153">
    <p class='ocr_par' dir='ltr' id='par_1_56' title="bbox 184 4082 1776 4153">
     <span class='ocr_line' id='line_1_56' title="bbox 184 4082 1776 4153; baseline 0.003 -21"><span class='ocrx_word' id='word_1_342' title='bbox 184 4082 316 4149; x_wconf 70' lang='grc' dir='ltr'>κὴν,</span> <span class='ocrx_word' id='word_1_343' title='bbox 350 4082 447 4133; x_wconf 71' lang='grc' dir='ltr'><strong>ἐπὶ</strong></span> <span class='ocrx_word' id='word_1_344' title='bbox 497 4082 719 4145; x_wconf 81' lang='grc' dir='ltr'>πολλαῖς</span> <span class='ocrx_word' id='word_1_345' title='bbox 780 4083 1015 4153; x_wconf 80' lang='grc' dir='ltr'>ἡμέραις</span> <span class='ocrx_word' id='word_1_346' title='bbox 1042 4082 1219 4136; x_wconf 85' lang='grc' dir='ltr'>άσιτοι</span> <span class='ocrx_word' id='word_1_347' title='bbox 1247 4083 1613 4153; x_wconf 76' lang='grc' dir='ltr'>διαμένοντες.</span> <span class='ocrx_word' id='word_1_348' title='bbox 1668 4087 1776 4139; x_wconf 81' lang='lat' dir='ltr'><strong>Kal</strong></span> 
     </span>
    </p>
   </div>
   <div class='ocr_carea' id='block_1_57' title="bbox 186 4173 1777 4246">
    <p class='ocr_par' dir='ltr' id='par_1_57' title="bbox 186 4173 1777 4246">
     <span class='ocr_line' id='line_1_57' title="bbox 186 4173 1777 4246; baseline 0.003 -20"><span class='ocrx_word' id='word_1_349' title='bbox 186 4174 394 4237; x_wconf 79' lang='grc' dir='ltr'>ἰδόντες</span> <span class='ocrx_word' id='word_1_350' title='bbox 429 4173 528 4245; x_wconf 80' lang='grc' dir='ltr'><strong>τὴν</strong></span> <span class='ocrx_word' id='word_1_351' title='bbox 554 4175 731 4227; x_wconf 77' lang='grc' dir='ltr'>αὐτῶν</span> <span class='ocrx_word' id='word_1_352' title='bbox 788 4175 1089 4245; x_wconf 79' lang='grc' dir='ltr'>καρτερίαν</span> <span class='ocrx_word' id='word_1_353' title='bbox 1134 4178 1181 4229; x_wconf 88' lang='grc' dir='ltr'>οἱ</span> <span class='ocrx_word' id='word_1_354' title='bbox 1233 4175 1529 4246; x_wconf 84' lang='grc' dir='ltr'>τηροῦντες</span> <span class='ocrx_word' id='word_1_355' title='bbox 1578 4177 1777 4241; x_wconf 71' lang='grc' dir='ltr'>αὐτοὺς</span> 
     </span>
    </p>
   </div>
   <div class='ocr_carea' id='block_1_58' title="bbox 184 4263 1772 4338">
    <p class='ocr_par' dir='ltr' id='par_1_58' title="bbox 184 4263 1772 4338">
     <span class='ocr_line' id='line_1_58' title="bbox 184 4263 1772 4338; baseline 0.005 -23"><span class='ocrx_word' id='word_1_356' title='bbox 184 4266 551 4335; x_wconf 85' lang='grc' dir='ltr'>στρατιῶται.</span> <span class='ocrx_word' id='word_1_357' title='bbox 587 4267 913 4319; x_wconf 75' lang='grc' dir='ltr'>ἐπίστευσαν</span> <span class='ocrx_word' id='word_1_358' title='bbox 942 4266 1020 4336; x_wconf 80' lang='grc' dir='ltr'>τῷ</span> <span class='ocrx_word' id='word_1_359' title='bbox 1051 4266 1293 4337; x_wconf 84' lang='grc' dir='ltr'>Χριστῷ.</span> <span class='ocrx_word' id='word_1_360' title='bbox 1324 4263 1457 4321; x_wconf 77' lang='grc' dir='ltr'>Εἶτα</span> <span class='ocrx_word' id='word_1_361' title='bbox 1479 4270 1576 4338; x_wconf 84' lang='grc' dir='ltr'>τῆς</span> <span class='ocrx_word' id='word_1_362' title='bbox 1607 4271 1772 4337; x_wconf 85' lang='grc' dir='ltr'>φυλα-</span> 
     </span>
    </p>
   </div>
   <div class='ocr_carea' id='block_1_59' title="bbox 183 4355 1777 4427">
    <p class='ocr_par' dir='ltr' id='par_1_59' title="bbox 183 4355 1777 4427">
     <span class='ocr_line' id='line_1_59' title="bbox 183 4355 1777 4427; baseline 0.005 -20"><span class='ocrx_word' id='word_1_363' title='bbox 183 4357 291 4424; x_wconf 80' lang='grc' dir='ltr'>κῆς</span> <span class='ocrx_word' id='word_1_364' title='bbox 328 4355 710 4427; x_wconf 75' lang='grc' dir='ltr'>ὲκόληθέντες,</span> <span class='ocrx_word' id='word_1_365' title='bbox 744 4361 836 4410; x_wconf 81' lang='grc' dir='ltr'><strong>καὶ</strong></span> <span class='ocrx_word' id='word_1_366' title='bbox 866 4358 934 4410; x_wconf 73' lang='grc' dir='ltr'>τὰ</span> <span class='ocrx_word' id='word_1_367' title='bbox 961 4359 1127 4427; x_wconf 83' lang='grc' dir='ltr'>σκέλη</span> <span class='ocrx_word' id='word_1_368' title='bbox 1149 4358 1438 4411; x_wconf 82' lang='grc' dir='ltr'>πελέκεσιν</span> <span class='ocrx_word' id='word_1_369' title='bbox 1468 4360 1777 4415; x_wconf 84' lang='grc' dir='ltr'>ἀποκοπέν-</span> 
     </span>
    </p>
   </div>
   <div class='ocr_carea' id='block_1_60' title="bbox 180 4453 1773 4525">
    <p class='ocr_par' dir='ltr' id='par_1_60' title="bbox 180 4453 1773 4525">
     <span class='ocr_line' id='line_1_60' title="bbox 180 4453 1773 4525; baseline -0.004 -10"><span class='ocrx_word' id='word_1_370' title='bbox 180 4468 295 4515; x_wconf 80' lang='grc' dir='ltr'>τες.</span> <span class='ocrx_word' id='word_1_371' title='bbox 328 4454 383 4505; x_wconf 72' lang='grc' dir='ltr'>οἱ</span> <span class='ocrx_word' id='word_1_372' title='bbox 435 4454 533 4522; x_wconf 82' lang='grc' dir='ltr'><strong>μὲν</strong></span> <span class='ocrx_word' id='word_1_373' title='bbox 568 4453 666 4523; x_wconf 73' lang='grc' dir='ltr'>ήδη</span> <span class='ocrx_word' id='word_1_374' title='bbox 709 4453 1053 4523; x_wconf 79' lang='grc' dir='ltr'>τεθνηκότες,</span> <span class='ocrx_word' id='word_1_375' title='bbox 1088 4456 1137 4507; x_wconf 80' lang='grc' dir='ltr'>οἱ</span> <span class='ocrx_word' id='word_1_376' title='bbox 1184 4456 1241 4507; x_wconf 83' lang='grc' dir='ltr'><strong>δὲ</strong></span> <span class='ocrx_word' id='word_1_377' title='bbox 1294 4456 1373 4508; x_wconf 78' lang='grc' dir='ltr'>ἔτι</span> <span class='ocrx_word' id='word_1_378' title='bbox 1420 4457 1773 4525; x_wconf 76' lang='grc' dir='ltr'>ἐμπνέοντες,</span> 
     </span>
    </p>
   </div>
   <div class='ocr_carea' id='block_1_61' title="bbox 1878 1915 3457 1986">
    <p class='ocr_par' dir='ltr' id='par_1_61' title="bbox 1878 1915 3457 1986">
     <span class='ocr_line' id='line_1_61' title="bbox 1878 1915 3457 1986; baseline -0.004 -15"><span class='ocrx_word' id='word_1_379' title='bbox 1878 1926 2181 1971; x_wconf 79' lang='lat' dir='ltr'><strong>creatorem</strong></span> <span class='ocrx_word' id='word_1_380' title='bbox 2210 1916 2379 1970; x_wconf 82' lang='lat' dir='ltr'><strong>Deum</strong></span> <span class='ocrx_word' id='word_1_381' title='bbox 2411 1931 2519 1969; x_wconf 90' lang='lat' dir='ltr'><strong>non</strong></span> <span class='ocrx_word' id='word_1_382' title='bbox 2547 1925 2831 1986; x_wconf 82' lang='lat' dir='ltr'><strong>agnoscat.</strong></span> <span class='ocrx_word' id='word_1_383' title='bbox 2855 1915 2977 1969; x_wconf 60' lang='lat' dir='ltr'><strong>Hice</strong></span> <span class='ocrx_word' id='word_1_384' title='bbox 2997 1916 3233 1975; x_wconf 89' lang='lat' dir='ltr'><strong>locutus,</strong></span> <span class='ocrx_word' id='word_1_385' title='bbox 3264 1915 3457 1984; x_wconf 68' lang='lat' dir='ltr'><strong>praesi-</strong></span> 
     </span>
    </p>
   </div>
   <div class='ocr_carea' id='block_1_62' title="bbox 1876 2008 3454 2081">
    <p class='ocr_par' dir='ltr' id='par_1_62' title="bbox 1876 2008 3454 2081">
     <span class='ocr_line' id='line_1_62' title="bbox 1876 2008 3454 2081; baseline -0.004 -17"><span class='ocrx_word' id='word_1_386' title='bbox 1876 2010 1960 2065; x_wconf 92' lang='lat' dir='ltr'><strong>dis</strong></span> <span class='ocrx_word' id='word_1_387' title='bbox 2007 2009 2163 2080; x_wconf 86' lang='lat' dir='ltr'><strong>jussu</strong></span> <span class='ocrx_word' id='word_1_388' title='bbox 2220 2010 2543 2081; x_wconf 72' lang='lat' dir='ltr'><strong>gravissime</strong></span> <span class='ocrx_word' id='word_1_389' title='bbox 2596 2009 3019 2063; x_wconf 70' lang='lat' dir='ltr'><strong>cmditurzmox</strong></span> <span class='ocrx_word' id='word_1_390' title='bbox 3068 2008 3122 2061; x_wconf 90' lang='lat' dir='ltr'><strong>in</strong></span> <span class='ocrx_word' id='word_1_391' title='bbox 3162 2008 3454 2076; x_wconf 78' lang='lat' dir='ltr'><strong>equuleum</strong></span> 
     </span>
    </p>
   </div>
   <div class='ocr_carea' id='block_1_63' title="bbox 1876 2098 3455 2170">
    <p class='ocr_par' dir='ltr' id='par_1_63' title="bbox 1876 2098 3455 2170">
     <span class='ocr_line' id='line_1_63' title="bbox 1876 2098 3455 2170; baseline -0.005 -15"><span class='ocrx_word' id='word_1_392' title='bbox 1876 2109 2055 2166; x_wconf 89' lang='lat' dir='ltr'><strong>actus,</strong></span> <span class='ocrx_word' id='word_1_393' title='bbox 2103 2111 2158 2155; x_wconf 91' lang='lat' dir='ltr'><strong>et</strong></span> <span class='ocrx_word' id='word_1_394' title='bbox 2207 2101 2401 2155; x_wconf 84' lang='lat' dir='ltr'><strong>ferreis</strong></span> <span class='ocrx_word' id='word_1_395' title='bbox 2454 2100 2608 2170; x_wconf 76' lang='lat'><strong>161</strong></span> <span class='ocrx_word' id='word_1_396' title='bbox 2658 2101 2829 2155; x_wconf 80' lang='lat' dir='ltr'><strong>clavis</strong></span> <span class='ocrx_word' id='word_1_397' title='bbox 2882 2099 3154 2163; x_wconf 80' lang='lat' dir='ltr'><strong>conﬁxus,</strong></span> <span class='ocrx_word' id='word_1_398' title='bbox 3210 2098 3455 2163; x_wconf 78' lang='lat' dir='ltr'><strong>spiritum</strong></span> 
     </span>
    </p>
   </div>
   <div class='ocr_carea' id='block_1_64' title="bbox 1878 2192 3537 2263">
    <p class='ocr_par' dir='ltr' id='par_1_64' title="bbox 1878 2192 3537 2263">
     <span class='ocr_line' id='line_1_64' title="bbox 1878 2192 3537 2263; baseline -0.001 -18"><span class='ocrx_word' id='word_1_399' title='bbox 1878 2192 1989 2247; x_wconf 88' lang='lat' dir='ltr'><strong>Deo</strong></span> <span class='ocrx_word' id='word_1_400' title='bbox 2009 2193 2244 2247; x_wconf 82' lang='lat' dir='ltr'><strong>reddidit</strong></span> <span class='ocrx_word' id='word_1_401' title='bbox 2272 2212 2283 2247; x_wconf 91' lang='lat'><strong>:</strong></span> <span class='ocrx_word' id='word_1_402' title='bbox 2310 2204 2475 2263; x_wconf 87' lang='lat' dir='ltr'><strong>atque</strong></span> <span class='ocrx_word' id='word_1_403' title='bbox 2496 2195 2568 2248; x_wconf 89' lang='lat' dir='ltr'><strong>ita</strong></span> <span class='ocrx_word' id='word_1_404' title='bbox 2588 2201 2975 2249; x_wconf 84' lang='lat' dir='ltr'><strong>consummato</strong></span> <span class='ocrx_word' id='word_1_405' title='bbox 2993 2192 3240 2263; x_wconf 87' lang='lat' dir='ltr'><strong>martyrii</strong></span> <span class='ocrx_word' id='word_1_406' title='bbox 3264 2206 3453 2255; x_wconf 86' lang='lat' dir='ltr'><strong>cursu,</strong></span> <span class='ocrx_word' id='word_1_407' title='bbox 3531 2204 3537 2211; x_wconf 90' lang='grc'><strong>·</strong></span> 
     </span>
    </p>
   </div>
   <div class='ocr_carea' id='block_1_65' title="bbox 1876 2285 2751 2357">
    <p class='ocr_par' dir='ltr' id='par_1_65' title="bbox 1876 2285 2751 2357">
     <span class='ocr_line' id='line_1_65' title="bbox 1876 2285 2751 2357; baseline 0.001 -18"><span class='ocrx_word' id='word_1_408' title='bbox 1876 2285 2098 2341; x_wconf 69' lang='grc' dir='ltr'>ςωιρδῑθ</span> <span class='ocrx_word' id='word_1_409' title='bbox 2130 2300 2355 2357; x_wconf 78' lang='lat' dir='ltr'><strong>regnum</strong></span> <span class='ocrx_word' id='word_1_410' title='bbox 2387 2286 2619 2355; x_wconf 86' lang='lat' dir='ltr'><strong>adeptus</strong></span> <span class='ocrx_word' id='word_1_411' title='bbox 2648 2296 2751 2342; x_wconf 84' lang='lat' dir='ltr'><strong>est.</strong></span> 
     </span>
    </p>
   </div>
   <div class='ocr_carea' id='block_1_66' title="bbox 1950 2563 3458 2619">
    <p class='ocr_par' dir='ltr' id='par_1_66' title="bbox 1950 2563 3458 2619">
     <span class='ocr_line' id='line_1_66' title="bbox 1950 2563 3458 2619; baseline -0.003 -2"><span class='ocrx_word' id='word_1_412' title='bbox 1950 2563 2012 2617; x_wconf 89' lang='lat' dir='ltr'><strong>Et</strong></span> <span class='ocrx_word' id='word_1_413' title='bbox 2065 2564 2513 2619; x_wconf 85' lang='lat' dir='ltr'><strong>commemoratio</strong></span> <span class='ocrx_word' id='word_1_414' title='bbox 2576 2563 3058 2619; x_wconf 84' lang='lat' dir='ltr'><strong>innumerabilium</strong></span> <span class='ocrx_word' id='word_1_415' title='bbox 3139 2569 3458 2618; x_wconf 83' lang='lat' dir='ltr'><strong>sanctorqu</strong></span> 
     </span>
    </p>
   </div>
   <div class='ocr_carea' id='block_1_67' title="bbox 1882 2650 3458 2723">
    <p class='ocr_par' dir='ltr' id='par_1_67' title="bbox 1882 2650 3458 2723">
     <span class='ocr_line' id='line_1_67' title="bbox 1882 2650 3458 2723; baseline -0.004 -13"><span class='ocrx_word' id='word_1_416' title='bbox 1882 2654 2127 2717; x_wconf 80' lang='lat' dir='ltr'><strong>Patrum,</strong></span> <span class='ocrx_word' id='word_1_417' title='bbox 2177 2654 2269 2723; x_wconf 87' lang='lat' dir='ltr'><strong>qui</strong></span> <span class='ocrx_word' id='word_1_418' title='bbox 2311 2653 2364 2707; x_wconf 91' lang='lat' dir='ltr'><strong>in</strong></span> <span class='ocrx_word' id='word_1_419' title='bbox 2422 2654 2700 2723; x_wconf 88' lang='lat' dir='ltr'><strong>speluncis</strong></span> <span class='ocrx_word' id='word_1_420' title='bbox 2749 2653 3046 2719; x_wconf 87' lang='lat' dir='ltr'><strong>combusti,</strong></span> <span class='ocrx_word' id='word_1_421' title='bbox 3102 2661 3155 2707; x_wconf 86' lang='lat' dir='ltr'><strong>et</strong></span> <span class='ocrx_word' id='word_1_422' title='bbox 3206 2650 3458 2707; x_wconf 71' lang='lat' dir='ltr'><strong>suﬂocati</strong></span> 
     </span>
    </p>
   </div>
   <div class='ocr_carea' id='block_1_68' title="bbox 1880 2743 3460 2817">
    <p class='ocr_par' dir='ltr' id='par_1_68' title="bbox 1880 2743 3460 2817">
     <span class='ocr_line' id='line_1_68' title="bbox 1880 2743 3460 2817; baseline -0.003 -16"><span class='ocrx_word' id='word_1_423' title='bbox 1880 2754 2006 2801; x_wconf 92' lang='lat' dir='ltr'><strong>sunt</strong></span> <span class='ocrx_word' id='word_1_424' title='bbox 2033 2760 2061 2799; x_wconf 88' lang='lat' dir='ltr'><strong>a</strong></span> <span class='ocrx_word' id='word_1_425' title='bbox 2096 2744 2398 2815; x_wconf 85' lang='lat' dir='ltr'><strong>Theophilo</strong></span> <span class='ocrx_word' id='word_1_426' title='bbox 2440 2745 2785 2801; x_wconf 72' lang='lat' dir='ltr'><strong>Alexandriae</strong></span> <span class='ocrx_word' id='word_1_427' title='bbox 2815 2747 3071 2817; x_wconf 82' lang='lat' dir='ltr'><strong>episcopo</strong></span> <span class='ocrx_word' id='word_1_428' title='bbox 3105 2754 3326 2816; x_wconf 85' lang='lat' dir='ltr'><strong>prOpter</strong></span> <span class='ocrx_word' id='word_1_429' title='bbox 3361 2743 3460 2799; x_wconf 79' lang='lat' dir='ltr'><strong>lsi-</strong></span> 
     </span>
    </p>
   </div>
   <div class='ocr_carea' id='block_1_69' title="bbox 1880 2838 2511 2907">
    <p class='ocr_par' dir='ltr' id='par_1_69' title="bbox 1880 2838 2511 2907">
     <span class='ocr_line' id='line_1_69' title="bbox 1880 2838 2511 2907; baseline -0.005 -13"><span class='ocrx_word' id='word_1_430' title='bbox 1880 2839 2073 2894; x_wconf 82' lang='lat' dir='ltr'><strong>dorum</strong></span> <span class='ocrx_word' id='word_1_431' title='bbox 2108 2838 2511 2907; x_wconf 80' lang='lat' dir='ltr'><strong>presbyterum.</strong></span> 
     </span>
    </p>
   </div>
   <div class='ocr_carea' id='block_1_70' title="bbox 2412 2952 2914 3008">
    <p class='ocr_par' dir='ltr' id='par_1_70' title="bbox 2412 2952 2914 3008">
     <span class='ocr_line' id='line_1_70' title="bbox 2412 2952 2914 3008; baseline 0.004 -2"><span class='ocrx_word' id='word_1_432' title='bbox 2412 2952 2640 3006; x_wconf 76' lang='lat' dir='ltr'><strong>EODEM</strong></span> <span class='ocrx_word' id='word_1_433' title='bbox 2684 2953 2914 3008; x_wconf 81' lang='lat' dir='ltr'><strong>MENSE</strong></span> 
     </span>
    </p>
   </div>
   <div class='ocr_carea' id='block_1_71' title="bbox 2484 3048 2831 3101">
    <p class='ocr_par' dir='ltr' id='par_1_71' title="bbox 2484 3048 2831 3101">
     <span class='ocr_line' id='line_1_71' title="bbox 2484 3048 2831 3101; baseline 0.006 -2"><span class='ocrx_word' id='word_1_434' title='bbox 2484 3048 2579 3101; x_wconf 84' lang='lat' dir='ltr'><strong>Die</strong></span> <span class='ocrx_word' id='word_1_435' title='bbox 2620 3048 2831 3101; x_wconf 83' lang='lat' dir='ltr'><strong>decima</strong></span> 
     </span>
    </p>
   </div>
   <div class='ocr_carea' id='block_1_72' title="bbox 1880 3142 3456 3214">
    <p class='ocr_par' dir='ltr' id='par_1_72' title="bbox 1880 3142 3456 3214">
     <span class='ocr_line' id='line_1_72' title="bbox 1880 3142 3456 3214; baseline -0.003 -15"><span class='ocrx_word' id='word_1_436' title='bbox 1880 3143 2157 3199; x_wconf 80' lang='lat' dir='ltr'><strong>Certamen</strong></span> <span class='ocrx_word' id='word_1_437' title='bbox 2183 3154 2490 3214; x_wconf 76' lang='lat' dir='ltr'><strong>sanctorum</strong></span> <span class='ocrx_word' id='word_1_438' title='bbox 2516 3142 2870 3210; x_wconf 83' lang='lat' dir='ltr'><strong>quadraginta</strong></span> <span class='ocrx_word' id='word_1_439' title='bbox 2893 3142 3117 3210; x_wconf 81' lang='lat' dir='ltr'><strong>quinque</strong></span> <span class='ocrx_word' id='word_1_440' title='bbox 3142 3150 3456 3214; x_wconf 77' lang='lat' dir='ltr'><strong>martyrum,</strong></span> 
     </span>
    </p>
   </div>
   <div class='ocr_carea' id='block_1_73' title="bbox 2170 3213 3155 3283">
    <p class='ocr_par' dir='ltr' id='par_1_73' title="bbox 2170 3213 3155 3283">
     <span class='ocr_line' id='line_1_73' title="bbox 2170 3213 3155 3283; baseline 0.001 -18"><span class='ocrx_word' id='word_1_441' title='bbox 2170 3215 2259 3283; x_wconf 84' lang='lat' dir='ltr'><strong>qui</strong></span> <span class='ocrx_word' id='word_1_442' title='bbox 2299 3213 2548 3281; x_wconf 79' lang='lat' dir='ltr'><strong>Nicopoli</strong></span> <span class='ocrx_word' id='word_1_443' title='bbox 2588 3215 2906 3265; x_wconf 71' lang='lat' dir='ltr'><strong>martyrium</strong></span> <span class='ocrx_word' id='word_1_444' title='bbox 2929 3214 3155 3267; x_wconf 78' lang='lat' dir='ltr'><strong>subiere.</strong></span> 
     </span>
    </p>
   </div>
   <div class='ocr_carea' id='block_1_74' title="bbox 1948 3346 3457 3419">
    <p class='ocr_par' dir='ltr' id='par_1_74' title="bbox 1948 3346 3457 3419">
     <span class='ocr_line' id='line_1_74' title="bbox 1948 3346 3457 3419; baseline 0 -16"><span class='ocrx_word' id='word_1_445' title='bbox 1948 3348 2201 3419; x_wconf 87' lang='lat' dir='ltr'><strong>Quinque</strong></span> <span class='ocrx_word' id='word_1_446' title='bbox 2227 3355 2281 3404; x_wconf 87' lang='lat' dir='ltr'><strong>et</strong></span> <span class='ocrx_word' id='word_1_447' title='bbox 2312 3347 2676 3417; x_wconf 76' lang='lat' dir='ltr'><strong>quadraginta</strong></span> <span class='ocrx_word' id='word_1_448' title='bbox 2710 3346 2915 3403; x_wconf 87' lang='lat' dir='ltr'><strong>Christi</strong></span> <span class='ocrx_word' id='word_1_449' title='bbox 2947 3358 3214 3419; x_wconf 82' lang='lat' dir='ltr'><strong>martyres</strong></span> <span class='ocrx_word' id='word_1_450' title='bbox 3244 3347 3457 3403; x_wconf 82' lang='lat' dir='ltr'><strong>Licinio</strong></span> 
     </span>
    </p>
   </div>
   <div class='ocr_carea' id='block_1_75' title="bbox 1876 3440 3456 3513">
    <p class='ocr_par' dir='ltr' id='par_1_75' title="bbox 1876 3440 3456 3513">
     <span class='ocr_line' id='line_1_75' title="bbox 1876 3440 3456 3513; baseline 0 -17"><span class='ocrx_word' id='word_1_451' title='bbox 1876 3451 2209 3513; x_wconf 81' lang='lat' dir='ltr'><strong>tmperatore</strong></span> <span class='ocrx_word' id='word_1_452' title='bbox 2265 3450 2320 3496; x_wconf 90' lang='lat' dir='ltr'><strong>et</strong></span> <span class='ocrx_word' id='word_1_453' title='bbox 2371 3440 2532 3513; x_wconf 84' lang='lat' dir='ltr'><strong>Lysia</strong></span> <span class='ocrx_word' id='word_1_454' title='bbox 2586 3441 2813 3510; x_wconf 73' lang='lat' dir='ltr'><strong>praeside</strong></span> <span class='ocrx_word' id='word_1_455' title='bbox 2864 3441 3198 3504; x_wconf 88' lang='lat' dir='ltr'><strong>claruerunt,</strong></span> <span class='ocrx_word' id='word_1_456' title='bbox 3253 3443 3456 3511; x_wconf 89' lang='lat' dir='ltr'><strong>quibus</strong></span> 
     </span>
    </p>
   </div>
   <div class='ocr_carea' id='block_1_76' title="bbox 1878 3528 3455 3601">
    <p class='ocr_par' dir='ltr' id='par_1_76' title="bbox 1878 3528 3455 3601">
     <span class='ocr_line' id='line_1_76' title="bbox 1878 3528 3455 3601; baseline 0.001 -18"><span class='ocrx_word' id='word_1_457' title='bbox 1878 3541 2155 3601; x_wconf 63' lang='lat' dir='ltr'><strong>praeerant</strong></span> <span class='ocrx_word' id='word_1_458' title='bbox 2182 3529 2466 3593; x_wconf 88' lang='lat' dir='ltr'><strong>Leontius,</strong></span> <span class='ocrx_word' id='word_1_459' title='bbox 2499 3529 2820 3595; x_wconf 81' lang='lat' dir='ltr'><strong>Mauricius,</strong></span> <span class='ocrx_word' id='word_1_460' title='bbox 2849 3528 3035 3583; x_wconf 89' lang='lat' dir='ltr'><strong>Daniel</strong></span> <span class='ocrx_word' id='word_1_461' title='bbox 3080 3538 3133 3583; x_wconf 90' lang='lat' dir='ltr'><strong>et</strong></span> <span class='ocrx_word' id='word_1_462' title='bbox 3162 3530 3455 3585; x_wconf 84' lang='lat' dir='ltr'><strong>Antonius.</strong></span> 
     </span>
    </p>
   </div>
   <div class='ocr_carea' id='block_1_77' title="bbox 1876 3620 3459 3693">
    <p class='ocr_par' dir='ltr' id='par_1_77' title="bbox 1876 3620 3459 3693">
     <span class='ocr_line' id='line_1_77' title="bbox 1876 3620 3459 3693; baseline -0.002 -16"><span class='ocrx_word' id='word_1_463' title='bbox 1876 3622 2271 3692; x_wconf 89' lang='lat' dir='ltr'><strong>Comprehensi</strong></span> <span class='ocrx_word' id='word_1_464' title='bbox 2296 3638 2446 3693; x_wconf 87' lang='lat' dir='ltr'><strong>ergo,</strong></span> <span class='ocrx_word' id='word_1_465' title='bbox 2475 3622 2721 3691; x_wconf 84' lang='lat' dir='ltr'><strong>NicOpoli</strong></span> <span class='ocrx_word' id='word_1_466' title='bbox 2749 3623 2801 3675; x_wconf 91' lang='lat' dir='ltr'><strong>in</strong></span> <span class='ocrx_word' id='word_1_467' title='bbox 2833 3622 3090 3675; x_wconf 85' lang='lat' dir='ltr'><strong>Armenia</strong></span> <span class='ocrx_word' id='word_1_468' title='bbox 3124 3620 3295 3693; x_wconf 71' lang='lat' dir='ltr'><strong>Lysia:</strong></span> <span class='ocrx_word' id='word_1_469' title='bbox 3334 3622 3459 3681; x_wconf 84' lang='lat' dir='ltr'><strong>duci</strong></span> 
     </span>
    </p>
   </div>
   <div class='ocr_carea' id='block_1_78' title="bbox 1881 3714 3462 3785">
    <p class='ocr_par' dir='ltr' id='par_1_78' title="bbox 1881 3714 3462 3785">
     <span class='ocr_line' id='line_1_78' title="bbox 1881 3714 3462 3785; baseline -0.001 -15"><span class='ocrx_word' id='word_1_470' title='bbox 1881 3716 2193 3782; x_wconf 91' lang='lat' dir='ltr'><strong>sistuntur;</strong></span> <span class='ocrx_word' id='word_1_471' title='bbox 2227 3715 2321 3785; x_wconf 90' lang='lat' dir='ltr'><strong>qui</strong></span> <span class='ocrx_word' id='word_1_472' title='bbox 2371 3716 2640 3770; x_wconf 90' lang='lat' dir='ltr'><strong>christum</strong></span> <span class='ocrx_word' id='word_1_473' title='bbox 2686 3715 3034 3779; x_wconf 81' lang='lat' dir='ltr'><strong>conﬁtentes,</strong></span> <span class='ocrx_word' id='word_1_474' title='bbox 3065 3727 3116 3769; x_wconf 91' lang='lat' dir='ltr'><strong>et</strong></span> <span class='ocrx_word' id='word_1_475' title='bbox 3156 3714 3298 3768; x_wconf 77' lang='lat' dir='ltr'><strong>idola</strong></span> <span class='ocrx_word' id='word_1_476' title='bbox 3326 3731 3462 3770; x_wconf 83' lang='lat' dir='ltr'><strong>cnn-</strong></span> 
     </span>
    </p>
   </div>
   <div class='ocr_carea' id='block_1_79' title="bbox 1880 3806 3463 3877">
    <p class='ocr_par' dir='ltr' id='par_1_79' title="bbox 1880 3806 3463 3877">
     <span class='ocr_line' id='line_1_79' title="bbox 1880 3806 3463 3877; baseline -0.004 -14"><span class='ocrx_word' id='word_1_477' title='bbox 1880 3818 2160 3877; x_wconf 86' lang='lat' dir='ltr'><strong>spuentes,</strong></span> <span class='ocrx_word' id='word_1_478' title='bbox 2188 3807 2511 3862; x_wconf 88' lang='lat' dir='ltr'><strong>verberibus</strong></span> <span class='ocrx_word' id='word_1_479' title='bbox 2534 3808 2769 3877; x_wconf 89' lang='lat' dir='ltr'><strong>primum</strong></span> <span class='ocrx_word' id='word_1_480' title='bbox 2805 3809 3092 3862; x_wconf 58' lang='lat' dir='ltr'><strong>creduntur</strong></span> <span class='ocrx_word' id='word_1_481' title='bbox 3122 3823 3135 3859; x_wconf 87' lang='lat'><strong>:</strong></span> <span class='ocrx_word' id='word_1_482' title='bbox 3168 3821 3294 3859; x_wconf 80' lang='lat' dir='ltr'><strong>mox</strong></span> <span class='ocrx_word' id='word_1_483' title='bbox 3328 3806 3463 3874; x_wconf 85' lang='lat' dir='ltr'><strong>lapi-</strong></span> 
     </span>
    </p>
   </div>
   <div class='ocr_carea' id='block_1_80' title="bbox 1879 3899 3455 3970">
    <p class='ocr_par' dir='ltr' id='par_1_80' title="bbox 1879 3899 3455 3970">
     <span class='ocr_line' id='line_1_80' title="bbox 1879 3899 3455 3970; baseline -0.002 -15"><span class='ocrx_word' id='word_1_484' title='bbox 1879 3900 2041 3955; x_wconf 88' lang='lat' dir='ltr'><strong>dibus</strong></span> <span class='ocrx_word' id='word_1_485' title='bbox 2074 3915 2136 3955; x_wconf 88' lang='lat' dir='ltr'><strong>os</strong></span> <span class='ocrx_word' id='word_1_486' title='bbox 2173 3909 2229 3955; x_wconf 91' lang='lat' dir='ltr'><strong>et</strong></span> <span class='ocrx_word' id='word_1_487' title='bbox 2270 3899 2440 3954; x_wconf 83' lang='lat' dir='ltr'><strong>facies</strong></span> <span class='ocrx_word' id='word_1_488' title='bbox 2481 3901 2562 3953; x_wconf 92' lang='lat' dir='ltr'><strong>eis</strong></span> <span class='ocrx_word' id='word_1_489' title='bbox 2595 3900 3015 3955; x_wconf 89' lang='lat' dir='ltr'><strong>contunduntur</strong></span> <span class='ocrx_word' id='word_1_490' title='bbox 3044 3918 3056 3953; x_wconf 90' lang='lat'><strong><em>:</em></strong></span> <span class='ocrx_word' id='word_1_491' title='bbox 3091 3910 3369 3970; x_wconf 87' lang='lat' dir='ltr'><strong>postremo</strong></span> <span class='ocrx_word' id='word_1_492' title='bbox 3404 3900 3455 3953; x_wconf 91' lang='lat' dir='ltr'><strong>iu</strong></span> 
     </span>
    </p>
   </div>
   <div class='ocr_carea' id='block_1_81' title="bbox 1880 3990 3463 4061">
    <p class='ocr_par' dir='ltr' id='par_1_81' title="bbox 1880 3990 3463 4061">
     <span class='ocr_line' id='line_1_81' title="bbox 1880 3990 3463 4061; baseline -0.001 -14"><span class='ocrx_word' id='word_1_493' title='bbox 1880 3993 2184 4047; x_wconf 85' lang='lat' dir='ltr'><strong>custodiam</strong></span> <span class='ocrx_word' id='word_1_494' title='bbox 2214 3991 2603 4047; x_wconf 89' lang='lat' dir='ltr'><strong>detruduntur.</strong></span> <span class='ocrx_word' id='word_1_495' title='bbox 2642 3992 2778 4045; x_wconf 92' lang='lat' dir='ltr'><strong>Cum</strong></span> <span class='ocrx_word' id='word_1_496' title='bbox 2820 4007 2947 4046; x_wconf 90' lang='lat' dir='ltr'><strong>vero</strong></span> <span class='ocrx_word' id='word_1_497' title='bbox 2984 4006 3077 4061; x_wconf 90' lang='lat' dir='ltr'><strong>per</strong></span> <span class='ocrx_word' id='word_1_498' title='bbox 3122 3992 3306 4061; x_wconf 88' lang='lat' dir='ltr'><strong>plures</strong></span> <span class='ocrx_word' id='word_1_499' title='bbox 3345 3990 3463 4046; x_wconf 80' lang='lat' dir='ltr'><strong>dies</strong></span> 
     </span>
    </p>
   </div>
   <div class='ocr_carea' id='block_1_82' title="bbox 1880 4082 3461 4154">
    <p class='ocr_par' dir='ltr' id='par_1_82' title="bbox 1880 4082 3461 4154">
     <span class='ocr_line' id='line_1_82' title="bbox 1880 4082 3461 4154; baseline -0.003 -15"><span class='ocrx_word' id='word_1_500' title='bbox 1880 4086 1997 4140; x_wconf 88' lang='lat' dir='ltr'><strong>sine</strong></span> <span class='ocrx_word' id='word_1_501' title='bbox 2032 4085 2154 4139; x_wconf 92' lang='lat' dir='ltr'><strong>cibo</strong></span> <span class='ocrx_word' id='word_1_502' title='bbox 2214 4085 2566 4150; x_wconf 82' lang='lat' dir='ltr'><strong>mansissent,</strong></span> <span class='ocrx_word' id='word_1_503' title='bbox 2627 4084 2847 4154; x_wconf 85' lang='lat' dir='ltr'><strong>cognita</strong></span> <span class='ocrx_word' id='word_1_504' title='bbox 2899 4099 3091 4138; x_wconf 90' lang='lat' dir='ltr'><strong>eorum</strong></span> <span class='ocrx_word' id='word_1_505' title='bbox 3154 4082 3461 4137; x_wconf 82' lang='lat' dir='ltr'><strong>constantia</strong></span> 
     </span>
    </p>
   </div>
   <div class='ocr_carea' id='block_1_83' title="bbox 1880 4175 3462 4243">
    <p class='ocr_par' dir='ltr' id='par_1_83' title="bbox 1880 4175 3462 4243">
     <span class='ocr_line' id='line_1_83' title="bbox 1880 4175 3462 4243; baseline -0.001 -12"><span class='ocrx_word' id='word_1_506' title='bbox 1880 4178 2084 4231; x_wconf 87' lang='lat' dir='ltr'><strong>milites</strong></span> <span class='ocrx_word' id='word_1_507' title='bbox 2135 4176 2376 4231; x_wconf 84' lang='lat' dir='ltr'><strong>carceris</strong></span> <span class='ocrx_word' id='word_1_508' title='bbox 2415 4177 2694 4241; x_wconf 86' lang='lat' dir='ltr'><strong>custodes,</strong></span> <span class='ocrx_word' id='word_1_509' title='bbox 2732 4175 2934 4231; x_wconf 91' lang='lat' dir='ltr'><strong>Christi</strong></span> <span class='ocrx_word' id='word_1_510' title='bbox 2990 4176 3152 4230; x_wconf 77' lang='lat' dir='ltr'><strong>[idem</strong></span> <span class='ocrx_word' id='word_1_511' title='bbox 3204 4190 3462 4243; x_wconf 88' lang='lat' dir='ltr'><strong>suscepe-</strong></span> 
     </span>
    </p>
   </div>
   <div class='ocr_carea' id='block_1_84' title="bbox 1881 4269 3464 4327">
    <p class='ocr_par' dir='ltr' id='par_1_84' title="bbox 1881 4269 3464 4327">
     <span class='ocr_line' id='line_1_84' title="bbox 1881 4269 3464 4327; baseline -0.003 -2"><span class='ocrx_word' id='word_1_512' title='bbox 1881 4282 2029 4327; x_wconf 88' lang='lat' dir='ltr'><strong>runt.</strong></span> <span class='ocrx_word' id='word_1_513' title='bbox 2089 4270 2222 4326; x_wconf 88' lang='lat' dir='ltr'><strong>Post</strong></span> <span class='ocrx_word' id='word_1_514' title='bbox 2280 4286 2309 4325; x_wconf 87' lang='lat' dir='ltr'><strong>e</strong></span> <span class='ocrx_word' id='word_1_515' title='bbox 2362 4271 2609 4326; x_wconf 88' lang='lat' dir='ltr'><strong>custodia</strong></span> <span class='ocrx_word' id='word_1_516' title='bbox 2665 4270 2881 4324; x_wconf 86' lang='lat' dir='ltr'><strong>eductis</strong></span> <span class='ocrx_word' id='word_1_517' title='bbox 2944 4284 3107 4324; x_wconf 85' lang='lat' dir='ltr'><strong>crura</strong></span> <span class='ocrx_word' id='word_1_518' title='bbox 3177 4269 3464 4324; x_wconf 83' lang='lat' dir='ltr'><strong>securibus</strong></span> 
     </span>
    </p>
   </div>
   <div class='ocr_carea' id='block_1_85' title="bbox 1884 4362 3459 4433">
    <p class='ocr_par' dir='ltr' id='par_1_85' title="bbox 1884 4362 3459 4433">
     <span class='ocr_line' id='line_1_85' title="bbox 1884 4362 3459 4433; baseline -0.005 -12"><span class='ocrx_word' id='word_1_519' title='bbox 1884 4375 2210 4421; x_wconf 87' lang='lat' dir='ltr'><strong>truncantur</strong></span> <span class='ocrx_word' id='word_1_520' title='bbox 2246 4384 2260 4421; x_wconf 87' lang='lat'><strong>:</strong></span> <span class='ocrx_word' id='word_1_521' title='bbox 2295 4373 2349 4419; x_wconf 89' lang='lat' dir='ltr'><strong>et</strong></span> <span class='ocrx_word' id='word_1_522' title='bbox 2367 4364 2630 4420; x_wconf 83' lang='lat' dir='ltr'><strong>continuo</strong></span> <span class='ocrx_word' id='word_1_523' title='bbox 2649 4364 2740 4418; x_wconf 88' lang='lat' dir='ltr'><strong>alii</strong></span> <span class='ocrx_word' id='word_1_524' title='bbox 2772 4364 2995 4433; x_wconf 84' lang='lat' dir='ltr'><strong>quidem</strong></span> <span class='ocrx_word' id='word_1_525' title='bbox 3030 4362 3329 4428; x_wconf 83' lang='lat' dir='ltr'><strong>exstincti;</strong></span> <span class='ocrx_word' id='word_1_526' title='bbox 3370 4362 3459 4426; x_wconf 56' lang='lat' dir='ltr'><strong>alii</strong></span> 
     </span>
    </p>
   </div>
   <div class='ocr_carea' id='block_1_86' title="bbox 1882 4452 3460 4524">
    <p class='ocr_par' dir='ltr' id='par_1_86' title="bbox 1882 4452 3460 4524">
     <span class='ocr_line' id='line_1_86' title="bbox 1882 4452 3460 4524; baseline -0.004 -15"><span class='ocrx_word' id='word_1_527' title='bbox 1882 4472 2011 4510; x_wconf 89' lang='lat' dir='ltr'><strong>vero</strong></span> <span class='ocrx_word' id='word_1_528' title='bbox 2044 4456 2233 4511; x_wconf 85' lang='lat' dir='ltr'><strong>adhuc-</strong></span> <span class='ocrx_word' id='word_1_529' title='bbox 2254 4457 2526 4524; x_wconf 83' lang='lat' dir='ltr'><strong>spirantes</strong></span> <span class='ocrx_word' id='word_1_530' title='bbox 2556 4454 2609 4508; x_wconf 91' lang='lat' dir='ltr'><strong>in</strong></span> <span class='ocrx_word' id='word_1_531' title='bbox 2635 4454 2916 4508; x_wconf 84' lang='lat' dir='ltr'><strong>ardentem</strong></span> <span class='ocrx_word' id='word_1_532' title='bbox 2944 4452 3225 4506; x_wconf 76' lang='lat' dir='ltr'><strong>fornacem</strong></span> <span class='ocrx_word' id='word_1_533' title='bbox 3252 4452 3460 4520; x_wconf 87' lang='lat' dir='ltr'><strong>injecti.</strong></span> 
     </span>
    </p>
   </div>
   <div class='ocr_carea' id='block_1_87' title="bbox 182 4545 1771 4617">
    <p class='ocr_par' dir='ltr' id='par_1_87' title="bbox 182 4546 1771 4617">
     <span class='ocr_line' id='line_1_87' title="bbox 182 4546 1771 4617; baseline 0.002 -21"><span class='ocrx_word' id='word_1_534' title='bbox 182 4548 263 4608; x_wconf 78' lang='grc' dir='ltr'><strong>είς</strong></span> <span class='ocrx_word' id='word_1_535' title='bbox 287 4546 527 4615; x_wconf 77' lang='grc' dir='ltr'>κάμινον</span> <span class='ocrx_word' id='word_1_536' title='bbox 554 4546 725 4614; x_wconf 85' lang='grc' dir='ltr'>πυρὸς</span> <span class='ocrx_word' id='word_1_537' title='bbox 758 4546 1150 4617; x_wconf 74' lang='grc' dir='ltr'>ἐμϐληθέντες,</span> <span class='ocrx_word' id='word_1_538' title='bbox 1182 4546 1598 4617; x_wconf 77' lang='grc' dir='ltr'>ἐτελειώθησαν,</span> <span class='ocrx_word' id='word_1_539' title='bbox 1640 4548 1771 4599; x_wconf 83' lang='grc' dir='ltr'>ἀπο-</span> 
     </span>
    </p>
   </div>
   <div class='ocr_carea' id='block_1_88' title="bbox 1877 4545 3462 4617">
    <p class='ocr_par' dir='ltr' id='par_1_88' title="bbox 1881 4545 3462 4617">
     <span class='ocr_line' id='line_1_88' title="bbox 1881 4545 3462 4617; baseline -0.002 -15"><span class='ocrx_word' id='word_1_540' title='bbox 1881 4547 2249 4603; x_wconf 89' lang='lat' dir='ltr'><strong>consummati</strong></span> <span class='ocrx_word' id='word_1_541' title='bbox 2300 4557 2449 4615; x_wconf 90' lang='lat' dir='ltr'><strong>sunt,</strong></span> <span class='ocrx_word' id='word_1_542' title='bbox 2509 4548 2845 4617; x_wconf 73' lang='lat' dir='ltr'><strong>accipientes.</strong></span> <span class='ocrx_word' id='word_1_543' title='bbox 2882 4554 3133 4615; x_wconf 87' lang='lat' dir='ltr'><strong>paratum</strong></span> <span class='ocrx_word' id='word_1_544' title='bbox 3180 4545 3283 4601; x_wconf 88' lang='lat' dir='ltr'><strong>sibi</strong></span> <span class='ocrx_word' id='word_1_545' title='bbox 3336 4553 3462 4599; x_wconf 80' lang='lat' dir='ltr'><strong>ante</strong></span> 
     </span>
    </p>
   </div>
   <div class='ocr_carea' id='block_1_89' title="bbox 181 4638 1778 4710">
    <p class='ocr_par' dir='ltr' id='par_1_89' title="bbox 181 4638 1778 4710">
     <span class='ocr_line' id='line_1_89' title="bbox 181 4638 1778 4710; baseline 0.005 -24"><span class='ocrx_word' id='word_1_546' title='bbox 181 4638 453 4699; x_wconf 71' lang='grc' dir='ltr'>λαϐόντες</span> <span class='ocrx_word' id='word_1_547' title='bbox 484 4638 584 4706; x_wconf 79' lang='grc' dir='ltr'>τὴν</span> <span class='ocrx_word' id='word_1_548' title='bbox 627 4640 1039 4709; x_wconf 81' lang='grc' dir='ltr'>ἡτοιμασμένην</span> <span class='ocrx_word' id='word_1_549' title='bbox 1074 4640 1258 4703; x_wconf 83' lang='grc' dir='ltr'>αὐτοῖς</span> <span class='ocrx_word' id='word_1_550' title='bbox 1308 4640 1415 4709; x_wconf 84' lang='grc' dir='ltr'><strong>πρὸ</strong></span> <span class='ocrx_word' id='word_1_551' title='bbox 1467 4639 1778 4710; x_wconf 75' lang='grc' dir='ltr'>καταϐολῆς</span> 
     </span>
    </p>
   </div>
   <div class='ocr_carea' id='block_1_90' title="bbox 183 4730 1492 4804">
    <p class='ocr_par' dir='ltr' id='par_1_90' title="bbox 183 4730 1492 4804">
     <span class='ocr_line' id='line_1_90' title="bbox 183 4730 1492 4804; baseline 0.005 -24"><span class='ocrx_word' id='word_1_552' title='bbox 183 4730 407 4799; x_wconf 77' lang='grc' dir='ltr'>κόσμου</span> <span class='ocrx_word' id='word_1_553' title='bbox 444 4731 595 4799; x_wconf 67' lang='grc' dir='ltr'>παρὰ</span> <span class='ocrx_word' id='word_1_554' title='bbox 617 4732 855 4802; x_wconf 83' lang='grc' dir='ltr'>Χριστοῦ</span> <span class='ocrx_word' id='word_1_555' title='bbox 892 4732 1161 4785; x_wconf 83' lang='grc' dir='ltr'>ἀθάνατον</span> <span class='ocrx_word' id='word_1_556' title='bbox 1194 4733 1492 4804; x_wconf 85' lang='grc' dir='ltr'>βασιλείαν.</span> 
     </span>
    </p>
   </div>
   <div class='ocr_carea' id='block_1_91' title="bbox 710 4849 1277 4919">
    <p class='ocr_par' dir='ltr' id='par_1_91' title="bbox 710 4849 1277 4919">
     <span class='ocr_line' id='line_1_91' title="bbox 710 4849 1277 4919; baseline 0.005 -20"><span class='ocrx_word' id='word_1_557' title='bbox 710 4849 889 4901; x_wconf 68' lang='lat' dir='ltr'><strong>sum</strong></span> <span class='ocrx_word' id='word_1_558' title='bbox 939 4849 1023 4919; x_wconf 77' lang='lat' dir='ltr'><strong>To</strong></span> <span class='ocrx_word' id='word_1_559' title='bbox 1073 4849 1277 4919; x_wconf 83' lang='grc' dir='ltr'>ΑΥΤῼ.</span> 
     </span>
    </p>
   </div>
   <div class='ocr_carea' id='block_1_92' title="bbox 931 4942 1011 4993">
    <p class='ocr_par' dir='ltr' id='par_1_92' title="bbox 931 4942 1011 4993">
     <span class='ocr_line' id='line_1_92' title="bbox 931 4942 1011 4993; baseline 0.013 -1"><span class='ocrx_word' id='word_1_560' title='bbox 931 4942 1011 4993; x_wconf 82' lang='lat' dir='ltr'><strong>IA&#39;</strong></span> 
     </span>
    </p>
   </div>
   <div class='ocr_carea' id='block_1_93' title="bbox 305 5033 1655 5103">
    <p class='ocr_par' dir='ltr' id='par_1_93' title="bbox 305 5033 1655 5103">
     <span class='ocr_line' id='line_1_93' title="bbox 305 5033 1655 5103; baseline 0.002 -16"><span class='ocrx_word' id='word_1_561' title='bbox 305 5036 602 5100; x_wconf 68' lang='grc' dir='ltr'>Ἀθλησις</span> <span class='ocrx_word' id='word_1_562' title='bbox 625 5033 729 5087; x_wconf 84' lang='grc' dir='ltr'><strong>τοῦ</strong></span> <span class='ocrx_word' id='word_1_563' title='bbox 761 5034 933 5102; x_wconf 71' lang='grc' dir='ltr'>ἁγίου</span> <span class='ocrx_word' id='word_1_564' title='bbox 957 5035 1263 5103; x_wconf 80' lang='grc' dir='ltr'>μάρτυρος</span> <span class='ocrx_word' id='word_1_565' title='bbox 1290 5035 1655 5103; x_wconf 82' lang='grc' dir='ltr'>Μαρκιανοῦ.</span> 
     </span>
    </p>
   </div>
   <div class='ocr_carea' id='block_1_94' title="bbox 250 5166 1777 5241">
    <p class='ocr_par' dir='ltr' id='par_1_94' title="bbox 250 5166 1777 5241">
     <span class='ocr_line' id='line_1_94' title="bbox 250 5166 1777 5241; baseline 0 -20"><span class='ocrx_word' id='word_1_566' title='bbox 250 5168 584 5236; x_wconf 81' lang='grc' dir='ltr'>Μαρκιανὸς</span> <span class='ocrx_word' id='word_1_567' title='bbox 634 5168 663 5217; x_wconf 88' lang='grc' dir='ltr'>ὁ</span> <span class='ocrx_word' id='word_1_568' title='bbox 704 5166 799 5219; x_wconf 87' lang='grc' dir='ltr'><strong>τοῦ</strong></span> <span class='ocrx_word' id='word_1_569' title='bbox 834 5168 1073 5237; x_wconf 80' lang='grc' dir='ltr'>Χριστοῦ</span> <span class='ocrx_word' id='word_1_570' title='bbox 1133 5167 1373 5240; x_wconf 79' lang='grc' dir='ltr'>μάρτυς,</span> <span class='ocrx_word' id='word_1_571' title='bbox 1419 5171 1668 5241; x_wconf 76' lang='grc' dir='ltr'>ὑπῆρχεν</span> <span class='ocrx_word' id='word_1_572' title='bbox 1713 5170 1777 5222; x_wconf 83' lang='grc' dir='ltr'>ὲκ</span> 
     </span>
    </p>
   </div>
   <div class='ocr_carea' id='block_1_95' title="bbox 180 5258 1779 5331">
    <p class='ocr_par' dir='ltr' id='par_1_95' title="bbox 180 5258 1779 5331">
     <span class='ocr_line' id='line_1_95' title="bbox 180 5258 1779 5331; baseline 0.002 -21"><span class='ocrx_word' id='word_1_573' title='bbox 180 5261 282 5328; x_wconf 69' lang='grc' dir='ltr'>τῆς</span> <span class='ocrx_word' id='word_1_574' title='bbox 333 5260 554 5323; x_wconf 84' lang='grc' dir='ltr'>πόλεως</span> <span class='ocrx_word' id='word_1_575' title='bbox 611 5258 858 5311; x_wconf 82' lang='grc' dir='ltr'>Ἰκονίου.</span> <span class='ocrx_word' id='word_1_576' title='bbox 892 5260 1033 5323; x_wconf 84' lang='grc' dir='ltr'>Νέος</span> <span class='ocrx_word' id='word_1_577' title='bbox 1062 5260 1117 5311; x_wconf 78' lang='grc' dir='ltr'>δὲ</span> <span class='ocrx_word' id='word_1_578' title='bbox 1171 5258 1246 5314; x_wconf 83' lang='grc' dir='ltr'><strong>ὢν</strong></span> <span class='ocrx_word' id='word_1_579' title='bbox 1274 5261 1530 5331; x_wconf 78' lang='grc' dir='ltr'>ἐδιδάχθη</span> <span class='ocrx_word' id='word_1_580' title='bbox 1559 5260 1657 5331; x_wconf 81' lang='grc' dir='ltr'>τὴν</span> <span class='ocrx_word' id='word_1_581' title='bbox 1698 5263 1779 5324; x_wconf 86' lang='grc' dir='ltr'><strong>είς</strong></span> 
     </span>
    </p>
   </div>
   <div class='ocr_carea' id='block_1_96' title="bbox 180 5349 1778 5425">
    <p class='ocr_par' dir='ltr' id='par_1_96' title="bbox 180 5349 1778 5425">
     <span class='ocr_line' id='line_1_96' title="bbox 180 5349 1778 5425; baseline 0 -18"><span class='ocrx_word' id='word_1_582' title='bbox 180 5349 434 5423; x_wconf 75' lang='grc' dir='ltr'>Χριστὸν</span> <span class='ocrx_word' id='word_1_583' title='bbox 465 5354 667 5406; x_wconf 80' lang='grc' dir='ltr'>πίστιν.</span> <span class='ocrx_word' id='word_1_584' title='bbox 706 5353 819 5405; x_wconf 76' lang='grc' dir='ltr'>Καὶ</span> <span class='ocrx_word' id='word_1_585' title='bbox 870 5352 1191 5421; x_wconf 76' lang='grc' dir='ltr'>βαπτισθεὶς</span> <span class='ocrx_word' id='word_1_586' title='bbox 1231 5355 1508 5425; x_wconf 77' lang='grc' dir='ltr'>ἐκήρυσσε</span> <span class='ocrx_word' id='word_1_587' title='bbox 1542 5354 1642 5422; x_wconf 76' lang='grc' dir='ltr'><strong>μὲν</strong></span> <span class='ocrx_word' id='word_1_588' title='bbox 1678 5354 1778 5425; x_wconf 80' lang='grc' dir='ltr'>τὴν</span> 
     </span>
    </p>
   </div>
   <div class='ocr_carea' id='block_1_97' title="bbox 181 5447 1779 5519">
    <p class='ocr_par' dir='ltr' id='par_1_97' title="bbox 181 5447 1779 5519">
     <span class='ocr_line' id='line_1_97' title="bbox 181 5447 1779 5519; baseline 0.001 -19"><span class='ocrx_word' id='word_1_589' title='bbox 181 5449 483 5518; x_wconf 73' lang='grc' dir='ltr'>ἀλήθειαν,</span> <span class='ocrx_word' id='word_1_590' title='bbox 513 5448 711 5517; x_wconf 69' lang='grc' dir='ltr'>ἤλεγχε</span> <span class='ocrx_word' id='word_1_591' title='bbox 756 5448 812 5499; x_wconf 79' lang='grc' dir='ltr'>δὲ</span> <span class='ocrx_word' id='word_1_592' title='bbox 847 5447 946 5517; x_wconf 83' lang='grc' dir='ltr'><strong>τὴν</strong></span> <span class='ocrx_word' id='word_1_593' title='bbox 975 5449 1085 5500; x_wconf 86' lang='grc' dir='ltr'>τῶν</span> <span class='ocrx_word' id='word_1_594' title='bbox 1122 5447 1359 5502; x_wconf 78' lang='grc' dir='ltr'>εἰδώλων</span> <span class='ocrx_word' id='word_1_595' title='bbox 1411 5450 1631 5519; x_wconf 87' lang='grc' dir='ltr'>ἀπάτην</span> <span class='ocrx_word' id='word_1_596' title='bbox 1682 5449 1779 5503; x_wconf 74' lang='grc' dir='ltr'><strong>καὶ</strong></span> 
     </span>
    </p>
   </div>
   <div class='ocr_carea' id='block_1_98' title="bbox 183 5538 1773 5613">
    <p class='ocr_par' dir='ltr' id='par_1_98' title="bbox 183 5538 1773 5613">
     <span class='ocr_line' id='line_1_98' title="bbox 183 5538 1773 5613; baseline 0.004 -22"><span class='ocrx_word' id='word_1_597' title='bbox 183 5542 282 5610; x_wconf 63' lang='grc' dir='ltr'><strong>τὴν</strong></span> <span class='ocrx_word' id='word_1_598' title='bbox 320 5538 639 5602; x_wconf 81' lang='grc' dir='ltr'>ἀσθένειαν,</span> <span class='ocrx_word' id='word_1_599' title='bbox 677 5542 772 5594; x_wconf 78' lang='grc' dir='ltr'>καὶ</span> <span class='ocrx_word' id='word_1_600' title='bbox 823 5543 950 5604; x_wconf 69' lang='grc' dir='ltr'>τοὺς</span> <span class='ocrx_word' id='word_1_601' title='bbox 986 5542 1384 5612; x_wconf 87' lang='grc' dir='ltr'>είδωλολάτρας</span> <span class='ocrx_word' id='word_1_602' title='bbox 1421 5543 1773 5613; x_wconf 79' lang='grc' dir='ltr'>ὲπεστόμιζε.</span> 
     </span>
    </p>
   </div>
   <div class='ocr_carea' id='block_1_99' title="bbox 188 5628 1777 5707">
    <p class='ocr_par' dir='ltr' id='par_1_99' title="bbox 188 5628 1777 5707">
     <span class='ocr_line' id='line_1_99' title="bbox 188 5628 1777 5707; baseline 0.003 -21"><span class='ocrx_word' id='word_1_603' title='bbox 188 5632 513 5705; x_wconf 69' lang='grc' dir='ltr'>Κρατηθεὶς</span> <span class='ocrx_word' id='word_1_604' title='bbox 559 5628 654 5686; x_wconf 75' lang='grc' dir='ltr'><strong>οὖν</strong></span> <span class='ocrx_word' id='word_1_605' title='bbox 702 5634 793 5685; x_wconf 79' lang='grc' dir='ltr'><strong>ὑπ’</strong></span> <span class='ocrx_word' id='word_1_606' title='bbox 839 5634 1039 5699; x_wconf 75' lang='grc' dir='ltr'>αὐτῶν,</span> <span class='ocrx_word' id='word_1_607' title='bbox 1097 5635 1373 5706; x_wconf 85' lang='grc' dir='ltr'>παρεδόθη</span> <span class='ocrx_word' id='word_1_608' title='bbox 1418 5634 1495 5707; x_wconf 84' lang='grc' dir='ltr'>τῷ</span> <span class='ocrx_word' id='word_1_609' title='bbox 1535 5636 1777 5707; x_wconf 79' lang='grc' dir='ltr'>ἄρχοντι.</span> 
     </span>
    </p>
   </div>
   <div class='ocr_carea' id='block_1_100' title="bbox 191 5723 1779 5797">
    <p class='ocr_par' dir='ltr' id='par_1_100' title="bbox 191 5723 1779 5797">
     <span class='ocr_line' id='line_1_100' title="bbox 191 5723 1779 5797; baseline 0.001 -19"><span class='ocrx_word' id='word_1_610' title='bbox 191 5728 300 5780; x_wconf 65' lang='grc' dir='ltr'>Καὶ</span> <span class='ocrx_word' id='word_1_611' title='bbox 366 5723 455 5787; x_wconf 85' lang='grc' dir='ltr'><strong>είς</strong></span> <span class='ocrx_word' id='word_1_612' title='bbox 506 5723 751 5792; x_wconf 71' lang='grc' dir='ltr'>ἐξέτασιν</span> <span class='ocrx_word' id='word_1_613' title='bbox 807 5726 1016 5796; x_wconf 75' lang='grc' dir='ltr'>ἀχθεὶς,</span> <span class='ocrx_word' id='word_1_614' title='bbox 1061 5725 1427 5797; x_wconf 77' lang='grc' dir='ltr'>ἠναγκάζετο,</span> <span class='ocrx_word' id='word_1_615' title='bbox 1490 5726 1622 5780; x_wconf 82' lang='grc' dir='ltr'>ποτὲ</span> <span class='ocrx_word' id='word_1_616' title='bbox 1682 5728 1779 5797; x_wconf 78' lang='grc' dir='ltr'>μὲν</span> 
     </span>
    </p>
   </div>
   <div class='ocr_carea' id='block_1_101' title="bbox 190 5818 1779 5893">
    <p class='ocr_par' dir='ltr' id='par_1_101' title="bbox 190 5818 1779 5893">
     <span class='ocr_line' id='line_1_101' title="bbox 190 5818 1779 5893; baseline 0.002 -21"><span class='ocrx_word' id='word_1_617' title='bbox 190 5818 531 5889; x_wconf 67' lang='grc' dir='ltr'>ὑποσχέσεσι</span> <span class='ocrx_word' id='word_1_618' title='bbox 576 5818 823 5891; x_wconf 68' lang='grc' dir='ltr'>φθαρτῆς</span> <span class='ocrx_word' id='word_1_619' title='bbox 880 5822 971 5874; x_wconf 67' lang='grc' dir='ltr'>καὶ</span> <span class='ocrx_word' id='word_1_620' title='bbox 1023 5820 1354 5892; x_wconf 84' lang='grc' dir='ltr'>προσκαίρου</span> <span class='ocrx_word' id='word_1_621' title='bbox 1404 5821 1592 5893; x_wconf 82' lang='grc' dir='ltr'>τιμῆς,</span> <span class='ocrx_word' id='word_1_622' title='bbox 1652 5821 1779 5875; x_wconf 75' lang='grc' dir='ltr'>ποτὲ</span> 
     </span>
    </p>
   </div>
   <div class='ocr_carea' id='block_1_102' title="bbox 1883 4638 3459 4696">
    <p class='ocr_par' dir='ltr' id='par_1_102' title="bbox 1883 4638 3459 4696">
     <span class='ocr_line' id='line_1_102' title="bbox 1883 4638 3459 4696; baseline -0.001 -3"><span class='ocrx_word' id='word_1_623' title='bbox 1883 4640 2069 4695; x_wconf 90' lang='lat' dir='ltr'><strong>mundi</strong></span> <span class='ocrx_word' id='word_1_624' title='bbox 2129 4641 2575 4696; x_wconf 83' lang='lat' dir='ltr'><strong>constitutionem</strong></span> <span class='ocrx_word' id='word_1_625' title='bbox 2632 4656 2662 4695; x_wconf 88' lang='lat' dir='ltr'><strong>a</strong></span> <span class='ocrx_word' id='word_1_626' title='bbox 2712 4639 2934 4695; x_wconf 90' lang='lat' dir='ltr'><strong>Christo</strong></span> <span class='ocrx_word' id='word_1_627' title='bbox 2996 4638 3307 4693; x_wconf 86' lang='lat' dir='ltr'><strong>immortale</strong></span> <span class='ocrx_word' id='word_1_628' title='bbox 3373 4653 3459 4692; x_wconf 85' lang='lat' dir='ltr'><strong>rc-</strong></span> 
     </span>
    </p>
   </div>
   <div class='ocr_carea' id='block_1_103' title="bbox 1882 4749 2072 4803">
    <p class='ocr_par' dir='ltr' id='par_1_103' title="bbox 1882 4749 2072 4803">
     <span class='ocr_line' id='line_1_103' title="bbox 1882 4749 2072 4803; baseline 0 -16"><span class='ocrx_word' id='word_1_629' title='bbox 1882 4749 2072 4803; x_wconf 91' lang='lat' dir='ltr'><strong>gnum.</strong></span> 
     </span>
    </p>
   </div>
   <div class='ocr_carea' id='block_1_104' title="bbox 2413 4844 2929 4901">
    <p class='ocr_par' dir='ltr' id='par_1_104' title="bbox 2413 4844 2929 4901">
     <span class='ocr_line' id='line_1_104' title="bbox 2413 4844 2929 4901; baseline 0.008 -4"><span class='ocrx_word' id='word_1_630' title='bbox 2413 4844 2638 4898; x_wconf 76' lang='lat' dir='ltr'><strong>EODEM</strong></span> <span class='ocrx_word' id='word_1_631' title='bbox 2678 4844 2929 4901; x_wconf 74' lang='lat' dir='ltr'><strong>MENSE.</strong></span> 
     </span>
    </p>
   </div>
   <div class='ocr_carea' id='block_1_105' title="bbox 2486 4936 2828 4991">
    <p class='ocr_par' dir='ltr' id='par_1_105' title="bbox 2486 4936 2828 4991">
     <span class='ocr_line' id='line_1_105' title="bbox 2486 4936 2828 4991; baseline 0.006 -5"><span class='ocrx_word' id='word_1_632' title='bbox 2486 4936 2579 4991; x_wconf 76' lang='lat' dir='ltr'><strong>Ille</strong></span> <span class='ocrx_word' id='word_1_633' title='bbox 2619 4939 2828 4991; x_wconf 84' lang='lat' dir='ltr'><strong>decima</strong></span> 
     </span>
    </p>
   </div>
   <div class='ocr_carea' id='block_1_106' title="bbox 2030 5027 3314 5103">
    <p class='ocr_par' dir='ltr' id='par_1_106' title="bbox 2030 5027 3314 5103">
     <span class='ocr_line' id='line_1_106' title="bbox 2030 5027 3314 5103; baseline -0.004 -16"><span class='ocrx_word' id='word_1_634' title='bbox 2030 5033 2187 5103; x_wconf 77' lang='lat'><strong>162</strong></span> <span class='ocrx_word' id='word_1_635' title='bbox 2222 5029 2497 5086; x_wconf 79' lang='lat' dir='ltr'><strong>Certamen</strong></span> <span class='ocrx_word' id='word_1_636' title='bbox 2530 5031 2703 5083; x_wconf 83' lang='lat' dir='ltr'><strong>sancti</strong></span> <span class='ocrx_word' id='word_1_637' title='bbox 2738 5029 2995 5099; x_wconf 76' lang='lat' dir='ltr'><strong>martyris</strong></span> <span class='ocrx_word' id='word_1_638' title='bbox 3029 5027 3314 5083; x_wconf 80' lang='lat' dir='ltr'><strong>Marciani.</strong></span> 
     </span>
    </p>
   </div>
   <div class='ocr_carea' id='block_1_107' title="bbox 1952 5156 3461 5240">
    <p class='ocr_par' dir='ltr' id='par_1_107' title="bbox 1952 5156 3461 5240">
     <span class='ocr_line' id='line_1_107' title="bbox 1952 5156 3461 5240; baseline -0.005 -15"><span class='ocrx_word' id='word_1_639' title='bbox 1952 5168 2157 5240; x_wconf 70' lang='lat' dir='ltr'><strong>Martyr</strong></span> <span class='ocrx_word' id='word_1_640' title='bbox 2186 5166 2393 5223; x_wconf 89' lang='lat' dir='ltr'><strong>Christi</strong></span> <span class='ocrx_word' id='word_1_641' title='bbox 2436 5156 2749 5221; x_wconf 82' lang='lat' dir='ltr'><strong>Marcianus</strong></span> <span class='ocrx_word' id='word_1_642' title='bbox 2800 5165 2979 5235; x_wconf 88' lang='lat' dir='ltr'><strong>patria</strong></span> <span class='ocrx_word' id='word_1_643' title='bbox 3028 5162 3352 5227; x_wconf 87' lang='lat' dir='ltr'><strong>lconiensis,</strong></span> <span class='ocrx_word' id='word_1_644' title='bbox 3392 5166 3461 5218; x_wconf 88' lang='lat' dir='ltr'><strong>ab</strong></span> 
     </span>
    </p>
   </div>
   <div class='ocr_carea' id='block_1_108' title="bbox 1884 5256 3458 5325">
    <p class='ocr_par' dir='ltr' id='par_1_108' title="bbox 1884 5256 3458 5325">
     <span class='ocr_line' id='line_1_108' title="bbox 1884 5256 3458 5325; baseline -0.006 -5"><span class='ocrx_word' id='word_1_645' title='bbox 1884 5262 2253 5320; x_wconf 85' lang='lat' dir='ltr'><strong>adolescentia</strong></span> <span class='ocrx_word' id='word_1_646' title='bbox 2302 5261 2460 5315; x_wconf 80' lang='lat' dir='ltr'><strong>ﬁdem</strong></span> <span class='ocrx_word' id='word_1_647' title='bbox 2507 5258 2714 5315; x_wconf 91' lang='lat' dir='ltr'><strong>Christi</strong></span> <span class='ocrx_word' id='word_1_648' title='bbox 2768 5258 2997 5313; x_wconf 88' lang='lat' dir='ltr'><strong>edoctus</strong></span> <span class='ocrx_word' id='word_1_649' title='bbox 3028 5268 3083 5312; x_wconf 82' lang='lat' dir='ltr'><strong>et</strong></span> <span class='ocrx_word' id='word_1_650' title='bbox 3126 5256 3458 5325; x_wconf 82' lang='lat' dir='ltr'><strong>baptizatus.</strong></span> 
     </span>
    </p>
   </div>
   <div class='ocr_carea' id='block_1_109' title="bbox 1882 5349 3453 5424">
    <p class='ocr_par' dir='ltr' id='par_1_109' title="bbox 1882 5349 3453 5424">
     <span class='ocr_line' id='line_1_109' title="bbox 1882 5349 3453 5424; baseline -0.007 -13"><span class='ocrx_word' id='word_1_651' title='bbox 1882 5358 2165 5413; x_wconf 84' lang='lat' dir='ltr'><strong>veritatem</strong></span> <span class='ocrx_word' id='word_1_652' title='bbox 2228 5353 2580 5424; x_wconf 66' lang='lat' dir='ltr'><strong>praedicabat,</strong></span> <span class='ocrx_word' id='word_1_653' title='bbox 2633 5360 2689 5406; x_wconf 89' lang='lat' dir='ltr'><strong>et</strong></span> <span class='ocrx_word' id='word_1_654' title='bbox 2752 5351 3027 5405; x_wconf 89' lang='lat' dir='ltr'><strong>idolorum</strong></span> <span class='ocrx_word' id='word_1_655' title='bbox 3077 5349 3453 5418; x_wconf 84' lang='lat' dir='ltr'><strong>deceptionem</strong></span> 
     </span>
    </p>
   </div>
   <div class='ocr_carea' id='block_1_110' title="bbox 1884 5441 3459 5515">
    <p class='ocr_par' dir='ltr' id='par_1_110' title="bbox 1884 5441 3459 5515">
     <span class='ocr_line' id='line_1_110' title="bbox 1884 5441 3459 5515; baseline -0.008 -10"><span class='ocrx_word' id='word_1_656' title='bbox 1884 5448 2425 5515; x_wconf 87' lang='lat' dir='ltr'><strong>imbecillitatemque</strong></span> <span class='ocrx_word' id='word_1_657' title='bbox 2481 5444 2839 5514; x_wconf 86' lang='lat' dir='ltr'><strong>rcdarguens,</strong></span> <span class='ocrx_word' id='word_1_658' title='bbox 2886 5442 3205 5496; x_wconf 87' lang='lat' dir='ltr'><strong>idololatras</strong></span> <span class='ocrx_word' id='word_1_659' title='bbox 3232 5441 3459 5495; x_wconf 87' lang='lat' dir='ltr'><strong>convin-</strong></span> 
     </span>
    </p>
   </div>
   <div class='ocr_carea' id='block_1_111' title="bbox 1883 5532 3455 5604">
    <p class='ocr_par' dir='ltr' id='par_1_111' title="bbox 1883 5532 3455 5604">
     <span class='ocr_line' id='line_1_111' title="bbox 1883 5532 3455 5604; baseline -0.006 -9"><span class='ocrx_word' id='word_1_660' title='bbox 1883 5541 2059 5597; x_wconf 88' lang='lat' dir='ltr'><strong>cebat.</strong></span> <span class='ocrx_word' id='word_1_661' title='bbox 2086 5541 2169 5595; x_wconf 85' lang='lat' dir='ltr'><strong>Ab</strong></span> <span class='ocrx_word' id='word_1_662' title='bbox 2201 5541 2309 5595; x_wconf 90' lang='lat' dir='ltr'><strong>illis</strong></span> <span class='ocrx_word' id='word_1_663' title='bbox 2344 5539 2546 5593; x_wconf 86' lang='lat' dir='ltr'><strong>idcirco</strong></span> <span class='ocrx_word' id='word_1_664' title='bbox 2567 5536 3019 5604; x_wconf 86' lang='lat' dir='ltr'><strong>comprehensus,</strong></span> <span class='ocrx_word' id='word_1_665' title='bbox 3049 5534 3263 5603; x_wconf 70' lang='grc' dir='ltr'>ρι’ωείἀὶ</span> <span class='ocrx_word' id='word_1_666' title='bbox 3290 5532 3455 5587; x_wconf 79' lang='lat' dir='ltr'><strong>tradi-</strong></span> 
     </span>
    </p>
   </div>
   <div class='ocr_carea' id='block_1_112' title="bbox 1887 5626 3458 5703">
    <p class='ocr_par' dir='ltr' id='par_1_112' title="bbox 1887 5626 3458 5703">
     <span class='ocr_line' id='line_1_112' title="bbox 1887 5626 3458 5703; baseline -0.006 -16"><span class='ocrx_word' id='word_1_667' title='bbox 1887 5644 1996 5696; x_wconf 89' lang='lat' dir='ltr'><strong>tur,</strong></span> <span class='ocrx_word' id='word_1_668' title='bbox 2027 5648 2056 5687; x_wconf 90' lang='lat' dir='ltr'><strong>a</strong></span> <span class='ocrx_word' id='word_1_669' title='bbox 2088 5648 2199 5703; x_wconf 92' lang='lat' dir='ltr'><strong>quo</strong></span> <span class='ocrx_word' id='word_1_670' title='bbox 2230 5630 2519 5701; x_wconf 59' lang='lat' dir='ltr'><strong>quaestioni</strong></span> <span class='ocrx_word' id='word_1_671' title='bbox 2552 5629 2853 5698; x_wconf 81' lang='lat' dir='ltr'><strong>subjectus,</strong></span> <span class='ocrx_word' id='word_1_672' title='bbox 2896 5626 3326 5696; x_wconf 86' lang='lat' dir='ltr'><strong>compellebatur</strong></span> <span class='ocrx_word' id='word_1_673' title='bbox 3352 5638 3458 5693; x_wconf 84' lang='lat' dir='ltr'><strong>qua</strong></span> 
     </span>
    </p>
   </div>
   <div class='ocr_carea' id='block_1_113' title="bbox 1885 5706 3457 5793">
    <p class='ocr_par' dir='ltr' id='par_1_113' title="bbox 1885 5706 3457 5793">
     <span class='ocr_line' id='line_1_113' title="bbox 1885 5706 3457 5793; baseline -0.006 -14"><span class='ocrx_word' id='word_1_674' title='bbox 1885 5742 2070 5780; x_wconf 85' lang='lat' dir='ltr'><strong>rerum</strong></span> <span class='ocrx_word' id='word_1_675' title='bbox 2109 5727 2437 5780; x_wconf 87' lang='lat' dir='ltr'><strong>caducarum</strong></span> <span class='ocrx_word' id='word_1_676' title='bbox 2475 5731 2637 5793; x_wconf 84' lang='lat' dir='ltr'><strong>atque</strong></span> <span class='ocrx_word' id='word_1_677' title='bbox 2667 5720 2981 5791; x_wconf 86' lang='lat' dir='ltr'><strong>temporarii</strong></span> <span class='ocrx_word' id='word_1_678' title='bbox 3038 5720 3259 5773; x_wconf 89' lang='lat' dir='ltr'><strong>honoris</strong></span> <span class='ocrx_word' id='word_1_679' title='bbox 3302 5706 3457 5786; x_wconf 84' lang='lat' dir='ltr'><strong>polli-</strong></span> 
     </span>
    </p>
   </div>
   <div class='ocr_carea' id='block_1_114' title="bbox 1888 5812 3459 5888">
    <p class='ocr_par' dir='ltr' id='par_1_114' title="bbox 1888 5812 3459 5888">
     <span class='ocr_line' id='line_1_114' title="bbox 1888 5812 3459 5888; baseline -0.007 -12"><span class='ocrx_word' id='word_1_680' title='bbox 1888 5818 2264 5883; x_wconf 84' lang='lat' dir='ltr'><strong>citationibus,</strong></span> <span class='ocrx_word' id='word_1_681' title='bbox 2311 5834 2416 5888; x_wconf 82' lang='lat' dir='ltr'><strong>qua</strong></span> <span class='ocrx_word' id='word_1_682' title='bbox 2472 5817 2655 5882; x_wconf 83' lang='lat' dir='ltr'><strong>Ininis,</strong></span> <span class='ocrx_word' id='word_1_683' title='bbox 2715 5830 2912 5887; x_wconf 83' lang='lat' dir='ltr'><strong>negare</strong></span> <span class='ocrx_word' id='word_1_684' title='bbox 2966 5812 3245 5869; x_wconf 84' lang='lat' dir='ltr'><strong>Christum</strong></span> <span class='ocrx_word' id='word_1_685' title='bbox 3296 5820 3459 5880; x_wconf 69' lang='lat' dir='ltr'><strong>atque</strong></span> 
     </span>
    </p>
   </div>
  </div>
