4190 6534
714 405 819 467 535

1969 407 2399 470 MENOLOGII
2440 414 2636 473 PARS
2677 415 2734 473 II
2749 416 2791 475 I.

3856 423 3963 485 536

715 517 876 570 idolis
919 515 1223 571 immolare.
1249 514 1497 586 Cumque
1528 527 1750 587 negaret
1772 532 1829 573 se
1861 517 1912 572 id
1944 519 2280 574 commissu-

2398 522 2444 576 se
2479 523 2753 588 ἀπειλαῖς,
2785 524 3127 594 ἀρνήσασθαι
3161 527 3260 596 μὲν
3295 528 3382 582 τὸν
3429 529 3685 599 Χριστὸν,
3714 529 3873 584 θῦσαι
3907 533 3966 584 δὲ

713 622 856 672 rum,
897 617 949 662 et
987 607 1231 676 praesidis
1282 608 1430 662 dicto
1482 609 1708 663 minime
1757 610 2155 679 acquiesceret,
2189 611 2282 665 sed

712 701 898 770 potius
926 715 1110 755 coram
1148 701 1349 770 populo
1387 701 1665 756 Christum
1701 702 2076 765 conﬁteretur,
2107 717 2284 758 caesus

714 797 768 846 in
797 807 1068 846 carcerem
1108 793 1436 847 detruditur.
1464 792 1585 847 Mox
1616 794 1835 848 vinctus
1866 792 1991 847 inde
2029 793 2281 857 eductus,

711 899 906 938 rursus
931 885 1150 952 praesidi
1185 885 1398 940 sistitur
1431 901 1445 939 :
1477 901 1711 955 cumque
1752 885 1806 938 in
1837 885 2028 940 eadem
2063 884 2283 940 conres-

712 976 867 1030 sione
891 995 972 1044 pe.
992 977 1222 1038 ..ἀίει-ει,
1248 977 1392 1031 ferro
1426 977 1596 1033 facies
1619 978 1737 1046 ejus
1765 979 2098 1048 depectitur,
2134 977 2283 1032 nervi

711 1066 1129 1133 interciiluntur,
1188 1077 1240 1124 et
1301 1069 1480 1141 gladio
1536 1071 1718 1139 lingua
1772 1079 2076 1140 amputata,
2123 1084 2286 1138 super

710 1160 965 1214 ardentes
999 1161 1264 1216 carbones
1293 1160 1609 1230 deponitur.
1635 1161 1918 1217 Postremo
1952 1161 2284 1227 decollatns,

712 1253 959 1324 martyrii
988 1269 1212 1310 cursum
1249 1255 1674 1309 consummavit.

712 1551 785 1608 Et
838 1555 1094 1608 memoria
1133 1555 1379 1608 miraculi
1413 1554 1796 1677 [celeberrimae
1857 1554 2106 1623 martyris
2173 1551 2287 1606 Eu~

1377 1641 1616 1677 oremus.

1377 1641 1616 1694 pnemue.

830 1735 1097 1791 heodosio
1139 1736 1363 1808 juniore
1403 1737 1727 1806 imperante,
1780 1735 1984 1806 prodiit
2016 1733 2288 1806 Eutyches

711 1829 1016 1883 monachus
1045 1837 1098 1882 et
1136 1826 1442 1898 presbyter,
1491 1827 1766 1882 haereseos
1815 1833 2027 1891 auctor,
2081 1827 2286 1881 docens

2389 618 2502 679 τοῖς
2550 615 2808 679 είδώλοις.
2846 616 2936 686 Μὴ
2983 618 3226 682 πεισθεὶς
3286 619 3343 672 δὲ
3393 622 3508 683 τοῖς
3555 620 3656 673 τοῦ
3704 622 3968 692 ἄρχοντος

2389 707 2590 776 λόγοις,
2645 709 2781 762 ἀλλά
2838 709 3037 777 μᾶλλον
3075 707 3304 763 ἐνώπιον
3341 712 3515 782 δήμου
3575 713 3668 766 τὸν
3730 715 3970 782 Χριστὸν

2390 800 2757 870 ὁμολογήσας,
2803 799 3026 868 τυφθεὶς
3054 800 3391 873 ἀπεκλείσθη
3425 805 3504 866 είς
3547 803 3815 874 φυλακήν.
3855 806 3969 858 Καὶ

2395 892 2532 960 μετὰ
2563 891 2721 944 τοῦτο
2754 891 2853 961 τῆς
2903 891 3156 962 φυλακῆς
3191 893 3412 964 δέσμιος
3455 893 3706 959 ἐξελθὼν,
3745 897 3838 948 καὶ
3888 896 3970 964 τῷ

2391 983 2611 1053 ἄρχοντι
2670 982 2982 1054 παραστὰς,
3027 983 3254 1054 καὶτῆς
3289 985 3458 1054 αὐτῆς
3509 985 3798 1055 ὁμολογίας
3839 986 3974 1056 ἐχό-

2397 1091 2578 1143 μενος,
2613 1073 2807 1145 ἐξέσθη
2837 1074 2899 1128 τὺ
2929 1076 3218 1148 πρόσωπον
3267 1077 3504 1146 σιδήροις
3525 1095 3538 1108 ·
3573 1079 3666 1132 καὶ
3704 1078 3770 1132 τὰ
3798 1078 3970 1149 νεῦρα

2391 1165 2641 1234 διεκόπη,
2677 1167 2770 1220 καὶ
2791 1168 2857 1238 τῇ
2898 1164 3144 1237 μαχαίρᾳ
3167 1165 3266 1237 τὴν
3300 1165 3557 1235 γλῶσσαν
3587 1169 3842 1238 ἐξεκόπη,
3876 1172 3974 1222 καὶ

2394 1257 2485 1309 ἐπὶ
2538 1256 2781 1329 ἐσχάρας
2831 1258 3346 1328 πεπυρακτωμένης
3394 1259 3575 1331 ἐτέθη.
3651 1262 3760 1314 Καὶ
3816 1262 3976 1323 τέλος

2395 1345 2537 1413 ξίφει
2567 1345 2667 1417 τὴν
2721 1346 2964 1418 κεφαλὴν
2994 1347 3358 1418 ἀποτμηθεὶς,
3397 1349 3488 1402 τὸν
3536 1348 3633 1404 τοῦ
3668 1353 3977 1422 μαρτυρίου

2393 1436 2593 1506 δρόμον
2621 1436 2963 1508 ἐπλήρωσεν.

2393 1548 2502 1600 Καὶ
2553 1546 2911 1625 ἀνάμνησις-
2961 1551 3070 1606 τοῦ
3126 1555 3457 1625 ,γεγονότος
3509 1557 3801 1624 θαύματος
3859 1557 3978 1625 τῆς

2635 1621 3034 1704 πανευφιήμου
3057 1621 3356 1691 μάρτυρος
3387 1621 3719 1694 Εὐφημίας.

2478 1729 2603 1785 Ἐπὶ
2627 1733 2728 1804 τῆς
2758 1733 3036 1803 βασιλείας
3061 1735 3342 1790 Θεοδοσίου
3369 1738 3588 1808 μικροῦ,
3614 1740 3859 1809 Εὑτυχής
3889 1756 3976 1801 τις

2400 1824 2630 1895 μοναχὸς
2661 1825 2754 1878 καὶ
2781 1825 3156 1896 πρεσϐύτερος
3183 1827 3406 1893 γέγονεν
3426 1829 3689 1898 αἱρέσεως
3709 1830 3976 1898 ἀρχηγὸς,

712 1920 933 1977 Christo
971 1920 1202 1974 Domino
1243 1928 1432 1974 nostro
1463 1935 1628 1974 unam
1665 1928 1916 1973 naturam
1954 1919 2154 1972 inesse.
2188 1916 2287 1971 Se—

2398 1916 2560 1983 λέγων
2590 1917 2680 1968 ἐπὶ
2719 1917 2955 1988 Χριστοῦ
2989 1917 3191 1988 Κυρίου
3217 1917 3375 1988 ἡμῶν
3407 1920 3537 1989 μίαν
3581 1919 3764 1988 φύσιν.
3822 1920 3984 1974 Καθ-

713 2023 971 2082 gregattls
1015 2011 1223 2065 idcirco
1271 2025 1301 2065 e
1350 2009 1592 2064 lidelium
1643 2010 2036 2065 communione
2083 2025 2112 2064 a
2160 2008 2287 2064 Fla-

714 2105 876 2159 viano
925 2104 1531 2172 Constantinopolitano
1552 2099 1919 2174 ‘patriarcha,
1957 2118 2064 2156 non
2105 2112 2287 2155 tamen

713 2199 955 2252 cessavit
989 2199 1288 2254 Ecclesiam
1311 2201 1656 2269 perturbare.
1685 2199 1818 2253 Cum
1846 2207 2028 2252 autem
2067 2208 2291 2251 sanctus

715 2289 1027 2343 Marcianus
1074 2290 1361 2358 imperium
1411 2290 1646 2357 adeptus
1690 2288 1962 2358 synodum
1999 2294 2290 2342 sexcento-

717 2397 836 2433 rutn
862 2397 922 2434 ac
951 2382 1175 2450 triginta
1209 2381 1430 2435 Patrum
1464 2391 1844 2446 convocassct,
1879 2388 1932 2435 ct
1969 2395 2093 2436 cum
2118 2381 2291 2434 haere-

718 2473 839 2528 ticis
879 2475 1298 2543 disceptaretur,
1346 2474 1552 2543 placuit
1589 2475 1882 2538 universis,
1908 2472 2049 2527 duos
2089 2481 2288 2537 tomos,

717 2567 942 2620 alterum
986 2568 1442 2626 orthodororum,
1495 2566 1726 2619 alterum
1771 2565 2153 2620 haereticorum
2199 2581 2293 2618 ex-

719 2660 864 2726 poni,
923 2673 1218 2730 apertaque
1274 2660 1532 2729 martyris
1588 2675 1747 2723 urna,
1808 2667 1982 2712 tomos
2047 2658 2292 2725 ejusdem

719 2752 922 2821 pectori
979 2752 1376 2820 superimponi,
1429 2759 1484 2804 et
1522 2751 1590 2804 ab
1645 2749 1735 2802 illa
1772 2749 2059 2819 probatum
2098 2747 2289 2802 teneri.

724 2845 877 2915 163
922 2845 1036 2900 l‘loc
1080 2843 1222 2898 laeto
1255 2855 1378 2912 post
1423 2859 1518 2899 sex
1565 2844 1682 2898 dies
1732 2858 1928 2897 urnam
1957 2850 2290 2904 rescrantes,

719 2946 1042 3006 repererunt
1079 2937 1458 2990 hazreticorum
1488 2936 1707 3004 quidem
1747 2944 1956 2989 tomum
1999 2934 2102 2989 sub
2130 2933 2293 3004 pedi-

719 3030 821 3082 bus
873 3029 990 3096 ejus
1049 3029 1310 3095 positum,
1369 3027 1805 3081 orthodoxorum
1858 3041 1989 3080 vero
2047 3027 2294 3094 ejusdem

720 3137 882 3174 inann
929 3120 1180 3176 retineri.
1219 3120 1397 3189 Atque
1452 3121 1526 3173 ita
1585 3119 1830 3173 hzeretici
1879 3116 2093 3173 confusi
2143 3124 2292 3180 sunt,

718 3213 1014 3268 orthodoxi
1058 3227 1187 3267 vero
1219 3227 1438 3267 summo
1473 3213 1674 3283 gaudio
1700 3210 1904 3266 affecti.

955 3419 1024 3474 Et
1055 3430 1317 3474 certamen
1346 3419 1517 3472 sancti
1548 3416 1752 3472 Cindazi
1790 3414 2060 3484 martyris.

795 3530 996 3601 Martyr
1029 3528 1230 3585 Christi
1271 3529 1524 3582 Cindaeus
1548 3528 1831 3598 presbyter
1865 3523 2113 3578 ecclesia:
2146 3523 2298 3576 urbis

725 3626 903 3687 Sides,
934 3623 1267 3692 imperatore
1308 3621 1666 3684 Diocletiano,
1700 3621 1910 3674 delatus
1942 3617 2082 3687 apud
2138 3615 2296 3669 Stra-

723 3719 969 3771 tenicum
1005 3716 1347 3785 praafectum,
1385 3714 1529 3783 quod
1578 3713 1857 3767 Christum
1889 3712 2113 3774 coleret,
2145 3723 2297 3763 com-

724 3811 1024 3880 prehensus
1056 3817 1140 3863 est
1175 3827 1187 3861 :
1222 3817 1276 3861 et
1302 3804 1693 3861 calceamentis
1719 3803 1912 3858 ferreis
1934 3802 2108 3856 aeutis
2128 3799 2298 3854 clavis

723 3901 954 3956 conﬁxis
998 3901 1297 3964 calceatus,
1344 3909 1507 3968 atque
1557 3914 1584 3954 a
1627 3897 1917 3951 lictoribus
1958 3894 2296 3958 verberatus,

725 4007 946 4047 currere
994 3991 1340 4060 compellitur
1391 4005 1484 4057 per
1522 3989 1686 4049 riam,
1722 4002 1843 4056 quze
1873 3985 2026 4039 ducit
2050 3984 2115 4038 ad
2152 3998 2297 4044 eam,

723 4097 888 4152 quam
945 4091 1143 4136 vocant
1202 4081 1427 4134 Sacram
1487 4077 1724 4132 Portam.
1779 4078 2030 4146 Cumque
2081 4075 2299 4129 lictores

727 4175 1043 4228 mandatum
1077 4172 1366 4236 haberent,
1411 4179 1470 4224 ut
1513 4185 1635 4224 etim
1687 4170 1926 4223 ﬂammis
1962 4167 2299 4229 addicerent,

725 4267 941 4320 obviam
975 4265 1105 4318 laeti
1132 4263 1352 4319 cuidam
1384 4261 1627 4332 pauperi,
1659 4262 1752 4331 qni
1789 4261 2064 4328 lignorum
2091 4271 2300 4312 Struem

727 4359 1046 4421 fcrcbat,'put
1074 4357 1162 4410 illa
1191 4356 1408 4411 vendita
1431 4357 1612 4409 cibum
1652 4354 1757 4408 sibi
1793 4361 2171 4422 compararet,
2207 4366 2303 4405 vo-

727 4451 908 4503 lebant
953 4464 1074 4503 eam
1117 4449 1304 4503 tollere
1353 4463 1459 4502 non
1495 4448 1673 4502 soluto
1710 4448 1907 4515 pretio,
1959 4455 2013 4500 et
2051 4454 2300 4499 sanctum

725 4540 1074 4594 comburere.
1104 4539 1174 4594 At
1210 4538 1300 4592 ille
1334 4537 1567 4606 pretium
1590 4535 1815 4605 pauperi
1849 4534 1996 4588 dedit
2029 4549 2042 4587 :
2077 4540 2131 4586 et
2161 4531 2303 4601 lirjna

731 4634 976 4688 humeris
1017 4632 1132 4687 suis
1186 4631 1496 4700 imponens,
1549 4629 1614 4682 ad
1657 4628 1842 4681 locum
1894 4623 2144 4695 supplicii
2179 4638 2306 4693 per-

733 4727 893 4790 rexit,
943 4738 1350 4792 accensumque
1389 4737 1578 4790 rogum
1634 4719 1820 4772 subiit.
1858 4718 1963 4772 Sed
2018 4715 2310 4770 incolumis

729 4819 992 4881 evadens,
1027 4816 1366 4870 sacerdotem
1412 4813 1680 4867 idolorum
1715 4826 1819 4864 una
1851 4826 1974 4865 cum
2017 4823 2188 4863 uxore
2213 4807 2309 4872 jn-

733 4909 910 4974 duxit,
947 4916 1007 4961 ut
1037 4907 1240 4962 Christi
1287 4906 1448 4960 [idem
1479 4903 1960 4974 amplecterentur.
1992 4899 2220 4954 Demum
2255 4900 2310 4953 in

732 5001 986 5055 oratione
1019 5000 1275 5070 spiritum
1312 4997 1569 5052 reddidit.
1617 4996 1745 5066 Ejus
1772 5010 1901 5049 vero
1930 4993 2172 5064 reliquiae
2210 4993 2308 5046 ho-

733 5090 961 5146 noriﬁce
989 5089 1224 5144 conditae
1259 5097 1404 5143 sunt.

1265 5302 1495 5358 EODEM
1538 5302 1584 5358 Μ
1593 5302 1785 5358 ENSE.

1275 5395 1371 5450 Die
1415 5397 1735 5451 duodecima

735 5487 1014 5542 Certamen
1051 5497 1359 5542 sanctorum
1409 5498 1706 5561 martyrum
1750 5487 1930 5541 Procli
1984 5495 2032 5539 et
2085 5483 2308 5538 Hilarii.

809 5670 1042 5724 Proeliis
1097 5681 1152 5724 et
1203 5670 1443 5726 Hilarius
1497 5670 1703 5726 Christi
1751 5678 2022 5738 martyres
2067 5683 2130 5721 ex
2180 5667 2311 5720 urbe

746 5764 960 5834 Ancyra
997 5763 1252 5830 oriundi,
1315 5763 1555 5834 Trajano
1609 5765 1932 5835 imperante,
1978 5778 2102 5817 cum
2150 5761 2311 5815 Chri-

741 5854 905 5911 stiani
929 5865 1130 5920 essent,
1157 5855 1546 5926 Christumque
1583 5858 1964 5928 praedicantes,
1998 5855 2311 5924 complures

2389 2008 2627 2079 αιρεθεὶς
2652 2005 2744 2063 οὖν
2794 2010 2884 2063 διὰ
2916 2011 3074 2064 τοῦτο
3097 2013 3206 2065 ὑπὸ
3236 2013 3537 2067 Φλαϐιανοῦ
3567 2013 3660 2067 τοῦ
3687 2015 3981 2066 Κωνστανο

2391 2101 2754 2165 τινουπόλεως
2804 2104 3186 2174 πατριάρχου,
3236 2106 3384 2175 ὅμως
3437 2106 3538 2158 οὐκ
3588 2105 3825 2158 ἐπαύετο
3876 2103 3984 2156 τοῦ

2393 2194 2690 2263 ταράσσειν
2734 2195 2833 2256 τὴν
2876 2196 3224 2265 Ἐκκλησίαν.
3257 2199 3556 2268 Κρατήσας
3587 2196 3643 2248 δὲ
3682 2196 3782 2264 τῆς
3818 2195 3981 2264 βασι-

2393 2285 2542 2348 λείας
2579 2289 2607 2340 ὁ
2637 2288 2694 2339 ἐν
2746 2286 2923 2354 ἁγίοις
2961 2287 3302 2358 Μαρκιανὸς,
3353 2287 3712 2352 ἐξεκαλέσατο
3758 2287 3982 2338 σύνοδον

2395 2378 2692 2445 ἑξακοσίων
2720 2380 3013 2450 τριάκοντα
3066 2381 3352 2448 Πατέρων.
3393 2381 3503 2433 Καὶ
3537 2379 3835 2448 γενομένης
3872 2379 3980 2446 ζη-

2394 2471 2607 2539 τήσεως
2630 2471 2769 2540 μετᾶ
2790 2470 2898 2522 τῶν
2924 2471 3242 2540 αἱρετικών,
3270 2471 3434 2540 ἤρεσε
3470 2472 3657 2534 πᾶσιν,
3689 2468 3980 2534 ἐκτεθῆναι

2395 2562 2489 2614 δύο
2527 2563 2750 2632 τόμους,
2785 2563 2884 2616 ’ἐνα
2916 2563 3026 2616 τῶν
3058 2562 3380 2632 ὀρθοδόξων,
3423 2563 3515 2615 καὶ
3550 2562 3644 2614 ’ἑνα
3670 2561 3776 2614 τῶν
3824 2562 3980 2628 etips-

2395 2654 2596 2708 τικῶν’
2635 2657 2727 2707 καὶ
2771 2656 3055 2725 ἀνοιγῆναι
3103 2656 3199 2726 τὴν
3230 2655 3474 2726 λάρνακα
3517 2655 3615 2723 τῆς
3672 2653 3979 2723 μάρτυρος,

2405 2752 2501 2804 καὶ
2529 2751 2753 2820 τεθῆναι
2777 2753 2904 2815 τοὺς
2929 2751 3130 2821 τόμους
3161 2751 3251 2803 ἐπὶ
3274 2749 3366 2802 τοῦ
3402 2747 3631 2818 στήθους
3664 2747 3851 2814 αὐτῆς,
3883 2745 3982 2795 καὶ

2395 2844 2486 2897 τὸν
2520 2843 2888 2914 ἐκϐησόμενον
2917 2844 3044 2914 παρ’
3069 2843 3282 2912 ἐκείνης
3305 2841 3592 2913 κρατῦναι.
3645 2839 3752 2893 Καὶ
3780 2837 3982 2889 τούτου

2397 2936 2721 3006 γενομένου,
2777 2936 2915 3005 μετὰ
2956 2937 3017 2987 οὐ
3051 2935 3248 2997 πολλὰς
3282 2935 3379 2996 τὰς
3410 2933 3625 3003 ἡμέρας
3664 2929 3981 2992 ἀνοίξαντες

2397 3029 2493 3101 τὴν
2540 3028 2810 3100 λάρνακα,
2853 3023 3012 3099 εὗρον
3042 3028 3135 3080 τὸν
3170 3027 3267 3097 μὲν
3298 3025 3406 3079 τῶν
3464 3023 3759 3096 αἱρετικῶν
3809 3022 3982 3090 τόμον

2399 3121 2504 3174 ὑπὸ
2533 3123 2658 3184 τοὺς
2691 3121 2857 3184 πόδας
2897 3120 3066 3189 αὐτῆς
3094 3120 3385 3188 κείμενον,
3416 3117 3508 3171 τὸν
3537 3117 3594 3168 δὲ
3623 3115 3730 3168 τῶν
3764 3112 3983 3181 (4.0066-

2322 3242 2363 3298 C
2400 3214 2504 3280 ξων
2537 3217 2593 3268 ἐν
2620 3217 2684 3285 τῇ
2719 3216 2859 3286 χειρὶ
2904 3213 3288 3283 κατεχόμενον.
3320 3212 3430 3264 Καὶ
3457 3209 3598 3263 οὕτω
3638 3212 3734 3276 μὲν
3771 3203 3982 3278 ᾐσχύν-

2401 3310 2575 3377 θησαν
2605 3309 2654 3359 οἱ
2686 3307 2982 3380 αἱρετικοὶ,
3010 3303 3396 3375 εὐφράνθησαν
3425 3303 3481 3356 δὲ
3512 3303 3560 3354 οἱ
3598 3299 3892 3370 ὀρθόδοξτι.

2493 3424 2597 3478 Καὶ
2635 3423 2894 3492 ἄθλησις
2921 3422 3024 3476 τοῦ
3059 3423 3233 3492 ἁγίου
3253 3419 3559 3489 μάρτυρος
3588 3414 3895 3470 Κινδαίου.

2485 3537 2543 3588 '0
2578 3535 2671 3588 τοῦ
2700 3533 2938 3607 Χριστοῦ
2975 3535 3189 3604 μάρτυς
3224 3533 3476 3594 Κινδαίος
3506 3526 3573 3600 ἦν
3613 3530 3710 3598 μὲν
3742 3526 3983 3598 πρεσϐύ-

2401 3647 2559 3701 τερος
2590 3629 2689 3699 τῆς
2716 3631 2774 3681 ἐν
2801 3630 2928 3700 Σίδῃ
2958 3632 3023 3700 τῇ
3073 3629 3226 3681 πόλει
3277 3625 3612 3696 ἐκκλησίαςο
3656 3622 3751 3676 ἐπὶ
3783 3622 3841 3674 δὲ
3883 3619 3987 3688 τῆς

2405 3723 2681 3793 βασιλείας
2727 3721 3118 3790 Διοκλητιανοῦ
3175 3716 3585 3788 καταμηνυθεὶς
3639 3711 3988 3782 Στρατονίκῳ

2403 3815 2480 3884 τῷ
2535 3814 2788 3885 ἡγεμόνι,
2835 3814 2914 3866 ὅτι
2981 3811 3071 3865 τὸν
3118 3810 3354 3881 Χριστὸν
3397 3807 3638 3868 σέϐεται,
3674 3801 3983 3874 ἐκρατήθη·

2405 3909 2499 3960 καὶ
2530 3905 2811 3966 ύποδεθεὶς
2861 3903 3190 3973 ὑποδήματα
3231 3901 3424 3975 σιδηρᾶ
3455 3898 3591 3968 μετὰ
3617 3896 3762 3965 ἥλων
3791 3893 3983 3958 ὀξέων,

2401 3995 2725 4067 ἠναγκάσθη
2766 3996 2982 4065 τρέχειν
3035 3994 3178 4046 κατὰ
3233 3990 3331 4060 τὴν
3389 3991 3506 4044 eam
3562 3989 3661 4056 τὴν
3709 3985 3986 4054 ςέρουσαν

2405 4093 2541 4158 πρὸς
2572 4089 2668 4160 τὴν
2694 4088 2999 4156 λεγομένην
3038 4085 3212 4155 Ἱερὰν
3256 4085 3464 4154 Πύλην,
3509 4081 3845 4148 τυπτόμενος
3879 4078 3986 4128 ὑπὸ

2404 4179 2513 4233 τῶν
2546 4178 2777 4248 δημίων.
2827 4175 2980 4228 Ἐπεὶ
3030 4175 3088 4228 δὲ
3123 4175 3455 4243 πρόσταγμα
3503 4168 3647 4238 εἶχον
3697 4169 3748 4220 οἱ
3799 4166 3986 4235 δήμιοι

2405 4271 2606 4324 καῦσαι
2652 4269 2834 4330 αὐτὸν,
2911 4269 3223 4338 ὑπήντησαν
3273 4265 3331 4318 δέ
3389 4281 3494 4316 τινι
3523 4263 3714 4330 πένητι
3763 4259 3986 4328 φορτίον

2408 4359 2747 4432 βαστάζοντα
2796 4359 2991 4423 ξύλων,
3044 4357 3292 4428 μέλλοντι
3344 4355 3486 4408 αὐτὰ
3544 4351 3818 4420 πωλῆσαι,
3890 4349 3989 4401 καὶ

2405 4455 2708 4524 τραφῆναι·
2745 4453 2840 4504 καὶ
2870 4450 3152 4503 ἐϐούλοντο
3179 4449 3432 4517 ἁρπάσαι
3459 4447 3688 4514 δωρεὰν,
3718 4445 3814 4496 καὶ
3846 4443 3986 4496 καῦ-

2414 4563 2504 4599 σαι
2538 4543 2629 4596 τὸν
2653 4543 2807 4610 ἅγιον
2832 4557 2844 4569 ·
2882 4542 3043 4605 αὐτὸς
3074 4542 3129 4594 δέ
3151 4539 3399 4592 ἐκϐαλὼν
3423 4540 3482 4590 τὸ
3513 4537 3753 4606 τίμημα,
3785 4537 3987 4588 δέδωκε

2411 4639 2487 4709 τῷ
2520 4638 2732 4707 πένητι,
2771 4637 2863 4689 καὶ
2908 4635 3021 4697 θεὶς
3072 4634 3140 4687 τὰ
3181 4633 3312 4699 ξύλα
3341 4633 3432 4684 ἐπὶ
3462 4633 3569 4682 τῶν
3618 4629 3763 4681 ἰδίων
3794 4628 3986 4696 ὤμων,

2415 4727 2683 4781 κατέλαϐε
2715 4725 2806 4778 τὸν
2826 4725 2989 4777 τόπον
3007 4726 3103 4793 τῆς
3132 4720 3485 4782 τελειώσεως.
3515 4719 3625 4772 Καὶ
3654 4717 3989 4784 ἀναφθείσης

2413 4819 2670 4889 καμίνου,
2725 4817 2974 4886 εἰσῆλθεν
3011 4817 3068 4866 ἐν
3120 4814 3256 4884 αὐτῇ
3283 4830 3295 4841 ·
3333 4813 3426 4864 καὶ
3460 4812 3578 4863 τότε
3621 4809 3719 4878 μὲν
3755 4808 3989 4870 ἐξελθὼν

2413 4912 2681 4982 ἀϐλαϐὴς,
2746 4909 3126 4977 παρεσκεύασε
3173 4906 3264 4958 τὸν
3294 4903 3447 4974 ίερέα
3495 4901 3572 4971 τῷ
3616 4899 3850 4951 εἰδώλων
3893 4899 3988 4950 σὺν

2412 5009 2477 5075 τῇ
2512 5003 2732 5072 γυναικὶ
2755 5001 2922 5055 αὐτοῦ
2975 4997 3263 5052 πιστεῦσαι
3307 4993 3544 5064 Χριστῷ.
3603 4991 3870 5060 ’Υστερον
3932 4990 3988 5041 δὲ

2416 5101 2710 5168 εὐξάμενος
2751 5098 3036 5164 παρέδωκε
3069 5095 3161 5147 ντὸ
3209 5092 3450 5160 πνεῦμα.
3504 5088 3578 5139 Τὸ
3631 5086 3688 5138 δὲ
3739 5086 3988 5152 λείψανον

2416 5191 2580 5244 αὐτοῦ
2620 5190 2796 5270 ἐτάφη
2827 5189 2939 5241 ἐντί
2948 5205 3082 5258 μως.

2921 5301 3101 5355 MllNl
3144 5300 3231 5368 Τῼ
3273 5299 3472 5370 ΑΥΤῼ.

3152 5392 3230 5444 ΙΒ¹

2418 5488 2712 5552 Ἀθλησις
2777 5482 2893 5535 τῶν
2949 5475 3162 5605 ἁγίαις-λ
3180 5479 3498 5602 μιέρτύρων
3537 5477 3810 5544 Πρόιίου

3166 5567 3239 5605 ap
3265 5567 3356 5602 ου.

3166 5567 3356 5618 αριου.

3893 5472 3990 5525 και

2487 5669 2730 5740 Πρόκλος
2782 5669 2875 5720 καὶ
2910 5665 3160 5734 Ὶλάριος,
3197 5663 3248 5714 οἱ
3293 5661 3385 5715 τοῦ
3420 5658 3659 5731 Χριστοῦ
3690 5658 3990 5729 μάρτυρες,

2418 5763 2664 5833 ὑπῆρχον
2697 5762 2788 5814 ἐπὶ
2812 5761 2910 5830 τῆς
2949 5755 3228 5828 βασιλείας
3266 5751 3538 5824 Τραϊανοῦ
3572 5754 3634 5804 ἐκ
3664 5749 3992 5819 τῆς-πόλεως

2430 5854 2724 5925 ’Δγκύρας.
2761 5849 3075 5924 Χριστιανοὶ
3107 5848 3162 5903 δὲ
3199 5847 3350 5912 ὄντες
3395 5845 3699 5916 ἐκήρυττον
3733 5841 3828 5895 τὸν
3861 5841 3990 5908 Χρι-
