4190 6534
170 377 274 443 537

1675 373 1961 435 IULIUS.

3345 382 3449 447 538

172 490 323 554 στὸν,
380 489 474 542 καὶ
520 489 750 553 πολλοὺς
796 490 904 544 τῶν
950 488 1195 545 ἀπίστων
1230 485 1568 553 ἐπέστρεφον
1624 483 1760 554 πρὸς

1874 482 2165 540 inﬁdelium
2216 488 2285 543 ad
2331 486 2485 543 illum
2534 488 2917 553 traducerent;
2955 489 3167 557 primus
3221 487 3452 545 Proclus

172 580 359 633 αὐτόν.
412 580 637 650 Πρῶτος
675 578 767 635 οὖν
795 580 1094 654 κρατηθεὶς
1131 575 1282 648 παρὰ
1312 574 1423 627 τῶν
1475 573 1759 625 εἰδωλολα-

170 671 320 741 τρῶν
349 672 378 725 ό
414 672 677 742 Πρόκλος,
731 673 978 743 παρέστη
1030 668 1264 722 ἐνώπιον
1314 664 1409 719 τοῦ
1472 663 1756 732 βασιλέως.

171 766 288 816 Καὶ
319 764 658 829 ἐξετασθείς,
700 766 794 817 καὶ
836 764 929 815 τὸν
957 761 1195 833 Χριστὸν
1228 761 1319 812 ἐπὶ
1353 759 1536 812 πλεῖον
1565 756 1759 827 ὁμολο-

169 857 377 926 γήσας,
408 858 625 927 ἐξεδόθη
655 857 947 927 Μαξιμίνῳ
999 854 1077 926 τῷ
1127 854 1384 925 ἡγεμόνι.
1414 853 1523 905 Καὶ
1553 866 1761 921 κρεμα-

172 950 324 1011 σθεὶς
361 949 557 1018 ἐξέσθη
597 950 857 1021 σιδήροις,
887 950 980 1001 καὶ
1011 946 1274 1016 λαμπάσι
1310 944 1480 1015 πυρὸς
1522 944 1621 1013 τὴν
1661 960 1762 1010 γα-

171 1045 348 1110 στέρα
392 1042 488 1096 καὶ
519 1042 619 1106 τὰς
653 1041 894 1112 πλευρὰς
927 1041 1194 1110 κατεκάη.
1246 1040 1355 1092 Καὶ
1409 1038 1545 1107 μετὰ
1589 1035 1762 1089 ταῦτα

168 1134 472 1203 δεξάμενος
527 1135 806 1205 ἀπόφασιν
866 1133 962 1187 τοῦ
1034 1130 1533 1200 κατατοξευθῆναι,
1597 1129 1762 1199 ήγετο

167 1228 386 1295 γυμνὸς
419 1229 514 1280 ἐπὶ
547 1228 639 1281 τὸν
689 1230 855 1281 τόπον
900 1228 1000 1297 τῆς
1048 1224 1405 1287 τελειώσεως.
1457 1224 1567 1277 Καὶ
1621 1223 1763 1277 κατὰ.

166 1321 270 1388 τὴν
295 1320 418 1372 ὁδὸν
450 1321 793 1389 συναντήσας
838 1320 1053 1389 ’ῐλαρίῳ
1080 1318 1157 1387 τῷ
1184 1316 1391 1385 ἀνεψιῷ
1444 1316 1632 1378 αὑτοῦ,
1669 1314 1763 1368 καὶ

168 1411 568 1481 ἀσπασάμενος
600 1412 782 1475 αὑτὸν,
812 1413 1033 1476 ἐγένετο
1073 1410 1249 1472 αἴτιος
1283 1410 1378 1462 τοῦ
1400 1408 1761 1478 -κρατηθῆναι

170 1502 361 1556 αὐτόν.
399 1501 510 1555 Kal.
553 1503 719 1565 αὐτὸς
774 1502 875 1571 μὲν
923 1503 1265 1573 κρεμασθεὶς
1296 1502 1388 1554 ἐπὶ
1442 1499 1621 1564 ξύλου,
1667 1499 1763 1552 καὶ

173 1594 437 1660 σαγίταις
466 1595 890 1659 κατατοξευθεὶς
920 1595 1204 1666 παρέδωκε
1246 1594 1308 1646 τὸ
1336 1592 1575 1663 πνεῦμα.
1624 1591 1681 1645 '0
1706 1591 1763 1643 δὲ

181 1686 420 1753 Ἰλάριος
449 1687 677 1755 τυφθεὶς
706 1674 802 1741 καὶ
834 1686 1071 1752 ξεσθεὶς,
1107 1688 1199 1739 καὶ¹
1228 1685 1323 1739 ἐπὶ
1370 1685 1524 1754 μίλια
1554 1681 1763 1754 γυμνὸς

175 1779 535 1848 κατασυρεΜς,
564 1778 875 1832 τελευταῖον
904 1776 1046 1845 ξίφει
1070 1776 1168 1846 τὴν
1194 1777 1435 1846 κεφαλὴν
1456 1776 1691 1846 ἐτμήθη.

236 1892 354 1945 Καὶ
392 1892 658 1960 ἄθλησις
689 1890 791 1960 τῆς
828 1891 1001 1960 ἁγίας
1018 1890 1318 1959 μάρτυρος
1346 1888 1708 1956 Γολινδούχ.

256 2006 325 2060 Ἦ
359 2005 453 2060 τοῦ
481 2006 720 2077 Χριστοῦ
752 2008 963 2075 μάρτυς
995 2006 1302 2075 Γολινδοὺχ,
1336 2005 1551 2076 ὑπῆρχε
1583 2006 1679 2075 μὲν
1705 2007 1769 2058 ἐκ

176 2099 271 2169 τῆς
305 2098 576 2169 Περσίδος
605 2098 698 2150 ἐπὶ
720 2100 819 2167 τῆς
846 2096 1124 2167 βασιλείας
1151 2097 1459 2168 Μαύρικίου
1481 2116 1493 2128 ·
1534 2097 1769 2167 συνῴκει

177 2194 228 2247 δέ
288 2193 451 2263 ἀνδρὶ
502 2194 815 2264 ἀρχιμάγῳ.
872 2194 982 2247 Καὶ
1032 2195 1135 2264 ὁρᾷ
1192 2193 1423 2261 ἄγγελον
1459 2194 1592 2247 Θεοῦ
1648 2193 1769 2247 καθ’

179 2286 384 2348 ὕπνους
420 2286 734 2339 δεικνύοντα
788 2287 923 2357 αὐτῇ
976 2286 1141 2339 τόπον
1200 2287 1495 2355 φωτεινδν,
1545 2286 1670 2339 ἔνθα
1722 2288 1768 2339 οἱ

177 2379 381 2431 δίκαιοι
408 2378 683 2447 ἐχόρευον,
718 2380 811 2431 καὶ
833 2378 1022 2447 ἕτερον
1054 2379 1350 2442 σκοτεινὸν,
1381 2379 1437 2431 ἐν
1466 2372 1510 2445 ᾧ
1535 2380 1584 2431 oi
1612 2380 1765 2433 εἰδω-

179 2470 444 2541 λολάτραι
476 2470 863 2538 ἐτιμωροῦντο.
893 2472 1003 2525 Καὶ
1033 2472 1377 2543 δοκιμάσασα
1406 2473 1669 2525 εἰσελθεῖν
1694 2475 1772 2535 είς

180 2564 267 2613 τῂν
324 2562 589 2630 φωτεινὸν
602 2563 786 2625 τόπον,
814 2562 1086 2631 ἐκωλύθη,
1127 2563 1371 2624 είπόντος
1398 2562 1492 2615 τοῦ
1515 2563 1769 2631 ἀγγέλου,

182 2655 261 2707 ὅτι
306 2655 438 2705 Ἐὰν
469 2654 542 2722 μὴ
578 2655 709 2724 γένῃ
736 2654 1062 2725 Χριστιανη,
1092 2655 1192 2707 οὐκ
1221 2654 1465 2725 είσέρχῃ.
1503 2655 1771 2721 Ἔξυπνος

180 2744 233 2796 δὲ
263 2744 565 2814 γενομένη,
598 2745 729 2813 παρ’
774 2743 916 2797 αὐτὰ
945 2743 1271 2813 ἐϐαπτίσθη.
1316 2744 1427 2796 Καὶ
1467 2745 1772 2811 γνωσθεῖσα

182 2836 336 2909 παρὰ
367 2836 464 2888 τοῦ
496 2836 687 2906 ἀνδρὸς
716 2836 885 2904 αὐτῆς
909 2834 1108 2888 καὶτοῦ
1132 2834 1415 2905 βασιλέως,
1436 2835 1771 2905 ἀπεκλείσθη

181 2930 259 2991 εἰς
293 2931 396 2998 τὴν
429 2928 528 2996 τῆς
560 2927 730 2997 λήθης
788 2928 1055 2999 φυλακὴν,
1102 2928 1194 2981 καὶ
1226 2928 1327 2981 πά)
1342 2945 1389 2980 ιν
1422 2929 1500 2989 εἰς
1547 2927 1770 2993 λάκκον,

181 3021 313 3073 ἔνθα
342 3018 412 3090 ἦν
442 3020 659 3089 δράκων
682 3035 695 3049 ’
730 3023 825 3074 καὶ
859 3020 997 3091 μετὰ
1027 3020 1255 3091 χρόνους
1309 3018 1537 3081 πολλοὺς
1580 3019 1776 3087 ἐκϐλη-

183 3114 361 3175 θεῖσα,
399 3114 725 3183 ἐτιμωρήθη
776 3113 1086 3183 διαφόρωςο
1133 3112 1229 3165 καὶ
1264 3112 1630 3182 βουλλωθεϊσα
1684 3111 1774 3164 τὸν

182 3207 487 3274 τράχηλον,
518 3208 685 3275 ήγετο
715 3204 1244 3275 ἀποκεφαλισθῆναι.
1291 3204 1572 3258 Ἐκϐαλὼν
1596 3204 1651 3256 δὲ
1679 3202 1775 3273 τὴν

184 3296 417 3364 βούλλαν
464 3295 607 3349 σώαν
660 3298 687 3348 ὁ
746 3295 998 3363 ἄγγελος,
1068 3295 1235 3349 ἔδωκε
1290 3295 1365 3365 τῷ
1418 3295 1619 3364 δημίῳ.
1666 3294 1777 3346 Καὶ

182 3390 537 3458 λυπουμένην
568 3387 667 3457 τὴν
742 3389 927 3456 ἁγίαν,
990 3388 1166 3441 διὰτὸ
1225 3388 1299 3458 μὴ
1374 3387 1570 3440 παθεῖν
1638 3387 1776 3456 ὑπὲρ

184 3479 453 3551 Χριστοῦ,
489 3479 704 3548 πλήξας
737 3479 876 3549 μετὰ
913 3478 1145 3532 σπαθίου
1186 3479 1327 3532 κατὰ
1358 3479 1450 3531 τὸν
1477 3476 1772 3548 τράχηλον,

186 3574 385 3641 ῥεῦσαι
423 3572 522 3641 μὲν
555 3567 692 3640 αἷμα
733 3570 1065 3642 πεποίηκεν,
1103 3573 1203 3624 οὐκ
1245 3570 1655 3637 ἀπεκεφάλισεν
1693 3566 1772 3621 δέ.

182 3664 345 3717 Μετὰ
375 3664 551 3717 ταῦτα
576 3663 815 3733 ζήσασα,
846 3664 941 3716 καὶ
980 3662 1211 3727 πολλοὺς
1248 3662 1608 3732 ὡφελήσασα,
1640 3659 1778 3727 πρὸς

183 3756 394 3827 Κύριον
424 3755 780 3825 ἐξεδήμησεν.

746 3945 927 4001 MHNI
960 3946 1049 4016 To
1073 3946 1258 4018 ΑΥΤῼ

935 4035 1013 4088 ll"

278 4133 579 4196 Ἀολησις
608 4128 716 4183 τοῦ
749 4128 924 4197 ἁγίου
944 4145 1247 4197 μάρτυρος
1277 4130 1676 4197 Σεραπίων-ος.

254 4245 573 4311 Σεραπίων,
598 4245 626 4295 ὁ
656 4243 749 4295 τοῦ
781 4243 1018 4312 Χριστοῦ
1055 4245 1285 4313 μάρτυς,
1311 4246 1521 4315 ὑπῆρχε
1553 4245 1647 4297 ἐπὶ
1674 4244 1776 4314 τῆς

1863 582 1933 637 ab
1968 581 2273 639 idololatris
2308 585 2767 655 comprehensus,
2808 586 3127 654 imperatori
3184 586 3403 640 sistitur
3437 604 3450 639 :

1862 675 2262 745 quaestionique
2281 678 2585 746 subjectus,
2606 691 2729 731 cum
2753 677 2926 731 multo
2956 676 3131 746 magis
3160 675 3447 731 Christum

1862 766 2232 836 profiteretur,
2284 768 2581 823 Maximino
2626 768 2849 839 praesidi
2907 768 3142 841 traditur
3196 785 3210 822 :
3260 785 3291 823 a
3342 783 3451 837 quo

1868 858 2026 931 164
2059 874 2383 928 suspensus,
2419 860 2640 930 ungulis
2670 859 2866 915 ferreis
2905 858 3358 922 excarniﬁcatur,
3391 866 3448 912 et

1864 953 2184 1006 ardentibus
2215 943 2427 1007 facibus
2470 953 2649 1007 eidem
2679 961 2870 1009 venter
2901 960 2956 1007 et
2991 953 3160 1006 latera
3197 952 3451 1007 ustulan-

1866 1052 1975 1098 tur.
2020 1044 2272 1102 Posthaec
2301 1045 2410 1100 lata
2438 1046 2732 1109 sententia,
2776 1055 2835 1101 ut
2878 1046 3094 1115 sagittis
3123 1043 3449 1100 confodere-

1866 1146 1974 1201 tur,
2008 1139 2187 1195 nudus
2232 1138 2299 1193 ad
2329 1140 2514 1194 locum
2551 1138 2806 1209 supplicii
2854 1140 3097 1194 ducitur.
3145 1139 3281 1193 Cum
3323 1150 3452 1189 vero

1866 1240 2247 1286 occurrentem
2282 1231 2388 1286 sibi
2425 1231 2479 1285 in
2525 1232 2611 1285 via
2659 1230 2932 1286 Hilarium
2982 1240 3237 1299 nepotem
3289 1244 3451 1283 suum

1866 1324 2179 1388 salutasset,
2213 1324 2269 1377 in
2298 1338 2467 1379 causa
2504 1322 2628 1386 fuit,
2659 1333 2718 1378 ut
2746 1333 2801 1379 et
2834 1325 2924 1379 ille
2960 1330 3269 1393 caperetur.
3302 1321 3368 1375 Et
3401 1320 3449 1375 is

1867 1416 2086 1486 quidem
2118 1418 2186 1471 ad
2225 1416 2407 1485 palum
2452 1416 2730 1487 alligatus,
2765 1418 3092 1488 sagittisque
3135 1414 3452 1475 confossus,

1868 1508 2122 1578 spiritum
2152 1508 2410 1563 reddidit.
2442 1507 2687 1563 Hilarius
2709 1524 2837 1564 vero
2867 1523 3045 1564 caesus
3074 1515 3128 1563 et
3157 1505 3453 1562 excarniﬁ-

1868 1612 2044 1666 catus,
2080 1612 2133 1657 et
2175 1601 2242 1656 ad
2288 1602 2495 1671 aliquot
2545 1601 2803 1657 milliaria
2842 1602 3023 1657 nudus
3057 1607 3327 1669 raptatus,
3358 1612 3457 1668 po-

1871 1700 2140 1747 stremum
2167 1691 2493 1747 decollatur.

2047 1902 2115 1957 Et
2152 1911 2419 1957 certamen
2451 1912 2650 1956 sancta:
2688 1902 2943 1972 martyris
2974 1900 3289 1957 Golinduch.

1943 2020 2154 2088 Martyr
2191 2017 2397 2072 Christi
2452 2016 2760 2071 Golinduch
2793 2016 2846 2071 in
2891 2015 3140 2079 Perside,
3198 2013 3465 2069 Mauricio

1875 2112 2198 2179 imperante,
2254 2108 2440 2164 ﬂoruit
2484 2114 2516 2162 ι’
2555 2123 2678 2178 quae
2725 2123 2852 2163 cum
2911 2108 3127 2163 cuidam
3177 2122 3463 2177 magorum

1873 2200 2105 2271 principi
2140 2201 2192 2254 in
2237 2199 2654 2254 matrimonium
2688 2199 2953 2254 collocata
2983 2198 3196 2262 fuisset,
3230 2199 3305 2251 illi
3356 2198 3458 2251 ali-

1872 2292 2093 2361 quando
2117 2291 2347 2361 angelus
2382 2290 2478 2345 Dei
2510 2291 2565 2344 in
2598 2291 2810 2345 somnis
2844 2290 3121 2359 apparuit,
3160 2290 3457 2359 locumque

1874 2383 2241 2454 splendidum,
2279 2391 2334 2437 et
2381 2382 2435 2435 in
2465 2397 2530 2436 eo
2559 2382 2742 2452 justos
2777 2382 3143 2451 tripudiantes
3177 2391 3457 2434 monstra-

1874 2477 1973 2537 vit,
2009 2484 2176 2543 atque
2204 2474 2433 2528 alterum
2463 2473 2895 2538 tenebricosum,
2940 2472 2993 2527 in
3023 2487 3132 2542 quo
3164 2472 3468 2526 idololatria

1875 2565 2284 2621 cruciabantur.
2334 2563 2539 2618 Conata
2588 2573 2769 2617 autem
2816 2564 3058 2618 lucidum
3096 2563 3249 2617 illum
3282 2563 3465 2617 locum

1876 2661 2102 2725 intrare,
2132 2659 2414 2728 prohiberi
2445 2658 2736 2712 videbatur
2767 2658 2838 2712 ab
2863 2657 3055 2727 angelo
3084 2658 3266 2711 aiente
3298 2674 3311 2709 :
3343 2656 3459 2711 Nisi

1875 2754 2191 2808 Christiana
2261 2753 2381 2817 fias,
2444 2752 2872 2821 haudquaquam
2946 2750 3052 2804 huc
3116 2748 3466 2818 ingredieris.

1876 2844 2299 2915 Expergefacta,
2362 2843 2547 2898 statim
2596 2844 2933 2912 baptismum
3000 2840 3263 2910 suscepit.
3311 2838 3469 2906 Quod

1877 2953 2004 2992 cum
2055 2937 2139 2990 vir
2188 2936 2308 3005 ejus
2359 2944 2412 2989 et
2470 2950 2568 2989 rex
2623 2935 3046 3003 comperissent,
3089 2935 3141 2987 in
3185 2947 3468 2987 carcerem

1878 3029 2051 3083 Ietbes
2098 3027 2360 3097 primum,
2409 3026 2611 3080 deinde
2667 3026 2720 3079 in
2774 3026 2953 3079 lacum
3010 3026 3323 3093 conjicitur,
3374 3025 3469 3079 ubi

1878 3120 2046 3175 draco
2077 3128 2217 3175 erat.
2262 3118 2465 3172 Multos
2501 3128 2626 3187 post
2667 3132 2843 3171 annos
2882 3116 3008 3170 inde
3048 3116 3269 3179 educta,
3306 3116 3470 3170 variis

1880 3211 2072 3267 affecta
2107 3221 2189 3266 est
2216 3211 2573 3265 cruciatibus.
2617 3209 2902 3263 Postremo
2931 3208 3078 3261 bulla
3112 3209 3465 3277 obsignatum

1881 3305 2081 3361 collum
2113 3319 2335 3374 gerens,
2368 3303 2433 3357 ad
2454 3301 2785 3372 supplicium
2816 3301 3056 3355 ducitur.
3092 3301 3246 3354 Bulla
3280 3312 3467 3355 autem

1880 3395 1948 3449 ab
1977 3395 2171 3464 angelo
2198 3410 2327 3449 sana
2354 3394 2679 3463 integraque
2699 3392 2933 3457 sublata,
2959 3402 3011 3447 et
3029 3393 3203 3446 lictori
3230 3393 3451 3457 tradita,

1881 3486 1926 3541 is
1954 3497 2201 3542 sanctam
2249 3502 2392 3557 aegre
2428 3484 2720 3552 ferentem,
2769 3487 2916 3554 quod
2965 3499 3063 3553 pro
3094 3483 3318 3538 Christo
3361 3497 3467 3535 non

1879 3592 2181 3652 pateretur,
2239 3580 2422 3651 gladio
2475 3578 2629 3645 ferit;
2691 3593 2802 3648 quo
2853 3577 3074 3647 quidem
3128 3592 3192 3630 ex
3241 3576 3468 3630 vulnere

1880 3674 2105 3743 sanguis
2128 3672 2420 3743 profluxit;
2451 3680 2617 3741 caput
2644 3680 2823 3725 tamen
2850 3670 3078 3724 minime
3108 3677 3191 3724 est
3216 3678 3469 3737 amputa-

1882 3774 1995 3819 tum
2030 3778 2045 3817 :
2081 3765 2215 3833 quin
2258 3772 2380 3833 post
2420 3766 2533 3818 haec
2589 3770 2892 3832 superstes,
2944 3776 3070 3816 cum
3118 3760 3311 3815 multis
3343 3774 3467 3829 pro-

1882 3858 2099 3926 fuisset,
2127 3857 2195 3912 ad
2222 3856 2511 3911 Dominum
2549 3856 2829 3924 migravit.

2410 3946 2644 4001 EODEM
2676 3944 2910 4000 MENSE

2384 4038 2481 4093 Die
2513 4039 2725 4094 decima
2774 4038 2932 4092 tertia

2012 4132 2168 4202 165
2202 4131 2481 4185 Certamen
2507 4132 2683 4184 sancti
2720 4132 2973 4200 martyris
3009 4129 3342 4199 Serapionis.

1954 4245 2217 4314 Serapion
2258 4243 2463 4297 Christi
2514 4252 2720 4313 martyr
2766 4242 3106 4309 temporibus
3142 4240 3331 4295 Severi
3366 4239 3440 4294 im
3484 4278 3489 4281 ‹

184 4336 473 4403 βασιλείας
518 4335 786 4403 Σευήρου,
816 4336 956 4403 ἀνὴρ
1004 4334 1265 4405 θεοσεϐὴς
1296 4336 1389 4388 καὶ
1438 4336 1530 4387 τὸν
1572 4336 1769 4405 τρόπον

1882 4337 2153 4408 peratoris
2179 4337 2333 4398 vixit,
2381 4334 2462 4388 vir
2491 4336 2692 4404 pietate
2720 4349 2785 4389 ac
2835 4335 3105 4403 probitate
3135 4348 3349 4387 morum
3384 4332 3471 4386 in-

180 4426 415 4492 ἀγαθός.
454 4425 767 4494 Κρατηθεὶς
818 4425 873 4477 δὲ
923 4425 1028 4478 ὑπὸ
1078 4425 1187 4478 τῶν
1237 4425 1639 4496 είδωλολατρῶν
1689 4425 1769 4479 διὰ

1883 4430 2076 4500 signis.
2128 4426 2333 4497 Captus
2384 4436 2567 4481 autem
2603 4427 2672 4480 ab
2726 4426 3003 4481 idolorum
3056 4427 3363 4481 cultoribus
3399 4426 3470 4480 ob

178 4522 277 4589 τὴν
304 4522 391 4581 είς
416 4518 652 4587 Χριστὸν
672 4518 981 4587 ὁμολογίαν,
1011 4518 1284 4589 παρεδόθη
1331 4519 1538 4590 Ακύλᾳ,
1567 4520 1643 4589 τῷ
1674 4520 1769 4589 τῆς

1882 4524 2087 4579 Christi
2117 4521 2543 4587 confessionem,
2578 4521 2789 4590 Aquila:
2823 4521 2944 4587 ejus
2979 4519 3085 4573 loci
3136 4519 3355 4588 prasidi
3391 4520 3471 4573 si-

179 4610 373 4679 χώρας
443 4610 661 4675 ἐκείνης
736 4610 978 4679 ἄρχοντι.
1026 4611 1139 4663 Καὶ
1197 4612 1487 4682 παραστὰς
1543 4611 1773 4666 ἐνώπιον

176 4701 376 4763 αὑτοῦ,
426 4700 523 4752 καὶ
581 4701 878 4770 ἐρωτηθεὶς
926 4703 1085 4764 ποίας
1133 4702 1431 4774 θρησκείας
1486 4708 1771 4775 τυγχάνει,

182 4794 517 4861 ὡμολόγησε
554 4794 838 4864 παρρησίᾳ
866 4794 955 4846 τὸν
999 4795 1255 4865 Χριστόν.
1301 4797 1539 4864 Τυφθεὶς
1568 4794 1661 4850 οὖν
1689 4799 1778 4852 διὰ

179 4885 343 4937 τοῦτο
377 4883 649 4953 σφοδρῶς,
687 4885 781 4936 καὶ
807 4885 1048 4953 σιδήροις
1088 4886 1237 4949 ὀξέσι
1281 4888 1340 4939 τι
1373 4887 1533 4956 σῶμα
1566 4888 1778 4952 ξεσθεὶς

180 4977 323 5042 ὅλον,
370 4977 751 5046 παρεπέμφθη
788 4976 1021 5045 φυλακῇ,
1050 4977 1192 5047 λιμῷ
1224 4980 1314 5031 καὶ
1346 4980 1487 5048 δίψει
1516 4980 1774 5050 πιεζόμε-

180 5087 291 5131 νος.
340 5069 505 5122 Μετά
545 5069 603 5120 δὲ
630 5067 840 5122 πολλῶν
873 5069 1096 5140 ήμερῶν
1127 5071 1486 5141 παραδρομὴν
1542 5072 1640 5141 τῆς
1676 5090 1777 5142 φυ-

178 5162 360 5231 λακῆς
411 5162 717 5226 ἐλκυσθεὶς,
752 5163 997 5232 παρέστη
1054 5163 1334 5234 δεδεμένος
1392 5166 1488 5235 τῷῖ
1522 5168 1768 5236 ἄρχοντι.

180 5258 290 5307 Καὶ
342 5255 624 5325 μηδεμίαν
676 5255 911 5324 πληγὴν,
967 5255 999 5324 ἢ
1051 5256 1362 5326 τραύματος
1400 5257 1561 5327 οὐλὴν
1594 5258 1774 5327 φέρων

181 5348 401 5402 ἐπὶτῑῦ
452 5348 722 5418 σώματος,
774 5350 862 5401 διὰ
908 5350 968 5401 τὸ
1015 5349 1417 5420 θεραπευθῆναι
1458 5352 1774 5423 παραυτίκα

182 5443 285 5492 ὑπὸ
322 5440 571 5511 Χριστοῦ
600 5482 622 5505 ,
666 5443 746 5502 εἰς
796 5441 1058 5511 ἔκπληξιν
1092 5443 1297 5511 ήγαγεν
1351 5445 1618 5509 ἅπαντας,
1680 5444 1774 5498 καὶ

185 5535 423 5596 πολλοὺς
469 5534 846 5602 παρεσκεύασε
873 5535 1161 5590 πιστεῦσαι
1195 5537 1436 5609 Χριστῷ.
1469 5539 1576 5591 Καὶ
1606 5539 1772 5608 φοϐη-

182 5624 296 5687 θεὶς
333 5628 362 5693 ὁ
406 5624 619 5692 ἅρχων,
658 5626 746 5678 ἵνα
775 5626 848 5694 μὴ
883 5627 1134 5690 πλείονας
1163 5633 1491 5701 προσαγάγῃ
1526 5630 1768 5699 Χριστῷ,

182 5719 315 5785 πυρὶ
359 5717 687 5784 παρέδωκεν
718 5718 900 5771 αὐτόν.
934 5719 1046 5771 Καὶ
1066 5719 1207 5772 οὕτω
1228 5723 1317 5777 τὸν
1350 5724 1444 5793 τῆς
1469 5723 1769 5785 ἀθανασίας

181 5808 489 5879 διαθλήσας
528 5811 733 5875 ἀγῶνα,
772 5811 1077 5881 ἐτελειώθη.

1884 4617 2090 4671 stitur:
2141 4630 2171 4669 a
2211 4630 2319 4684 quo
2364 4622 2609 4684 rogatus,
2666 4628 2826 4682 quam
2866 4610 3191 4682 religionem
3243 4610 3466 4672 coleret,

1884 4711 2051 4773 libere
2084 4708 2364 4764 Christum
2398 4706 2686 4762 confessus
2716 4715 2823 4761 est.
2860 4705 3229 4771 Quamobrem
3263 4705 3467 4759 acriter

1881 4802 2222 4865 verberatur,
2248 4809 2301 4854 et
2333 4800 2549 4869 ungulis
2592 4798 2787 4853 ferreis
2824 4799 3001 4852 eidem
3054 4806 3230 4852 totum
3266 4812 3464 4866 corpus

1881 4893 2301 4948 excarniﬁcatur
2337 4910 2349 4943 :
2386 4902 2666 4959 postremo
2703 4891 2754 4943 in
2806 4904 3080 4944 carcerem
3127 4889 3461 4955 detruditur,

1882 4983 2023 5037 fame
2053 4984 2250 5053 sitique
2280 4982 2674 5037 conficiendus.
2712 4981 2962 5036 Evolutis
2994 4992 3178 5035 autem
3216 4982 3463 5051 pluribus

1880 5075 2074 5130 diebus
2102 5074 2394 5130 ecustodia
2427 5082 2725 5138 extractus,
2764 5073 2981 5127 vinctus
3008 5073 3223 5141 praesidi
3264 5076 3458 5127 iterum

1880 5169 2113 5223 sistitur.
2157 5166 2406 5235 Cumque
2455 5166 2664 5219 nullum
2723 5165 2964 5219 vulneris
3013 5164 3304 5232 vestigium
3367 5174 3463 5216 aut

1880 5262 2190 5315 cicatricem
2216 5268 2327 5313 toto
2343 5274 2575 5327 corpore
2601 5256 2901 5327 praeferret,
2923 5271 2986 5309 eo
3011 5256 3155 5326 quod
3190 5271 3216 5307 a
3236 5254 3461 5309 Christo

1881 5362 2102 5423 repente
2135 5362 2359 5406 Sunatus
2388 5350 2585 5414 fuerat,
2625 5365 2818 5404 omnes
2862 5348 3253 5417 obstupefecit,
3289 5346 3459 5413 pluri-

1882 5460 2109 5514 mosque
2153 5443 2221 5497 ad
2265 5443 2471 5497 Christi
2512 5441 2668 5495 fidem
2714 5440 2991 5511 perduxit.
3030 5439 3211 5505 Quare
3251 5448 3455 5508 praeses

1879 5541 2106 5599 veritus,
2141 5552 2208 5590 ne
2245 5536 2426 5605 plures
2461 5536 2527 5589 ad
2554 5534 2831 5589 Christum
2862 5532 3191 5597 traduceret,
3217 5530 3456 5584 flammis

1878 5630 2231 5689 crcmandum
2271 5628 2493 5683 tradidit
2531 5646 2542 5681 :
2578 5634 2741 5696 atque
2787 5642 2883 5695 per
2917 5625 3062 5680 hunc
3096 5624 3315 5679 modum
3350 5622 3462 5675 im-

1880 5721 2229 5779 mortalitatis
2263 5718 2509 5776 confecto
2540 5718 2858 5784 certamine,
2880 5725 3296 5773 consummatus
3326 5714 3467 5769 fuit-
