4190 6534
731 440 838 505 539

909 547 978 602 Et
1029 553 1291 601 certamen
1336 551 1536 598 sancite
1577 539 1830 609 martyris
1869 535 2133 606 Myropes.

805 661 1011 731 Μαι-ψ·
1047 657 1250 712 Christi
1290 654 1532 725 Myrope,
1559 653 1862 721 imperante
1899 648 2090 714 Decio,
2132 649 2184 702 in
2225 648 2309 702 in-

733 755 856 812 s'ula
883 753 1023 809 Chio
1068 759 1191 805 nata
1221 758 1349 804 est:
1397 746 1542 802 unde
1590 744 1865 814 Ephesum
1907 741 2174 812 profecta,
2208 756 2316 795 un-

735 852 938 916 guenta
972 859 1038 898 ex
1067 839 1312 909 reliquiis
1337 845 1650 893 sanctorum
1678 843 1976 905 martyrum
2006 841 2060 888 et
2090 844 2312 903 aposto-

736 938 917 991 lorum
954 934 1232 989 manantia
1278 930 1560 996 colligens,
1613 937 1848 997 aagrotos
1887 926 2138 981 sanabat.
2173 924 2312 980 Hinc

732 1031 912 1086 eidem
968 1027 1205 1098 Myropis
1284 1038 1484 1078 nomen
1543 1021 1780 1076 inhaesit.
1863 1019 2060 1075 Chium
2118 1018 2314 1073 deinde

738 1122 972 1177 insulam
1032 1133 1287 1182 reversa,
1363 1131 1488 1170 cum
1562 1122 1812 1169 sanctum
1896 1111 2163 1166 lsidorum
2216 1124 2317 1180 pro

736 1214 957 1268 Christo
1007 1209 1266 1279 martyrio
1318 1207 1566 1262 functum
1629 1203 2091 1272 interfectumque
2152 1217 2312 1270 repe-

738 1303 919 1363 risset,
943 1299 1187 1354 sublatas
1217 1297 1459 1365 ejusdem
1492 1294 1750 1365 reliquias
1787 1295 1927 1364 apud
1960 1309 2018 1348 se
2046 1291 2315 1347 condidit.

740 1398 809 1448 At
861 1409 985 1448 cum
1045 1392 1116 1445 ob
1169 1391 1300 1444 illud
1345 1389 1696 1458 reliquiarum
1752 1386 1957 1441 furtum
2007 1387 2321 1455 Complures

738 1488 879 1556 capti
913 1485 1311 1555 quaestionique
1339 1482 1566 1552 subjecti
1593 1481 1845 1547 fuissent,
1873 1480 2110 1549 seipsam
2139 1477 2316 1534 mani-

739 1579 990 1640 festavit,
1027 1577 1388 1646 confessaque
1409 1583 1512 1640 est,
1549 1584 1602 1629 et
1627 1591 1685 1630 se
1715 1573 1974 1643 reliquias
2000 1573 2317 1637 sustulisse,

741 1681 796 1725 et
833 1671 974 1740 apud
1009 1687 1068 1726 se
1107 1670 1415 1724 reconditas
1450 1667 1672 1722 habere.
1701 1665 1969 1732 Quocirca
2021 1681 2050 1719 a
2090 1663 2322 1735 praeside

742 1761 1074 1817 Numeriano
1097 1764 1518 1830 comprehensa,
1545 1759 1640 1828 qui
1671 1769 1725 1813 et
1759 1768 2010 1814 sanctum
2049 1756 2318 1811 lsidorum

742 1856 1170 1916 excruciaverat,
1223 1853 1644 1920 immaniterque
1706 1865 1871 1912 caesa,
1933 1849 1985 1901 in
2043 1861 2322 1902 carcerem

2003 420 2434 484 MENOLOGII
2473 419 2671 482 PARS
2705 417 2821 480 III.

3890 412 3998 474 540

2337 548 2386 601 Α
2496 530 2605 588 Καὶ
2631 531 2890 599 ἄθλησις
2919 527 3029 597 τῆς
3052 527 3223 597 ἁγίας
3243 524 3546 594 μάρτιιρος
3576 521 3896 590 Μυρώπης.

2499 643 2564 696 Ἦ
2595 642 2688 696 τοῦ
2717 639 2958 710 Χριστοῦ
2985 639 3196 709 μάρτυς
3224 636 3500 705 Μυρώπη,
3527 632 3742 702 ὑπῆρχε
3773 632 3870 702 μέν
3903 634 4003 684 ἐπὶ

2415 735 2516 808 τῆς
2556 732 2832 806 βασιλείας
2863 732 3077 796 Δεκίου,
3115 732 3181 784 ἐκ
3212 729 3310 799 τῆς
3339 729 3503 795 νήσου
3545 727 3678 794 Χίου
3698 741 3711 755 ο
3759 727 3965 794 περιήρ
3985 753 4003 763 ς

2415 841 2545 896 χετο
2572 823 2631 878 δὲ
2660 823 2760 893 τὴν
2805 820 3066 890 Ἐφεσίων
3111 818 3288 883 πόλιν,
3321 817 3390 870 τά
3442 818 3508 868 ἐκ
3559 815 3669 869 τῶν
3723 814 4003 883 λειψάνων

2417 919 2524 973 τῶν
2571 917 2744 986 ἁγίων
2792 914 3089 986 μαρτύρων
3146 914 3243 968 καὶ
3291 912 3604 966 ἀποστόλων
3652 910 4005 980 προχεόμενα

2422 1011 2570 1082 μύρα
2608 1009 2939 1077 συνάγουσα,
2996 1006 3092 1060 καὶ
3144 1005 3352 1075 ἰωμένη
3407 1003 3535 1066 τοὺς
3594 1001 3998 1062 ἀσθενοῦντας-ο

2419 1102 2540 1156 ὅθεν
2572 1101 2664 1154 καὶ
2697 1096 3036 1172 φερωνύμως
3060 1096 3260 1166 ἐκλήθη
3293 1093 3570 1165 Μυρώπη.
3594 1092 4005 1147 Καταλαϐοὖσα

2417 1194 2475 1248 δὲ
2503 1194 2604 1264 τὴν
2639 1194 2803 1263 νῆσον
2836 1193 2987 1256 Χίον,
3021 1190 3114 1244 καὶ
3144 1188 3380 1260 εὑροῦσα
3403 1186 3494 1240 τὸν
3519 1185 3677 1255 ἅγιον
3725 1184 4006 1252 Ἰσίδωρον

2421 1285 2510 1339 διὰ
2539 1287 2778 1356 Χριστὸν
2814 1283 3271 1357 μαρτυρήσαντα,
3306 1280 3402 1332 καὶ
3441 1277 3819 1356 τελειωθέντα,
3849 1275 4006 1329 ἀνεί-

2421 1379 2545 1432 λετο
2576 1377 2636 1430 τὸ
2673 1376 2925 1447 λείψανον
2979 1374 3166 1440 αὑτοῦ,
3221 1372 3314 1425 καὶ
3368 1369 3572 1441 ἔκρυψε
3625 1369 3757 1437 παρ’
3805 1370 4005 1435 ἑαυτῇ.

2423 1470 2535 1525 Καὶ
2558 1468 2768 1522 πολλῶν
2794 1467 3182 1536 κρατουμένων
3211 1465 3299 1519 διὰ
3319 1463 3415 1535 τὴν
3437 1461 3531 1516 τοῦ
3553 1461 3808 1530 λειψάνου
3839 1459 4012 1527 ἀφαί-

2427 1581 2604 1637 ρεσιν,
2638 1562 2734 1616 καὶ
2771 1558 3224 1631 τιμωρουμένων,
3257 1557 3600 1626 ἐφανέρωσεν
3653 1552 3873 1623 ἑαυτὴν,
3908 1552 4009 1604 λέ-

2425 1673 2598 1726 γουσα
2631 1652 2815 1707 λαϐεῖν
2862 1652 2958 1705 καὶ
2985 1649 3190 1721 κρύψαι
3219 1649 3282 1701 τὸ
3332 1647 3611 1716 λείψανον.
3648 1643 4014 1716 Κρατηθεῖσα

2434 1747 2529 1801 οὖν
2559 1745 2717 1816 παρά
2753 1732 2860 1798 τοῦ
2907 1743 3180 1814 ἡγεμόνος
3225 1737 3628 1811 Νουμεριανοῦ,
3663 1736 3757 1790 τοῦ
3791 1737 3884 1801 καὶ
3914 1741 4016 1786 τὸν

2429 1838 2586 1907 ἅγιον
2629 1837 2908 1906 Ἰσίδωρον
2942 1835 3359 1906 βασανίσαντος,
3379 1831 3589 1900 ὲτύφθη
3618 1829 3886 1898 σφοδρῶς,
3915 1829 4018 1880 καὶ

744 1899 1170 1916 s------._---_.,
1225 1899 1642 1920 --_.---------.,_-
1712 1899 1871 1912 ηπ,
2247 1899 2257 1900 ,

743 1948 1089 2001 detruditur:
1142 1946 1233 1998 ubi
1294 1953 1590 2014 apparente
1640 1953 1830 1996 sancto
1867 1941 2100 2004 Isidoro,
2154 1949 2321 2008 atque

2441 1899 2760 2000 λπεκλείσθη
2787 1899 2866 1992 είς
2897 1899 3168 1996 φυλακήν.
3197 1926 3306 1979 Καὶ
3333 1925 3414 1978 δι’
3441 1899 3700 1984 ὀπτασίας
3727 1919 3819 1974 τοῦ
3851 1920 4017 1986 ἁγίου

748 2047 1112 2107 reposrtnrum
1168 2036 1269 2090 sibi
1325 2036 1595 2088 bonorum
1647 2031 1944 2103 sponsione
2002 2032 2069 2085 ab
2129 2030 2321 2086 eodem

746 2127 910 2195 facta,
941 2129 1190 2197 spiritum
1223 2126 1333 2180 Deo
1359 2125 1612 2185 reddidit.

1287 2239 1519 2296 EODEM
1564 2237 1815 2294 MENSE.

1239 2333 1337 2388 Die
1375 2334 1584 2388 decima
1621 2343 1817 2403 quarta

969 2452 1128 2522 166
1154 2448 1434 2504 Certamen
1460 2451 1630 2502 sancti
1671 2447 1820 2502 Iusti
1845 2450 2114 2518 martyris.

825 2586 1012 2644 Justus
1031 2588 1232 2644 Christi
1267 2596 1469 2659 martyr
1510 2603 1573 2642 ex
1611 2589 1745 2642 urbe
1779 2586 1976 2652 Roma,
2015 2586 2069 2640 in
2120 2585 2330 2640 Nume-

754 2695 941 2734 rorum
962 2679 1153 2734 ordine
1176 2680 1409 2748 primum
1432 2679 1702 2734 militavit.
1728 2678 1862 2733 Cum
1885 2682 2016 2732 vero
2041 2677 2334 2746 aliquando

757 2790 785 2824 e
825 2774 1011 2842 praelia
1055 2788 1306 2827 reversus
1359 2787 1580 2827 crucem
1646 2771 2020 2842 crystallinam
2081 2771 2330 2832 vidisset,

755 2876 1056 2930 «ocemque
1087 2860 1210 2914 inde
1242 2860 1598 2930 prodeuntem
1628 2861 1893 2926 audisset,
1924 2859 2329 2929 praecipientem

760 2951 864 3005 sibi
927 2951 1066 3004 idola
1119 2950 1394 3014 deserere,
1441 2951 1756 3024 Christique
1807 2950 1961 3004 iidem
2017 2951 2334 3018 suscipere,

762 3041 988 3096 Romam
1026 3043 1311 3098 confestim
1350 3043 1487 3096 redit
1526 3060 1540 3097 :
1579 3043 1668 3095 ubi
1710 3042 2000 3096 distributo
2049 3042 2100 3095 in
2133 3057 2337 3112 paupe-

768 3150 852 3187 res
885 3134 1233 3202 patrimonio.
1263 3135 1464 3188 Christi
1507 3133 1610 3188 [ide
1658 3135 1811 3188 lzetus
1842 3143 1896 3188 et
1936 3144 2254 3196 contentus,
2286 3135 2336 3186 in

2441 2025 2713 2098 Ἰσιδὼρου
2736 2025 2843 2080 τῶν
2872 2023 3252 2094 ἀποκειμένων
3279 2022 3416 2092 αὐτῇ
3442 2019 3664 2089 ἀγαθῶν
3697 2016 3792 2086 τὴν
3830 2017 4015 2075 ἐπαγ-

2428 2123 2615 2191 γελίαν
2638 2119 2900 2184 λαϐοῦσα,
2941 2117 3020 2188 τῷ
3050 2115 3168 2187 Θεῷ
3193 2114 3255 2169 τὸ
3278 2113 3498 2184 πνεῦμα
3523 2111 3863 2182 παρέδωκεν.

2936 2231 3117 2286 MHNI
3161 2230 3247 2299 το
3277 2228 3477 2298 arm.

3174 2319 3248 2377 Μ’

2578 2445 2863 2509 Ἄθλησις
2888 2439 2991 2494 τοῦ
3027 2439 3200 2507 ἁγίου
3229 2435 3533 2506 μάρτυρος
3573 2431 3868 2485 Ἰούστου.

2515 2574 2573 2627 Ὀ
2598 2573 2692 2627 τοῦ
2736 2571 2976 2642 Χριστοῦ
3025 2568 3233 2639 μάρτυς
3272 2567 3504 2627 Ἰουστος
3568 2561 3781 2632 ὑπῆρχε
3820 2561 3918 2629 μὲν
3954 2561 4022 2611 ἐκ

2435 2669 2536 2740 τῆς
2568 2667 2777 2729 πόλεως
2825 2662 3044 2734 Ῥώμης
3063 2679 3078 2694 ·
3115 2659 3472 2730 ἐστρατεύετο
3504 2657 3559 2709 δέ
3583 2659 3640 2709 ἐν
3666 2654 3742 2723 τῷ
3771 2653 4022 2721 τάγματι

2437 2760 2546 2813 τῶν
2581 2758 2908 2828 Νουμέρων.
2956 2753 3347 2824 Ὑποστρέφων
3368 2751 3424 2804 δέ
3447 2766 3576 2802 ποτε
3600 2747 3708 2801 ἀπὸ
3731 2746 3822 2798 τοῦ
3856 2745 3986 2796 πολέ
4004 2773 4021 2783 ο

2444 2872 2567 2925 μου,
2607 2853 2706 2923 ὁρᾷ
2750 2851 2980 2922 σταυρὸν
3009 2844 3434 2916 κρυσταλλοειδῆ
3455 2860 3469 2874 ⁸
3513 2843 3606 2894 καὶ
3639 2844 3701 2892 ὲκ
3732 2840 3826 2891 τοῦ
3852 2855 4020 2890 crau-

2441 2947 2535 3017 ρσῦ
2571 2945 2759 3000 ἀκούει
2816 2942 2998 3012 φωνὴν
3041 2939 3364 3005 ἐξελθοῦσαν
3424 2936 3520 2989 καὶ
3562 2932 3826 2987 εἰποῦσαν
3874 2930 3974 2982 αὐτ
4000 2953 4025 2974 ιι

2442 3037 2770 3090 καταλιπεῖν
2797 3033 2864 3086 τὰ
2891 3030 3085 3084 είδωλα
3118 3030 3210 3083 καὶ
3245 3027 3533 3081 πιστεῦσαι
3558 3021 3798 3094 Χριστῷ.
3835 3022 4027 3073 Κατα-

2444 3129 2626 3182 λσϐὼν
2657 3124 2750 3181 οῦν
2778 3126 2874 3197 τὴν
2918 3123 3160 3195 Ῥώμην,
3189 3123 3284 3174 καὶ
3312 3119 3706 3190 διασκορπίσας
3732 3115 3824 3167 τὸν
3860 3111 3997 3166 πλοῦ
4015 3140 4028 3148 -

764 3226 1065 3279 domestico
1111 3241 1333 3279 secessu
1373 3225 1475 3278 sibi
1521 3225 1779 3292 deinceps
1812 3226 1992 3278 vivere
2030 3226 2336 3278 eunstituit.

2444 3241 2534 3275 τον
2566 3223 2739 3275 αὑτοῦ
2771 3222 2882 3282 τοῖς
2915 3219 3173 3285 πτωχοῖς,
3232 3211 3473 3283 ἡσύχαζε
3509 3209 3630 3263 καθ’
3688 3206 3901 3268 ἐαυτὶν,
3955 3206 4024 3271 τῇ

2482 3317 2493 3324 .
2555 3316 2598 3324 ..-
2734 3314 2745 3324 ι
2815 3315 2827 3324 ι
2997 3311 3085 3324 ις,
3327 3309 3337 3324 ν
3500 3306 3569 3324 1‘.
3628 3301 3843 3324 _ﬂ_\-".
3875 3303 4024 3324 ---ζ

767 3317 888 3381 Quo
947 3325 1232 3386 Comperto
1306 3318 1558 3371 Iribunus
1655 3317 1869 3370 Justum
1949 3318 2336 3386 comprehendi

765 3409 969 3475 jussit:
1005 3408 1317 3477 frttstraque
1360 3419 1652 3470 tentatum.
1686 3420 1741 3463 ut
1775 3410 2054 3463 Christum
2091 3417 2335 3478 negaret,

772 3501 980 3553 catenis
1056 3502 1433 3563 constrictum,
1504 3500 1569 3553 ad
1634 3501 2002 3569 Magnentium
2058 3500 2340 3568 prtesidem

778 3591 918 3644 mitti
951 3609 964 3646 :
994 3608 1022 3646 a
1049 3607 1180 3662 quo,
1213 3607 1335 3647 cum
1371 3592 1421 3644 in
1445 3591 1645 3646 Christi
1679 3593 1779 3644 ﬁde
1808 3591 2150 3645 constantior
2174 3589 2346 3658 persi-

775 3693 962 3746 steret,
1019 3686 1200 3740 nervis
1251 3687 1438 3739 crudis
1493 3686 1810 3739 verberatur
1863 3702 1875 3738 :
1931 3683 2126 3738 deinde
2168 3680 2347 3736 ferrea

775 3780 950 3832 cassis
1003 3779 1239 3833 candens
1291 3777 1534 3848 ejusdem
1598 3780 1760 3847 capiti
1816 3779 2113 3848 imponitur
2161 3793 2175 3830 ι
2222 3791 2348 3830 mox

776 3872 971 3940 prunis
1007 3871 1326 3926 ardentibus
1355 3873 1535 3925 nudus
1559 3872 1991 3940 supersternitur
2029 3889 2041 3924 :
2072 3879 2350 3940 postremo

780 3967 833 4018 in
864 3965 1136 4033 ingentem
1175 3965 1316 4034 ignis
1349 3964 1627 4021 fornacem
1665 3966 1917 4034 injectus,
1959 3964 2068 4020 Deo
2097 3967 2349 4034 spiritum

780 4053 1038 4109 reddidit.

783 4170 851 4224 Et
919 4173 1344 4226 commemoratio
1404 4171 1578 4224 sancti
1642 4170 1824 4225 Patris
1885 4173 2052 4224 nostri
2121 4169 2356 4225 Onesimi

1371 4240 1774 4311 Thaumaturgi.

857 4374 1092 4428 Sanctus
1117 4371 1411 4426 Onesimus
1464 4372 1517 4424 in
1552 4369 1802 4425 Caesarea
1837 4371 2143 4426 Palaestinae
2194 4370 2354 4433 urbe,

786 4464 1121 4519 Diocletiano
1169 4463 1490 4532 imperante,
1541 4472 1700 4515 natus
1764 4470 1847 4516 est
1892 4463 2019 4530 piis,
2071 4470 2260 4530 atque,
2302 4472 2360 4516 ut

787 4557 928 4611 fatalia
959 4564 1063 4622 est,
1099 4556 1166 4610 ab
1195 4555 1388 4623 angelo
1413 4555 1697 4622 baptizatis
1728 4555 2068 4623 parentibus.
2100 4563 2266 4623 atque
2289 4554 2358 4608 ab

785 4650 978 4705 eodem
1011 4650 1077 4704 de
1121 4648 1215 4701 lilii
1250 4649 1333 4703 sui
1381 4648 1737 4716 conceptione
1766 4657 1820 4701 ct
1868 4647 2089 4701 nomine
2123 4647 2355 4703 edoctis.

785 4739 958 4796 Natus
993 4749 1174 4796 autem
1207 4738 1580 4807 educatusque
1634 4738 1686 4791 in
1737 4737 2023 4806 disciplina
2060 4747 2112 4791 et
2165 4753 2362 4792 corre-

789 4835 974 4904 ptione
1035 4833 1274 4896 Domini,
1337 4830 1403 4885 ad
1461 4846 1630 4890 unum
1691 4846 1756 4883 ex
1816 4831 2167 4884 monasteriis
2220 4831 2366 4900 apud

791 4928 1062 4999 Ephesum
1095 4928 1307 4995 positis,
1337 4925 1387 4978 in
1421 4939 1530 4992 quo
1575 4924 1875 4992 octingenti
1928 4924 2138 4976 Ascetae
2171 4938 2354 4976 mora-

793 5021 1010 5084 bantur,
1053 5017 1350 5087 profectus,
1381 5017 1564 5084 ibique
1608 5017 1912 5069 monachus
1954 5013 2168 5078 factus,’
2203 5030 2367 5084 supra

797 5113 1050 5166 humana:
1098 5118 1304 5161 naturai
1349 5107 1492 5161 vires
1539 5107 1794 5172 deinceps
1845 5114 2055 5158 certare
2110 5105 2367 5159 instituit.

792 5205 926 5274 "Ejus
957 5219 1119 5274 porro
1140 5202 1369 5256 orbitate
1395 5201 1571 5254 moesti
1596 5207 1867 5268 parentes,
1897 5198 2022 5251 cmsi
2057 5196 2181 5251 facti
2216 5205 2370 5251 sunt.

800 5297 999 5351 Exorta
1037 5295 1253 5350 interim
1289 5293 1666 5362 persecutione
1701 5291 1964 5345 adversus
1999 5290 2370 5351 Christianos,

798 5401 852 5444 ct
879 5389 1137 5444 omnibus
1177 5388 1386 5441 Ascetis
1438 5385 1564 5455 fuga
1600 5383 1846 5452 dilapsis,
1891 5391 2172 5452 paternam
2209 5382 2372 5434 ctiam

802 5482 917 5553 ipse
951 5483 1194 5545 domum,
1225 5490 1480 5548 tanquam
1509 5477 1849 5547 peregrinus,
1908 5475 2093 5544 petiit:
2115 5481 2169 5528 et
2198 5473 2375 5526 visum

806 5575 1024 5645 quidem
1051 5574 1368 5643 parentibus
1394 5572 1603 5626 orando
1623 5570 1892 5632 restituit,
1921 5569 2160 5636 seipsum
2193 5576 2374 5620 autem

809 5669 916 5723 iilis
986 5667 1406 5736 haudquaquam
1468 5662 1874 5721 manifestavit;
1926 5659 2024 5714 sed
2087 5659 2208 5713 vitae
2269 5673 2383 5712 sua:

811 5780 1031 5820 cursum
1066 5764 1118 5817 in
1151 5764 1339 5817 charta
1364 5756 1721 5830 descriptum,
1755 5769 1808 5814 et
1840 5760 1891 5812 in
1925 5755 2158 5826 quadam
2189 5753 2384 5807 domus

815 5856 1048 5913 fenestra
1083 5855 1378 5927 rcpositmn
1409 5855 1743 5924 relinquens,
1778 5850 2109 5920 Magnesiam
2162 5854 2387 5902 conten-

2446 3317 2526 3378 είς
2555 3314 2790 3385 Χριστὸν
2813 3311 3252 3379 ἐπαγαλλόμενος
3278 3309 3476 3359 πίστει.
3500 3303 3768 3364 Γνωσθελς
3790 3301 3846 3354 δὲ
3874 3303 4030 3366 παρά

2447 3409 2541 3462 τοῦ
2580 3405 2888 3477 τριϐούνου,
2930 3401 3208 3475 ἐκρατήθη
3258 3401 3390 3470 παρ’
3432 3395 3620 3452 αὐτοῦ.
3652 3396 3763 3447 Καὶ
3800 3394 3874 3464 μὴ
3903 3410 4028 3444 πει-

2447 3502 2596 3563 σθεὶς
2628 3497 2963 3568 ἀρνήσασθαι
2995 3496 3085 3548 τὸν
3113 3493 3367 3562 Χριστὸν,
3397 3490 3571 3551 δεθεὶς
3639 3485 3864 3539 ἁλύσεσι
3894 3500 4031 3552 παρ-

2449 3593 2706 3664 επέμφθη
2742 3589 3066 3660 Μαγνεντίῳ
3104 3587 3181 3658 τῷ
3218 3585 3466 3656 ἡγεμόνι.
3507 3581 3617 3634 Καὶ
3653 3577 3906 3647 ἐμμένων
3935 3575 4032 3626 ἐπὶ

2450 3690 2611 3746 πλέον
2645 3689 2710 3759 τῇ
2744 3687 2826 3746 είς
2868 3682 3101 3756 Χριστὸν
3132 3674 3563 3744 πίστει,ὲτύφθη
3595 3670 3792 3744 λώροις
3821 3667 3994 3759 ὠμοῖς
4016 3683 4030 3696 ·

2449 3783 2546 3838 καὶ
2591 3758 3108 3850 πεπυρακτωμένην
3151 3767 3590 3841 περικεφαλαίαν
3639 3758 4032 3850 περιετάθηᾼτῇ

2454 3873 2691 3943 κεφαλῇ.
2727 3847 2860 3924 Εἶτα
2893 3867 2985 3920 ἐπὶ
3032 3865 3269 3934 ἐσχάρας
3322 3854 3752 3930 ἡνθρακωμένης
3803 3847 4033 3943 ﬁni-diei;

2454 3939 2693 4036 yujtvde"
2743 3965 2846 4015 καὶ
2873 3959 3023 4022 τέλος
3056 3958 3113 4010 ἐν
3158 3953 3374 4022 καμίνῳ
3431 3952 3598 4016 πυρὸς
3633 3943 3870 4014 μεγάλου
3905 3939 4038 4009 βλη-

2457 4060 2592 4121 θεὶς,
2631 4056 2691 4109 τὸ
2721 4051 2915 4108 ἑαυτοῦ
2947 4048 3165 4119 πνεῦμα
3195 4045 3482 4114 παρέδωκε
3520 4041 3598 4110 τῷ
3629 4036 3770 4106 Θεῷ.

2455 4173 2565 4228 Καὶ
2579 4169 2784 4242 μνήμη
2802 4165 2910 4220 τοῦ
2934 4159 3356 4298 6010363331122:
3360 4140 3550 4280 ὖὶμῶνῖ
3571 4145 4038 4220 Θαυματουργοῦ

2541 4375 2830 4444 Ὀνήσιμος
2865 4371 2893 4423 ὁ
2931 4369 3078 4430 ὅσιος
3133 4363 3382 4433 ὑπῆρχεν
3410 4361 3474 4413 ἐκ
3513 4357 3611 4426 τῆς
3661 4354 4039 4444 πόλεωςΚαι-

2462 4443 2687 4536 σαρείας
2721 4464 2818 4532 τῆς
2850 4457 3211 4523 Παλαιστίνης
3244 4453 3336 4505 ἐπὶ
3365 4452 3463 4519 τῆς
3499 4447 3777 4519 βασιλείας
3811 4443 4040 4509 Διοκλη-

2463 4555 2670 4620 τιανοῦ,
2718 4554 2832 4616 υίὸς
2866 4550 3070 4619 γονέων
3112 4542 3373 4606 εὐσεϐῶν,
3421 4538 3845 4610 βαπτισθέντων,
3896 4536 3971 4594 ὡς
4007 4535 4045 4592 ,ὁ

2465 4650 2644 4717 λόγος,
2712 4645 2818 4699 ὑπὸ
2866 4642 3012 4696 θείου
3075 4636 3332 4705 ἀγγέλου,
3391 4630 3503 4686 καὶ
3538 4625 4035 4694 εύαγγελισθέντωι

2468 4744 2564 4796 καὶ
2621 4737 2718 4809 τὴν
2754 4732 3014 4803 σύλληψιν
3051 4727 3145 4782 τοῦ
3198 4723 3316 4778 υἱοῦ
3357 4721 3558 4783 αὐτῶν,
3615 4719 3705 4770 καὶ
3759 4716 3816 4767 τὸ
3874 4715 4048 4781 ὄνομα

2468 4831 2850 4902 διδαχθέντων.
2890 4824 3046 4881 Μετά
3079 4822 3134 4874 δὲ
3170 4819 3228 4871 τὸ
3279 4814 3604 4902 γεννηθῆναι
3656 4811 3761 4902 καί
3790 4809 4043 4902 ἀνατρα-

2474 4899 2662 4994 φῆναι,
2695 4923 2751 4972 ἐν
2795 4917 3014 4986 παιδεία
3046 4914 3138 4967 καὶ
3183 4907 3435 4976 νουθεσίᾳ
3466 4901 3565 4974 ἦν·
3599 4899 3851 4955 enatos».
3883 4899 3960 4958 εἰς
3993 4899 4048 4947 ἐν

2472 5017 2580 5070 τῶν
2611 5013 2752 5068 κατὰ
2778 5011 2874 5081 τὴν
2900 5009 3134 5076 Ἔφεσον
3167 4995 3572 5069 μοναστηρίων,
3609 4994 3665 5044 ἐν
3698 4985 3741 5058 ῷ
3779 4988 4048 5080 διέτριϐξη

2475 5108 2782 5161 ὀκτακόσιοι
2838 5097 3096 5167 ἀσκηταὶ,
3177 5092 3392 5158 ἐγένετο
3467 5084 3720 5156 μοναχός.
3803 5079 3914 5133 Καὶ
3985 5079 4050 5144 ἦν

2480 5196 2880 5266 ἀγωνιζόμενος
2923 5191 3064 5256 ὑπὲρ
3109 5185 3270 5254 φύσιν
3309 5179 3675 5250 ἀνθρωπίνην.
3709 5171 4051 5244 Θρηνοῦντες

2481 5291 2538 5344 δὲ
2593 5291 2691 5357 τὴν
2758 5285 2923 5340 αὑτοῦ
2983 5281 3262 5348 στέρησινξ
3301 5275 3350 5326 οἱ
3400 5274 3580 5341 γονεῖς
3642 5264 4048 5334 ἐτυφλώθησαν.

2486 5380 2595 5432 Καὶ
2645 5373 2885 5445 διωγμοῦ
2940 5369 3254 5438 κινηθέντος
3310 5363 3449 5416 κατά
3497 5359 3606 5412 τῶν
3671 5353 4051 5427 Χριστιανῶν,

2485 5472 2580 5525 καὶ
2627 5469 2733 5520 τῶν
2808 5462 3061 5534 ἀσκητῶν
3113 5459 3330 5511 πάντων
3376 5452 3676 5522 φυγόντων,
3721 5445 4052 5517 παρεγένετο

2488 5562 2580 5614 καὶ
2619 5559 2778 5620 αὐτὸς
2818 5557 2898 5618 εἷς
2936 5553 3026 5606 τὸν
3055 5546 3200 5603 οἷκον
3238 5544 3402 5599 αὑτοῦ
3449 5543 3522 5604 ὡς
3559 5540 3726 5604 ξένος.
3775 5537 3886 5588 Καὶ
3933 5535 4054 5593 τοὶς

2494 5655 2590 5724 μὲν
2626 5653 2802 5719 γονεῖς
2836 5647 3061 5717 ἐποίησε
3095 5643 3161 5696 δι’
3186 5641 3350 5710 εὐχῆς
3390 5635 3690 5702 ἀναϐλέψαι
3714 5647 3726 5661 '
3779 5630 3974 5683 ἑαυτὸν
4000 5626 4053 5678 δὲ

2492 5747 2589 5799 οὐκ
2622 5738 2969 5808 ἀπεκάλυψεν
3003 5735 3216 5794 αὐτοῖς’
3257 5729 3392 5782 ἀλλὰ
3430 5723 3652 5794 γράψας
3690 5723 3746 5773 ἐν
3779 5719 3954 5788 χάρτῃ
3992 5717 4054 5766 τὰ

2497 5839 2615 5892 κατ’
2658 5834 2838 5898 αὑτὸν,
2882 5829 2974 5884 καὶ
3013 5828 3122 5890 οεῖς
3163 5827 3217 5878 ἐν
3255 5821 3350 5892 μιᾷ
3389 5819 3494 5872 τῶν
3529 5815 3785 5888 θυρίδων,
3825 5809 4058 5879 ἀπῆλθεν
