4190 6534
165 395 264 467 διι

1660 398 1959 464 IULIUS.

3320 406 3423 462 542

166 518 243 577 εἰς
275 516 621 586 Μαγνησίαν.
652 516 820 569 Ἔνθα
850 515 1018 569 πολλά
1041 514 1299 585 θαύματα
1322 514 1577 586 ποιήσας,
1608 514 1743 585 πρὸς

1857 515 1961 584 dit;
1992 516 2083 572 ubi
2133 517 2323 574 multis
2364 518 2591 588 patratis
2628 516 2929 582 miraculis,
2978 515 3044 570 ad
3101 513 3273 569 Deum
3330 513 3430 564 mi-

164 609 301 661 θεὸν
335 608 492 679 ἐξεδή
503 625 698 679 μησεν.

166 723 281 779 Καὶ
304 723 515 794 μνήμη
551 723 657 779 τοῦ
697 725 883 794 ὁσίους
920 725 1149 788 Πατρός
1193 723 1363 793 ἡμῶν
1387 723 1499 777 καί
1539 725 1752 791 ὁμολο-

715 793 900 864 γητοῦ
940 794 1160 863 Ἰωσήφ
1172 838 1183 849 .
1548 842 1555 849 .

259 904 464 975 Ἰωσὴφ
522 907 549 958 6
589 907 647 957 ἐν
699 904 877 972 ἁγίοις
909 906 1100 974 Πατὴρ
1158 904 1317 976 ήμῶν
1360 904 1607 974 ὑπῆρχεν
1660 904 1751 958 ἐπὶ

167 998 272 1068 τῆς
300 998 580 1068 βασιλείας
614 997 882 1066 θεοφίλου
929 997 1023 1050 τοῦ
1063 997 1455 1066 Εῖκονομάχου,
1495 996 1607 1060 υίδς
1652 997 1751 1066 μὲν

169 1091 447 1144 Φωτεινοῦ
508 1092 603 1144 καὶ
661 1091 1025 1161 Θεοκτίστης,
1079 1090 1310 1159 ἀδελφὸς
1362 1090 1418 1142 δὲ
1470 1088 1748 1158 θεοδώρου

167 1185 481 1254 ἡγουμένου
512 1185 623 1237 τῶν
658 1184 938 1237 Στουδίου·
991 1184 1048 1246 ὃς
1080 1185 1169 1237 διὰ
1199 1185 1297 1253 τὴν
1316 1184 1568 1252 ἐνάρετον
1586 1181 1750 1235 αὑτοῦ

174 1278 459 1329 πολιτείαν
484 1277 651 1347 ψήφῳ
679 1280 830 1346 κοινῇ
860 1279 1248 1346 χειροτονεῖται
1277 1276 1578 1337 ἐπίσκοπος
1618 1274 1753 1325 Θεσ-

170 1369 465 1436 σαλονίκης
491 1385 506 1397 ·
546 1368 674 1420 ἔνθα
721 1370 913 1438 χρόνον
952 1367 1132 1435 ὀλίγον
1168 1366 1479 1436 διατρίψας,
1525 1364 1620 1418 καὶ
1654 1363 1751 1433 τὴν

166 1458 453 1526 ὀρθὸδοξον
490 1459 677 1511 πίστιν
728 1459 965 1522 διδάξας,
1016 1459 1152 1525 πρὸς
1206 1458 1303 1528 τὴν
1362 1456 1751 1527 βασιλεύουσαν

168 1546 491 1614 ὑπέστρεψε
532 1546 687 1599 πόλιν
722 1545 969 1600 κελεύσει
1007 1545 1279 1617 βασιλικῇ.
1309 1546 1420 1600 Καὶ
1443 1546 1752 1614 παραστάν-

165 1655 261 1699 τες
300 1637 466 1699 αὑτός
500 1655 557 1690 τε
601 1639 693 1691 καὶ
724 1640 751 1691 6
798 1638 1025 1707 ἀδελφὸς
1070 1637 1236 1690 αὑτοῦ
1286 1636 1364 1707 τῷ
1409 1635 1753 1705 είκονομάχῳ

166 1728 405 1796 βασιλεῖ,
439 1730 816 1798 ἡναγκάζοντο
863 1729 1206 1799 ἀρνήσασθαι
1238 1728 1338 1799 τὴν
1382 1727 1753 1800 προσκύνησιν

160 1822 279 1872 τῶν
321 1823 540 1875 σεπτῶν
590 1824 834 1877 εἰκόνων.
868 1825 979 1876 Καὶ
1022 1824 1095 1894 μὴ
1138 1823 1473 1887 πεισθέντες,
1507 1826 1533 1876 6
1569 1825 1666 1893 μὲν
1697 1826 1753 1876 ἐν

163 1915 232 1981 τῇ
270 1914 369 1981 τῆς
418 1913 843 1977 Ἀπολλωνιάδος
876 1915 1144 1985 ἐξωρίσθη
1182 1914 1344 1985 λίμνῃ
1377 1916 1406 1968 6
1436 1914 1712 1983 Θεόδωρος
1737 1930 1751 1943 ⁸

161 2009 189 2057 ὁ
219 2005 284 2057 δὲ
343 2006 619 2073 φυλακαῖς
681 2008 963 2077 διαφόροις
1019 2009 1431 2078 προσομιλήσας
1467 2010 1494 2059 6
1536 2008 1752 2076 Ἰωσὴφ,

165 2100 270 2151 καὶ
295 2102 364 2168 τῇ
401 2098 564 2168 λοιπῇ
599 2099 943 2171 κακοπαθείᾳ
988 2102 1425 2170 ἐγκαρτερήσας,
1467 2098 1564 2152 καὶ⁹
1597 2101 1755 2153 πάλιν

161 2191 257 2242 διά
289 2207 440 2252 τινος
464 2190 573 2243 τῶν
598 2190 875 2244 δυσσεὸὦν
908 2191 1310 2253 ἀποσταλέντος
1353 2192 1505 2261 παρὰ
1527 2192 1619 2243 τοῦ
1656 2190 1756 2259 βα·-

166 2280 399 2342 σιλέως,
426 2282 797 2345 ἀναγκασθεὶς
840 2282 1156 2352 ὑπογράψαι
1183 2286 1259 2352 τῷ
1289 2284 1443 2353 τόμφ
1471 2284 1568 2354 τῆς
1603 2284 1758 2353 alpi-

165 2389 336 2433 σεως,
375 2374 470 2426 καὶ
508 2373 583 2443 μὴ
619 2374 1011 2445 ἀνασχόμενος,
1046 2377 1465 2439 κατακλεισθεὶς
1514 2379 1592 2439 εἰς
1628 2393 1756 2429 σκο-

160 2465 488 2537 τεινοτέραν
520 2467 791 2538 φυλακην,
820 2467 1141 2537 ἐτελειώθη.

708 2599 885 2653 MHNI
920 2600 1007 2670 re
1040 2600 1242 2670 erm.

944 2690 1006 2742 IE

164 2804 471 2870 Ἀθ.ῖησις
518 2802 640 2857 τῶν
690 2805 873 2874 ἁγίων
922 2804 1238 2873 μαρτύρων
1319 2806 1581 2874 Κυρίνιον
1658 2804 1758 2860 καί

781 2873 1135 2941 Ἰουλίττης.

250 2986 523 3039 Ἰουλίττα
562 2987 719 3057 ήτοῦ
768 2988 1007 3056 Χριστοῦ
1067 2988 1303 3058 μάρτυς,
1364 2988 1612 3059 ὑπῆρχεν
1664 2990 1758 3043 ἐπὶ

164 3078 568 3146 Διοκλητιανοῦ
601 3078 693 3130 τοῦ
724 3078 1009 3147 βασιλέως,
1041 3082 1104 3132 ἐκ
1131 3080 1231 3148 τῆς
1265 3080 1474 3143 πόλεως
1512 3082 1751 3134 Ἰκονίου·

1855 611 2048 682 gravit.

1858 726 2017 797 167
2051 725 2121 780 Et
2148 725 2580 781 commemoratio
2594 728 2775 797 sancti
2803 722 2989 779 Patris
3034 724 3204 776 nostri
3235 717 3432 787 Ioseph

2472 796 2811 864 confessoris.

1924 910 2160 965 Sanctus
2184 910 2345 968 Pater
2381 920 2566 966 noster
2587 909 2813 980 Joseph,
2852 908 3156 977 Theophila
3194 905 3424 975 impera.

1856 1011 1973 1057 tore
2023 1002 2409 1065 iconomacho,
2467 1000 2662 1054 claruit
2703 1016 2717 1056 :
2773 1007 2828 1054 et
2877 998 3020 1052 illius
3052 996 3275 1065 quidem
3335 992 3431 1045 fuit

1855 1092 2070 1149 Pbotini
2121 1109 2186 1148 ac
2236 1092 2608 1155 Theoctistes,
2668 1090 2837 1143 frater
2918 1098 3100 1143 autem
3161 1085 3432 1141 Theodori

1856 1186 2033 1240 Studii
2063 1185 2324 1253 praefecti,
2352 1185 2443 1253 qui
2467 1184 2537 1238 ob
2571 1182 2839 1251 insignem
2867 1195 3080 1234 morum
3106 1178 3433 1248 probitatem

1854 1280 2134 1333 communi
2161 1277 2424 1345 suffragio
2457 1275 2750 1344 episcopus
2776 1271 3183 1324 Thessalonicae
3215 1279 3435 1324 eri-atus

1854 1367 1976 1421 fuit.
1996 1364 2194 1419 Paucis
2212 1376 2392 1418 autem
2418 1364 2581 1417 annis
2608 1361 2902 1417 transactis
2921 1374 3045 1414 cum
3070 1357 3430 1412 orthodmam

1855 1457 2015 1513 ﬁdem
2069 1457 2372 1519 docuisset,
2441 1455 2508 1508 ad
2565 1454 2767 1522 regiam
2828 1452 3018 1506 urbem
3086 1451 3436 1516 imperatoris

1849 1551 2006 1621 jussu
2044 1551 2329 1604 revertitur
2358 1566 2372 1601 ι
2408 1549 2632 1616 ipseque
2673 1562 2736 1600 ac
2770 1546 2940 1607 frater,
2967 1543 3282 1611 imperatori
3321 1541 3432 1592 ien-

1855 1640 2125 1695 nomacho
2153 1640 2341 1699 oblati,
2372 1642 2437 1692 ad
2466 1638 2787 1706 ejurandam
2824 1632 3261 1689 venerandarum
3299 1632 3435 1683 ima-

1854 1731 2041 1801 ginum
2091 1729 2468 1784 adoratiouem
2528 1729 2733 1781 frustra
2783 1725 3079 1793 compulsi,
3112 1720 3435 1775 Theodorus

1859 1822 2075 1891 quidem
2091 1821 2153 1873 ad
2173 1820 2541 1890 Apolloniadis
2559 1829 2810 1887 stagnum
2834 1815 3089 1870 exsulare
3112 1823 3195 1867 est
3214 1812 3434 1880 jussus;

1854 1910 2058 1982 Joseph
2089 1925 2222 1965 vero
2257 1925 2353 1980 per
2384 1911 2569 1964 varios
2601 1922 2848 1961 carceres
2882 1906 3186 1963 traductus,
3223 1912 3276 1955 et
3311 1900 3435 1953 reli-

1856 2006 1980 2074 quis
1999 2004 2263 2059 aarumnis
2290 2009 2456 2071 atque
2489 1999 2855 2054 incommodis
2881 1996 3098 2051 fortiter
3120 1993 3427 2052 exhaustis.

1856 2112 2051 2152 rursus
2079 2097 2146 2150 ab
2170 2096 2339 2165 impio
2372 2094 2607 2164 quodam
2645 2094 2710 2147 ad
2749 2094 3134 2161 imperatorem
3173 2090 3435 2141 remissus

1857 2198 1940 2245 est
1973 2208 1985 2243 :
2022 2189 2331 2257 frustraque
2379 2195 2641 2247 tentatus,
2680 2196 2739 2240 ut
2792 2185 3066 2238 haereseos
3116 2192 3264 2235 tomo
3304 2180 3435 2233 sub-

1858 2284 2142 2349 scriberet,
2169 2283 2225 2338 in
2258 2282 2589 2339 teterrimam
2624 2280 2929 2335 custodiam
2958 2276 3241 2343 detrusus,
3266 2274 3436 2330 vitam

1860 2374 2057 2431 ﬁnivit.

2395 2600 2631 2659 EODEM
2674 2600 2924 2655 MENSE.

2368 2694 2465 2750 Die
2498 2694 2709 2750 decima
2744 2694 2936 2764 quinta

1860 2809 2140 2865 Certamen
2170 2815 2479 2862 sanctorum
2530 2814 2824 2875 martyrum
2882 2802 3063 2874 (ἔντεσι
3103 2814 3151 2857 et
3197 2799 3443 2861 Iulium.

1939 2993 2141 3064 Martyr
2164 2990 2369 3047 Christi
2396 2987 2585 3044 Julitta
2616 3004 2682 3043 ex
2704 2988 2839 3043 urbe
2866 2985 3072 3052 Iconio,
3104 2985 3449 3041 Diocletiano

1860 3086 2214 3153 imperatore,
2240 3080 2458 3135 claruit.
2489 3079 2767 3133 Gliscente
2793 3088 2972 3131 autem
2999 3076 3165 3131 lcouii
3187 3092 3439 3145 perseeu-

163 3171 254 3223 ὂιὰ
290 3170 349 3223 δὲ
385 3169 476 3222 τὸν
509 3170 908 3237 ἐπικρατοῦντα
942 3170 1180 3240 διωγμὸν
1230 3174 1286 3225 ἐν
1342 3172 1570 3240 Ἰκονίῳ,
1622 3174 1752 3225 ἀνα-

1859 3178 2026 3241 tione,
2060 3192 2168 3231 una
2196 3189 2318 3229 cum
2343 3172 2452 3228 lilio
2481 3172 2679 3241 Cyrico
2705 3172 2903 3223 trienni
2930 3185 3099 3239 puero
3132 3167 3449 3223 Seleuciam-

164 3263 457 3331 λαϐομένη
518 3262 610 3315 τὸν
656 3263 771 3313 υἱὸν
822 3263 990 3331 αὐτῆς
1053 3262 1296 3333 Κύρικον
1356 3264 1547 3334 τριετῆ
1598 3264 1750 3329 ὄντα,

166 3353 424 3421 ἀπῆλθεν
483 3354 561 3414 είς
607 3352 960 3405 Σελεύκειαν·
1002 3353 1097 3406 καὶ
1137 3354 1371 3424 εὑροῦσα
1408 3354 1467 3406 δὲ
1516 3357 1629 3407 ἐκεῖ
1661 3355 1752 3407 τὸν

164 3446 332 3497 αὑτὸν
366 3444 627 3513 διωγμὸν,
676 3444 1008 3513 παρεγένετο
1044 3447 1125 3509 είς
1176 3447 1410 3514 Ταρσόν.
1454 3447 1621 3500 Ἔνθα
1660 3450 1755 3503 καὶ

176 3535 535 3603 Ἀλέξανδρος
583 3537 611 3587 6
640 3534 885 3604 ήγεμὼν,
918 3534 1070 3605 ὠμὸς
1117 3537 1211 3589 xa‘t
1238 3538 1507 3609 θηριώδης
1539 3539 1750 3611 ἀνθρω-

166 3647 289 3693 πος,
340 3626 635 3691 ἐϐασάνιζε
675 3628 799 3689 τοὺς
854 3628 1068 3693 ἁγίους.
1111 3630 1221 3681 Kal.
1260 3630 1617 3699 κρατηθεῖσα,
1658 3632 1755 3685 καὶ

163 3718 259 3771 τοῦ
286 3718 481 3779 παιδος
510 3718 978 3787 άποχωρισθεῖσα,
1007 3718 1440 3787 ὲτιμωρεῖτο.Τὸ
1462 3719 1517 3772 δὲ
1542 3719 1753 3772 παιδίον

164 3810 336 3863 αὑτοῦ
370 3808 553 3861 λαϐὼν
586 3810 679 3860 ἐπὶ
740 3808 847 3861 τῶν
894 3810 1136 3875 γονάτων
1174 3811 1201 3862 6
1245 3808 1504 3879 ἡγεμὼν,
1557 3811 1752 3863 ἐκολά-

164 3920 296 3955 κευε
320 3918 338 3933 ⁸
368 3903 430 3953 το
457 3902 513 3953 δέ
554 3903 654 3954 οὑκ
707 3901 1076 3971 ἐπεστρέφετο
1104 3902 1239 3970 πρὸς
1270 3902 1430 3954 αὑτόν
1452 3918 1467 3932 ·
1521 3902 1655 3955 ἀλλὰ
1682 3901 1749 3953 δι’

162 3995 292 4047 ὅλου
336 3994 565 4046 ἔϐλεπεν
617 3994 820 4053 ἀτενῶς
856 3994 992 4063 πρὸς
1015 3995 1116 4061 τὴν
1149 3994 1362 4065 μητέρα
1386 4010 1399 4023 ⁸
1448 3995 1541 4047 καὶ
1568 3994 1758 4061 ψελλι-

166 4087 339 4153 ζοᾷσῃ
394 4087 461 4154 τῇ
502 4087 674 4152 φωνῇ,
704 4083 766 4135 τὸ
798 4083 900 4152 μὲν
943 4083 1037 4135 τοῦ
1071 4084 1311 4153 Χριστοῦ
1342 4086 1661 4137 ἀνεκαλεῖτο
1695 4085 1757 4138 τὸ

163 4179 340 4245 ὄνομα
371 4218 386 4241 ,
424 4177 558 4246 προς
583 4177 637 4228 δὲ
661 4176 759 4245 τὴν
791 4177 1007 4246 μητέρα
1038 4176 1301 4229 ἔσπευδεν
1332 4178 1612 4231 ἀπελθεῖν.
1647 4179 1757 4230 Καὶ

162 4269 420 4336 χολώσας
451 4272 479 4322 6
506 4268 740 4338 ἀνηλεής
770 4268 894 4338 θὴρ,
932 4268 1213 4322 ἐλάκτισεν
1238 4271 1422 4334 αὑτὸν,
1458 4269 1619 4339 ῥίψας
1648 4270 1756 4323 ἀπὸ

163 4359 277 4410 τῶν
302 4360 607 4428 βαθμίδων.
642 4360 751 4412 Kal
804 4359 1187 4429 συντριὸείσης
1213 4362 1278 4431 τῇ
1307 4360 1483 4429 πέτρα
1526 4361 1623 4428 τῆς
1664 4378 1757 4413 κεν

1859 3268 2169 3334 c0utendit;
2256 3264 2613 3331 eamdemque
2701 3262 2900 3315 ibidem
2992 3262 3450 3331 persecutionem-

1861 3359 2165 3422 oll’endens,
2202 3357 2431 3411 Tarsum
2458 3353 2700 3425 profecta
2733 3362 2851 3408 est:
2885 3352 2975 3407 ubi
3010 3353 3175 3407 etiam
3200 3352 3443 3407 Alexan-

1860 3455 1955 3508 der
1985 3467 2208 3522 prazses,
2250 3451 2414 3503 homo
2439 3448 2679 3503 crudelis
2708 3457 2762 3501 et
2794 3445 2962 3510 fetus,
2996 3454 3219 3501 sanctos
3251 3446 3438 3515 exagi-

1860 3542 2030 3597 tabat.
2078 3540 2489 3609 Comprehensa
2538 3540 2741 3607 itaque,
2772 3545 2831 3589 et
2871 3552 2914 3590 a‘
2947 3552 3116 3606 puero
3163 3548 3435 3605 separata,

1861 3627 2149 3681 tormentis
2183 3627 2493 3695 subjicitur.
2541 3626 2719 3680 Puero
2765 3635 2955 3678 autem
3000 3640 3164 3693 super
3207 3626 3436 3690 genibus
3531 3618 3547 3636 ⁸

1860 3720 2039 3788 posito
2066 3734 2267 3788 pra:ses
2313 3720 2529 3773 interim
2574 3717 2974 3771 blandiebatur.
3013 3720 3081 3769 At
3117 3717 3205 3769 ille
3244 3732 3436 3771 averso

1860 3812 2039 3866 abillo
2055 3826 2171 3875 ore,
2192 3811 2480 3881 defixoque
2512 3812 2567 3865 in
2596 3819 2825 3864 matrem
2855 3810 3069 3871 obtutu,
3103 3809 3437 3863 balbutientc

1860 3919 1991 3959 voce
2022 3920 2221 3958 nomen
2253 3904 2457 3959 Christi
2491 3903 2818 3973 appellabat,
2853 3910 2907 3955 et
2938 3903 3003 3954 ad
3034 3911 3260 3955 matrem
3286 3901 3437 3953 abire

1864 3995 2189 4050 conabatur.
2242 3994 2420 4061 Quare
2450 3994 2518 4047 ab
2559 3993 2753 4046 immiti
2799 3993 2912 4045 fera
2948 3992 3190 4045 calcibus
3231 3999 3438 4052 ῑτυειις,

1862 4094 1915 4139 et
1950 4102 2044 4155 per
2084 4085 2287 4155 gradus
2325 4085 2595 4146 deiectus,
2655 4084 2848 4137 colliso
2899 4082 2965 4135 ad
3015 4092 3223 4150 petram
3263 4080 3439 4145 capite

1863 4178 2230 4246 coutritoque,
2296 4177 2646 4232 exanimatus
2698 4184 2799 4229 est.
2860 4174 3030 4227 Mater
3080 4173 3242 4242 168
3303 4187 3435 4225 vero

1864 4268 2031 4323 Deum
2064 4269 2400 4340 glorificaus,
2446 4276 2569 4337 post
2597 4268 2782 4337 plures
2817 4267 3094 4322 cruciatus
3121 4268 3285 4318 etiam
3319 4263 3437 4331 ipsa

1865 4362 2040 4430 capite
2075 4361 2227 4431 plexa
2262 4359 2383 4414 fuit.

164 4454 349 4521 ψιλῆς
383 4453 573 4516 αὑτοῦ,
614 4454 793 4521 ἀφῆκε
824 4453 921 4523 τὴν
947 4454 1149 4524 ψυχήν.
1186 4456 1296 4508 Καὶ
1344 4454 1619 4519 δοξάσασα
1660 4454 1753 4507 τὸν
1810 4454 1944 4507 Θεὸν
2007 4456 2040 4525 ή
2099 4456 2282 4526 μήτηρ
2330 4452 2515 4518 αὑτοῦ,
2586 4451 2727 4523 μετὰ
2774 4451 2974 4513 πολλάς
3022 4449 3121 4513 τὰς
3172 4450 3439 4520 βασάνους

162 4549 595 4615 άπεκεςραλίσθη
618 4552 711 4602 καὶ
742 4551 903 4620 αὐτή.

214 4685 330 4735 Καὶ
362 4681 621 4745 ἄθλησις
644 4681 749 4733 τοῦ
774 4682 947 4749 ἁγίου
972 4681 1278 4749 μάρτυρος
1319 4680 1695 4751 Ἀὅουδι’μου.

247 4797 309 4848 Ὀ
344 4796 436 4847 τοῦ
469 4795 709 4865 Χριστοῦ
752 4797 961 4864 μάρτυς
1005 4795 1345 4864 Ἀὖο-ᾅδιμος,
1386 4795 1629 4864 ὑπῆρχεν
1661 4795 1753 4848 ἐπὶ

162 4886 559 4955 Διοκλητιανοῦ
601 4887 697 4939 τοῦ
753 4888 1039 4955 βασιλέως,
1073 4890 1136 4940 ἐκ
1177 4888 1273 4956 τῆς
1306 4890 1470 4955 νήσου
1502 4886 1751 4942 Τενέδου.

165 4978 485 5047 Κρατηθε“;ς
504 4978 581 5039 δὲ,
610 4980 701 5030 καὶ
728 4978 896 5030 πολλὰ
914 4978 1386 5046 καταναγκασθεὶς
1410 4978 1752 5049 ἀρνήσασθαι

162 5072 253 5121 τὸν
286 5072 552 5136 Χριστὸν,
587 5072 686 5122 οὑκ
732 5071 960 5141 ἐπείσθη
986 5088 998 5102 ·
1036 5072 1168 5123 ἀλλὰ
1199 5072 1397 5139 μᾶλλον
1432 5072 1749 5140 ὡμολόγησε

166 5162 465 5233 παρρησία
500 5164 598 5231 τὴν
630 5163 861 5231 θεότητα
893 5163 1079 5219 αὐτοῦ.
1104 5163 1267 5215 Ὅθεν
1301 5164 1487 5216 πάλων
1519 5164 1755 5234 πηχθέν-

162 5273 296 5315 των,
338 5256 419 5316 είς
454 5255 727 5322 μάστιγας
759 5255 1011 5324 ἐξετάθη,
1042 5257 1136 5307 καὶ
1168 5255 1434 5309 τύπτεται
1459 5257 1562 5308 ὑπὸ
1597 5256 1752 5309 ἐννέα

166 5346 564 5417 στρατιωτῶν·
634 5346 982 5416 βιασαμένων
1052 5349 1107 5400 δὲ
1161 5349 1323 5400 αὑτὸν
1384 5347 1491 5399 τῶν
1543 5348 1753 5418 δημίων

167 5441 393 5511 μιαρῶν
432 5442 848 5509 ἀπογεύσασθαι
882 5443 1108 5505 θυσιῶν,
1166 5445 1265 5497 οὐκ
1314 5445 1602 5515 ήνεσχέθη.
1659 5442 1748 5495 Διὸ

167 5533 393 5595 ξέουσιν
440 5534 602 5585 αὑτὸν
656 5536 814 5604 χερσὶ
867 5535 1147 5605 σιδηραῖς·
1206 5537 1301 5590 καὶ
1351 5538 1488 5605 μετὰ
1546 5534 1749 5596 πολλὰς

165 5626 366 5693 ἐτέρας
407 5623 668 5691 βασάνους
708 5628 783 5695 μὴ
828 5628 1121 5680 πεισθέντα
1168 5629 1598 5695 ἀπεκεφάλισαν.
1641 5629 1750 5681 Καὶ

170 5716 281 5771 ἰδοῦ
329 5716 509 5786 μέσης
532 5720 745 5789 ἡμέρας
774 5720 945 5790 ἐφάνη
976 5723 1003 5773 6
1035 5722 1244 5791 μάρτυς
1272 5721 1350 5791 τῷ
1382 5720 1749 5790 Διοκλητιανῷ

168 5810 305 5875 μετὰ
354 5808 604 5873 ἀγγέλων
677 5813 1012 5878 κατεχόντων
1094 5814 1405 5881 ῥομφαία;’
1460 5815 1551 5866 καὶ
1602 5814 1748 5879 φόϐῳ

1787 4668 1834 4723 ῐ)

2072 4681 2139 4735 Et
2162 4690 2430 4736 certamen
2458 4681 2630 4734 sancti
2658 4680 2910 4750 martyris
2948 4678 3223 4734 Abudimt'.

1931 4795 2131 4867 Martyr
2154 4795 2353 4851 Christi
2379 4794 2704 4856 Abudimus,
2727 4793 3063 4848 Diocletiano
3082 4794 3433 4860 imperatore,

1859 4904 1925 4944 ex
1955 4890 2134 4943 insula
2170 4887 2409 4949 Tenedo,
2441 4901 2563 4939 cum
2591 4886 3044 4954 comprehensus,
3079 4886 3435 4953 pluribusque

1863 4982 2059 5045 modis,
2088 4992 2146 5033 ut
2189 4980 2467 5033 Christum
2502 4978 2760 5046 ejuraret,
2798 4979 3137 5043 compulsus,
3187 4988 3436 5043 negasset

1862 5073 1911 5125 id
1933 5086 1990 5124 se
2010 5069 2301 5132 facturum,
2320 5070 2454 5137 quin
2479 5070 2645 5121 etiam
2670 5068 2898 5121 liberius
2924 5068 3068 5119 illius
3088 5068 3429 5120 divinitatem

1861 5163 2247 5233 proﬁteretur;
2284 5162 2422 5230 palis
2448 5162 2562 5215 solo
2593 5160 2774 5213 iulixis
2796 5160 3048 5229 alligatus
3073 5170 3127 5214 et
3149 5170 3429 5225 extensus,

1862 5273 1889 5310 a
1922 5274 2114 5312 novem
2138 5256 2402 5310 militibus
2420 5255 2669 5309 caeditur.
2702 5253 3035 5322 Cogeutibus
3059 5258 3277 5323 insuper
3302 5272 3426 5308 eum

1857 5352 2143 5406 lictoribus
2174 5350 2480 5403 immuudas
2520 5364 2712 5403 carnes
2766 5348 2925 5401 idolis
2981 5347 3288 5400 immolatas
3333 5363 3429 5400 co-

1857 5444 2095 5509 medere,
2118 5442 2334 5496 restitit.
2360 5440 2725 5505 Quamobrem
2758 5440 2978 5507 ungulis
3008 5439 3195 5492 ferreis
3227 5440 3294 5492 ab
3320 5442 3428 5493 eis-

1853 5537 1977 5591 dem
2011 5534 2316 5603 depectilur
2350 5550 2363 5586 :
2398 5533 2629 5601 aliisque
2674 5532 2924 5600 pluribus
2971 5532 3255 5585 tormentis
3312 5529 3427 5583 fru-

1856 5639 1968 5683 stra
1994 5636 2255 5689 tentatus,
2286 5636 2621 5695 postremum
2657 5624 2957 5677 deeollatus
2986 5633 3067 5677 cst
3103 5640 3116 5676 :
3147 5639 3269 5677 cum
3301 5637 3427 5677 ecce

1857 5721 1957 5774 sub
1988 5719 2268 5773 meridiem
2294 5732 2562 5787 apparens
2590 5724 2798 5786 martyr
2833 5715 3191 5778 Diocletiano,
3220 5714 3431 5782 angelis

1856 5815 2089 5880 stipatus
2118 5812 2323 5881 gladios
2352 5826 2514 5866 manu
2543 5807 2956 5871 stringentibus,
2991 5806 3198 5863 t-(nlcsti
3224 5815 3437 5864 terron‘.
