4190 6534
157 387 255 444 545

1646 385 1940 445 JULlUS.

3318 394 3422 455 546

155 494 484 561 Μαρκιανὸς,
511 493 650 563 μετά
671 494 924 564 τελευτὴν
942 494 1235 547 ’Θεοδοσίου
1259 494 1373 546 υἱοῦ
1411 494 1466 545 Ἀ
1478 494 1722 563 ρκαδίου,

1834 503 1955 562 gata
1984 492 2330 548 Chalcedone
2349 510 2503 549 sacra
2534 506 2920 551 sexcentarum
2959 511 3022 551 ac
3048 496 3268 563 triginta
3305 499 3421 551 dei-

158 583 460 651 συνήγαγεν
489 586 547 637 ἑν
577 585 884 653 Χαλκηδόνι
944 586 1168 639 σύνοδον
1240 587 1393 655 ἱερὰν
1433 585 1730 651 ἑξακοσίων

150 672 441 739 τριάκοντα
476 673 749 742 θεοφόρων
791 675 1070 745 Πατέρων,
1107 675 1203 728 καὶ
1240 675 1491 728 καθεῖλεν
1540 675 1599 727 οὑ
1634 675 1730 742 μό-

151 778 235 812 νον
270 763 511 832 Εύτυχῆ,
549 765 751 832 μᾶλλον
781 765 837 818 δὲ
868 765 1108 833 δυστυχῆ
1133 766 1227 818 καὶ
1255 765 1455 828 ἄθλιον,
1487 764 1579 816 καὶ
1605 765 1729 826 τοὺς

149 853 458 925 ὁμόφρονας
490 856 655 909 αὑτοῦ
679 871 692 884 ·
722 858 857 910 ἀλλά
903 860 995 910 καὶ
1027 859 1118 911 τὸν
1166 858 1548 928 Ἀρειανισμὸν
1594 874 1731 910 παν-

148 944 316 1008 τελῶς
346 948 601 1014 ἠφάνισε,
661 948 937 1018 κρατύνας
987 950 1048 1002 τὸ
1097 950 1250 1018 ἅγιον
1305 949 1573 1019 συμϐολον
1623 950 1731 1001 τῶν

147 1038 320 1102 ἀγίων
356 1039 639 1110 Πατέρων,
682 1041 776 1094 καὶ
802 1040 1230 1105 ὲπιὸεὸαιώσας,
1264 1042 1362 1095 καὶ
1389 1042 1731 1111 ἀναθεματί-

144 1144 243 1188 σας
300 1129 551 1192 ἅπαντας
609 1131 736 1193 τοὺς
792 1132 1135 1202 αἱρετικούς·
1197 1131 1611 1201 συνεργησάσης
1652 1131 1731 1191 είς

142 1220 302 1272 τοῦτο
327 1222 423 1272 καὶ
452 1222 549 1291 τῆς
582 1223 742 1287 ἁγίας
775 1223 1265 1294 μεγαλομάρτυρος
1298 1222 1609 1291 Εὗφημίας,
1640 1221 1731 1273 καὶ

142 1314 230 1364 τὸν
256 1314 385 1383 ὅρον
413 1315 513 1381 τῆς
546 1316 873 1383 όρθοδοξίας,
900 1318 1150 1386 καθάπερ
1174 1316 1344 1381 ζῶσα,
1374 1314 1733 1386 παρασχοῦσα

138 1408 255 1466 τοῖς
290 1405 617 1475 όρθοδόξοις.

136 1518 251 1571 Καὶ
281 1518 545 1585 ἄθλησις
582 1517 700 1571 τῶν
758 1520 941 1587 ἁγίων
973 1521 1291 1587 μαρτύρων
1339 1516 1731 1585 Ὀνησιφόρου

694 1592 791 1643 καὶ
826 1592 1185 1657 ηομερλ-ρίου.

220 1699 287 1753 Ὅ
335 1700 439 1754 τοῦ
518 1701 757 1771 Χριστοῦ
827 1701 1037 1772 μάρτυς
1099 1700 1451 1769 ὐνησιφόρος
1522 1700 1731 1769 ὑπῆρχε

144 1792 251 1859 μὲν
283 1795 350 1845 ἐκ
384 1794 483 1863 τῆς
516 1794 723 1857 πόλεως
762 1795 1003 1857 Ἰκονίου,
1053 1794 1321 1863 συγγενὴς
1345 1794 1419 1845 ὢν
1454 1794 1551 1862 τῆς
1581 1794 1731 1861 βασι-

136 1885 334 1951 λίσσης
369 1886 719 1954 Τρυφαίνης·
756 1887 1000 1955 κατῴκει
1028 1886 1080 1939 δὲ
1108 1887 1163 1937 ὲν
1195 1889 1260 1955 τῇ
1293 1884 1444 1937 πόλει
1484 1883 1724 1935 Ἰκονίου.

141 1974 314 2025 Ἔνθα
348 1976 445 2027 καὶ
472 1974 763 2043 δεξάμενος
802 1976 895 2026 τὸν
926 1977 1099 2043 μέγαν
1149 1974 1446 2026 ἀπόστολον
1497 1972 1727 2033 Παῦλον,

138 2066 395 2135 ἐδιδάχθη
450 2066 539 2117 ὑπ’
588 2067 798 2119 ἐκείνου
826 2067 916 2118 τὸν
948 2066 1105 2133 λόγον
1152 2066 1250 2134 τῆς
1302 2065 1580 2133 ἀληθείας,
1633 2066 1726 2115 καὶ

138 2156 466 2225 βαπτισθεὶς
494 2161 732 2223 πανοικὶ,
784 2160 1051 2228 ἐκήρυττε
1086 2160 1176 2211 τὸν
1210 2158 1467 2227 Χριστόν.
1509 2159 1614 2208 Καὶ
1642 2157 1729 2209 διὰ

138 2250 301 2303 τοῦτο
326 2250 601 2319 διωχθεὶς,
649 2252 714 2303 ὲκ
740 2252 833 2303 τοῦ
877 2252 1097 2303 Ἰκονίου
1148 2251 1423 2317 ἀπελθὼν,
1476 2250 1727 2319 κατῴκη-

138 2360 226 2394 σεν
259 2345 341 2403 είς
366 2342 428 2393 τὸ
457 2344 681 2412 Πάριον.
716 2341 961 2414 Εὖπορος
984 2344 1038 2393 δὲ
1071 2343 1165 2405 ὢν,
1213 2343 1413 2409 πολλὴν
1437 2342 1545 2393 τῶν
1575 2358 1724 2391 πτω-

137 2434 247 2503 χῶν
279 2436 522 2485 ἐποιεῖτο
562 2433 837 2502 πρόνοιαν.
887 2434 1051 2485 Ἀλλὰ
1099 2441 1194 2485 καί
1237 2433 1313 2499 τῷ
1349 2431 1545 2501 Παύλῳ
1594 2428 1729 2501 πρὸς

135 2527 199 2576 τα
275 2525 635 2594 Ἰεροσόλυμα
701 2525 1063 2594 ἀπερχομένῳ
1116 2524 1287 2577 πο)λά
1339 2524 1598 2594 χρήματα
1650 2525 1729 2584 είς

137 2617 417 2669 διακονίαν
469 2616 574 2668 τῶν
606 2614 851 2683 ἀδελφῶν
894 2616 1116 2677 δέδωκε,
1170 2616 1263 2668 καὶ
1314 2616 1457 2684 πρὸς»
1513 2615 1729 2683 Ῥώμην

135 2708 482 2777 ἁπαγομένῳ
514 2708 722 2776 δεσμίῳ
755 2708 1219 2777 κατηκολούθησε.
1256 2708 1361 2759 Καὶ
1392 2706 1728 2775 προτραπεὶς

138 2803 227 2853 ὑπ’
256 2803 496 2861 ἐκείνου,
525 2803 684 2854 πάλιν
717 2802 981 2855 κατέλαϐε
1010 2803 1070 2853 τὸ
1107 2802 1329 2871 Πάριον.
1382 2800 1489 2851 Καὶ
1520 2816 1726 2869 κρατη‹

140 2895 254 2957 θεὶς
295 2896 403 2947 ὑπὸ
435 2895 529 2946 τοῦ
562 2898 821 2965 ἄρχοντος
852 2895 968 2963 ἆμα
1000 2894 1077 2964 τῷ
1112 2894 1281 2961 δούλῳ
1315 2891 1478 2945 αὐτοῦ
1513 2894 1729 2961 Πορφυ-

141 2988 263 3056 ρὶῳ,
324 2987 682 3057 ὲὸασανίσθη.
734 2983 865 3040 Εἶτα
896 2988 1108 3057 ἀγρίοις
1146 2986 1335 3046 ἵπποις
1388 2983 1725 3053 προσδεθεὶς,

138 3083 228 3131 καὶ
261 3081 451 3147 συρεὶς
491 3080 640 3147 μίλια
667 3080 1061 3147 δεκατέσσαρα,
1087 3078 1371 3147 παρέδωκε
1399 3078 1461 3127 τὸ
1484 3074 1723 3144 πνεῦμα.

1834 584 2074 653 ferorum
2155 586 2375 639 Patrqu
2432 588 2658 654 synodo,
2730 603 2832 639 non
2901 588 3064 640 modo
3152 585 3419 641 infelicem

1837 676 1998 745 17o
2022 692 2085 730 ac
2119 678 2377 731 miserum
2402 676 2705 748 Eutychen,
2734 678 2963 746 ejusquc
3001 679 3246 731 asseclas
3266 692 3422 732 ever-

1832 771 1932 832 tit;
1966 786 2150 822 verum
2208 772 2370 823 etiam
2430 771 2797 824 Arianismum
2855 771 3067 838 penitus
3129 770 3420 834 destruxit,

1832 874 2051 913 sacrum
2113 874 2428 913 sanetorum
2482 861 2701 914 Patrum
2747 860 3051 929 symbolum
3082 862 3421 913 conﬁrmans

1833 965 1895 1004 ac
1953 950 2273 1017 stabiliens,
2338 944 2731 1019 haereticosquc
2796 967 2988 1005 omnes
3055 951 3421 1005 anathemati-

1833 1056 1987 1104 zaus,
2022 1056 2146 1094 cum
2190 1040 2242 1093 in
2306 1041 2357 1095 id
2412 1054 2634 1108 operam
2684 1056 2836 1093 suam
2896 1049 2951 1093 et
2981 1050 3168 1093 sancta
3225 1053 3419 1106 magna

1833 1148 2037 1205 martyr
2072 1134 2371 1204 Eupbcmia
2418 1133 2798 1202 coniungeret,
2847 1144 2900 1185 et
2934 1133 3257 1186 orthodoxa:
3296 1131 3419 1184 fidi-i

1831 1228 2220 1293 deﬁnitionem,
2292 1240 2548 1296 tauquam
2632 1228 2843 1290 vivens,
2899 1223 3218 1277 orthodoxis
3279 1238 3421 1292 prae-

1834 1320 2003 1373 bcrct.

1834 1523 1903 1575 Et
1956 1533 2219 1577 certamen
2271 1533 2575 1577 sanctorum
2629 1533 2923 1590 martyrum
2981 1520 3291 1588 Onesipltori
3364 1530 3413 1573 et

2468 1593 2775 1661 Porphyrii.

1905 1706 2279 1776 Ouesiphorus
2348 1705 2559 1758 Christi
2628 1715 2851 1772 martyr,
2905 1716 2970 1754 ex
3024 1701 3157 1753 urbe
3233 1699 3414 1754 Iconio

1835 1800 2141 1861 oriundus,
2214 1795 2391 1850 alIiuis
2442 1795 2761 1864 Tryphaena:
2814 1782 3199 1861 imperati-icis,
3248 1789 3412 1845 lcouii

1836 1892 2117 1953 habitavit,
2184 1890 2273 1943 ubi
2327 1903 2380 1941 et
2425 1888 2736 1956 suscipiens
2792 1900 3047 1951 maguum
3104 1883 3410 1951 apostolum

1834 1984 2082 2045 l’aulum,
2110 1983 2178 2035 ab
2202 1996 2266 2035 eo
2300 1981 2519 2033 verbum
2548 1979 2791 2032 veritatis
2821 1978 3066 2039 edoctus,
3097 1986 3260 2044 atque
3284 1990 3407 2028 cum

1831 2086 1941 2131 tota
1970 2077 2133 2130 domo
2181 2076 2502 2143 baptizatus,
2539 2071 2816 2125 Christum
2872 2068 3217 2137 praedicabat.
3268 2064 3414 2131 Qua-

1832 2178 2047 2238 propter
2087 2168 2414 2236 engitatus,
2453 2164 2922 2229 Icouiomigraus,
2948 2162 3000 2212 itt
3036 2162 3233 2213 Parum
3258 2157 3411 2221 abiit,

1831 2261 2012 2329 ibique
2051 2266 2420 2313 commoratus
2474 2268 2575 2309 est.
2624 2254 2761 2307 Cum
2812 2260 2990 2305 autem
3062 2249 3412 2303 facultatibus

1830 2354 2089 2413 atllueret,
2126 2352 2415 2419 plurimam
2455 2362 2749 2419 pauperum
2804 2360 2987 2398 curam
3026 2348 3263 2410 gerebat.
3306 2339 3413 2392 Sed

1829 2452 1883 2495 et
1927 2442 2095 2494 Paulo
2142 2439 2523 2507 Hierosolyma
2581 2436 2827 2497 abeunti,
2886 2434 3088 2487 multas
3129 2447 3259 2497 Opes
3316 2444 3413 2498 pro

1830 2533 2058 2585 fratrum
2111 2532 2416 2584 ministerio
2460 2528 2709 2589 contulit,
2761 2527 3122 2593 eumdcmque
3172 2526 3413 2575 vinctum

1830 2622 2059 2674 Romam
2096 2621 2323 2675 missum
2355 2632 2576 2673 secutus
2611 2630 2715 2681 est,
2754 2620 2913 2686 cujus
2957 2617 3175 2669 hortatu
3216 2615 3412 2667 iterum

1830 2732 1882 2767 tu
1912 2713 2108 2766 Parum
2144 2714 2321 2765 rediit.
2388 2712 2832 2778 Comprehensos
2874 2716 3057 2761 autem
3088 2722 3117 2759 a
3184 2704 3415 2774 praeside

1832 2822 1939 2859 uua
1972 2820 2097 2857 cum
2135 2818 2293 2857 servo
2317 2819 2417 2857 suo
2450 2803 2774 2871 Porphyrio,
2811 2800 3101 2853 tormentis
3135 2798 3411 2865 subjectus

1828 2906 1949 2949 est:
1991 2894 2113 2947 dein
2148 2894 2423 2946 ferocibus
2449 2894 2602 2961 equis
2658 2894 2931 2960 alligatus,
2986 2899 3040 2943 et
3087 2888 3413 2943 milliaribus

1828 2988 2239 3058 quatuordetim
2302 2997 2572 3055 raptatus,
2626 2988 2905 3054 sprirituiu
2974 2983 3210 3037 tradidit.
3272 2981 3382 3034 Por

1829 3086 2053 3155 pltyrius
2086 3093 2264 3135 autem
2298 3098 2399 3134 uua
2434 3097 2556 3135 cum
2590 3082 2679 3134 illo
2725 3081 2774 3132 in
2830 3079 3102 3141 omnibus,
3150 3091 3271 3147 qua:
3314 3089 3413 3143 pro

136 3172 650 3238 Συγκακοπαθῂσας
722 3171 776 3221 δὲ
840 3169 989 3237 αύτῴ
1065 3171 1158 3221 καὶ
1211 3172 1237 3221 ὀ
1290 3168 1597 3236 Πορφύριος
1670 3170 1725 3220 ὲν

1836 3175 1942 3226 Deo
1974 3174 2258 3237 sustinuit,
2285 3174 2679 3227 certaminibus
2708 3180 2975 3226 tormenta
3003 3184 3218 3239 passus,
3246 3167 3413 3221 vitam
3456 3183 3463 3187 θ

141 3268 306 3317 πᾶσιν
367 3263 533 3315 αὐτοῦ
586 3265 699 3326 τοῖς
756 3263 894 3315 κατὰ
958 3261 1091 3313 Θεὸν
1142 3263 1557 3328 ἀγωνίσμασιν,
1603 3260 1721 3311 ἑτε-

136 3356 361 3425 ὶ.ειὼθη.
1092 3415 1099 3422 θ

137 3470 248 3521 Καὶ
305 3470 571 3535 ἄθλησις
636 3466 743 3521 τοῦ
806 3467 978 3533 ἁγίου
1042 3464 1341 3533 μάρτυρος
1428 3460 1722 3532 Αθηνογέ-

856 3554 1025 3600 γους.

217 3652 587 3723 Ἀθηνογένης
614 3653 641 3705 ό
677 3650 1005 3721 ίερομάρτυς
1046 3644 1111 3718 ἦν
1146 3656 1245 3717 μεν
1292 3650 1356 3701 ὲκ
1407 3649 1505 3717 τῆς
1555 3647 1721 3699 Σεϐα-

140 3751 328 3811 στείας
359 3749 454 3801 ἐπὶ
491 3744 871 3815 Διοκλητιανοῦ
898 3744 990 3797 τοῦ
1021 3743 1304 3813 βασιλέως.
1338 3742 1643 3813 Κρατηθεὶς
1668 3741 1723 3794 δὲ

136 3842 239 3892 ὑπὸ
269 3840 367 3893 τοῦ
400 3840 669 3908 ἡγεμόνος
721 3838 859 3906 μετὰ
892 3838 998 3888 τῶν
1048 3837 1179 3890 δέκα
1231 3835 1491 3903 μαθητῶν
1526 3834 1715 3897 αὑτοῦ,

136 3933 231 3981 καὶ
264 3930 473 3991 πολλὰς
522 3928 788 3996 βασάνους
826 3929 926 3978 σὺν
957 3926 1140 3988 αὐτοῖς
1176 3924 1473 3992 ὑπομείνας
1513 3923 1601 3976 διὰ
1626 3923 1724 3993 τὴν

135 4021 215 4081 εἰς
248 4018 495 4088 Χριστὸν
526 4018 768 4085 ἀγάπην,
809 4017 1119 4068 τελευταῖον
1163 4015 1259 4084 τὴν
1297 4014 1384 4066 διὰ
1410 4014 1501 4067 τοῦ
1536 4015 1725 4082 ξίφους

136 4110 366 4175 ἐδέξατο
415 4108 692 4176 τελευτήν.
751 4108 984 4174 Λέγεται
1012 4107 1069 4158 δὲ
1102 4108 1229 4177 περὶ
1262 4105 1451 4169 αὑτοῦ,
1502 4107 1584 4158 ὃτι
1618 4105 1724 4175 πρὸ

134 4201 228 4252 τοῦ
265 4200 642 4271 κρατηθῆναι,
680 4198 930 4252 ἀπελθὼν
981 4201 1059 4262 είς
1090 4199 1151 4250 τὸ
1182 4198 1569 4267 μοναστήριον,
1597 4197 1724 4259 τοὺς

140 4290 402 4359 μαθητάς
446 4290 544 4359 οὐχ
574 4284 731 4358 εὗρεν
758 4306 770 4317 ·
808 4287 1325 4357 προκατεσχέθησαν
1357 4289 1498 4356 γάρ’
1531 4285 1629 4355 τὴν
1665 4284 1723 4336 δὲ

134 4380 541 4447 ὑπαντήσασαν
597 4376 742 4446 αὐτῷ
794 4376 1033 4443 ἔλαφον,
1088 4381 1153 4445 ἦν
1202 4375 1500 4445 ἀνέθρεψεν
1548 4378 1603 4426 ἐν
1658 4377 1722 4445 τῇ

140 4475 309 4541 μονῇ,
371 4472 688 4537 εὐλόγησεν,
745 4471 839 4521 καὶ
889 4468 1181 4538 ἐπηύξατο,
1243 4469 1316 4536 μὴ
1370 4467 1723 4537 κυριευθῆναι

1835 3266 2031 3319 ﬁnivit.

1834 3472 1989 3539 171
2044 3470 2325 3523 Certamen
2370 3468 2702 3521 sacrosancti
2746 3468 2999 3535 martyris
3032 3465 3409 3536 Atltenogettis.

1902 3658 2283 3722 Athcuogeues
2338 3653 2543 3708 Christi
2571 3662 2942 3723 sacromartyr
2967 3652 3193 3706 Sebaste
3230 3662 3408 3715 ortus.

1832 3746 2166 3801 Diocletiano
2220 3746 2545 3813 imperante,
2584 3760 2689 3797 uua
2747 3760 2869 3797 cum
2904 3745 3089 3798 decem
3128 3744 3411 3813 discipulis

1832 3841 1948 3892 suis
2004 3838 2159 3906 jussu
2208 3838 2452 3906 prmsidis
2505 3839 2955 3905 comprehensus,
3026 3852 3150 3891 cum
3209 3837 3411 3891 multos

1832 3932 2108 3985 cruciatus
2136 3946 2231 3998 pro
2268 3928 2471 3984 Christi
2514 3945 2700 3982 amore
2732 3930 2896 3982 simul
2929 3946 3056 3983 cum
3093 3929 3202 3983 illis
3236 3930 3410 3983 susti-

1834 4022 2059 4082 nuisset,
2090 4031 2419 4088 postremum
2452 4020 2632 4089 gladio
2690 4019 2849 4097 finem
2886 4021 3114 4089 accepit.
3147 4020 3414 4073 Narratur

1831 4120 2009 4163 autem
2045 4110 2113 4163 de
2147 4110 2257 4170 illo,
2302 4110 2446 4177 quod
2499 4120 2789 4179 antequam
2838 4111 3408 4179 comprehenderetur,

1832 4202 1896 4254 ad
1934 4200 2323 4254 monasterium
2367 4199 2664 4268 profectus,
2716 4202 3016 4270 discipulos
3063 4217 3409 4271 nequaquam

1834 4294 2042 4347 invenit
2074 4311 2087 4346 :
2118 4293 2323 4347 detenti
2356 4309 2500 4347 ctum
2532 4293 2767 4348 fuerant.
2804 4292 3187 4349 Occurrenteut
3227 4303 3408 4348 autem

1833 4386 1933 4439 sibi
1961 4400 2207 4447 cervam,
2237 4400 2400 4453 quam
2434 4385 2484 4438 iu
2514 4385 2843 4438 monasterio
2871 4386 3218 4450 educaverat,
3245 4385 3413 4440 bene-

1833 4475 1988 4538 dixrt,
2033 4475 2389 4543 promisitque
2422 4474 2555 4536 fore,
2588 4482 2646 4526 ut
2696 4484 2981 4527 venatores
3031 4489 3204 4542 neque
3238 4475 3408 4541 illam,

138 4564 243 4615 ὑπὸ
285 4563 403 4615 τῶν
460 4562 777 4631 κυνηγετῶν
830 4562 921 4613 καὶ
971 4561 1032 4612 τὸ
1088 4561 1308 4629 σπέρμα
1348 4560 1549 4627 αὐτῆς·
1588 4558 1723 4611 ἀλλὰ

1833 4582 2016 4636 neque
2047 4568 2168 4635 ejus
2201 4581 2388 4619 semen
2423 4566 2476 4618 iu
2511 4580 2665 4618 suam
2703 4574 3022 4633 potestatem
3080 4566 3407 4635 redigerent,

137 4656 264 4707 καθ’
305 4656 545 4708 ἕκαστον
566 4655 756 4723 χρόνον
786 4654 941 4719 ἄγειν
971 4654 1027 4704 ὲν
1052 4655 1117 4722 τῇ
1146 4652 1333 4722 μνήμῃ
1366 4649 1527 4703 αὑτοῦ
1552 4649 1722 4717 αὑτήν

136 4762 217 4809 τε,
258 4749 364 4797 καὶ
400 4747 497 4806 τὰς
538 4745 597 4808 ἐξ
638 4745 807 4812 αὐτῆς
862 4743 1159 4812 μελλούσας
1196 4741 1476 4795 τίκτεσθαι
1525 4742 1724 4810 μόσχον

136 4838 253 4889 ἕνα.
298 4839 373 4889 Ὀ
405 4838 500 4888 καὶ
529 4837 772 4903 γέγονεν.
816 4835 1039 4903 ὐρᾶται
1070 4834 1178 4900 γὰρ
1210 4833 1347 4900 μετὰ
1366 4830 1463 4900 τὴν
1484 4831 1729 4895 ἀνάγνω-

142 4946 224 4981 σιν
256 4932 379 4981 τῶν
410 4928 581 4995 ἁγίων
628 4926 975 4993 Εὑαγγελίων
1012 4927 1067 4975 ὲν
1097 4927 1162 4993 τῇ
1195 4923 1457 4993 ἐκκλησίᾳ
1482 4924 1721 4991 εἰσερχο-

143 5023 281 5090 μένη
318 5023 355 5090 ἡ
394 5022 609 5088 ἔλαφος,
643 5021 735 5071 καὶ
768 5019 857 5069 τὸν
901 5017 1099 5086 μόσχον
1131 5016 1301 5084 αὐτῆς
1332 5012 1620 5083 ἀνατίθησι
1650 5011 1727 5082 τῷ

142 5115 307 5182 ἁγίῳ,
345 5114 443 5163 καὶ
470 5112 632 5162 πάλιν
659 5111 959 5181 ἐξέρχεται.
998 5110 1094 5160 “Ov
1120 5107 1337 5169 θύοντες
1366 5106 1416 5157 οί
1448 5104 1729 5171 συλλελεγ-

145 5206 325 5271 μένοι,
387 5202 721 5271 εὐωχοῦνται
755 5202 833 5263 εἰς
861 5198 1018 5263 δόξαν
1072 5198 1164 5250 τοῦ
1194 5196 1610 5268 ίερομάρτυρος,
1635 5194 1730 5247 καὶ

138 5298 333 5364 τιμήν.

684 5497 863 5551 MHNI
894 5497 979 5567 Τῼ
1020 5496 1221 5567 ΑΥΤῼ.

890 5588 963 5642 lZ'

290 5687 595 5751 Ἀθλησις
630 5684 739 5749 τῆς
769 5685 939 5749 ἁγίας
968 5682 1269 5751 μάρτυρος
1298 5685 1586 5751 Μαρινης.

227 5799 293 5854 Ἦ
332 5797 433 5852 τοῦ
474 5796 707 5866 Χριστοῦ
756 5799 960 5867 μάρτυς
995 5797 1208 5865 Μαρίνα
1240 5796 1483 5866 ὑπῆρχεν
1540 5795 1605 5847 ὲκ
1636 5792 1733 5863 τῆς

1827 4660 1916 4713 sed
1940 4660 1989 4711 in
2012 4659 2181 4727 ipsius
2202 4657 2515 4711 memoriam
2532 4656 2723 4724 quovis
2743 4666 2981 4725 tempore
3003 4666 3252 4721 agerctet
3269 4657 3409 4726 ipsa,

1828 4760 1880 4806 et
1904 4767 2021 4819 quae
2037 4765 2100 4804 ex
2129 4750 2242 4817 ipsa
2258 4748 2495 4802 catulum
2513 4749 2766 4817 paritura:
2793 4747 3165 4812 essent.Quod
3192 4758 3246 4801 et
3274 4762 3407 4802 con-

1830 4845 1968 4913 tigit.
1997 4840 2123 4895 Visa
2154 4851 2239 4896 est
2276 4842 2421 4894 enim
2460 4849 2582 4909 post
2626 4850 2939 4893 sanctorqu
2991 4838 3407 4909 Evangeliorutu

1831 4934 2115 4987 lcetionem
2147 4933 2200 4985 in
2252 4932 2535 4986 ecclesiam
2588 4931 2895 4997 ingrediens
2940 4946 3121 4993 cerva,
3145 4946 3264 4999 qua:
3286 4945 3407 4983 cum

1830 5024 2057 5077 vitulum
2079 5038 2237 5077 suum
2270 5031 2460 5076 sancto
2492 5022 2796 5083 obtulisset,
2833 5037 3024 5075 rursus
3047 5036 3266 5088 egressa
3289 5031 3405 5074 cst:

1832 5124 1884 5168 at
1918 5114 2069 5167 illum
2095 5114 2265 5183 quiin
2307 5112 2533 5167 ecclesia
2602 5112 2809 5165 collecti
2853 5121 3031 5177 erant,
3091 5119 3405 5174 mactautes,

1833 5206 2062 5277 gloriam
2114 5205 2487 5273 honoremque
2544 5203 2685 5257 sacri
2729 5203 2985 5273 martyris
3043 5202 3407 5257 celebrarunt.

2367 5494 2596 5551 EODEM
2625 5493 2877 5549 MENSE.

2293 5588 2389 5642 Die
2440 5590 2649 5642 decima
2700 5588 2927 5655 septima

2086 5681 2362 5734 Certamen
2392 5691 2591 5734 satae-ta:
2628 5681 2877 5748 martyris
2918 5675 3157 5734 Marium.

1908 5794 2113 5851 Marina
2135 5794 2338 5852 Christi
2375 5803 2582 5865 martyr
2610 5810 2673 5851 ex
2701 5794 2831 5848 urbc
2862 5789 3154 5846 Antiochia
3192 5786 3410 5845 Pisidia
