4190 6534
721 497 822 561 551

2001 471 2432 537 MENOLUGH
2477 467 2670 526 PARS
2718 463 2827 520 ιιι.

3880 443 3990 504 5.5‘2

725 617 1053 669 accesserat,
1096 600 1476 673 philosolihata
1519 607 1602 652 est
1635 597 1701 650 de
1749 595 1952 657 anima,
1983 592 2158 660 deque
2180 588 2302 642 aliis
2333 633 2341 650 η

2446 581 2621 651 δελφῷ
2660 579 2831 646 αὐτῆς
2869 574 3158 646 Γρηγορίῳ
3191 569 3265 639 τῷ
3297 567 3542 633 Νύσσης,
3589 556 3878 614 annuam
3907 557 3989 618 εἰς

2800 671 2808 673 “
2861 669 2880 673 “
3099 665 3110 673 ⁵
3277 659 3286 673 ¹
3375 657 3398 668 ³
3565 653 3581 673 \
3626 652 3733 673 ιῑ“.·,,
3753 668 3796 673 μ,
3824 647 3989 673 ,,,,,“ἰη

727 699 1056 772 quihusdam
1095 694 1394 763 Scriptura:
1416 690 1854 760 quaestionibus:
1883 695 2045 754 atque
2081 682 2228 734 hunc
2252 679 2305 732 in

727 792 948 848 modum
1002 803 1125 842 cum
1179 794 1410 848 orasset,
1465 783 1532 837 ad
1565 781 1759 842 Deum,
1804 777 1892 832 cui
1953 773 2305 834 descrvierat,

729 881 1006 954 migravit.

1259 965 1490 1021 EODEM
1531 961 1780 1017 MENSE.

1299 1059 1396 1113 Die
1467 1057 1723 1112 vicesima

733 1159 892 1231 175
935 1157 1170 1229 Ignifera
1218 1151 1352 1206 Elia:
1405 1151 1670 1220 map/tela?
1733 1149 1786 1200 in
1847 1147 2001 1199 caelos
2055 1143 2312 1198 ascensio.

811 1348 956 1402 Elias
999 1344 1262 1415 preplieta
1292 1357 1357 1396 ex
1389 1339 1610 1408 regione
1637 1334 1853 1388 Thesbe
1880 1333 1932 1386 in
1985 1342 2130 1386 terra
2180 1331 2316 1382 Aia-

731 1445 860 1497 bum
901 1440 1022 1500 fuit,
1054 1439 1118 1492 de
1149 1437 1290 1490 tribu
1325 1433 1506 1486 Aaron
1541 1431 1632 1484 :in
1669 1427 1872 1482 Galaad
1898 1435 2080 1480 autem
2107 1421 2318 1476 habita-

734 1537 831 1588 vit.
896 1532 1142 1598 Cumque
1197 1527 1373 1595 ipsum
1432 1533 1602 1576 mater
1655 1529 1892 1589 pareret,
1967 1516 2102 1568 vidit
2171 1522 2319 1582 pater

736 1627 1023 1684 visionem,
1050 1618 1194 1688 quod
1233 1617 1439 1671 scilicet
1471 1613 1567 1665 viri
1613 1611 1831 1679 quidam
1877 1608 1930 1659 in
1965 1605 2101 1659 albis
2157 1618 2322 1672 appa-

737 1724 922 1767 rentes
959 1713 1138 1778 ipsum
1173 1705 1590 1773 compellabant,
1626 1701 1904 1769 iglieisque
1934 1697 2118 1750 fasciis
2149 1694 2322 1748 invol-

739 1815 950 1863 ventes.
980 1804 1253 1854 ﬂammam
1325 1796 1465 1864 ignis
1496 1792 1864 1848 devorandam
1909 1790 2083 1843 eidem
2142 1788 2320 1840 trade-

745 1888 1276 1957 bant.llierosolyma
1311 1889 1492 1952 itaque
1515 1882 1813 1952 profectus,
1850 1881 1898 1933 id
1947 1877 2325 1932 sacerdotibus

744 1979 1071 2050 signiﬁcavit
1107 1995 1120 2030 :
1172 1978 1259 2031 cui
1295 1979 1395 2029 hoc
1433 1975 1678 2028 dixinum
1716 1971 1998 2024 oraculum
2055 1968 2324 2022 redditum

744 2069 966 2128 estzNe
995 2075 1211 2132 timeas,
1252 2068 1496 2137 inquit,o
1530 2067 1691 2119 homo
1727 2081 1740 2117 :
1779 2065 1883 2116 erit
1910 2061 2054 2116 enim
2115 2060 2330 2114 habita-

747 2170 929 2221 culum
955 2163 1175 2217 infantis
1207 2162 1412 2224 lumen,
1442 2169 1494 2212 ct
1541 2157 1765 2212 verbum
1823 2156 1994 2224 ipsius
2034 2153 2328 2218 sententia,

749 2270 802 2314 et
828 2257 1096 2327 jndieabit
1121 2253 1372 2307 lsraelcm
1433 2253 1485 2304 in
1517 2251 1695 2320 gladio
1747 2259 1799 2302 et
1829 2249 1968 2318 igne.
2003 2247 2110 2300 Iste
2169 2245 2334 2316 igitur

749 2348 1280 2420 prOphctavitannos
1299 2345 1488 2410 viginti
1521 2343 1786 2410 quinque,
1816 2339 2016 2392 Christi
2041 2338 2330 2391 adventum

752 2441 1081 2494 antecedens
1116 2438 1272 2490 annis
1299 2435 1653 2504 .octingentis
1717 2432 2013 2486 sexdecim.
2055 2431 2235 2499 Ignem
2269 2429 2335 2482 de

757 2532 898 2586 ccelo
927 2529 1156 2594 detulit;
1190 2529 1426 2593 pluviam
1472 2526 1630 2578 annis
1665 2524 1866 2586 tribus,
1907 2523 2188 2574 mensibus
2239 2535 2336 2574 sex

756 2623 1060 2677 cohibuit:
1112 2619 1506 2688 quinquaginta
1578 2616 1808 2668 miseros
1874 2614 2212 2666 combussit:
2282 2611 2335 2663 in

755 2727 942 2768 monte
983 2711 1160 2765 lioreb
1187 2711 1351 2762 Deum
1391 2709 1557 2761 vidit:
1590 2706 1883 2760 Jordanem
1911 2705 2102 2758 melote
2129 2703 2288 2756 scidit
2321 2719 2334 2756 :

757 2808 811 2860 in
849 2805 1020 2860 ccelos
1051 2803 1282 2870 denique
1311 2803 1362 2854 in
1399 2816 1562 2854 curru
1610 2801 1765 2868 igneo
1821 2781 2184 2864 assumptus,
2209 2793 2341 2847 vivit

757 2899 939 2952 adhuc
967 2911 1141 2965 usque
1176 2895 1226 2947 in
1254 2903 1576 2964 praesentem
1606 2893 1772 2944 diem.

1289 2996 1515 3061 EODEM
1559 3005 1806 3059 MENSE.

1257 3099 1348 3152 Die
1373 3101 1626 3154 vicesima
1653 3103 1823 3168 prima

763 3193 1203 3249 Commemoratio
1235 3201 1536 3242 sanctorum
1575 3187 1792 3240 Patrum
1839 3183 2098 3239 Simeonis
2133 3191 2343 3251 propter

1165 3259 1434 3314 Christum
1463 3257 1580 3311 Soli
1615 3269 1662 3310 et
1688 3257 1936 3309 Joannis.

839 3376 901 3428 lii
927 3375 1149 3428 Emcssa
1175 3375 1308 3426 urbe
1344 3373 1586 3434 oriundi,
1615 3369 1833 3426 Justino
1881 3371 2202 3437 imperante,
2233 3367 2344 3420 cla-

769 3477 1022 3520 ruerunt.
1061 3465 1198 3517 Cum
1253 3473 1432 3515 autem
1473 3463 1535 3513 ad
1575 3472 1816 3514 sanctam
1873 3461 2147 3513 civitatem
2181 3459 2350 3512 abiis-

773 3569 913 3622 sent,
945 3567 996 3609 et
1037 3557 1310 3608 viviticum
1341 3555 1540 3622 lignum
1585 3554 1919 3612 ειὼῖηίιδεειιι,
1979 3566 2084 3603 non
2121 3550 2353 3618 amplius

773 3651 838 3702 ad
907 3648 1126 3716 propria
1203 3647 1404 3699 reversi
1460 3654 1618 3709 sunt;
1690 3646 1784 3697 sed
1835 3644 1900 3697 ad
1957 3642 2352 3695 monasterium

775 3742 950 3794 sancti
1010 3739 1278 3792 Gerasimi
1309 3737 1566 3804 digreSsi,
1629 3736 1880 3788 monachi
1933 3733 2056 3786 facti
2094 3739 2262 3787 sunt:
2304 3741 2356 3786 et

774 3831 1106 3885 monasterio
1169 3829 1396 3898 egressi,
1462 3843 1703 3880 eremum
1765 3829 2076 3896 petierunt,
2137 3839 2354 3879 omnem

777 3927 1226 3978 exercitationem
1271 3922 1754 3988 austeritatemque
1801 3936 1893 3988 per
1915 3935 2088 3974 annos
2117 3919 2356 3987 quadra-

779 4017 925 4085 ginta
953 4015 1347 4083 excogitantes.
1388 4011 1578 4065 Postea
1603 4011 1841 4065 Joannes
1877 4010 2094 4080 quidem
2152 4013 2205 4064 in
2242 4025 2360 4064 cre-

781 4122 870 4161 mo
899 4107 1184 4168 remansit,
1244 4101 1464 4157 Snneon
1510 4119 1638 4156 vero
1669 4103 1721 4156 in
1785 4111 2028 4156 sanctam
2079 4103 2360 4156 civitatem

781 4211 1089 4266 regressus,
1165 4196 1560 4261 stultitiamque
1590 4193 1876 4256 simulans,
1929 4193 2095 4245 multa
2153 4193 2206 4244 in
2261 4191 2363 4244 hac

785 4285 1142 4339 simulatione
1191 4285 1451 4337 miracula
1515 4283 1762 4350 patravit.
1796 4283 1932 4337 Cum
1969 4293 2148 4336 autem
2183 4293 2365 4334 extre-

785 4397 934 4435 mum
962 4381 1102 4434 diem
1134 4380 1388 4443 obiisset,
1427 4389 1481 4432 et
1520 4395 1548 4431 a
1572 4379 1782 4430 duobus
1824 4376 2154 4444 pauperibus
2187 4375 2363 4428 homi-

787 4475 948 4528 nibus
979 4473 1044 4527 ad
1065 4473 1372 4540 sepulcrum
1403 4472 1709 4534 efferretur,
1761 4469 1920 4540 176
1963 4467 2217 4522 Hebraeus
2243 4469 2366 4536 qui-

791 4568 912 4618 dam
943 4565 1148 4618 audivit
1206 4565 1492 4632 plurimam
1551 4564 1906 4632 psalmodiam
1953 4562 2273 4631 angelicam.
2313 4567 2368 4611 et

790 4673 857 4712 ex
891 4658 1098 4710 aedibus
1124 4659 1238 4710 suis
1292 4655 1649 4724 prospiciens,
1701 4655 1835 4708 vidit
1887 4656 2024 4708 duos
2070 4654 2239 4717 solos,
2271 4652 2362 4719 qui

792 4751 1055 4818 reliquias
1078 4748 1198 4816 ejus
1226 4749 1553 4816 portabant:
1582 4756 1636 4800 et
1673 4747 1955 4811 intellexit,
1999 4747 2142 4813 quod
2189 4744 2366 4812 angeli

797 4843 1118 4910 psallerent,
1175 4851 1340 4907 atque
1393 4839 1511 4892 ait:
1560 4837 1758 4892 Beatus
1807 4853 1888 4900 es.
1925 4838 2190 4890 Simeon:
2240 4836 2365 4904 quia

769 4951 921 4992 ,cum
961 4949 1066 4986 non
1105 4935 1308 4987 habeas
1338 4939 1624 4985 cantantes
1645 4931 1919 4996 homines,
1957 4929 2123 4982 habes
2143 4928 2368 4997 angelos

797 5025 1030 5094 hymnos
1081 5033 1359 5076 canentes.
1423 5021 1655 5075 Sanctus
1713 5031 1889 5074 autem
1936 5017 2174 5072 Joiinnes
2209 5019 2366 5070 tinem

797 5113 1015 5186 quoque
1050 5115 1334 5169 vivendiin
1361 5129 1492 5185 pace
1519 5113 1664 5166 fecit.

1013 5239 1079 5293 Et
1107 5241 1528 5293 commemoratio
1560 5237 1846 5290 Ezechielis
1871 5237 2148 5306 propitiem.

875 5332 1120 5386 Ezechiel
1141 5333 1409 5401 gloriosus
1427 5339 1478 5382 ct
1493 5347 1719 5398 magnus
1735 5330 2016 5398 propheta,
2039 5327 2138 5380 fuit
2154 5326 2370 5396 quidem

805 5427 946 5481 ﬁlius
972 5424 1258 5492 cujusdam
1283 5423 1587 5478 sacerdotis
1612 5438 1678 5475 ex
1702 5423 1840 5475 tribu
1867 5421 2014 5486 Levi;
2037 5419 2375 5488 prophetarit

807 5529 990 5572 autem
1037 5533 1212 5571 annos
1245 5516 1466 5584 viginti;
1515 5515 1806 5568 antecessit
1857 5528 1986 5566 vero
2051 5514 2376 5566 incarnatio-

808 5625 932 5664 nem
969 5607 1182 5663 Domini
1218 5605 1532 5661 nostriJesu
1556 5607 1756 5659 Christi
1784 5605 1938 5658 annis
1969 5600 2377 5672 quadringentis

811 5702 1150 5771 septuaginta
1181 5709 1406 5769 septem.
1435 5699 1676 5768 Cumque
1729 5696 2064 5766 captivitatis
2117 5694 2378 5763 tempori-

811 5795 914 5850 bus
967 5795 1019 5848 in
1065 5803 1263 5847 terram
1314 5793 1688 5846 Chaldaeorum
1761 5791 2070 5858 migrasset,
2124 5799 2378 5856 magnum

813 5895 1126 5957 portentum
1187 5885 1352 5950 dedit,
1427 5899 1549 5938 cum
1619 5889 1898 5951 serpentes
1959 5893 2154 5950 pueros
2187 5891 2378 5933 eorum

2391 4605 2445 4663 D

2409 673 2700 742 ἐπίσκεψιν
2754 669 2944 738 αὐτῆς,
2982 665 3110 736 περί
3153 681 3211 715 τε
3261 657 3463 729 ψυχῆς,
3496 653 3587 706 καὶ
3620 652 3796 705 ἄλλων
3824 647 3990 700 τινῶν

2410 739 2704 835 Γραφικῶν
2764 758 3119 831 ζητημάτων.
3177 753 3285 806 Kal.
3341 751 3482 802 οὕτω
3531 739 3993 816 προσευξαμένη,

2417 859 2547 930 πρὸς
2571 856 2724 920 Θεὸν,
2756 853 2814 906 ὃν
2845 852 3240 922 ἐθεράπευσεν,
3280 842 3634 912 ὲξεδήμησεν.

2945 959 3139 1018 MHNI'
3169 961 3256 1030 Τῼ
3287 955 3492 1025 arm.

3163 1052 3224 1102 Κ,

2427 1155 2500 1210 Ἠ
2527 1149 2835 1220 πυρφόρος
2865 1147 3159 1208 ἀνάϐασις
3201 1146 3285 1226 εἰς
3319 1137 3618 1206 οὐρανοὺς
3667 1131 3862 1188 Ἡλιοῦ
3891 1127 4004 1184 τοῦ

3041 1231 3369 1283 προέητου.

2507 1336 2694 1398 Ἠλίας
2719 1337 2745 1388 6
2775 1334 3060 1404 προφήτης
3091 1325 3158 1400 ἦν
3188 1328 3286 1395 μὲν
3322 1329 3386 1379 ἐκ
3423 1327 3523 1393 τῆς
3569 1322 3753 1394 χώρας
3786 1316 4006 1383 Θέσϐης

2421 1429 2486 1482 ὲκ
2519 1428 2620 1496 γῆς
2663 1425 2930 1495 Ἀράϐων,
2980 1425 3044 1474 ἐκ
3084 1419 3258 1488 φυλῆς
3301 1417 3514 1486 Ἀαρών
3539 1431 3550 1444 ·
3589 1411 3828 1481 κατῴκει
3857 1409 3914 1496 δε
3948 1409 4008 1458 ὲν

2423 1521 2637 1575 Γαλαὰδ
2660 1535 2671 1548 ·
2707 1519 2815 1571 Καὶ
2845 1517 2933 1568 ὅτε
2965 1513 3154 1565 ἔτεκεν
3184 1509 3348 1564 αὑτὸν
3376 1510 3408 1578 ή
3439 1507 3620 1576 μήτηρ
3649 1501 3836 1562 αὑτοῦ,
3864 1495 4010 1551 εἶδεν

2422 1617 2450 1668 6
2481 1613 2662 1682 πατὴρ
2706 1607 2872 1664 αὐτοῦ
2917 1604 3218 1668 ὀπτασίαν,
3270 1602 3351 1654 ὅτι
3411 1599 3603 1667 ἄνδρες
3653 1592 4012 1658 λευκοφανεῖς

2425 1707 2589 1760 αὐτὸν
2637 1702 3072 1772 προσηγόρευον,
3125 1697 3220 1749 καὶ
3267 1693 3400 1763 πυρὶ
3456 1687 3862 1758 ὲσπαργάνουν,
3917 1681 4016 1734 καὶ

2427 1799 2604 1866 φλόγα
2649 1795 2819 1865 πυρὸς
2851 1793 3054 1846 ἐδίδουν
3103 1787 3252 1856 αὐτῷ
3299 1787 3516 1866 φαγεῖν.
3555 1781 3666 1835 Καὶ
3719 1775 3907 1866 ἐλθὼν.
3933 1775 4018 1835 εἰς

2441 1861 2798 1959 Ἰερουσαλήμ
2827 1926 2842 1952 ,
2895 1880 3190 1953 ἀνήγγειλε
3239 1881 3353 1941 τοῖς
3403 1863 3635 1945 ίερεῦσι.
3695 1870 3802 1923 Καὶ
3858 1861 4014 1919 εἶπεν

2434 1981 2584 2052 αὺτῷ
2606 1981 2633 2032 6
2667 1976 3074 2050 χρηματισμός·
3109 1973 3194 2042 Μὴ
3225 1969 3527 2038 δειλιάσῃς,
3552 1964 3832 2034 ἄνθρωπε·
3856 1959 4016 2011 ἔσται

2434 2051 2610 2146 γὰρὴ
2659 2073 2874 2142 οἴκησις
2903 2069 2996 2123 τοῦ
3037 2065 3252 2120 παιδίου
3285 2062 3398 2132 φῶς
3419 2079 3432 2092 ·
3467 2059 3560 2112 καὶ
3583 2058 3612 2110 6
3641 2057 3799 2124 λόγος
3847 2051 4017 2105 αὐτοῦ

2436 2143 2714 2233 ἀπόφασις
2739 2181 2751 2194 ·
2787 2165 2882 2216 καλ⁵
2927 2160 3107 2232 κρινεῖ
3139 2157 3230 2210 τὸν
3288 2152 3504 2224 Ἰσραὴλ
3537 2153 3594 2204 ὲν
3647 2145 3894 2220 ῥομφαίᾳ
3925 2143 4022 2195 καὶ

2436 2257 2594 2329 πυρί.
2639 2251 2808 2318 Οὗτος
2855 2253 2949 2306 οὖν
2987 2247 3399 2322 προεφήτευσεν
3451 2243 3543 2312 ἐτη
3594 2241 3764 2294 εἴκοσι
3817 2235 4020 2288 πέντε·

2436 2348 2724 2421 προλαϐὼν
2757 2345 2853 2417 τὴν
2871 2343 2966 2397 τοῦ
2993 2337 3230 2411 Χριστοῦ
3261 2333 3568 2406 παρουσίαν
3599 2331 3693 2400 ἔτη
3721 2327 4026 2381 ὀκτακόσια

2437 2443 2568 2496 δέκα
2613 2439 2694 2504 ἓξ.
2745 2437 2855 2490 Καὶ
2898 2433 3010 2503 πῦρ
3041 2431 3098 2495 ἐξ
3123 2427 3354 2500 οὐρανοῦ
3403 2425 3760 2493 κατήνεγκεν,
3813 2415 4026 2470 καὶτὸν

2442 2535 2598 2588 ὑετὸν
2651 2531 2882 2599 ἐπέσχεν
2932 2528 3023 2580 ἰπὶ
3073 2524 3166 2594 ἔτη
3215 2521 3345 2592 τρία
3427 2517 3525 2572 καὶ
3575 2515 3748 2586 μῆνας
3787 2509 3882 2572 ἓξ·
3927 2509 4026 2599 καί

2441 2625 2787 2694 πεντήκοντα
2829 2619 3062 2679 δυσσοὺς
3103 2615 3442 2668 κατέκαυσε·
3491 2608 3586 2661 καὶ
3615 2608 3675 2658 ἐν
3701 2603 3778 2674 τῷ
3817 2597 4026 2670 Χωρὴῦ

2439 2718 2557 2787 δρει
2596 2715 2690 2768 τὸν
2739 2711 2872 2765 Θεὸν
2923 2705 3060 2762 εἶδε·
3115 2707 3212 2759 καὶ
3267 2705 3358 2756 τὸν
3401 2701 3673 2772 Ἰορδάνην
3721 2695 3908 2764 ἔσχισε
3960 2695 4028 2759 τῇ

2446 2784 2668 2881 μηλωτῆ
2695 2819 2710 2836 °
2747 2804 2840 2858 καὶ
2867 2804 2944 2866 είς
2976 2799 3240 2874 οὐρανοὺς
3264 2799 3322 2848 ὲν
3353 2799 3561 2867 ἅρματι
3613 2790 3782 2862 πυρὸς
3828 2784 4030 2852 ἀνειλη-

2445 2902 2615 2970 φθεὶς,
2647 2899 2710 2969 ζῇ
2751 2899 2912 2968 μέχρι
2941 2895 3040 2964 τῆς
3073 2893 3333 2964 σήμερον.

2971 3007 3152 3063 MHNI
3175 3005 3262 3075 To
3287 3001 3489 3072 ΑΥΤῼ.

3162 3091 3270 3148 KA'

2447 3199 2664 3268 Μνήμη
2698 3193 3054 3268 inimum-[cog
3105 3185 3382 3268 ραζὲρων
3420 3176 3884 3268 ήιεῷνσΣυμεὼν
3923 3175 4034 3230 τοῦ

2687 3267 2782 3316 διὰ
2820 3249 3080 3328 Χρίστόν
3104 3249 3326 3318 rando,
3355 3249 3790 3306 καίἸωάννου.

2467 3415 2474 3424 -
2527 3373 2686 3434 Οὗτοι
2717 3380 2779 3429 ὲκ
2818 3376 3022 3435 πόλεως
3063 3369 3298 3439 Ἐμέσης
3329 3363 3642 3438 ὁρμώμενοι
3683 3363 3770 3413 ἐπὶ
3805 3360 3905 3428 τῆς
3931 3359 4033 3428 βα-

2457 3471 2662 3532 σιλείας
2708 3465 2993 3519 Ἰουστίνου
3053 3458 3432 3530 ἐγνωρίζοντο.
3479 3453 3836 3514 Ἀπελθόντες
3863 3450 3921 3502 δὲ
3955 3451 4036 3509 εἰς

2453 3564 2554 3633 τὴν
2586 3559 2748 3628 ἁγίαν
2801 3557 2974 3620 πόλιν,
3009 3553 3102 3606 καὶ
3131 3551 3188 3603 τὺ
3230 3547 3492 3612 ζωοποιδν
3535 3545 3690 3610 ξύλον
3721 3545 4037 3612 προσκυνή-

2459 3669 2673 3716 σαντες,
2729 3649 2914 3702 οὐκέτι
2943 3645 3080 3716 πρὸς
3131 3642 3198 3695 τὰ
3241 3641 3419 3694 οἰκεῖα
3475 3634 3858 3706 ὑπέστρεψαν·
3901 3632 4038 3685 ἀλλὰ

2455 3745 2552 3814 τὴν
2593 3740 2757 3812 μονήν
2781 3737 2874 3791 τοῦ
2902 3737 3057 3803 ἁγίου
3089 3731 3397 3802 Γερατίμου
3429 3725 3848 3786 καταλαϐόντες,
3879 3721 4040 3788 γεγό-

2459 3851 2583 3889 νασι
2627 3829 2873 3904 μοναχοί.
2911 3829 3020 3880 Καὶ
3053 3823 3144 3878 τοῦ
3180 3819 3545 3892 μοναστηρίου
3580 3815 3910 3883 ἐξελθόντες,
3939 3815 4042 3882 τήν

2461 3928 2666 4000 ἔρημον
2714 3920 3035 3981 κατέλαϐον,
3085 3919 3266 3969 πᾶσαν
3314 3915 3548 3982 ἄσκησιν
3579 3911 3676 3963 καὶ
3715 3907 4042 3976 σκληραγω-

2460 4021 2585 4089 γίαν
2620 4017 2712 4070 ἐπὶ
2753 4012 3163 4080 τεσσαράκοντα
3211 4007 3358 4059 ἔτεσι
3388 4003 3762 4062 διανύσαντες.
3805 4000 4041 4052 Ἔπειτα

2461 4115 2490 4166 6
2523 4111 2621 4181 μὲν
2661 4109 2914 4176 Ἰωάννης
2935 4106 2993 4155 ἐν
3023 4103 3088 4172 τῇ
3121 4101 3312 4171 ἐρήμῳ
3373 4093 3703 4162 κατελείφθη
3724 4110 3738 4124 ·
3771 4093 3800 4146 ὁ
3837 4091 3896 4142 δὲ
3937 4090 4040 4140 Συ-

2468 4201 2612 4270 μεὼν
2639 4197 2980 4267 ὑπέστρεψεν
3004 4197 3082 4256 εἰς
3111 4195 3210 4260 τὴν
3242 4191 3406 4256 ἁγίαν
3451 4187 3636 4242 πόλιν·
3677 4185 3774 4238 καὶ
3811 4184 4042 4250 ὑποκρι-

2467 4295 2579 4356 θεὶς
2638 4291 2871 4362 μωρίαν,
2931 4286 3102 4340 πολλὰ
3163 4283 3420 4352 θαύματα
3459 4282 3519 4333 ἐν
3563 4281 3629 4348 τῇ
3682 4277 4044 4346 προσποιήσει

2467 4385 2639 4452 ταύτῃ
2671 4379 2984 4448 εἰργάσατο.
3015 4373 3202 4428 Θανὼν
3229 4373 3286 4425 δὲ
3313 4373 3405 4424 καὶ
3439 4369 3736 4437 φερόμενος
3753 4363 3848 4416 τοῦ
3875 4363 4050 4430 ταφῆ-

2471 4492 2559 4528 ναι
2610 4471 2714 4524 ὑπὸ
2766 4468 2862 4524 δύο
2922 4465 3196 4534 πενικρῶν
3259 4459 3605 4532 ἀνθρώπων,
3667 4455 3918 4525 Ἐὅραῖός
3963 4470 4044 4514 τις

2472 4567 2669 4636 ἤκουσε
2699 4561 3015 4631 ψαλμῳδίας
3043 4557 3302 4621 πλείστης
3342 4552 3658 4619 ἁγγελικῆς.
3701 4551 3810 4600 Καὶ
3839 4545 4046 4616 προκύ-

2469 4659 2576 4727 ψας
2605 4656 2698 4708 τοῦ
2735 4653 3056 4720 οἰκήματος,
3103 4647 3208 4716 ὁρᾷ
3249 4644 3342 4697 δύο
3380 4644 3574 4712 μόνους
3607 4639 3732 4702 τοὺς
3766 4637 3828 4690 τό
3857 4637 4044 4704 λείψα-

2469 4767 2556 4801 νον
2609 4745 2776 4799 αὺτοῦ
2823 4741 3220 4812 βαστάζοντας·
3285 4735 3382 4789 καὶ
3443 4734 3644 4797 συνεὶς,
3699 4733 3782 4783 ὅτι
3827 4730 4048 4798 ἄγγελοι

2469 4838 2785 4908 ψάλλουσιν,
2811 4835 2913 4902 ἔφη
2937 4849 2950 4862 ·
2985 4831 3270 4898 Μακάριος
3302 4824 3372 4891 εί,
3397 4823 3642 4894 Συμεὼν,
3675 4823 3781 4887 δτι,
3807 4823 3886 4894 μὴ
3911 4823 4048 4892 ἔχων

2471 4927 2792 4998 ἀνθρώπους
2828 4925 3152 4994 ψάλλοντας,
3193 4921 3348 4990 ἔσχες
3396 4918 3663 4986 ἀγγέλους
3722 4915 4046 4984 ὑμνοῦντας.

2485 5019 2807 5089 Ἐτελειώθη
2837 5019 2892 5070 δὲ
2925 5019 3014 5069 καὶ
3045 5017 3074 5068 ό
3104 5019 3248 5076 ὅσιος
3292 5014 3572 5078 Ἰωάννης.

2691 5225 2802 5280 Καὶ
2827 5224 3034 5294 μνήμη
3065 5217 3346 5286 ἰεζεκιὴλ
3381 5216 3486 5270 τοῦ
3517 5213 3846 5283 προφήτου.

2559 5320 2819 5389 Ἰεζεκιὴλ
2846 5319 2874 5368 6
2908 5315 3115 5380 ἔνδοξος
3164 5316 3257 5365 καὶ
3309 5312 3480 5380 μέγας
3518 5309 3826 5376 προφήτης,
3849 5301 3920 5375 ἦν
3945 5305 4046 5373 μὲν

2479 5413 2594 5474 υἱὸς
2629 5410 2746 5472 ἐνὸς
2783 5409 2892 5460 τῶν
2945 5407 3172 5475 ἱερέων,
3228 5405 3290 5455 ὲκ
3345 5402 3442 5470 τῆς
3499 5401 3685 5468 σειρᾶς
3743 5395 3838 5450 τοῦ
3895 5396 4044 5450 Aeni.

2479 5505 2865 5572 Προεφήτευσε
2896 5499 2952 5551 δὲ
2977 5499 3069 5568 ἔτη
3101 5498 3296 5558 εἴκοσι,
3325 5491 3613 5564 προλαϐὼν
3645 5490 3742 5560 τὴν
3773 5487 4050 5558 σάρκωσιν

2478 5595 2573 5648 τοῦ
2604 5595 2808 5664 Κυρίου
2847 5591 3006 5662 ἡμῶν
3035 5588 3212 5660 Ἰησοῦ
3243 5586 3482 5657 Χριστοῦ
3518 5586 3610 5653 ἔτη
3649 5581 4049 5652 τεσσαρακόσια

2484 5687 2855 5758 ἑϐδομήκοντα
2903 5683 3060 5737 ἑπτά.
3115 5681 3226 5735 Καὶ
3267 5681 3358 5731 ἐπὶ
3387 5679 3494 5728 τῶν
3536 5677 3636 5745 τῆς
3679 5673 4051 5744 αἰχμαλωσίας

2486 5779 2716 5849 καιρῶν,
2781 5775 3029 5832 ἀπελθὼν
3078 5777 3134 5826 ὲν
3183 5775 3253 5841 γῇ
3301 5769 3622 5832 Χαλδαίων,
3675 5767 3844 5820 ἔδωκε
3893 5767 4050 5835 τέρας

2487 5873 2652 5943 μέγα,
2699 5873 2788 5925 ὅτε
2821 5871 2868 5922 oi
2899 5867 3049 5932 6;;st;
3081 5866 3148 5920 τὰ
3190 5864 3364 5932 βρέφη
3417 5861 3594 5914 αὐτῶν
3647 5859 3739 5912 καὶ
3771 5857 3838 5910 τὰ
3887 5858 4048 5924 κτήνη
