4190 6534
691 414 798 478 55.5
1960 410 2014 468 M
2027 406 2386 468 ENOLOGII
2425 405 2618 465 PARS
2655 405 2772 468 III.
3837 402 3944 464 556

695 525 904 580 sanctis
934 521 1101 579 sociis
1134 521 1406 587 vixerunt,
1453 522 1776 592 imperante,
1828 521 1922 576 Dei
1966 523 2263 592 permissu.
2297 584 2298 590 γ

2404 521 2512 574 ιετά
2546 521 2644 590 τῆς
2677 520 2830 590 ἱερᾶς
2865 518 3116 582 συνοδίας
3142 517 3332 580 αὑτοῦ,
3365 516 3610 586 ὗπῆρχον
3647 517 3772 588 μὲν,
3806 521 3950 570 κατὰ

696 619 1020 687 impiissimo
1065 625 1296 686 tyranno
1339 614 1697 669 Diocletiano.
1736 615 2019 669 Christum
2078 623 2264 670 autem

2404 613 2725 683 ·υγχώρησιν
2779 609 2937 675 Θεοῦ,
2994 610 3086 662 ἐπὶ
3116 608 3394 677 βασιλείας
3427 608 3805 677 Διοκλητιανοῦ
3850 608 3950 662 τοῦ

696 707 1041 771 confitentes,
1075 703 1142 758 ad
1175 720 1232 758 se
1255 719 1340 758 aet
1355 705 1576 759 edentes
1608 705 1662 757 in
1701 704 1821 772 ejus
1849 704 2070 759 nomine
2097 705 2266 760 doce-

2404 704 2843 775 εαρανομωτάτου
2883 703 2978 755 καὶ
3019 700 3513 772 τυραννικωτάτου,
3573 701 3664 752 τὸν
3713 700 3950 768 Χριστὸν

698 801 823 852 bant
863 809 1025 863 atque
1055 795 1424 864 baptizabint.
1469 793 1684 863 Cogniti
1736 795 1905 864 igitur
1931 805 1986 848 et
2015 809 2268 862 compre-

2407 795 2788 868 μολογοῦντες,
2827 796 2922 848 καὶ
2949 793 3076 858 τοὺς
3107 792 3584 864 προσερχομένους
3617 793 3821 857 αὐτοῖς,
3855 788 3955 842 ἐπὶ

697 888 876 952 hcnsi,
911 887 1074 940 vincti
1109 887 1174 940 ad
1202 887 1352 940 illum
1386 885 1604 940 adducti
1639 895 1767 940 sunt
1805 904 1818 939 :
1848 899 2085 954 cumque
2105 883 2266 938 Chri-

2406 887 2449 957 ᾧ
2475 888 2701 956 ὀνόματι
2733 886 2898 939 αὐτοῦ
2927 886 3274 948 διδάσκοντες
3296 885 3388 938 καὶ
3407 883 3781 954 βαπτίζοντες.
3817 885 3953 934 Δια-

697 991 844 1034 stum
881 981 1154 1048 abnegare
1205 987 1258 1031 et
1307 977 1469 1032 idolis
1527 976 1839 1032 sacriﬁcare
1895 975 2267 1044 adigerentur,

2404 980 2708 1043 ’νωσθέντες
2746 979 2802 1031 δέ
2839 979 2935 1032 καὶ
2993 976 3383 1048 κρατηθέντες,
3419 978 3770 1044 παρέστησαν
3814 971 3954 1025 ἐνώ-

698 1089 798 1128 nec
826 1079 1198 1141 obtemperare
1238 1072 1458 1134 vellent,
1493 1072 1654 1141 178
1705 1071 1944 1141 graviter
1967 1069 2262 1133 verberati,

2404 1089 2499 1123 τιον
2523 1072 2686 1124 αὑτοῦ
2709 1073 2924 1142 δέσμιοι
2951 1084 2966 1100 ⁸
3007 1070 3103 1123 καὶ
3135 1067 3573 1136 ἀναγκασθέντες
3607 1067 3954 1136 ἀρνήσασθαι

703 1164 976 1234 lignisquc
1003 1162 1284 1230 suspensi,
1317 1161 1511 1229 (Ιιιρι-χὶ
1546 1169 1690 1226 sunt,
1733 1162 1992 1228 saxisque
2039 1158 2218 1212 obruti
2254 1179 2264 1213 :

2404 1163 2479 1216 ιέν
2512 1164 2602 1216 τὸν
2637 1163 2895 1232 Χριστὸν,
2951 1161 3112 1214 θῦσαι
3167 1161 3224 1213 δέ
3270 1163 3382 1222 τοῖς
3423 1159 3682 1222 εἰδώλοις,
3733 1159 3827 1212 καὶ
3877 1157 3957 1228 μὴ

701 1271 824 1308 mox
862 1269 890 1310 e
915 1253 1077 1324 lignis
1112 1253 1364 1322 depositi,
1396 1264 1557 1319 atque
1593 1250 1646 1304 in
1679 1253 1954 1320 ingentem
1993 1249 2269 1304 caminum

2404 1255 2716 1321 πεισθέντες,
2749 1255 3060 1324 ἐτύφθησαν
3089 1252 3355 1322 σφοδρῶς.
3401 1253 3510 1305 Καὶ
3547 1249 3958 1320 κρεμασθέντες

701 1346 906 1414 iniecti,
931 1346 1023 1399 sed
1053 1344 1142 1398 Dei
1171 1344 1338 1412 gratia
1365 1343 1432 1396 ab
1462 1357 1526 1396 eo
1553 1342 1794 1406 liberati,
1823 1351 1874 1395 et
1897 1342 2048 1397 illarsi
2069 1358 2276 1395 excun-

2404 1347 2474 1398 ,πὶ
2525 1346 2702 1410 ξύλου,
2757 1347 3079 1415 ἐξέσθησαν.
3135 1343 3264 1397 Εἶτα
3310 1344 3790 1414 ἐλιθοῦολήθησαν.
3845 1344 3958 1394 Καὶ

702 1449 805 1504 tes,
833 1439 904 1490 ita
928 1445 984 1488 ut
1007 1451 1074 1488 ne
1089 1435 1341 1504 capillum
1362 1435 1586 1503 quidem
1613 1449 1802 1488 eorum
1828 1435 2092 1504 tetigisset
2111 1434 2271 1503 ignis,

2404 1440 2519 1492 ιετὰ
2561 1441 2732 1493 ταῦτα
2757 1439 2848 1492 τοῦ
2881 1439 3038 1503 ξύλου
3059 1440 3582 1502 καταϐιϐασθέντες,
3611 1439 3690 1498 εἰς
3720 1435 3958 1504 κάμινον

701 1523 1179 1594 obstupefecerant
1258 1535 1576 1594 tyrannum.
1648 1523 1933 1578 Postremo
2001 1525 2275 1578 inclinatis

2404 1530 2628 1596 ιεγάλην
2686 1531 3076 1601 ἐνεϐλήθησαν.
3133 1530 3297 1583 ’Λλλὰ
3357 1530 3452 1582 καὶ
3481 1527 3582 1598 τῆς
3625 1526 3856 1596 καμίνου
3885 1527 3958 1594 τῇ

701 1619 1026 1682 cervicibus,
1073 1633 1228 1671 sacra
1256 1632 1448 1670 eorum
1483 1617 1660 1684 capita
1693 1617 1938 1670 abscissa
1970 1627 2120 1673 sunt.

2404 1621 2476 1673 πού
2505 1620 2640 1674 Θεοῦ
2678 1621 2968 1690 ρυσθέντες
2990 1624 3196 1692 χάριτι,
3226 1621 3319 1673 καὶ⁴
3345 1621 3596 1680 ἀϐλαϐεῖς
3627 1617 3960 1682 ἐξελθόντες,

705 1710 780 1774 ὡς
821 1708 956 1780 μηδέ
993 1707 1196 1778 τριχῶν
1232 1706 1510 1777 ἁψαμένου
1564 1707 1745 1760 αὐτῶν
1789 1707 1884 1760 τοῦ
1925 1708 2120 1778 πυρὶς,
2167 1708 2466 1782 ἐξέπληξαν
2499 1713 2591 1766 τὸν
2649 1713 2931 1784 τύραννον.
2980 1715 3092 1768 Καὶ
3145 1713 3298 1776 τέλος
3357 1713 3638 1774 κλίναντες
3695 1711 3822 1772 τοὺς
3863 1711 3960 1762 αὑ-

703 1803 886 1870 χένας,
917 1799 1014 1862 τὰς
1053 1799 1203 1870 ἱερὰς
1243 1797 1422 1851 αὐτῶν
1453 1797 1696 1866 κεφαλὰς
1725 1799 2150 1870 ἀπετμήθησαν.

707 1916 774 1972 Et
803 1915 1226 1972 commemoratio
1247 1913 1476 1988 fratrum
1499 1923 1818 1988 nostrorum,
1838 1915 1926 1984 qui
1953 1915 2006 1967 in
2035 1914 2288 1985 Bulgaria

2404 1916 2498 1970 Kal
2519 1917 2726 1988 μνήμη
2745 1915 2864 1972 τῶν
2887 1919 2956 1972 ἐν
2985 1919 3324 1988 Βουλγαρίᾳ
3377 1916 3732 1988 σφαγέντων
3779 1916 3962 1971 ἀδελ-

1273 1984 1535 2054 r'nterfecti
1581 1995 1726 2038 sum.

781 2097 1092 2165 ltnperante
1146 2093 1456 2162 Nicephoro
1503 2092 1774 2148 Siauracii
1823 2107 1973 2162 patre
2031 2092 2282 2150 Rommos

709 2188 850 2242 inter
874 2195 926 2240 et
951 2185 1214 2256 Bulgaros
1247 2187 1446 2240 bellum
1473 2187 1716 2257 contigit.
1741 2185 1876 2241 Cum
1905 2195 2086 2240 autent
2122 2189 2284 2242 victo-

711 2282 846 2336 riam
880 2281 946 2334 de
980 2280 1227 2334 hostibus
1258 2279 1551 2347 imperator
1586 2279 1885 2343 retulisset,
1935 2279 2281 2334 exhilaratus

709 2373 946 2445 populus
994 2374 1130 2428 cibis
1162 2382 1214 2427 et
1250 2373 1468 2443 petibus
1510 2371 1844 2442 indulgebat.
1871 2371 1992 2440 Sed
2027 2373 2284 2428 concitati

711 2483 742 2520 a
768 2465 986 2520 diabolo
1014 2465 1105 2534 qui
1143 2463 1335 2533 reliqui
1369 2461 1588 2518 fuerant
1625 2462 1869 2530 Bulgari,
1919 2461 2287 2534 Romanasque

713 2556 900 2627 copias
948 2564 1108 2609 noctu
1154 2553 1350 2618 adorti,
1381 2554 1770 2623 imperatorem
1811 2553 2032 2624 quidem
2066 2563 2286 2624 captum

715 2647 1078 2714 occiderunt;
1110 2655 1343 2700 cateros
1376 2659 1527 2710 vero,
1580 2645 1672 2714 qui
1705 2645 1806 2699 sub
1846 2661 1911 2700 eo
1961 2645 2286 2712 militabant,

715 2741 912 2812 partim
937 2737 1272 2804 interfecere,
1299 2737 1496 2808 partim
1541 2739 1790 2806 captivos
1813 2737 1916 2790 abd
1931 2753 2118 2792 uxere.
2152 2737 2291 2794 llinc

716 2833 810 2903 qui
833 2842 1048 2902 tempus
1069 2832 1208 2884 nacti
1244 2847 1352 2885 non
1379 2839 1529 2894 sunt,
1551 2830 1734 2885 statim
1760 2831 1971 2900 periere
1996 2847 2008 2882 :
2035 2831 2127 2900 qui
2163 2846 2292 2887 vero

719 2927 785 2980 ad
831 2924 1108 2995 proximos
1139 2931 1353 2978 montes
1401 2921 1586 2993 fugere
1621 2929 1940 2992 potuerunt,
1990 2922 2292 2978 incolumes

723 3032 966 3070 masere.
999 3017 1034 3068 li
1067 3031 1214 3078 vero,
1261 3013 1352 3084 qui
1399 3013 1452 3067 in
1483 3021 1808 3083 potestatein
1842 3013 2084 3067 hostium
2129 3029 2291 3066 rene-

723 3117 872 3171 rm.t,
921 3107 1144 3176 impulsi
1203 3107 1482 3160 Christum
1519 3105 1788 3174 abnegare
1839 3104 2103 3174 (nondum
2149 3107 2292 3158 enim

725 3217 848 3254 eum
883 3198 1096 3267 Bulgari
1125 3205 1458 3268 agnoverant
1489 3198 1506 3266 )
1541 3235 1555 3261 ,
1593 3210 1694 3250 nec
1719 3196 1772 3250 id
1825 3197 2001 3251 facere
2029 3197 2290 3261 volentes,

3001 1987 3132 2058 φῶν
3155 1988 3342 2058 ἡμῶν.

2473 2099 2595 2152 Ἐπὶ
2617 2098 2717 2169 τῆς
2747 2099 3027 2170 βασιλείας
3063 2099 3380 2170 Νικηφόροηυ
3411 2097 3506 2151 τοῦ
3555 2096 3762 2167 πατρὸς
3790 2097 3970 2149 Σταυ-

2395 2191 2583 2262 ρακίου
2645 2191 2843 2264 συνέϐη
2890 2193 3129 2264 πόλεμον
3165 2192 3418 2262 γενέσθαι
3480 2191 3774 2260 Ῥωμαίοις
3825 2188 3968 2258 μετά

2393 2285 2742 2356 Βονλγάρων.
2776 2286 2885 2340 Καὶ
2913 2285 3010 2338 τοῦ
3059 2285 3324 2354 βασιλέως
3379 2283 3524 2338 κατὰ
3556 2283 3758 2354 κράτος
3806 2283 3966 2349 νική-

2395 2395 2608 2440 σαντος,
2653 2379 2710 2432 ἐν
2751 2380 2988 2448 τρυφαῖς
3032 2378 3126 2431 καὶ
3169 2378 3355 2438 πότοις
3407 2375 3699 2446 ἐσχόλαζεν
3753 2377 3782 2427 ό
3815 2374 3967 2439 λαὸς,

2393 2467 2600 2538 χαίρων
2622 2467 2709 2520 διὰ
2751 2468 2810 2520 τὸ
2849 2468 3090 2536 νικῆσαι.
3120 2466 3265 2520 Ἀλλ’
3297 2468 3402 2520 ὑπὸ
3427 2466 3519 2520 τοῦ
3571 2465 3820 2518 διαὸόλου
3861 2466 3972 2516 διε-

2395 2558 2678 2628 γερθέντες
2725 2559 2775 2610 οί
2840 2557 3280 2627 περιλειφθέντες
3343 2555 3665 2624 Βούλγαροι,
3728 2553 3822 2607 καὶ
3885 2551 3972 2622 τῷ

2404 2651 2701 2722 Ῥωμαϊκῷ
2733 2652 3083 2712 ἐπιπεσόντες
3115 2651 3170 2702 ἐν
3197 2648 3352 2701 νυκτὶ
3380 2647 3771 2716 στρατεύματι,
3805 2645 3970 2697 αὐτόν

2396 2761 2454 2796 τε
2481 2743 2570 2795 τον
2599 2743 2826 2813 βασιλέα
2851 2743 3162 2812 ἐκράτησαν
3198 2741 3290 2794 καὶ
3320 2739 3550 2800 ἀνεῖλον,
3579 2738 3674 2790 καὶ
3715 2737 3842 2799 τοὺς
3871 2736 3966 2786 ὑπ’

2399 2834 2582 2897 αὐτὸν,
2619 2835 2742 2896 τοὺς
2775 2833 2874 2904 μὲν
2913 2833 3234 2901 ἐφόνευσαν,
3254 2832 3382 2893 τοὺς
3411 2831 3466 2882 δὲ
3500 2826 3968 2900 ᾐχμαλώτευσαν.

2400 2926 2686 2980 Ἐντεῦθεν
2715 2928 2828 2980 ὅσοι
2861 2925 2960 2996 μέν
2989 2925 3208 2994 καιρίας
3229 2923 3328 2976 οὐκ
3351 2920 3618 2985 ἐδέξαντο,
3653 2918 3974 2989 παραυτίκα

2400 3019 2708 3074 ἀπέθανονο
2741 3019 2856 3073 ὅσοι
2910 3018 2966 3070 δέ
3035 3017 3246 3071 δασέων
3294 3013 3468 3086 ὀρέων
3503 3011 3816 3082 ἐδράξαντο,
3866 3009 3979 3062 διε-

2403 3109 2678 3180 σῶθησαν.
2721 3109 2783 3162 Οἱ
2810 3109 2866 3162 δέ
2889 3107 3256 3178 κρατηθέντες
3284 3105 3506 3170 ζῶντες,
3535 3101 3976 3168 ἀναγκασθέντες

2403 3202 2740 3273 ἀρνήσασθαι
2777 3200 2870 3254 τὸν
2915 3201 3185 3272 Χριστόν·
3233 3197 3384 3251 οὔπω
3425 3198 3536 3265 γάρ
3569 3195 3890 3258 ἐπέγνωσαν
3924 3192 3976 3241 οἱ

727 3290 894 3343 variis
930 3289 1196 3355 durisque
1245 3286 1440 3340 mortis
1486 3285 1780 3354 generibus
1830 3285 2063 3354 subjecti
2098 3284 2248 3339 fuere
2283 3303 2298 3339 :

2407 3295 2710 3363 Βούλγαροι
2743 3293 2906 3346 αὐτόν
2933 3311 2946 3324 ·
2987 3293 3082 3346 καὶ
3113 3290 3188 3362 μὴ
3231 3288 3568 3350 πεισθέντες,
3610 3284 3978 3353 πολυτρόποις

728 3393 778 3434 et
806 3381 894 3433 alii
918 3379 1137 3448 quidem
1167 3378 1345 3446 gladio
1376 3377 1711 3438 obtruncati,
1747 3376 1839 3429 alii
1873 3391 2003 3429 vero
2043 3375 2300 3444 suspensi

729 3485 782 3526 et
820 3472 1092 3537 suifocati,
1121 3471 1209 3524 alii
1245 3469 1365 3524 telis
1391 3467 1654 3530 confossi,
1688 3469 1778 3520 alii
1819 3469 2054 3537 denique
2086 3468 2151 3521 ad
2183 3483 2304 3522 car-

730 3579 908 3616 t-erem
941 3571 994 3618 et
1041 3562 1273 3616 inediam
1321 3559 1586 3624 damnati,
1621 3559 1865 3630 martyrii
1918 3575 2140 3615 cursum
2167 3575 2302 3614 con-

734 3664 1098 3712 SUllllllul'lllll.

801 3934 868 3988 Et
908 3943 1186 3988 certamen
1219 3939 1696 3988 sacrosanctorum
1740 3939 2044 4000 martyrum
2097 3929 2302 3999 Apolli-

733 4027 884 4080 naris
915 4035 968 4079 et
997 4024 1175 4077 \‘italii
1197 4022 1440 4093 episcopi
1477 4023 1773 4084 Ravennae,
1807 4029 1861 4074 et
1904 4019 2203 4088 Apollonii,
2251 4030 2304 4075 et

729 4119 952 4188 Eugenii
984 4117 1258 4186 martyris,
1292 4123 1347 4170 et
1369 4115 1637 4170 Susanna
1668 4113 1724 4166 in
1766 4111 2024 4166 Leucate.

1259 4320 1490 4379 EODEM
1520 4319 1772 4376 MENSE.

1191 4413 1284 4466 Die
1327 4413 1583 4465 vicesima
1625 4415 1820 4478 quarta

871 4505 1034 4577 179
1057 4503 1334 4560 Certamen
1361 4513 1556 4556 sancta
1590 4505 1842 4572 martyris
1870 4501 2172 4557 Christinc.

805 4645 1010 4702 Christi
1041 4651 1248 4712 martyr
1287 4639 1560 4694 Christina
1593 4647 1712 4691 erat
1745 4653 1811 4690 ex
1847 4637 1978 4690 urbe
2009 4634 2174 4704 Tyro.
2207 4633 2310 4688 Pa-

738 4751 877 4795 trem
915 4745 1095 4790 autem
1123 4733 1332 4786 militiae
1360 4729 1678 4798 praefectum
1731 4737 1910 4792 nacta,
1953 4728 2007 4780 in
2039 4725 2312 4780 excelsam

735 4828 930 4884 turrim
959 4825 1029 4880 ab
1059 4823 1152 4876 illo
1193 4822 1478 4890 deportata
1499 4817 1619 4882 fuit,
1655 4833 1720 4872 ne
1749 4833 1780 4871 a
1803 4817 2062 4887 quopiam
2093 4815 2310 4869 videre-

737 4931 847 4986 tur,
878 4933 1000 4972 cum
1030 4914 1082 4966 in
1113 4909 1358 4966 eamdem
1395 4910 1588 4963 turrim
1627 4908 1878 4976 prOprios
1901 4907 2032 4960 deos
2061 4906 2314 4960 advexis-

735 5019 839 5076 set,
888 5009 1047 5077 eique
1080 5005 1446 5075 praecepisset,
1480 5013 1539 5056 ut
1581 5002 1686 5054 illis
1717 5001 2076 5062 sacrificaret,
2107 5011 2316 5066 eosque

741 5101 1018 5155 adoraret.
1067 5102 1132 5150 At
1186 5095 1272 5147 illa
1325 5093 1700 5146 infirmitatem
1744 5107 1936 5144 eorum
1975 5089 2306 5156 intelligens,

741 5205 1084 5261 nequaquam
1125 5188 1193 5240 iis
1241 5185 1484 5238 animum
1543 5183 1772 5236 advertit
1819 5182 1954 5235 :sed
2013 5181 2135 5233 caeli
2191 5180 2312 5247 pul-

753 5280 1116 5336 chritudinem
1161 5293 1224 5329 ιιι
1268 5276 1502 5328 fenestra
1535 5272 1893 5342 prospiciens,
1946 5270 2314 5337 factoremque

754 5393 818 5428 ex
858 5373 1112 5441 operibus
1143 5383 1497 5437 cngnoscens,
1525 5367 1668 5420 idola
1706 5366 1959 5419 contrivit
1989 5365 2311 5434 dejecitque.

751 5463 1098 5534 Deprehensa
1127 5461 1311 5530 igitur,
1343 5471 1394 5512 et
1419 5474 1481 5512 ex
1515 5457 1648 5512 turri
1686 5457 1952 5526 deposita,
1983 5456 2314 5510 cruciatibus

745 5555 1004 5608 omnibus
1037 5567 1066 5604 a
1095 5551 1314 5620 proprio
1337 5561 1491 5618 patre
1545 5549 1788 5617 subjecta
1842 5547 1964 5602 fuit.
2007 5547 2207 5600 Deinde
2261 5546 2313 5597 in

744 5643 1049 5699 custodiam
1081 5645 1324 5704 detrusa,
1368 5641 1548 5693 cibum
1601 5641 1670 5692 ab
1718 5638 1912 5705 angelo
1944 5636 2176 5703 sumpsit
2211 5655 2223 5688 :
2259 5636 2312 5687 in

747 5749 900 5792 mare
937 5742 1116 5788 autem
1147 5735 1406 5802 projecta,
1458 5745 1656 5800 aquam
1709 5745 1808 5798 pro
1859 5729 2179 5796 baptismate
2215 5725 2314 5778 ha-

741 5828 890 5888 buit.
917 5827 1112 5883 Postea
1138 5841 1204 5884 ex
1247 5827 1384 5880 mari
1419 5839 1661 5896 egressa,
1701 5823 2010 5890 iterumque
2039 5822 2090 5874 in
2124 5835 2312 5874 carce-

2405 3386 2499 3438 καὶ
2529 3384 2784 3454 χαλεποῖς
2828 3384 3078 3446 θανάτοις
3126 3380 3530 3450 ὑπεϐλήθησαν·
3588 3379 3637 3429 οἱ
3693 3376 3788 3446 μὲν
3831 3373 3976 3440 ξίφει

2403 3476 2500 3537 τὰς
2531 3474 2774 3540 κεφαλὰς
2826 3471 3245 3541 ἀπετμήθησαν·
3275 3471 3321 3522 οἱ
3361 3469 3416 3521 δὲ
3451 3465 3816 3537 κρατηθέντες
3861 3465 3983 3514 ἐτε-

2404 3565 2724 3633 λειώθησαν,
2765 3563 3184 3633 κρεμασθέντες,
3221 3563 3316 3613 καὶ
3365 3559 3746 3625 ἀπεπνίγησαν
3769 3573 3782 3585 ·
3817 3553 3974 3606 ἄλλοι

2409 3652 3109 3724 βέλεσικατακεντηθέντες
3162 3648 3580 3718 ἐτελειώθησαν.
3635 3647 3742 3698 Καὶ
3795 3646 3981 3710 ἕτεροι

2408 3745 2623 3815 φυλακῇ
2665 3744 2760 3798 καὶ
2791 3743 2938 3813 λιμῷ
2987 3741 3498 3802 καταδικασθέντες,
3557 3739 3646 3791 τὸν
3697 3737 3790 3788 τοῦ
3829 3753 3980 3804 μαρ-

2407 3837 2595 3906 τυρίου
2625 3834 2822 3906 δρόμον
2853 3835 3128 3890 ἐτέλεσαν.
3569 3821 3576 3828 ’

2479 3928 2586 3980 Καὶ
2633 3925 2860 3996 ἄθλησις
2890 3926 2996 3978 τῶν
3051 3925 3222 3994 ἁγίων
3279 3921 3688 3994 ἱερομαρτύρων
3729 3917 3988 3971 mmm-

2408 4019 2616 4088 ναρίου,
2673 4019 2768 4070 καὶ⁸
2829 4016 3079 4069 Βιταλίου
3137 4015 3437 4068 ἐπισκόπου
3494 4012 3786 4079 Ῥαϐέννης
3817 4049 3834 4072 ,
3887 4011 3990 4060 καὶ

2424 4110 2778 4164 Ἀπολλωνίου
2808 4151 2823 4175 ,
2888 4111 2982 4162 καὶ
3051 4109 3326 4181 μάρτυρος
3392 4105 3696 4174 Εὑγενίου,
3735 4103 3832 4155 καὶ
3883 4101 3994 4168 τῆς

2412 4201 2702 4270 Σωσάννης
2729 4203 2827 4272 τῆς
2851 4203 2906 4254 ἐν
2943 4201 3022 4270 τῷ
3055 4199 3330 4271 Λευκάτῃ.

2927 4313 3105 4366 MHNI
3139 4311 3227 4382 Tu
3262 4309 3464 4380 ΔΥΤῼ.
3535 4359 3540 4364 .

3135 4405 3238 4456 ΚΔ¹

2549 4499 2838 4565 νΛθλησ-ις
2859 4493 2968 4562 τῆς
2989 4494 3161 4562 ἁγίας
3181 4490 3483 4562 μάρτιῬος
3512 4487 3856 4556 Χριστίνης.

2497 4635 2688 4692 Ἢτοῦ
2741 4631 2974 4702 Χριστοῦ
3029 4629 3237 4701 μάρτυς
3293 4624 3558 4695 Χριστίνα
3627 4622 3840 4691 ὑπῆρχε
3887 4621 3995 4688 μὲν

2414 4732 2479 4783 ἐκ
2533 4730 2632 4798 τῆς
2689 4725 2900 4788 πόλεως
2955 4721 3156 4792 Τύρου·
3217 4716 3594 4788 στρατηλάτην
3663 4713 3720 4765 δὲ
3770 4713 3992 4778 πατέρα

2415 4823 2637 4890 ἔχουσα,
2688 4821 2766 4880 εἰς
2813 4815 3024 4884 πύργον
3065 4810 3266 4880 ὑψηλὸν
3292 4806 3538 4876 κατήχθη
3592 4803 3722 4872 παρ’
3769 4803 3990 4854 ἐκείνου

2420 4912 2553 4980 προς
2612 4909 2672 4960 τὸ
2728 4910 2802 4976 μὴ
2867 4905 3128 4970 θεαθῆναι
3183 4899 3288 4954 ὑπό
3321 4915 3489 4959 τινος,
3547 4893 3990 4953 ἀναϐιϐάσαντας

2421 5006 2502 5066 εἰς
2527 5002 2616 5053 τὸν
2653 4999 2859 5066 πύργον
2889 4996 2984 5048 καὶ
3012 4995 3138 5055 τοὺς
3170 4989 3361 5044 ἑαυτοῦ
3395 4987 3570 5048 θεοὺς,
3610 4985 3708 5036 καὶ
3751 4984 3994 5050 προστά-

2423 5095 2611 5158 ξαντος
2643 5092 2777 5159 αὐτῇ
2833 5088 2980 5140 θύειν
3039 5087 3132 5138 καὶ
3174 5081 3499 5149 προσκυνεῖν
3563 5077 3768 5138 αὐτοῖς.
3850 5073 3994 5124 Ἀλλ’

2423 5185 2605 5252 ἐκείνη
2642 5181 3026 5248 κατανοήσασα
3057 5175 3154 5244 τὴν
3181 5173 3464 5225 ἀσθένειαν
3503 5167 3704 5228 αὐτῶν,
3736 5163 3996 5232 ούδαμῶς

2425 5277 2711 5344 προσεῖχεν
2741 5271 2942 5330 αὐτοῖς.
2979 5267 3086 5319 Τοῦ
3111 5267 3165 5317 δέ
3191 5261 3422 5332 ούρανοῦ
3450 5261 3508 5312 τὸ
3543 5257 3737 5318 κάλλος
3781 5256 3870 5306 δια
3899 5255 3996 5306 θυ-

2429 5367 2570 5436 ρίδος
2601 5363 2893 5432 βλέπουσα,
2937 5359 3030 5410 καὶ
3051 5359 3114 5408 ἐκ
3145 5355 3249 5407 τῶν
3281 5352 3606 5421 ποιημάτων
3637 5349 3726 5401 τὸν
3755 5354 3994 5414 Anyto-.2-

2431 5456 2556 5526 ργὺν
2583 5455 2985 5521 κατανοήσασα,
3017 5445 3301 5517 συνέτριψε
3335 5442 3638 5506 ταεῖδωλα,
3675 5441 3766 5492 καὶ
3797 5437 3992 5506 ερῤιψε

2425 5549 2597 5600 κάτω.
2640 5545 2750 5596 Καὶ
2770 5541 3182 5609 διαγνωσθεῖσα,
3209 5539 3304 5590 καὶ
3341 5535 3436 5589 τοῦ
3496 5533 3712 5602 πύργου
3759 5529 3996 5581 καταει-

2426 5639 2709 5702 ϐασθεῖσα,
2771 5635 2974 5698 πάσαις
3035 5633 3328 5701 τιμωρίαις
3385 5623 3798 5691 καθυπεϐλήθη,
3837 5619 3996 5688 παρὰ.

2425 5730 2519 5782 τοῦ
2552 5725 3009 5796 οἰκείου-πατρός.
3057 5719 3510 5776 Ἀποκλεισθεῖσα
3539 5717 3594 5770 δὲ
3649 5715 3742 5767 καὶ
3777 5713 3856 5773 εἰς
3889 5727 3996 5778 cpu-

2425 5821 2618 5890 λακὴν,
2667 5819 2924 5888 ἐτρέφετο
2968 5816 3070 5869 ὑπὸ
3098 5813 3328 5882 ἀγγέλου
3362 5829 3374 5840 ⁸
3412 5811 3506 5864 καὶ
3547 5809 3762 5880 ριφείσα
3809 5807 3865 5856 ἐν
3901 5801 3996 5854 θα-
