4190 6534
206 443 294 503 557

1679 411 1974 478 IULIUS.

3352 393 3456 457 558

202 554 381 621 idem,
414 546 638 614 ἐδέξατο
662 544 721 599 τὸ
752 540 901 612 ὕδωρ
943 540 1021 603 εἰς
1051 538 1361 610 βάπτισμα.
1390 532 1503 586 Καὶ
1533 530 1633 599 τῆς
1678 527 1769 580 θα·
1806 571 1812 587 ι

1916 535 1993 576 em
2021 517 2290 587 conjecta,
2329 521 2453 585 post
2479 511 2653 584 patris
2679 510 2762 567 sui
2800 506 3085 564 interitum
3130 504 3199 562 ad
3228 504 3458 559 Dionem

2027 612 2076 621 ..
2207 609 2218 619 .
2454 605 2487 621 _.
2580 620 2587 621 ί
3004 598 3294 621 ..ε-τηεωε,
3339 612 3433 621 ..η

202 641 390 708 λάσσης
439 634 755 703 ἐξελθοῦσα,
784 629 1123 699 ἀπεκλείσθη
1151 626 1314 681 πάλιν
1352 626 1435 688 εἰς
1492 622 1765 692 φυλακήν.

204 732 304 785 Καὶ
337 728 477 798 μετά
503 724 762 796 τελευτήν
791 722 886 776 τοῦ
917 720 1125 791 πατρὸς
1177 718 1351 787 αὑτῆς
1393 718 1471 777 εἰς
1520 713 1772 778 ἐξέτασιν

205 823 419 895 ἀχθεῖσα
468 822 629 874 Δίωνι
663 818 743 890 τῷ
770 820 1012 890 ἄρχοντι,
1066 814 1274 884 ἐτύφθη
1340 808 1611 880 σφοδρῶς.
1660 806 1774 860 Καὶ

207 914 759 984 θαυματουργήσασα,
788 909 1017 971 πολλοὺς
1047 907 1271 975 ἐποίησε
1312 900 1605 956 πιστεῦσαι
1632 900 1772 967 Χρι-

209 1006 331 1076 στῷ.
381 1008 490 1059 Καὶ
524 1007 650 1069 τοὺς
702 1004 945 1074 μαστοὺς
975 1002 1293 1063 ἐκκοπεῖσα,
1323 998 1422 1051 ad.
1455 995 1600 1050 κατά
1636 1008 1774 1061 καρ-

203 1101 310 1164 δίας
338 1100 608 1170 πληγεῖσα
636 1101 746 1157 τοῖς
774 1096 1100 1165 κονταρίοις,
1133 1089 1447 1158 ἐτελειώθη.

708 1186 888 1241 M..Nl
925 1187 1011 1256 To
1046 1184 1250 1252 arm.

920 1279 1027 1335 ΚΕ

204 1377 415 1446 Μνὴμη
440 1376 549 1444 τῆς
581 1376 752 1447 ἁγίας
793 1376 1014 1495 “Amne
1044 1370 1155 1438 τῆς
1202 1368 1430 1441 μητρὸς
1475 1363 1588 1433 τῆς
1642 1366 1784 1417 Θεο-

882 1463 914 1495 τ
954 1462 1086 1495 κου.

882 1462 1086 1497 τοκου.

284 1568 471 1631 Ἀννα,
507 1568 539 1636 ή
580 1564 857 1629 σεϐασμία
898 1563 1081 1633 μήτηρ
1102 1559 1201 1629 τῆς
1226 1556 1437 1621 ἐνδόξου
1491 1554 1788 1621 Δεσποίνης

204 1662 356 1734 ἡμῶν
393 1658 683 1719 Θεοτόκου,
717 1656 811 1708 καὶ
869 1652 1235 1722 ἀειπαρθένου
1281 1648 1526 1720 Μαρίας,
1557 1642 1625 1717 ἦν
1690 1645 1789 1713 μὲν

202 1757 265 1809 ἐκ
291 1752 463 1820 φυλῆς
496 1748 649 1812 Λευῖ,
680 1747 787 1800 ἀπὸ
816 1745 1067 1815 Βηθλεὲμ
1100 1744 1155 1797 δέ
1209 1745 1307 1811 τῆς
1362 1740 1651 1800 Ἰουδαίας,
1690 1736 1790 1787 Ou-

206 1848 385 1917 γάτηρ
414 1841 639 1895 Ματθᾶν
670 1838 764 1891 τοῦ
802 1838 993 1906 ἱερέως
1026 1852 1039 1866 ⁸
1098 1835 1247 1896 ὅστις
1284 1832 1510 1886 Ματθὰν
1544 1830 1790 1900 ὑπῆρχεν

1881 612 2168 683 praesidem
2206 609 2260 662 in
2298 605 2654 678 quaestionem
2690 601 2949 667 adducta,
2999 598 3297 653 dirissimis
3339 612 3464 651 ver-

1882 703 2104 759 beribus
2129 716 2267 756 cassa
2298 706 2402 755 est.
2441 699 2726 755 Postremo
2755 710 2881 750 cum
2935 692 3006 746 ob
3053 697 3266 761 patrata
3296 690 3464 742 mira-

1884 797 2011 853 cula
2059 797 2375 864 complures
2431 794 2498 849 ad
2565 791 2726 848 iidem
2780 788 2987 845 Christi
3027 785 3466 855 amplectandam

1886 892 2241 955 adduxisset,
2291 889 2551 946 mamillis
2622 884 2921 949 abscissis,
2984 881 3267 951 hastisque
3321 877 3471 934 cordi

1889 986 2095 1051 inﬁxis,
2127 986 2290 1040 vitam
2321 984 2517 1039 ﬁnivit.

2425 1184 2657 1243 EODEM
2693 1186 2945 1242 MENSE.

2370 1284 2467 1337 Die
2516 1282 2775 1337 vicesima
2807 1281 2999 1350 quinta

1965 1375 2412 1430 Commemoratio
2471 1384 2672 1429 sanctor
2712 1376 2883 1428 Anna:
2917 1370 3109 1425 matris
3143 1368 3405 1438 Deiparw.

1968 1565 2123 1618 Anna
2152 1562 2481 1617 venerabilis
2523 1571 2696 1616 mater
2726 1561 2975 1631 gloriosa:
3001 1557 3247 1612 Dominae
3281 1564 3483 1609 nostrae

1902 1658 2145 1728 Deiparae
2174 1670 2503 1725 semperque
2536 1655 2778 1725 Virginis
2814 1653 3019 1714 Mariae,
3049 1658 3167 1705 erat
3222 1664 3288 1703 ex
3334 1647 3480 1702 tribu

1900 1747 2026 1801 Levi
2052 1748 2119 1801 de
2148 1746 2466 1801 Bethlehem
2491 1743 2716 1807 Judaeaa,
2749 1744 2856 1796 tilia
2890 1741 3132 1795 Matthan
3154 1734 3481 1793 sacerdotis.

1902 1840 2002 1895 Hic
2024 1855 2153 1895 vero
2198 1839 2437 1894 Matthan
2471 1838 2783 1893 sacerdotio
2830 1834 3182 1905 fungebatur,
3225 1836 3487 1900 regnante

207 1913 503 2007 ίερατεύων
530 1933 622 1982 ἐπὶ
648 1933 745 2000 τῆς
776 1926 1055 1997 βασιλείας
1109 1926 1206 1993 τῆς
1255 1922 1644 1990 Κλεοπάτρας,
1687 1918 1793 1989 πρὸ

1916 1932 2211 2002 ΞΙεοραιῐα,
2267 1942 2563 2001 antequam
2599 1929 2841 1984 Herodes
2877 1926 3147 1997 Antipatri
3193 1925 3339 1979 ﬁlius
3395 1936 3485 1975 re-

208 2029 307 2099 τῆς
341 2024 624 2095 βασιλείας
672 2019 916 2091 Ἡρώδου
946 2018 1063 2070 υίοῦ
1106 2016 1493 2086 Ἀντιπάτρου.
1534 2011 1699 2082 Ἔσχε
1735 2011 1790 2064 δέ

207 2117 517 2188 θυγατέρας
574 2117 746 2186 τρεῖς,
803 2110 1044 2181 Μαρίαν,
1128 2109 1324 2178 Σόϐην,
1404 2109 1501 2160 καὶ
1568 2108 1789 2158 Ἀνναν.

210 2215 427 2280 Ἐγημε
458 2210 513 2261 δέ
541 2210 572 2279 ή
615 2207 806 2277 πρώτη
841 2205 1091 2273 θυγάτηρ
1123 2204 1181 2255 ἐν
1205 2201 1478 2271 Βηθλεέμ,
1512 2200 1605 2252 καὶ
1630 2200 1789 2250 ἔτεκε

208 2300 479 2369 Σαλώμην
506 2297 603 2368 τὴν
645 2296 884 2365 Μαρίαν.
936 2293 1001 2346 Ἦ
1031 2294 1086 2346 δὲ
1118 2293 1348 2361 δευτέρα
1396 2290 1491 2344 καὶ
1542 2288 1682 2357 αὑτὴ
1739 2288 1798 2338 ἐν

208 2391 484 2465 Βηθλεέμ,
544 2390 643 2442 καὶ
700 2388 889 2440 ἔτεκεν
938 2384 1225 2438 Ἐλισάϐετ
1290 2382 1387 2453 τὴν
1442 2381 1654 2453 μητέρα
1704 2376 1796 2431 τοῦ

210 2486 553 2561 Προδρόμου.
602 2483 666 2535 Ἠ
705 2482 762 2535 δέ
821 2482 991 2532 Ἀννα
1044 2481 1126 2542 είς
1175 2478 1276 2547 τὴν
1340 2476 1446 2545 γῆν
1495 2474 1594 2542 τῆς
1643 2471 1799 2525 Γαλι-

210 2559 393 2638 λαίας.
419 2576 515 2627 καὶ
559 2572 745 2627 ἔτεκεν
780 2571 1001 2641 Μαρίαν
1034 2571 1134 2639 τήν
1173 2568 1459 2621 Θεοτόκον.
1534 2566 1621 2627 Ὠς
1657 2559 1799 2616 εἶναι

210 2668 311 2741 τὴν
346 2667 639 2736 Σαλώμην,
672 2666 769 2717 καὶ
787 2663 886 2731 τήν
930 2660 1243 2724 Ἐλισάϐετ,
1288 2658 1385 2712 καὶ
1411 2659 1510 2727 τὴν
1539 2655 1801 2708 Θεοτὸκον

214 2760 531 2834 θυγατέρας
562 2757 807 2825 ἀδελφῶν
832 2755 1000 2825 τριῶν
1032 2753 1287 2821 θηλειῶν.
1325 2751 1389 2803 Ἢ
1412 2750 1473 2802 ’δέ
1510 2752 1701 2812 Ἀννα,
1728 2746 1802 2808 ώς

211 2854 475 2921 εἴπομεν,
514 2850 827 2918 γεννήσασα
866 2847 926 2899 τὸ
953 2848 1099 2916 μέγα
1136 2844 1348 2913 δφελος,
1378 2842 1475 2911 τὴν
1528 2840 1803 2909 σωτηρίαν

212 2944 310 2999 τοῦ
334 2944 572 3012 κόσμου,
612 2941 712 3012 τήν
734 2941 1025 3012 ἄχραντον,
1060 2938 1157 2991 καὶ
1206 2936 1583 3006 ὑπεράμωμον
1615 2932 1806 2985 Θεοτό-

214 3056 337 3101 κον,
373 3037 468 3089 καὶ
507 3033 931 3103 ἀναθρεψαμένη
963 3033 1057 3083 καὶ
1095 3028 1463 3097 ἀπαγαγοῦσα
1498 3027 1556 3078 ἐν
1585 3029 1661 3094 τῷ
1692 3022 1806 3092 ναῷ

213 3130 452 3199 Κυρίου,
483 3128 575 3180 καὶ
624 3127 891 3180 ἀναθεῖσα
924 3124 1093 3194 αὐτὴν
1150 3122 1229 3194 τῷ
1279 3121 1420 3191 Θεῷ,
1483 3119 1618 3188 πρὸς
1646 3116 1808 3169 αὑτὸν

215 3223 488 3293 χαίρουσα
520 3220 877 3289 ἐξεδήμησεν.

482 3334 588 3385 Kal
617 3330 824 3399 μνήμη
852 3328 962 3397 τῆς
995 3328 1170 3393 ὁσίας
1190 3324 1553 3393 Εῠπραξίας.

299 3448 371 3501 Ἥ
428 3446 551 3498 ὁσία
631 3442 914 3514 Εὑπραξία
955 3437 1023 3513 ἦν
1087 3441 1184 3511 μὲν
1249 3440 1342 3492 ἐπὶ
1375 3440 1474 3508 τῆς
1530 3437 1809 3509 βασιλείας

214 3539 530 3599 θεοδοσίου,
576 3530 636 3588 οὑ
696 3538 789 3588 καὶ
844 3533 1113 3602 συγγενὴς
1175 3532 1515 3601 ἐτύγχανεν·
1565 3530 1809 3599 Θυγάτηρ

215 3634 275 3686 δὲ
317 3630 633 3697 Ἀντιγόνου
665 3628 759 3680 τοῦ
810 3624 1205 3694 συγκλητικοῦ.
1241 3618 1316 3677 Οὑ
1364 3623 1809 3691 τελευτήσαντος,

219 3725 368 3791 αὑτὴ
407 3723 559 3791 παρὰ
588 3721 685 3788 τῆς
720 3719 925 3788 μητρὸς
957 3716 1269 3784 Εὑπραξίας
1302 3712 1530 3782 ἀνετέθη
1562 3711 1641 3781 τῷ
1669 3712 1814 3779 βασι-

221 3819 307 3870 λεῖ
341 3816 421 3877 ὡς
453 3814 733 3881 συγγενεῖ,
767 3811 1161 3879 κα“ιέπιτρ6πῳ
1196 3808 1388 3876 αὐτῆς,
1431 3804 1813 3874 φροντίζεσθαι

222 3911 319 3962 ὑπ’
374 3906 570 3960 αὑτοῦ.
631 3904 743 3957 Καὶ
799 3900 1195 3972 μνηστευθεῖσα
1263 3898 1618 3969 συγκλητικῷ
1685 3916 1811 3961 τινι,

223 3998 469 4065 ἐπείπερ
494 3997 700 4056 ἐκεῖνος
732 3994 836 4063 πρὸ
862 3993 962 4062 τῆς
998 3992 1299 4062 συναφείας
1330 3990 1708 4060 ἐτελεύτησεν,
1748 3990 1817 4041 τά

222 4089 552 4155 ὑπάρχοντα
575 4086 710 4152 αὑτὴ
733 4084 898 4137 δοῦσα
936 4087 1194 4151 πτωχοῖς,
1259 4084 1398 4151 μετά
1449 4085 1549 4151 τῆς
1608 4080 1818 4150 μητρὸς

223 4180 408 4247 αὐτῆς
433 4176 702 4230 κατέλαϐε
736 4176 835 4247 τὴν
870 4178 926 4229 ὲν
952 4176 1215 4246 Αἰγύπτῳ
1241 4176 1395 4228 πόλιν
1433 4175 1649 4246 Θηϐῶν.
1708 4175 1821 4227 Καὶ

225 4271 560 4325 εἰσελθοῦσα
587 4270 666 4330 εἰς
697 4269 756 4321 τὸ
784 4272 1167 4339 μοναστήριον,
1197 4270 1254 4321 ἐν
1280 4260 1323 4335 ᾧ
1348 4268 1593 4337 ὑπῆρχον
1624 4266 1819 4318 ἑκατὸν

230 4362 599 4432 μονάζουσαι,
622 4358 979 4427 ἀπεκείρατο.
1025 4360 1131 4411 Καὶ
1163 4358 1302 4427 αὑτὴ
1330 4357 1427 4428 μὲν
1477 4357 1820 4428 προσήδρευ-

229 4472 327 4506 σεν
349 4453 433 4521 τῷ
467 4452 817 4521 μοναστηρίῳ
839 4450 939 4519 τὴν
976 4449 1260 4517 ίσὰγγελον
1294 4448 1486 4518 βιοῦσα
1532 4448 1698 4516 ζωήν.
1753 4447 1821 4500 Ἢ

225 4548 290 4600 δὲ
326 4550 518 4616 μήτηρ
543 4546 710 4613 αὑτῆς
736 4542 1102 4611 περιελθοῦσα
1128 4543 1197 4595 τὰ
1227 4544 1349 4594 κατ’
1388 4543 1655 4613 ἀνατολήν
1691 4548 1823 4613 κτή-

1896 2038 2091 2099 εηπει
2127 2047 2138 2080 :
2173 2028 2365 2081 habuit
2396 2037 2581 2082 autem
2620 2038 2729 2082 tres
2779 2025 2941 2087 tilias,
2998 2022 3252 2084 Mariam,
3300 2019 3484 2075 Soben

1896 2120 2211 2172 etAnnam.
2252 2115 2444 2186 Nupsit
2476 2126 2659 2171 autem
2694 2116 2870 2185 prima
2897 2115 3006 2169 lilia
3050 2115 3102 2167 in
3141 2111 3483 2173 Betltlehem,

1898 2211 2196 2279 genuitque
2231 2208 2513 2275 Salomen,
2561 2224 2683 2279 qua:
2713 2221 2767 2263 et
2798 2207 2991 2261 Maria.
3036 2206 3218 2260 Altera
3270 2218 3491 2274 quoque

1899 2301 2089 2371 nupsit
2124 2304 2176 2355 in
2209 2300 2553 2367 Betltlebem,
2578 2309 2633 2356 et
2673 2300 2862 2371 genuit
2913 2298 3191 2354 Elisabeth
3253 2306 3486 2351 matrem

1900 2393 2286 2449 Praecursoris.
2319 2394 2476 2447 Anna
2507 2408 2641 2448 vero
2693 2392 2882 2462 nupsit
2930 2391 2984 2444 in
3043 2398 3191 2444 terra
3226 2387 3486 2450 Galilaeae,
3521 2412 3528 2421 ι

1902 2499 1957 2543 et
1987 2489 2177 2558 genuit
2209 2487 2437 2541 Mariam
2472 2486 2806 2555 Deiparam':
2842 2486 2917 2537 ita
2955 2492 3014 2537 ut
3046 2481 3285 2544 Salome,
3312 2480 3491 2535 Elisa-

1904 2579 2032 2633 beth
2087 2593 2151 2631 ac
2186 2576 2419 2640 Deipara
2474 2576 2635 2645 180
2666 2575 2775 2630 sint
2833 2574 2999 2628 trium
3050 2585 3309 2627 sororum
3342 2568 3489 2623 tiliae.

1903 2670 2093 2739 Itaque
2122 2672 2278 2723 Anna
2302 2685 2425 2724 cum
2463 2669 2764 2739 genuisset,
2787 2677 2845 2721 ut
2876 2665 3089 2737 prmfati
3125 2678 3341 2726 sumus,
3374 2676 3492 2715 nta-

1907 2778 2067 2831 guam
2098 2763 2408 2828 utilitatem,
2457 2760 2756 2830 mundique
2803 2761 3060 2824 salutem,
3089 2755 3493 2811 immaculatam

1906 2855 2203 2924 omnisque
2240 2854 2381 2909 labis
2416 2862 2692 2923 expertem
2727 2851 3036 2921 Deiparam,
3074 2863 3311 2919 eamque
3349 2847 3490 2902 edu-

1908 2956 2111 3007 casset,
2149 2945 2393 3016 atquein
2433 2945 2694 3015 templum
2730 2943 2945 2999 Domini
2979 2942 3321 3007 adduxisset,
3353 2940 3495 2995 Deo-

1910 3052 2017 3107 que
2046 3038 2357 3103 obtulisset,
2394 3038 2461 3092 ad
2485 3038 2665 3107 ipsum
2706 3034 2949 3105 gaudens
2974 3033 3247 3105 migravit.

2169 3338 2229 3391 Et
2258 3339 2680 3391 commemoratio
2716 3347 2915 3392 sancta:
2940 3335 3247 3405 Eupraxiw.

1992 3450 2192 3505 Sancta
2224 3449 2520 3519 Eupraxia,
2558 3448 2861 3518 imperante
2893 3447 3227 3513 Theodosio,
3278 3448 3499 3514 claruit,

1921 3545 2076 3613 cujus
2101 3552 2152 3598 et
2192 3542 2367 3597 alIinis
2387 3541 2509 3607 fuit,
2540 3542 2648 3597 lilia
2678 3550 2857 3596 autem
2892 3541 3152 3611 Antigoni
3185 3543 3455 3598 senatoris
3480 3562 3498 3598 :

1921 3652 2030 3705 quo
2048 3635 2329 3698 defuncto,
2368 3636 2483 3704 ipsa
2516 3649 2544 3688 a
2592 3641 2768 3689 matre
2795 3634 3065 3703 Eupraxia
3103 3632 3167 3688 ad
3207 3634 3503 3703 imperato-

1922 3747 2036 3785 rem
2084 3730 2316 3784 adducta
2365 3739 2628 3799 tanquam
2693 3729 2907 3784 aliinem
2966 3739 3022 3783 et
3088 3738 3502 3798 procuratorem

1924 3839 2109 3889 suum,
2139 3824 2241 3877 sub
2275 3823 2389 3891 ejus
2417 3823 2585 3877 tutela
2604 3823 2757 3877 vixit.
2792 3820 3043 3877 Senatori
3073 3830 3256 3877 autem
3287 3823 3506 3877 cuidam

1926 3915 2218 3985 desponsa,
2239 3928 2365 3967 cum
2399 3914 2507 3979 bic,
2540 3922 2832 3983 antequam
2851 3913 2901 3966 ei
2929 3913 3304 3983 c0pularetur,
3336 3915 3509 3969 obiis-

1928 4018 2030 4071 set,
2080 4006 2368 4061 facultates
2413 4022 2542 4061 suas
2592 4007 2926 4076 pauperibus
2989 4007 3348 4074 distribuens,
3402 4023 3508 4063 una

1928 4115 2052 4154 cum
2085 4107 2259 4152 matre
2301 4098 2354 4151 in
2387 4098 2577 4151 urbem
2613 4097 2835 4168 Egypti
2865 4097 3083 4154 Thebas
3104 4099 3394 4156 concessit
3419 4118 3435 4154 :
3457 4111 3514 4156 et

1929 4190 2326 4243 monasterium
2370 4189 2643 4258 ingressa,
2702 4189 2757 4242 in
2809 4203 2919 4257 quo
2968 4198 3189 4244 centum
3215 4192 3515 4247 sanctimo-

1930 4280 2105 4334 niales
2159 4279 2446 4349 degebant,
2502 4278 2666 4332 vitam
2728 4279 2936 4348 angelis
2997 4281 3263 4349 aequalem
3330 4281 3509 4337 duxit.

1931 4370 2103 4425 Mater
2136 4386 2266 4426 vero
2305 4386 2429 4425 cum
2461 4386 2591 4426 suas
2618 4373 3017 4440 possessiones,
3053 4389 3175 4443 qua:
3201 4374 3257 4429 in
3291 4374 3513 4431 Oriente

1930 4473 2107 4527 erant,
2142 4462 2478 4517 circumiens
2510 4464 2863 4529 vendidisset,
2915 4480 3119 4535 easque
3154 4469 3350 4534 partim
3379 4484 3513 4539 pau-

1935 4555 2158 4624 peribus
2216 4556 2477 4622 dedisset,
2518 4556 2719 4626 partim
2779 4557 3025 4613 ecclesiis
3085 4559 3394 4627 obtulisset,
3444 4563 3514 4616 ad

232 4654 392 4708 ματα
414 4636 607 4704 αὐτῆς,
639 4636 734 4689 καὶ
765 4636 831 4686 τὰ
864 4636 961 4703 μὲν
995 4634 1319 4704 πωλήσασα,
1365 4636 1455 4688 καὶ
1481 4635 1645 4687 δοῦσα
1673 4653 1812 4688 πτω-

1934 4648 2329 4702 monasterium
2357 4662 2628 4718 regressa,
2660 4648 2823 4718 paulo
2853 4660 2978 4719 pust
3000 4651 3351 4709 obdormivit.
3381 4619 3516 4710 i’ost

228 4732 377 4799 χοῖς,
404 4727 474 4780 τὰ
502 4728 557 4778 δέ
590 4727 912 4795 ἐκκλησίαις
946 4728 1227 4793 ἀναθεῖσα,
1259 4726 1599 4797 ὑπέστρεψεν
1635 4730 1715 4789 είς
1763 4728 1824 4779 τὸ

232 4822 640 4891 μοναστήριον,
675 4820 766 4872 καὶ
793 4820 974 4886 ὀλίγον
1001 4820 1345 4873 ἐπιϐιώσασα
1393 4819 1684 4890 ἐκοιμήθη.
1719 4819 1828 4872 Καὶ

234 4914 385 4982 μετὰ
433 4912 610 4964 ταῦτα
636 4913 669 4980 ἡ
712 4910 999 4981 Εὑπραξία
1044 4911 1288 4980 μεγάλης
1320 4911 1521 4980 ἀρετῆς
1575 4910 1827 4975 ἐλθοῦσα,

234 5008 337 5058 καί
364 5005 632 5072 θαύματα
669 5004 963 5072 ποιήσασα,
1007 5003 1356 5056 ἀνεπαύσατο
1395 5005 1451 5055 ἐν
1486 5003 1697 5072 Κυρίῳ.

460 5120 571 5174 Καὶ
598 5118 807 5187 μνήμη
840 5117 951 5187 τῆς
974 5116 1149 5183 ὁσίας
1192 5117 1617 5187 Ὀλυμπιάδος.

328 5234 400 5288 Ἦ
432 5234 555 5287 ὁσία
612 5233 917 5302 Ὀλυμπιὰς
981 5234 1226 5305 ὑπῆρχεν
1280 5234 1374 5286 ἐπὶ
1423 5234 1521 5302 τῆς
1557 5233 1831 5303 βασιλείας

236 5328 544 5398 Ἀρκαδίου
603 5328 696 5380 καὶ
750 5325 1037 5397 Ὀνωρίου,
1094 5328 1204 5377 τῶν
1238 5326 1370 5378 υίῶν
1404 5326 1685 5379 Θεοδοσίου
1738 5326 1833 5379 τοῦ

238 5425 535 5492 Μεγάλου·
604 5422 1013 5491 θυγάτηρ,μέν
1078 5420 1366 5475 Ἀκούνδου
1422 5420 1515 5473 τοῦ
1574 5419 1833 5488 κόμητος,

242 5516 459 5583 ἐγγόνη
485 5514 543 5567 δὲ
583 5513 873 5568 Ἀϐλαϐίου
906 5512 998 5566 τοῦ
1044 5513 1285 5582 ἐπάρχου
1317 5529 1329 5541 ·
1368 5510 1555 5581 νύμφη
1581 5510 1637 5562 δὲ
1678 5510 1839 5579 μόνον

240 5609 678 5680 χρηματίσασα,
719 5606 865 5677 γυνὴ
905 5605 963 5659 δέ
994 5604 1228 5667 οὑδενός.
1278 5603 1384 5657 Τοῦ
1436 5602 1543 5673 γὰρ
1580 5602 1839 5666 λαϐόντος

242 5705 424 5775 αὑτήν
491 5702 631 5774 πρὸς
664 5702 871 5771 Κύριον
915 5700 1352 5771 ἐκδημήσαντος,
1405 5697 1674 5768 παρθένος
1724 5696 1842 5763 ἅμα

245 5799 348 5850 καὶ
387 5799 537 5869 χήρα
566 5795 827 5865 διέμεινε.
860 5793 1228 5847 Διατελέσασα
1270 5792 1325 5843 δὲ
1375 5791 1555 5843 πάντα
1594 5790 1684 5841 τὸν
1731 5789 1843 5859 βίον

250 5893 424 5962 αὑτῆς
468 5893 527 5943 ἐν
577 5889 859 5959 νηστείαις
893 5888 987 5941 καὶ
1035 5887 1386 5955 προσευγαῖς,
1420 5885 1514 5938 καὶ
1563 5885 1680 5944 ταῖς
1736 5883 1846 5935 τῶν

1932 4740 2047 4794 haec
2072 4739 2346 4810 Eupraxia
2375 4756 2502 4795 cum
2550 4743 2619 4795 ad
2653 4742 2868 4797 culmen
2901 4744 3123 4800 virtutis
3173 4746 3512 4815 devcnisset,

1933 4844 1985 4887 et
2022 4834 2284 4889 miracula
2316 4843 2604 4904 patrasset,
2640 4836 2905 4905 requievit
2934 4837 2987 4890 in
3016 4836 3270 4893 Domino.

2152 5115 2220 5169 Et
2254 5117 2682 5170 commemoratio
2712 5125 2912 5170 sancta
2946 5116 3301 5188 Olympiadis.

2018 5236 2220 5291 Sancta
2258 5231 2558 5302 Olympias,
2603 5232 3002 5301 imperantibus
3054 5234 3289 5289 Arcadio
3326 5244 3382 5290 et
3413 5235 3521 5290 Ho-

1938 5331 2098 5387 norio
2143 5327 2271 5381 ﬁliis
2298 5324 2592 5379 Theodosii
2634 5323 2835 5393 Magni,
2869 5323 2979 5381 tilia
3019 5324 3124 5381 fuit
3172 5327 3388 5384 Acundi
3412 5346 3513 5384 co-

1941 5422 2109 5485 mitis,
2147 5420 2329 5487 neptis
2373 5425 2552 5470 autem
2601 5414 2815 5469 Ablabii
2862 5414 3122 5485 praefecti,
3158 5433 3362 5487 sponsa
3394 5428 3516 5475 tan-

1944 5523 2060 5567 tum
2097 5510 2388 5579 appellata,
2418 5507 2622 5562 nullius
2666 5516 2849 5563 tamen
2881 5522 3021 5561 uxor
3056 5526 3070 5563 :
3100 5509 3196 5579 qui
3220 5512 3366 5566 enim
3395 5528 3517 5569 eam

1946 5608 2201 5668 duxerat,
2246 5618 2367 5656 cum
2417 5601 2483 5655 ad
2522 5599 2813 5654 Dominum
2845 5601 3160 5672 migrasset,
3204 5605 3322 5675 ipsa
3362 5608 3520 5680 virgo

1950 5696 2114 5752 simul
2141 5706 2192 5749 et
2225 5694 2386 5747 vidua
2422 5691 2702 5744 remansit.
2750 5688 2993 5745 Cunctos
3038 5700 3219 5747 autem
3249 5693 3374 5749 vita
3407 5696 3526 5750 dies

1948 5791 2001 5843 in
2053 5786 2298 5855 jojuniis,
2331 5783 2673 5838 orationibus
2703 5790 2757 5836 et
2800 5798 3013 5837 summa
3063 5784 3114 5837 in
3161 5800 3428 5855 pauperes
3459 5788 3526 5842 lt-

1948 5880 2231 5935 beralitate
2270 5876 2624 5948 transigebat.
2649 5875 2796 5941 Quas
2854 5890 2979 5931 vero
3006 5876 3320 5947 possidebat
3354 5877 3529 5934 facul-
