4190 6534
138 376 233 443 561

1614 378 1913 439 IULIUS.

3296 388 3407 451 562

148 506 238 540 σαν
263 486 531 555 σφοδρῶς,
569 487 658 539 τὸν
688 486 921 557 Χριστὸν
970 486 1312 557 ἀρνήσασθαι
1357 504 1710 556 καταναγκα-
1746 498 1759 544 Δ

1861 500 1878 543 ι
1929 494 2008 548 sic
2054 500 2326 567 abnegare
2381 498 2659 554 Christum
2705 501 3060 570 adigerentur
3084 514 3103 553 :
3133 497 3229 554 sed
3262 498 3314 553 id
3347 515 3407 554 se

144 581 372 648 ζόμενοι.
424 579 533 631 Kal
574 578 729 632 τοῦτο
787 581 860 648 μὴ
936 583 1283 649 ποιήσαντες,
1334 579 1709 649 παρεδόθησαν

146 671 379 741 φυλακῇ.
417 671 652 724 Ἔπειτα
707 672 803 740 τῆς
846 671 1093 740 φυλακῆς
1126 670 1506 740 ἐκϐληθέντες,
1550 671 1711 723 πάλιν

147 765 583 836 ὲτιμωρήθησαν.
628 764 687 819 Ὀ
722 765 821 834 μὲν
847 764 958 834 γὰρ
990 766 1167 834 χαλκᾶ
1202 763 1408 818 πέταλα
1456 782 1716 835 πεπυρω-

1817 587 2213 644 commissuros
2250 601 2532 661 negantes,
2572 592 2625 647 in
2667 608 2944 649 carcerem
2985 592 3247 663 coniecti.
3281 606 3405 645 ιιιοκ

1820 678 1945 733 inde
1994 681 2200 747 educti,
2251 699 2445 738 rursus
2495 684 2624 740 torti
2653 681 2808 738 fuere
2843 703 2855 739 :
2889 694 2941 738 et
2988 685 3131 738 alius
3182 683 3407 754 quidem

1821 772 2120 828 candentes
2158 775 2395 829 laminas
2424 793 2608 833 aeneas
2662 775 2930 832 lateribus
2988 776 3268 845 subiectas
3320 774 3415 829 ha-

151 859 286 924 μένα
315 860 458 911 κατὰ
494 857 604 911 τῶν
635 856 881 926 πλευρῶν
910 858 1128 921 ἐδέξατο
1162 876 1174 887 ·
1209 860 1236 910 ὁ
1260 859 1318 912 δὲ
1342 858 1550 928 θηρίοις
1596 856 1718 921 ὲξε-

1861 865 1964 931 uit;
1991 865 2131 921 alius
2169 865 2299 921 feris
2335 868 2607 933 traditus;
2649 870 2791 923 alius
2828 868 2884 922 in
2909 868 3037 923 sede
3072 866 3251 921 ferrea
3276 882 3411 923 can-

148 952 274 1021 δύθη
310 967 322 980 ·
356 952 383 1003 ὁ
414 952 468 1004 δὲ
502 952 582 1012 είς
617 950 869 1020 σιδηροῦν
897 950 1085 1020 θρόνον
1121 952 1518 1021 πεπυρωμένον
1581 952 1711 1003 ἐκα-

1821 958 2293 1029 denteimpositus
2310 968 2415 1015 est.
2445 960 2702 1026 Quzedam
2734 970 2915 1016 autem
2950 960 3161 1026 mulier;
3193 974 3222 1013 a
3252 973 3413 1013 mane

147 1044 335 1113 θέσθη.
378 1044 484 1097 Kal
513 1044 650 1113 γυνή
689 1061 769 1105 τις
796 1044 1059 1112 τυφθεῖσα
1102 1044 1208 1095 ἀπὸ
1242 1043 1455 1113 πρωῖας
1502 1041 1607 1104 ἕως
1634 1042 1723 1093 ἐσ-

1865 1066 2000 1119 sque
2030 1053 2097 1105 ad
2126 1067 2410 1121 vesperam
2462 1051 2649 1121 ﬂagris
2685 1069 2849 1116 caesa,
2907 1068 3031 1107 mox
3088 1051 3143 1105 in
3200 1051 3414 1121 lignum

150 1136 348 1204 πέρας,
386 1137 479 1188 καὶ
514 1136 609 1188 ἐπὶ
643 1134 800 1198 ξύλου
830 1138 1224 1204 κρεμασθεῖσα,
1257 1135 1351 1189 καὶ
1393 1134 1604 1205 θηρίοις
1630 1136 1722 1186 ἐκ·

148 1227 383 1280 δοθεῖσα.
416 1229 524 1281 Kal
558 1228 744 1287 ἵπποις
784 1228 1162 1296 προσδεθεῖσα,
1194 1228 1285 1279 καὶ
1337 1227 1431 1279 ἐπὶ
1460 1225 1595 1280 πολὺ
1632 1244 1724 1279 συ-

152 1320 379 1389 ρομένη.
406 1320 691 1389 παρέδωκε
724 1320 784 1372 τὸ
838 1318 1083 1389 πνεῦμα.
1130 1321 1195 1373 Οί
1236 1319 1292 1373 δὲ
1332 1320 1513 1372 λοιποὶ
1561 1321 1618 1371 ὲν
1658 1320 1724 1389 τῇ

155 1411 369 1480 φυλακῇ
432 1411 750 1489 βληθέντες,
827 1412 1083 1481 σχοινίοις
1144 1411 1556 1481 ἀπεπνίγησαν,
1629 1410 1727 1463 καὶ

156 1503 289 1571 βορὰ
320 1505 433 1565 τοῖς
462 1504 619 1555 κυσὶν
652 1506 977 1574 ἐρρίφησαν,
1006 1503 1103 1556 καὶ
1126 1504 1379 1572 ἄψαυστα
1407 1503 1475 1555 τὰ
1500 1503 1731 1571 λείψανα

155 1594 335 1647 αὐτῶν
367 1594 746 1664 διαμείναντα,
778 1594 855 1665 τῷ
885 1596 1115 1665 ποταμῷ
1161 1593 1400 1666 Ῥοδανῷ
1430 1595 1729 1665 ὲναπερρί-

160 1703 357 1752 φησαν.

225 1774 336 1826 Kal
374 1776 562 1843 μνήμη
588 1774 681 1827 τοῦ
699 1776 846 1829 ὁσίου
862 1776 1112 1830 Ἰωάννου
1131 1775 1224 1830 τοῦ
1250 1776 1732 1847 Παλαιολαυρίτοο,

161 1872 251 1923 καὶ
283 1870 379 1923 τοῦ
412 1872 567 1940 ἁγίου
604 1872 935 1943 Μαυρικίου.

671 1966 851 2019 MHNl
889 1967 973 2037 Tu
1008 1965 1215 2037 ΑΥΤῼ.

876 2058 980 2113 ΚΖ’

170 2151 451 2218 Ἀϐ.ζησις
488 2152 593 2206 τοῦ
632 2154 805 2221 ἁγίου
836 2150 1361 2222 μεγαλομὰρτυρος
1398 2153 1744 2220 [Iure/adsil-

840 2242 1048 2292 μονος.

229 2336 656 2407 Παντελεὴμων,
708 2337 736 2390 ὁ
779 2337 873 2392 τοῦ
910 2340 1148 2409 Χριστοῦ
1202 2341 1456 2409 μέγιστος
1511 2340 1745 2411 μάρτυς,

167 2422 229 2497 ἦν
269 2429 372 2498 μὲν
403 2430 469 2479 ὲκ
495 2429 595 2496 τῆς
622 2429 830 2491 πόλεως
860 2430 1256 2499 Νικομηδείας,
1286 2432 1399 2491 υἱὸς
1428 2431 1484 2485 δὲ
1505 2430 1746 2501 Εὑστορ-

167 2520 287 2585 γίου
328 2520 613 2589 Ἕλληνος,

170 2614 261 2681 τὴν
304 2614 506 2687 τέχνην
537 2631 549 2644 ’
602 2614 880 2685 διδαχθεὶς
940 2615 1148 2687 ταύτην
1209 2616 1308 2686 μὲν
1344 2616 1496 2685 παρὰ
1535 2617 1750 2685 Εὐφρο-

172 2706 350 2767 σῦνου,
376 2705 538 2769 δῧξαθ
566 2708 831 2779 μεγίστην
862 2708 1077 2779 ῐχοντος
1137 2711 1193 2762 ὲν
1226 2712 1338 2770 τοῖς
1380 2698 1583 2779 ίατροῖς
1612 2725 1625 2738 ·
1650 2710 1750 2781 τὴν

171 2797 221 2848 δὲ
256 2798 353 2850 τοῦ
386 2800 626 2868 Χριστοῦ
659 2801 843 2854 πίστιν
876 2802 1027 2871 παρὰ
1062 2803 1370 2872 Ἐρμολάου
1393 2802 1487 2857 τοῦ
1513 2803 1755 2873 πρεσϐυ-

171 2889 351 2958 τέρου,
379 2890 471 2959 ὑφ’
494 2887 555 2946 οὗ
582 2893 676 2945 καὶ
713 2893 1041 2964 ἐϐαπτίσθη.
1078 2895 1156 2949 Δι’
1188 2897 1254 2967 ἥν
1305 2897 1400 2948 καὶ
1441 2897 1609 2949 παῖδα
1647 2896 1754 2949 ὑπὸ

177 2983 393 3052 ἐχίδνης
431 2983 731 3052 πληγέντα,
770 2988 866 3038 καὶ
896 2986 1279 3044 θανατωθέντα
1314 2986 1604 3057 ἀνέστησε,
1660 2989 1757 3042 καὶ

177 3075 375 3137 τυφλὸν
402 3075 704 3145 ἀναϐλέψαι
732 3079 956 3148 ἐποίησε
985 3093 998 3107 ⁸
1038 3080 1134 3131 καὶ⁵
1164 3078 1297 3132 ἄλλα
1335 3080 1505 3133 πολλὰ
1540 3081 1758 3150 διενὴρ-

1826 1160 2114 1212 suspensa,
2151 1146 2390 1214 ferisque
2420 1146 2652 1216 objecta,
2696 1146 2855 1215 equis
2894 1147 3116 1199 demum
3168 1144 3415 1213 alligata,

1830 1235 1899 1290 ab
1930 1237 2106 1307 iisque
2140 1238 2345 1291 diutius
2366 1249 2600 1307 raptata,
2637 1239 2892 1307 spiritum
2921 1238 3162 1291 tradidit.
3199 1236 3418 1305 Reliqui

1830 1344 1959 1382 vero
1989 1328 2045 1382 in
2080 1344 2355 1397 carcerem
2409 1330 2645 1396 detrusi,
2695 1331 3032 1400 turribusque
3063 1327 3418 1400 strangulati.

1832 1421 2059 1475 canibus
2112 1422 2178 1474 ad
2240 1422 2617 1476 devorandum
2674 1422 2907 1491 proiecti
2962 1430 3093 1477 sunt
3128 1439 3142 1475 :
3176 1434 3415 1490 quorum

1837 1511 1995 1581 183
2024 1511 2265 1581 reliquiae
2302 1528 2426 1567 cum
2461 1513 2685 1569 intactae
2720 1512 3152 1577 mansissent,in
3192 1509 3418 1566 Rhoda-

1836 1617 1964 1654 num
1997 1601 2226 1656 ﬂuvium
2261 1602 2420 1673 jactze
2454 1603 2699 1661 fuerunt.

1917 1784 1980 1840 Et
2006 1789 2463 1844 commemOratio
2496 1789 2672 1851 sancti
2711 1788 2941 1846 Joannis
2980 1788 3375 1845 Palaeolaurita
3408 1828 3425 1853 ,

1844 1886 1897 1933 et
1930 1879 2105 1932 sancti
2140 1878 2413 1935 Mauricii.

2373 1968 2603 2024 EODEM
2637 1969 2895 2025 MENSE.

2312 2063 2408 2120 Die
2444 2064 2703 2119 vicesima
2731 2064 2960 2134 septima

1883 2158 2168 2214 Certamen
2220 2157 2395 2212 sancti
2436 2158 2616 2228 magni
2645 2158 2897 2229 martyris
2939 2156 3393 2214 Panteleemonis.

1925 2342 2312 2397 l’antelecmon
2370 2342 2650 2396 maximus
2698 2340 2905 2396 Christi
2948 2351 3174 2412 martyr.
3203 2356 3266 2396 ex
3298 2342 3433 2395 urbe

1851 2433 2193 2494 Nicomedia,
2224 2432 2368 2486 illius
2407 2432 2510 2485 fuit
2542 2431 2817 2500 Eustorgii
2848 2432 3074 2498 ethnici,
3104 2440 3158 2486 et
3197 2431 3434 2486 Euhules

693 2522 789 2574 καὶ
820 2521 1097 2591 Εὐϐούλης
1142 2524 1497 2591 Χριστιανῆς,
1566 2523 1749 2593 ἰατρὸς

1860 2525 2197 2590 Christianae,
2255 2524 2600 2594 professione
2667 2524 2918 2580 medicus
2958 2543 2970 2579 :
3015 2540 3181 2594 quam
3214 2524 3433 2594 quidem

1854 2628 2028 2672 artem
2080 2618 2149 2672 ab
2201 2618 2568 2688 Euphrosyno
2623 2618 2921 2671 maximam
2990 2617 3134 2672 inter
3194 2616 3439 2671 medicos

1856 2712 2087 2781 gloriam
2140 2711 2345 2780 adepto
2375 2710 2679 2775 didicerat;
2711 2709 2919 2765 Christi
2954 2720 3137 2763 autem
3179 2709 3339 2764 tidem
3369 2709 3438 2762 ab

1858 2804 2150 2860 Hermolao
2190 2804 2510 2875 presbytero
2533 2802 2768 2872 accepit,
2800 2817 2830 2858 a
2864 2818 2974 2872 quo
3021 2810 3077 2856 et
3128 2802 3440 2871 baptizatus

1856 2907 1942 2953 est
1977 2915 1991 2952 :
2027 2898 2098 2953 ob
2130 2913 2361 2967 eamque
2408 2907 2464 2952 et
2519 2912 2751 2967 puerum
2793 2898 2991 2966 vipera
3035 2911 3219 2950 morsu
3272 2896 3441 2949 inter-

1858 2988 2059 3044 fectum
2098 2988 2163 3042 ad
2193 2989 2358 3042 vitam
2398 2989 2698 3052 revocavit,
2723 2996 2783 3041 et
2798 3002 2942 3042 careo
2967 2986 3145 3041 visum
3173 2985 3438 3046 restituit,

1858 3091 1912 3138 et
1953 3083 2059 3136 alia
2096 3082 2254 3152 plura
2299 3081 2570 3135 miracula
2604 3079 2861 3151 patravit.
2904 3079 3125 3133 Delatus
3155 3086 3336 3132 autem
3373 3075 3442 3130 ad

176 3183 310 3233 γησε
372 3167 649 3235 θαύματα.
703 3171 1071 3235 Διαγνωσθεὶς
1120 3172 1177 3228 δὲ
1223 3173 1300 3242 τῷ
1338 3174 1551 3242 βασιλεῖ
1582 3175 1756 3240 Magi.-

1861 3174 2260 3230 Maximiauum
2298 3173 2718 3243 imperatorem,
2749 3181 2803 3225 et
2829 3170 3286 3239 comprehensus,
3314 3182 3441 3222 cum

183 3259 381 3330 μιανῷ,
421 3261 516 3313 καὶ
544 3262 862 3331 κρατηθεὶς,
891 3268 985 3318 καὶ
1009 3265 1100 3318 τὸν
1121 3267 1356 3333 Χριστὸν
1386 3268 1754 3337 ὁμολογήσας,

178 3352 513 3424 ἐδασανέσθη
548 3354 841 3425 διαφόρως.
883 3359 992 3412 Καὶ
1026 3358 1340 3415 τελευταῖον
1370 3362 1470 3432 τὴν
1527 3361 1616 3416 διὰ
1664 3363 1758 3416 τοῦ

181 3443 368 3512 ξίφους
399 3448 676 3515 ἀπόφασιν
710 3449 912 3512 λαὸὼν,
953 3450 1127 3515 δεθεὶς
1153 3452 1398 3516 ἁλύσεσι,
1441 3455 1536 3508 καὶ
1591 3473 1760 3509 κατα-

178 3537 359 3592 λαϐὼν
379 3542 472 3593 τὸν
504 3542 669 3594 τόπον
699 3544 796 3614 τῆς
824 3544 1179 3614 τελειώσεως,
1216 3549 1521 3618 προσεδέθη
1554 3549 1759 3621 δένδρῳ

182 3628 388 3696 ἐλαίας.
434 3632 542 3686 Καὶ
594 3635 939 3703 ἀποτμηθεὶς
1007 3636 1108 3707 τὴν
1162 3640 1428 3710 κεφαλὴν,
1498 3640 1762 3711 ἔρῤευσεν

183 3714 343 3787 αἷμα,
395 3723 490 3772 καὶ
517 3721 692 3788 γάλα·
726 3724 863 3793 ὅπερ
908 3724 1071 3796 μέχρι
1101 3727 1198 3796 τῆς
1226 3731 1468 3798 σήμερον
1503 3730 1764 3800 φαινόμε-

184 3827 294 3873 νον,
358 3816 595 3883 παρέχει
647 3817 758 3877 τοῖς
832 3818 1295 3889 προσερχομένοις
1368 3822 1503 3874 πᾶσι
1551 3824 1764 3885 πιστοῖς

185 3903 421 3971 ἰάματα.

435 4020 543 4071 Καὶ
572 4020 781 4089 μνήμη
812 4018 916 4089 τῆς
945 4021 1119 4091 ἁγίας
1160 4023 1514 4093 Ἀνθούσης.

267 4134 332 4187 Ἡ
360 4135 483 4186 ὁσία
519 4134 793 4190 Ἀνθουσα
824 4137 1037 4207 ὑπῆρχε
1072 4140 1171 4207 μὲν
1210 4140 1302 4191 ἐπὶ
1334 4140 1435 4209 τῆς
1486 4140 1766 4210 βασιλείας

184 4226 604 4281 Κωνσταντίνου
629 4230 724 4282 τοῦ
762 4230 1122 4285 Καὸαλλίνου.
1168 4233 1565 4285 Κατα).ιποῦσα
1592 4234 1648 4286 δὲ
1675 4235 1767 4285 τὸν

184 4319 417 4386 κόσμον,
468 4321 565 4372 καὶ
623 4322 711 4374 τὸν
740 4322 976 4392 Χριστὸν
1008 4324 1318 4394 ποθήσασα,
1356 4328 1414 4379 ὲν
1464 4326 1618 4397 δρεσι
1673 4328 1769 4380 καὶ

185 4411 479 4480 σπηλαίοις
536 4412 826 4481 διέτριϐεν.
888 4415 998 4468 Kal
1050 4415 1288 4485 εὑροῦσα
1360 4420 1594 4487 μοναχόν
1647 4436 1771 4473 τινα

1862 3270 2145 3324 Christum
2203 3267 2492 3323 confessus
2560 3266 2793 3329 fuisset,
2847 3263 3081 3318 diversis
3153 3260 3444 3316 tormentis

1864 3362 2217 3418 excruciatus
2246 3359 2369 3415 fuit.
2420 3358 2710 3414 Postremo
2743 3365 2971 3426 accepta
2991 3356 3193 3425 capitis
3221 3363 3448 3409 senten—

1867 3457 1959 3519 tia,
1987 3453 2243 3525 |vincnlis
2299 3452 2657 3514 constrictus,
2708 3458 2762 3505 et
2809 3450 2876 3505 ad
2937 3450 3120 3504 locum
3188 3446 3445 3517 supplicii

1866 3549 2086 3612 ductus,
2111 3547 2276 3600 olivae
2298 3546 2575 3615 alligatus,
2601 3552 2657 3598 et
2676 3544 2853 3613 capite
2879 3551 3190 3603 truncatus.
3218 3539 3449 3609 sangui-

1869 3654 1991 3693 nem
2018 3647 2069 3691 et
2104 3637 2187 3689 lae
2214 3634 2395 3689 emisit
2422 3652 2436 3689 :
2468 3650 2591 3703 quae
2636 3647 2813 3703 usque
2851 3632 2905 3687 in
2951 3631 3279 3687 hodiernum
3303 3629 3447 3684 diem

1869 3724 2307 3794 conspiciuntur,
2353 3732 2410 3778 et
2456 3723 2712 3780 ﬁdelibus
2751 3723 3009 3779 omnibus
3062 3719 3450 3779 accedentibus

1871 3817 2186 3873 curationes
2220 3824 2504 3885 praestant.

2149 4024 2211 4080 Et
2234 4024 2661 4078 commemoratio
2686 4032 2888 4077 sancta:
2918 4022 3192 4076 Andrum.

1943 4143 2143 4196 Sancta
2191 4138 2440 4193 Anthusa
2493 4136 2696 4200 ﬂoruit,
2753 4135 3055 4203 imperante
3093 4130 3455 4187 Constantino

1874 4234 2177 4287 Caballino.
2213 4231 2351 4285 Cum
2406 4236 2589 4283 autem
2630 4227 2884 4280 abdicato
2936 4225 3141 4280 saeculo
3172 4222 3452 4278 Christum

1874 4324 2310 4392 concupisceret,
2345 4322 2396 4374 in
2445 4320 2724 4374 montibus
2753 4326 2807 4373 et
2836 4317 3118 4387 speluncis
3149 4331 3273 4373 sese
3297 4330 3455 4373 exer-

1876 4416 1991 4470 cuit
2030 4433 2041 4469 :
2088 4423 2141 4467 et
2182 4422 2429 4466 sanctum
2477 4410 2767 4480 quemdam
2817 4409 3146 4464 monachum
3209 4423 3274 4463 ac
3325 4419 3452 4479 pre-

186 4504 565 4574 πρεσῦύτερον
606 4505 762 4572 ἅγιον
805 4508 860 4558 ἐν
904 4509 1017 4570 τοῖς
1058 4509 1282 4577 χωρίοις
1331 4508 1425 4561 τοῦ
1464 4511 1759 4564 Μαντινέοι

1880 4514 2160 4577 sbyterum
2198 4507 2252 4559 in
2290 4502 2552 4558 Mantinei
2596 4501 2759 4557 terris
2806 4508 3237 4556 commorantem
3271 4509 3454 4559 nacta.

187 4595 730 4665 προσκαθεζόμενον,
786 4598 996 4651 ἐκεῖνον
1050 4601 1361 4669 ἐμιμήσατο
1402 4602 1482 4665 εἰς
1513 4603 1767 4673 ἄσκησιν.

186 4690 296 4740 Καὶ
322 4693 408 4751 εἰς
439 4690 694 4743 τοσοῦτον
714 4690 1017 4760 προσῆλθεν
1040 4691 1263 4761 ἀρετῆς,
1294 4692 1368 4755 ὡς
1392 4696 1483 4746 καὶ
1502 4695 1582 4751 είς
1612 4696 1771 4766 φοῦρ-

187 4798 278 4832 νον
346 4783 623 4834 ὲκκαέντα
679 4781 925 4850 σφοδρῶς
958 4782 1241 4847 εἰσελθεῖν,
1302 4785 1504 4854 καὶμὴ
1550 4786 1770 4855 καῆναι.

187 4876 345 4927 Meti:
386 4876 447 4927 δὲ
486 4876 744 4943 τελευτὴν
777 4875 1044 4928 Σισιννίου
1070 4875 1161 4927 τοῦ
1192 4876 1497 4942 ἀγιωτὰτου
1542 4878 1776 4946 πρεσϐυ-

187 4967 374 5035 τέρου,
412 4967 817 5034 διαγνωσθεῖσα
846 4967 952 5019 ὑπὸ
1000 4965 1094 5019 τοῦ
1136 4967 1503 5033 Καὸαλλίνου,
1556 4969 1637 5020 ὅτι
1677 4970 1776 5033 τὰς

187 5060 352 5125 ἁγίας
386 5060 609 5122 εἰκόνας
627 5060 764 5130 τιμᾷ
797 5060 891 5112 καὶ
919 5058 1090 5123 σέϐει,
1116 5060 1439 5130 ἠναγκάσθη
1484 5062 1636 5131 παρὰ
1668 5061 1776 5114 τῶν

188 5153 639 5219 ἀποσταλέντων,
681 5154 1026 5224 ἀρνήσασθαι
1074 5156 1174 5225 τὴν
1223 5154 1431 5208 τούτων
1462 5156 1777 5227 προσκύνη-

190 5263 294 5301 σιν.
332 5249 452 5300 Kal
482 5247 560 5317 μὴ
594 5247 901 5312 πεισθεῖσα,
938 5248 1147 5318 ὲτύφθη
1185 5249 1452 5318 σφοδρῶς.
1521 5250 1673 5302 Ἐπεὶ
1721 5249 1779 5303 δὲ

194 5341 267 5408 μὴ
289 5340 585 5409 δυναμένη
631 5342 832 5405 τεκεῖν,
884 5344 950 5411 τῇ
978 5341 1072 5393 τοῦ
1112 5341 1373 5411 βασιλέως
1404 5344 1425 5393 ὲ
1438 5342 1643 5411 μήνυσε
1677 5360 1777 5409 γυ-

191 5436 340 5486 ναικὶ
379 5434 581 5488 παιδία
602 5433 695 5486 δύο
724 5432 1011 5502 γεννῆσαι,
1048 5433 1109 5486 τὸ
1147 5434 1246 5503 μὲν
1276 5434 1464 5504 ἄρσεν,
1496 5435 1556 5487 τὸ
1593 5433 1648 5487 δὲ
1685 5435 1782 5503 θῆ-

192 5528 285 5579 ὶω·
318 5528 524 5579 τούτου
556 5526 876 5594 γενομένου,
928 5525 1173 5595 ἀπελύθη
1231 5524 1331 5595 τῆς
1378 5525 1637 5595 βασάνου.
1672 5528 1781 5579 Καὶ

192 5619 337 5673 οὕτω
363 5618 762 5689 παρεσκεύασε
786 5618 885 5687 τὴν
917 5617 1237 5688 βασίλισσαν
1272 5617 1582 5688 διατεθῆναι
1642 5618 1780 5685 πρὸς

196 5714 389 5781 αὐτὴν,
433 5712 514 5775 ὡς
548 5712 641 5767 καὶ
669 5712 748 5775 είς
784 5711 988 5783 μητρὸς
1042 5709 1194 5776 τάξιν
1224 5710 1391 5782 ἔχειν.
1456 5710 1564 5765 Καὶ
1611 5710 1783 5774 οὕτως

197 5807 500 5877 ὶκοιμήθη.

1878 4602 2026 4655 hunc
2054 4600 2105 4653 in
2139 4598 2392 4667 religiosa
2428 4594 2823 4650 exercitatione
2848 4592 3173 4655 imitandum
3193 4590 3452 4657 suscepit,

1876 4707 2050 4760 coque
2077 4691 2131 4743 in
2163 4688 2457 4742 virtutibus
2483 4685 2738 4757 profecit,
2769 4694 2827 4738 ut
2854 4683 3138 4738 ardentem
3172 4681 3452 4737 caminum

1879 4785 2145 4852 ingressa,
2178 4780 2381 4833 nullam
2430 4777 2664 4832 ﬂamma:
2719 4776 2995 4830 hesionem
3043 4773 3298 4829 senserit.
3326 4771 3458 4826 Post

1878 4875 2084 4927 obitum
2117 4886 2247 4926 vero
2266 4870 2601 4925 sanctissimi
2622 4867 2922 4938 presbyteri
2951 4864 3201 4930 Sisinnii,
3220 4863 3403 4933 agnita
3427 4877 3457 4915 a

1879 4963 2185 5026 Caballino,
2218 4963 2365 5032 quod
2416 4971 2635 5015 sanctas
2679 4959 2948 5028 imagines
2986 4957 3288 5011 honoraret
3314 4954 3460 5010 cole-

1882 5065 2091 5125 retque,
2129 5056 2313 5109 missis
2352 5054 2422 5107 ad
2473 5068 2593 5107 eam
2635 5053 2845 5105 nuntiis
2897 5050 3182 5119 compulsa
3237 5046 3457 5102 illarum

1881 5148 2256 5203 adorationem
2286 5147 2577 5211 abnegare,
2608 5143 2770 5214 184
2809 5157 2932 5196 cum
2961 5142 3050 5195 illa
3088 5139 3271 5195 Facere
3298 5153 3457 5194 recu-

1883 5248 2047 5303 saret,
2084 5239 2221 5294 diris
2244 5238 2563 5293 verberibus
2585 5251 2724 5291 casa
2761 5234 2882 5288 fuit.
2917 5233 3036 5288 Sed
3058 5248 3185 5286 cum
3215 5231 3459 5301 impera-

1885 5333 2018 5387 toris
2054 5347 2227 5387 uxore
2278 5332 2331 5384 in
2379 5338 2570 5399 partus
2622 5327 2992 5382 diﬂieultatem
3040 5323 3333 5388 incidente,
3368 5320 3460 5376 illa

1884 5422 2203 5483 indicasset,
2228 5420 2388 5473 binos
2422 5418 2684 5479 infantes,
2750 5415 3083 5478 masculum,
3132 5413 3365 5475 scilicet,
3406 5423 3461 5467 et

1886 5516 2169 5578 feminam,
2191 5511 2593 5581 imperatrieem
2612 5524 2733 5564 esse
2763 5508 3077 5573 cnixuram,
3111 5505 3293 5575 idque,
3317 5504 3463 5561 sicut

1887 5609 2242 5679 praedixerat,
2297 5604 2654 5673 contigisset;
2700 5615 2728 5653 a
2778 5599 3066 5654 tormentis
3102 5598 3352 5663 liberata,
3381 5598 3463 5653 sic

1888 5698 2288 5767 impcratricem
2321 5710 2451 5765 erga
2484 5708 2541 5748 se
2582 5692 2783 5757 aﬂ‘ecit,
2815 5701 2875 5745 ut
2919 5690 3115 5745 matris
3159 5689 3281 5744 loco
3310 5690 3378 5744 ab
3397 5706 3461 5744 ea

1892 5795 2202 5848 haberetur.
2244 5790 2420 5859 Atque
2451 5787 2598 5843 hunc
2624 5785 2677 5839 in
2710 5782 2932 5839 modum
2968 5781 3319 5839 obdormivit.
