4190 6534
725 435 828 498 563
1998 439 2380 501 MENOLOG]

2320 440 2427 501 ΒΗ
2472 442 2665 502 PARS
2704 439 2820 500 III.
3869 442 3975 506 564

1222 543 1451 599 EODEM
1507 543 1756 601 MENSE.
2319 553 2362 607 Α

2319 553 2362 607 Α
2912 545 3091 601 MttNt
3126 547 3212 618 Τῼ
3253 548 3453 621 arra.

1189 631 1285 688 Die
1329 633 1590 688 vicesima
1629 643 1818 688 octava
3114 640 3228 693 KH'

830 725 1106 780 Certamen
1129 725 1302 778 sancti
1329 726 1584 795 martyris
1609 725 1884 778 Eustat/tii
1917 728 2163 794 Ancyrw.
2410 735 2476 786 Ἀ

2410 735 2703 800 Ἀθλησις
2748 731 2852 786 τοῦ
2897 733 3070 800 ἁγίου
3125 733 3426 821 μάρτυρος
3466 734 3810 792 Εὐσταθίου
3855 740 3979 811 Ἀγ-

3085 820 3294 872 κυρας.

800 909 1122 965 Eustathius
1146 907 1347 963 Christi
1379 917 1607 977 martyr,
1629 923 1752 963 cum
1781 909 2122 978 professione
2145 912 2300 967 miles

2477 912 2796 976 Εὐστάθιος,
2830 914 2858 966 6
2907 913 3000 966 τοῦ
3041 914 3279 984 Χριστοῦ
3342 915 3573 986 μάρτυς,
3635 919 3979 990 στρατιώτης

721 1011 883 1066 esset,
920 1017 984 1057 ac
1010 1002 1273 1074 religione
1304 1001 1669 1066 Christianus,
1701 1003 1769 1056 ad
1811 1002 2124 1057 Cornelium
2170 1005 2298 1057 An-

2409 1006 2505 1076 μὲν
2546 1000 2635 1076 ἦν,
2672 1006 2989 1076 χριστιανὸς
3023 1005 3101 1071 δὲ,
3151 1007 3246 1061 καὶ
3303 1009 3655 1078 προσαχθεὶς,
3693 1012 3981 1082 Κορνηλίῳ

722 1111 866 1166 cyrze
894 1097 1179 1166 praesidem
1227 1093 1518 1160 adductus,
1582 1095 2090 1166 interrogatusque,
2136 1096 2299 1151 Chri-

2403 1097 2482 1168 τῷ
2542 1099 2780 1168 ἡγεμόνι
2853 1098 3150 1170 Ἀγκύρας,
3194 1100 3288 1154 καὶ¹
3322 1101 3642 1172 ἐρωτηθεὶς,
3697 1105 3983 1174 παρρησίᾳ

723 1200 868 1242 δευηι
921 1189 1089 1243 libere
1147 1186 1438 1243 confessus
1478 1198 1581 1241 est.
1637 1186 2010 1253 Quamobrem
2064 1187 2300 1256 graviter

2405 1189 2723 1261 ὡμολόγησε
2749 1190 2840 1244 τὸν
2873 1191 3131 1260 Χριστόν.
3170 1192 3333 1246 ’Ὀθεν
3357 1193 3567 1265 ὲτύφθη
3595 1195 3861 1267 σφοδρῶς,
3883 1198 3982 1249 καὶ

721 1281 1043 1335 verberatus
1084 1280 1481 1351 spondylisque
1514 1279 1853 1349 perforatis,
1895 1279 2120 1334 funibus
2178 1279 2302 1332 alli-

2407 1285 2531 1346 τοὺς
2563 1283 2943 1354 ἀστραγάλους
2981 1283 3302 1356 τρυπηθεὶς,
3356 1287 3452 1341 καὶ
3508 1288 3760 1359 σχοινίοις
3821 1307 3983 1359 περι-

721 1382 902 1441 gatus,
939 1381 1184 1442 raptatur
1223 1373 1291 1426 ab
1319 1373 1454 1428 urbe
1494 1373 1708 1444 Ancyra
1745 1387 1919 1442 usque
1970 1373 2037 1426 ad
2091 1370 2300 1440 Sanga-

2408 1376 2670 1446 λειφθεὶς,
2704 1375 2931 1445 σύρεται
2961 1377 3070 1430 ἀπὸ
3097 1378 3196 1449 τῆς
3226 1379 3435 1442 πόλεως
3471 1379 3746 1451 ’Δγκύρας
3763 1379 3869 1444 ἕως
3884 1380 3981 1434 τοῦ

725 1481 845 1518 rum
876 1465 1126 1530 ﬂuvium,
1158 1476 1424 1536 sequente
1468 1480 1531 1520 ac
1565 1466 1782 1520 vidente
1818 1464 2008 1519 eodem
2051 1465 2301 1535 pratside.

2408 1469 2694 1542 Σαγγάρου
2729 1469 3000 1540 ποταμοῦ,
3034 1470 3461 1538 ἀκολουθοῦντος
3481 1475 3576 1528 καὶ
3603 1475 3839 1544 δρῶντος
3883 1473 3988 1527 τοῦ

722 1558 837 1612 Illic
871 1573 1004 1614 vero
1061 1559 1115 1613 in
1177 1560 1337 1614 theca
1389 1559 1656 1626 inclusus,
1698 1557 1753 1612 in
1791 1559 2044 1612 eumdem
2076 1557 2301 1611 ﬂuvium

2408 1561 2702 1630 ἡγεμόνος.
2737 1560 2948 1614 Ἑκεῖσε
2986 1562 3044 1615 δὲ
3093 1563 3154 1617 ὲν
3185 1563 3559 1635 γλωσσοκόμῳ
3595 1566 3834 1636 βληθεὶς,
3890 1569 3988 1638 ιῤ-

723 1653 1080 1724 demergitur.
1111 1652 1238 1718 Sed,
1261 1653 1371 1706 Deo
1403 1653 1638 1717 volente,
1662 1652 2057 1720 superveniens
2088 1651 2306 1704 divinus

2410 1652 2541 1723 ρίφη
2578 1655 2636 1706 ὲν
2688 1653 2767 1724 τῷ
2805 1654 3060 1725 ποταμῷ.
3109 1657 3246 1710 Κατ’
3301 1658 3554 1718 εὐδοκίαν
3613 1657 3670 1710 δὲ
3718 1657 3814 1712 τοῦ
3847 1658 3988 1712 Θεοῦ

725 1745 976 1814 angelus,
1003 1746 1213 1798 thecam
1249 1744 1314 1797 ad
1349 1754 1550 1798 terram
1577 1744 1785 1806 eduxit,
1821 1743 2187 1812 inventusque
2221 1750 2304 1795 est

2409 1745 2638 1808 ἐπιστὰς
2677 1744 2819 1808 θεῖος
2843 1745 3097 1813 ἄγγελος,
3130 1747 3367 1817 ἐξήγαγε
3395 1750 3457 1802 τδ
3473 1748 3862 1819 γλωσσόκομον
3893 1752 3989 1804 ἐπὶ

727 1838 780 1888 in
816 1852 877 1890 ea
925 1847 1150 1890 sanctus
1181 1837 1388 1892 iHIBSUS
1449 1845 1503 1890 et
1544 1835 1825 1905 psallens:
1865 1834 1966 1899 Qui
2007 1834 2219 1888 habitat
2249 1833 2302 1886 in

2409 1835 2510 1905 τὴν
2539 1835 2736 1904 ξηρὰν,
2770 1837 2864 1890 καὶ
2903 1836 3101 1906 εὑρέθη
3140 1839 3199 1890 ὲν
3253 1837 3402 1908 αὑτῷ
3452 1841 3480 1892 6
3534 1841 3686 1906 ἅγιος
3722 1840 3989 1909 ἀϐλαϐὴς,

727 1927 1006 1996 adjutorio
1046 1928 1341 1994 Altissimi,
1393 1934 1446 1982 et
1493 1936 1712 1981 caetera.
1761 1926 1916 1992 Quod
1943 1941 2066 1981 cum
2104 1939 2306 1995 praeses
2341 1922 2380 1976 Β

2341 1922 2380 1976 Β
2409 1926 2628 1994 ψάλλων
2657 1944 2670 1958 ο
2709 1926 2769 1980 '0
2805 1928 3074 1982 κατοικῶν
3103 1930 3157 1982 ἐν
3182 1929 3405 2000 βοηθείᾳ
3435 1931 3530 1984 τοῦ
3573 1931 3852 2000 Ὑψίστου,
3895 1933 3993 1985 καὶ

728 2020 1038 2086 didicisset,
1075 2021 1282 2088 pudore
1308 2018 1586 2088 perfusus,
1629 2005 1825 2073 educto
1862 2018 2040 2088 gladio
2065 2017 2306 2084 seipsum

2411 2019 2479 2072 τὰ
2505 2020 2652 2090 ἑξῆς.
2682 2019 2888 2075 Μαθὼν
2920 2021 2977 2074 δὲ
3001 2021 3160 2076 τοῦτο
3184 2024 3211 2075 ό
3245 2021 3506 2093 ἡγεμὼνι
3528 2024 3623 2076 καὶ
3654 2023 3991 2093 αἰσχυνθεὶς,

731 2115 784 2167 in
802 2114 1040 2167 tercmit.
1081 2113 1316 2168 Sanctus
1346 2122 1525 2168 autem
1552 2124 1757 2183 martyr
1788 2127 1977 2176 orans,
2027 2111 2310 2178 divinique

2413 2114 2765 2182 σπασάμενος
2802 2113 3104 2183 μάχαιραν,
3143 2116 3352 2168 ἀνεῖλεν
3384 2115 3598 2168 ἑαυτόν.
3651 2113 3710 2167 '0
3743 2114 3800 2168 δὲ
3836 2114 3995 2182 ἅγιος

733 2207 980 2263 muneris
1008 2208 1282 2277 particeps
1329 2206 1504 2261 factus
1538 2222 1633 2274 per
1659 2207 1916 2261 emissam
1947 2204 2046 2259 sibi
2091 2203 2311 2257 ctelitus

2417 2203 2628 2276 μάρτυς
2677 2205 3000 2275 εὐξάμενος,
3042 2207 3136 2260 καὶ
3185 2205 3510 2275 μεταλαϐὼν
3548 2207 3648 2275 τῆς
3700 2205 3849 2271 θείας
3893 2207 3997 2260 δω-

734 2301 1047 2356 columbam
1083 2344 1098 2368 ,
1177 2301 1430 2354 manibus
1470 2299 1780 2370 apparentis
1833 2299 2006 2368 angeli
2055 2296 2307 2365 spiritum

2417 2299 2547 2368 ρεᾶς
2584 2297 2670 2352 διὰ
2699 2299 2798 2369 τῆς
2836 2299 3251 2370 ἐκπεμφθείσης
3302 2299 3450 2371 αὑτῷ
3486 2300 3780 2372 οὐρανόθεν
3836 2319 3997 2371 περι-

732 2392 954 2445 tradidit
987 2409 1001 2446 :
1030 2391 1150 2460 ejus
1193 2407 1318 2446 vero
1349 2392 1596 2461 reliquize
1626 2392 1679 2444 in
1702 2389 1891 2444 eadem
1927 2389 2061 2443 urbe
2097 2389 2311 2456 Ancyra

2417 2394 2639 2462 στερᾶς,
2678 2395 2800 2456 ταῖς
2862 2395 3020 2464 χερσὶ
3071 2392 3165 2446 τοῦ
3225 2395 3586 2464 ἐπιφανέντος
3653 2395 3883 2462 ἀγγέλου
3935 2396 3998 2446 τδ

732 2484 992 2553 deposita:
1028 2483 1203 2540 fuere.

2417 2483 2636 2553 πνεῦμα
2670 2484 2960 2555 παρέθετο.
2995 2486 3106 2538 Καὶ
3151 2486 3419 2556 κατετέθη
3447 2486 3505 2539 τὸ
3535 2486 3786 2557 λείψανον
3828 2485 3996 2539 αὑτοῦ

2418 2577 2474 2626 ὲν
2510 2576 2648 2646 αὐτῇ
2683 2579 2749 2646 τῇ
2782 2575 2936 2629 πόλει
2980 2578 3247 2648 Ἀγκύρᾳ.

882 2693 1042 2764 185
1077 2692 1143 2747 Et
1168 2701 1430 2748 certamen
1472 2693 1641 2747 sancti
1680 2693 1930 2762 martyris
1967 2692 2170 2746 Acacit'.
2455 2690 2537 2740 Ka

2455 2685 2566 2740 Καὶ
2622 2687 2882 2756 ἄθλησις
2929 2689 3036 2743 τοῦ
3093 2691 3266 2759 ἀγίου
3310 2690 3613 2759 μάρτυρος
3671 2691 3963 2745 Ἄκακίου.

808 2811 1039 2866 Aeacius
1064 2808 1266 2865 Christi
1286 2815 1490 2880 martyr
1511 2806 1729 2870 claruit,
1747 2806 2049 2876 imperante
2069 2805 2316 2860 Licinio:

2506 2805 2786 2872 Ἀκάιιιος,
2819 2807 2847 2859 6
2880 2805 2972 2859 τοῦ
2996 2805 3233 2875 Χριστοῦ
3269 2805 3500 2874 μάρτυς,
3538 2800 3606 2875 ἦν
3638 2804 3730 2857 ἐπὶ
3773 2806 3868 2876 τῆς
3903 2803 4000 2872 βαι

745 2907 811 2960 ad
836 2919 995 2974 quem
1025 2903 1456 2967 adductus,cum
1480 2899 1760 2956 Christum
1788 2897 2078 2954 confessus
2102 2897 2318 2959 fuisset,

2429 2897 2634 2962 σιλείας
2654 2897 2948 2963 Λικιννίου,
2973 2893 3018 2966 ᾧ
3046 2900 3140 2951 καὶ
3169 2899 3477 2968 παραστὰς,
3517 2899 3615 2950 καὶ
3643 2897 3733 2950 τὸν
3763 2898 4005 2968 Χριστόν

744 3015 1044 3068 suspensus
1089 3005 1142 3052 et
1183 2996 1605 3051 excarniﬁcatus
1667 3000 1773 3050 est.
1806 2991 2012 3047 Deinde
2058 2989 2320 3044 Terentio

2424 2991 2789 3060 ὁμολογήσας,
2821 2991 2915 3044 καὶ
2949 2991 3284 3061 κρεμασθεὶς
3314 2991 3529 3059 ὲξέσθη.
3562 2987 3697 3044 Εἶτα
3723 2989 4003 3060 παρεδόθη

743 3091 1002 3162 praefecto
1059 3091 1313 3153 traditus,
1374 3088 1603 3158 ejusque
1663 3086 1822 3157 jussu
1883 3085 1939 3139 in
2000 3082 2320 3139 candentem

2428 3083 2703 3152 Τερεντίῳ
2761 3081 2840 3152 τῷ
2889 3082 3156 3152 ἐπάρχῳ⁸
3219 3077 3398 3151 ὑφ’οῦ
3421 3085 3502 3146 είς
3549 3084 3781 3151 τήγανον
3833 3099 4009 3134 πεπυ-

745 3187 912 3239 ollam
964 3187 1106 3254 pice,
1137 3182 1259 3238 oleo
1292 3181 1532 3250 seboque
1564 3179 1779 3250 plenam
1816 3178 2072 3250 injectus,
2106 3176 2324 3230 incoluo

2431 3175 2678 3244 ρωμένον
2720 3175 3005 3245 ἐνεϐλήθη,
3042 3175 3242 3245 πίσσης
3283 3175 3378 3228 καὶ
3418 3174 3599 3229 ἐλαίου
3633 3176 3727 3228 καὶ
3784 3174 4008 3237 στέατος

749 3279 853 3332 mis
887 3277 1077 3332 evasit.
1135 3273 1458 3331 Praefectum
1494 3287 1622 3328 vero
1667 3273 1966 3342 Apameam
2019 3277 2073 3323 et
2105 3268 2322 3337 Apollo-
2348 3262 2393 3323 C

2356 3262 2393 3323 Ε
2429 3268 2878 3338 πεπληρωμένον.
2907 3268 3021 3322 Καὶ
3054 3268 3220 3338 μηδὲν
3235 3268 3538 3337 ἀδικηθεὶς,
3570 3269 3647 3331 είς
3683 3268 4011 3336 Ἀπάμειαν,

749 3369 965 3424 niadetn
991 3369 1282 3423 abeuntem
1308 3366 1461 3436 sequi
1485 3365 1822 3435 compulsus,
1848 3363 2032 3432 ibique
2053 3362 2106 3416 in
2137 3360 2323 3415 fanum

2429 3363 2525 3412 καὶ
2556 3360 2980 3427 ΓΑπολλωνιάδα
3033 3359 3111 3429 τῷ
3175 3361 3405 3429 ἡγεμόνι
3469 3359 3826 3429 ἀπερχομένῳ
3881 3359 4014 3411 ἀκο-

751 3463 1021 3517 idolorum
1049 3460 1339 3522 adductus,
1368 3459 1505 3514 fusis
1534 3456 1790 3527 precibus
1822 3455 2115 3511 simulacra
2143 3452 2326 3507 omnia

2427 3451 2669 3522 λουθεῖνῆ
2692 3451 3036 3522 ἠναγκάσθη.
3093 3450 3266 3506 Ἔνθα
3318 3452 3376 3504 ἐν
3425 3451 3503 3520 τῷ
3555 3449 3671 3520 ναῷ
3740 3448 4016 3520 εἰσαχθεὶς

752 3553 1031 3610 contrivit.
1055 3551 1247 3607 Postea
1274 3551 1490 3605 tribuno
1510 3549 1760 3612 traditus,
1779 3547 2120 3615 graviterque
2133 3557 2328 3606 caesus,

2429 3547 2538 3600 τῶν
2571 3546 2828 3612 εἰδώλων,
2878 3547 3312 3618 προσευχόμενος
3361 3547 3556 3617 πάντα]
3585 3547 3869 3616 συνέτριψε
3946 3546 4019 3600 τά

754 3662 881 3703 cum
942 3645 1074 3700 feris
1125 3643 1409 3714 pugnavit.
1467 3641 1588 3695 Mox
1645 3641 1699 3694 in
1765 3639 2043 3694 fornacem
2077 3637 2330 3705 injectus,

2435 3641 2621 3705 ξόανα.
2663 3640 2820 3693 Μετά
2880 3641 3054 3693 ταῦτα
3098 3640 3177 3712 τῷ
3234 3639 3500 3711 τριϐούνῳ
3543 3640 3886 3711 παραδοθεὶς,
3921 3641 4019 3691 καὶ

755 3737 957 3791 ἱιιωευε
996 3735 1317 3805 permansit.
1372 3732 1648 3787 Tribunus
1679 3746 1808 3785 vero
1845 3727 2184 3799 frigefactam
2218 3725 2332 3779 for-

2434 3733 2657 3801 τυφθεὶς
2699 3731 2943 3805 σφοδρῶς
2969 3733 3434 3803 ὲθηριομάχησεν.
3466 3732 3599 3786 Εἶτα
3645 3733 3723 3795 είς
3785 3731 4021 3799 φοῦρνον

757 3844 949 3884 nacem
1001 3828 1341 3891 existimans,
1401 3840 1525 3880 cum
1578 3839 1700 3879 eam
1746 3823 1965 3878 visurus
2027 3821 2324 3890 appropin-

2439 3826 2749 3895 ἐμϐληθεὶς,
2776 3824 3018 3894 ἀϐλαϐὴς
3050 3825 3336 3894 διέμεινεν.
3370 3823 3539 3889 Δόξας
3575 3823 3631 3876 δὲ
3662 3825 3690 3876 6
3734 3822 4022 3893 τριϐοῦνος

759 3931 974 3991 quaret,
1017 3919 1237 3974 ﬂamma
1285 3918 1626 3981 combustus,
1665 3919 1719 3971 in
1768 3915 2047 3986 pulverem
2081 3913 2338 3968 redactus

2437 3918 2648 3989 ψυχρὸν
2705 3914 2842 3970 εἶναι
2881 3917 2972 3970 τὸν
3033 3918 3287 3987 φοῦρνον,
3310 3918 3405 3970 καὶ
3459 3917 3831 3986 προσεγγίσας
3867 3912 4025 3983 ἰδεῖν,

761 4024 864 4070 cst.
897 4015 966 4068 At
1008 4013 1241 4067 Aeacius
1273 4009 1601 4065 Possidouio
1635 4008 1854 4077 praesidi
1887 4007 2139 4069 traditus,
2166 4004 2340 4075 gravi-

2441 4010 2604 4073 αὐτὸς
2660 4009 2758 4079 μὲν
2798 4009 3116 4072 κατακαεὶς,
3164 4009 3244 4071 εἰς
3276 4008 3551 4078 κονιορτὸν
3619 4006 3864 4074 ἐγένετο·
3897 4005 3928 4056 6
3968 4005 4026 4057 δε

761 4110 975 4172 busquc
1031 4103 1240 4157 catenis
1289 4100 1480 4155 ferreis
1519 4097 1914 4162 circumdatus,
1952 4095 2192 4150 Miletum
2249 4096 2343 4149 ab-

2455 4101 2714 4165 Ἀκάκιος
2733 4099 3004 4171 παρεδόθη
3029 4099 3341 4168 Ποσιδωνίῳ
3370 4099 3446 4169 τῷ
3476 4099 3718 4168 ἄρχοντι.
3735 4099 3845 4150 Καὶ
3869 4115 4029 4166 περι-

763 4195 962 4248 ductus
998 4190 1098 4244 fuit
1145 4209 1158 4244 :
1203 4189 1294 4244 ubi
1353 4204 1478 4243 eum
1535 4188 1677 4242 idola
1731 4201 1922 4241 rursus
1972 4185 2341 4250 contrivisset,

2444 4193 2623 4256 τεθεὶς
2657 4194 2828 4264 βαρέα
2867 4193 3082 4264 σίδηρα,
3133 4191 3275 4261 ἢχθη
3307 4192 3384 4254 είς
3422 4191 3695 4258 Μίλητονο
3721 4190 3817 4242 καὶ
3860 4188 4028 4242 πάλιν

766 4287 940 4356 capite
971 4285 1343 4350 obtruncatus,
1374 4280 1691 4352 sanguinem
1726 4289 1780 4336 et
1815 4280 1900 4335 lac
1928 4280 2130 4335 emisit.

2451 4286 2748 4356 συντρίψας
2777 4285 2848 4340 τὰ
2887 4286 3102 4348 εῐδωλα,
3149 4283 3360 4354 ἐτμήθη
3394 4283 3492 4354 τὴν
3531 4282 3796 4353 κεφαλὴν,
3816 4281 3918 4351 τῆς
3942 4297 4030 4334 το-

2453 4374 2560 4442 μῇς
2585 4371 2856 4442 ρευσάσης
2879 4366 3021 4441 αἷμα
3042 4371 3137 4425 καὶ
3156 4371 3320 4438 γάλα.

841 4471 910 4541 Et
933 4480 1211 4528 certamen
1263 4476 1580 4524 sanctorum
1631 4463 2005 4536 apostolorum
2059 4463 2346 4530 Procltori,

2524 4464 2632 4518 Καὶ
2683 4463 2912 4534 ἄθλησις
2977 4463 3086 4517 τῶν
3145 4463 3320 4529 ἁγίων
3361 4460 3677 4515 ἀποστόλων
3723 4457 4031 4531 Προχόρου,

772 4561 1088 4626 Nicanoris,
1114 4569 1167 4615 ct
1195 4559 1496 4615 sociorum.
2381 4600 2427 4658 θ

2381 4600 2427 4658 D
2453 4558 2794 4629 Νικάνωρος,
2831 4555 2928 4610 καλ⁵
2975 4554 3086 4607 τῶν
3116 4555 3216 4606 σὺν
3244 4553 3448 4614 αὐτοῖς.

1305 4658 1538 4714 EODEM
1569 4657 1820 4713 MENSE.
2381 4643 2425 4658 "

2381 4643 2425 4658 ν
2987 4645 3167 4698 MHNI
3190 4644 3276 4713 re
3306 4643 3490 4714 arra

1278 4752 1375 4807 Die
1401 4752 1660 4808 vicesima
1694 4765 1837 4804 nona
3195 4735 3302 4788 ΚΘ¹

1025 4846 1302 4906 Certamen
1341 4844 1511 4899 sancti
1551 4844 1804 4913 martyris
1834 4842 2104 4898 Callinici.
2539 4833 2680 4884 Ἀθλ

2539 4833 2850 4897 Ἀθλησις,
2883 4828 2990 4883 τοῦ
3019 4827 3192 4896 ἁγίου
3227 4825 3526 4895 μάρτυρος
3567 4825 3963 4878 Καλλινίκου.

850 4961 1152 5016 Callinicus
1202 4957 1406 5012 Christi
1461 4964 1672 5026 martyr
1719 4969 1784 5009 ex
1847 4956 2067 5024 regione
2127 4955 2350 5018 Ciliciae,

2531 4943 2856 5006 Καλλίνικος
2895 4943 2922 4995 6
2952 4940 3046 4994 τοῦ
3094 4937 3333 5008 Χριστοῦ
3372 4937 3604 5008 μάρτυς,
3625 4931 3692 5007 ἦν
3721 4936 3820 5006 μὲν
3846 4939 3912 4989 ἐκ
3941 4936 4041 5005 τῆς

781 5052 1130 5106 Christianus
1161 5063 1286 5104 cum
1313 5058 1477 5111 esset,
1519 5047 1856 5114 verbumque
1883 5047 2086 5102 Christi
2114 5047 2352 5112 doceret,

2460 5035 2644 5105 χώρας
2678 5033 2932 5096 Κιλικίας
2965 5049 2980 5062 ⁸
3020 5029 3350 5102 Χριστιανὸς
3389 5029 3445 5082 δὲ
3503 5028 3600 5093 ὢν,
3629 5033 3721 5081 καὶ
3767 5029 4040 5082 διδάσκων

784 5144 1128 5207 hortabatur,
1179 5156 1210 5195 a
1266 5140 1428 5194 rebus
1462 5139 1681 5208 quidem
1739 5137 1898 5192 vanis
1949 5153 2009 5193 se
2059 5139 2355 5194 abstinere.

2460 5129 2550 5182 τὸν
2582 5128 2739 5195 λόγον
2756 5125 2850 5179 τοῦ
2877 5123 3113 5195 Χριστοῦ
3157 5123 3390 5194 παρῄνει
3444 5123 3542 5192 μὲν
3573 5122 3880 5190 ἀπέχεσθαι
3935 5122 4044 5173 τῶν

788 5237 1168 5290 universorum
1209 5239 1388 5286 autem
1422 5228 1684 5284 factorem
1716 5228 1999 5284 Christum
2033 5243 2355 5298 agnoscere.

2469 5219 2736 5288 ματαίων,
2787 5218 2878 5270 τὸν
2900 5216 2957 5269 δὲ
2989 5215 3223 5286 ποιητὴν
3245 5213 3360 5282 [τοῦ
3416 5213 3618 5276 παντὸς
3654 5211 4045 5279 ἐπιγινώσκειν

787 5325 1156 5393 Quamobrem
1189 5322 1645 5390 comprehensus,
1679 5328 1733 5372 et
1772 5317 1837 5372 ad
1866 5316 2150 5386 praesidem
2195 5317 2363 5372 addu-

2469 5311 2727 5381 Χριστόν.
2755 5309 2921 5361 Ὀθεν
2957 5305 3277 5376 κρατηθεὶς,
3311 5306 3450 5374 ήχθη
3491 5305 3628 5374 πρὸς
3660 5303 3753 5356 τὸν
3775 5304 4047 5372 ἡγεμόνα,

791 5427 933 5480 ctus,
994 5413 1302 5486 omnigenis
1347 5413 1414 5466 ab
1470 5428 1536 5467 eo
1575 5410 1865 5466 tormentis
1904 5409 2186 5476 subjectus
2231 5417 2360 5463 est:

2467 5405 2562 5455 καὶ
2594 5402 2723 5472 παρ’
2749 5399 2913 5453 αὑτοῦ
2941 5397 3222 5458 παντοίαις
3260 5395 3508 5465 βασάνοις
3533 5393 3884 5463 ὑποϐληθεὶς.
3910 5393 4046 5445 ὑπο-

793 5524 918 5563 mox
955 5485 1167 5561 terreis
1191 5502 1578 5559 calceamentis
1610 5516 1734 5556 cum
1771 5499 1944 5554 clavis
1986 5499 2163 5552 acutis
2195 5497 2367 5552 subli-

2469 5498 2687 5567 δήματα
2712 5494 2908 5561 σιδηρᾶ
2949 5491 3088 5561 μετά
3110 5490 3254 5560 ἥλων
3284 5487 3451 5552 ὀξέων
3479 5485 3737 5555 ὕπεδέθη,
3755 5486 3854 5538 καὶ
3876 5489 4049 5554 ἡναγο

795 5601 954 5672 gatis,
983 5609 1109 5654 ante
1138 5613 1308 5666 equos
1336 5593 1606 5666 usque-ad
1645 5593 1833 5646 urbem
1865 5577 2136 5661 Gangram
2176 5589 2368 5644 stadiis

2472 5588 2649 5655 κάσθη
2697 5585 2914 5656 τρέχειν
2958 5583 3267 5653 ἔμπροσθεν
3308 5579 3418 5632 τῶν
3480 5579 3667 5631 ἵππων
3720 5577 3887 5647 μέχρι
3954 5578 4049 5639 τῆς

802 5697 1086 5764 sexaginta
1116 5695 1366 5750 dissitatn
1395 5705 1615 5747 currere
1647 5689 1894 5751 adactus,
1931 5701 2055 5740 cum
2089 5685 2368 5753 sexaginta

2475 5686 2680 5746 πόλεως
2702 5683 2958 5750 Γάγγρας
2987 5677 3298 5747 ἀπεχούσης
3332 5675 3580 5736 σταδίους
3617 5673 3907 5742 ἐξήκοντα.
3940 5670 4051 5723 Καὶ

803 5787 976 5843 stadia
997 5788 1224 5857 pedibus
1249 5784 1596 5846 confecisset,
1628 5780 1819 5834 videns
1843 5777 2175 5832 abducentes
2193 5776 2370 5843 ipsum

2478 5775 2745 5841 πεζεῦσας
2770 5773 3033 5843 ἐξήκοντα
3069 5771 3277 5834 στάδια,
3302 5768 3410 5821 καὶ⁹
3435 5766 3561 5820 ἰδὼν
3593 5767 3720 5828 τοὺς
3743 5767 4055 5831 ἀπάγοντας

812 5881 1012 5936 milites
1061 5895 1171 5951 pra:
1228 5878 1315 5935 siti
1387 5876 1626 5932 animam
1695 5887 1876 5941 agerc,
1929 5870 2064 5925 fusis
2119 5868 2372 5938 precibus

2481 5871 2639 5924 αὑτὶν
2678 5866 3012 5938 στρατιώτας
3047 5864 3121 5933 τῷ
3159 5862 3297 5931 δίψει
3321 5859 3803 5929 λειποψυχοῦντας,
3826 5873 4056 5926 προσευ-
