4190 6534
694 457 797 520 567

1971 447 2404 508 MENOLOGII
2443 447 2635 506 PARS
2678 444 2795 505 III.

3848 432 3961 497 568

692 559 914 619 claruit.
973 563 1263 619 Parentes-
1296 560 1647 632 Cappadoces
1700 559 1871 626 fuere,
1931 560 2024 629 qui
2086 557 2308 615 saeculi,

2414 557 2536 613 ιίλου
2571 556 2666 611 τοῦ
2699 554 3072 628 μισοχρίστου.
3107 546 3180 607 Οῦ
3204 554 3252 607 oi
3287 550 3609 621 γεννήτορες
3646 547 3745 601 σὺν
3773 548 3837 615 τῇ
3860 544 3961 597 τοῦ

692 657 1040 727 splendorem
1070 655 1305 726 (patricii
1349 655 1548 725 quippe
1590 662 1749 709 erant
1771 653 1791 725 )
1817 668 1938 708 cum
1965 652 2269 708 orthodoxa

691 749 957 819 religione
987 747 1411 817 conjunxerant.
1436 746 1807 813 Quamobrem
1836 744 2167 800 Eudocimus
2203 745 2272 799 ab

2380 650 2498 721 βίου
2552 646 2881 719 περιφανείᾳ
2930 643 3235 715 (πατρίκιοι
3304 642 3414 711 γὰρ
3442 636 3596 710 ,ἦσαν
3624 637 3666 707 ο)
3691 634 3965 707 ὸρθόδοξοι

2379 741 2777 811 ἐγνωρίζοντοο
2827 736 3198 799 Καππάδοκες
3236 734 3298 787 τὸ
3355 732 3528 800 γένος.
3578 729 3670 783 Διὸ
3707 726 3888 788 καλῶς
3938 727 3967 778 6

693 843 775 897 eis
823 845 891 897 ad
949 841 1211 896 virtutem
1263 842 1469 910 optime
1538 841 1822 904 educatus,
1875 838 1943 893 ad
1985 837 2271 892 Candidati

2414 833 2674 902 εὐδόκιμος
2730 830 3065 900 ἀναγόμενος
3128 826 3219 880 ὑπ’
3265 823 3447 878 αὐτῶν
3495 822 3563 875 τὰ
3608 823 3689 884 είς
3736 817 3965 889 ἀρετὴν,

694 934 959 987 honorem
1001 948 1031 987 a
1067 932 1368 1003 Theophilo
1400 942 1713 1002 provectus,
1746 930 1953 985 militiae
1986 927 2275 1000 praefectu-

697 1038 813 1076 ram
854 1024 1018 1077 etiam
1052 1024 1309 1089 obtinuit,
1365 1024 1603 1093 primum
1647 1022 1863 1092 quidem
1894 1023 2034 1090 apud
2064 1020 2277 1089 Cappa-

692 1114 891 1168 dueum
921 1114 1280 1184 provinciam,
1312 1114 1508 1168 deinde
1538 1113 1677 1183 apud
1707 1112 2095 1168 Charsianum.
2122 1109 2274 1165 Justa

697 1204 899 1272 ubique
920 1214 1124 1260 statera
1150 1214 1287 1268 erat,
1313 1214 1367 1258 et
1395 1204 1603 1272 regula,
1635 1219 1964 1274 omnemque
1993 1201 2277 1272 aequalita-

697 1306 803 1349 tem
855 1296 1152 1353 observans
1185 1336 1199 1361 ,
1255 1298 1521 1366 plurimas
1589 1295 1834 1366 quotidie
1897 1294 2278 1363 eleemosyuas

694 1390 975 1457 erogabat,
1021 1390 1282 1443 ecclesias
1319 1389 1659 1453 exornabat,
1703 1386 1896 1441 viduas
1942 1394 1995 1440 et
2042 1384 2280 1455 pupillos

698 1479 1029 1540 vindicabat.
1094 1479 1259 1549 188
1312 1488 1367 1533 et
1412 1479 1658 1532 omnium
1707 1475 1959 1531 absolute
2014 1473 2279 1526 virtutum

700 1571 936 1635 speciem
997 1568 1293 1624 referebat.
1341 1568 1443 1625 Per
1495 1567 1642 1621 hunc
1693 1566 1915 1620 modum
1978 1561 2278 1618 secundum

712 1659 880 1714 Deum
914 1670 1189 1725 versatus,
1225 1660 1470 1729 corporis
1494 1658 1817 1728 aegritudine
1847 1655 2063 1709 tandem
2097 1667 2283 1708 corre-

699 1762 845 1818 ptus,
876 1753 1129 1821 spiritum
1178 1752 1287 1807 Deo
1321 1751 1577 1806 reddidit.
1616 1749 1746 1818 Ejus
1772 1755 1954 1802 autem
1989 1743 2281 1815 propinqui

701 1844 1019 1897 mandatum
1057 1844 1231 1913 ipsius
1256 1844 1565 1912 implentes,
1586 1838 1841 1896 eumdem
1866 1853 1992 1893 cum
2017 1836 2282 1899 vestibus,

2382 923 2841 989 κανδιδᾶτοςῖὐπὸ
2884 921 3148 989 Θεοφίλου
3203 916 3465 988 ἐτιμήθη,
3506 914 3604 969 καὶ
3659 925 3966 980 στρατοπε·

2382 1019 2604 1087 δάρχειν
2632 1015 2835 1087 ἐτάχθη
2854 1031 2869 1047 ⁸
2898 1015 3114 1085 πρῶτον
3143 1014 3243 1083 μὲν
3270 1010 3415 1064 κατὰ
3444 1010 3541 1079 τὴν
3574 1002 3966 1060 Καππαδοκῶν

2381 1108 2588 1179 χώραν,
2634 1108 2828 1160 ἔπειτα
2880 1104 3023 1159 κατὰ
3057 1105 3119 1156 τὸ
3157 1100 3504 1172 Χαρσιανόνο
3544 1096 3709 1165 ζυγός
3757 1111 3842 1153 τις
3883 1090 3969 1143 δε-

2381 1219 2536 1265 καιος
2564 1200 2641 1254 ὣν
2668 1200 2765 1254 καὶ
2782 1197 2986 1264 κανὼν,
3024 1197 3122 1253 καὶ
3172 1196 3397 1262 ἰσότητα
3437 1194 3621 1246 πᾶσαν
3652 1187 3967 1257 φυλάττων,

2383 1294 2753 1365 ἐλεημοσύνας
2802 1310 2863 1345 τε
2934 1292 3201 1353 πλείστας
3242 1285 3481 1342 ἐκτελῶν
3550 1281 3673 1337 καθ’
3704 1278 3968 1345 ἑκάστην,

2383 1386 2480 1439 καὶ
2507 1386 2605 1447 τὰς
2633 1382 2930 1451 ἐκκλησίας
2946 1378 3285 1449 καλλιεργῶν
3313 1394 3326 1406 ·
3355 1376 3532 1447 χήρας
3569 1371 3667 1424 καὶ
3692 1366 3971 1439 ὀρφανοὺς

2388 1478 2644 1542 ἐκδικῶν,
2699 1476 2794 1530 καὶ.
2840 1474 3027 1537 ἁπλῶς
3062 1472 3245 1540 πάσης
3277 1468 3476 1539 ἀρετῆς
3513 1465 3659 1519 ίδέαν
3712 1456 3970 1530 μετερχό-

2390 1588 2571 1642 μενος.
2603 1568 2764 1622 Κατὰ
2815 1567 2948 1619 Θεὸν
2989 1562 3086 1619 οὖν
3134 1560 3621 1628 πολιτευσάμενος,
3662 1555 3806 1621 νόσῳ
3864 1563 3972 1600 σω-

2398 1639 2602 1733 ματικῇ
2630 1659 3012 1730 κατασχεθεὶς,
3043 1656 3105 1709 τὸ
3120 1654 3337 1723 πνεῦμα
3357 1651 3522 1706 αὐτοῦ
3549 1648 3630 1719 τῷ
3660 1645 3780 1714 Θεῷ
3802 1639 3975 1710 παρέ-

2390 1756 2534 1809 θετο.
2570 1757 2633 1808 Oi
2683 1753 2737 1805 δὲ
2790 1753 3163 1823 προσήκοντες
3192 1748 3298 1817 τὴν
3328 1743 3495 1798 αὑτοῦ
3539 1742 3790 1795 κέλευσιν
3835 1737 3974 1787 ἀπο-

2391 1847 2745 1917 πληροῦντες,
2787 1845 2923 1915 μετὰ
2949 1844 3056 1896 τῶν
3095 1841 3433 1909 ἐνδυμάτων,
3463 1836 3558 1890 καὶ
3581 1828 3971 1900 ὑποδημάτων,

699 1942 755 1987 et
796 1934 1183 1989 calceamentis
1230 1935 1584 2004 sepelierunt,
1626 1946 1791 2002 quem
1840 1930 1983 1985 Deus
2032 1926 2281 1998 pluribus

2414 1908 2620 2011 θαύαν,
2646 1908 2890 2009 θαύμ-ασι
2946 1936 3162 1998 πολλοῖς
3190 1933 3303 2005 ξκαὶ
3331 1931 3437 1985 ὑπὸ
3486 1927 3580 1983 τοῦ
3638 1922 3773 1979 Θεοῦ
3821 1918 3978 1983 60in-

702 2025 987 2082 miraculis
1019 2027 1333 2082 illustravit.

969 2182 1365 2274 MENSE
1450 2176 2001 2271 AUGUSTO

1327 2338 1427 2395 Die
1486 2338 1664 2409 prima

853 2452 1015 2522 189
1043 2450 1321 2508 Certamen
1360 2464 1666 2509 sanctorum
1700 2450 2139 2507 Maccabworum.

780 2585 1096 2654 Eleazarus,
1135 2588 1219 2641 vir
1258 2588 1347 2643 ille
1389 2588 1852 2659 spectatissimus,
1892 2585 1985 2657 qui
2026 2581 2291 2637 Hieroso—

710 2679 871 2747 lymis
912 2680 1216 2743 habitabat,
1252 2681 1511 2751 magister
1538 2690 1656 2736 erat
1682 2689 1890 2751 septem
1918 2686 2121 2732 sancta:
2144 2673 2295 2729 Solo-

714 2772 950 2827 mouidis
1014 2773 1272 2827 filiorum.
1335 2772 1727 2843 Hierosolymis
1800 2785 1929 2826 vero
1992 2784 2021 2823 a
2066 2768 2296 2822 Seleuco

714 2877 839 2927 rege
872 2863 1232 2933 depopulatis.
1273 2874 1436 2934 atque
1477 2865 1831 2919 Hebraeorum
1867 2860 2063 2931 populo
2095 2858 2147 2910 in
2202 2872 2294 2911 ca-

714 2955 1021 3020 ptivitatem
1072 2957 1329 3022 abducto,
1363 2957 1568 3011 detenti
1621 2954 1847 3009 fuerunt
1896 2960 1951 3007 et
1992 2949 2107 3014 isti,
2137 2962 2299 3018 coge-

717 3046 1028 3116 banturque
1048 3063 1109 3101 ex
1130 3049 1371 3118 gentium
1394 3049 1633 3103 victimis
1653 3047 1965 3116 degustare,
1984 3053 2038 3098 et
2060 3042 2300 3112 pollutos

718 3140 1009 3196 comedere
1052 3142 1235 3209 cibos;
1281 3158 1563 3213 nunquam
1614 3150 1795 3196 autem
1842 3138 2017 3200 suasi,
2067 3137 2161 3190 sed
2200 3148 2299 3205 pro

2394 2036 2610 2089 σθέντα.

2711 2184 2959 2271 ΜΗΝ
2966 2182 3003 2264 Ι
3075 2167 3668 2263 ΑΥΓΟΥΣΊῺ

2992 2317 3083 2371 Ἐν
3111 2317 3179 2387 τῇ
3207 2312 3401 2385 πρώτῃ

2634 2464 2927 2529 Ἀθλησις
2951 2455 3071 2510 τῶν
3094 2453 3280 2525 ἁγίων
3304 2442 3726 2505 Μακκαϐαίων.

2479 2598 2743 2668 Ἐλεάζαρ
2776 2597 2804 2649 ὁ
2841 2591 3168 2662 τιμιώτατος
3218 2582 3539 2641 διδάσκαλος
3568 2574 3637 2648 ἦν
3684 2566 3981 2668 τῶνΔὲπτὰ

2396 2696 2606 2750 παίδων
2634 2664 2733 2760 τῆς
2772 2689 2935 2757 ἁγίας
2965 2680 3356 2753 Σολομωνίδος,
3405 2670 3679 2730 κατοικῶν
3717 2668 3775 2720 ὲν
3811 2664 3982 2731 Ἱερο·

2398 2788 2673 2857 σολύμοις.
2692 2758 3087 2853 ⁷Πορθήσαντος
3111 2777 3168 2831 δὲ
3196 2771 3465 2827 Σελεύκου
3497 2766 3590 2820 τοῦ
3629 2760 3894 2857 βασιλέως
3913 2758 3985 2809 τὰ

2409 2851 2907 2951 Ἰεροσόλυμα,ήκαὶ
2944 2873 3006 2926 τὸ
3039 2870 3149 2924 τῶν
3195 2864 3467 2935 Ἐὕραίων
3495 2859 3652 2927 γένος
3697 2851 3987 2951 αἰχμαλω-

2399 2943 2693 3037 τίσαντοςξ
2724 2967 3111 3040 ἐκρατήθησαν
3142 2964 3239 3017 καὶ
3284 2951 3456 3013 οὗτοι·
3498 2953 3595 3006 καὶ.
3624 2943 3989 3019 ἡναγκάσθηο

2404 3085 2505 3123 σαν
2563 3062 2858 3134 έλληνικῶν
2885 3054 3293 3126 ἀπογεύσασθαι
3324 3049 3532 3103 θυσιῶν
3577 3044 3673 3099 καὶ
3710 3051 3989 3134 μιαροςαα-

2402 3163 2589 3231 γῆσαι.
2617 3128 2710 3227 ιιιῆ
2765 3151 3081 3211 πεισθέντες
3116 3148 3195 3211 δὲ,
3235 3144 3348 3198 ἀλλ’
3384 3141 3526 3209 ὑπὲρ
3576 3136 3687 3190 τῶν
3734 3128 3986 3197 πατρίων

724 3233 914 3298 patriis
967 3233 1179 3305 legibus
1232 3236 1601 3297 decertantes,
1647 3232 1881 3287 diversis
1930 3228 2302 3300 subjiciuntur

2416 3228 2817 3322 ἀγωνισάμενοι
2839 3245 3043 3314 νόμων,
3070 3238 3349 3309 διαφόροις
3380 3230 3771 3296 ὑπεσλήθησαν
3815 3237 3994 3291 τιμω-

725 3327 1076 3382 cruciatibus.
1109 3328 1295 3383 Primo
1321 3329 1539 3398 quidem
1569 3326 1859 3381 Eleazarus
1889 3324 2091 3378 acriter
2107 3335 2303 3383 caesus,

730 3418 899 3486 inque
929 3418 1107 3487 ignem
1151 3419 1408 3488 injectus,
1440 3433 1605 3473 oraus
1638 3419 1889 3487 spiritum
1921 3416 2031 3470 Deo
2064 3411 2308 3468 tradidit.

729 3512 894 3565 Pueri
927 3514 1121 3568 deinde
1150 3513 1338 3569 eodem
1376 3529 1487 3582 quo
1524 3513 1637 3566 nati
1670 3512 1886 3565 fuerant
1925 3509 2135 3570 ordine,
2170 3506 2312 3560 alius

734 3614 857 3671 post
911 3605 1075 3658 alium
1107 3604 1345 3670 adducti,
1386 3606 1695 3669 tormentis,
1732 3603 1999 3673 equuleis,
2049 3600 2202 3664 rotis,
2260 3608 2315 3651 et

734 3697 843 3765 igni
877 3697 1132 3765 expositi,
1181 3714 1277 3766 pro
1321 3698 1523 3765 pietate
1572 3707 1700 3750 sunt
1745 3692 2079 3762 consumpti,
2114 3688 2317 3745 mentis

740 3787 983 3855 profecto
1014 3790 1281 3845 rationem
1305 3805 1414 3860 prae
1439 3804 1497 3844 se
1521 3788 1757 3843 ferentes
1784 3799 2094 3855 supremam
2115 3780 2318 3835 haben-

739 3890 845 3934 tem
879 3880 933 3933 in
970 3883 1255 3950 passiones
1306 3890 1655 3951 potestatem.
1701 3878 1886 3932 Tertio
1924 3875 2085 3945 19o
2112 3875 2316 3943 :eorum

2418 3318 2581 3419 ρίαις.
2613 3318 2724 3397 καὶ
2756 3338 2970 3410 πρῶτον
2999 3334 3097 3403 μὲν
3129 3334 3157 3384 ὀ
3209 3325 3535 3394 Ἐλεάζαρος
3578 3318 3805 3387 τυφθεὶς
3858 3329 3994 3416 meo:

2413 3404 2578 3510 δρῶς,
2609 3435 2704 3489 καὶ
2737 3404 2818 3494 είς
2860 3430 2921 3482 τὸ
2960 3428 3071 3495 πῦρ
3135 3421 3376 3494 βληθεὶς,
3414 3418 3510 3472 καὶ
3558 3414 3858 3480 εὐξάμενος
3909 3404 3995 3510 τῷ

2416 3499 2647 3599 Θεῷ,τδ
2696 3523 2914 3591 πνεῦμα
2971 3517 3277 3587 παρέδωκε.
3320 3510 3585 3577 Δεύτερον
3627 3506 3683 3557 δὲ
3712 3503 3762 3555 oi.
3801 3499 3996 3558 παῖδες

2418 3587 2558 3678 κατά
2586 3617 2739 3682 τάξιν
2770 3587 2851 3676 ὡς
2876 3610 3246 3680 ἐγεννήθησαν
3293 3603 3414 3657 καθ’
3457 3595 3536 3662 εἷς
3583 3595 3867 3666 ἀχθέντες,
3900 3587 4002 3641 καὶ

2419 3711 2823 3787 ἀρθρεμὸὀλοις
2888 3706 2982 3759 καὶ
3046 3701 3437 3760 καταπέλταις,
3485 3696 3582 3748 καὶ
3628 3689 3869 3787 τροχοῖς,
3903 3682 4001 3737 καὶ

2421 3777 2555 3877 πῦρὶ
2574 3777 3101 3873 προσομιλήσαντες,
3126 3792 3265 3861 ὑπὲρ
3280 3785 3560 3845 εὐσεϐείας
3584 3777 4003 3846 ἐτελειώθησαν,

2419 3871 2694 3966 δείξαντες
2725 3894 2894 3955 ὅντως
2925 3889 3016 3943 τὸν
3043 3885 3305 3955 λογισμὸν
3338 3878 3722 3948 αὐτοκράτορα
3741 3871 3868 3966 -τῶν
3889 3885 4003 3966 τια-

742 3983 917 4029 mater
958 3974 1273 4030 Solomonis
1300 3984 1495 4044 sponte
1541 3973 1819 4029 fornacem
1852 3971 2122 4039 ingressa,
2157 3980 2308 4033 supm

2425 3958 2553 4045 θῶν.
2585 3987 2699 4043 Καὶ
2727 3983 2912 4055 τρίτον
2945 3981 2978 4049 ἠ
3017 3976 3197 4031 αὐτῶν
3246 3972 3427 4043 μήτηρ
3488 3962 3801 4055 Σολομωνὶς
3842 3958 4006 4055 αὺτο-

741 4068 992 4137 proprios
1020 4068 1252 4124 moritur
1283 4068 1442 4125 filios.

2431 4080 2724 4155 μάτωςίείς
2747 4049 2846 4148 τὴν
2867 4072 3096 4144 κάμινον
3121 4063 3438 4123 είσελθοῦσα
3456 4061 3570 4122 τοῖς
3606 4056 3760 4119 ίδίοις
3792 4049 4006 4106 ἐπαπέ-

2429 4178 2557 4233 θανε
2587 4174 2823 4236 τᾶκνοις.

748 4302 815 4359 Et
872 4311 1134 4360 certamen
1169 4305 1340 4359 sancti
1388 4302 1642 4374 martyris
1685 4298 1891 4357 Leontii
1945 4307 1993 4354 et
2040 4296 2325 4353 sociorum.

818 4509 1023 4567 Christi
1083 4516 1354 4580 martyres
1400 4505 1684 4569 Leontius.
1741 4513 1795 4560 et
1850 4499 2157 4557 Alexander
2224 4511 2329 4553 una

2431 4312 2535 4370 Καὶ
2574 4310 2829 4377 ἄθλησις
2867 4302 2973 4377 τοῦ
3020 4293 3550 4377 ἁγίουῃμάρτιορος
3582 4284 3868 4346 Λεοντίου
3913 4278 4015 4338 καί

2855 4371 2966 4442 τῆς
3020 4362 3339 4436 σὺν-οδίιις⁷
3364 4362 3576 4420 αὐτοῦ.

2507 4512 2780 4573 Λεόντιος.
2810 4505 2905 4562 καὶ
2948 4500 3299 4573 Ἀλέξανδρος
3331 4497 3381 4553 oi
3412 4493 3505 4550 τοῦ
3569 4488 3811 4563 Χριστοῦ
3874 4485 4021 4558 μὰρ.

755 4619 878 4662 cum
911 4603 1120 4660 sanctis
1140 4574 1257 4658 suis
1285 4600 1474 4663 sociis,
1495 4597 1715 4653 fuerunt
1735 4593 2075 4667 temporibus
2108 4589 2308 4646 Diocle-

2440 4621 2602 4679 τυρες
2640 4599 2779 4674 μετὰ
2812 4597 2911 4666 τῆς
2942 4593 3092 4665 ίιρᾱς
3127 4587 3368 4651 συνοδίας
3408 4583 3607 4649 αὐτῶν,
3635 4582 3883 4652 ὑπῆρχον
3926 4574 4023 4629 Ini.

756 4696 890 4752 tiaui
921 4693 1269 4764 imperatoris
1297 4707 1363 4747 ex
1385 4690 1713 4760 Pamphylia
1738 4686 1980 4757 regione,
2010 4682 2244 4739 diversis
2278 4681 2332 4735 in

756 4788 894 4843 locis
921 4787 1060 4850 nati,
1081 4801 1189 4840 una
1212 4795 1390 4838 tamen
1412 4791 1593 4836 mente
1612 4796 1738 4846 erga
1769 4778 2057 4833 Dominum
2086 4784 2336 4829 nostrum

755 4879 947 4936 Jesum
1005 4877 1289 4932 Christum
1350 4872 1600 4938 animati,
1658 4879 1849 4941 utpote
1887 4884 1952 4922 ex
2008 4864 2342 4921 Christianis

761 4973 868 5026 orti
902 4968 1364 5040 progenitoribus.
1408 4964 1593 5035 Itaque
1644 4966 1787 5019 inter
1817 4979 1877 5019 se
1918 4963 2054 5017 inito
2086 4958 2339 5021 consilio,

766 5076 930 5133 atque
1000 5063 1214 5117 cunctis
1271 5060 1435 5130 hujus
1494 5058 1679 5113 saeculi
1736 5058 1901 5111 rebus
1972 5052 2341 5122 contemptis,

767 5166 1124 5214 accesserunt
1149 5156 1214 5209 ad
1232 5154 1415 5208 Dianae
1445 5155 1630 5207 fanum
1654 5172 1667 5219 ;
1689 5148 2137 5220 eoqucingressi,
2160 5146 2344 5200 omnia

769 5256 1084 5301 everterunt
1128 5246 1294 5299 idola.
1341 5242 1556 5311 Coguiti
1600 5242 1787 5310 igitur,
1821 5248 1876 5294 et
1924 5234 2336 5305 comprehensi,

773 5341 1125 5393 vehementer
1161 5335 1465 5397 cenduntur,
1528 5333 1911 5403 unguibusque
1968 5328 2161 5383 ferreis
2214 5326 2352 5380 dila-

778 5433 1021 5492 niautur,
1056 5445 1119 5484 ac
1150 5428 1361 5483 subulis
1406 5427 1550 5481 oculi
1582 5440 1771 5479 eorum
1823 5422 2223 5491 transfiguntur
2252 5436 2264 5471 :
2298 5426 2352 5471 et

780 5526 1039 5581 custodim
1084 5523 1289 5586 traditi,
1319 5521 1385 5576 ad
1419 5522 1603 5591 plures
1641 5517 1759 5573 dies
1789 5516 1909 5571 sine
1938 5515 2059 5569 cibo
2095 5526 2353 5580 perman-

782 5628 991 5673 serunt.
1035 5617 1109 5671 De
1145 5630 1365 5671 carcere
1404 5625 1594 5684 postea
1625 5612 1827 5676 educti,
1862 5609 1993 5664 feris
2036 5617 2164 5663 sunt
2197 5621 2357 5676 expo-

785 5714 897 5768 siti.
958 5711 1064 5767 Sed
1129 5726 1225 5765 eos
1286 5710 1478 5765 bellum
1534 5708 1757 5761 minime
1810 5706 2086 5759 ltrserunt.
2132 5700 2357 5753 Demum

788 5804 949 5873 gladii
978 5813 1198 5874 accepta
1236 5802 1523 5864 sententia,
1557 5799 1735 5868 capite
1769 5797 1919 5852 fuere
1954 5793 2283 5849 obtruncati.

2444 4670 2541 4768 τῆς
2586 4670 2860 4765 βασιλείας
2893 4678 3278 4753 Διοκλητιανοῦ
3335 4680 3399 4731 lx
3428 4677 3529 4746 τῆς
3566 4672 3753 4768 χώρας
3782 4670 4021 4737 Παμφυρ

2443 4760 2597 4849 λίας,
2619 4786 2683 4836 ὲκ
2712 4777 2985 4844 διαφόρων
3022 4772 3118 4841 μὲν
3141 4770 3356 4841 χωρίων
3373 4766 3549 4827 ὄντες,
3572 4763 3700 4832 μίαν
3720 4760 3778 4813 δὲ
3796 4762 4026 4827 γνώμην

2446 4846 2660 4947 ἔχοντες
2694 4871 2828 4939 πρὸς
2864 4870 2955 4920 τὸν
2986 4864 3191 4934 Κύριον
3227 4858 3384 4932 ήμῶν
3417 4851 3627 4923 Ἰησοῦν
3660 4848 3923 4918 Χριστὸν,
3950 4846 4026 4908 ὡς

2448 4963 2763 5038 Χριστιανοὶ
2793 4962 2858 5012 ὲκ
2918 4955 3201 5027 προγόνων
3230 4948 3618 5019 τυγχάνοντες.
3646 4941 3819 5008 Κοινῆ
3843 4938 4027 4991 τοίνυν

2452 5032 2895 5131 βουλευσάμενοι,
2924 5049 3020 5103 καὶ
3052 5047 3233 5101 πάντα
3262 5042 3331 5096 τὰ
3377 5038 3609 5109 βιωτικὰ
3642 5037 3723 5099 είς
3754 5033 3909 5088 οὐδὲν
3947 5032 4034 5083 λος

2450 5124 2757 5220 γισάμενοι,
2790 5141 3090 5197 κατέλαϐον
3122 5139 3181 5191 τὸ
3218 5136 3315 5205 τῆς
3350 5130 3671 5203 ’Δρτὲμιδος
3726 5127 3892 5195 ἱερόν.
3919 5124 4031 5175 Καὶ

2454 5246 2511 5295 ὲν
2542 5238 2690 5309 αὐτῷ
2745 5235 3048 5304 γενόμενοι,
3080 5225 3459 5296 κατέστρεψαν
3490 5222 3669 5274 πάντα
3692 5218 3763 5270 τὰ
3808 5216 4029 5273 εἴδωλα.

2453 5331 2797 5392 Γνωσθὲντες
2835 5322 2927 5380 οὖν
2964 5324 3055 5377 καὶ
3108 5318 3493 5390 κρατηθέντες,
3545 5310 3858 5379 ὲτύφθησαν
3899 5324 4035 5375 ego.

2457 5425 2619 5497 δρῶς,
2656 5422 2751 5474 καὶ
2803 5418 2943 5486 μετὰ
3008 5411 3241 5482 σιδηρῶν
3291 5407 3499 5476 ὀνύχων
3560 5401 3881 5470 ἐξέσθησαν,
3936 5397 4035 5451 καὶ

2460 5488 2722 5575 σουῦλὶοις
2744 5514 2854 5573 τοῖς
2881 5506 3178 5576 ὀφθαλμοῖς
3204 5498 3659 5567 ὲξεκεντήθησαν.
3684 5492 3796 5546 Καὶ
3818 5488 4035 5558 φυλακῇ

2461 5605 2878 5678 παραδοθέντες,
2907 5603 3129 5669 ἄτροφοι
3166 5595 3442 5663 διέμειναν
3482 5590 3576 5641 ἐπὶ
3614 5585 3843 5646 πολλαῖς
3894 5582 4035 5650 ἠμέ-

2466 5674 2607 5773 ραις.
2658 5695 2785 5750 Εἶτα
2833 5694 2930 5761 τῆς
2988 5688 3233 5760 φυλακῆς
3296 5681 3676 5750 ἐκϐληθέντες,
3735 5674 4037 5745 ὲθηριομά-

2465 5808 2637 5863 χησαν
2660 5804 2671 5816 ·
2709 5786 2774 5839 τὰ
2809 5784 2863 5837 δὲ
2901 5781 3064 5851 θηρία
3082 5780 3180 5848 οὐχ
3210 5777 3418 5845 ἥψαντο
3458 5772 3657 5827 αὐτῶν.
3695 5772 3805 5823 Καὶ
3844 5768 4035 5819 λαϐόνο

2468 5901 2577 5947 τες,
2609 5882 2705 5953 τὴν
2767 5877 2852 5930 διὰ
2894 5876 3081 5943 ξίφους
3146 5870 3440 5941 ἀπόφασιν,
3499 5860 4036 5932 ἀπεκεφαλίσθηταν.
