4190 6534
133 383 232 449 573

1549 392 1974 458 AUGUSTUS.

3295 397 3403 462 574

131 502 259 571 ρῶς,
289 502 521 572 ἐπείπερ
543 504 664 566 ταῖς
696 503 935 572 πληγαῖς
987 506 1336 578 κατεπονήοη
1385 507 1544 577 (ἐτῶν
1585 511 1694 580 γὰρ
1723 545 1734 565 .

1838 520 1980 565 utem
2018 512 2190 582 plagis
2231 527 2371 581 pene
2403 513 2693 570 confectus
2748 522 2896 569 esset
2923 515 3064 582 (erat
3101 528 3248 569 enim
3299 530 3400 568 an-

128 587 192 663 ἦν
217 593 414 645 ἑκατὸν
445 593 599 661 δέκα)
633 595 917 665 ἀπερρίφη
950 598 1007 648 ὲν
1040 597 1276 670 φυλακῇ.
1312 600 1421 653 Καὶ
1459 603 1597 670 μετά
1631 621 1710 656 τι·

129 700 224 744 νας
253 681 467 755 ἡμέρας
502 685 599 754 τῆς
639 687 886 755 φυλακῆς
925 688 1244 758 ἐκϐληθεὶς,
1282 692 1376 744 καὶ
1423 693 1586 746 πάλιν
1636 697 1711 764 τῷ

131 776 425 848 παραῦἀτῃ
460 780 748 848 παραστὰς
824 779 1169 848 ἠναγκάζετο
1215 784 1560 854 ἀρνήσασθαι
1612 787 1711 855 μὲν

129 867 215 920 τὸν
260 868 518 938 Χριστὸν,
570 870 730 924 θῦσαι
761 872 817 924 δὲ
862 875 971 937 τοῖς
1023 873 1287 939 εἰδώλοις.
1322 879 1430 930 Καὶ
1483 879 1556 948 μὴ
1595 898 1713 931 πει-

131 957 299 1020 σθεὶς,
337 958 474 1011 ἀλλὰ
514 960 674 1014 πάλιν
705 962 931 1028 ἐλέγξας
964 964 1055 1016 τὸν
1095 965 1388 1033 τύραννον,
1425 967 1566 1034 ξίφει
1615 969 1712 1037 τὴν

130 1050 375 1119 κεφαλὴν
397 1052 712 1125 ἀπετμήθη·
746 1055 841 1108 καὶ
869 1056 1043 1121 οὕτως
1073 1057 1385 1129 ἐτελειώθη,
1422 1060 1712 1113 ἀπολαϐὼν

129 1145 393 1214 στέφανον
426 1147 763 1219 ἀμάραντον,
798 1155 891 1204 καὶ
921 1151 1066 1220 ζωὴν
1092 1151 1332 1206 αἰώνιον.

629 1240 811 1294 MHNI
848 1242 934 1312 To
967 1243 1172 1314 ΑΥΤῼ.

902 1335 970 1400 qv

141 1419 199 1474 Ἠ
233 1422 696 1491 μταμόρφωσις
727 1424 833 1479 τοῦ
863 1427 1084 1504 Κυρίου
1119 1425 1290 1498 ἡμῶν
1331 1429 1539 1496 Ἰησοῦ
1581 1431 1716 1497 Χρι-

830 1510 1005 1550 στου.

209 1607 434 1680 Ἐπειδὴ
467 1610 636 1662 πολλά
679 1611 806 1680 περὶ
842 1612 1102 1666 κινδύνων
1132 1611 1228 1664 καί
1263 1629 1424 1665 τινων
1457 1613 1720 1683 λυπηρῶν

133 1702 418 1771 ὁΧριστδς
452 1703 588 1771 πρὸς
629 1707 756 1765 τοὺς
789 1704 1036 1773 μαθητὰς
1069 1705 1316 1774 διελέχθη
1342 1723 1354 1736 ·
1391 1707 1482 1759 καὶ
1514 1707 1582 1758 τὰ
1622 1707 1720 1774 μὲν

134 1789 269 1862 ἦσαν
312 1795 373 1846 ἐν
403 1794 478 1864 τῷ
526 1797 753 1866 παρόντι
798 1796 930 1866 βίῳ,
983 1797 1050 1849 τὰ
1099 1798 1154 1849 δὲ
1187 1798 1367 1864 ἀγαθὰ
1413 1801 1469 1851 ὲν
1515 1798 1716 1858 ἐλπίσι,

137 1886 462 1956 βουλόμενος
514 1889 711 1952 αὐτοὺς
749 1891 1205 1962 πληροφορῆσαι,
1239 1893 1334 1944 καὶ
1380 1892 1588 1956 δεῖξαι,
1640 1891 1722 1952 τίς

137 1979 283 2029 ἐστιν
322 1981 352 2047 ἡ
391 1979 516 2043 δόξα
569 1981 775 2051 ἐκείνη,
819 1983 938 2051 μεθ’
968 1978 1032 2054 ἧς
1064 1984 1248 2051 μέλλει
1291 1984 1720 2052 παραγενέσθαι,

138 2073 400 2140 ἀναφέρει
430 2074 720 2137 αὖτοὺςεξς
745 2077 868 2145 ὄρος
893 2077 1094 2145 ὑψηλὸν
1119 2078 1238 2128 κατ’
1265 2077 1423 2140 ἰδίαν,
1454 2079 1544 2130 καὶ
1573 2093 1726 2141 μετε-

141 2164 406 2234 μορφώθη
437 2164 746 2236 ἔμπροσθεν
782 2168 983 2230 αὐτῶν,
1022 2169 1116 2220 καὶ
1141 2169 1384 2237 ἔλαμψεν
1414 2172 1473 2221 τὸ
1506 2170 1722 2236 πρόσωο

136 2273 235 2308 πον
273 2257 440 2309 αὑτοῦ
478 2257 552 2320 ὡς
588 2261 615 2311 ὁ
657 2259 828 2328 ἥλιος,
866 2261 932 2312 τὰ
977 2260 1031 2312 δὲ
1072 2261 1263 2328 ἱμάτια
1306 2261 1468 2314 αὑτοῦ
1510 2261 1727 2327 ἐγένετο

140 2347 393 2416 λαμπρὰ,
431 2348 506 2410 ὼς
537 2349 598 2400 τὸ
631 2349 765 2418 φῶς.
803 2351 911 2402 Καὶ
951 2351 1212 2419 ὤφθησαν
1245 2353 1431 2412 αὐτοῖς
1464 2352 1726 2418 Μωῦσῆς,

137 2441 225 2492 καί
270 2440 460 2499 Ἠλίας
497 2443 613 2503 μετ’
645 2443 810 2495 αὑτοῦ
857 2441 1270 2506 συλλαλοῦντες.
1314 2444 1452 2504 Τοὺς
1484 2445 1631 2511 τρεῖς
1669 2443 1726 2495 δὲ

141 2533 337 2599 μόνους
386 2533 494 2586 τῶν
536 2534 712 2587 ἄλλων
750 2535 1175 2605 παραλαμϐάνει
1221 2539 1296 2598 ὡς
1334 2537 1723 2606 ὑπερέχοντας·

138 2624 385 2694 Μωῦσῆν
413 2624 468 2677 δὲ
498 2627 593 2678 καὶ
637 2625 826 2680 Ἠλίαν
872 2630 950 2690 είς
987 2629 1152 2695 μέσον
1203 2629 1478 2697 παράγει,
1512 2629 1609 2688 τὰς
1649 2629 1729 2690 εἰς

141 2717 304 2768 αὐτὸν
339 2719 437 2768 οὐχ
464 2717 630 2786 ὀρθὰς
665 2719 921 2781 ὑπονοίας
949 2720 1103 2790 παρὰ
1134 2723 1244 2782 τοῖς
1268 2719 1483 2791 πολλοῖς
1506 2719 1730 2790 γινομέ-

141 2825 233 2871 νας
283 2810 690 2879 διορθούμενος.
761 2810 982 2883 Ἐπειδὴ
1037 2814 1146 2884 γάρ
1207 2831 1353 2876 τινες
1415 2813 1514 2883 μὲν
1567 2813 1730 2866 αὑτὸν

151 2902 342 2955 Ἠλίαν
375 2904 583 2972 ἔλεγον,
612 2904 759 2958 ἄλλοι
786 2906 841 2959 δὲ
879 2907 1180 2977 Ἰερεμίαν·
1211 2907 1300 2959 διὸ.
1320 2905 1481 2960 τοῦτο
1509 2905 1733 2968 τούτους

145 2996 523 3063 παρέστησεν,
573 2997 659 3050 ἵνα
705 3001 819 3061 τοῖς
862 3000 1132 3069 μαθηταῖς
1161 2997 1311 3071 δείξῃ
1337 2999 1398 3051 τὸ
1432 2999 1597 3069 μέσον
1624 2997 1734 3051 τῶν

142 3085 345 3139 δούλων
379 3089 475 3140 καὶ
503 3088 598 3142 τοῦ
622 3092 922 3154 Δεσπότου,
962 3093 1057 3144 καὶ
1083 3092 1476 3163 πληροφορήσῃ
1513 3093 1729 3158 αὐτοὺς,

143 3177 224 3231 ὅτι
249 3179 344 3231 καὶ
375 3178 631 3246 θανάτου,
663 3181 759 3234 καὶ
787 3180 932 3250 ζωῆς
960 3182 1210 3246 ἐξουσίαν
1241 3181 1376 3251 ἔχει.

679 3297 859 3350 MHNI
893 3299 980 3369 To
996 3296 1200 3369 ΑΥΤῼ.

927 3392 982 3444 Ζ.

289 3483 576 3549 Ἀθλησις
610 3482 719 3536 τοῦ
749 3483 924 3550 ἁγίου
951 3483 1259 3553 μάρτυρος
1287 3486 1592 3554 Δομετίου.

216 3595 482 3666 Δομέτιος
507 3596 535 3646 ὁ
561 3594 655 3648 τοῦ
676 3595 914 3664 Χριστοῦ
955 3597 1167 3667 μάρτυς
1192 3593 1260 3669 ἦν
1291 3601 1388 3669 μὲν
1412 3601 1506 3654 ἐπὶ
1533 3617 1735 3671 τυραν-

147 3685 288 3747 νίδος
331 3684 626 3738 Ὶουλιανοῦ
671 3685 765 3737 τοῦ
802 3687 1126 3755 παραὸάτου
1161 3690 1225 3741 ὲκ
1257 3689 1359 3758 τῆς
1389 3690 1573 3762 χώρας
1603 3692 1740 3762 Φρυ-

148 3777 294 3839 γίας.
336 3775 514 3845 Ὀρῶν
542 3776 598 3829 δὲ
630 3779 756 3840 τοὺς
792 3779 1192 3849 προκειμένους
1225 3781 1302 3852 τῷ
1333 3784 1582 3855 τυράννῳ
1614 3784 1741 3837 πολ-

149 3868 274 3932 λοὺς
303 3869 489 3934 δντας,
521 3869 635 3939 ικαὶ
655 3869 778 3922 καθ’
808 3872 1047 3941 ἑκάστην
1088 3874 1583 3944 προστιθεμένους,
1648 3877 1742 3930 καὶ

151 3961 524 4031 ἀρνουμένους
577 3961 676 4028 μὲν
730 3963 822 4016 τὸν
873 3964 1142 4034 Χριστὸν,
1196 3968 1640 4034 προσκυνοῦντας
1684 3971 1740 4024 δὲ

146 4058 263 4116 τοῖς
300 4053 561 4118 εἰδώλοις,
604 4054 922 4123 ἐδυσφόρει.
961 4058 1057 4108 καὶ
1086 4057 1420 4124 ἠγανάκτει,
1466 4063 1558 4112 καὶ
1595 4061 1740 4133 λύπῃ

149 4147 324 4216 πολλῇ
362 4147 654 4217 συνείχετο.
717 4149 805 4201 Ἐν
838 4150 938 4218 μιᾷ
962 4147 1054 4201 οὖν
1080 4150 1188 4202 τῶν
1219 4151 1443 4220 ἡμερῶν
1481 4153 1743 4224 ἱπποδρο-

152 4239 283 4309 μίας
321 4241 765 4311 ἐπιτελουμένης,
799 4245 888 4294 καὶ
924 4241 1116 4306 θυσίας
1149 4245 1604 4315 προσφερομένης
1633 4249 1744 4308 τοῖς

151 4335 490 4405 ἀκαθάρτοις
519 4334 793 4402 δαίμοσιν,
820 4336 916 4406 οὐχ
967 4337 1282 4404 ὑπέμεινενο
1322 4337 1454 4390 ἀλλὰ
1493 4339 1746 4406 ζηλώσας

151 4427 305 4497 ζήλῳ
337 4425 543 4494 θεῖκῷ,
589 4425 719 4496 ἔστη
773 4426 936 4495 μέσον
969 4426 1063 4479 τοῦ
1099 4427 1328 4498 θεάτρου
1353 4469 1367 4492 ,
1403 4430 1499 4483 καὶ
1534 4431 1746 4503 μεγάλῃ

1820 617 2012 656 norum
2038 613 2252 659 centum
2285 620 2350 660 ac
2372 605 2555 659 decem
2586 609 2622 673 ),
2673 607 2724 659 iu
2761 620 3036 660 carcerem
3056 606 3402 660 detruditur:

1823 695 1963 749 unde
1978 697 2183 764 aliquot
2199 708 2320 766 post
2337 697 2531 752 diebus
2551 697 3076 762 eductus,et-iterum
3103 703 3154 750 in
3175 712 3405 766 conspe-

1819 799 1965 843 ctum
2000 799 2261 860 apostataz
2290 791 2608 859 productus,
2655 791 3088 859 compellebatur
3120 793 3400 845 (‘hi-islum

1822 880 2109 951 abnegare,
2129 890 2182 935 et
2214 882 2372 934 idolis
2398 882 2730 936 sacriﬁcare.
2757 878 2861 935 Sed
2889 898 3010 936 cum
3037 881 3102 935 ad
3137 882 3186 934 id
3220 881 3401 934 induci

1822 989 1929 1028 non
1951 984 2156 1043 posset,
2179 975 2308 1041 quin
2331 974 2511 1043 potius
2532 984 2821 1043 tyrannum
2851 989 3045 1027 rursus
3067 975 3399 1042 increparet,

1823 1067 2005 1137 gladio
2029 1076 2194 1134 caput
2217 1068 2262 1120 ci
2290 1076 2639 1136 amputatur:
2663 1078 2824 1138 atque
2860 1067 2931 1120 ita
2963 1066 3224 1132 decessit,
3245 1081 3401 1118 corc-

1825 1175 1949 1214 uam
1978 1160 2514 1224 immarcescibilem,
2563 1161 2838 1229 vitamque
2863 1169 3123 1214 aétcruam
3151 1158 3404 1228 adeptus.

2354 1255 2587 1313 EODEM
2621 1255 2878 1312 MENSE.

2465 1350 2555 1404 Die
2591 1361 2742 1404 sexta

1831 1444 1989 1517 194
2038 1444 2464 1516 Trausﬁguratio
2515 1445 2730 1498 Domini
2793 1443 2965 1497 nostri
3005 1439 3137 1496 Iesu
3185 1439 3408 1495 Christi.

1901 1629 2193 1698 Postquam
2250 1628 2417 1682 multa
2473 1627 2539 1681 de
2568 1626 2848 1696 periculis,
2871 1626 3107 1693 aliisque
3161 1621 3410 1676 molestis

1833 1724 1992 1777 rebus
2043 1722 2107 1774 ad
2163 1720 2454 1788 discipulos
2487 1735 2617 1772 suus
2649 1719 2905 1770 Christus
2953 1716 3327 1774 disseruisset,
3357 1719 3412 1766 et

1835 1817 1946 1868 haec
1975 1813 2192 1882 quidem
2225 1811 2421 1864 essein
2452 1811 2702 1878 prsesenti
2731 1810 2860 1869 vita,
2899 1808 3041 1861 bona
3072 1820 3199 1858 vero
3233 1803 3284 1855 iu
3317 1817 3414 1870 spe

1829 1907 2151 1960 allirmassrt
2173 1949 2185 1970 ,
2211 1905 2399 1957 volens
2428 1903 2494 1955 iis
2549 1903 2948 1962 demonstrare,
2982 1913 3234 1966 quasnam
3267 1905 3415 1948 esset

1829 2001 1916 2052 illa
1953 1999 2144 2066 gloria,
2185 2013 2309 2051 cum
2338 2011 2444 2064 qua
2487 2004 2747 2047 venturus
2792 2000 2927 2054 erat,
2968 1990 3264 2057 assumpsit
3320 2003 3414 2040 eos

1826 2093 1880 2146 in
1911 2101 2148 2145 montem
2186 2089 2464 2141 excelsum
2497 2100 2768 2145 seorsum,
2804 2094 2857 2137 et
2889 2083 3310 2150 transﬁguratus
3335 2089 3418 2132 est

1829 2199 2012 2239 coram
2063 2183 2144 2238 eis
2179 2202 2191 2236 :
2223 2191 2275 2235 et
2327 2179 2658 2249 rcspleuduit
2712 2178 2880 2230 facies
2914 2176 3034 2244 ejus
3087 2174 3231 2227 sicut
3294 2171 3415 2235 ειμι,

1831 2279 2149 2332 vestimenta
2183 2287 2363 2329 autem
2398 2275 2513 2342 ejus
2552 2272 2848 2331 factasuut
2883 2268 3163 2340 splendida
3217 2273 3277 2317 ut
3300 2264 3413 2317 lux.

1829 2369 1895 2423 Et
1928 2378 2298 2437 apparuerunt
2342 2367 2449 2418 illis
2480 2364 2693 2434 Moyses
2763 2371 2816 2416 et
2858 2361 3025 2421 Elias,
3061 2374 3183 2413 cum
3245 2371 3308 2409 co
3341 2359 3414 2407 lo-

1830 2471 2082 2530 quentes.
2107 2459 2241 2512 Tres
2294 2464 2474 2510 autern
2540 2464 2748 2509 tantum
2806 2469 2867 2506 ex
2930 2451 3036 2505 illis
3097 2447 3415 2515 assumpsit,

1831 2563 2092 2622 tanquam
2126 2550 2558 2604 excellentiorcs.
2601 2546 2834 2615 Moysem
2904 2560 3032 2597 vero
3070 2551 3121 2596 et
3153 2539 3325 2592 Eliam
3364 2538 3416 2590 iu

1833 2645 2074 2698 medium
2117 2641 2395 2710 produxit,
2428 2651 2486 2693 ut
2519 2639 2698 2692 minus
2727 2649 2904 2691 rectas
2938 2635 3245 2704 opiniones,
3283 2645 3421 2697 quas

1834 2737 1990 2792 multi
2047 2735 2114 2789 de
2172 2751 2231 2789 se
2290 2734 2584 2797 habebant,
2638 2731 2955 2801 corrigeret.
3011 2727 3143 2780 Nam
3197 2723 3421 2794 quidam

1836 2831 2014 2899 ipsum
2079 2826 2253 2880 Eliam
2307 2825 2583 2887 dicebant,
2617 2823 2705 2877 alii
2759 2819 3092 2874 Jeremiaiu:
3132 2823 3298 2884 atque
3336 2812 3422 2867 id-

1837 2924 1985 2978 circo
2024 2921 2160 2976 istos
2215 2919 2467 2983 adduxit,
2514 2927 2572 2972 ut
2625 2916 2913 2984 discipulis
2938 2911 3269 2973 ostenderet,
3311 2905 3424 2960 dis-

1836 3016 2043 3072 crimen
2106 3027 2227 3067 esse
2273 3013 2416 3067 inter
2478 3026 2668 3066 servos
2714 3018 2767 3063 et
2838 3006 3172 3068 Dominum;
3233 2999 3426 3066 eisque

1837 3106 2218 3178 persuaderet,
2260 3119 2319 3159 se
2382 3103 2578 3159 mortis
2635 3101 2871 3170 vitaeque
2929 3102 3250 3170 petestatem
3322 3091 3427 3146 ha-

1758 3214 1807 3279 c
1839 3203 1991 3258 bere.

2369 3305 2606 3364 EODEM
2632 3301 2888 3360 MENSE.

2439 3399 2535 3454 Die
2574 3401 2806 3467 septima

2093 3495 2370 3552 Certamen
2410 3493 2584 3546 sancti
2627 3489 2858 3543 Domelii
2903 3485 3182 3558 martyris.

1911 3611 2113 3682 Martyr
2150 3609 2350 3664 Christi
2404 3607 2709 3670 Domctius,
2748 3603 3093 3674 tyrannidem
3140 3606 3431 3654 exercente

1838 3703 2058 3758 Juliano
2091 3702 2373 3770 Apostata,
2415 3715 2480 3753 ex
2531 3697 2750 3768 regione
2780 3694 3029 3764 Phrygia:
3080 3690 3200 3745 fuit.
3231 3687 3432 3742 Videns

1844 3791 2022 3848 autem
2048 3792 2359 3861 complures
2400 3799 2634 3860 tyranno
2667 3802 2872 3841 morem
2907 3798 3112 3854 gerere,
3147 3787 3202 3836 et
3229 3780 3282 3834 in
3313 3778 3433 3834 dies

1844 3886 2029 3956 augeri
2077 3899 2264 3939 eorum
2325 3895 2636 3943 numerum,
2684 3877 2776 3948 qui
2818 3876 3095 3932 Christum
3128 3871 3432 3942 ejurarent.

1845 3987 1898 4029 et
1932 3976 2071 4030 idola
2110 3974 2388 4039 colerent;
2421 3972 2648 4025 moleste
2689 3969 2740 4022 id
2783 3967 3010 4027 ferebat,
3043 3965 3230 4018 animo
3270 3976 3437 4031 auge-

1847 4067 2026 4125 hatur,
2082 4077 2411 4130 summaque
2481 4059 2702 4113 tristitia
2772 4055 3129 4110 afﬁciebatur.
3185 4051 3433 4118 Quadam

1847 4158 2012 4226 igitur
2040 4155 2128 4209 die
2161 4169 2285 4207 cum
2323 4153 2431 4206 ludi
2459 4153 2732 4204 circenses
2762 4149 2975 4210 ﬁerent,
2999 4155 3052 4199 et
3100 4142 3434 4198 sacriﬁcium

1851 4246 2146 4301 immundis
2172 4243 2454 4299 daemoniis
2486 4241 2799 4306 oll'errctur,
2821 4240 2871 4292 id
2903 4239 3137 4293 tolerare
3156 4235 3433 4306 nequivit;

1850 4341 1942 4394 sed
1981 4339 2166 4392 divino
2194 4337 2310 4390 zclo
2352 4334 2746 4396 inﬂammatus,
2774 4332 2827 4386 in
2865 4332 3106 4386 medium
3152 4337 3434 4396 spectacu-

1848 4435 1960 4488 lum
1992 4432 2273 4493 exsilicns,
2309 4429 2416 4482 alta
2457 4443 2589 4481 voce
2643 4428 2960 4496 Apostatam
2993 4422 3269 4477 Julianu‘m
3303 4435 3438 4474 ana-

154 4523 311 4590 φωνῇ
353 4518 447 4571 τόν
488 4535 548 4571 τε
574 4519 889 4587 ἀποστάτην
928 4518 1214 4574 Ἰουλιανὺν
1241 4521 1625 4591 ἁνεθεμάτισε,
1649 4526 1734 4576 καλ

1854 4523 2244 4584 thematizavit,
2279 4521 2437 4590 195
2468 4520 2781 4573 idololatras
2813 4516 3182 4588 consputavit,
3214 4523 3268 4568 et
3299 4513 3436 4567 falso

151 4616 282 4676 τοὺς
308 4613 834 4683 εἰδίυλολατροῦντας
859 4614 1168 4679 διέπτυσεν,
1195 4616 1290 4666 καὶ
1319 4617 1444 4678 τοὺς
1470 4617 1744 4685 ψευδωνύ-

156 4724 296 4776 μους
346 4707 505 4768 θεοὺς
555 4706 840 4775 ἐχλεύασε.
893 4707 1206 4776 Κρατηθεὶς
1258 4706 1382 4773 οὖν,
1430 4710 1522 4761 καὶ
1577 4710 1751 4773 δεθεὶς

155 4797 443 4866 ἀσφαλῶς,
470 4796 749 4867 παρεδόθη
777 4795 853 4866 τῷ
872 4797 1114 4868 ἄρχοντι·
1141 4799 1235 4851 καὶ
1256 4799 1458 4863 πολλὰς
1484 4800 1751 4868 βασάνους

157 4890 429 4952 ὑποστὰς,
469 4889 806 4957 ἀπεκλείσθη
841 4891 921 4951 είς
950 4889 1219 4961 φυλακήν.
1253 4893 1362 4944 Καὶ
1398 4892 1535 4961 μετὰ
1565 4892 1752 4959 ὀλίγας

156 4983 377 5051 ἡμέρας
405 4983 505 5051 τῆς
537 4982 787 5049 φυλακῆς
811 4982 1120 5050 ὲκδληθεὶς,
1146 4983 1244 5036 καὶ
1271 4985 1752 5051 καταναγκασθεὶς

157 5072 504 5142 ἀρνήσασθαι
545 5074 637 5126 τὸν
666 5073 922 5143 Χριστὸν,
945 5073 1040 5125 καὶ
1073 5071 1150 5144 μὴ
1182 5073 1450 5140 πεισθεὶς,
1483 5074 1629 5144 ξίφει
1655 5075 1753 5144 τὴν

160 5169 321 5237 ἱερὰν
348 5167 518 5222 αὐτοῦ
554 5166 798 5238 κεφαλὴν
829 5166 1150 5238 ἀπετμήθη.

157 5280 269 5337 Καὶ
313 5281 354 5350 ἡ
385 5279 730 5348 ἀνάμνησις
756 5275 876 5350 τῆς
911 5279 1313 5350 καταλύσεως
1344 5275 1461 5332 τῶν
1505 5276 1756 5347 Περσῶν

666 5349 769 5403 καὶ
810 5348 925 5402 τῶν
973 5349 1255 5418 Ἀϐἁρων.

245 5470 377 5525 Ἐπὶ⁵
407 5468 509 5538 τῆς
556 5466 833 5537 βασιλείας
893 5464 1241 5536 Ἡρακλείου,
1291 5462 1540 5533 Χοσρὸης
1582 5464 1610 5516 ὁ
1649 5461 1758 5516 τῶν

166 5559 403 5632 Περσῶν
446 5557 700 5627 βασιλεὺς
731 5555 1023 5611 ἀπέστειλε
1060 5555 1369 5625 στρατηγὸν
1407 5553 1546 5624 μετά
1595 5553 1759 5605 δυνά-

169 5671 321 5722 μεως
372 5649 579 5718 πολλῆς
624 5649 776 5702 λαοῦ.
832 5647 942 5702 Καὶ
993 5646 1330 5716 κατέστρεψε
1383 5646 1564 5698 πᾶσαν
1622 5645 1758 5698 Ῥω-

169 5746 384 5816 μαῐκὴν
413 5741 714 5797 πολιτείαν.
755 5736 930 5795 Ἦλθε
963 5741 1019 5794 δὲ
1060 5739 1156 5793 καὶ
1196 5743 1224 5793 ὁ
1259 5740 1418 5802 αὐτὸς
1453 5741 1758 5809 στρατηγὸς

170 5841 267 5894 καὶ
317 5838 484 5908 μέχρι
542 5834 906 5905 Χαλκηδόνος,
973 5829 1611 5903 βουλόμενοςκρατῆσαι
1665 5831 1759 5885 καὶ

1853 4617 2076 4672 nomine
2102 4615 2404 4685 appellatos
2430 4613 2574 4666 'deos
2610 4612 2747 4666 risit.
2790 4609 3155 4675 Quamohrem
3184 4620 3436 4676 compre-

1855 4711 2079 4772 hensus,
2143 4708 2420 4774 arctisque
2484 4704 2718 4758 vinculis
2796 4702 3156 4762 constrictus,
3220 4697 3437 4768 ρπεείἀί

1853 4802 2089 4857 traditur
2114 4813 2383 4867 :cumque
2430 4796 2681 4865 plurimis
2717 4793 2999 4864 suppliciis
3058 4799 3236 4846 tortus
3267 4799 3436 4850 esset,

1855 4894 1908 4948 in
1947 4906 2227 4946 carcerem
2280 4887 2612 4957 conjicitur:
2649 4886 2790 4940 unde
2845 4882 3036 4954 paucis
3093 4892 3212 4950 post
3245 4880 3440 4934 diebus

1853 4993 2156 5046 extractus,
2203 4979 2634 5048 compellebatur
2695 4976 2975 5030 Christum
3027 4973 3266 5043 ejurare.
3330 4969 3438 5024 Sed

1855 5095 1979 5135 cum
2013 5079 2064 5131 id
2090 5076 2269 5130 facere
2293 5079 2595 5139 recusaret,
2627 5070 2808 5142 gladio
2839 5082 3054 5124 sacrum
3095 5067 3242 5120 illius
3272 5069 3438 5133 caput

1856 5178 2194 5239 amputatum
2220 5168 2342 5222 fuit.

2001 5283 2071 5338 Et
2106 5282 2357 5338 memoria
2382 5281 2543 5336 ca'dis
2574 5277 2861 5334 Persarum
2898 5286 2947 5333 et
2979 5275 3296 5335 Abarorum.

1930 5461 2182 5518 Heraclio
2223 5459 2551 5528 imperatore
2604 5455 2903 5521 Cliosroes,
2974 5451 3268 5507 Persarum
3341 5461 3438 5503 rex

1860 5555 2056 5608 ducem
2089 5552 2241 5606 misit
2263 5564 2388 5605 cum
2423 5547 2603 5618 magni
2624 5545 2894 5601 exercitus
2925 5541 3144 5607 rubore,
3172 5547 3228 5595 et
3265 5547 3438 5594 totam

1862 5645 2166 5699 Romanam
2221 5641 2483 5696 ditionem
2540 5635 2876 5699 dcvastavit;
2928 5642 3094 5701 atque
3157 5629 3275 5699 ipse
3325 5628 3435 5684 dux

1861 5733 2258 5791 Chalcedonem
2311 5738 2485 5800 usriue
2532 5726 2808 5799 profectus
2857 5731 2960 5787 est,
2994 5720 3244 5790 cogitans
3289 5717 3438 5773 Con-

1864 5824 2275 5895 stantinopolim
2314 5822 2478 5878 etiam
2529 5820 2582 5875 in
2620 5826 2943 5891 potestatem
3003 5814 3264 5884 redigere.
3298 5810 3435 5866 Cum
