4190 6534
725 460 830 522 575

1995 453 2423 514 MENOLOGII
2461 455 2654 514 PARS
2698 457 2816 516 III.
3877 452 3944 514 5'7

724 583 906 628 autem
963 571 1120 627 vellet
1176 569 1454 624 lleraclius
1519 568 1713 624 Persas
1782 567 2105 629 distrahere,
2142 566 2304 634 eique

2437 569 2509 638 ἧς
2545 569 3192 633 Κωνσταντινουπόλεως.
3242 568 3428 622 Θέλων
3475 568 3532 621 δέ
3579 569 3606 619 6
3667 565 3997 636 Ἡράκλειος

732 667 963 720 militum
995 663 1150 731 copia
1179 678 1284 716 non
1307 663 1538 724 adesset,
1569 661 1754 716 relicta
1782 658 2012 714 civitatis
2036 673 2166 711 cura
2194 659 2304 714 tilio

727 773 828 810 suo
865 755 1245 814 Constantino,
1284 752 1424 805 clam
1453 753 1767 821 egreditur;
1803 766 1866 805 ac
1901 750 2082 804 navim
2109 765 2305 804 ascen-

728 852 881 908 deus,
910 847 962 898 in
994 844 1149 898 Ponti
1196 841 1379 898 fauces
1431 843 1626 905 evasit,
1653 842 1832 896 Persis
1861 841 2112 896 occultus
2146 853 2161 895 :
2196 840 2308 894 col-

730 940 976 1005 lectoque
1007 933 1246 988 exercitu
1290 933 1344 986 in
1383 931 1658 986 Persidem
1687 931 1994 993 discedens,
2027 930 2305 998 regionem

727 1028 1015 1082 destruxit.
1048 1024 1261 1080 Certior
1293 1038 1420 1076 vero
1458 1021 1635 1076 factus
1685 1022 1986 1076 Abarorum
2035 1021 2307 1089 princeps,

731 1120 872 1188 quod
905 1117 1186 1172 llcraclius
1215 1118 1264 1169 in
1294 1115 1514 1168 Perside
1537 1125 1701 1177 esset,
1726 1124 1886 1182 rupto
1912 1114 2061 1183 pacis
2088 1112 2310 1175 fcedere,

737 1225 910 1279 usque
949 1207 1014 1260 ad
1068 1221 1285 1260 auream
1332 1203 1550 1258 Portam
1607 1204 1869 1273 pervenit,
1899 1213 1952 1256 et
1987 1202 2188 1257 bellum
2229 1202 2307 1255 in-

737 1303 877 1356 tulit.
907 1299 1198 1353 Ubsidione
1233 1297 1416 1364 itaque
1476 1306 1615 1350 terra
1648 1295 1894 1363 marique
1945 1295 2075 1348 urbs
2130 1295 2314 1362 cinge-

738 1396 914 1447 batur.
942 1392 1010 1442 At
1060 1389 1151 1442 Dei
1201 1390 1432 1458 populus
1469 1398 1520 1440 et
1552 1387 1885 1456 patriarcha,
1923 1386 2156 1455 publicis
2192 1400 2317 1454 pre-

737 1486 891 1537 cibus
925 1480 1212 1540 institutis,
1243 1477 1692 1534 circumferentes
1733 1477 2093 1532 sanctissimaz
2155 1476 2318 1529 Ceni-

738 1572 890 1624 tricis
916 1571 1006 1622 Dei
1036 1569 1349 1639 imaginem,
1385 1569 1570 1620 hostes
1605 1567 2056 1620 exterminarunt.
2086 1563 2161 1616 Ex
2195 1574 2319 1617 tune

738 1680 836 1732 pro
869 1663 1168 1732 gratiarum
1203 1660 1419 1714 actione
1450 1659 1582 1714 urbs
1609 1660 1720 1729 agit
1764 1655 2076 1725 bujusmodi
2111 1655 2318 1724 suppli-

741 1757 1031 1809 tationem.

815 1847 878 1898 Et
931 1846 1378 1900 commemoratio
1459 1843 1834 1914 religiosarutn
1914 1841 2318 1912 impcratricum

745 1939 1041 1994 Pulcheria:
1062 1947 1117 1994 et
1157 1937 1360 1992 lreues.

1261 2052 1491 2105 EODEM
1544 2050 1796 2105 MENSE.

1372 2145 1464 2197 Dic
1501 2154 1690 2198 octava

925 2239 1086 2309 196
1116 2239 1394 2293 Certamen
1434 2239 1608 2290 sancti
1633 2238 1888 2306 martyris
1926 2235 2146 2290 Marini.

819 2353 1018 2408 Christi
1045 2363 1247 2420 martyr
1288 2351 1552 2418 Marinus,
1587 2351 1921 2406 Diocletiano
1969 2352 2324 2422 imperatore,

752 2445 853 2498 fuit
904 2461 967 2499 ex
1000 2444 1266 2497 Anazarbi
1307 2443 1548 2498 civitate.
1597 2443 1940 2499 Christianus
1988 2455 2168 2499 autem
2202 2462 2326 2500 cum

751 2545 918 2596 esset,
952 2536 1263 2604 multosque
1299 2551 1361 2588 ex
1393 2535 1703 2590 intidelibus
1743 2536 1809 2589 ad
1848 2536 2126 2591 Christum
2159 2537 2330 2590 addu-

753 2639 894 2683 ceret
922 2637 973 2682 et
1021 2628 1348 2696 baptizaret,
1388 2626 1742 2681 denuntiatus
1775 2636 1859 2683 est
1914 2628 2056 2697 apud
2107 2627 2326 2697 Lysiam

765 2721 1082 2785 praefectum
1111 2738 1125 2786 ;
1154 2736 1217 2775 ac
1271 2720 1546 2783 detentus,
1577 2729 1739 2787 atque
1773 2730 1895 2774 ante
1942 2720 2117 2790 ipsum
2157 2733 2328 2786 stans,

755 2813 1145 2880 Clu-istumque
1201 2810 1505 2875 confessus,
1565 2811 1791 2866 creditur
1847 2811 2221 2876 vehementer,
2279 2821 2332 2866 et

757 2905 905 2970 gravi
952 2904 1097 2957 ferro
1161 2905 1210 2957 ei
1272 2904 1546 2972 imposito,
1574 2904 1627 2956 in
1687 2919 1960 2959 carcerem
2018 2907 2329 2974 conjicitur.

763 2997 1029 3050 Postridie
1056 2999 1120 3050 ad
1166 2997 1517 3063 quaestionem
1553 2997 1772 3062 ductus,
1811 3009 2143 3067 coactusque
2171 2997 2332 3053 Chri-

761 3099 904 3142 stum
959 3091 1250 3156 abnegare,
1281 3099 1332 3141 et
1365 3088 1525 3142 idolis
1557 3091 1891 3151 sacrificare,
1929 3105 2028 3143 nec
2055 3092 2121 3142 ad
2159 3089 2210 3142 id
2249 3089 2334 3142 in-

762 3181 980 3243 ductus,
1011 3179 1238 3248 pedibus
1279 3179 1382 3234 fuit
1433 3196 1495 3234 ex
1535 3182 1768 3250 equuleo
1804 3197 2124 3251 suspensus.
2153 3181 2336 3250 ﬂagel-

2408 661 2869 730 ἀντιπερισπάσαι
2903 661 3029 721 τοὺς
3076 662 3324 728 Πέρσας,
3358 657 3486 712 λαοῦ
3518 658 3740 728 ἀπορῶν
3765 699 3780 719 ,
3817 674 3992 709 κατα-

2409 751 2581 806 λιπὼν
2610 753 2710 821 τὴν
2741 752 2894 804 πόλιν
2922 751 2998 821 τῷ
3033 751 3132 821 υἱῷ
3158 751 3323 804 αὐτοῦ
3356 750 3774 818 Κωνσταντίνῳ,
3801 747 3995 816 ἐξῆλθε

2409 845 2608 913 λάθρα,
2641 845 2734 896 καὶ
2769 844 2944 912 suae;
2969 846 3048 906 εἰς
3078 844 3293 906 πλοῖον,
3327 843 3388 894 τὸ
3423 841 3611 894 στενὸν
3642 839 3996 910 ἀναδραμὼν,

2413 935 2571 990 ἔλαθε
2615 935 2740 997 τοὺς
2775 936 2993 1006 Πέρσας
3015 974 3028 998 ,
3065 935 3159 986 καὶ
3193 933 3523 1001 συναγαγὼν
3574 932 3705 984 λαὸν
3727 974 3741 996 ,
3768 933 3862 984 καὶ
3913 933 3997 994 εἰς

2413 1027 2650 1099 Περσίδα
2688 1026 2961 1091 ἀπελθὼν,
2989 1025 3223 1096 ἠφάνιζε
3260 1025 3357 1094 τὴν
3391 1025 3596 1094 χώραν.
3633 1023 3838 1078 Μαθὼν
3868 1023 3925 1078 δὲ
3968 1025 4001 1076 6

2413 1118 2524 1172 τῶν
2571 1118 2820 1188 Ἀδάρων
2849 1119 3034 1189 ἄρχων
3068 1118 3159 1170 τὸν
3203 1116 3525 1186 Ἡράκλειον
3572 1118 3627 1168 ἐν
3670 1119 3735 1186 τῇ
3773 1115 4001 1186 Περσίδι

2416 1209 2565 1274 ὄντα,
2596 1210 2766 1272 λύσας
2797 1209 2894 1280 τὴν
2942 1211 3167 1280 εἰρήνην
3192 1249 3206 1270 ,
3238 1205 3369 1279 ἦλθε
3403 1209 3562 1280 μέχρι
3595 1209 3692 1276 τῆς
3725 1208 4000 1277 Χρυσείας

2420 1302 2670 1372 Πόρτης.
2716 1304 2812 1355 καὶ
2863 1302 3142 1370 ἐπολέμει.
3198 1301 3599 1371 Ἐπολιορκείτο
3643 1296 3734 1354 οὖν
3767 1302 3800 1370 ἡ
3844 1300 4001 1363 πόλις

2419 1393 2504 1445 διά
2543 1411 2602 1444 τε
2638 1395 2739 1462 γῆς
2776 1395 2866 1446 καὶ
2902 1393 3196 1462 θαλάσσης.
3260 1394 3424 1448 Ἀλλά
3473 1393 3792 1456 λιτανεύσας
3833 1395 3861 1445 6
3905 1392 4006 1444 τοῦ

2421 1484 2558 1536 Θεοῦ
2588 1484 2738 1547 λαὸς,
2773 1487 2865 1538 καὶ
2893 1487 2920 1536 6
2967 1485 3317 1556 πατριάρχης
3341 1525 3354 1550 ,
3392 1484 3753 1554 βαστάζοντες
3779 1485 3877 1553 τὴν
3924 1485 4009 1535 εἰσ

2422 1574 2553 1626 κόνα
2589 1577 2687 1642 τῆς
2732 1574 3041 1644 ὑπεραγίας
3086 1575 3351 1628 Θεοτόκου
3375 1617 3389 1640 ,
3423 1575 3656 1644 ἠφάνισε
3687 1575 3815 1635 τοὺς
3848 1573 4011 1624 πολε-

2427 1665 2601 1732 μίους.
2657 1665 2886 1717 Ἔκτοτε
2932 1665 2990 1718 δέ
3042 1664 3443 1736 εὐχαριστοῦσα
3486 1667 3520 1736 ή
3570 1665 3725 1726 πόλις
3767 1663 4014 1717 ἐπιτελεῐ

2423 1754 2521 1824 τὴν
2556 1755 2813 1826 τοιαύτην
2841 1757 3017 1828 λιτήν.

2496 1854 2605 1904 Καὶ
2640 1855 2744 1924 μνὴ
2755 1873 2830 1924 μη
2871 1853 2979 1908 τῶν
3008 1856 3249 1910 εὐσεϐῶν
3285 1855 3616 1926 βασίλισσῶν
3651 1853 4012 1925 Πουλχερίας,

2428 1941 2520 1992 καὶ
2551 1941 2806 2013 Εἰρήνης.

2957 2055 3138 2110 MHNI
3174 2056 3260 2129 Tn
3297 2057 3496 2129 ΑΥἸᾩ.

3207 2147 3269 2202 Η,

2577 2239 2860 2304 Ἀθνίησις
2902 2239 3006 2294 τοῦ
3039 2239 3211 2308 ἁγίου
3241 2239 3546 2308 μάρτυρος
3573 2239 3863 2306 Marii-0v.

2513 2351 2572 2402 '0
2602 2349 2694 2403 τοῦ
2729 2351 2965 2422 Χριστοῦ
3001 2353 3211 2422 μάρτυς
3259 2353 3503 2423 Μαρίνος
3547 2353 3756 2423 ὑπῆρχε
3787 2354 3886 2422 μὲν
3919 2353 4017 2406 ἐπὶ

2430 2445 2528 2514 τῆς
2571 2443 2845 2513 βασιλείας
2887 2445 3315 2515 Διοκλητιανοῦ,
3365 2447 3429 2498 ἐκ
3474 2447 3573 2514 τῆς
3602 2445 3809 2509 πόλεως
3857 2446 4016 2498 Ἀνα-

2433 2538 2659 2607 ξάρῦου.
2689 2539 3017 2609 Χριστιανὸς
3047 2539 3102 2591 δὲ
3132 2537 3228 2601 ὢν,
3261 2540 3354 2592 καὶ
3386 2537 3611 2601 πολλοὺς
3638 2538 3747 2590 τῶν
3767 2538 4015 2590 ἀπίστων

2434 2629 2729 2698 προσάγων
2763 2629 2840 2700 τῷ
2870 2629 3123 2701 Χριστῷ,
3160 2630 3254 2684 καὶ
3299 2628 3610 2700 βαπτίζων,
3657 2628 4012 2697 κατεμηνύθη

2434 2721 2511 2790 τῷ
2552 2723 2782 2792 ἡγεμόνι
2832 2723 3027 2795 Λυσίᾳ.
3082 2723 3193 2776 Καὶ
3246 2723 3542 2794 κρατηθεὶς
3577 2722 3672 2774 καὶ
3727 2720 4015 2786 παραστὰς

2435 2813 2667 2866 ἐνώπιον
2692 2813 2881 2879 αὐτοῦ,
2915 2815 3008 2867 καὶ
3035 2815 3126 2867 τὸν
3161 2814 3396 2884 Χριστὸν
3417 2812 3773 2885 ὁμολογήσας,
3810 2810 4016 2878 metu;

2438 2904 2707 2975 σφοδρῶς.
2734 2906 2844 2958 Καὶ
2879 2907 3076 2977 σίδηρα
3108 2907 3280 2978 βαρέα
3308 2906 3633 2977 περιτεθείς,
3655 2907 3731 2966 εἰς
3769 2904 4017 2972 φυλακὴν

2438 2997 2699 3067 ἐνεδλήθη
2728 3039 2742 3062 ,
2776 2999 2870 3051 καὶ
2919 3001 2984 3069 τῇ
3023 2997 3150 3068 ἑξῆς
3204 2998 3390 3067 ἀχθεὶς
3431 2999 3511 3061 εἰς
3566 2997 3868 3066 ἐρώτησιν,
3924 2996 4018 3046 καὶ

2440 3089 2802 3156 ἀναγκασθεὶς
2829 3089 3172 3158 ἀρνήσασθαι
3195 3088 3286 3140 τὸν
3311 3087 3566 3154 Χριστὸν,
3595 3087 3688 3138 καὶ
3718 3085 3878 3137 θῦσαι
3907 3086 4017 3144 τοῖς

2442 3179 2680 3241 εἰδώλοις
2703 3220 2716 3244 ,
2741 3180 2835 3234 καὶ
2861 3181 2936 3249 μὴ
2966 3179 3232 3244 πεισθεὶς,
3258 3179 3575 3249 ἐκρεμάσθη
3605 3179 3667 3230 ἐκ
3699 3177 3808 3228 τῶν
3842 3176 4019 3228 ποδῶν

767 3272 940 3338 lisque
974 3282 1234 3324 contusus
1262 3287 1276 3334 ;
1302 3271 1642 3340 lampadibus
1663 3271 1857 3325 deinde
1883 3283 2109 3325 exustus
2129 3311 2144 3334 ,
2177 3281 2326 3338 atque

2445 3273 2538 3324 ἐπὶ
2571 3239 2751 3336 ξύλου,
2787 3239 2882 3325 καί
2909 3239 3345 3343 κατεκόπη-ταῖς
3382 3239 3653 3341 μάστιξιν.
3689 3264 3821 3322 Εἶτα
3853 3283 4019 3320 κατε-

767 3361 832 3412 ;;‹ἰ
869 3373 1174 3414 extremum
1205 3376 1378 3429 usque
1401 3361 1650 3429 spiritum
1681 3362 1733 3414 in
1763 3361 1965 3415 Christi
1995 3360 2342 3415 confessione

770 3453 1082 3522 persistens,
1112 3453 1278 3522 gladii
1310 3455 1634 3508 sententiam
1678 3454 1882 3514 subiit;
1919 3463 1972 3508 et
2007 3467 2157 3508 extra
2210 3455 2344 3509 civi-

770 3556 933 3600 tatem
996 3552 1264 3612 raptatus,
1317 3560 1474 3599 sacro
1533 3545 1706 3613 capite
1765 3545 2162 3611 obtruncatur;
2222 3545 2343 3614 ejus

773 3653 900 3689 vero
959 3637 1188 3689 cadaver
1237 3637 1464 3692 canibus
1521 3637 1827 3691 vorandum
1886 3637 2214 3707 projectum,
2255 3653 2345 3692 se-

774 3730 1004 3794 pulturae
1051 3744 1079 3781 a
1128 3727 1366 3784 Xanthio
1419 3729 1656 3799 quodam
1716 3731 1805 3799 pio
1863 3731 1980 3784 viro
2019 3730 2123 3785 fuit
2173 3731 2342 3786 tradi-

775 3833 909 3874 tum.

777 3935 846 3988 1ιί
877 3946 1139 3990 certamen
1186 3937 1363 3990 sancti
1407 3935 1586 3990 Patris
1635 3938 1807 4018 nostri
1840 3935 2126 3990 A'Intiliani
2165 3935 2347 4006 (ἶνεῑεὶ

1438 4023 1684 4073 episcopi.

848 4119 1080 4174 Sanctus
1110 4121 1268 4174 Pater
1322 4130 1507 4174 noster
1555 4127 1608 4171 et
1661 4135 1892 4187 magnus
1941 4135 2093 4173 sacer
2143 4129 2349 4191 martyr

778 4221 940 4280 atque
1007 4211 1290 4264 confessor
1369 4209 1697 4264 (Emilianus
1763 4211 2098 4279 temporibus
2158 4226 2348 4265 eorum

775 4303 981 4356 exstitit
1010 4303 1418 4370 imperatorum,
1453 4302 1545 4371 qui
1579 4301 1907 4370 imaginibus
1947 4314 2099 4354 erant
2129 4302 2348 4364 infensi,

776 4394 954 4464 (Iyzici
998 4394 1301 4461 episcopus.
1355 4392 1471 4445 Non
1532 4392 1732 4460 pietate
1784 4392 1944 4446 modo
1996 4402 2048 4445 et
2103 4393 2348 4456 scientia,

777 4485 1094 4553 ceterisque
1140 4484 1420 4546 institutis,
1441 4498 1563 4552 qua:
1596 4483 1736 4536 veris
1790 4493 1917 4536 sunt
1942 4483 2102 4553 digna
2134 4484 2352 4552 pontifi-

2446 3365 2554 3432 κάη
2595 3365 2846 3434 λαμπάσι
2870 3381 2884 3395 ο
2927 3365 3021 3418 καὶ
3059 3365 3222 3433 μέχρι
3251 3362 3568 3424 τελευταίας
3602 3360 3881 3428 ἀναπνοῆς
3917 3361 4019 3428 ἑμ-

2449 3459 2638 3526 μείνας
2668 3462 2732 3526 τῇ
2766 3460 2844 3520 εἰς
2876 3456 3110 3526 Χριστὸν
3141 3456 3405 3525 ὁμολογία
3429 3493 3444 3516 ,
3476 3453 3634 3505 ἔλασε
3672 3451 3769 3522 τὴν
3805 3451 3892 3503 διὰ
3925 3449 4018 3503 τοῦ

2448 3549 2636 3618 ξίφους
2674 3550 2975 3620 ἀπόφασιν.
3017 3550 3128 3603 Καὶ
3165 3548 3447 3611 ἐλκυσθεὶς
3481 3547 3586 3612 ἔξω
3628 3545 3726 3614 τῆς
3769 3545 3981 3606 πόλεως
4003 3581 4021 3607 ο

2445 3643 2544 3713 τὴν
2569 3641 2720 3712 ἱεράν
2748 3642 2991 3712 κεφαλὴν
3013 3642 3177 3695 αὑτοῦ
3208 3641 3523 3710 ἀπετμήθη.
3548 3639 3621 3692 Τὸ
3646 3637 3700 3690 δὲ
3734 3638 3894 3705 σῶμα
3924 3637 4024 3688 αὖ·

2446 3735 2538 3786 τοῦ
2583 3733 2739 3803 ῥιφὲν
2768 3735 2879 3796 τοῖς
2918 3732 3078 3786 κυσὶν
3111 3734 3188 3794 εἰς
3222 3731 3423 3802 βρῶσιν
3444 3771 3459 3798 ,
3489 3728 3595 3782 ὑπὸ
3617 3727 3844 3780 Ξανθίου
3878 3725 4025 3787 τινὸς

2449 3824 2710 3886 εὐλαῦοῦς
2742 3825 3012 3894 παρεδόθη
3049 3827 3215 3894 ταφῇ.

2451 3939 2559 3992 Καὶ
2591 3938 2845 4004 ἄθλησις
2875 3938 2981 3990 τοῦ
3013 3939 3186 3990 ὁσίου
3217 3934 3444 4004 Πατρέες
3475 3933 3645 4003 ἡμῶν·
3671 3933 4025 4002 Αἰμιλιανοῦ

2913 4008 3252 4061 ἐπισκόπου
3284 4004 3492 4064 Κυζῖκο
3502 4023 3555 4057 v.

2488 4117 2490 4120 ’
2524 4119 2840 4189 Αἰμιλιανὸς
2866 4120 2894 4170 6
2923 4120 2978 4170 ὲν
3006 4117 3180 4184 ἁγίοις
3217 4115 3402 4186 Πατὴρ
3434 4115 3589 4184 ήμῶν
3615 4113 3710 4167 καὶ
3743 4115 3917 4182 μέγας
3950 4116 4030 4166 ἱε-

2457 4212 2758 4282 ρομάρτυρ,
2793 4211 2887 4263 καλ.
2929 4207 3290 4278 ὁμολογητὴς,
3333 4203 3400 4266 ἦν
3433 4206 3530 4275 μὲν
3561 4205 3787 4258 ἐπὶτῶν
3819 4205 4030 4275 χρόνων

2452 4305 2562 4356 τῶν
2612 4301 2983 4372 εἰκονομάχων
3040 4300 3326 4370 βασιλέων,
3355 4299 3653 4359 ἐπίσκοπος
3679 4298 3783 4366 τῆς
3818 4298 4032 4361 πόλεως

2457 4393 2719 4457 Κυζίκουο
2750 4393 3015 4463 διέλαμπε
3046 4391 3103 4445 δέ
3135 4392 3196 4443 οὑ
3231 4390 3390 4460 μόνον
3418 4388 3672 4460 εὐσεϐείᾳ
3699 4390 3792 4440 καὶ
3828 4387 4033 4454 γνώσει

2455 4487 2550 4539 καὶ
2578 4488 2641 4555 τῇ
2673 4485 2834 4552 λοιπῇ
2860 4483 3192 4535 καταστάσει
3223 4480 3514 4551 πρεπούσῃ
3536 4483 3646 4542 τοῖς
3671 4479 3839 4540 ὅντως
3864 4480 4032 4547 ἀρχι-

779 4577 958 4640 cibus,
985 4577 1075 4630 sed
1120 4575 1493 4630 misericordia
1522 4575 1683 4627 etiam
1713 4590 1839 4642 erga
1886 4589 2167 4643 pauperes,
2195 4590 2312 4628 cam

2453 4577 2690 4648 ερεῦσιν,
2728 4574 2862 4628 ἀλλὰ
2897 4576 2990 4626 καὶ
3020 4572 3381 4642 ἐλεημοσύνη,
3415 4573 3510 4622 καὶ
3551 4569 3886 4640 συμπαθείᾳ,
3920 4585 4031 4637 μα-

783 4669 1156 4730 miseratione,
1182 4667 1610 4735 longanimitate,
1645 4681 1708 4718 ac
1756 4665 2083 4734 benignitate
2119 4664 2344 4718 refulsit.

782 4761 944 4816 Zelus
973 4759 1045 4814 illi
1078 4759 1297 4812 divinus
1345 4766 1463 4812 erat
1494 4773 1590 4826 pro
1651 4757 1753 4810 lide
1820 4756 2145 4816 orthodoxa,
2179 4754 2350 4809 ﬁden-

783 4862 973 4921 terque
1025 4851 1205 4904 verbis
1269 4864 1364 4903 eos
1404 4847 1816 4916 perstringebat,
1880 4847 1972 4916 qui
2010 4847 2350 4911 adoratione,

782 4955 836 4996 et
868 4945 1071 4995 honore
1123 4954 1308 4994 sacras
1365 4940 1628 5006 imagines
1677 4939 1901 4992 minime
1941 4938 2352 5008 prosequeban-

785 5048 894 5097 tur,
929 5033 1214 5086 haareticos
1260 5031 1406 5100 ipsos
1429 5030 1730 5099 appellans,
1754 5039 1914 5099 atque
1943 5031 2142 5085 Christi
2171 5031 2355 5084 inimi-

784 5143 898 5180 cos.
925 5125 1145 5178 Delatus
1173 5125 1354 5192 itaque
1385 5138 1414 5176 a
1443 5123 1684 5177 veritatis
1710 5123 1957 5178 hostibus
1980 5124 2120 5192 apud
2152 5123 2353 5178 Christi

787 5217 1159 5271 adversarium
1214 5214 1598 5284 imperatorem
1655 5214 1914 5278 Leonem,
1974 5214 2352 5282 detentusque,

788 5310 853 5360 ad
887 5320 1012 5360 eum
1049 5304 1264 5357 vinctus
1302 5303 1622 5368 adducitur;
1657 5313 1817 5370 atque
1848 5303 2150 5356 innumeris
2184 5303 2358 5370 primo

790 5399 1066 5467 subjectus
1099 5396 1558 5456 atllictationibus.
1592 5405 1775 5464 postea
1812 5397 1982 5463 patris
2020 5395 2218 5448 finibus
2264 5410 2360 5448 ex-

794 5492 1134 5556 terminatus,
1163 5489 1426 5559 plurimas
1459 5503 1750 5558 perpessus
1804 5489 1856 5541 in
1891 5489 2086 5542 exsilio
2118 5487 2360 5541 vexatio-

793 5598 909 5646 nes,
941 5589 1352 5637 consummatus
1374 5589 1478 5636 est.

804 5711 958 5783 197
1017 5709 1084 5763 Et
1119 5711 1370 5763 memoria
1401 5709 1573 5763 sancti
1631 5707 1812 5761 Patris
1835 5709 2007 5761 nostri
2066 5706 2366 5762 Theodosii.

872 5857 1103 5911 Sanctus
1155 5855 1314 5912 Pater
1366 5867 1549 5912 noster
1588 5854 1928 5911 Theodosius
1962 5871 1988 5909 a
2022 5855 2232 5911 tenellis
2263 5872 2359 5908 un-

2455 4666 2726 4739 κροθυμίᾳ
2746 4684 2805 4719 τε
2835 4667 2926 4719 καὶ
2949 4665 3296 4735 χρηστότητι.
3323 4661 3449 4732 Εῐχε
3471 4662 3526 4714 δέ
3552 4662 3644 4714 καὶ
3667 4662 3828 4728 ζῆλον
3853 4661 4036 4713 θξῖκδν

2455 4760 2726 4833 ὑπὲρπῆς
2757 4758 3037 4829 ὀρθοδόξου
3069 4758 3327 4817 πίστεως’
3354 4756 3445 4807 καὶ
3468 4754 3711 4807 διέσαλλε
3744 4755 4036 4824 παρρησία

2454 4852 2580 4912 τοὺς
2618 4849 2692 4919 μὴ
2739 4847 3182 4918 προσκυνοῦντας
3209 4887 3223 4908 ,
3275 4848 3369 4900 καὶ
3411 4845 3688 4913 τιμῶντας
3728 4845 3825 4906 τὰς
3865 4846 4036 4910 ἁγίας

2456 4941 2668 5002 εἰκόνας
2689 4983 2703 5006 ,
2740 4942 3047 5010 αἰρετικοῦς
3083 4941 3278 5002 αὐτοὺς
3310 4939 3634 4998 ἀποκαλῶν.
3670 4937 3768 4990 καὶ
3801 4938 4035 5007 ἐχθροὺς

2456 5030 2550 5084 τοῦ
2579 5030 2837 5101 Χριστοῦ.
2871 5031 3193 5100 Διαδληθείς
3219 5026 3312 5083 οὖν
3346 5031 3424 5098 τῷ
3451 5029 3789 5100 μισοχρίστῳ
3822 5029 4036 5096 βασιλεί

2457 5123 2646 5176 Λέοντι
2683 5123 2832 5193 παρά
2857 5122 2965 5174 τῶν
2989 5123 3106 5191 {vi};
3139 5121 3398 5192 ἀληθείας
3440 5120 3683 5190 ἐχθρῶν,
3711 5121 4032 5190 κρατηθεὶς,

2460 5215 2598 5284 ἤχθη
2650 5215 2869 5282 δέσμιος
2921 5214 3056 5282 πρὸς
3094 5213 3277 5266 αὐτόν.
3323 5213 3433 5265 Καὶ
3476 5212 3698 5281 μυρίαις
3754 5211 4037 5264 κακὼσεσι

2459 5307 2894 5374 καθυποδληϐεἱς
2927 5308 3190 5376 πρότερον
3211 5347 3226 5366 ,
3261 5305 3491 5373 ὕστερον
3519 5302 3849 5373 ἐξορισθεὶς,
3881 5303 3938 5354 ἐν
3968 5305 4035 5371 τῇ

2461 5397 2645 5467 ἐξορίᾳ
2690 5396 2916 5449 πολλοὺς
2960 5398 3300 5466 πειρασμοὺς
3345 5395 3678 5465 ὑπομείνας,
3715 5392 4032 5462 ἐτελειώθη.

2462 5711 2572 5767 Καὶ
2609 5714 2816 5782 μνήμη
2853 5712 2959 5766 τοῦ
2992 5710 3166 5767 ὁσίου
3201 5709 3430 5778 Πατρές
3476 5708 3644 5778 ἡμῶν
3683 5707 4031 5762 Θεοδοσίου.

2536 5859 2811 5920 Θεοδόσιος
2842 5859 2869 5910 6
2909 5859 2969 5910 ἐν
3016 5856 3190 5924 ἁγίοις
3239 5855 3422 5926 Πατήρ
3468 5855 3662 5927 ἡμῶν,
3710 5853 3768 5920 ἐξ
3802 5851 4030 5908 ἁπαλῶν
