4190 6534
723 457 827 522 579

1990 447 2413 510 MENOLOGII
2451 445 2642 506 PARS
2677 446 2735 506 ΙΙ
2743 445 2792 506 Ι.

3875 446 3980 509 580

720 587 838 637 eos,
884 579 1044 641 atque
1094 569 1380 625 honestate
1426 565 1721 623 excellens.
1771 563 2066 634 Postquam
2118 571 2299 616 autem

2408 561 2582 620 αὖτοῖ,
2600 561 2659 612 ἐν
2681 560 2829 629 πάσῃ
2845 558 3012 631 ἀρετῇ
3032 558 3126 611 καὶ
3143 557 3488 629 κοσμιότητι.
3526 557 3583 610 Ἐ
3593 557 3680 611 πελ
3696 557 3752 611 δὲ
3780 558 3983 624 Ἰούδας

720 663 891 718 Judas
949 660 1262 727 lscariotes,
1295 659 1390 730 qui
1421 674 1486 714 ex
1519 655 1804 712 duodecim
1841 663 1962 709 erat
1989 653 2295 722 discipulis,

723 764 941 825 propter
968 751 1250 806 avaritiam
1303 750 1595 805 Dominum
1628 757 1876 802 nostrum
1903 745 2086 800 Jesum
2134 742 2292 797 Chri-

721 859 866 903 stum
917 844 1118 899 Judaeis
1163 843 1366 897 invidia
1423 841 1643 912 repletis
1695 837 1957 909 prodidit,
2011 838 2300 908 ipsumque

722 938 959 992 intuitus
995 937 1061 991 ad
1088 935 1288 990 caedem
1321 949 1492 1004 usque
1520 930 1750 1000 ﬂagellis
1785 940 2074 986 contusum
2109 927 2300 982 abiens

721 1030 826 1084 sibi
869 1041 1093 1081 mortem
1124 1027 1318 1096 laqueo
1339 1024 1669 1089 consceivit;
1704 1022 2060 1076 duodecimns
2106 1034 2299 1073 nume-

723 1138 818 1176 rus
852 1121 952 1174 fuit
995 1121 1317 1174 diminutns.
1348 1117 1487 1171 'l'um
1547 1116 1743 1172 Petrus
1790 1132 1893 1170 una
1941 1130 2064 1170 cum
2113 1115 2298 1169 decem

722 1213 1030 1283 discipulis,
1065 1211 1159 1281 qui
1191 1225 1314 1264 cum
1355 1210 1472 1280 ipso
1496 1218 1670 1276 erant,
1711 1207 2112 1278 precationibus
2138 1206 2301 1259 insis-

722 1314 868 1368 tens,
896 1305 1042 1359 misit
1072 1311 1249 1358 sortes
1283 1316 1297 1356 :
1333 1317 1386 1357 et
1419 1303 1614 1358 cecidit
1666 1317 1785 1355 sors
1807 1314 1970 1370 super
1998 1298 2297 1362 Matthiam,

719 1406 772 1450 et
806 1397 1198 1450 adnumeratus
1235 1407 1318 1452 est
1376 1413 1497 1450 cum
1545 1395 1794 1449 undecim
1851 1393 2128 1462 Apostolis
2182 1392 2301 1446 loco

719 1484 874 1540 .ludae
928 1486 1224 1542 lscariotat.
1271 1485 1404 1540 Post
1461 1487 1576 1540 haee
1627 1487 1680 1538 in
1727 1485 1973 1538 ulteriori
2019 1482 2298 1552 Ethiopia

717 1579 1024 1647 prmdicans
1077 1577 1448 1646 Evangelium,
1503 1587 1666 1645 atque
1712 1576 1916 1630 multos
1963 1576 2296 1636 illuminans,

721 1671 977 1724 detentus
1031 1670 1099 1724 ab
1131 1669 1464 1734 inﬁdelibus,
1502 1679 1554 1722 ct
1613 1669 1906 1738 plurimum
1959 1681 2152 1733 caesus,
2189 1665 2299 1720 Deo

721 1761 946 1814 tradidit
977 1760 1249 1830 spiritum.

723 1873 884 1943 199
913 1872 977 1926 Et
1029 1885 1291 1928 certamen
1341 1873 1511 1953 δαηριὶ
1554 1871 1807 1942 martyris
1863 1869 2075 1924 Juliani
2129 1880 2176 1924 et
2212 1885 2299 1922 so-

1394 1958 1619 1996 olorum.

790 2077 856 2133 Hi
936 2080 1262 2148 imperatore
1331 2077 1514 2132 Leone
1551 2076 1952 2134 ~.lconomaclto
2032 2075 2295 2130 claruere.

722 2171 859 2226 Cum
889 2187 1020 2226 vero
1045 2171 1361 2226 orthodoxae
1407 2170 1529 2222 lidei
1565 2177 1768 2236 essent,
1803 2167 2084 2238 Deumque
2138 2169 2298 2221 time-

721 2272 865 2329 rent,
892 2275 943 2317 et
967 2263 1308 2316 venerabiles
1353 2261 1564 2315 honore
1596 2272 2058 2328 prosequerentur
2105 2259 2300 2329 imagi-

721 2374 843 2424 nes,
897 2357 1218 2428 martyrium
1269 2354 1542 2410 obicrunt.
1596 2353 2104 2406 Animadvertentes
2152 2352 2296 2406 enim

721 2451 874 2503 illum
899 2464 930 2503 a
959 2457 1277 2504 sanctarum
1311 2445 1611 2515 imaginum
1660 2443 1984 2498 adoratione
2021 2458 2297 2509 aversum,

723 2551 886 2610 atque
918 2556 1012 2595 eas
1043 2540 1168 2610 igne
1213 2539 1524 2599 absumere,
1553 2536 1728 2590 zelum
1759 2549 1826 2590 ex
1871 2537 1978 2589 hoc
2029 2534 2302 2604 concipie-

722 2635 875 2696 bant,
922 2645 1158 2686 mmrore
1223 2628 1703 2684 contabescentes.
1759 2629 1831 2680 At
1880 2639 2002 2681 cum
2059 2626 2302 2680 viderent

722 2725 1089 2779 venerandam
1121 2721 1283 2777 etiam
1317 2720 1515 2774 Christi
1554 2717 1869 2788 imaginem,
1895 2732 2014 2787 quae
2043 2717 2097 2770 in
2134 2716 2300 2772 Erea

725 2827 881 2884 porta
930 2813 1202 2875 exstabat,
1235 2808 1698 2880 eﬂringi,mgrum
1767 2805 1934 2860 animi
1971 2821 2190 2861 sensum
2246 2806 2300 2862 in

727 2901 966 2956 medium
1029 2900 1409 2970 protulerunt;
1461 2907 1517 2951 et
1568 2906 1784 2966 arrepto
1854 2897 2154 2965 spathario,
2208 2897 2304 2966 qui

728 2995 955 3057 scalam,
999 2992 1224 3063 elligiem
1308 2991 1710 3054 destructurus,
1769 2989 2122 3054 ascendebat,
2177 3004 2302 3043 eum

729 3102 834 3141 uua
861 3101 982 3139 cum
1029 3086 1173 3139 scala
1205 3084 1543 3153 dejicientes,
1591 3079 2016 3147 interfecerunt;
2044 3089 2204 3151 atque
2235 3082 2302 3136 ad

726 3177 864 3231 iram
895 3187 1169 3232 commoto
1214 3189 1468 3247 tyranno,
1501 3175 1596 3230 alii
1645 3175 1863 3243 quidem
1913 3175 2094 3228 statim
2125 3173 2305 3244 gladio

2406 655 2435 706 ὁ
2479 651 2858 722 Ἰσκαριώτης,
2894 645 2975 713 εἷς
3002 650 3262 721 ὑπάρχων
3284 650 3393 704 τῶν
3420 649 3629 705 δώδεκα
3680 652 3940 724 μαθητῶν
3967 693 3982 716 ,

2407 743 2495 798 διὰ
2519 743 2886 815 φιλαργυρίαν
2913 743 3202 813 παρέδωκε
3229 743 3320 796 τὸν
3345 743 3552 815 Κύριον
3580 744 3740 814 ἡμῶν
3773 746 3984 813 Ἰησοῦν

2408 835 2642 907 Χριστὸν
2668 837 2781 898 τοῖς
2815 834 3010 902 φθόνου
3044 835 3500 906 πεπληρωμένοις
3545 837 3845 899 Ἰουδαίοις·
3889 842 3985 890 καὶ

2411 926 2536 982 ἰδών
2558 929 2640 980 ὅτι
2660 930 2724 997 ἐφ
2734 926 3047 998 ραγελλώθη
3068 928 3205 998 πρὸς
3231 929 3290 980 τὸ
3315 928 3711 998 θανατωθῆναι,
3734 931 3986 982 ἀπελθὼν

2407 1022 2717 1093 ἀπήγξατο,
2743 1021 2988 1074 ἐνέλιπεν
3010 1023 3039 1075 ὁ
3073 1021 3305 1091 ἀριθμὸς
3324 1021 3432 1075 τῶν
3457 1023 3687 1076 δώδεκα.
3714 1025 3823 1077 Καὶ
3856 1043 3985 1077 στα-

2409 1115 2522 1177 θεὶς
2573 1117 2654 1178 είς
2705 1113 3015 1186 προσευχὴν
3057 1115 3085 1167 ὁ
3131 1116 3334 1186 Πέτρος
3371 1116 3510 1187 μετὰ
3556 1119 3663 1170 τῶν
3700 1119 3796 1171 σὺν
3834 1119 3987 1189 αύτῷ

2408 1206 2542 1259 δέκα
2575 1206 2860 1277 μαθητῶν,
2896 1208 3057 1260 ἔϐαλε
3087 1207 3308 1279 κλῆρον,
3343 1210 3435 1263 καὶ
3463 1210 3626 1264 ἔπεσε
3658 1212 3859 1282 κλῆρος
3892 1216 3987 1265 ἐπὶ

2408 1299 2695 1366 Ματθίαν,
2750 1301 2847 1352 καὶ
2903 1300 3388 1372 συγκατεψηφίσθη
3447 1305 3587 1372 μετὰ
3629 1304 3738 1357 τῶν
3787 1306 3986 1359 ἕνδεκα

2411 1391 2729 1444 ἀποστόλων
2789 1392 2911 1445 ἀντὶ
2954 1393 3123 1447 Ἰούδα
3153 1393 3246 1447 τοῦ
3293 1393 3638 1464 Ἰσκαριώτου
3661 1395 3694 1429 θ’
3717 1401 3810 1451 καὶ
3845 1400 3988 1467 μετᾶ

2409 1483 2579 1536 ταῦτα
2616 1485 2855 1554 κηρύξας
2900 1485 2957 1537 τὸ
2987 1487 3317 1554 Εὐαγγέλιον
3351 1489 3408 1541 ἐν
3443 1491 3510 1559 τῇ
3552 1489 3656 1552 ἐξω
3703 1491 3982 1562 Αἰθιοπίᾳ·

2410 1575 2504 1626 καὶ
2541 1576 2770 1640 πολλοὺς
2801 1579 3073 1644 φωτίσας,
3109 1580 3408 1649 κρατηθεὶς
3439 1582 3544 1634 ὑπὸ
3571 1584 3679 1635 τῶν
3713 1585 3983 1647 ἀπίστων,

2408 1667 2503 1719 καί
2532 1667 2759 1720 πλεῖστα
2795 1669 3041 1736 τυφθεὶς,
3080 1669 3158 1741 τῷ
3189 1670 3308 1741 Θεῷ
3337 1673 3399 1724 τὸ
3447 1672 3662 1744 πνεῦμα
3687 1675 3981 1746 παρέθετο.

2409 1871 2514 1924 Kal
2560 1871 2821 1939 ἄθλησις
2865 1874 2982 1945 τοῦ
3029 1875 3199 1943 ἁγίου
3272 1877 3575 1945 μάρτυρος
3632 1881 3972 1940 Ἰουλιανοὗ

2778 1942 2880 1995 καί
2920 1943 3027 2011 τῆς
3059 1942 3365 2013 συνοδίας(
3387 1942 3596 2006 αὐτοῦ.

2470 2066 2630 2128 Οὗτοι
2667 2075 2910 2146 ὑπῆρχον
2938 2078 3029 2129 ἐπὶ
3070 2079 3166 2147 τῆς
3205 2079 3482 2149 βασιλείας
3507 2085 3732 2150 Λέοντος
3765 2089 3858 2142 τοῦ
3892 2092 3986 2143 ΕΞ-

2401 2165 2730 2236 κονομάχου.
2759 2168 2950 2230 Ὄντες
2981 2169 3036 2222 δὲ
3065 2169 3360 2240 ὀρθόδοξοι,
3392 2176 3486 2228 καὶ
3506 2177 3596 2229 τὸν
3621 2178 3753 2232 Θεὸν
3783 2181 3987 2248 φοϐού-

2403 2273 2575 2325 μενοι,
2607 2259 2702 2310 καὶ
2731 2259 2830 2322 τὰς
2859 2261 3046 2330 τιμίας
3083 2263 3298 2326 εἰκόνας
3332 2265 3620 2334 τιμῶντες,
3660 2270 3984 2341 ἐμαρτύρη-

2403 2364 2521 2402 σαν.
2575 2349 2842 2419 Ὀρῶντες
2871 2351 2979 2424 γὰρ
3009 2352 3172 2405 αὑτὸν
3210 2353 3308 2423 τὴν
3348 2356 3459 2409 τῶν
3505 2359 3719 2413 σεπτῶν
3757 2362 3986 2414 εἰκόνων

2402 2441 2775 2512 προσκύνησιν
2801 2443 3301 2515 ἀποστρεφόμενον,
3329 2449 3421 2500 καὶ
3449 2449 3618 2513 αὐτὰς
3650 2455 3782 2522 πυρὶ
3812 2471 3989 2509 κατα-

2401 2536 2657 2602 καίοντα,
2689 2536 3056 2607 ἐζηλοτύπουν
3085 2539 3436 2611 λυπούμενοι.
3467 2545 3597 2597 Ὀτε
3629 2546 3684 2600 δὲ
3715 2543 3855 2601 εἶδον
3887 2552 3988 2602 καὶ

2400 2627 2500 2696 τὴν
2535 2628 2724 2699 Χαλκῇ
2760 2629 2901 2700 πύλῃ
2933 2632 3116 2701 τιμίαν
3147 2633 3330 2686 εἰκόνα
3367 2635 3462 2688 τοῦ
3496 2638 3736 2707 Χριστοῦ
3764 2641 3986 2711 διορυσ-

2406 2719 2663 2788 σομένην,
2693 2721 2992 2788 ἐξήνεγκαν
3023 2721 3120 2792 τὴν
3148 2722 3326 2794 λύπην
3355 2726 3434 2788 εἰς
3465 2725 3600 2793 φῶς.
3638 2728 3747 2780 Καὶ
3775 2733 3988 2800 κρατή-

2406 2825 2594 2872 σαντες
2637 2810 2730 2862 τὸν
2770 2812 2860 2864 ἐπὶ
2907 2813 3006 2882 τῆς
3045 2813 3246 2877 σκάλας
3308 2815 3588 2870 ansam
3639 2820 3942 2889 omeiptov
3967 2860 3984 2883 ,

2403 2901 2540 2969 πρὸς
2565 2900 2625 2953 τὸ
2657 2901 2962 2954 καταλῦσαι
2989 2904 3089 2972 τὴν
3117 2905 3328 2969 εἰκόνα,
3357 2906 3449 2958 καὶ
3476 2907 3732 2977 ῥίψαντες
3761 2911 3856 2962 ἐπὶ
3884 2913 3988 2980 τήν

2404 2991 2508 3059 γῆν
2542 2991 2680 3060 μετὰ
2719 2992 2818 3062 τῆς
2851 2993 3088 3058 σκάλας,
3117 2995 3449 3050 ἀπέκτειναν
3474 3013 3488 3027 ο
3534 3001 3627 3050 καὶ
3658 3001 3988 3070 κινήσαντες

2405 3084 2485 3144 εἰς
2513 3082 2682 3152 θυμὸν
2703 3083 2796 3137 τὸν
2822 3084 3103 3152 τύραννον,
3131 3090 3182 3139 οἰ
3219 3089 3316 3156 μὲν
3346 3091 3660 3158 παραυτίκα
3694 3093 3836 3157 ξίφει
3867 3096 3990 3146 ἐτε-

2406 3174 2743 3244 λειώθησαν,
2783 3177 2968 3230 πολλοὶ
3007 3177 3098 3230 τὸν
3132 3179 3367 3251 ἀριθμὸν
3413 3182 3597 3246 ὄντες·
3628 3185 3687 3236 ἐν
3732 3181 3812 3246 οἷς
3843 3180 3991 3255 ἦσαν

729 3269 1043 3338 cOusumpti
1073 3269 1247 3338 (multi
1281 3268 1426 3323 enim
1471 3275 1628 3323 erant
1680 3281 1931 3328 numero,
1969 3267 2110 3319 inter
2163 3280 2301 3334 quos

2408 3269 2500 3320 καὶ
2531 3271 2786 3335 γυναῖκες
2819 3272 2918 3322 οὐκ
2947 3273 3147 3340 ὀλίγαι,
3183 3275 3278 3326 καὶ
3309 3276 3495 3345 Μαρία
3531 3277 3565 3346 ή
3597 3279 3881 3348 πατρικία.
3924 3282 3988 3331 Οἱ

729 3361 915 3430 plures
971 3358 1208 3424 feminae,
1247 3367 1302 3413 ct
1358 3357 1525 3412 Maria
1554 3355 1831 3427 patricia),
1886 3354 1980 3408 alii
2034 3356 2303 3410 custodiis

731 3453 935 3516 traditi,
974 3467 1039 3506 ac
1074 3451 1211 3507 facie
1258 3451 1552 3515 combusti,
1583 3449 1956 3520 plurimosque
2000 3450 2149 3518 passi
2177 3465 2304 3503 cru-

729 3547 929 3608 ciatus,
961 3547 1139 3614 capite
1174 3543 1325 3598 fuere
1350 3542 1679 3598 obtruncati.

804 3635 871 3688 Et
938 3636 1384 3691 commemoratio
1432 3635 1610 3690 sancti
1651 3632 1994 3689 Constantini
2040 3633 2308 3690 archiepi-

731 3729 881 3799 scopi
905 3729 1064 3798 regize
1096 3728 1268 3781 urbis.

1257 3835 1484 3893 EODEM
1528 3836 1782 3894 MENSE.

1355 3925 1452 3979 Die
1480 3924 1689 3980 decima

739 4023 1018 4076 Certamen
1065 4027 1731 4140 sanctorunténartgru'm
1786 4017 2086 4082 Laurentii,
2146 4016 2308 4086 ΧειδΙί

1326 4097 1376 4140 et
1465 4104 1583 4140 mna
1615 4103 1710 4140 tm.

1326 4097 1376 4141 et
1405 4097 1710 4157 Hippolyti.

806 4237 977 4291 Erant
1013 4235 1103 4290 isti
1141 4233 1481 4304 temporibus
1517 4233 1662 4286 Decii
1705 4233 2068 4304 imperatoris.
2093 4233 2158 4289 Et
2191 4233 2306 4304 Xy-

735 4339 857 4386 stus
881 4327 1100 4399 quidem
1166 4325 1394 4380 Athenis
1429 4335 1614 4390 natus,
1645 4324 1735 4378 ubi
1776 4326 2135 4394 philosophiae
2187 4335 2308 4380 stu-

734 4424 842 4478 diis
874 4434 1093 4490 operam
1121 4418 1374 4484 navavit;
1404 4416 1631 4472 Romam
1674 4432 1802 4472 vero
1859 4419 2158 4486 prolectus,
2187 4427 2308 4487 post

739 4513 1003 4583 Stephani
1060 4511 1200 4565 sacri
1239 4509 1495 4580 martyris
1529 4509 1733 4563 obitum
1778 4509 2067 4578 episcopus
2113 4525 2308 4565 conse-

2403 3360 2459 3412 δὲ
2497 3360 2712 3432 φυλακῇ
2762 3364 3183 3434 παραδοθέντες,
3237 3368 3331 3420 καὶ
3369 3370 3438 3421 τὰ
3492 3371 3761 3440 πρόσωπα
3812 3389 3992 3426 κατα-

2405 3451 2650 3513 καέντες,
2698 3454 2792 3505 καὶ
2869 3455 3040 3508 πολλὰ
3088 3456 3240 3510 δεινὰ
3289 3459 3652 3526 ὑποστάντες,
3698 3464 3991 3532 ἁπεκεφα-

2405 3544 2689 3613 λίσθησαν.

2477 3637 2588 3690 Καὶ
2623 3639 2813 3708 μνήμη
2845 3638 2941 3692 τοῦ
2977 3641 3035 3693 ἐν
3068 3642 3248 3711 ἁγίοις
3281 3645 3696 3699 Κωνσταντίνου
3736 3647 3998 3718 ἁρχιεπι-

2408 3729 2610 3781 σκόπου
2633 3733 2731 3800 τῆς
2759 3731 3027 3799 βασιλίδος
3052 3735 3278 3794 πόλεως.

2936 3848 3115 3901 ΜΗΝΙ
3137 3849 3224 3920 Τ
3256 3850 3458 3922 ΑΥΤῼ.

3196 3943 3232 3993 ι,

2413 4029 2700 4098 Ἄθλησις
2765 4032 2884 4086 τῶν
2952 4034 3140 4101 ἁγίων
3174 4103 3179 4105 Α
3212 4036 3529 4102 μαρτύρων
3585 4039 3995 4105 Λαυρεντίαν,

2822 4106 3059 4157 Ξύστου
3088 4103 3187 4157 καί
3220 4107 3602 4160 Ἱππολύτου.

2481 4229 2640 4289 Οὗτοι
2685 4238 2930 4309 ὑπῆρχον
2965 4241 3058 4292 ἐπὶ
3082 4240 3181 4308 τῆς
3213 4241 3487 4308 βασιλείας
3522 4243 3711 4296 Δεκίου
3741 4259 3756 4274 ·
3815 4247 3844 4299 δ
3895 4248 3997 4316 μὲν

2411 4327 2614 4389 Ξύστος
2651 4329 2707 4394 ἐξ
2773 4330 3051 4399 Ἀθηνῶν,
3087 4333 3214 4384 ἔνθα
3266 4335 3359 4384 καὶ
3399 4333 3492 4385 τὸν
3521 4337 3620 4403 τῆς
3670 4335 3999 4405 φιλοσοφίας

2409 4417 2619 4487 ἤσκησε
2643 4418 2820 4485 λόγον.
2858 4420 3312 4491 Παραγενόμενος
3340 4423 3394 4474 δὲ
3426 4425 3484 4475 ἐν
3529 4423 3716 4496 Ῥώμῃ
3772 4428 3994 4497 ἐχειρο-

2411 4506 2611 4576 τονήθη
2644 4509 2940 4571 ἐπίσκοπος
2977 4512 3116 4580 μετὰ
3143 4512 3400 4582 τελευτὴν
3425 4515 3697 4581 Στεφάνου
3723 4517 3819 4567 τοῦ
3849 4519 3999 4589 ἱερο-

735 4619 942 4661 cratur.
978 4603 1226 4673 Cumque
1260 4617 1398 4671 quas
1445 4601 1675 4655 habebat
1713 4599 1966 4655 Ecclesiae
2022 4605 2301 4672 pecunias,

2418 4599 2710 4668 μάρτυρος.
2751 4600 2885 4662 Δοὺς
2917 4600 2974 4652 δέ
3015 4601 3102 4654 διὰ
3134 4604 3319 4671 χειρὸς
3356 4605 3689 4674 Λαυρεντίου
3733 4605 3995 4661 διακόνου

737 4696 1070 4768 pauperibus
1096 4711 1190 4763 per
1221 4693 1497 4747 Laurentii
1526 4693 1738 4747 diaconi
1772 4709 1965 4749 manus
1999 4695 2300 4750 distribuis-

736 4800 842 4855 set,
876 4789 952 4842 ait
979 4788 1092 4840 illi:
1133 4787 1418 4851 Laurenti,
1449 4799 1571 4839 cras
1600 4785 1760 4840 Decio
1787 4787 2062 4840 trademur
2089 4789 2155 4840 ad
2181 4803 2309 4840 exa-

738 4897 884 4935 men.
917 4880 994 4933 Ac
1031 4880 1185 4947 juxta
1234 4878 1354 4946 ejus
1387 4876 1784 4946 praedictionem
1834 4878 2106 4940 detentus,
2145 4879 2309 4932 mini-

741 4987 935 5040 meque
986 4970 1263 5032 inductus,
1285 4977 1342 5022 ut
1386 4969 1543 5022 idolis
1585 4968 1941 5033 sacriﬁcaret,
1976 4969 2154 5037 capite
2207 4969 2310 5022 fuit

738 5065 1118 5118 obtruncatus.
1175 5060 1394 5115 Delatus
1447 5061 1610 5114 etiam
1660 5059 2010 5123 Laurentius,
2038 5075 2159 5114 cum
2223 5076 2311 5115 sa-

740 5171 890 5210 cram
951 5153 1338 5222 supellectilem
1385 5151 1454 5205 ab
1503 5167 1568 5206 eo
1620 5150 1978 5220 postularent.
2026 5151 2312 5218 imponens

740 5249 860 5318 ipse
888 5261 1048 5314 super
1077 5259 1270 5299 currus
1314 5243 1541 5296 claudos
1595 5257 1951 5312 mancosque,
1979 5242 2179 5311 quibus
2217 5257 2310 5311 pe-

741 5339 961 5392 cuniam
1023 5341 1363 5402 erogaverat,
1425 5341 1550 5385 ante
1598 5333 1980 5401 imperatorem
2060 5331 2306 5395 adduxit,

741 5430 939 5484 dicens
971 5442 984 5477 :
1020 5423 1083 5478 lli
1121 5433 1267 5488 sunt,
1299 5423 1394 5494 qui
1439 5428 1726 5493 pecuniam
1784 5423 2121 5477 cuStodiunt.
2157 5421 2311 5476 Tunc

743 5536 908 5590 super
957 5519 1304 5573 candentium
1374 5517 1672 5572 carbonum
1747 5526 1950 5570 cratem
2029 5527 2312 5581 extensus,

743 5611 910 5681 200
946 5610 1165 5664 tradidit
1211 5609 1486 5678 spiritum.
1521 5607 1761 5663 Sanctus
1813 5624 1942 5663 vero
1993 5607 2314 5679 Hippolytus

749 5719 944 5757 eorum
976 5717 1262 5756 assumens
1289 5701 1569 5770 reliquias,
1603 5711 1764 5770 atque
1790 5701 2079 5770 sepelieris,
2122 5709 2315 5769 captus

748 5795 882 5860 fuit;
927 5804 982 5848 et
1050 5791 1302 5860 alligatus
1353 5792 1420 5847 ad
1479 5791 1772 5849 indomitos
1821 5807 2013 5860 equos,
2072 5801 2311 5860 raptatus

749 5891 1176 5940 consummatur.

2410 4692 2478 4742 τὰ
2526 4693 2796 4761 προσόντα
2848 4693 2998 4764 αὐτῷ
3044 4694 3165 4763 ἰερὰ
3217 4697 3478 4764 χρήματα
3517 4701 3792 4767 πτωχοῖς,
3841 4700 3995 4768 λέγει

2412 4782 2593 4852 αὐτῷ’
2632 4783 2953 4852 Λαυρέντιε,
3001 4783 3191 4856 αὔριον
3240 4787 3647 4858 παραδιδόμεθα
3697 4791 3875 4861 Δεκίῳ
3911 4795 3996 4857 ετς

2413 4873 2678 4937 ἐξέτασιν.
2717 4878 2871 4930 Κατὰ
2901 4877 2958 4930 δὲ
2992 4877 3091 4948 τὴν
3123 4867 3428 4950 πρόρρησιν
3464 4881 3630 4933 αὐτοῦ
3664 4885 3991 4952 κρατηθεὶς,

2414 4964 2508 5015 καὶ
2544 4963 2618 5034 μὴ
2654 4965 2896 5028 πεισθεὶς
2922 4965 3084 5020 θῦσαι
3114 4969 3227 5030 τοῖς
3257 4967 3518 5031 εἰδώλοις,
3550 4970 3993 5042 ἀπεκεφαλίσθη.

2414 5053 2748 5123 Προσαχθεὶς
2780 5057 2837 5109 δὲ
2865 5057 2959 5108 καὶ
2992 5058 3344 5126 Λαυρέντιος,
3371 5059 3466 5110 καὶ
3492 5060 3558 5110 τὰ
3583 5060 3706 5130 ἱερὰ
3729 5064 3993 5131 χρήματα

2415 5147 2837 5215 ἀπαιτούμενος,
2872 5148 3083 5210 ἐπιθεὶς
3113 5150 3189 5212 εἰς
3217 5148 3316 5212 τὰς
3348 5148 3565 5218 ἁμάξας
3599 5153 3725 5213 τοὺς
3757 5154 3992 5221 χωλοὺς,

2416 5235 2509 5284 καὶ
2543 5234 2884 5304 ἀναπήρους,
2921 5230 3002 5299 οἷς
3046 5236 3316 5306 διένειμεν
3347 5239 3418 5290 τὰ
3464 5242 3756 5308 χρήματα,
3785 5243 3994 5310 ἢγαγεν

2416 5323 2727 5394 ἔμπροσθεν
2751 5325 2844 5378 τοῦ
2875 5326 3140 5396 βασιλέως
3161 5369 3173 5391 ,
3210 5329 3404 5380 εἰπών’
3444 5326 3606 5383 Οὗτοί
3635 5332 3774 5384 εἰσιν
3807 5335 3859 5384 οἰ
3888 5337 3996 5386 τῷν

2417 5417 2715 5485 χρημάτων
2758 5417 3018 5486 φύλακες.
3074 5419 3207 5471 Τότε
3259 5421 3530 5484 ἁπλωθεὶς
3577 5420 3663 5474 ἐπ’
3711 5424 3995 5493 ἐσχάρας,

2418 5508 2703 5577 παρέδωκε
2730 5508 2790 5560 τὸ
2817 5509 3057 5580 πνεῦμα.
3098 5512 3156 5563 'U
3190 5512 3245 5564 δέ
3273 5513 3429 5579 am;
3470 5513 3783 5577 Ἱππόλυτος
3815 5515 3997 5568 λαϐὼν

2417 5605 2486 5653 τὰ
2502 5601 2730 5671 λείψανα
2753 5602 2956 5666 αὐτῶν,
2983 5605 3076 5657 καὶ
3097 5603 3296 5673 θάψας,
3314 5606 3619 5677 ἐκρατήθη.
3645 5607 3756 5661 Καὶ
3768 5608 3997 5678 προσδε-

2419 5693 2530 5756 θεὶς
2560 5694 2747 5757 ἵπποις
2781 5695 3017 5765 ἀγρίοις,
3050 5695 3343 5766 ἐτελειώθη
3373 5697 3687 5768 συρόμενος.
