4190 6534
708 463 814 527 58‘}

1985 451 2409 512 MENOLOGII
2450 451 2643 510 PARS
2677 450 2792 510 III.

3857 444 3963 506 584

710 577 836 643 piis,
866 570 1030 625 simul
1060 570 1221 638 impie
1249 582 1429 638 agere,
1478 566 1639 634 elegit
1673 563 1852 634 potius
1884 563 2128 632 altjectus
2155 577 2276 616 esse

2394 562 2588 630 ςμικὰς
2623 561 2816 630 ἀρχὰς,
2851 559 3024 612 εἵλετο
3070 559 3272 629 μᾶλλον
3301 558 3358 612 ἐν
3384 557 3463 629 τῷ
3499 559 3632 628 οἴκῳ
3672 557 3765 610 τοῦ
3825 559 3962 611 Θεοῦ

708 666 869 736 202
898 667 952 718 in
983 665 1143 718 domo
1181 662 1296 727 Dei,
1339 674 1500 729 quam
1534 657 1780 711 habitare
1815 657 1866 709 itt
1907 655 2278 708 tabernaculis

708 767 1076 829 peccatorum.
1115 754 1396 808 Profectus
1430 751 1593 819 igitur
1625 750 1678 804 in
1708 747 2060 818 Chrysopolis
2087 761 2280 800 mona-

708 849 958 910 sterium,
993 859 1206 901 comam
1246 843 1516 913 deposuit,
1555 841 1643 894 ubi
1679 849 1867 908 postea
1899 839 2156 908 magister
2196 836 2279 890 fa-

707 949 829 993 ctus
859 946 961 992 est.
995 935 1190 989 Divino
1220 934 1416 988 exinde
1447 932 1564 985 zelo
1608 931 1758 983 velut
1801 929 1924 999 igne
1961 942 2279 990 succensus,

707 1030 1073 1101 antiquiorem
1127 1028 1357 1082 Romam
1415 1024 1584 1090 venit,
1647 1031 1700 1077 et
1759 1037 1910 1092 papa:
1963 1020 2282 1075 beatissimo

709 1121 943 1176 Martino
971 1120 1165 1181 suasit,
1202 1126 1259 1170 ttt
1282 1116 1667 1185 particularem
1692 1114 1957 1182 synodum
1985 1125 2285 1180 congrega-

709 1223 813 1278 ret,
864 1222 1030 1282 atque
1082 1212 1249 1264 duces
1295 1209 1351 1261 in
1408 1207 1575 1276 impio
1623 1207 1875 1274 dogmate
1925 1211 2161 1268 eorum;
2191 1203 2284 1270 qtti

711 1320 876 1359 unam
911 1306 962 1356 in
1009 1301 1226 1364 Christo
1271 1299 1607 1352 voluntatem
1645 1294 2015 1356 sotnniabant,
2051 1292 2286 1346 anathe-

713 1407 856 1450 mate
885 1394 1221 1462 percelleret.
1278 1392 1348 1443 At
1380 1401 1663 1444 sermones
1711 1386 1876 1440 etiam
1929 1384 2287 1438 eonscribens

713 1493 777 1541 ad
812 1486 1244 1555 redarguendum
1271 1499 1362 1537 eos
1386 1481 1478 1551 qui
1521 1483 1594 1534 ita
1639 1480 1968 1544 sentiebant,
1999 1487 2053 1532 et
2076 1479 2286 1547 episto-

712 1579 794 1632 las
857 1591 1229 1646 componens,
1297 1573 1860 1628 demonstrationibus
1939 1585 2003 1624 ex
2076 1572 2289 1624 ratione

714 1669 1105 1738 Scripturaque
1137 1666 1443 1735 desumptis
1495 1664 1862 1732 integritatem
1908 1670 2110 1715 nostra:
2157 1661 2281 1715 ﬁdei

711 1761 1152 1829 comprobantes,
1194 1758 1391 1826 ubique
1428 1766 1697 1809 terrarum
1730 1754 2127 1808 disseminavit.
2177 1752 2287 1808 Ro-

713 1864 800 1902 ma
829 1859 1008 1902 autem
1042 1863 1148 1901 una
1189 1861 1312 1900 cum
1341 1845 1555 1898 duobus
1596 1845 1709 1898 suis
1739 1843 2024 1912 discipulis
2053 1847 2287 1897 Anasta-

2384 652 2842 723 παρερρῖφθαι,ῆ
2893 653 2951 704 ἐν
2987 650 3342 721 σκηνώμασιν
3389 650 3733 722 ἁμαρτωλῶν
3777 668 3962 704 κατοι-

2383 748 2518 799 κεῖν.
2554 743 2896 797 Καταλαϐὼν
2922 742 3014 796 οὖν
3039 745 3098 795 τὸ
3124 745 3181 795 ἐν
3205 743 3544 811 Χρυσοπόλει
3575 743 3960 814 μοναστήριον,

2383 836 2482 906 τήν
2513 836 2691 906 κόμην
2719 833 2974 887 ἀπέθετο.
3009 829 3084 888 Ob
3137 835 3234 887 καὶ
3269 833 3586 903 καθηγητὴς
3614 833 3838 902 ὕστερον
3867 835 3963 901 γέ-

2385 945 2560 995 γονεν.
2595 923 2731 980 Εἶτα
2755 926 2884 996 θείῳ
2929 927 3074 997 ζήλῳ
3113 925 3303 997 ὥσπερ
3334 927 3437 979 ὑπὸ
3472 927 3644 996 πυρὸς
3683 926 3960 994 ἐξαφθεὶς,

2384 1021 2480 1089 τὴν
2513 1019 2892 1088 πρεσϐυτέραν
2935 1016 3155 1088 Ῥώμην
3181 1017 3472 1070 κατέλαϐε.
3513 1017 3623 1071 Καὶ
3650 1019 3839 1071 πάπαν
3868 1018 3963 1069 τὸν

2388 1108 2804 1180 μακαριώτατον
2835 1110 3137 1178 Μαρτῖνον,
3172 1109 3402 1178 τοπικὴν
3425 1108 3672 1178 ἀθροῖσαι
3722 1109 3962 1171 σύνοδον,

2386 1199 2482 1252 καὶ
2530 1197 2932 1266 ἀναθεματίσαι
2987 1196 3115 1259 τοὺς
3171 1198 3450 1267 ἀρχηγοὺς
3513 1197 3607 1249 τοῦ
3665 1196 3963 1258 δυσσεῦοῦς

2385 1291 2673 1359 δόγματος,
2705 1291 2814 1342 τῶν
2847 1289 2973 1359 μίαν
3004 1290 3096 1342 ἐπὶ
3129 1289 3363 1358 Χριστοῦ
3393 1288 3614 1358 θέλησιν
3660 1288 3967 1359 ληρῳδούν-

2387 1401 2514 1446 των,
2571 1383 2925 1450 παρέπεισεν·
2983 1381 3120 1434 ἀλλὰ
3150 1383 3243 1433 καὶ
3275 1381 3356 1444 είς
3389 1381 3611 1449 ἔλεγχον
3655 1381 3765 1432 τῶν
3820 1379 3966 1433 οὕτω

2389 1473 2731 1542 φρονούντων
2771 1472 2963 1540 λόγους
2987 1473 3228 1542 γράψας,
3263 1472 3358 1525 καὶ
3389 1472 3680 1534 ἐπιστολὰς
3714 1471 3966 1539 λογικαῖς

2390 1567 2720 1632 ἀποδείξεσι,
2757 1567 2848 1619 καὶ
2876 1569 3175 1634 γραφικαῖς
3207 1565 3309 1634 τῆς
3357 1564 3481 1616 καθ’
3530 1565 3675 1634 ἡμᾶς
3727 1565 3966 1623 πίστεως

2388 1660 2487 1728 τὴν
2518 1661 2805 1729 ἀκρίϐειαν
2863 1660 3188 1729 βεϐαιούσης
3250 1657 3488 1722 συνθεὶς,
3534 1657 3811 1726 πανταχοῦ
3863 1656 3966 1723 τῆς

2389 1755 2714 1822 οἰκουμένης
2745 1753 3076 1822 ἐξέπεμψεν.
3136 1750 3463 1815 Ἀναζεύξας
3491 1749 3547 1802 δέ
3575 1748 3684 1802 ἀπὸ
3746 1747 3968 1816 Ῥώμης

2394 1846 2533 1915 μετὰ
2556 1845 2666 1897 τῶν
2692 1845 2784 1897 δύο
2826 1843 3196 1898 Ἀναστασίων
3231 1844 3340 1896 τῶν
3375 1842 3640 1912 μαθητῶν
3662 1838 3852 1903 αὐτοῦ,
3884 1839 3967 1900 είς

712 1942 809 1996 siis
842 1941 1121 2003 secedens,
1176 1953 1302 1992 reus
1333 1938 1474 2006 apud
1515 1945 1768 1992 senatum
1804 1937 1996 1988 haeresi
2045 1935 2286 2004 impera-

2394 1937 2622 1999 εὐθύνας
2649 1937 2798 2006 παρά
2820 1937 2916 2005 τῆς
2949 1935 3257 2004 συγκλήτου
3299 1934 3646 1997 καθίσταται,
3675 1929 3968 2002 όμοδοξού-

713 2034 848 2088 toris
919 2031 1348 2086 consentientem
1412 2027 1789 2092 constituitur,
1863 2027 2006 2095 quod
2072 2027 2287 2079 cunctis

713 2141 920 2180 morem
946 2123 1258 2191 gerentibus
1283 2113 1596 2190 imperato’ri
1656 2121 1772 2188 ipse
1801 2120 1949 2174 solus
1978 2118 2286 2183 obsisteret,

714 2227 879 2286 atque
917 2215 1054 2271 alios
1109 2215 1274 2268 etiam
1327 2213 1393 2268 ad
1434 2211 1796 2266 defectionem
1857 2211 2142 2275 excitaret,
2193 2225 2288 2279 per

714 2307 974 2376 epistolas
1034 2305 1153 2359 illos
1212 2303 1496 2364 inducens,
1553 2311 1611 2354 ut
1658 2302 1934 2353 contraria
1999 2300 2286 2352 sentirent.

718 2397 1006 2466 PrOpterea
1048 2396 1104 2448 in
1137 2394 1440 2449 custodiam
1474 2406 1643 2461 prope
1674 2390 1966 2444 Thraciam
1995 2390 2233 2443 mittitur
2271 2406 2284 2442 :

717 2502 768 2544 et
793 2503 1152 2558 perseverans
1183 2487 1298 2556 ipse
1339 2486 1394 2538 in
1429 2485 1734 2537 orthodoxa
1787 2483 1910 2546 (ide,
1953 2483 2174 2536 dextera
2228 2496 2291 2534 ac

715 2582 898 2651 lingua
944 2581 1260 2648 amputatis,
1299 2577 1446 2629 illinc
1478 2577 1529 2628 in
1560 2573 1793 2628 Lazieen
1843 2575 2119 2642 relegatur
2152 2590 2166 2625 :
2201 2573 2291 2626 ubi

717 2674 782 2726 ad
819 2684 928 2727 tres
951 2687 1127 2726 annos
1164 2669 1326 2722 vitam
1361 2667 1674 2730 traducens,
1707 2675 1760 2720 et
1802 2667 2008 2734 proprii
2039 2666 2292 2734 corporis

718 2762 1032 2832 indigentiis
1080 2762 1194 2828 ipse
1250 2758 1592 2820 ministrans,
1651 2757 1843 2824 plenus
1888 2754 2119 2818 dierum,
2174 2763 2294 2822 post

719 2856 935 2907 brevem
967 2852 1218 2906 morbum
1258 2849 1310 2902 in
1353 2847 1580 2901 Domino
1604 2845 1892 2914 requievit,
1928 2847 2288 2914 sepultusque

718 2946 821 2998 fuit
845 2945 898 2997 in
917 2942 1091 2997 sancti
1113 2939 1329 2995 Arsenii
1356 2938 1693 2992 monasterio
1711 2937 1766 2990 in
1793 2936 1989 2991 eadem
2018 2935 2309 2991 Lazorum.

721 3035 938 3102 regione
982 3050 996 3086 :
1057 3031 1147 3085 ubi
1195 3030 1250 3082 in
1304 3029 1420 3084 dies
1476 3027 1647 3082 multa
1699 3035 1954 3096 Operatur
2004 3027 2289 3081 miracula.

722 3121 1016 3191 Postquam
1050 3135 1177 3174 vero
1219 3119 1574 3172 obtruncatus
1623 3122 1728 3180 est,
1761 3116 2003 3183 linguam
2031 3115 2081 3170 ei
2113 3116 2293 3170 denuo

722 3232 816 3283 per
835 3213 1136 3284 prodigium
1162 3210 1406 3265 referunt
1429 3224 1460 3263 a
1477 3209 1588 3263 Deo
1610 3209 1947 3272 restitutam,
1970 3217 2026 3262 et
2046 3208 2291 3278 quandiu

2396 2047 2496 2099 σης
2531 2034 2596 2100 τῇ
2625 2028 2719 2081 τοῦ
2763 2028 3028 2098 βασιλέως
3069 2028 3304 2098 αἱρέσει’
3334 2029 3416 2081 ὅτι
3452 2027 3672 2080 πάντων
3714 2023 3970 2078 ὑπεικόν-

2392 2141 2501 2175 των
2552 2123 2628 2193 τῷ
2680 2123 2911 2192 βασιλεῖ,
2947 2123 3108 2183 αὑτός
3158 2139 3218 2174 τε
3267 2122 3426 2192 μόνος
3482 2120 3824 2183 ἀνθίσταται,
3869 2117 3969 2170 καὶ

2394 2217 2519 2276 τοὺς
2549 2214 2745 2276 ἄλλους
2783 2216 2862 2275 εἰς
2893 2201 3234 2266 ἀποστασίαν
3269 2215 3427 2273 κινεῖ,
3476 2211 3697 2264 ἐναντία
3742 2210 3831 2262 διὰ
3859 2209 3971 2261 τῶν

2394 2306 2696 2358 ἐπιστολῶν
2724 2308 2961 2375 φρονεῖν,
2996 2303 3341 2372 μεταπείθων
3368 2301 3587 2364 αὐτούς.
3638 2302 3761 2354 Ἐπὶ
3792 2300 3970 2368 τούτῳ

2397 2399 2676 2468 πέμπεται
2703 2401 2759 2450 ἐν
2793 2399 3008 2468 φρουρᾷ
3036 2396 3179 2449 κατὰ
3199 2396 3296 2466 τήν
3330 2394 3572 2466 Θρᾴκην.
3613 2393 3724 2445 Καὶ
3773 2391 3971 2460 ἐπιμέ-

2395 2507 2500 2542 νων
2529 2493 2596 2560 τῇ
2619 2489 2881 2558 όρθοδόξῳ
2915 2489 3118 2549 πίστει,
3152 2485 3248 2556 τὴν
3281 2487 3439 2555 χεῖρα
3469 2485 3562 2537 καὶ
3591 2483 3689 2554 τὴν
3721 2482 3971 2550 γλῶτταν

2396 2579 2906 2651 ἀκρωτηριάζεται.
2952 2578 3224 2632 Κάκεῖθεν
3248 2580 3326 2640 είς
3366 2575 3664 2646 ὑπερορίαν
3697 2575 3837 2628 κατά
3871 2574 3974 2643 τὴν

2395 2670 2637 2740 Λαζικὴν
2669 2671 2968 2740 πέμπεται.
3002 2671 3172 2723 Ἔνθα
3209 2670 3302 2721 ἐπί
3333 2670 3484 2738 τρισὶ
3516 2668 3574 2720 δὲ
3602 2667 3813 2737 χρόνοις
3845 2667 3967 2718 δια-

2397 2762 2605 2831 γαγὼν,
2637 2767 2732 2817 καὶ
2765 2766 2880 2826 ταῖς
2911 2763 3140 2824 οἰκείαις
3169 2760 3260 2813 τοῦ
3295 2760 3546 2830 σώματος
3577 2761 3785 2830 χρείαις
3806 2760 3975 2820 αὐτὸς

2397 2855 2904 2926 ύπηρετησάμενος,
2951 2854 3046 2906 καὶ
3093 2853 3307 2924 πλήρης
3372 2853 3595 2922 ἡμερῶν
3656 2854 3970 2922 γενόμενος,

2401 2950 2596 3019 μικρὸν
2627 2949 2882 3017 νοσήσας,
2922 2948 3270 3001 ἀνεπαύσατο
3305 2947 3365 2998 ἐν
3399 2947 3610 3014 Κυρίῳ.
3653 2945 3762 2997 Καὶ
3807 2961 3973 2996 κατε-

2396 3042 2528 3110 τέθη
2573 3043 2630 3093 ἐν
2675 3043 2740 3109 τῇ
2780 3042 2914 3109 μονῇ
2953 3040 3050 3092 τοῦ
3089 3041 3244 3108 ἁγίου
3309 3039 3611 3109 Ἀρσενίου,
3643 3039 3700 3089 ἐν
3734 3039 3870 3105 αὐτῇ
3904 3039 3972 3105 τῇ

2397 3130 2551 3200 χώρα
2579 3129 2685 3182 τῶν
2724 3128 2940 3192 Λαζῶν,
2978 3128 3180 3190 πολλὰς
3207 3127 3504 3196 θαυμάτων
3538 3127 3816 3195 ἐνεργείας
3850 3125 3974 3179 καθ’

2399 3226 2637 3292 ἑκάστην
2677 3221 2867 3274 ποιῶν.
2895 3221 3129 3288 Λέγεται
3155 3221 3232 3284 δέ,
3269 3224 3407 3290 μετά
3428 3222 3528 3289 τὴν
3560 3219 3821 3289 ἐκτομὴν,
3872 3213 3972 3271 αὖΓ

722 3308 873 3368 vixit,
897 3306 1099 3360 diserte
1129 3302 1301 3360 fuisse
1327 3302 1589 3357 locutum.
1618 3299 1695 3354 Ex
1716 3301 1930 3354 duobus
1960 3309 2142 3355 autem
2169 3300 2289 3369 ejus

2401 3315 2482 3378 θις
2517 3315 2619 3367 ὑπὸ
2648 3313 2782 3366 Θεοῦ
2822 3312 3144 3381 παραδόξως
3174 3313 3619 3380 ἀποκαταστῆναι
3650 3311 3744 3380 τὴν
3793 3311 3978 3377 γλῶτ-

722 3397 1002 3464 discipulis
1052 3397 1225 3464 major
1261 3394 1480 3465 quidem
1515 3401 1648 3447 natu
1687 3392 2038 3458 Anastasius,
2065 3392 2294 3461 perinde

720 3505 785 3544 ac
816 3491 1094 3557 magister,
1131 3489 1310 3557 lingua
1340 3496 1395 3540 et
1429 3487 1653 3540 dextera
1692 3484 2076 3550 obtruncatus,
2115 3486 2168 3538 in
2202 3501 2294 3538 re-

721 3591 926 3634 motum
945 3582 1196 3635 exsiliunt
1217 3579 1558 3645 exturbatur;
1577 3577 1768 3649 junior
1790 3591 1917 3632 vero
1940 3576 1994 3631 ln
2017 3579 2293 3648 quoddam

722 3673 966 3728 Thraciae
992 3671 1193 3728 missus
1219 3681 1462 3727 castrum
1511 3672 1582 3726 ibi
1624 3671 1733 3726 vita
1767 3670 1984 3726 functus
2015 3682 2118 3726 est.

1252 3941 1485 3996 EODEM
1508 3940 1756 3994 MENSE.

1213 4034 1308 4088 Die
1347 4036 1557 4088 decima
1597 4045 1792 4103 quarta

722 4127 880 4198 203
922 4125 1181 4180 Memoria
1220 4127 1549 4207 sacrosancti
1580 4124 1832 4205 martyris
1870 4121 2115 4176 Marcelli
2157 4124 2298 4192 Apa-

1297 4213 1426 4250 mea
1463 4212 1714 4265 episcopi.

792 4312 893 4368 Hic
921 4312 1230 4368 Theodosio
1281 4312 1607 4381 imperatore
1662 4327 1728 4366 ex
1760 4311 1939 4382 Cypro
1972 4311 2173 4382 prodiit
2204 4311 2292 4365 in-

723 4405 863 4470 sula,
889 4405 1046 4473 cujus
1087 4404 1580 4458 administrationis
1611 4404 1893 4472 provincia
1922 4419 2046 4457 cum
2074 4404 2123 4458 ei
2151 4413 2296 4458 esset

723 4497 1035 4562 commissa,
1090 4495 1426 4550 mundanam
1480 4495 1595 4564 ipse
1645 4511 1840 4567 gerens
1890 4496 2292 4565 prafecturam,

721 4593 857 4644 adeo
888 4589 1143 4659 pietatem
1170 4599 1530 4659 exactamque
1555 4592 1824 4644 rationem
1855 4591 1908 4644 in
1944 4591 2107 4646 rebus
2136 4607 2297 4660 agen-

723 4682 808 4736 dis
837 4680 1148 4744 adhibebat,
1177 4691 1236 4733 ut
1259 4695 1451 4734 omnes
1479 4681 1544 4732 ad
1572 4680 1658 4734 sui
1694 4682 2020 4749 pertraxerit
2054 4681 2295 4734 admirao

728 4771 951 4825 tionem.
993 4771 1074 4823 Ad
1121 4770 1462 4838 pontiﬁcium
1513 4785 1642 4825 vero
1685 4772 1934 4826 ordinem
1978 4773 2294 4836 translatus,

726 4870 890 4929 atque
919 4861 1172 4928 Apameae
1207 4860 1260 4913 in
1306 4860 1462 4930 Syria
1497 4862 1785 4932 episcopus
1834 4865 2186 4929 constitutus,
2242 4867 2293 4920 in

727 4952 938 5005 ceteris
967 4953 1223 5005 omnibus
1243 4951 1391 5021 juste
1431 4961 1485 5005 et
1515 4962 1701 5007 sancte
1736 4971 1962 5009 munere
1989 4971 2090 5010 suo
2107 4957 2296 5025 funge-

731 5045 910 5098 batur.
964 5043 1228 5097 Fervidus
1268 5043 1430 5097 etiam
1477 5053 1595 5098 erat
1651 5044 1852 5101 Christi
1895 5048 2018 5102 lidei
2073 5049 2294 5112 zelotes,

727 5137 988 5191 ecclesias
1025 5139 1092 5190 ad
1128 5135 1223 5191 Dei
1275 5138 1503 5206 gloriam
1545 5149 1892 5203 construens,
1925 5149 1980 5194 et
2024 5139 2292 5195 idolorum

729 5229 855 5282 lana
889 5230 1214 5297 destruens;
1264 5247 1495 5301 quorum
1542 5247 1731 5297 unum,
1773 5233 1917 5302 quod
1963 5231 2114 5289 Jovis
2144 5235 2296 5289 dice-

730 5327 908 5389 batur,
938 5340 1060 5378 cum
1095 5341 1200 5378 non
1226 5326 1431 5380 sineret
1456 5325 1546 5394 qui
1584 5327 1637 5379 in
1666 5341 1732 5379 eo
1766 5327 2034 5380 insidebat
2061 5327 2292 5391 daemon,

730 5415 906 5483 ipsum
936 5416 1209 5481 comburi,
1258 5431 1358 5471 nec
1398 5418 1819 5486 quibuscunque
1865 5418 2132 5472 machinis
2178 5418 2295 5472 solo

728 5505 962 5574 aequari;
1013 5517 1236 5579 sanctus
1285 5516 1508 5576 accepta
1545 5522 1708 5576 aqua,
1766 5521 1942 5576 eaque
1991 5508 2293 5570 benedicta,

731 5606 1048 5666 struemque
1075 5598 1342 5667 lignorum
1381 5613 1443 5652 ea
1484 5613 1799 5668 aspergens,
1843 5608 1902 5652 ut
1937 5600 2079 5669 ignis
2112 5600 2292 5655 conci-

732 5701 966 5757 peretur,
1004 5696 1164 5758 atque
1199 5690 1381 5743 fanum
1416 5690 1665 5744 incendio
1696 5701 2134 5757 consumeretur,
2169 5693 2296 5746 em:-

733 5779 824 5830 cit.
859 5779 1195 5848 Quapropter
1223 5781 1291 5834 ab
1341 5781 1644 5836 idololatria
1695 5783 1810 5851 ipse
1841 5786 2289 5850 comprehcnms,

735 5879 894 5939 atque
929 5870 983 5923 in
1014 5868 1194 5939 ignem
1240 5870 1492 5938 injectus,
1525 5885 1782 5926 coronam
1814 5875 2040 5940 accepit.

2399 3427 2518 3473 ταν,
2578 3408 2670 3460 καὶ
2736 3405 2952 3475 τρανῶς
3009 3405 3365 3473 φθέγγεσθαι,
3421 3404 3612 3474 μέχρις
3667 3402 3842 3472 ἀντῷ
3874 3402 3978 3472 βίῳ

2401 3502 2669 3569 ὑπῆρχεν.
2697 3498 2818 3550 Τῶν
2863 3497 2919 3570 δὲ
2949 3496 3042 3550 δύο
3081 3496 3246 3550 αὐτοῦ
3275 3496 3555 3568 μαθητῶν,
3594 3497 3622 3548 ό
3681 3494 3780 3565 μέν
3837 3511 3981 3565 πρε-

2400 3593 2499 3646 σόύ
2511 3609 2656 3662 τερος
2690 3589 3038 3650 Ἀναστάσιος
3064 3590 3157 3641 ῐσα
3185 3586 3261 3658 τῷ
3282 3586 3584 3655 διδασκάλῳ
3603 3585 3700 3654 τὴν
3725 3584 3978 3651 γλῶτταν

2399 3686 2493 3738 καὶ
2538 3684 2638 3753 τὴν
2695 3684 2851 3753 χεῖρα
2897 3680 3148 3751 τμηθεὶς,
3183 3681 3400 3750 μακρὰν
3462 3677 3756 3748 ἐξωρίσθη.
3817 3676 3877 3728 Ὀ
3919 3675 3978 3727 δὲ

2398 3777 2684 3846 νεώτερος,
2747 3774 2804 3827 ἐν
2835 3792 2938 3829 τινι
2964 3774 3070 3826 τῶν
3103 3773 3244 3826 κατά
3293 3772 3393 3844 τὴν
3421 3771 3645 3842 Θρᾴκην
3697 3768 3977 3839 φρουρίων

2399 3865 2699 3937 πεμφθεὶς,
2739 3864 2830 3917 τὸν
2868 3863 2981 3932 βίον
3003 3862 3318 3934 κατέλυσεν.

2924 3953 3104 4007 MHNI
3140 3953 3226 4020 Τῼ
3246 3952 3448 4021 ΑΥἹᾭ.

3146 4039 3221 4093 ΙΔ¹

2397 4136 2616 4205 Μνήμη
2678 4136 2784 4190 τοῦ
2867 4134 3040 4203 ἁγίου
3119 4133 3535 4205 ιερομάρτυρος
3610 4131 3976 4199 Μαρκέλλου

2807 4205 3162 4275 ξὲπισκόπου
3215 4204 3546 4273 Ἀπαμείας.

2513 4311 2638 4378 bro;
2662 4316 2886 4384 γέγονεν
2921 4315 3014 4368 ἐπὶ
3038 4314 3322 4368 Θεοδοσίου
3343 4313 3436 4366 τοῦ
3469 4313 3752 4384 βασιλέωςν
3787 4314 3852 4366 ὲκ
3877 4314 3978 4384 τῆς

2375 4407 2664 4478 ,Κυπρίων
2699 4406 3020 4479 ὁρμώμενος
3051 4408 3240 4477 νήσου,
3275 4409 3333 4460 ἐν
3428 4408 3702 4476 κοσμικὴν
3751 4406 3974 4475 πράξας

2393 4500 2599 4567 ἀρχὴν,
2636 4500 2732 4551 καὶ
2757 4499 2855 4567 τὴν
2889 4499 3159 4568 διοίκησιν
3184 4498 3354 4567 αὐτῆς
3382 4498 3721 4562 πιστευθεὶς,
3760 4499 3976 4559 πάντας

2402 4587 2696 4658 ἐξέπληξεν
2722 4589 2995 4658 εὐσεϐείᾳ,
3037 4590 3128 4640 καὶ
3154 4588 3410 4659 ἀκριϐείᾳ
3431 4588 3557 4656 περὶ
3573 4587 3640 4641 τὰ
3667 4588 3977 4658 πράγματα

2398 4681 2702 4751 χρώμενος.
2735 4682 2826 4744 El;
2847 4681 2903 4734 δὲ
2938 4681 3035 4751 τήν
3059 4680 3378 4752 ἱεραρχικην
3405 4679 3558 4744 τάξιν
3583 4679 3851 4749 μεταϐὰς,
3881 4682 3980 4732 καὶ

2411 4773 2713 4841 Ἀπαμείας
2742 4773 2840 4842 τῆς
2873 4771 3016 4825 κατά
3047 4773 3249 4842 Συρίαν
3307 4771 3606 4834 ἐπίσκοπος
3664 4772 3973 4834 καταστὰς,

2400 4862 2537 4934 πρός
2563 4879 2620 4914 τε
2654 4864 2721 4915 τὰ
2763 4863 2897 4917 ἄλλα
2942 4863 3168 4926 δικαίως
3215 4863 3604 4917 ἐπολιτεύσατο
3653 4864 3748 4915 καὶ
3784 4864 3975 4926 ὁσίως.

2399 4955 2509 5006 Καὶ
2542 4953 2605 5018 δὴ
2634 4954 2833 5025 θερμὸς
2865 4956 2962 5024 τῆς
2992 4957 3133 5024 κατά
3188 4956 3423 5026 Χριστὸν
3459 4957 3716 5019 πίστεως,
3779 4956 3978 5024 γέγονε

2400 5047 2666 5118 ζηλωτὴς,
2725 5047 3024 5117 ἐκκλησίας
3055 5064 3113 5100 τε
3156 5049 3236 5112 είς
3284 5047 3441 5114 δόξαν
3487 5046 3626 5100 Θεοῦ
3682 5048 3978 5112 συνιστῶν,

2401 5139 2494 5190 καὶ
2525 5140 2686 5201 ναοὺς
2723 5138 3033 5201 είδωλικοὺς
3062 5137 3364 5209 καθαιρῶν.
3392 5131 3491 5190 Ὧν
3523 5137 3619 5191 ενα
3652 5137 3728 5208 μὴ
3761 5155 3982 5209 συγχω-

2405 5229 2626 5298 ροῦντος
2661 5228 2810 5298 αύτῷ
2842 5229 2935 5282 τοῦ
2969 5230 3028 5283 ἐν
3059 5228 3208 5299 αύτῷ
3238 5229 3494 5299 δαίμονος
3534 5230 3911 5298 κατακαῆναι,
3943 5230 3977 5299 ἦ

2403 5323 2675 5390 μηχαναῖς
2716 5337 2825 5372 τισι
2867 5320 3295 5388 καταϐληθῆναι,
3335 5321 3393 5383 ὃς
3432 5321 3650 5388 ἐλέγετο
3699 5319 3796 5372 τοῦ
3829 5321 3979 5383 Διός·

2400 5415 2579 5467 λαϐὼν
2612 5415 2755 5485 ὕδωρ
2787 5419 2814 5468 ό
2840 5415 2992 5483 ἀγιος
3017 5417 3112 5469 καὶ
3141 5417 3467 5486 εὐλογήσας,
3499 5416 3728 5478 καὶτοῖς
3757 5415 3980 5468 στοιὸα-

2403 5510 2574 5562 σθεῖσι
2613 5509 2792 5575 ξύλοις
2823 5510 3149 5581 ἐπιρράνας,
3173 5509 3480 5579 ἀναφθῆναι
3503 5513 3596 5561 καὶ
3625 5509 3979 5578 κατακαῆναι

2401 5600 2694 5670 πεποίηκε.
2733 5601 3024 5669 Συςχεθεὶς
3051 5601 3107 5652 δέ
3139 5602 3230 5651 ἐπὶ
3273 5599 3448 5669 τούτῳ
3483 5599 3587 5652 ὑπὸ
3612 5599 3722 5651 τῶν
3754 5599 3978 5652 etSt-alo-

2397 5689 2634 5759 λατρῶν,
2674 5691 2770 5743 καὶ
2799 5692 2877 5753 εἰς
2912 5690 3053 5761 ςπῡο
3096 5689 3331 5758 βληθεὶς,
3384 5690 3475 5744 τὸν
3516 5689 3784 5758 στέφανον
3807 5690 3987 5760 ἠνέγσ

2399 5797 2466 5833 κα
2477 5799 2550 5833 το.
