4190 6534
214 442 321 505 ξϐςι

1640 433 2064 494 AUGUSTUS.

3364 443 3470 506 59‘)

215 560 274 608 ὲν
327 555 392 623 τῇ
449 550 702 621 φυλακῇ’
748 549 842 602 καὶ
892 548 1192 620 ἀγγελικὴν
1241 545 1449 618 τροφὴν
1498 544 1782 611 δεξάμενοι

1891 554 1990 603 tes,
2021 542 2363 595 Cull‘obomli
2397 553 2522 596 sunt
2551 562 2560 605 ;
2605 560 2630 598 ε
2658 546 2905 600 custodia
2935 549 3128 604 exinde
3160 551 3340 607 educti
3364 570 3471 609 cac-

211 643 506 711 ὲνίσχυσαν
535 657 549 672 ·
594 633 715 692 εἶτα
783 638 1141 708 ἐκϐληθέντες
1187 637 1501 690 τύπτονται.
1552 635 1788 704 Στρατό-

212 749 361 792 νικο,
395 730 472 794 δὲ,
511 731 604 781 καὶ
631 728 932 798 Κοδρᾶτος,
962 729 1056 780 καὶ
1092 726 1346 788 ’Λκὰκιος
1391 727 1439 778 oi
1474 725 1655 794 δήμιοι
1680 721 1787 774 τῶν

209 825 383 889 ἁγίων
407 820 752 890 φεισάμενοι,
782 821 880 872 σὺν
911 819 1090 882 αὐτοῖς
1117 811 1654 888 ἀπεκείραλίσθησαν.

207 932 316 984 Καὶ
365 931 622 1011 ἄθλησις
658 929 775 1011 τῶν
828 931 1384 1011 ἀγίωγηιιαρτύρων.
1419 933 1783 999 Στράτωνος,

567 1003 871 1053 Φιλίππου
893 1001 990 1053 καὶ
1018 1001 1396 1070 ΕὐτυχιιιτὋῠ

281 1106 446 1166 Οὗτοι
469 1114 524 1165 ὲν
566 1113 905 1185 Νικομηδείᾳ
940 1116 1004 1184 τῇ
1038 1117 1189 1168 πόλει
1223 1110 1611 1186 διατρίϐοντες,
1665 1118 1784 1170 ἐπί-

203 1205 370 1274 τηδες
432 1205 746 1275 ἀπήρχοντο
802 1208 883 1266 είς
923 1211 985 1260 τὸ
1029 1207 1292 1277 θέατρον,
1337 1207 1477 1261 ὥστε
1528 1211 1618 1261 τὸν
1669 1227 1788 1261 συντ

209 1294 606 1365 αθροιζόμενον
630 1295 758 1348 λαὸν
784 1299 1068 1367 κατηχείν,
1097 1300 1193 1350 καὶ
1217 1298 1316 1367 τῆς
1341 1299 1783 1366 εἰδωλολατρείας

203 1384 470 1454 ἀφιστᾷν,
493 1387 586 1438 καὶ
619 1389 688 1456 τῇ
723 1386 815 1439 τοῦ
848 1387 1088 1452 Χριστοῦ
1120 1388 1303 1440 πίστει
1331 1389 1651 1458 προσάγειν.
1698 1390 1786 1442 Ἐν

208 1479 311 1547 μιᾷ
352 1475 444 1544 οὖν
493 1479 604 1531 τῶν
639 1481 887 1551 ἡμερῶν,
925 1483 1080 1534 κενὸν
1119 1481 1426 1552 ἀνθρώπων
1453 1487 1479 1538 ό
1513 1486 1695 1555 ἄρχων
1727 1487 1786 1535 τὸ

203 1570 439 1638 θέατρον
486 1571 630 1636 ἰδὼν,
667 1575 757 1624 καὶ
793 1572 891 1643 τὴν
928 1575 1107 1626 αἰτίαν
1145 1574 1352 1644 μαθὼν,
1401 1578 1476 1630 ὃτι
1528 1578 1632 1630 ὑπὸ
1681 1579 1776 1628 τιτι.

203 1658 382 1724 ἁγίων
410 1661 704 1730 μαρτύρων
725 1664 773 1715 οἱ
825 1663 970 1734 ὗχλοι
1005 1665 1398 1736 διδασκόμενοι,
1451 1669 1545 1731 τὰς
1585 1671 1640 1722 ἐν
1672 1675 1784 1734 τοῖς

204 1749 448 1819 θεάμασι
483 1753 780 1808 κατέλιπον
814 1755 1029 1827 ἡδονὰς,
1067 1760 1156 1811 καὶ
1207 1761 1392 1812 καινόν
1428 1778 1548 1814 τινα
1588 1765 1781 1834 μετέρ-

201 1859 393 1911 χονται
431 1843 569 1913 βίον,
602 1846 710 1900 τῶν
755 1849 1023 1919 πατρῴων
1076 1852 1421 1922 ὑπεριδόντες
1468 1853 1627 1921 θεῶν,
1686 1858 1782 1909 οὺν

202 1937 362 2005 τάχει
393 1939 520 2000 τοὺς
546 1940 734 2007 ἁγίους
761 1941 1109 2013 παραστῆναι
1134 1943 1366 1998 κελεύει.
1419 1945 1529 2000 Καὶ
1569 1946 1634 2018 δη
1673 1963 1781 2001 πα-

204 2029 533 2094 ραστάντες,
583 2032 679 2084 καὶ
745 2033 842 2102 τὴν
889 2034 970 2097 είς
1015 2034 1249 2105 Χριστὸν
1300 2036 1484 2091 πίστιν
1537 2038 1689 2091 αὐτοί
1724 2055 1782 2092 τε

200 2120 351 2187 ἔχειν
391 2122 848 2191 ὁμολογήσαντες,
907 2127 1000 2177 καὶ
1047 2128 1171 2188 τοὺς
1234 2125 1427 2189 ἄλλους
1487 2127 1780 2192 διδάσκειν,

200 2208 469 2276 ἀχθέντες
500 2213 582 2274 εἰς
612 2212 671 2264 τί.
695 2213 939 2285 θέατρον,
977 2215 1184 2285 θηρίοις
1221 2216 1537 2270 ὲκδίδονται.
1578 2222 1782 2288 Διαφο-

199 2298 498 2367 taxea-.5;
529 2301 585 2354 δὲ
609 2301 667 2368 ἐξ
694 2303 874 2358 αὐτῶν
901 2304 1183 2374 ἁϐλαϐεἰε,
1217 2301 1314 2360 καὶ
1350 2311 1570 2379 τρόποις
1604 2309 1783 2378 διαφό-

203 2406 326 2458 ροις
354 2391 778 2461 δοκιμασθέντες
828 2398 1124 2464 κολάσεων,
1155 2401 1215 2454 τὸ
1239 2403 1548 2458 τελευταῖον
1577 2394 1784 2474 ἐμϐλη-

201 2483 394 2546 θέντες
427 2487 581 2556 πυρὶ,
608 2487 668 2539 τὸ
696 2489 836 2558 ὑπὲρ
859 2490 1098 2560 Χριστοῦ
1121 2493 1518 2563 διηγωνίσαντο
1548 2496 1780 2550 στάδιον.

205 2574 325 2627 Καὶ
361 2580 714 2646 νικήσαντες,
753 2582 849 2632 καὶ
881 2582 974 2634 τὸν
993 2585 1268 2654 στέφανον
1294 2587 1388 2657 τῆς
1417 2585 1572 2658 νίκης
1594 2587 1784 2642 λαϐόν-

196 2682 319 2731 τες,
362 2668 640 2724 άπὲλαϐον
664 2671 948 2741 βασιλείαν
974 2675 1248 2748 οὐρανῶν.

745 2792 926 2847 tum
961 2794 1048 2865 "re
1077 2796 1260 2868 ΑΥΤῼ

951 2887 1037 2940 lH'

200 2970 500 3037 Ἀθλησις
571 2973 692 3027 τῶν
743 2977 929 3104 ἀπ·ίοῖ
979 2983 1306 3066 ’μαρτύρων
1360 2983 1605 3053 Φλώρου
1686 2988 1784 3041 καὶ

917 3064 1128 3104 αυρου.

917 3064 1128 3119 αυρου.

278 3148 443 3208 Οὗτοι
518 3157 764 3228 ὑπῆρχον
832 3160 1044 3233 δίδυμοι
1108 3165 1346 3234 ἀδελφοὶ,
1401 3167 1629 3232 λιθοξόοι
1684 3172 1784 3236 τὴν

1891 627 2117 681 duntur.
2173 626 2518 691 Stratonicus
2548 641 2752 696 autem,
2803 634 3091 702 Codratus,
3148 649 3200 696 et
3231 640 3469 701 Aeacius

1893 716 2135 779 lictores,
2188 719 2330 786 quod
2380 722 2584 776 sanctis
2634 735 2940 791 parcerent,
2974 730 3151 798 capite
3179 730 3330 787 fuere
3367 734 3471 799 ob-

1891 817 2149 861 truncati.

1893 919 1961 971 EI
2000 934 2263 976 certamen
2305 936 2959 1004 sanctorum“martyrum
3009 933 3302 1004 Stratonis,
3339 941 3468 994 Phi-

2373 996 2503 1065 lippi
2533 1001 2582 1051 e’t
2611 996 2952 1070 Eutycliiani.

1963 1104 2099 1157 llum
2152 1118 2375 1177 agerent
2432 1110 2483 1163 hi
2523 1108 2878 1183 Nicomediae,
2915 1117 3172 1175 adierunt
3215 1135 3280 1176 ex
3318 1138 3468 1180 com-

1892 1199 2068 1263 posito
2103 1201 2403 1266 theatrum,
2442 1213 2500 1258 ut
2552 1207 2811 1275 populum
2849 1209 2921 1263 ibi
2961 1225 3355 1284 congregatum
3384 1217 3469 1270 in-

1892 1297 2183 1354 struerent,
2213 1302 2374 1361 atque
2396 1296 2466 1349 ab
2496 1295 2768 1352 idolorum
2796 1300 2944 1355 cultu
2970 1313 3300 1369 averterent,
3320 1315 3375 1361 et
3398 1308 3463 1361 ad

1891 1375 2091 1432 Christi
2115 1381 2448 1436 adducerent
2481 1385 2660 1442 (idem.
2687 1386 2936 1454 Quadam
2969 1392 3136 1461 igitur
3165 1393 3255 1448 die
3285 1397 3466 1450 anim-

1891 1470 2178 1525 advertetis
2262 1473 2550 1542 praefectus
2629 1479 2897 1534 theatrum
2962 1483 3286 1546 hominibus
3345 1501 3468 1544 esse

1893 1575 2142 1624 vacuum.
2179 1580 2240 1617 ac
2291 1568 2494 1621 certior
2537 1567 2734 1634 factus,
2762 1571 2815 1627 id
2852 1573 2979 1628 inde
3005 1578 3273 1642 evenisse,
3319 1580 3463 1648 quod

1890 1652 2125 1717 populus
2152 1669 2181 1706 a
2216 1657 2423 1711 sanctis
2471 1660 2804 1730 martyribus
2829 1663 3079 1728 edoctus,
3110 1681 3140 1719 a
3172 1676 3461 1741 spectacu-

1890 1741 2066 1796 lorum
2094 1745 2466 1815 voluptatibus
2488 1751 2792 1820 dostiterat,
2823 1765 2877 1809 et
2925 1771 3063 1810 nova
3098 1760 3348 1827 quaedam
3381 1762 3464 1814 vi-

1891 1835 2048 1888 vendi
2079 1836 2352 1903 instituta,
2386 1841 2581 1908 patriis
2625 1843 2734 1903 diis
2782 1848 3132 1915 posthabitis,
3162 1852 3323 1922 207
3373 1867 3460 1908 se-

1889 1928 2196 1999 quebatur;
2225 1933 2390 2002 jussit
2425 1950 2454 1990 e
2487 1938 2714 2008 vestigio
2740 1951 2960 1999 sanctos
2984 1944 3053 1998 ad
3087 1960 3146 2000 se
3178 1948 3461 2004 accersiri.

1887 2019 1987 2074 Cui
2014 2021 2118 2091 ipsi
2149 2033 2412 2088 astantes,
2441 2027 2645 2086 Christi
2667 2030 2825 2087 [idem
2854 2047 2883 2087 a
2919 2051 2978 2090 se
3005 2039 3203 2102 teneri.
3231 2053 3463 2109 eamque

1888 2111 2024 2166 alios
2054 2113 2240 2170 doceri
2268 2116 2528 2186 confessi,
2564 2122 2616 2175 in
2646 2123 2921 2180 theatrum
2938 2125 3263 2193 ducti,feris
3283 2146 3457 2201 expo-

1889 2214 2114 2258 nuntur.
2144 2206 2247 2262 SeJ
2282 2210 2352 2264 ab
2381 2211 2490 2266 illis
2523 2213 2679 2270 illaesi
2716 2217 2937 2284 servati,
2971 2230 3260 2292 postquam
3293 2225 3462 2283 variis

1890 2293 2037 2348 fuere
2068 2299 2279 2366 probati
2315 2305 2670 2371 cruciatibus,
2705 2308 2919 2364 tandem
2957 2311 3010 2365 in
3045 2311 3223 2383 ignem
3253 2315 3460 2386 injecti,

1887 2395 2162 2442 certamen
2196 2405 2292 2460 pro
2337 2394 2558 2450 Chnsro
2585 2406 2886 2466 certarunt,
2912 2414 2966 2456 et
3005 2404 3237 2460 victoria
3267 2410 3460 2482 relata,

1890 2481 2129 2536 victoriae
2184 2485 2512 2555 recipientes
2571 2505 2852 2559 coronam,
2907 2498 3170 2554 (αξιοι-ωτι
3226 2515 3458 2572 regnum

1886 2583 2015 2627 sunt
2039 2579 2340 2631 consecuti.

2420 2789 2646 2847 EODEM
2687 2794 2826 2851 ΜΕΝ
2833 2796 2914 2852 SE
2926 2840 2937 2852 .

2405 2881 2502 2936 Die
2535 2883 2744 2940 decima
2782 2899 2970 2945 octava

1880 2978 1883 2980 '
1926 2967 2206 3023 Certamen
2246 2983 2554 3028 sanctorum
2606 2989 2902 3050 martyrum
2947 2981 3105 3040 Fiat!
3144 2998 3194 3042 et
3226 2989 3425 3051 Lauri.

1963 3152 2132 3208 iurant
2154 3155 2237 3210 JSti
2269 3156 2464 3214 fratres
2492 3177 2601 3217 uno
2628 3165 2932 3236 eodemque
2960 3169 3087 3225 editi
3115 3183 3296 3242 partu,
3321 3179 3464 3233 scul-

193 3247 426 3317 τέχνην.
457 3249 614 3303 Μετὰ
649 3251 704 3303 δὲ
744 3251 842 3324 τὴν
869 3254 976 3306 τῶν
1005 3255 1346 3312 διδασκάλων
1408 3260 1588 3312 αὐτῶν
1637 3235 1778 3330 ὑπὲρ

1889 3253 2102 3311 pturam
2158 3260 2493 3308 exercentes.
2569 3253 2704 3313 Post
2763 3263 3102 3319 exantlatum
3172 3283 3302 3322 vero
3363 3287 3461 3338 pro

192 3339 448 3408 ἰριποῦ
481 3343 811 3414 μαρτυρίαν,
861 3348 1250 3413 καταλιπόντες
1278 3352 1376 3414 τὰς
1411 3354 1469 3405 ὲν
1501 3354 1780 3424 Βυζαντίῳ

193 3431 513 3503 διατριϐὰς,
576 3439 941 3509 παρεγένοντο
992 3443 1049 3494 έν
1107 3443 1184 3513 τῷ
1248 3444 1546 3517 Ἰλλυρικῷ.
1614 3449 1782 3502 Ἔνθα

198 3524 360 3593 παρὰ
395 3525 474 3594 τῷ
526 3528 757 3597 ἡγεμόνι
810 3531 1053 3598 μέταλλά
1089 3549 1211 3586 τινα
1242 3535 1644 3607 διερευνῶντες,
1681 3540 1780 3608 τὴν

195 3614 414 3667 οἰκείαν
451 3622 648 3688 τέχνην
696 3619 1032 3689 εἰργάζοντο.
1078 3621 1213 3678 Εἶτα
1266 3627 1398 3698 παρ’
1439 3629 1602 3682 αὑτοῦ
1642 3631 1779 3684 ἀπο-

199 3707 521 3763 στέλλονται
560 3712 695 3780 πρὸς
741 3713 1034 3768 Λικίννιον.
1074 3719 1186 3770 Καὶ
1222 3718 1313 3771 ὑπ’
1372 3720 1538 3774 αὑτοῦ
1589 3722 1780 3778 ἔλαϐον

199 3799 494 3867 χρήματα,
551 3801 833 3874 ἀνεγεῖραι
882 3808 994 3870 τοῖς
1040 3808 1284 3872 εἰδώλοις
1317 3811 1463 3865 ναόν.
1521 3812 1680 3867 Ἀλλὰ
1713 3815 1781 3869 τὰ

203 3891 308 3959 μὲν
329 3893 598 3961 χρήματα
626 3897 738 3958 τοῖς
769 3896 964 3968 πένησι
989 3897 1259 3955 διέδωκαν*
1287 3904 1380 3956 τὸν
1428 3905 1486 3958 δὲ
1516 3906 1640 3959 ναὸν
1667 3910 1782 3979 είρ-

199 3979 458 4046 γάζοντο.
493 3983 603 4035 Καὶ
622 3985 711 4036 ὅτε
734 3986 1012 4058 ἐτελέσθη,
1042 3991 1434 4060 συντρίψαντες
1465 3995 1532 4048 τὰ
1563 3996 1778 4063 εἴδωλα,

202 4068 558 4141 καθιέρωσαν
620 4076 782 4128 αὑτὸν
833 4080 915 4141 εἰς
973 4079 1132 4144 δόξαν
1193 4083 1455 4154 Χριστοῦ.
1520 4089 1688 4150 Γνοὺς
1726 4091 1782 4144 δὲ

199 4161 365 4214 τοῦτο
391 4163 687 4231 Λικίννιος,
713 4167 969 4222 ἐνέϐαλεν
991 4173 1188 4238 αὐτοὺς
1210 4177 1290 4239 εις
1312 4179 1488 4247 φρέαρ
1520 4179 1654 4248 βαθύ
1678 4199 1690 4212 ·
1725 4185 1782 4236 έν

200 4249 246 4323 ᾧ
275 4256 376 4318 τας
414 4257 628 4312 ἑαυτῶν
675 4260 854 4331 ψυχὰς
905 4265 1228 4335 παρέδωκαν
1265 4269 1343 4338 τῷ
1381 4271 1519 4341 Θεῷ.
1578 4274 1698 4328 Ἐπὶ
1727 4275 1781 4328 δὲ

204 4350 622 4404 Κωνσταντίνου
647 4352 744 4404 τοῦ
779 4356 1021 4424 μεγάλου
1075 4360 1462 4430 φανερωθέντα
1509 4364 1580 4416 τὰ
1630 4367 1781 4434 τίμια

203 4442 388 4495 αὐτῶν
417 4441 648 4512 λείψανα
666 4445 1057 4518 ἐπανήχθησαν
1077 4453 1157 4514 εἰς
1182 4453 1775 4511 Κωνσταντινούπολιν·

204 4537 298 4587 καὶ
325 4535 772 4605 ἀπετελέσθησαν
803 4541 859 4592 ὲν
888 4541 1062 4612 τόπῳ,
1097 4545 1154 4596 ὲν
1182 4536 1227 4613 ᾧ
1265 4546 1362 4600 νῦν
1399 4551 1774 4605 κατάκεινται.
1813 4575 1855 4628 ῃ

202 4648 313 4702 Καὶ
357 4648 622 4716 ἄθλησις
666 4650 787 4731 τῶν
820 4653 1012 4731 Lirim:
1054 4659 1372 4731 μαρτύρων
1406 4661 1643 4731 Ἑρμοῦ,
1678 4668 1781 4719 Σε-

586 4723 737 4788 ραπί
741 4738 890 4787 ωνος
919 4725 1017 4778 καὶ
1044 4723 1409 4784 Πολυαίνου.

276 4823 437 4883 Οὗτοι
471 4828 856 4900 διαϐληθέντες
891 4834 997 4888 ὑπὸ
1017 4836 1128 4889 τῶν
1152 4837 1421 4904 ἀπίστων,
1456 4841 1538 4893 ὅτι
1559 4843 1649 4894 τὸν
1681 4846 1779 4913 μὲν

206 4923 448 4991 Χριστὸν
489 4922 764 4989 σέϐονται,
799 4925 868 4978 τὰ
906 4926 963 4980 δὲ
988 4928 1184 4980 εἴδωλα
1222 4928 1622 5000 βδελύσσονται,
1650 4952 1780 5002 κρα-

204 5015 469 5082 τηθέντες
543 5013 619 5084 τῷ
681 5017 910 5086 ἐπάρχῳ
959 5020 1312 5089 παρέστησαν
1381 5021 1619 5095 Ῥώμης.
1671 5026 1782 5078 Καὶ

202 5107 647 5175 ὁμολογήσαντες
694 5109 979 5180 παρρησίᾳ
1029 5111 1129 5180 τὴν
1170 5114 1249 5175 είς
1289 5113 1526 5184 Χριστὸν
1574 5117 1777 5180 πίστιν,

202 5200 425 5269 πρῶτον
458 5198 559 5267 μὲν
583 5199 640 5251 ἐν
689 5201 1073 5272 σκοτεινοτάτῃ
1115 5204 1210 5255 καὶ
1247 5203 1623 5278 δυσωδεστάτῃ
1669 5210 1780 5262 ἁπ-

201 5289 569 5359 εκλείσθησαν
595 5288 832 5360 φυλακῇ.
851 5287 984 5343 Εἶτα
1013 5291 1368 5361 ἐκϐληθέντες
1392 5295 1493 5365 τῆς
1509 5294 1777 5368 φυλακῆς.

201 5385 304 5437 καὶ
334 5381 496 5435 θῦσαι
519 5382 633 5446 τοῖς
661 5383 902 5446 εἰδώλοις
925 5384 1003 5453 μὴ
1043 5385 1486 5456 καταδεξάμενοι,
1517 5388 1606 5441 διὰ
1657 5407 1780 5444 στε-

203 5475 444 5528 νοτάτων
489 5475 587 5528 καὶ
641 5475 1026 5545 δυσπορεύτων
1075 5479 1476 5549 κατασύρανται
1541 5481 1779 5553 χωρίων,

203 5567 470 5634 σχοινίοις
503 5566 798 5632 δεδεμένοι·
835 5569 928 5620 καὶ
956 5570 1014 5621 έν
1042 5569 1192 5640 αὐτῷ
1231 5570 1307 5641 τῷ
1353 5572 1634 5642 σύρεσθαι,
1686 5577 1782 5629 καὶ

201 5662 328 5721 ταῖς
388 5661 619 5731 πέτραις
658 5662 1132 5732 προσρήγνυσθαι,
1189 5664 1267 5734 τῷ
1318 5665 1436 5739 Θεῷ
1488 5669 1586 5732 τὰς
1628 5671 1780 5739 ἱερὰς

203 5751 392 5805 αὐτῶν
424 5751 726 5822 παρέθεντο
754 5753 949 5824 ψυχάς.
988 5755 1070 5810 Τὰ
1097 5755 1178 5808 σδὲ
1209 5756 1367 5826 τίμια
1412 5761 1507 5812 καὶ
1548 5760 1781 5832 πανίερα

206 5843 390 5898 αὐτῶν
422 5845 654 5915 λείψανά
714 5865 858 5911 τινες
897 5848 1005 5903 τῶν
1041 5849 1289 5904 εὐλαϐῶν
1321 5852 1689 5922 Χριστιανῶν,
1724 5855 1781 5905 ὲν

1887 3337 2109 3392 Christo
2130 3355 2159 3394 a
2191 3345 2306 3396 suis
2335 3347 2609 3414 magistris
2641 3351 2986 3422 martyrium,
3012 3354 3280 3426 Byzantio
3306 3337 3461 3417 sece-

1886 3430 2097 3494 dentes,
2129 3434 2182 3486 in
2210 3434 2481 3504 lllyricutn
2509 3453 2773 3496 venerunt
2801 3463 2812 3499 :
2846 3445 2937 3500 ubi
2972 3450 3112 3517 apud
3145 3452 3460 3519 praefectum

1888 3534 1939 3570 in
1994 3520 2321 3588 quibusdam
2370 3527 2718 3588 elaborandis
2770 3537 3005 3591 metallis
3048 3543 3284 3610 propriae
3328 3549 3464 3602 artis

1885 3624 2106 3680 operam
2142 3615 2548 3684 impendebant.
2581 3624 2664 3678 Ab
2701 3625 2892 3682 eodem
2929 3638 3111 3699 postea
3142 3635 3295 3690 missi
3326 3650 3461 3692 sunt

1887 3707 1952 3760 ad
1979 3707 2270 3775 Licinium,
2313 3728 2339 3766 a
2389 3731 2497 3783 quo
2526 3733 2779 3777 nummos
2807 3737 3136 3793 acceperunt
3166 3729 3234 3786 ad
3273 3732 3460 3787 fanum

1886 3803 2045 3858 idolis
2078 3806 2418 3876 erigendum.
2473 3812 2540 3865 At
2583 3818 2844 3883 pecunias
2893 3822 3225 3889 pauperibus
3273 3826 3461 3882 distri—

1888 3895 2137 3959 buentes,
2169 3899 2428 3968 templum
2462 3914 2844 3976 construxcre,
2884 3913 3028 3980 quod
3061 3913 3152 3970 ubi
3184 3914 3286 3970 fuit
3332 3934 3461 3987 per-

1888 3987 2108 4049 fectum.
2143 3994 2395 4047 contritis
2432 3995 2611 4064 idolis,
2639 4000 2702 4052 ad
2740 3999 2830 4054 Dei
2853 4002 3083 4071 gloriam
3115 4005 3459 4065 dedicaruut.

1889 4077 2001 4134 Hoc
2023 4084 2232 4150 agnito,
2261 4083 2507 4141 Licinius
2539 4103 2634 4144 eos
2668 4091 2719 4145 in
2756 4092 3084 4162 profundum
3116 4107 3340 4166 puteum
3369 4101 3465 4158 dc-

1889 4176 2072 4238 trusit,
2100 4176 2189 4230 ubi
2225 4193 2354 4232 suas
2383 4181 2596 4235 animas
2630 4183 2741 4237 Deo
2780 4187 3144 4244 tradiderunt.
3175 4190 3462 4262 Tempori-

1886 4266 1990 4321 bus
2011 4277 2192 4321 autem
2237 4269 2411 4340 Magni
2438 4274 2785 4329 Constantini
2821 4279 3182 4338 manifestata:
3216 4284 3459 4354 ipsorum

1886 4359 2147 4427 reliquiae,
2189 4360 2718 4434 Constantinopolim
2768 4366 2920 4424 fuere
2978 4374 3282 4443 translata,
3315 4385 3370 4431 et
3403 4379 3456 4431 in

1885 4464 1949 4500 eo
1983 4451 2123 4514 loco,
2156 4452 2247 4506 ubi
2276 4468 2423 4510 nunc
2445 4455 2647 4524 jaceat,
2679 4462 2990 4516 reconditae.

1886 4657 2052 4726 208
2103 4657 2163 4706 In
2215 4670 2836 4750 crrtgmeumanctor'unt
2885 4685 3174 4750 martyrum
3227 4679 3455 4750 Hermes,

2323 4730 2622 4797 Serapionis
2651 4746 2698 4787 et
2732 4737 2989 4806 I’ulyami.

1958 4841 2024 4894 Hi
2061 4851 2129 4896 ab
2169 4843 2480 4900 Inlidelibus
2503 4849 2764 4914 accusati,
2803 4862 2859 4906 ut
2898 4856 2989 4921 qui
3020 4855 3299 4915 Christum
3336 4867 3459 4933 qui-

1854 5003 1856 5006 .
1884 4932 2006 4987 dem
2039 4936 2300 4996 colerent,
2347 4937 2488 4991 idola
2521 4955 2649 4994 vero
2684 4953 3117 5015 contemnerent,
3153 4962 3208 5005 et
3237 4969 3456 5010 aversa.

1886 5035 2097 5083 rentur.
2140 5027 2365 5089 detenti,
2409 5044 2594 5084 coram
2642 5035 2894 5099 prefecto
2926 5036 3113 5104 Romae
3155 5054 3454 5113 steterunt;

1885 5126 2050 5184 atque
2105 5117 2310 5173 Christi
2371 5122 2528 5176 [idem
2586 5123 2816 5178 ﬁdenter
2871 5129 3129 5197 confessi,
3171 5137 3353 5204 primo
3401 5140 3455 5194 in

1885 5208 2341 5266 obscurissimum
2390 5215 2836 5286 teterrimumque
2888 5235 3164 5278 carcerem
3234 5226 3459 5286 fuerunt

1888 5300 2074 5370 iniecti
2111 5320 2125 5355 :
2162 5315 2348 5373 postea
2372 5306 2438 5360 de
2461 5309 2705 5362 custodia
2725 5311 2926 5377 educti,
2947 5328 3071 5369 cum
3097 5316 3258 5373 idolis
3283 5323 3457 5376 sacri-

1884 5391 2048 5448 ﬁcarc
2083 5395 2312 5458 nollent,
2343 5397 2566 5453 funibus
2599 5401 2859 5470 devincti,
2892 5421 2986 5475 per
3012 5412 3354 5471 aretissimos
3400 5425 3456 5472 et

1884 5484 2197 5543 inaccessos
2231 5490 2395 5545 calles
2434 5503 2738 5560 raptantur.
2778 5495 2915 5551 Dum
2950 5507 3131 5555 autem
3173 5505 3451 5561 traheren-

1885 5586 1992 5644 tur,
2027 5582 2194 5649 petris
2219 5581 2413 5644 collisi,
2448 5599 2633 5638 sacras
2668 5600 2797 5640 suas
2827 5590 3040 5647 animas
3071 5590 3181 5648 Deo
3207 5595 3449 5649 tradide-

1887 5679 2030 5724 runt.
2068 5670 2419 5727 Vcncrabilcs
2454 5689 2584 5730 vero
2623 5680 3108 5751 sanctissimasque
3137 5699 3330 5741 eorum
3365 5704 3452 5740 re-

1887 5764 2081 5832 liquias
2106 5779 2266 5820 noetu
2299 5768 2521 5835 quidam
2559 5769 2628 5838 pii
2655 5769 2954 5828 Christiani
2983 5777 3121 5829 clam
3166 5779 3450 5839 abeuntes.

1885 5865 2046 5926 atque
2081 5861 2349 5913 [Oti-.fillt‘s.
2388 5878 2508 5916 cum
2551 5863 2775 5929 psalmis
2818 5877 2869 5920 et
2907 5867 3125 5938 hymnis
3165 5872 3456 5942 sepultura-1
