4190 6534
669 430 767 491 501

1948 416 2304 478 MENOLOG
2316 415 2374 476 II
2413 416 2608 476 PARS
2651 414 2769 473 ΙΙΙ.

3822 404 3933 468 592

670 549 938 604 dederunt
973 541 1037 596 ad
1082 538 1312 609 gloriam
1344 537 1548 593 Christi
1596 535 1711 592 veri
1759 535 1852 591 Dei
1892 533 2090 600 nostri,
2142 548 2244 604 pro
2269 539 2300 598 Α

2386 530 2504 584 uicti
2537 528 2866 591 ἀπελθόντες
2904 527 3108 597 κρύφα,
3143 526 3234 579 καὶ
3261 525 3578 596 ἀνελόμενοι
3612 524 3750 596 μετὰ
3788 525 3933 592 ψαλ-

669 654 779 708 quu
810 631 1131 702 martyrium
1161 628 1414 684 alacriter
1439 626 1748 682 subierint.

1193 930 1428 987 EODEM
1467 925 1721 983 MENSE.

1190 1024 1284 1077 Die
1317 1022 1528 1077 decima
1562 1035 1708 1075 nona

676 1124 954 1180 Certamen
1003 1119 1175 1174 sancti
1225 1117 1404 1196 magni
1458 1115 1707 1184 martyris
1790 1111 2016 1166 Andrea:
2069 1117 2120 1164 et
2170 1126 2257 1162 so-

1354 1201 1580 1240 cwrum.

749 1303 975 1360 Exstitit
1003 1301 1116 1369 hic,
1145 1299 1476 1354 Maximiano
1506 1297 1831 1364 imperante,
1867 1291 1975 1348 dux
2010 1291 2244 1346 militum

679 1403 732 1454 in
762 1398 985 1454 Oriente
1023 1395 1126 1449 sub
1160 1391 1458 1455 Antiocho,
1492 1389 1588 1459 qui
1626 1389 1795 1444 totius
1827 1387 2101 1442 exercitus
2125 1400 2262 1455 prae—

681 1494 947 1549 fecturam
977 1486 1223 1558 gerebat.
1254 1483 1444 1553 Itaque
1474 1483 1543 1536 ab
1565 1495 1631 1535 eo
1657 1487 1777 1549 ipse
1806 1495 1931 1534 cum
1967 1478 2087 1533 aliis
2116 1477 2262 1532 duci-

681 1584 785 1637 bus
839 1580 1048 1635 missus
1107 1575 1371 1630 adversus
1423 1571 1641 1637 Persas,
1707 1567 1930 1622 Christo
1987 1567 2262 1629 invocato,

684 1676 879 1730 Persas
927 1665 1254 1740 proﬂigavit,
1308 1672 1362 1718 et
1407 1677 1476 1718 ex
1531 1661 1810 1730 insperata
1859 1659 2090 1713 victoria
2134 1671 2265 1711 suos

683 1762 1094 1821 commilitones
1140 1757 1209 1813 ad
1253 1755 1456 1812 Christi
1503 1753 1664 1809 [idem
1708 1751 1934 1806 attraxit
1961 1768 1973 1804 :
2004 1749 2098 1820 qui
2125 1748 2266 1819 apud

686 1856 1019 1913 Antiochum
1051 1849 1238 1916 delati,
1278 1848 1504 1919 perinde
1550 1861 1614 1900 ac
1640 1846 1742 1905 rei.
1779 1855 1904 1898 ante
1956 1844 2108 1896 illum
2137 1857 2269 1896 eon-

2351 622 2472 692 ‘jMDV
2523 620 2620 674 καὶ
2685 619 2874 690 ὓμνων
2903 618 3059 687 τάφῳ
3114 617 3585 688 παραδεδώκασιν,
3639 617 3720 680 εἰς
3769 615 3933 682 δόξαν

2354 709 2594 782 Χριστοῦ
2626 709 2722 764 τοῦ
2770 709 3028 780 ἀληθινοῦ
3073 707 3206 761 Θεοῦ
3244 709 3422 779 ήμῶν,
3451 707 3518 760 δι’
3543 706 3602 761 ὃν
3636 705 3932 778 προθῦμως

2355 802 2778 873 ἐτελειώθησαν.

2871 892 3051 946 MliNl
3091 893 3177 963 Τῼ
3205 891 3408 961 arm.

3097 986 3176 1039 16'

2365 1087 2661 1168 Ἀθληοίις
2720 1099 2823 1154 τοῦ
2883 1100 3058 1169 ἁγίου
3087 1099 3619 1168 μεγαλσμάρτυρος
3661 1097 3937 1166 Ἀνδρέου

2834 1168 2940 1224 καί
2968 1168 3088 1222 τῶν
3125 1169 3248 1223 σὺν
3272 1170 3453 1234 αὐτῷ.

2477 1278 2604 1348 ῦτος
2649 1283 2898 1355 ὑπῆρχεν
2933 1284 3026 1336 ἐπὶ
3072 1284 3172 1353 τῆς
3231 1283 3508 1352 βασιλείας
3567 1281 3940 1352 Μαξιμιανοῦ,

2367 1377 2746 1449 στρατηλάτης
2776 1379 2833 1428 ἐν
2855 1379 2920 1446 τῇ
2948 1377 3178 1445 ἀνατολῇ
3209 1376 3362 1445 χώρᾳ
3396 1376 3499 1428 ὑπὸ
3545 1377 3819 1444 Ἀντίοχον
3840 1375 3946 1442 τῆς

2366 1470 2496 1538 ὅλης
2543 1467 2753 1532 τάξεως
2811 1466 3246 1537 στρατηγοῦντα.
3297 1465 3648 1526 Ἀποσταλεὶς
3713 1464 3769 1515 δὲ
3809 1463 3947 1529 παρ’

2369 1562 2535 1613 αὑτοῦ
2569 1560 2688 1629 μεθ’
2725 1559 2928 1627 ἐτέρων
2970 1557 3358 1629 στρατηλατῶν
3387 1559 3526 1610 κατά
3549 1558 3658 1609 τῶν
3691 1555 3944 1626 Περσῶν,

2368 1649 2840 1718 ἐπικαλεσάμενος
2872 1649 2964 1702 τὸν
2988 1648 3243 1720 Χριστὸν,
3262 1647 3385 1710 τοὺς
3411 1647 3625 1714 Πέρσας
3650 1645 3942 1713 ἐτρέψατο.

2370 1743 2480 1795 Καὶ
2504 1743 2596 1794 ἐπὶ
2625 1745 2693 1812 τῇ
2725 1742 3034 1813 ἀνελπίστῳ
3053 1742 3201 1812 νίκῃ,
3225 1742 3352 1802 τοὺς
3383 1740 3480 1792 σὺν
3507 1739 3655 1808 αὑτῷ
3687 1737 3821 1807 πρὸς
3847 1736 3950 1803 τὴν

2371 1834 2463 1888 τοῦ
2501 1835 2740 1905 Χριστοῦ
2802 1833 2986 1887 πίστιν
3033 1835 3408 1888 ἐπεσπάσατο.
3461 1829 3859 1900 Διαϐληθέντες
3890 1827 3950 1879 δὲ

693 1951 952 2006 stiterunt
993 1962 1007 2000 :
1041 1953 1094 2000 et
1133 1945 1249 2013 ipse
1276 1939 1494 2011 quidem
1528 1953 1690 2007 super
1723 1936 1902 1990 ferreo
1943 1934 2115 2004 ignito
2150 1948 2272 2004 gra-

2390 1928 2670 1998 ⁹Λντιὸχῳ,
2708 1928 3059 1998 παρέστησαν
3093 1926 3242 1997 αὑτῷ
3267 1927 3341 1989 ὡς
3367 1925 3670 1978 καταδικοι.
3707 1923 3814 1976 Καὶ
3851 1923 3953 1975 αὑ-

692 2045 817 2096 hato
837 2037 1154 2109 expositus;
1184 2033 1304 2104 ejus
1331 2046 1461 2086 vero
1487 2031 1620 2086 socii
1647 2030 1712 2083 ad
1739 2027 2100 2099 quadraginta
2125 2026 2268 2095 ligna

695 2131 949 2186 manibus
1020 2125 1245 2181 fuerunt
1290 2120 1458 2177 afﬁxi.
1525 2123 1567 2174 Α
1622 2119 1770 2172 mille
1818 2116 2015 2172 exinde
2048 2115 2273 2169 alterius

696 2219 929 2292 agminis
980 2215 1268 2278 militibus,
1309 2212 1535 2282 jubente
1567 2209 1858 2270 Antiocho,
1909 2223 1975 2261 ex
2013 2207 2159 2260 illius
2192 2221 2276 2259 re-

699 2314 876 2386 gionis
909 2309 1108 2364 ﬁnibus
1133 2314 1262 2360 sunt
1287 2304 1469 2373 ejecti.
1509 2301 1612 2355 Sed
1644 2301 1744 2355 hos
1776 2300 1938 2353 etiam
1976 2297 2278 2351 admonens

700 2385 949 2465 sanctus,
979 2397 1043 2452 ad
1077 2393 1284 2451 Christi
1312 2392 1472 2446 ﬁdem
1503 2388 1764 2443 traduxit.
1802 2386 1958 2452 Quod
1994 2385 2085 2440 ubi
2116 2385 2280 2438 resci-

700 2497 777 2550 vit
822 2489 1147 2552 Antiochus,
1185 2486 1333 2555 ipsos
1377 2497 1504 2538 cum
1537 2481 1655 2536 suis
1704 2484 2049 2548 persecutus,
2086 2487 2279 2528 omnes

703 2588 883 2660 gladio
915 2579 1286 2641 obtruncavit,
1319 2591 1553 2647 quorum
1594 2581 1906 2643 postremus
1943 2568 2045 2623 fuit
2075 2566 2280 2638 glorio-

704 2659 961 2738 Sissimus
1015 2669 1220 2729 Christi
1266 2677 1470 2740 martyr
1508 2665 1756 2722 Andreas
1799 2663 2002 2718 athleta
2034 2659 2282 2716 celeber-

707 2787 904 2829 rimus.

708 2981 872 3054 209
921 2977 990 3033 Et
1046 2984 1307 3032 certamen
1356 2969 1531 3052 sancti
1589 2965 1845 3036 martyris
1905 2959 2163 3016 Timothei
2240 2967 2289 3013 et

1363 3054 1644 3095 sociorum.

779 3186 1066 3242 Gloriosus
1115 3178 1321 3235 Christi
1384 3183 1592 3244 martyr
1642 3169 1969 3226 Timotheus
2031 3167 2088 3222 in
2148 3164 2293 3221 Gaza

2371 2021 2461 2084 τὸς
2491 2020 2590 2091 μὲν
2617 2022 2709 2072 ἐπὶ
2747 2021 2936 2091 κλίνης
2967 2021 3192 2091 σιδηρᾶς
3221 2019 3573 2090 πυρωθείσης
3605 2015 3853 2086 ήπλώθη.
3886 2016 3954 2066 Oi

2373 2115 2430 2166 δὲ
2462 2113 2559 2166 σὺν
2612 2112 2762 2183 αὐτῷ
2819 2116 2875 2166 ἐν
2912 2113 3279 2182 τετραγώνοις
3323 2112 3502 2178 ξύλοις
3549 2107 3954 2177 καθῃλώθησαν

2374 2210 2472 2271 τὰς
2495 2211 2703 2279 χεῖρας.
2725 2204 2857 2260 Εἶτα
2880 2207 2984 2260 ὑπὸ
3015 2205 3201 2276 χιλίων
3232 2204 3435 2273 ἐτέρων
3459 2201 3828 2273 στρατιωτῶν,
3856 2198 3955 2251 τοῦ

2396 2302 2669 2370 Ἀντιόχου
2704 2300 3133 2372 προστάξαντος,
3164 2298 3272 2350 τῶν
3303 2296 3468 2366 ὁρίων
3487 2296 3585 2364 τῆς
3606 2295 3789 2365 χώρας
3810 2297 3961 2362 ἀπη-

2379 2393 2640 2465 λάθησαν.
2674 2393 2780 2456 Οὓς
2810 2391 3140 2461 νουθετήσας
3162 2391 3189 2442 δ
3220 2389 3394 2456 ἅγιος,
3425 2393 3563 2456 πρὸς
3598 2387 3698 2456 τὴν
3727 2388 3962 2455 eL;sz-

2385 2488 2507 2539 στὸν
2541 2489 2822 2556 μετήγαγε
2849 2485 3054 2539 πίστιν.
3095 2484 3207 2537 Καὶ
3233 2481 3390 2535 τοῦτο
3413 2483 3572 2549 γνοὺς
3593 2481 3620 2532 ὀ
3663 2481 3961 2548 Ἀντίοχος,

2385 2581 2477 2631 καὶ
2509 2576 2860 2640 καταδιώξας
2887 2577 3025 2646 μετὰ
3047 2576 3154 2628 τῶν
3193 2573 3284 2627 ὑπ’
3323 2575 3508 2638 αὑτὸν,
3541 2572 3749 2633 πάντας
3779 2570 3962 2624 ἀνεῖλε

2383 2674 2493 2733 τοῖς
2528 2669 2728 2738 ξίφεσι.
2778 2668 2889 2721 Καὶ
2945 2666 3172 2736 ἔσχατον
3233 2665 3453 2719 πάντων
3497 2665 3588 2716 τὸν
3640 2662 3965 2727 πανὲνδοξον

2391 2762 2643 2830 μάρτυρα
2695 2758 2788 2812 τοῦ
2837 2757 3074 2829 Χριστοῦ
3136 2755 3392 2827 Ἀνδρέαν
3442 2755 3535 2807 τὸν
3589 2755 3648 2805 ὲν
3701 2751 3967 2821 ἀθληταῖς

2389 2850 2505 2904 ὰοίὸ
2516 2869 2527 2899 ι
2535 2866 2653 2918 μον.

2392 2966 2499 3020 Καὶ
2555 2967 2810 3033 ἄθλησις
2858 2964 3168 3050 τοῦργιογ
3208 2961 3502 3050 μάρτρρος
3542 2959 3815 3029 Τιμοθέου
3867 2956 3969 3010 καὶ

2935 3053 3048 3087 των
3091 3049 3212 3087 συν
3233 3049 3415 3098 αυτῳ.

2502 3174 2543 3226 Ο
2579 3171 2786 3234 ἔνδοξος
2829 3170 2922 3223 τοῦ
2962 3167 3200 3239 Χριστοῦ
3251 3182 3460 3235 μ.ρτυς
3488 3161 3751 3232 Τιμόθεος
3789 3160 3974 3229 ὑπῆρ-

715 3279 1019 3336 Pahcstina:
1056 3274 1278 3330 civitate
1308 3278 1492 3332 natus,
1518 3281 1643 3321 cum
1680 3264 1928 3318 doctrina
1966 3269 2019 3316 et
2049 3259 2294 3314 moribus

2405 3283 2498 3337 χεν
2530 3266 2594 3316 ἐκ
2635 3260 3016 3329 Παλαιστίνης,
3047 3260 3113 3311 ἐκ
3149 3257 3359 3318 πόλεως
3396 3253 3575 3324 Γάζης
3601 3269 3615 3282 ⁸
3657 3252 3756 3322 βίῳ
3789 3250 3846 3302 δὲ
3881 3249 3978 3301 καὶ

714 3371 970 3427 omnibus
1021 3373 1168 3423 esset
1208 3361 1452 3419 numeris
1505 3357 1815 3421 absolutus,
1851 3354 2136 3409 veritatem
2173 3351 2299 3405 edo-

715 3465 890 3520 cebat.
922 3461 1185 3515 Detentus
1221 3456 1408 3523 itaque
1434 3451 1584 3506 stetit
1609 3462 1793 3503 coram
1821 3445 1982 3499 Gaza:
2014 3441 2300 3512 prtefecto;

717 3569 772 3613 et
839 3557 1231 3620 interrogatus,
1301 3557 1470 3613 seque
1544 3537 1917 3592 Christianum
1992 3529 2300 3592 confessus,

720 3645 923 3702 Christi
962 3639 1353 3702 (economiam,
1387 3634 1618 3704 ejusque
1665 3634 1890 3698 propter
1935 3639 2036 3678 nos
2067 3621 2308 3693 peregri-

719 3739 1023 3801 nationem,
1068 3742 1120 3786 et
1173 3727 1602 3784 incarnationem
1650 3719 1953 3789 lheologice
2002 3729 2306 3786 exponens,

725 3827 1004 3899 vapulavit
1029 3822 1320 3880 crudeliter
1354 3839 1368 3874 :
1402 3815 1735 3883 cunctisque
1767 3818 2165 3866 tormentorum
2213 3822 2307 3877 ge-

729 3923 955 3976 neribus
991 3925 1241 3980 vexatus,
1283 3927 1347 3967 ae
1394 3908 1546 3964 nullo
1580 3905 1743 3960 modo
1776 3901 1998 3968 cedens,
2041 3899 2154 3973 igni
2196 3907 2312 3952 tra-

727 4015 895 4076 ditus,
931 4010 1090 4064 finem
1119 4003 1351 4073 accepit.
1388 3999 1592 4054 Eadem
1618 3995 1728 4062 die,
1758 3993 2055 4060 eademque
2088 3991 2143 4044 in
2178 3989 2314 4044 urbe

733 4105 974 4176 Agapius
1025 4111 1078 4155 et
1112 4095 1333 4157 Thecla,
1373 4093 1468 4162 qui
1527 4091 1583 4146 in
1640 4101 1862 4143 carcere
1906 4082 2312 4148 detinebantur,

734 4173 878 4266 quod
937 4193 993 4247 in
1046 4188 1267 4245 nomine
1318 4179 1523 4238 Christi
1574 4179 1858 4241 docerent,
1899 4173 2212 4240 multosque
2249 4183 2317 4223 ex

737 4286 1052 4342 infidelibus
1093 4281 1161 4336 ab
1205 4291 1392 4335 errore
1443 4278 1765 4329 revocarent
1813 4268 1881 4323 ad
1924 4266 2240 4332 Dominum,
2265 4271 2321 4318 et

738 4376 1106 4445 baptizarent,
1165 4381 1355 4424 coram
1413 4362 1672 4435 praefecto
1717 4366 1989 4422 astantes,
2037 4370 2216 4425 neque
2263 4363 2323 4408 ut

741 4469 900 4522 idolis
928 4464 1320 4525 sacrificarent,
1363 4455 1597 4519 inducti,
1633 4452 1728 4508 sed
1773 4461 1978 4504 sartam
2017 4456 2324 4516 teetamquc

745 4562 837 4616 Dei
877 4559 1221 4614 dilectionem
1255 4559 1562 4615 servantes,
1596 4545 1792 4602 belluis
1816 4541 2042 4614 objecti,
2076 4539 2322 4610 martyrii

745 4667 1001 4710 coronam
1035 4650 1356 4705 retulerunt.

1273 4867 1504 4924 EODEM
1547 4864 1802 4922 MENSE.

1323 4961 1418 5013 Dic
1453 4960 1713 5013 VlCt'Slllla

999 5075 1262 5134 Memoria
1301 5069 1471 5127 sancti
1503 5067 1766 5139 propheta:
1798 5064 2079 5120 Samuelis.

2405 3357 2549 3425 λόγῳ
2592 3353 3025 3422 κατηρτισμένος
3068 3347 3167 3412 ὢν,
3208 3346 3528 3407 διδασκαλος
3573 3345 3672 3413 τῆς
3719 3340 3980 3409 ἀληθείας

2405 3449 2642 3517 ἐγένετο.
2699 3445 2810 3497 Καὶ
2861 3441 3177 3514 κρατηθεὶς,
3241 3439 3487 3510 παρέστη
3538 3435 3616 3505 τῷ
3653 3435 3751 3504 τῆς
3798 3431 3980 3500 Γάζης

2407 3540 2648 3607 ἄρχοντι.
2707 3534 2818 3588 Καὶ
2865 3531 3184 3602 ἐρωτηθεὶς,
3236 3528 3333 3582 καὶ
3392 3525 3717 3598 Χριστιανὸν
3785 3525 3980 3577 ἑαυτὸν

2407 3629 2768 3700 ὁμολογήσας,
2805 3626 2898 3678 καὶ
2931 3625 3029 3694 τὴν
3055 3624 3149 3676 τοῦ
3181 3620 3420 3691 Χριστοῦ
3472 3619 3803 3688 θεολογήσας
3831 3618 3982 3668 οἱκο-

2409 3722 2599 3793 νομίαν
2651 3738 2712 3773 τε
2756 3720 2851 3771 καὶ
2899 3717 2998 3786 τὴν
3028 3716 3094 3768 δι’
3126 3717 3271 3784 ἡμᾶς
3303 3713 3598 3782 ἐπιδημίαν
3639 3713 3730 3762 καὶ
3765 3711 3984 3779 σαρκω-

2413 3834 2516 3880 σιν,
2552 3813 2757 3883 ἐτύφθη
2795 3811 3064 3880 σφοδρῶς.
3114 3808 3226 3860 Καὶ
3269 3808 3537 3860 παντοίων
3570 3803 3820 3873 βασάνων
3851 3819 3986 3870 προ-

2416 3910 2722 3977 σωμίλησεν
2767 3904 2966 3966 ἰδέαις*
3007 3902 3102 3954 καὶ
3141 3900 3264 3970 μηδ’
3312 3901 3452 3960 ὅλως
3501 3898 3796 3966 καμφθεὶς,
3851 3897 3989 3964 πυρὶ

2416 3997 2766 4070 παραδοθεὶς,
2802 3992 3116 4060 ἐτελειώθη.
3145 3992 3280 4046 Κατ’
3311 3993 3529 4060 ἐκείνην
3567 3991 3621 4042 δὲ
3649 3990 3746 4060 τὴν
3772 3989 3988 4057 ἡμέραν

2418 4096 2474 4145 ὲν
2506 4093 2644 4161 αὐτῇ
2669 4092 2734 4160 τῇ
2762 4088 2916 4140 πόλει
2949 4088 3229 4155 ’Δγάπιος,
3261 4085 3355 4137 καὶ
3383 4082 3580 4144 Θέκλα,
3606 4083 3991 4134 κατάκλειστοι

2417 4184 2568 4246 ὄντες
2606 4186 2686 4245 είς
2729 4181 3000 4250 φυλακὴν,
3029 4178 3119 4231 διὰ
3147 4176 3208 4229 τὸ
3237 4176 3506 4229 διδάσκειν
3533 4174 3625 4226 ἐπὶ
3650 4173 3727 4243 τῷ
3766 4173 3991 4242 ὀνόματι

2420 4275 2514 4328 τοῦ
2561 4273 2823 4344 Χριστοῦ,
2871 4272 2965 4323 καὶ
2999 4269 3225 4329 πολλοὺς
3267 4267 3376 4319 τῶν
3436 4266 3679 4318 ἀπίστων
3733 4264 3838 4315 ἀπὸ
3892 4264 3993 4331 τῆς

2425 4367 2630 4435 πλάνης
2663 4363 3012 4432 ἐπιστρέφειν
3042 4361 3135 4413 ἐπὶ
3167 4360 3256 4412 τὸν
3291 4358 3518 4424 Κύριον,
3556 4356 3649 4408 καὶ
3687 4353 3992 4424 βαπτίζειν,

2427 4457 2805 4526 παραστάντες
2848 4454 2924 4523 τῷ
2963 4454 3066 4505 αὐτ
3083 4454 3111 4520 ἶ)
3152 4454 3395 4520 ἄρχοντι,
3437 4450 3532 4501 καὶ
3567 4449 3642 4518 μὴ
3680 4448 3996 4508 πεισθέντες

2429 4550 2590 4602 θῦσαι
2622 4551 2734 4609 τοῖς
2772 4544 3033 4610 εἰδώλοις,
3070 4543 3185 4596 ἀλλ’
3219 4542 3570 4611 ἀντεχόμενοι
3602 4541 3699 4608 τῆς
3733 4540 3869 4610 πρὸς
3906 4541 3998 4591 τὸν

2355 4614 2663 4712 Ι)Χριστον
2735 4640 2976 4706 ἀγάπης,
3049 4635 3212 4705 θηρσὶ
3286 4632 3680 4703 προσριφέντες
3741 4630 3832 4682 τὸν
3899 4630 3999 4698 τῆς

2435 4733 2744 4802 μαρτυρίας
2780 4733 3107 4801 ἐκομίσαντο
3135 4729 3419 4797 στέφανον.

2944 4843 3123 4895 ΜιιΝι
3161 4841 3248 4910 re
3285 4839 3488 4908 arm.

3184 4930 3245 4985 λ,

2601 5051 2814 5119 Μνιξμη
2851 5048 2956 5102 τοῦ
2982 5048 3153 5115 ἁγίου
3178 5044 3490 5114 προφήτου
3527 5039 3830 5112 Σαμοιπήλ.

829 5214 1052 5276 Samuel
1081 5211 1352 5282 gleriosus
1383 5215 1438 5262 et
1471 5218 1703 5274 magnus
1739 5201 1833 5256 Dei
1873 5200 2135 5271 propheta
2165 5197 2217 5252 in
2241 5194 2335 5250 Ju-

758 5315 874 5367 daea
903 5318 1058 5363 ortus
1109 5310 1212 5366 est,
1256 5314 1322 5354 ex
1369 5306 1553 5351 monte
1598 5293 1857 5363 Ephraim
1899 5290 1965 5344 de
2005 5289 2148 5344 tribu
2180 5286 2333 5352 Levi,

761 5403 905 5458 [ilius
926 5397 1129 5452 Eleana
1182 5399 1236 5447 et
1262 5391 1452 5443 Annae.
1487 5385 1732 5440 Habebat
1764 5393 1944 5437 autem
1974 5381 2172 5436 Eleana
2202 5380 2340 5433 duas

766 5505 983 5555 uxores,
1015 5499 1255 5557 quarum
1304 5495 1407 5535 una
1455 5479 1639 5544 Anna,
1670 5477 1980 5531 thnanna
2029 5474 2198 5527 altera
2245 5487 2342 5540 ap-

768 5585 1086 5657 pellabatur.
1124 5578 1189 5630 Et
1239 5574 1546 5628 thnanna
1596 5570 1814 5639 quidem
1863 5567 2030 5622 illium
2074 5566 2341 5629 habebat;

768 5687 920 5738 Anna
965 5688 1092 5730 vero
1153 5680 1433 5737 nunquam
1495 5669 1777 5734 genuerat.
1831 5658 2093 5714 Ascendit
2163 5664 2344 5709 autem

773 5774 966 5829 Eleana
1021 5778 1132 5820 una
1192 5774 1318 5816 cum
1347 5759 1505 5811 Anna
1530 5755 1584 5808 in
1619 5754 1825 5819 Selom,
1859 5759 1918 5804 ut
1949 5749 2116 5802 Deum
2145 5746 2346 5802 adora-

775 5877 852 5920 ret
892 5882 903 5917 :
937 5859 1028 5916 sed
1065 5853 1327 5910 Dominus
1359 5849 1528 5920 ipsius
1571 5857 1786 5902 uterum
1834 5844 2212 5906 obstruxerat;
2249 5853 2347 5894 nec

2509 5188 2764 5258 Σαμουὴλ
2809 5190 2836 5240 ὁ
2868 5185 3098 5249 ἔνδοξος,
3135 5184 3230 5236 καὶ
3281 5184 3455 5251 μέγας
3489 5180 3581 5232 τοῦ
3623 5179 3760 5232 Θεοῦ
3794 5179 4007 5249 προεξή-

2438 5297 2560 5351 της,
2615 5280 2857 5349 ὑπῆρχεν
2917 5281 2980 5331 ἐκ
3027 5277 3123 5346 τῆς
3178 5275 3360 5345 χώρας
3417 5272 3700 5335 Ἰουδαίας,
3753 5272 3810 5336 ἐξ
3854 5270 4008 5338 ὅρους

2454 5372 2714 5443 Ἐφραῒμ,
2745 5375 2809 5424 ἐκ
2832 5372 3003 5439 φυλῆς
3033 5369 3186 5434 Λευῖ,
3223 5369 3336 5430 υίὸς
3383 5366 3638 5429 Ἐλκανὰ,
3665 5367 3757 5416 καὶ
3790 5365 4006 5431 Ἀννης.

2456 5469 2512 5522 '0
2555 5469 2613 5520 δὲ
2662 5466 2897 5519 Ἐλκανὰ
2927 5465 3020 5517 δύο
3061 5465 3326 5531 γυναῖκας
3373 5461 3566 5528 ἐσχενο
3604 5459 3770 5526 ὄνομα
3801 5459 3867 5526 τῇ
3916 5457 4009 5523 μὲν

2446 5560 2640 5630 πρώτῃ
2678 5561 2869 5621 Ἅννα,
2898 5560 2964 5627 τῇ
3011 5557 3066 5606 δέ
3094 5555 3324 5624 δευτέρᾳ
3368 5552 3657 5604 Φαινάννα.
3701 5550 3809 5600 Καὶ
3846 5544 3909 5616 ἦν

2451 5654 2550 5722 μὲν
2579 5652 2850 5719 Φαινὰννῃ
2884 5646 3095 5700 παιδίον
3122 5662 3134 5674 ·
3173 5648 3238 5714 τῇ
3278 5644 3333 5696 δὲ
3368 5642 3535 5712 Ἀννῃ
3566 5642 3664 5693 οὐκ
3688 5635 3755 5710 ἦν
3784 5640 4008 5693 παιδίον.

2450 5745 2560 5799 Καὶ
2591 5743 2756 5813 ἀνέϐη
2813 5739 3044 5794 Ἐλκανὰ
3078 5737 3456 5806 προσκυνῆσαι
3489 5734 3566 5804 τῷ
3595 5732 3712 5802 Θεῷ
3731 5734 3787 5786 ἐν
3821 5730 4014 5802 Σηλὼμ

2455 5838 2592 5908 μετὰ
2626 5838 2720 5901 τῖες
2769 5837 3001 5904 ’Λννης.ι
3047 5835 3105 5886 Ὀ
3132 5832 3188 5886 δέ
3218 5831 3424 5900 Κύριος
3465 5828 3753 5882 ἀπέκλεισε
3783 5826 3879 5891 τὴν
3913 5825 4011 5892 μή-

111 6051 543 6424 ί

111 6063 519 6424 ί
