  <div class='ocr_page' id='page_1' title='image "/cluster/home/n/w/nwhite01/storage/ocr_20150623/117/nnc1.0046980202/313.png"; bbox 0 0 4190 6534; ppageno 0'>
   <div class='ocr_carea' id='block_1_1' title="bbox 707 430 3964 499">
    <p class='ocr_par' dir='ltr' id='par_1_1' title="bbox 707 430 3964 499">
     <span class='ocr_line' id='line_1_1' title="bbox 707 430 3964 499; baseline -0.001 -1"><span class='ocrx_word' id='word_1_1' title='bbox 707 437 810 499; x_wconf 72' lang='lat'><strong>607</strong></span> <span class='ocrx_word' id='word_1_2' title='bbox 1979 434 2188 494; x_wconf 79' lang='grc' dir='ltr'><strong>ΜΕΝο</strong></span> <span class='ocrx_word' id='word_1_3' title='bbox 2199 430 2404 493; x_wconf 85' lang='lat' dir='ltr'>LOGII</span> <span class='ocrx_word' id='word_1_4' title='bbox 2449 433 2642 492; x_wconf 78' lang='lat' dir='ltr'><strong>PARS</strong></span> <span class='ocrx_word' id='word_1_5' title='bbox 2687 434 2800 493; x_wconf 83' lang='lat' dir='ltr'><strong>IlI.</strong></span> <span class='ocrx_word' id='word_1_6' title='bbox 3854 435 3964 496; x_wconf 68' lang='lat'><strong>60$</strong></span> 
     </span>
    </p>
   </div>
   <div class='ocr_carea' id='block_1_2' title="bbox 703 539 2321 614">
    <p class='ocr_par' dir='ltr' id='par_1_2' title="bbox 703 542 2321 613">
     <span class='ocr_line' id='line_1_2' title="bbox 703 542 2321 613; baseline -0.005 -11"><span class='ocrx_word' id='word_1_7' title='bbox 703 548 796 602; x_wconf 82' lang='lat' dir='ltr'><strong>sed</strong></span> <span class='ocrx_word' id='word_1_8' title='bbox 819 543 1152 602; x_wconf 76' lang='lat' dir='ltr'><strong>Christianis</strong></span> <span class='ocrx_word' id='word_1_9' title='bbox 1191 543 1439 600; x_wconf 78' lang='lat' dir='ltr'><strong>inferret.</strong></span> <span class='ocrx_word' id='word_1_10' title='bbox 1471 543 1756 598; x_wconf 85' lang='lat' dir='ltr'><strong>Blanditiis</strong></span> <span class='ocrx_word' id='word_1_11' title='bbox 1786 542 1951 613; x_wconf 78' lang='lat' dir='ltr'><strong>igitur</strong></span> <span class='ocrx_word' id='word_1_12' title='bbox 1983 558 2010 596; x_wconf 86' lang='lat' dir='ltr'><strong>a</strong></span> <span class='ocrx_word' id='word_1_13' title='bbox 2045 551 2278 612; x_wconf 77' lang='lat' dir='ltr'><strong>tyranno</strong></span> <span class='ocrx_word' id='word_1_14' title='bbox 2309 561 2321 600; x_wconf 65' lang='grc' dir='ltr'><em>Α</em></span> 
     </span>
    </p>
   </div>
   <div class='ocr_carea' id='block_1_3' title="bbox 2428 539 3966 614">
    <p class='ocr_par' dir='ltr' id='par_1_3' title="bbox 2428 539 3966 614">
     <span class='ocr_line' id='line_1_3' title="bbox 2428 539 3966 614; baseline 0.005 -22"><span class='ocrx_word' id='word_1_15' title='bbox 2428 541 2547 594; x_wconf 66' lang='grc' dir='ltr'>ὧντι</span> <span class='ocrx_word' id='word_1_16' title='bbox 2588 539 2657 594; x_wconf 74' lang='grc' dir='ltr'><strong>τὰ</strong></span> <span class='ocrx_word' id='word_1_17' title='bbox 2701 542 2982 611; x_wconf 80' lang='grc' dir='ltr'>χρήματα,</span> <span class='ocrx_word' id='word_1_18' title='bbox 3009 540 3101 596; x_wconf 74' lang='grc' dir='ltr'>καὶ</span> <span class='ocrx_word' id='word_1_19' title='bbox 3157 540 3230 612; x_wconf 86' lang='grc' dir='ltr'>μὴ</span> <span class='ocrx_word' id='word_1_20' title='bbox 3285 542 3610 612; x_wconf 78' lang='grc' dir='ltr'><strong>πολεμοῦντι</strong></span> <span class='ocrx_word' id='word_1_21' title='bbox 3639 543 3790 614; x_wconf 70' lang='grc' dir='ltr'>ἔθνη,</span> <span class='ocrx_word' id='word_1_22' title='bbox 3825 545 3966 600; x_wconf 75' lang='grc' dir='ltr'>ἀλλὰ</span> 
     </span>
    </p>
   </div>
   <div class='ocr_carea' id='block_1_4' title="bbox 705 633 2282 708">
    <p class='ocr_par' dir='ltr' id='par_1_4' title="bbox 705 633 2282 708">
     <span class='ocr_line' id='line_1_4' title="bbox 705 633 2282 708; baseline -0.001 -20"><span class='ocrx_word' id='word_1_23' title='bbox 705 635 1167 698; x_wconf 78' lang='lat' dir='ltr'><strong>delinitus.atque</strong></span> <span class='ocrx_word' id='word_1_24' title='bbox 1193 637 1648 708; x_wconf 85' lang='lat' dir='ltr'><strong>persuasibilibus</strong></span> <span class='ocrx_word' id='word_1_25' title='bbox 1675 637 1854 690; x_wconf 93' lang='lat' dir='ltr'><strong>verbis</strong></span> <span class='ocrx_word' id='word_1_26' title='bbox 1876 645 2098 688; x_wconf 88' lang='lat' dir='ltr'><strong>coactus</strong></span> <span class='ocrx_word' id='word_1_27' title='bbox 2125 633 2282 688; x_wconf 79' lang='lat' dir='ltr'><strong>Cliri—</strong></span> 
     </span>
    </p>
   </div>
   <div class='ocr_carea' id='block_1_5' title="bbox 709 727 2284 796">
    <p class='ocr_par' dir='ltr' id='par_1_5' title="bbox 709 727 2284 796">
     <span class='ocr_line' id='line_1_5' title="bbox 709 727 2284 796; baseline 0 -18"><span class='ocrx_word' id='word_1_28' title='bbox 709 735 852 780; x_wconf 89' lang='lat' dir='ltr'><strong>stum</strong></span> <span class='ocrx_word' id='word_1_29' title='bbox 885 727 1180 796; x_wconf 83' lang='lat' dir='ltr'><strong>abuegare,</strong></span> <span class='ocrx_word' id='word_1_30' title='bbox 1211 744 1310 784; x_wconf 90' lang='lat' dir='ltr'><strong>nec</strong></span> <span class='ocrx_word' id='word_1_31' title='bbox 1366 737 1547 782; x_wconf 88' lang='lat' dir='ltr'><strong>tamen</strong></span> <span class='ocrx_word' id='word_1_32' title='bbox 1579 727 1645 782; x_wconf 84' lang='lat' dir='ltr'><strong>ad</strong></span> <span class='ocrx_word' id='word_1_33' title='bbox 1689 728 1740 782; x_wconf 87' lang='lat' dir='ltr'><strong>id</strong></span> <span class='ocrx_word' id='word_1_34' title='bbox 1793 728 2068 792; x_wconf 90' lang='lat' dir='ltr'><strong>inductus,</strong></span> <span class='ocrx_word' id='word_1_35' title='bbox 2099 734 2284 795; x_wconf 85' lang='lat' dir='ltr'><strong>aperte</strong></span> 
     </span>
    </p>
   </div>
   <div class='ocr_carea' id='block_1_6' title="bbox 711 815 2284 888">
    <p class='ocr_par' dir='ltr' id='par_1_6' title="bbox 711 815 2284 888">
     <span class='ocr_line' id='line_1_6' title="bbox 711 815 2284 888; baseline 0 -20"><span class='ocrx_word' id='word_1_36' title='bbox 711 817 1064 886; x_wconf 80' lang='lat' dir='ltr'><strong>impugnatur</strong></span> <span class='ocrx_word' id='word_1_37' title='bbox 1108 821 1292 888; x_wconf 79' lang='lat'><strong>221,</strong></span> <span class='ocrx_word' id='word_1_38' title='bbox 1326 820 1580 887; x_wconf 87' lang='lat' dir='ltr'><strong>eteapite</strong></span> <span class='ocrx_word' id='word_1_39' title='bbox 1637 827 1970 886; x_wconf 89' lang='lat' dir='ltr'><strong>amputatus,</strong></span> <span class='ocrx_word' id='word_1_40' title='bbox 2025 815 2284 886; x_wconf 80' lang='lat' dir='ltr'><strong>martyrio</strong></span> 
     </span>
    </p>
   </div>
   <div class='ocr_carea' id='block_1_7' title="bbox 709 907 2284 980">
    <p class='ocr_par' dir='ltr' id='par_1_7' title="bbox 709 907 2284 980">
     <span class='ocr_line' id='line_1_7' title="bbox 709 907 2284 980; baseline 0.001 -20"><span class='ocrx_word' id='word_1_41' title='bbox 709 907 972 976; x_wconf 81' lang='lat' dir='ltr'><strong>fungitur.</strong></span> <span class='ocrx_word' id='word_1_42' title='bbox 1005 910 1134 980; x_wconf 81' lang='lat' dir='ltr'><strong>Ejus</strong></span> <span class='ocrx_word' id='word_1_43' title='bbox 1164 921 1344 966; x_wconf 87' lang='lat' dir='ltr'><strong>autem</strong></span> <span class='ocrx_word' id='word_1_44' title='bbox 1373 911 1614 980; x_wconf 65' lang='lat' dir='ltr'><strong>reliquiae</strong></span> <span class='ocrx_word' id='word_1_45' title='bbox 1667 911 1966 974; x_wconf 69' lang='lat' dir='ltr'><strong>translatae,</strong></span> <span class='ocrx_word' id='word_1_46' title='bbox 2001 911 2192 965; x_wconf 87' lang='lat' dir='ltr'><strong>eodem</strong></span> <span class='ocrx_word' id='word_1_47' title='bbox 2233 909 2284 962; x_wconf 92' lang='lat' dir='ltr'><strong>in</strong></span> 
     </span>
    </p>
   </div>
   <div class='ocr_carea' id='block_1_8' title="bbox 709 999 2288 1071">
    <p class='ocr_par' dir='ltr' id='par_1_8' title="bbox 709 999 2288 1071">
     <span class='ocr_line' id='line_1_8' title="bbox 709 999 2288 1071; baseline 0.004 -24"><span class='ocrx_word' id='word_1_48' title='bbox 709 1000 831 1052; x_wconf 81' lang='lat' dir='ltr'><strong>loco</strong></span> <span class='ocrx_word' id='word_1_49' title='bbox 867 999 1020 1056; x_wconf 77' lang='lat' dir='ltr'><strong>luere</strong></span> <span class='ocrx_word' id='word_1_50' title='bbox 1058 1004 1330 1071; x_wconf 64' lang='lat' dir='ltr'><strong>repositae,</strong></span> <span class='ocrx_word' id='word_1_51' title='bbox 1387 1003 1478 1056; x_wconf 84' lang='lat' dir='ltr'><strong>ubi</strong></span> <span class='ocrx_word' id='word_1_52' title='bbox 1537 1002 1714 1056; x_wconf 79' lang='lat' dir='ltr'><strong>sancti</strong></span> <span class='ocrx_word' id='word_1_53' title='bbox 1777 1001 2022 1066; x_wconf 72' lang='lat' dir='ltr'><strong>Adriani,</strong></span> <span class='ocrx_word' id='word_1_54' title='bbox 2059 1009 2288 1054; x_wconf 62' lang='lat' dir='ltr'><strong>caetero-</strong></span> 
     </span>
    </p>
   </div>
   <div class='ocr_carea' id='block_1_9' title="bbox 715 1093 2290 1165">
    <p class='ocr_par' dir='ltr' id='par_1_9' title="bbox 715 1093 2290 1165">
     <span class='ocr_line' id='line_1_9' title="bbox 715 1093 2290 1165; baseline 0.006 -25"><span class='ocrx_word' id='word_1_55' title='bbox 715 1105 948 1160; x_wconf 79' lang='lat' dir='ltr'><strong>ruinque</strong></span> <span class='ocrx_word' id='word_1_56' title='bbox 999 1106 1339 1160; x_wconf 78' lang='lat' dir='ltr'><strong>sanctorum,</strong></span> <span class='ocrx_word' id='word_1_57' title='bbox 1391 1103 1444 1149; x_wconf 87' lang='lat' dir='ltr'><strong>et</strong></span> <span class='ocrx_word' id='word_1_58' title='bbox 1486 1093 1718 1165; x_wconf 84' lang='lat' dir='ltr'><strong>Staebys</strong></span> <span class='ocrx_word' id='word_1_59' title='bbox 1762 1093 1988 1163; x_wconf 86' lang='lat' dir='ltr'><strong>apostoli</strong></span> <span class='ocrx_word' id='word_1_60' title='bbox 2047 1093 2290 1163; x_wconf 65' lang='lat' dir='ltr'><strong>reliquis:</strong></span> 
     </span>
    </p>
   </div>
   <div class='ocr_carea' id='block_1_10' title="bbox 707 1193 912 1250">
    <p class='ocr_par' dir='ltr' id='par_1_10' title="bbox 707 1193 912 1250">
     <span class='ocr_line' id='line_1_10' title="bbox 707 1193 912 1250; baseline 0.02 -16"><span class='ocrx_word' id='word_1_61' title='bbox 707 1193 912 1250; x_wconf 77' lang='lat' dir='ltr'><strong>jacent.</strong></span> 
     </span>
    </p>
   </div>
   <div class='ocr_carea' id='block_1_11' title="bbox 2383 635 3967 707">
    <p class='ocr_par' dir='ltr' id='par_1_11' title="bbox 2383 635 3967 707">
     <span class='ocr_line' id='line_1_11' title="bbox 2383 635 3967 707; baseline 0.003 -19"><span class='ocrx_word' id='word_1_62' title='bbox 2383 637 2763 704; x_wconf 84' lang='grc' dir='ltr'>Χριστιανούς.</span> <span class='ocrx_word' id='word_1_63' title='bbox 2793 636 3156 700; x_wconf 74' lang='grc' dir='ltr'>Κολακευθεὶς</span> <span class='ocrx_word' id='word_1_64' title='bbox 3181 635 3274 689; x_wconf 73' lang='grc' dir='ltr'>οὖν</span> <span class='ocrx_word' id='word_1_65' title='bbox 3313 636 3418 689; x_wconf 80' lang='grc' dir='ltr'><strong>ὑπὸ</strong></span> <span class='ocrx_word' id='word_1_66' title='bbox 3445 636 3538 690; x_wconf 79' lang='grc' dir='ltr'>τοῦ</span> <span class='ocrx_word' id='word_1_67' title='bbox 3569 638 3967 707; x_wconf 72' lang='grc' dir='ltr'>τυράννου,καὶ</span> 
     </span>
    </p>
   </div>
   <div class='ocr_carea' id='block_1_12' title="bbox 2386 727 3964 802">
    <p class='ocr_par' dir='ltr' id='par_1_12' title="bbox 2386 727 3964 802">
     <span class='ocr_line' id='line_1_12' title="bbox 2386 727 3964 802; baseline 0.004 -24"><span class='ocrx_word' id='word_1_68' title='bbox 2386 727 2790 796; x_wconf 76' lang='grc' dir='ltr'>πιθανολογίαις</span> <span class='ocrx_word' id='word_1_69' title='bbox 2837 728 3206 797; x_wconf 71' lang='grc' dir='ltr'>ἀναγκασθείς</span> <span class='ocrx_word' id='word_1_70' title='bbox 3229 729 3568 800; x_wconf 78' lang='grc' dir='ltr'><strong>ἀρνήσασθαι</strong></span> <span class='ocrx_word' id='word_1_71' title='bbox 3597 731 3964 802; x_wconf 70' lang='grc' dir='ltr'>τδνΧριστὺν,</span> 
     </span>
    </p>
   </div>
   <div class='ocr_carea' id='block_1_13' title="bbox 2387 819 3966 893">
    <p class='ocr_par' dir='ltr' id='par_1_13' title="bbox 2387 819 3966 893">
     <span class='ocr_line' id='line_1_13' title="bbox 2387 819 3966 893; baseline 0.005 -24"><span class='ocrx_word' id='word_1_72' title='bbox 2387 819 2481 870; x_wconf 77' lang='grc' dir='ltr'>καὶ</span> <span class='ocrx_word' id='word_1_73' title='bbox 2519 820 2592 889; x_wconf 86' lang='grc' dir='ltr'>μὴ</span> <span class='ocrx_word' id='word_1_74' title='bbox 2625 820 2886 884; x_wconf 78' lang='grc' dir='ltr'>πεισθεὶς,</span> <span class='ocrx_word' id='word_1_75' title='bbox 2923 821 3174 892; x_wconf 81' lang='grc' dir='ltr'><strong>φανερῶς</strong></span> <span class='ocrx_word' id='word_1_76' title='bbox 3203 823 3594 893; x_wconf 77' lang='grc' dir='ltr'>ἐπεϐουλεύθη,</span> <span class='ocrx_word' id='word_1_77' title='bbox 3627 825 3720 876; x_wconf 77' lang='grc' dir='ltr'>καὶ</span> <span class='ocrx_word' id='word_1_78' title='bbox 3742 825 3840 892; x_wconf 87' lang='grc' dir='ltr'><strong>τὴν</strong></span> <span class='ocrx_word' id='word_1_79' title='bbox 3871 843 3966 877; x_wconf 79' lang='grc' dir='ltr'>κε-</span> 
     </span>
    </p>
   </div>
   <div class='ocr_carea' id='block_1_14' title="bbox 2389 909 3970 984">
    <p class='ocr_par' dir='ltr' id='par_1_14' title="bbox 2389 909 3970 984">
     <span class='ocr_line' id='line_1_14' title="bbox 2389 909 3970 984; baseline 0.004 -22"><span class='ocrx_word' id='word_1_80' title='bbox 2389 909 2562 980; x_wconf 81' lang='grc' dir='ltr'>φαλὴν</span> <span class='ocrx_word' id='word_1_81' title='bbox 2591 911 2958 982; x_wconf 73' lang='grc' dir='ltr'>ἀποτμηθεὶς,</span> <span class='ocrx_word' id='word_1_82' title='bbox 2989 914 3302 984; x_wconf 78' lang='grc' dir='ltr'>ἐτελειώθη.</span> <span class='ocrx_word' id='word_1_83' title='bbox 3323 914 3396 967; x_wconf 71' lang='lat' dir='ltr'><strong>To</strong></span> <span class='ocrx_word' id='word_1_84' title='bbox 3423 915 3480 968; x_wconf 78' lang='grc' dir='ltr'>δὲ</span> <span class='ocrx_word' id='word_1_85' title='bbox 3513 915 3767 983; x_wconf 62' lang='grc' dir='ltr'>λείψανον</span> <span class='ocrx_word' id='word_1_86' title='bbox 3799 916 3970 968; x_wconf 75' lang='grc' dir='ltr'>αὑτοῦ</span> 
     </span>
    </p>
   </div>
   <div class='ocr_carea' id='block_1_15' title="bbox 2389 1003 3972 1079">
    <p class='ocr_par' dir='ltr' id='par_1_15' title="bbox 2389 1003 3972 1079">
     <span class='ocr_line' id='line_1_15' title="bbox 2389 1003 3972 1079; baseline 0.003 -23"><span class='ocrx_word' id='word_1_87' title='bbox 2389 1003 2758 1072; x_wconf 73' lang='grc' dir='ltr'><strong>ἀνακομισθὲν</strong></span> <span class='ocrx_word' id='word_1_88' title='bbox 2783 1005 2944 1074; x_wconf 79' lang='grc' dir='ltr'>ἐτέθη</span> <span class='ocrx_word' id='word_1_89' title='bbox 2994 1005 3124 1058; x_wconf 76' lang='grc' dir='ltr'>ἔνθα</span> <span class='ocrx_word' id='word_1_90' title='bbox 3147 1007 3208 1058; x_wconf 82' lang='grc' dir='ltr'><strong>τὺ</strong></span> <span class='ocrx_word' id='word_1_91' title='bbox 3231 1006 3322 1059; x_wconf 78' lang='grc' dir='ltr'>τοῦ</span> <span class='ocrx_word' id='word_1_92' title='bbox 3354 1007 3516 1076; x_wconf 83' lang='grc' dir='ltr'>ἁγίου</span> <span class='ocrx_word' id='word_1_93' title='bbox 3545 1007 3972 1079; x_wconf 75' lang='grc' dir='ltr'>Ἀδριανοῦ,καὶ</span> 
     </span>
    </p>
   </div>
   <div class='ocr_carea' id='block_1_16' title="bbox 2391 1092 3856 1168">
    <p class='ocr_par' dir='ltr' id='par_1_16' title="bbox 2391 1092 3856 1168">
     <span class='ocr_line' id='line_1_16' title="bbox 2391 1092 3856 1168; baseline 0.003 -22"><span class='ocrx_word' id='word_1_94' title='bbox 2391 1092 2500 1147; x_wconf 85' lang='grc' dir='ltr'><strong>τῶν</strong></span> <span class='ocrx_word' id='word_1_95' title='bbox 2543 1093 2746 1148; x_wconf 79' lang='grc' dir='ltr'>λοιπῶν</span> <span class='ocrx_word' id='word_1_96' title='bbox 2777 1095 2972 1162; x_wconf 82' lang='grc' dir='ltr'>ἀνίων,</span> <span class='ocrx_word' id='word_1_97' title='bbox 3013 1097 3108 1150; x_wconf 73' lang='grc' dir='ltr'>καὶ</span> <span class='ocrx_word' id='word_1_98' title='bbox 3129 1096 3370 1168; x_wconf 70' lang='grc' dir='ltr'>Στάχυος</span> <span class='ocrx_word' id='word_1_99' title='bbox 3405 1097 3496 1151; x_wconf 78' lang='grc' dir='ltr'><strong>τοῦ</strong></span> <span class='ocrx_word' id='word_1_100' title='bbox 3525 1097 3856 1152; x_wconf 82' lang='grc' dir='ltr'>ἀποστόλου.</span> 
     </span>
    </p>
   </div>
   <div class='ocr_carea' id='block_1_17' title="bbox 1251 1297 1779 1354">
    <p class='ocr_par' dir='ltr' id='par_1_17' title="bbox 1251 1297 1779 1354">
     <span class='ocr_line' id='line_1_17' title="bbox 1251 1297 1779 1354; baseline -0.004 0"><span class='ocrx_word' id='word_1_101' title='bbox 1251 1298 1491 1354; x_wconf 79' lang='lat' dir='ltr'><strong>EODEM</strong></span> <span class='ocrx_word' id='word_1_102' title='bbox 1523 1297 1779 1352; x_wconf 81' lang='lat' dir='ltr'><strong>MENSE.</strong></span> 
     </span>
    </p>
   </div>
   <div class='ocr_carea' id='block_1_18' title="bbox 1181 1389 1828 1460">
    <p class='ocr_par' dir='ltr' id='par_1_18' title="bbox 1181 1389 1828 1460">
     <span class='ocr_line' id='line_1_18' title="bbox 1181 1389 1828 1460; baseline 0.006 -20"><span class='ocrx_word' id='word_1_103' title='bbox 1181 1389 1276 1444; x_wconf 88' lang='lat' dir='ltr'><strong>Die</strong></span> <span class='ocrx_word' id='word_1_104' title='bbox 1303 1393 1563 1446; x_wconf 79' lang='lat' dir='ltr'><strong>vicesima</strong></span> <span class='ocrx_word' id='word_1_105' title='bbox 1602 1391 1828 1460; x_wconf 86' lang='lat' dir='ltr'><strong>septima</strong></span> 
     </span>
    </p>
   </div>
   <div class='ocr_carea' id='block_1_19' title="bbox 929 1477 2076 1535">
    <p class='ocr_par' dir='ltr' id='par_1_19' title="bbox 929 1477 2076 1535">
     <span class='ocr_line' id='line_1_19' title="bbox 929 1477 2076 1535; baseline 0.003 -5"><span class='ocrx_word' id='word_1_106' title='bbox 929 1477 1188 1532; x_wconf 79' lang='lat' dir='ltr'><strong>Memoria</strong></span> <span class='ocrx_word' id='word_1_107' title='bbox 1219 1485 1392 1534; x_wconf 70' lang='lat' dir='ltr'><strong>sancti</strong></span> <span class='ocrx_word' id='word_1_108' title='bbox 1447 1482 1810 1535; x_wconf 77' lang='lat' dir='ltr'><strong>Patrisnostri</strong></span> <span class='ocrx_word' id='word_1_109' title='bbox 1859 1481 2076 1534; x_wconf 65' lang='lat' dir='ltr'><strong>Liber-ii.</strong></span> 
     </span>
    </p>
   </div>
   <div class='ocr_carea' id='block_1_20' title="bbox 787 1587 2300 1662">
    <p class='ocr_par' dir='ltr' id='par_1_20' title="bbox 787 1587 2300 1662">
     <span class='ocr_line' id='line_1_20' title="bbox 787 1587 2300 1662; baseline 0.004 -22"><span class='ocrx_word' id='word_1_110' title='bbox 787 1587 984 1644; x_wconf 88' lang='lat' dir='ltr'><strong>Beatus</strong></span> <span class='ocrx_word' id='word_1_111' title='bbox 1021 1589 1294 1655; x_wconf 83' lang='lat' dir='ltr'><strong>Liberius,</strong></span> <span class='ocrx_word' id='word_1_112' title='bbox 1321 1594 1565 1646; x_wconf 82' lang='lat' dir='ltr'><strong>veritatis</strong></span> <span class='ocrx_word' id='word_1_113' title='bbox 1599 1603 1998 1662; x_wconf 79' lang='lat' dir='ltr'><strong>propugnator,</strong></span> <span class='ocrx_word' id='word_1_114' title='bbox 2026 1591 2300 1648; x_wconf 84' lang='lat' dir='ltr'><strong>Constan-</strong></span> 
     </span>
    </p>
   </div>
   <div class='ocr_carea' id='block_1_21' title="bbox 720 1680 2300 1754">
    <p class='ocr_par' dir='ltr' id='par_1_21' title="bbox 720 1680 2300 1754">
     <span class='ocr_line' id='line_1_21' title="bbox 720 1680 2300 1754; baseline 0.005 -24"><span class='ocrx_word' id='word_1_115' title='bbox 720 1681 796 1730; x_wconf 83' lang='lat' dir='ltr'><strong>tio</strong></span> <span class='ocrx_word' id='word_1_116' title='bbox 843 1680 1150 1748; x_wconf 87' lang='lat' dir='ltr'><strong>imperante</strong></span> <span class='ocrx_word' id='word_1_117' title='bbox 1206 1692 1322 1736; x_wconf 90' lang='lat' dir='ltr'><strong>erat</strong></span> <span class='ocrx_word' id='word_1_118' title='bbox 1381 1685 1572 1738; x_wconf 68' lang='lat' dir='ltr'><strong>Rome</strong></span> <span class='ocrx_word' id='word_1_119' title='bbox 1629 1685 1941 1754; x_wconf 85' lang='lat' dir='ltr'><strong>episcopus.</strong></span> <span class='ocrx_word' id='word_1_120' title='bbox 1987 1685 2126 1738; x_wconf 90' lang='lat' dir='ltr'><strong>Cum</strong></span> <span class='ocrx_word' id='word_1_121' title='bbox 2171 1699 2300 1739; x_wconf 85' lang='lat' dir='ltr'><strong>vero</strong></span> 
     </span>
    </p>
   </div>
   <div class='ocr_carea' id='block_1_22' title="bbox 721 1769 2302 1845">
    <p class='ocr_par' dir='ltr' id='par_1_22' title="bbox 721 1769 2302 1845">
     <span class='ocr_line' id='line_1_22' title="bbox 721 1769 2302 1845; baseline 0.007 -26"><span class='ocrx_word' id='word_1_122' title='bbox 721 1769 838 1820; x_wconf 79' lang='lat' dir='ltr'><strong>zelo</strong></span> <span class='ocrx_word' id='word_1_123' title='bbox 899 1770 1020 1824; x_wconf 89' lang='lat' dir='ltr'><strong>lidei</strong></span> <span class='ocrx_word' id='word_1_124' title='bbox 1063 1771 1380 1827; x_wconf 76' lang='lat' dir='ltr'><strong>orthodoxae</strong></span> <span class='ocrx_word' id='word_1_125' title='bbox 1413 1776 1646 1840; x_wconf 81' lang='lat' dir='ltr'><strong>arderet,</strong></span> <span class='ocrx_word' id='word_1_126' title='bbox 1676 1777 1914 1845; x_wconf 87' lang='lat' dir='ltr'><strong>suscepit</strong></span> <span class='ocrx_word' id='word_1_127' title='bbox 1945 1777 2302 1830; x_wconf 82' lang='lat' dir='ltr'><strong>Athanasium</strong></span> 
     </span>
    </p>
   </div>
   <div class='ocr_carea' id='block_1_23' title="bbox 723 1860 2310 1936">
    <p class='ocr_par' dir='ltr' id='par_1_23' title="bbox 723 1860 2310 1936">
     <span class='ocr_line' id='line_1_23' title="bbox 723 1860 2310 1936; baseline 0.009 -26"><span class='ocrx_word' id='word_1_128' title='bbox 723 1860 1087 1918; x_wconf 72' lang='lat' dir='ltr'><strong>abducreticis</strong></span> <span class='ocrx_word' id='word_1_129' title='bbox 1112 1867 1472 1932; x_wconf 78' lang='lat' dir='ltr'><strong>exagitatum,</strong></span> <span class='ocrx_word' id='word_1_130' title='bbox 1519 1879 1680 1936; x_wconf 82' lang='lat' dir='ltr'><strong>atque</strong></span> <span class='ocrx_word' id='word_1_131' title='bbox 1723 1869 2066 1922; x_wconf 68' lang='lat' dir='ltr'><strong>Alexandriae</strong></span> <span class='ocrx_word' id='word_1_132' title='bbox 2113 1869 2310 1924; x_wconf 88' lang='lat' dir='ltr'><strong>throno</strong></span> 
     </span>
    </p>
   </div>
   <div class='ocr_carea' id='block_1_24' title="bbox 724 1953 2304 2026">
    <p class='ocr_par' dir='ltr' id='par_1_24' title="bbox 724 1953 2304 2026">
     <span class='ocr_line' id='line_1_24' title="bbox 724 1953 2304 2026; baseline 0.008 -25"><span class='ocrx_word' id='word_1_133' title='bbox 724 1953 1038 2018; x_wconf 75' lang='lat' dir='ltr'><strong>expulsum,</strong></span> <span class='ocrx_word' id='word_1_134' title='bbox 1093 1957 1240 2024; x_wconf 89' lang='lat' dir='ltr'><strong>quod</strong></span> <span class='ocrx_word' id='word_1_135' title='bbox 1285 1960 1564 2011; x_wconf 88' lang='lat' dir='ltr'><strong>veritatem</strong></span> <span class='ocrx_word' id='word_1_136' title='bbox 1603 1959 1716 2026; x_wconf 87' lang='lat' dir='ltr'><strong>ipse</strong></span> <span class='ocrx_word' id='word_1_137' title='bbox 1759 1958 1934 2026; x_wconf 84' lang='lat' dir='ltr'><strong>palam</strong></span> <span class='ocrx_word' id='word_1_138' title='bbox 1967 1957 2304 2014; x_wconf 81' lang='lat' dir='ltr'><strong>defenderet.</strong></span> 
     </span>
    </p>
   </div>
   <div class='ocr_carea' id='block_1_25' title="bbox 731 2039 2310 2118">
    <p class='ocr_par' dir='ltr' id='par_1_25' title="bbox 731 2039 2310 2118">
     <span class='ocr_line' id='line_1_25' title="bbox 731 2039 2310 2118; baseline 0.007 -25"><span class='ocrx_word' id='word_1_139' title='bbox 731 2039 868 2094; x_wconf 88' lang='lat' dir='ltr'><strong>Dum</strong></span> <span class='ocrx_word' id='word_1_140' title='bbox 905 2047 1048 2098; x_wconf 86' lang='lat' dir='ltr'><strong>enim</strong></span> <span class='ocrx_word' id='word_1_141' title='bbox 1103 2047 1244 2100; x_wconf 89' lang='lat' dir='ltr'><strong>inter</strong></span> <span class='ocrx_word' id='word_1_142' title='bbox 1293 2049 1444 2102; x_wconf 86' lang='lat' dir='ltr'><strong>vivos</strong></span> <span class='ocrx_word' id='word_1_143' title='bbox 1507 2051 1736 2118; x_wconf 78' lang='lat' dir='ltr'><strong>agebant</strong></span> <span class='ocrx_word' id='word_1_144' title='bbox 1803 2049 2196 2105; x_wconf 84' lang='lat' dir='ltr'><strong>Constantinus</strong></span> <span class='ocrx_word' id='word_1_145' title='bbox 2257 2061 2310 2106; x_wconf 88' lang='lat' dir='ltr'><strong>et</strong></span> 
     </span>
    </p>
   </div>
   <div class='ocr_carea' id='block_1_26' title="bbox 729 2131 2308 2216">
    <p class='ocr_par' dir='ltr' id='par_1_26' title="bbox 729 2131 2308 2216">
     <span class='ocr_line' id='line_1_26' title="bbox 729 2131 2308 2216; baseline 0.011 -31"><span class='ocrx_word' id='word_1_146' title='bbox 729 2131 1007 2192; x_wconf 78' lang='lat' dir='ltr'><strong>Constans</strong></span> <span class='ocrx_word' id='word_1_147' title='bbox 1069 2141 1306 2211; x_wconf 82' lang='lat' dir='ltr'><strong>majores</strong></span> <span class='ocrx_word' id='word_1_148' title='bbox 1360 2157 1486 2198; x_wconf 87' lang='lat' dir='ltr'><strong>natu</strong></span> <span class='ocrx_word' id='word_1_149' title='bbox 1545 2147 1638 2199; x_wconf 83' lang='lat' dir='ltr'><strong>lilii</strong></span> <span class='ocrx_word' id='word_1_150' title='bbox 1701 2145 1880 2216; x_wconf 76' lang='lat' dir='ltr'><strong>Magni</strong></span> <span class='ocrx_word' id='word_1_151' title='bbox 1945 2149 2308 2214; x_wconf 85' lang='lat' dir='ltr'><strong>Constantini,</strong></span> 
     </span>
    </p>
   </div>
   <div class='ocr_carea' id='block_1_27' title="bbox 731 2229 2310 2306">
    <p class='ocr_par' dir='ltr' id='par_1_27' title="bbox 731 2229 2310 2306">
     <span class='ocr_line' id='line_1_27' title="bbox 731 2229 2310 2306; baseline 0.009 -25"><span class='ocrx_word' id='word_1_152' title='bbox 731 2229 1036 2286; x_wconf 77' lang='lat' dir='ltr'><strong>Orthodoxa</strong></span> <span class='ocrx_word' id='word_1_153' title='bbox 1061 2233 1192 2289; x_wconf 87' lang='lat' dir='ltr'><strong>lides</strong></span> <span class='ocrx_word' id='word_1_154' title='bbox 1219 2247 1432 2291; x_wconf 85' lang='lat' dir='ltr'><strong>servata</strong></span> <span class='ocrx_word' id='word_1_155' title='bbox 1460 2252 1574 2304; x_wconf 80' lang='lat' dir='ltr'><strong>est;</strong></span> <span class='ocrx_word' id='word_1_156' title='bbox 1612 2240 1702 2294; x_wconf 86' lang='lat' dir='ltr'><strong>sed</strong></span> <span class='ocrx_word' id='word_1_157' title='bbox 1721 2240 1810 2292; x_wconf 90' lang='lat' dir='ltr'><strong>ubi</strong></span> <span class='ocrx_word' id='word_1_158' title='bbox 1837 2241 1910 2292; x_wconf 90' lang='lat' dir='ltr'><strong>illi</strong></span> <span class='ocrx_word' id='word_1_159' title='bbox 1941 2241 2310 2306; x_wconf 85' lang='lat' dir='ltr'><strong>decesserunt,</strong></span> 
     </span>
    </p>
   </div>
   <div class='ocr_carea' id='block_1_28' title="bbox 730 2321 2314 2388">
    <p class='ocr_par' dir='ltr' id='par_1_28' title="bbox 730 2321 2314 2388">
     <span class='ocr_line' id='line_1_28' title="bbox 730 2321 2314 2388; baseline 0.009 -16"><span class='ocrx_word' id='word_1_160' title='bbox 730 2327 785 2372; x_wconf 90' lang='lat' dir='ltr'><strong>et</strong></span> <span class='ocrx_word' id='word_1_161' title='bbox 809 2321 1030 2379; x_wconf 88' lang='lat' dir='ltr'><strong>relictus</strong></span> <span class='ocrx_word' id='word_1_162' title='bbox 1081 2327 1182 2380; x_wconf 88' lang='lat' dir='ltr'><strong>l&#39;uit</strong></span> <span class='ocrx_word' id='word_1_163' title='bbox 1217 2344 1399 2382; x_wconf 85' lang='lat' dir='ltr'><strong>rerum</strong></span> <span class='ocrx_word' id='word_1_164' title='bbox 1434 2331 1690 2386; x_wconf 86' lang='lat' dir='ltr'><strong>dominus</strong></span> <span class='ocrx_word' id='word_1_165' title='bbox 1753 2333 2104 2388; x_wconf 85' lang='lat' dir='ltr'><strong>Constantius</strong></span> <span class='ocrx_word' id='word_1_166' title='bbox 2137 2333 2314 2388; x_wconf 89' lang='lat' dir='ltr'><strong>minor</strong></span> 
     </span>
    </p>
   </div>
   <div class='ocr_carea' id='block_1_29' title="bbox 733 2419 2309 2496">
    <p class='ocr_par' dir='ltr' id='par_1_29' title="bbox 733 2419 2309 2496">
     <span class='ocr_line' id='line_1_29' title="bbox 733 2419 2309 2496; baseline 0.01 -28"><span class='ocrx_word' id='word_1_167' title='bbox 733 2427 866 2472; x_wconf 86' lang='lat' dir='ltr'><strong>natu</strong></span> <span class='ocrx_word' id='word_1_168' title='bbox 896 2419 1058 2486; x_wconf 81' lang='lat' dir='ltr'><strong>ﬁlius,</strong></span> <span class='ocrx_word' id='word_1_169' title='bbox 1082 2425 1174 2492; x_wconf 89' lang='lat' dir='ltr'><strong>qui</strong></span> <span class='ocrx_word' id='word_1_170' title='bbox 1201 2425 1438 2482; x_wconf 78' lang='lat' dir='ltr'><strong>Arianus</strong></span> <span class='ocrx_word' id='word_1_171' title='bbox 1471 2439 1603 2486; x_wconf 80' lang='lat' dir='ltr'><strong>erat.</strong></span> <span class='ocrx_word' id='word_1_172' title='bbox 1625 2429 2024 2496; x_wconf 74' lang='lat' dir='ltr'><strong>prmvaluernnl</strong></span> <span class='ocrx_word' id='word_1_173' title='bbox 2047 2431 2309 2484; x_wconf 73' lang='lat' dir='ltr'><strong>lircretici.</strong></span> 
     </span>
    </p>
   </div>
   <div class='ocr_carea' id='block_1_30' title="bbox 733 2507 2316 2588">
    <p class='ocr_par' dir='ltr' id='par_1_30' title="bbox 733 2507 2316 2588">
     <span class='ocr_line' id='line_1_30' title="bbox 733 2507 2316 2588; baseline 0.01 -30"><span class='ocrx_word' id='word_1_174' title='bbox 733 2507 1078 2580; x_wconf 65' lang='lat' dir='ltr'><strong>Quapropmr</strong></span> <span class='ocrx_word' id='word_1_175' title='bbox 1104 2515 1264 2568; x_wconf 89' lang='lat' dir='ltr'><strong>etiam</strong></span> <span class='ocrx_word' id='word_1_176' title='bbox 1297 2515 1545 2572; x_wconf 86' lang='lat' dir='ltr'><strong>Liberius</strong></span> <span class='ocrx_word' id='word_1_177' title='bbox 1568 2529 1852 2588; x_wconf 81' lang='lat' dir='ltr'><strong>postquam</strong></span> <span class='ocrx_word' id='word_1_178' title='bbox 1883 2521 2108 2574; x_wconf 89' lang='lat' dir='ltr'><strong>multum</strong></span> <span class='ocrx_word' id='word_1_179' title='bbox 2133 2523 2316 2576; x_wconf 87' lang='lat' dir='ltr'><strong>redar-</strong></span> 
     </span>
    </p>
   </div>
   <div class='ocr_carea' id='block_1_31' title="bbox 737 2602 2313 2680">
    <p class='ocr_par' dir='ltr' id='par_1_31' title="bbox 737 2602 2313 2680">
     <span class='ocr_line' id='line_1_31' title="bbox 737 2602 2313 2680; baseline 0.008 -29"><span class='ocrx_word' id='word_1_180' title='bbox 737 2602 872 2668; x_wconf 75' lang='lat' dir='ltr'><strong>guit,</strong></span> <span class='ocrx_word' id='word_1_181' title='bbox 908 2613 1066 2670; x_wconf 76' lang='lat' dir='ltr'><strong>atque,</strong></span> <span class='ocrx_word' id='word_1_182' title='bbox 1104 2606 1405 2674; x_wconf 84' lang='lat' dir='ltr'><strong>increpavit</strong></span> <span class='ocrx_word' id='word_1_183' title='bbox 1437 2609 1816 2662; x_wconf 71' lang='lat' dir='ltr'><strong>lizereticorum</strong></span> <span class='ocrx_word' id='word_1_184' title='bbox 1871 2611 2226 2680; x_wconf 82' lang='lat' dir='ltr'><strong>impietatem,</strong></span> <span class='ocrx_word' id='word_1_185' title='bbox 2262 2613 2313 2664; x_wconf 89' lang='lat' dir='ltr'><strong>in</strong></span> 
     </span>
    </p>
   </div>
   <div class='ocr_carea' id='block_1_32' title="bbox 738 2689 2316 2770">
    <p class='ocr_par' dir='ltr' id='par_1_32' title="bbox 738 2689 2316 2770">
     <span class='ocr_line' id='line_1_32' title="bbox 738 2689 2316 2770; baseline 0.008 -28"><span class='ocrx_word' id='word_1_186' title='bbox 738 2689 984 2746; x_wconf 73' lang='lat' dir='ltr'><strong>Bormam</strong></span> <span class='ocrx_word' id='word_1_187' title='bbox 1019 2695 1268 2749; x_wconf 72' lang='lat' dir='ltr'><strong>’l&#39;hiacia:</strong></span> <span class='ocrx_word' id='word_1_188' title='bbox 1297 2697 1570 2752; x_wconf 89' lang='lat' dir='ltr'><strong>civitatem</strong></span> <span class='ocrx_word' id='word_1_189' title='bbox 1613 2709 1695 2752; x_wconf 86' lang='lat' dir='ltr'><strong>est</strong></span> <span class='ocrx_word' id='word_1_190' title='bbox 1753 2701 2044 2770; x_wconf 74' lang='lat' dir='ltr'><strong>relegatus.</strong></span> <span class='ocrx_word' id='word_1_191' title='bbox 2103 2703 2168 2755; x_wconf 85' lang='lat' dir='ltr'><strong>At</strong></span> <span class='ocrx_word' id='word_1_192' title='bbox 2194 2719 2316 2754; x_wconf 89' lang='lat' dir='ltr'><strong>eum</strong></span> 
     </span>
    </p>
   </div>
   <div class='ocr_carea' id='block_1_33' title="bbox 743 2779 2318 2857">
    <p class='ocr_par' dir='ltr' id='par_1_33' title="bbox 743 2779 2318 2857">
     <span class='ocr_line' id='line_1_33' title="bbox 743 2779 2318 2857; baseline 0.01 -28"><span class='ocrx_word' id='word_1_193' title='bbox 743 2779 974 2834; x_wconf 72' lang='lat' dir='ltr'><strong>Romani</strong></span> <span class='ocrx_word' id='word_1_194' title='bbox 1029 2783 1130 2836; x_wconf 74' lang='lat' dir='ltr'><strong>[ide</strong></span> <span class='ocrx_word' id='word_1_195' title='bbox 1182 2795 1234 2836; x_wconf 70' lang='grc' dir='ltr'><strong>ιι</strong></span> <span class='ocrx_word' id='word_1_196' title='bbox 1265 2788 1552 2842; x_wconf 81' lang='lat' dir='ltr'><strong>dilectione</strong></span> <span class='ocrx_word' id='word_1_197' title='bbox 1599 2805 1723 2857; x_wconf 86' lang='lat' dir='ltr'><strong>erga</strong></span> <span class='ocrx_word' id='word_1_198' title='bbox 1787 2791 1940 2842; x_wconf 91' lang='lat' dir='ltr'><strong>illum</strong></span> <span class='ocrx_word' id='word_1_199' title='bbox 1995 2801 2180 2844; x_wconf 85' lang='lat' dir='ltr'><strong>essent</strong></span> <span class='ocrx_word' id='word_1_200' title='bbox 2227 2791 2318 2844; x_wconf 87' lang='lat' dir='ltr'><strong>de-</strong></span> 
     </span>
    </p>
   </div>
   <div class='ocr_carea' id='block_1_34' title="bbox 739 2872 2320 2950">
    <p class='ocr_par' dir='ltr' id='par_1_34' title="bbox 739 2872 2320 2950">
     <span class='ocr_line' id='line_1_34' title="bbox 739 2872 2320 2950; baseline 0.008 -25"><span class='ocrx_word' id='word_1_201' title='bbox 739 2872 929 2936; x_wconf 86' lang='lat' dir='ltr'><strong>vincti,</strong></span> <span class='ocrx_word' id='word_1_202' title='bbox 967 2885 1320 2929; x_wconf 84' lang='lat' dir='ltr'><strong>accesserunt</strong></span> <span class='ocrx_word' id='word_1_203' title='bbox 1373 2879 1440 2931; x_wconf 87' lang='lat' dir='ltr'><strong>ad</strong></span> <span class='ocrx_word' id='word_1_204' title='bbox 1493 2879 1899 2948; x_wconf 86' lang='lat' dir='ltr'><strong>imperatorem,</strong></span> <span class='ocrx_word' id='word_1_205' title='bbox 1965 2893 2320 2950; x_wconf 78' lang='lat' dir='ltr'><strong>exposcentes</strong></span> 
     </span>
    </p>
   </div>
   <div class='ocr_carea' id='block_1_35' title="bbox 743 2971 2318 3038">
    <p class='ocr_par' dir='ltr' id='par_1_35' title="bbox 743 2971 2318 3038">
     <span class='ocr_line' id='line_1_35' title="bbox 743 2971 2318 3038; baseline 0.006 -19"><span class='ocrx_word' id='word_1_206' title='bbox 743 2979 868 3020; x_wconf 82' lang='lat' dir='ltr'><strong>eum</strong></span> <span class='ocrx_word' id='word_1_207' title='bbox 903 2985 916 3020; x_wconf 89' lang='lat'><strong>:</strong></span> <span class='ocrx_word' id='word_1_208' title='bbox 947 2981 1012 3020; x_wconf 85' lang='lat' dir='ltr'><strong>ac</strong></span> <span class='ocrx_word' id='word_1_209' title='bbox 1047 2979 1331 3036; x_wconf 78' lang='lat' dir='ltr'><strong>propterea</strong></span> <span class='ocrx_word' id='word_1_210' title='bbox 1401 2971 1629 3024; x_wconf 75' lang='lat' dir='ltr'><strong>Romam</strong></span> <span class='ocrx_word' id='word_1_211' title='bbox 1687 2973 1882 3026; x_wconf 89' lang='lat' dir='ltr'><strong>iterum</strong></span> <span class='ocrx_word' id='word_1_212' title='bbox 1941 2975 2162 3038; x_wconf 86' lang='lat' dir='ltr'><strong>missus,</strong></span> <span class='ocrx_word' id='word_1_213' title='bbox 2197 2991 2318 3030; x_wconf 86' lang='lat' dir='ltr'><strong>cum</strong></span> 
     </span>
    </p>
   </div>
   <div class='ocr_carea' id='block_1_36' title="bbox 744 3065 2034 3136">
    <p class='ocr_par' dir='ltr' id='par_1_36' title="bbox 744 3065 2034 3136">
     <span class='ocr_line' id='line_1_36' title="bbox 744 3065 2034 3136; baseline 0.007 -23"><span class='ocrx_word' id='word_1_214' title='bbox 744 3075 1136 3133; x_wconf 69' lang='grc' dir='ltr'>ευτιιιιςι-υειξιιι</span> <span class='ocrx_word' id='word_1_215' title='bbox 1167 3075 1310 3118; x_wconf 87' lang='lat' dir='ltr'><strong>recte</strong></span> <span class='ocrx_word' id='word_1_216' title='bbox 1347 3065 1720 3136; x_wconf 69' lang='lat' dir='ltr'><strong>gubci‘nasset,</strong></span> <span class='ocrx_word' id='word_1_217' title='bbox 1774 3069 2034 3124; x_wconf 74' lang='lat' dir='ltr'><strong>decessit.</strong></span> 
     </span>
    </p>
   </div>
   <div class='ocr_carea' id='block_1_37' title="bbox 2344 1909 2386 1964">
    <p class='ocr_par' dir='ltr' id='par_1_37' title="bbox 2344 1909 2386 1964">
     <span class='ocr_line' id='line_1_37' title="bbox 2344 1909 2386 1964; baseline 0 0"><span class='ocrx_word' id='word_1_218' title='bbox 2344 1909 2386 1964; x_wconf 82' lang='grc' dir='ltr'><strong>Β</strong></span> 
     </span>
    </p>
   </div>
   <div class='ocr_carea' id='block_1_38' title="bbox 2929 1297 3457 1368">
    <p class='ocr_par' dir='ltr' id='par_1_38' title="bbox 2929 1297 3457 1368">
     <span class='ocr_line' id='line_1_38' title="bbox 2929 1297 3457 1368; baseline -0.004 -17"><span class='ocrx_word' id='word_1_219' title='bbox 2929 1298 3108 1351; x_wconf 79' lang='lat' dir='ltr'><strong>MHNI</strong></span> <span class='ocrx_word' id='word_1_220' title='bbox 3143 1297 3230 1368; x_wconf 85' lang='grc' dir='ltr'><strong>Ἰᾨ</strong></span> <span class='ocrx_word' id='word_1_221' title='bbox 3255 1297 3457 1366; x_wconf 68' lang='lat' dir='ltr'><strong>arm.</strong></span> 
     </span>
    </p>
   </div>
   <div class='ocr_carea' id='block_1_39' title="bbox 3125 1387 3232 1442">
    <p class='ocr_par' dir='ltr' id='par_1_39' title="bbox 3125 1387 3232 1442">
     <span class='ocr_line' id='line_1_39' title="bbox 3125 1387 3232 1442; baseline 0.019 -2"><span class='ocrx_word' id='word_1_222' title='bbox 3125 1387 3232 1442; x_wconf 81' lang='lat' dir='ltr'><strong>KZ&#39;</strong></span> 
     </span>
    </p>
   </div>
   <div class='ocr_carea' id='block_1_40' title="bbox 2400 1477 3974 1551">
    <p class='ocr_par' dir='ltr' id='par_1_40' title="bbox 2400 1477 3974 1551">
     <span class='ocr_line' id='line_1_40' title="bbox 2400 1477 3974 1551; baseline 0.003 -19"><span class='ocrx_word' id='word_1_223' title='bbox 2400 1477 2616 1548; x_wconf 68' lang='grc' dir='ltr'>Μνήμη</span> <span class='ocrx_word' id='word_1_224' title='bbox 2651 1479 2757 1534; x_wconf 83' lang='grc' dir='ltr'>τοῦ</span> <span class='ocrx_word' id='word_1_225' title='bbox 2805 1481 2868 1534; x_wconf 77' lang='grc' dir='ltr'><strong>ἐν</strong></span> <span class='ocrx_word' id='word_1_226' title='bbox 2931 1482 3124 1551; x_wconf 74' lang='grc' dir='ltr'>ἁγίοις</span> <span class='ocrx_word' id='word_1_227' title='bbox 3171 1481 3400 1550; x_wconf 79' lang='grc' dir='ltr'><strong>Πατρός</strong></span> <span class='ocrx_word' id='word_1_228' title='bbox 3447 1479 3614 1550; x_wconf 71' lang='grc' dir='ltr'><strong>ἡμῶν</strong></span> <span class='ocrx_word' id='word_1_229' title='bbox 3677 1480 3974 1549; x_wconf 78' lang='grc' dir='ltr'>Λιϐερίου.</span> 
     </span>
    </p>
   </div>
   <div class='ocr_carea' id='block_1_41' title="bbox 2473 1591 3987 1663">
    <p class='ocr_par' dir='ltr' id='par_1_41' title="bbox 2473 1591 3987 1663">
     <span class='ocr_line' id='line_1_41' title="bbox 2473 1591 3987 1663; baseline 0.001 -20"><span class='ocrx_word' id='word_1_230' title='bbox 2473 1591 2724 1660; x_wconf 77' lang='grc' dir='ltr'>Λιϐἑριος</span> <span class='ocrx_word' id='word_1_231' title='bbox 2777 1595 2806 1644; x_wconf 86' lang='grc' dir='ltr'>ὁ</span> <span class='ocrx_word' id='word_1_232' title='bbox 2875 1593 3144 1662; x_wconf 86' lang='grc' dir='ltr'>μακάριος</span> <span class='ocrx_word' id='word_1_233' title='bbox 3163 1593 3278 1658; x_wconf 76' lang='grc' dir='ltr'>,καὶ</span> <span class='ocrx_word' id='word_1_234' title='bbox 3305 1593 3406 1662; x_wconf 79' lang='grc' dir='ltr'>τῆς</span> <span class='ocrx_word' id='word_1_235' title='bbox 3441 1593 3700 1663; x_wconf 77' lang='grc' dir='ltr'><strong>ἀληθείας</strong></span> <span class='ocrx_word' id='word_1_236' title='bbox 3728 1592 3987 1662; x_wconf 71' lang='grc' dir='ltr'>ὑπερμα-</span> 
     </span>
    </p>
   </div>
   <div class='ocr_carea' id='block_1_42' title="bbox 2403 1677 3986 1754">
    <p class='ocr_par' dir='ltr' id='par_1_42' title="bbox 2403 1677 3986 1754">
     <span class='ocr_line' id='line_1_42' title="bbox 2403 1677 3986 1754; baseline 0.001 -20"><span class='ocrx_word' id='word_1_237' title='bbox 2403 1699 2496 1752; x_wconf 82' lang='grc' dir='ltr'><strong>χος</strong></span> <span class='ocrx_word' id='word_1_238' title='bbox 2553 1677 2620 1752; x_wconf 80' lang='grc' dir='ltr'>ἦν</span> <span class='ocrx_word' id='word_1_239' title='bbox 2665 1685 2758 1735; x_wconf 77' lang='grc' dir='ltr'>ἐπὶ</span> <span class='ocrx_word' id='word_1_240' title='bbox 2815 1685 2914 1752; x_wconf 86' lang='grc' dir='ltr'>τῆς</span> <span class='ocrx_word' id='word_1_241' title='bbox 2953 1684 3226 1754; x_wconf 74' lang='grc' dir='ltr'><strong>βασιλείας</strong></span> <span class='ocrx_word' id='word_1_242' title='bbox 3273 1684 3652 1737; x_wconf 80' lang='grc' dir='ltr'>Κωνσταντίου</span> <span class='ocrx_word' id='word_1_243' title='bbox 3683 1683 3986 1744; x_wconf 72' lang='grc' dir='ltr'><strong>ἐπίσκοπος</strong></span> 
     </span>
    </p>
   </div>
   <div class='ocr_carea' id='block_1_43' title="bbox 2421 1774 3990 1846">
    <p class='ocr_par' dir='ltr' id='par_1_43' title="bbox 2421 1774 3990 1846">
     <span class='ocr_line' id='line_1_43' title="bbox 2421 1774 3990 1846; baseline -0.001 -20"><span class='ocrx_word' id='word_1_244' title='bbox 2421 1774 2660 1842; x_wconf 84' lang='grc' dir='ltr'>Ῥώμης.</span> <span class='ocrx_word' id='word_1_245' title='bbox 2703 1774 2996 1844; x_wconf 81' lang='grc' dir='ltr'>Ὑπάρχων</span> <span class='ocrx_word' id='word_1_246' title='bbox 3042 1775 3097 1827; x_wconf 83' lang='grc' dir='ltr'><strong>δέ</strong></span> <span class='ocrx_word' id='word_1_247' title='bbox 3131 1775 3380 1844; x_wconf 83' lang='grc' dir='ltr'>ζηλωτὴς</span> <span class='ocrx_word' id='word_1_248' title='bbox 3429 1777 3528 1846; x_wconf 85' lang='grc' dir='ltr'>τῆς</span> <span class='ocrx_word' id='word_1_249' title='bbox 3558 1774 3840 1846; x_wconf 75' lang='grc' dir='ltr'>ὀρθοδόξου</span> <span class='ocrx_word' id='word_1_250' title='bbox 3891 1775 3990 1826; x_wconf 79' lang='grc' dir='ltr'>πί·-</span> 
     </span>
    </p>
   </div>
   <div class='ocr_carea' id='block_1_44' title="bbox 2413 1865 3990 1936">
    <p class='ocr_par' dir='ltr' id='par_1_44' title="bbox 2413 1865 3990 1936">
     <span class='ocr_line' id='line_1_44' title="bbox 2413 1865 3990 1936; baseline 0.001 -20"><span class='ocrx_word' id='word_1_251' title='bbox 2413 1882 2606 1930; x_wconf 87' lang='grc' dir='ltr'>στεως,</span> <span class='ocrx_word' id='word_1_252' title='bbox 2644 1866 2942 1930; x_wconf 82' lang='grc' dir='ltr'>ὑπεδέξατο</span> <span class='ocrx_word' id='word_1_253' title='bbox 3000 1866 3090 1918; x_wconf 77' lang='grc' dir='ltr'>τὸν</span> <span class='ocrx_word' id='word_1_254' title='bbox 3147 1867 3320 1936; x_wconf 85' lang='grc' dir='ltr'>μέγαν</span> <span class='ocrx_word' id='word_1_255' title='bbox 3386 1865 3704 1918; x_wconf 73' lang='grc' dir='ltr'>Ἀθανασιον</span> <span class='ocrx_word' id='word_1_256' title='bbox 3751 1865 3990 1918; x_wconf 69' lang='grc' dir='ltr'>ὑποδιωε-</span> 
     </span>
    </p>
   </div>
   <div class='ocr_carea' id='block_1_45' title="bbox 2414 1953 3994 2026">
    <p class='ocr_par' dir='ltr' id='par_1_45' title="bbox 2414 1953 3994 2026">
     <span class='ocr_line' id='line_1_45' title="bbox 2414 1953 3994 2026; baseline 0 -20"><span class='ocrx_word' id='word_1_257' title='bbox 2414 1955 2609 2024; x_wconf 82' lang='grc' dir='ltr'>χθέντα</span> <span class='ocrx_word' id='word_1_258' title='bbox 2635 1954 2740 2007; x_wconf 83' lang='grc' dir='ltr'>ὑπὸ</span> <span class='ocrx_word' id='word_1_259' title='bbox 2765 1954 2876 2006; x_wconf 86' lang='grc' dir='ltr'><strong>τῶν</strong></span> <span class='ocrx_word' id='word_1_260' title='bbox 2903 1953 3197 2026; x_wconf 84' lang='grc' dir='ltr'>αἱρετικῶν</span> <span class='ocrx_word' id='word_1_261' title='bbox 3231 1955 3327 2008; x_wconf 63' lang='grc' dir='ltr'><strong>καὶ</strong></span> <span class='ocrx_word' id='word_1_262' title='bbox 3356 1955 3448 2008; x_wconf 78' lang='grc' dir='ltr'>τοῦ</span> <span class='ocrx_word' id='word_1_263' title='bbox 3503 1955 3694 2024; x_wconf 78' lang='grc' dir='ltr'>θρόνου</span> <span class='ocrx_word' id='word_1_264' title='bbox 3741 1953 3994 2020; x_wconf 76' lang='grc' dir='ltr'>Ἀλεξαν-</span> 
     </span>
    </p>
   </div>
   <div class='ocr_carea' id='block_1_46' title="bbox 2413 2045 3992 2117">
    <p class='ocr_par' dir='ltr' id='par_1_46' title="bbox 2413 2045 3992 2117">
     <span class='ocr_line' id='line_1_46' title="bbox 2413 2045 3992 2117; baseline 0.001 -21"><span class='ocrx_word' id='word_1_265' title='bbox 2413 2045 2595 2114; x_wconf 76' lang='grc' dir='ltr'>δρείας</span> <span class='ocrx_word' id='word_1_266' title='bbox 2625 2045 2988 2110; x_wconf 85' lang='grc' dir='ltr'>ἀπελαθέντα,</span> <span class='ocrx_word' id='word_1_267' title='bbox 3021 2046 3530 2117; x_wconf 69' lang='grc' dir='ltr'>παρρησιαζόμενος</span> <span class='ocrx_word' id='word_1_268' title='bbox 3557 2045 3656 2116; x_wconf 84' lang='grc' dir='ltr'>τὴν</span> <span class='ocrx_word' id='word_1_269' title='bbox 3684 2045 3992 2098; x_wconf 76' lang='grc' dir='ltr'>εὐσέϐειαν.</span> 
     </span>
    </p>
   </div>
   <div class='ocr_carea' id='block_1_47' title="bbox 2417 2137 3996 2208">
    <p class='ocr_par' dir='ltr' id='par_1_47' title="bbox 2417 2137 3996 2208">
     <span class='ocr_line' id='line_1_47' title="bbox 2417 2137 3996 2208; baseline 0 -20"><span class='ocrx_word' id='word_1_270' title='bbox 2417 2137 2560 2200; x_wconf 79' lang='grc' dir='ltr'>Ἕως</span> <span class='ocrx_word' id='word_1_271' title='bbox 2584 2139 2693 2207; x_wconf 77' lang='grc' dir='ltr'>γὰρ</span> <span class='ocrx_word' id='word_1_272' title='bbox 2724 2141 2995 2208; x_wconf 80' lang='grc' dir='ltr'>περιῆσαν</span> <span class='ocrx_word' id='word_1_273' title='bbox 3038 2141 3478 2204; x_wconf 84' lang='grc' dir='ltr'>Κωνσταντῖνος,</span> <span class='ocrx_word' id='word_1_274' title='bbox 3509 2141 3604 2192; x_wconf 78' lang='grc' dir='ltr'>καὶ</span> <span class='ocrx_word' id='word_1_275' title='bbox 3631 2139 3896 2201; x_wconf 83' lang='grc' dir='ltr'>Κώνστας</span> <span class='ocrx_word' id='word_1_276' title='bbox 3943 2139 3996 2190; x_wconf 79' lang='grc' dir='ltr'>οἱ</span> 
     </span>
    </p>
   </div>
   <div class='ocr_carea' id='block_1_48' title="bbox 2416 2226 3999 2298">
    <p class='ocr_par' dir='ltr' id='par_1_48' title="bbox 2416 2226 3999 2298">
     <span class='ocr_line' id='line_1_48' title="bbox 2416 2226 3999 2298; baseline 0.002 -21"><span class='ocrx_word' id='word_1_277' title='bbox 2416 2226 2620 2295; x_wconf 82' lang='grc' dir='ltr'>πρῶτοι</span> <span class='ocrx_word' id='word_1_278' title='bbox 2651 2229 2756 2280; x_wconf 76' lang='grc' dir='ltr'>υἱοὶ</span> <span class='ocrx_word' id='word_1_279' title='bbox 2777 2229 2871 2281; x_wconf 76' lang='grc' dir='ltr'>τοῦ</span> <span class='ocrx_word' id='word_1_280' title='bbox 2905 2229 3143 2298; x_wconf 79' lang='grc' dir='ltr'>μεγάλου</span> <span class='ocrx_word' id='word_1_281' title='bbox 3189 2229 3630 2296; x_wconf 83' lang='grc' dir='ltr'>Κωνσταντίνου,</span> <span class='ocrx_word' id='word_1_282' title='bbox 3663 2228 3999 2298; x_wconf 71' lang='grc' dir='ltr'>ἐφυλάττετο</span> 
     </span>
    </p>
   </div>
   <div class='ocr_carea' id='block_1_49' title="bbox 2415 2319 3998 2392">
    <p class='ocr_par' dir='ltr' id='par_1_49' title="bbox 2415 2319 3998 2392">
     <span class='ocr_line' id='line_1_49' title="bbox 2415 2319 3998 2392; baseline 0 -20"><span class='ocrx_word' id='word_1_283' title='bbox 2415 2321 2448 2389; x_wconf 78' lang='grc' dir='ltr'>ἡ</span> <span class='ocrx_word' id='word_1_284' title='bbox 2489 2320 2768 2390; x_wconf 79' lang='grc' dir='ltr'>ὀρθὸδοξος</span> <span class='ocrx_word' id='word_1_285' title='bbox 2793 2321 2976 2385; x_wconf 77' lang='grc' dir='ltr'>πίστις</span> <span class='ocrx_word' id='word_1_286' title='bbox 3005 2337 3020 2354; x_wconf 89' lang='grc'><strong>·</strong></span> <span class='ocrx_word' id='word_1_287' title='bbox 3055 2321 3219 2392; x_wconf 77' lang='grc' dir='ltr'>ἡνίκα</span> <span class='ocrx_word' id='word_1_288' title='bbox 3271 2321 3329 2374; x_wconf 87' lang='grc' dir='ltr'><strong>δέ</strong></span> <span class='ocrx_word' id='word_1_289' title='bbox 3365 2322 3564 2373; x_wconf 85' lang='grc' dir='ltr'>ἐκεῖνοι</span> <span class='ocrx_word' id='word_1_290' title='bbox 3612 2319 3998 2390; x_wconf 83' lang='grc' dir='ltr'>ἐτελεύτησαν,</span> 
     </span>
    </p>
   </div>
   <div class='ocr_carea' id='block_1_50' title="bbox 2422 2409 4000 2483">
    <p class='ocr_par' dir='ltr' id='par_1_50' title="bbox 2422 2409 4000 2483">
     <span class='ocr_line' id='line_1_50' title="bbox 2422 2409 4000 2483; baseline 0 -21"><span class='ocrx_word' id='word_1_291' title='bbox 2422 2412 2515 2463; x_wconf 77' lang='grc' dir='ltr'>καὶ</span> <span class='ocrx_word' id='word_1_292' title='bbox 2550 2413 2882 2482; x_wconf 74' lang='grc' dir='ltr'>κατελείφθη</span> <span class='ocrx_word' id='word_1_293' title='bbox 2911 2413 3100 2483; x_wconf 78' lang='grc' dir='ltr'>κύριος</span> <span class='ocrx_word' id='word_1_294' title='bbox 3149 2413 3258 2465; x_wconf 83' lang='grc' dir='ltr'>τῶν</span> <span class='ocrx_word' id='word_1_295' title='bbox 3307 2413 3649 2482; x_wconf 75' lang='grc' dir='ltr'>πραγμάτων</span> <span class='ocrx_word' id='word_1_296' title='bbox 3705 2409 4000 2465; x_wconf 80' lang='grc' dir='ltr'>Κωνστάν-</span> 
     </span>
    </p>
   </div>
   <div class='ocr_carea' id='block_1_51' title="bbox 2419 2503 4000 2576">
    <p class='ocr_par' dir='ltr' id='par_1_51' title="bbox 2419 2503 4000 2576">
     <span class='ocr_line' id='line_1_51' title="bbox 2419 2503 4000 2576; baseline 0.001 -20"><span class='ocrx_word' id='word_1_297' title='bbox 2419 2505 2588 2568; x_wconf 83' lang='grc' dir='ltr'>τιοςὸ</span> <span class='ocrx_word' id='word_1_298' title='bbox 2621 2505 2848 2573; x_wconf 74' lang='grc' dir='ltr'>ἔσχατος</span> <span class='ocrx_word' id='word_1_299' title='bbox 2895 2506 3028 2570; x_wconf 82' lang='grc' dir='ltr'>υἱὸς,</span> <span class='ocrx_word' id='word_1_300' title='bbox 3075 2504 3352 2576; x_wconf 73' lang='grc' dir='ltr'>Ἀρειανὸς</span> <span class='ocrx_word' id='word_1_301' title='bbox 3400 2503 3496 2567; x_wconf 83' lang='grc' dir='ltr'>ὣν,</span> <span class='ocrx_word' id='word_1_302' title='bbox 3533 2505 3908 2576; x_wconf 74' lang='grc' dir='ltr'>ὑπερίσχυσαν</span> <span class='ocrx_word' id='word_1_303' title='bbox 3950 2505 4000 2557; x_wconf 79' lang='grc' dir='ltr'>οξ</span> 
     </span>
    </p>
   </div>
   <div class='ocr_carea' id='block_1_52' title="bbox 2420 2596 4006 2667">
    <p class='ocr_par' dir='ltr' id='par_1_52' title="bbox 2420 2596 4006 2667">
     <span class='ocr_line' id='line_1_52' title="bbox 2420 2596 4006 2667; baseline 0 -17"><span class='ocrx_word' id='word_1_304' title='bbox 2420 2598 2708 2667; x_wconf 79' lang='grc' dir='ltr'>αίρετικοί.</span> <span class='ocrx_word' id='word_1_305' title='bbox 2735 2597 2901 2650; x_wconf 86' lang='grc' dir='ltr'>Ὅθεν</span> <span class='ocrx_word' id='word_1_306' title='bbox 2929 2597 3024 2650; x_wconf 77' lang='grc' dir='ltr'>καὶ</span> <span class='ocrx_word' id='word_1_307' title='bbox 3079 2599 3350 2667; x_wconf 78' lang='grc' dir='ltr'>Λιϐἐριος,</span> <span class='ocrx_word' id='word_1_308' title='bbox 3386 2596 3522 2666; x_wconf 77' lang='grc' dir='ltr'>μετὰ</span> <span class='ocrx_word' id='word_1_309' title='bbox 3575 2599 3634 2649; x_wconf 82' lang='grc' dir='ltr'>τὸ</span> <span class='ocrx_word' id='word_1_310' title='bbox 3669 2597 3838 2650; x_wconf 86' lang='grc' dir='ltr'>πολλά</span> <span class='ocrx_word' id='word_1_311' title='bbox 3878 2597 4006 2650; x_wconf 86' lang='grc' dir='ltr'>δια-</span> 
     </span>
    </p>
   </div>
   <div class='ocr_carea' id='block_1_53' title="bbox 2420 2689 4005 2760">
    <p class='ocr_par' dir='ltr' id='par_1_53' title="bbox 2420 2689 4005 2760">
     <span class='ocr_line' id='line_1_53' title="bbox 2420 2689 4005 2760; baseline 0.001 -19"><span class='ocrx_word' id='word_1_312' title='bbox 2420 2689 2701 2759; x_wconf 76' lang='grc' dir='ltr'>λεχθῆναι,</span> <span class='ocrx_word' id='word_1_313' title='bbox 2725 2690 2818 2742; x_wconf 72' lang='grc' dir='ltr'>καὶ</span> <span class='ocrx_word' id='word_1_314' title='bbox 2837 2689 3054 2757; x_wconf 79' lang='grc' dir='ltr'>ἐλέγξαι</span> <span class='ocrx_word' id='word_1_315' title='bbox 3083 2691 3181 2760; x_wconf 83' lang='grc' dir='ltr'>τὴν</span> <span class='ocrx_word' id='word_1_316' title='bbox 3201 2689 3522 2742; x_wconf 80' lang='grc' dir='ltr'>δυσσέϐειαν</span> <span class='ocrx_word' id='word_1_317' title='bbox 3547 2689 3655 2742; x_wconf 85' lang='grc' dir='ltr'><strong>τῶν</strong></span> <span class='ocrx_word' id='word_1_318' title='bbox 3677 2689 4005 2760; x_wconf 84' lang='grc' dir='ltr'>αίρετικῶν,</span> 
     </span>
    </p>
   </div>
   <div class='ocr_carea' id='block_1_54' title="bbox 2420 2779 4010 2854">
    <p class='ocr_par' dir='ltr' id='par_1_54' title="bbox 2420 2779 4010 2854">
     <span class='ocr_line' id='line_1_54' title="bbox 2420 2779 4010 2854; baseline 0 -21"><span class='ocrx_word' id='word_1_319' title='bbox 2420 2783 2692 2853; x_wconf 73' lang='grc' dir='ltr'><strong>ἐξωρίσθη</strong></span> <span class='ocrx_word' id='word_1_320' title='bbox 2725 2784 2802 2846; x_wconf 87' lang='grc' dir='ltr'><strong>εἰς</strong></span> <span class='ocrx_word' id='word_1_321' title='bbox 2838 2783 3068 2854; x_wconf 83' lang='grc' dir='ltr'>Βέροιαν</span> <span class='ocrx_word' id='word_1_322' title='bbox 3091 2783 3190 2852; x_wconf 84' lang='grc' dir='ltr'>τῆς</span> <span class='ocrx_word' id='word_1_323' title='bbox 3221 2781 3462 2852; x_wconf 75' lang='grc' dir='ltr'>Θρᾴκης.</span> <span class='ocrx_word' id='word_1_324' title='bbox 3511 2779 3674 2834; x_wconf 76' lang='grc' dir='ltr'>Ἀλλὰ</span> <span class='ocrx_word' id='word_1_325' title='bbox 3695 2781 3876 2832; x_wconf 79' lang='grc' dir='ltr'>πίστιν</span> <span class='ocrx_word' id='word_1_326' title='bbox 3909 2781 4010 2833; x_wconf 83' lang='grc' dir='ltr'>καὶ</span> 
     </span>
    </p>
   </div>
   <div class='ocr_carea' id='block_1_55' title="bbox 2422 2875 4009 2949">
    <p class='ocr_par' dir='ltr' id='par_1_55' title="bbox 2422 2875 4009 2949">
     <span class='ocr_line' id='line_1_55' title="bbox 2422 2875 4009 2949; baseline -0.004 -17"><span class='ocrx_word' id='word_1_327' title='bbox 2422 2880 2644 2949; x_wconf 78' lang='grc' dir='ltr'><strong>ἀγάπην</strong></span> <span class='ocrx_word' id='word_1_328' title='bbox 2673 2879 2886 2948; x_wconf 72' lang='grc' dir='ltr'>ἔχοντες</span> <span class='ocrx_word' id='word_1_329' title='bbox 2919 2879 2969 2932; x_wconf 91' lang='grc' dir='ltr'><strong>οί</strong></span> <span class='ocrx_word' id='word_1_330' title='bbox 3001 2877 3258 2947; x_wconf 82' lang='grc' dir='ltr'>Ῥωμαῖοι</span> <span class='ocrx_word' id='word_1_331' title='bbox 3291 2876 3427 2946; x_wconf 78' lang='grc' dir='ltr'>πρὸς</span> <span class='ocrx_word' id='word_1_332' title='bbox 3466 2875 3649 2942; x_wconf 82' lang='grc' dir='ltr'>αὑτὸν,</span> <span class='ocrx_word' id='word_1_333' title='bbox 3691 2875 4009 2944; x_wconf 82' lang='grc' dir='ltr'>προσῆλθον</span> 
     </span>
    </p>
   </div>
   <div class='ocr_carea' id='block_1_56' title="bbox 2421 2965 4008 3040">
    <p class='ocr_par' dir='ltr' id='par_1_56' title="bbox 2421 2965 4008 3040">
     <span class='ocr_line' id='line_1_56' title="bbox 2421 2965 4008 3040; baseline -0.002 -19"><span class='ocrx_word' id='word_1_334' title='bbox 2421 2971 2499 3040; x_wconf 82' lang='grc' dir='ltr'>τῷ</span> <span class='ocrx_word' id='word_1_335' title='bbox 2535 2971 2766 3040; x_wconf 74' lang='grc' dir='ltr'>βασιλεῖ,</span> <span class='ocrx_word' id='word_1_336' title='bbox 2795 2971 3084 3039; x_wconf 77' lang='grc' dir='ltr'>ζητοῦντες</span> <span class='ocrx_word' id='word_1_337' title='bbox 3129 2969 3314 3022; x_wconf 76' lang='grc' dir='ltr'>αὐτόν.</span> <span class='ocrx_word' id='word_1_338' title='bbox 3350 2969 3460 3024; x_wconf 79' lang='grc' dir='ltr'><strong>Καὶ</strong></span> <span class='ocrx_word' id='word_1_339' title='bbox 3497 2967 3584 3020; x_wconf 76' lang='grc' dir='ltr'>διὰ</span> <span class='ocrx_word' id='word_1_340' title='bbox 3631 2965 3788 3019; x_wconf 79' lang='grc' dir='ltr'>τοῦτο</span> <span class='ocrx_word' id='word_1_341' title='bbox 3843 2967 4008 3018; x_wconf 68' lang='grc' dir='ltr'>πάλιν</span> 
     </span>
    </p>
   </div>
   <div class='ocr_carea' id='block_1_57' title="bbox 2425 3057 4008 3130">
    <p class='ocr_par' dir='ltr' id='par_1_57' title="bbox 2425 3057 4008 3130">
     <span class='ocr_line' id='line_1_57' title="bbox 2425 3057 4008 3130; baseline -0.005 -16"><span class='ocrx_word' id='word_1_342' title='bbox 2425 3063 2749 3124; x_wconf 72' lang='grc' dir='ltr'>ἀποσταλεὶς</span> <span class='ocrx_word' id='word_1_343' title='bbox 2783 3063 2862 3124; x_wconf 89' lang='grc' dir='ltr'><strong>εἰς</strong></span> <span class='ocrx_word' id='word_1_344' title='bbox 2895 3061 3138 3130; x_wconf 80' lang='grc' dir='ltr'>Ῥώμην,</span> <span class='ocrx_word' id='word_1_345' title='bbox 3157 3061 3252 3113; x_wconf 80' lang='grc' dir='ltr'>καὶ</span> <span class='ocrx_word' id='word_1_346' title='bbox 3283 3061 3342 3114; x_wconf 72' lang='grc' dir='ltr'>τὸ</span> <span class='ocrx_word' id='word_1_347' title='bbox 3373 3059 3620 3128; x_wconf 77' lang='grc' dir='ltr'>ποίμνιον</span> <span class='ocrx_word' id='word_1_348' title='bbox 3641 3058 3806 3110; x_wconf 74' lang='grc' dir='ltr'>αὑτοῦ</span> <span class='ocrx_word' id='word_1_349' title='bbox 3827 3057 4008 3118; x_wconf 75' lang='grc' dir='ltr'>καλῶς</span> 
     </span>
    </p>
   </div>
   <div class='ocr_carea' id='block_1_58' title="bbox 2430 3152 3046 3223">
    <p class='ocr_par' dir='ltr' id='par_1_58' title="bbox 2430 3152 3046 3223">
     <span class='ocr_line' id='line_1_58' title="bbox 2430 3152 3046 3223; baseline 0 -19"><span class='ocrx_word' id='word_1_350' title='bbox 2430 3153 2700 3223; x_wconf 75' lang='grc' dir='ltr'>ποιμάνας</span> <span class='ocrx_word' id='word_1_351' title='bbox 2737 3152 3046 3222; x_wconf 80' lang='grc' dir='ltr'>ἐτελειώθη.</span> 
     </span>
    </p>
   </div>
   <div class='ocr_carea' id='block_1_59' title="bbox 753 3262 2321 3346">
    <p class='ocr_par' dir='ltr' id='par_1_59' title="bbox 753 3262 2321 3330">
     <span class='ocr_line' id='line_1_59' title="bbox 753 3262 2321 3330; baseline 0.008 -15"><span class='ocrx_word' id='word_1_352' title='bbox 753 3262 822 3316; x_wconf 75' lang='lat' dir='ltr'><strong>Et</strong></span> <span class='ocrx_word' id='word_1_353' title='bbox 846 3269 1101 3322; x_wconf 82' lang='lat' dir='ltr'><strong>memoria</strong></span> <span class='ocrx_word' id='word_1_354' title='bbox 1131 3271 1301 3323; x_wconf 82' lang='lat' dir='ltr'><strong>sancti</strong></span> <span class='ocrx_word' id='word_1_355' title='bbox 1333 3272 1512 3326; x_wconf 78' lang='lat' dir='ltr'><strong>Putris</strong></span> <span class='ocrx_word' id='word_1_356' title='bbox 1567 3275 1733 3328; x_wconf 81' lang='lat' dir='ltr'><strong>nostri</strong></span> <span class='ocrx_word' id='word_1_357' title='bbox 1783 3273 2038 3329; x_wconf 74' lang='lat' dir='ltr'><strong>Pcemeuis</strong></span> <span class='ocrx_word' id='word_1_358' title='bbox 2095 3277 2321 3330; x_wconf 76' lang='lat' dir='ltr'><strong>(inacha-</strong></span> 
     </span>
    </p>
   </div>
   <div class='ocr_carea' id='block_1_60' title="bbox 2428 3262 4010 3346">
    <p class='ocr_par' dir='ltr' id='par_1_60' title="bbox 2432 3263 4010 3346">
     <span class='ocr_line' id='line_1_60' title="bbox 2432 3263 4010 3346; baseline -0.003 -24"><span class='ocrx_word' id='word_1_359' title='bbox 2432 3269 2538 3322; x_wconf 77' lang='grc' dir='ltr'><strong>Καὶ</strong></span> <span class='ocrx_word' id='word_1_360' title='bbox 2595 3267 2800 3337; x_wconf 72' lang='grc' dir='ltr'>μνήμη</span> <span class='ocrx_word' id='word_1_361' title='bbox 2839 3267 2946 3321; x_wconf 79' lang='grc' dir='ltr'>τοῦ</span> <span class='ocrx_word' id='word_1_362' title='bbox 3013 3268 3188 3346; x_wconf 54' lang='lat' dir='ltr'><strong>dolat!</strong></span> <span class='ocrx_word' id='word_1_363' title='bbox 3230 3265 3468 3346; x_wconf 70' lang='grc' dir='ltr'>Πατρός</span> <span class='ocrx_word' id='word_1_364' title='bbox 3494 3263 3663 3334; x_wconf 73' lang='grc' dir='ltr'><strong>ἡμῶν</strong></span> <span class='ocrx_word' id='word_1_365' title='bbox 3719 3263 4010 3334; x_wconf 75' lang='grc' dir='ltr'>Ποιμένος</span> 
     </span>
    </p>
   </div>
   <div class='ocr_carea' id='block_1_61' title="bbox 1479 3353 1620 3398">
    <p class='ocr_par' dir='ltr' id='par_1_61' title="bbox 1479 3353 1620 3398">
     <span class='ocr_line' id='line_1_61' title="bbox 1479 3353 1620 3398; baseline 0.028 -4"><span class='ocrx_word' id='word_1_366' title='bbox 1479 3353 1620 3398; x_wconf 68' lang='lat' dir='ltr'><strong>rem.</strong></span> 
     </span>
    </p>
   </div>
   <div class='ocr_carea' id='block_1_62' title="bbox 827 3449 2334 3531">
    <p class='ocr_par' dir='ltr' id='par_1_62' title="bbox 827 3449 2334 3531">
     <span class='ocr_line' id='line_1_62' title="bbox 827 3449 2334 3531; baseline 0.009 -29"><span class='ocrx_word' id='word_1_367' title='bbox 827 3449 1066 3506; x_wconf 82' lang='lat' dir='ltr'><strong>Sanetus</strong></span> <span class='ocrx_word' id='word_1_368' title='bbox 1115 3451 1275 3508; x_wconf 81' lang='lat' dir='ltr'><strong>Pater</strong></span> <span class='ocrx_word' id='word_1_369' title='bbox 1328 3467 1516 3512; x_wconf 82' lang='lat' dir='ltr'><strong>noster</strong></span> <span class='ocrx_word' id='word_1_370' title='bbox 1569 3457 1790 3512; x_wconf 67' lang='lat' dir='ltr'><strong>Poazieen</strong></span> <span class='ocrx_word' id='word_1_371' title='bbox 1843 3474 1906 3512; x_wconf 83' lang='lat' dir='ltr'><strong>ex</strong></span> <span class='ocrx_word' id='word_1_372' title='bbox 1959 3459 2176 3531; x_wconf 64' lang='lat' dir='ltr'><strong>zEgypi</strong></span> <span class='ocrx_word' id='word_1_373' title='bbox 2231 3461 2334 3516; x_wconf 81' lang='lat' dir='ltr'><strong>fuit</strong></span> 
     </span>
    </p>
   </div>
   <div class='ocr_carea' id='block_1_63' title="bbox 748 3543 2330 3614">
    <p class='ocr_par' dir='ltr' id='par_1_63' title="bbox 748 3543 2330 3614">
     <span class='ocr_line' id='line_1_63' title="bbox 748 3543 2330 3614; baseline 0.008 -20"><span class='ocrx_word' id='word_1_374' title='bbox 748 3543 970 3610; x_wconf 81' lang='lat' dir='ltr'><strong>regione</strong></span> <span class='ocrx_word' id='word_1_375' title='bbox 1005 3563 1016 3596; x_wconf 90' lang='lat'><strong>:</strong></span> <span class='ocrx_word' id='word_1_376' title='bbox 1051 3546 1308 3600; x_wconf 86' lang='lat' dir='ltr'><strong>derelicto</strong></span> <span class='ocrx_word' id='word_1_377' title='bbox 1349 3559 1530 3603; x_wconf 82' lang='lat' dir='ltr'><strong>autem</strong></span> <span class='ocrx_word' id='word_1_378' title='bbox 1567 3551 1796 3614; x_wconf 86' lang='lat' dir='ltr'><strong>mundo,</strong></span> <span class='ocrx_word' id='word_1_379' title='bbox 1827 3553 2054 3606; x_wconf 79' lang='lat' dir='ltr'><strong>secessit</strong></span> <span class='ocrx_word' id='word_1_380' title='bbox 2079 3569 2180 3606; x_wconf 82' lang='lat' dir='ltr'><strong>una</strong></span> <span class='ocrx_word' id='word_1_381' title='bbox 2209 3569 2330 3607; x_wconf 87' lang='lat' dir='ltr'><strong>eum</strong></span> 
     </span>
    </p>
   </div>
   <div class='ocr_carea' id='block_1_64' title="bbox 761 3633 2336 3710">
    <p class='ocr_par' dir='ltr' id='par_1_64' title="bbox 761 3633 2336 3710">
     <span class='ocr_line' id='line_1_64' title="bbox 761 3633 2336 3710; baseline 0.008 -25"><span class='ocrx_word' id='word_1_382' title='bbox 761 3633 879 3686; x_wconf 89' lang='lat' dir='ltr'><strong>suis</strong></span> <span class='ocrx_word' id='word_1_383' title='bbox 904 3637 1182 3702; x_wconf 78' lang='lat' dir='ltr'><strong>germanis</strong></span> <span class='ocrx_word' id='word_1_384' title='bbox 1225 3637 1488 3694; x_wconf 83' lang='lat' dir='ltr'><strong>fratribus</strong></span> <span class='ocrx_word' id='word_1_385' title='bbox 1513 3641 1566 3694; x_wconf 93' lang='lat' dir='ltr'><strong>in</strong></span> <span class='ocrx_word' id='word_1_386' title='bbox 1593 3643 2006 3710; x_wconf 85' lang='lat' dir='ltr'><strong>monasterium,</strong></span> <span class='ocrx_word' id='word_1_387' title='bbox 2067 3653 2122 3696; x_wconf 89' lang='lat' dir='ltr'><strong>et</strong></span> <span class='ocrx_word' id='word_1_388' title='bbox 2153 3659 2336 3698; x_wconf 83' lang='lat' dir='ltr'><strong>mona-</strong></span> 
     </span>
    </p>
   </div>
   <div class='ocr_carea' id='block_1_65' title="bbox 753 3725 2336 3800">
    <p class='ocr_par' dir='ltr' id='par_1_65' title="bbox 753 3725 2336 3800">
     <span class='ocr_line' id='line_1_65' title="bbox 753 3725 2336 3800; baseline 0.008 -24"><span class='ocrx_word' id='word_1_389' title='bbox 753 3726 891 3778; x_wconf 86' lang='lat' dir='ltr'><strong>chus</strong></span> <span class='ocrx_word' id='word_1_390' title='bbox 914 3725 1090 3778; x_wconf 82' lang='lat' dir='ltr'><strong>laetus</strong></span> <span class='ocrx_word' id='word_1_391' title='bbox 1113 3737 1216 3780; x_wconf 90' lang='lat' dir='ltr'><strong>est.</strong></span> <span class='ocrx_word' id='word_1_392' title='bbox 1237 3729 1420 3785; x_wconf 81' lang='lat' dir='ltr'><strong>Multis</strong></span> <span class='ocrx_word' id='word_1_393' title='bbox 1443 3741 1567 3800; x_wconf 87' lang='lat' dir='ltr'><strong>post</strong></span> <span class='ocrx_word' id='word_1_394' title='bbox 1601 3733 1758 3787; x_wconf 87' lang='lat' dir='ltr'><strong>annis</strong></span> <span class='ocrx_word' id='word_1_395' title='bbox 1781 3747 1904 3787; x_wconf 90' lang='lat' dir='ltr'><strong>eum</strong></span> <span class='ocrx_word' id='word_1_396' title='bbox 1935 3747 2120 3790; x_wconf 90' lang='lat' dir='ltr'><strong>eorum</strong></span> <span class='ocrx_word' id='word_1_397' title='bbox 2161 3745 2336 3789; x_wconf 88' lang='lat' dir='ltr'><strong>mater</strong></span> 
     </span>
    </p>
   </div>
   <div class='ocr_carea' id='block_1_66' title="bbox 756 3817 2336 3896">
    <p class='ocr_par' dir='ltr' id='par_1_66' title="bbox 756 3817 2336 3896">
     <span class='ocr_line' id='line_1_66' title="bbox 756 3817 2336 3896; baseline 0.008 -27"><span class='ocrx_word' id='word_1_398' title='bbox 756 3817 822 3869; x_wconf 86' lang='lat' dir='ltr'><strong>ad</strong></span> <span class='ocrx_word' id='word_1_399' title='bbox 892 3833 988 3872; x_wconf 85' lang='lat' dir='ltr'><strong>eos</strong></span> <span class='ocrx_word' id='word_1_400' title='bbox 1057 3819 1373 3876; x_wconf 86' lang='lat' dir='ltr'><strong>invisendos</strong></span> <span class='ocrx_word' id='word_1_401' title='bbox 1447 3829 1689 3892; x_wconf 82' lang='lat' dir='ltr'><strong>proiecta</strong></span> <span class='ocrx_word' id='word_1_402' title='bbox 1762 3837 1927 3888; x_wconf 85' lang='lat' dir='ltr'><strong>esset,</strong></span> <span class='ocrx_word' id='word_1_403' title='bbox 2001 3827 2052 3878; x_wconf 88' lang='lat' dir='ltr'><strong>id</strong></span> <span class='ocrx_word' id='word_1_404' title='bbox 2116 3827 2336 3896; x_wconf 83' lang='lat' dir='ltr'><strong>assequi</strong></span> 
     </span>
    </p>
   </div>
   <div class='ocr_carea' id='block_1_67' title="bbox 757 3909 2336 3988">
    <p class='ocr_par' dir='ltr' id='par_1_67' title="bbox 757 3909 2336 3988">
     <span class='ocr_line' id='line_1_67' title="bbox 757 3909 2336 3988; baseline 0.011 -29"><span class='ocrx_word' id='word_1_405' title='bbox 757 3909 983 3964; x_wconf 88' lang='lat' dir='ltr'><strong>minime</strong></span> <span class='ocrx_word' id='word_1_406' title='bbox 1015 3913 1192 3980; x_wconf 90' lang='lat' dir='ltr'><strong>potuit</strong></span> <span class='ocrx_word' id='word_1_407' title='bbox 1225 3933 1237 3967; x_wconf 88' lang='lat'><strong>:</strong></span> <span class='ocrx_word' id='word_1_408' title='bbox 1273 3914 1616 3970; x_wconf 88' lang='lat' dir='ltr'><strong>occluserant</strong></span> <span class='ocrx_word' id='word_1_409' title='bbox 1641 3918 1784 3970; x_wconf 88' lang='lat' dir='ltr'><strong>enim</strong></span> <span class='ocrx_word' id='word_1_410' title='bbox 1811 3917 2156 3988; x_wconf 87' lang='lat' dir='ltr'><strong>illijanuam.</strong></span> <span class='ocrx_word' id='word_1_411' title='bbox 2199 3919 2336 3976; x_wconf 82' lang='lat' dir='ltr'><strong>Dum</strong></span> 
     </span>
    </p>
   </div>
   <div class='ocr_carea' id='block_1_68' title="bbox 759 4000 2338 4078">
    <p class='ocr_par' dir='ltr' id='par_1_68' title="bbox 759 4000 2338 4078">
     <span class='ocr_line' id='line_1_68' title="bbox 759 4000 2338 4078; baseline 0.009 -28"><span class='ocrx_word' id='word_1_412' title='bbox 759 4013 890 4055; x_wconf 89' lang='lat' dir='ltr'><strong>vero</strong></span> <span class='ocrx_word' id='word_1_413' title='bbox 923 4000 1036 4056; x_wconf 71' lang='lat' dir='ltr'><strong>tunc</strong></span> <span class='ocrx_word' id='word_1_414' title='bbox 1072 4003 1126 4057; x_wconf 91' lang='lat' dir='ltr'><strong>in</strong></span> <span class='ocrx_word' id='word_1_415' title='bbox 1182 4005 1475 4072; x_wconf 80' lang='lat' dir='ltr'><strong>gemitibus</strong></span> <span class='ocrx_word' id='word_1_416' title='bbox 1527 4009 1864 4075; x_wconf 87' lang='lat' dir='ltr'><strong>persisteret,</strong></span> <span class='ocrx_word' id='word_1_417' title='bbox 1910 4009 1984 4063; x_wconf 80' lang='lat' dir='ltr'><strong>ait</strong></span> <span class='ocrx_word' id='word_1_418' title='bbox 2037 4009 2106 4063; x_wconf 89' lang='lat' dir='ltr'><strong>ad</strong></span> <span class='ocrx_word' id='word_1_419' title='bbox 2162 4009 2338 4078; x_wconf 90' lang='lat' dir='ltr'><strong>ipsam</strong></span> 
     </span>
    </p>
   </div>
   <div class='ocr_carea' id='block_1_69' title="bbox 759 4089 2340 4168">
    <p class='ocr_par' dir='ltr' id='par_1_69' title="bbox 759 4089 2340 4168">
     <span class='ocr_line' id='line_1_69' title="bbox 759 4089 2340 4168; baseline 0.009 -28"><span class='ocrx_word' id='word_1_420' title='bbox 759 4089 1006 4158; x_wconf 76' lang='lat' dir='ltr'><strong>Pannon,</strong></span> <span class='ocrx_word' id='word_1_421' title='bbox 1045 4109 1150 4148; x_wconf 82' lang='lat' dir='ltr'><strong>non</strong></span> <span class='ocrx_word' id='word_1_422' title='bbox 1198 4096 1430 4153; x_wconf 90' lang='lat' dir='ltr'><strong>intuitus</strong></span> <span class='ocrx_word' id='word_1_423' title='bbox 1469 4113 1610 4152; x_wconf 86' lang='lat' dir='ltr'><strong>eam.</strong></span> <span class='ocrx_word' id='word_1_424' title='bbox 1646 4099 1784 4164; x_wconf 85' lang='lat' dir='ltr'><strong>Quid</strong></span> <span class='ocrx_word' id='word_1_425' title='bbox 1841 4110 2022 4168; x_wconf 88' lang='lat' dir='ltr'><strong>optas,</strong></span> <span class='ocrx_word' id='word_1_426' title='bbox 2065 4115 2098 4154; x_wconf 91' lang='grc' dir='ltr'><strong>ο</strong></span> <span class='ocrx_word' id='word_1_427' title='bbox 2133 4102 2340 4156; x_wconf 85' lang='lat' dir='ltr'><strong>mater?</strong></span> 
     </span>
    </p>
   </div>
   <div class='ocr_carea' id='block_1_70' title="bbox 764 4184 2340 4260">
    <p class='ocr_par' dir='ltr' id='par_1_70' title="bbox 764 4184 2340 4260">
     <span class='ocr_line' id='line_1_70' title="bbox 764 4184 2340 4260; baseline 0.006 -22"><span class='ocrx_word' id='word_1_428' title='bbox 764 4184 892 4238; x_wconf 66' lang='lat' dir='ltr'><strong>Haec</strong></span> <span class='ocrx_word' id='word_1_429' title='bbox 917 4201 1046 4240; x_wconf 86' lang='lat' dir='ltr'><strong>vero</strong></span> <span class='ocrx_word' id='word_1_430' title='bbox 1071 4203 1086 4240; x_wconf 88' lang='lat'><strong>:</strong></span> <span class='ocrx_word' id='word_1_431' title='bbox 1122 4187 1230 4242; x_wconf 81' lang='lat' dir='ltr'><strong>V&#39;os</strong></span> <span class='ocrx_word' id='word_1_432' title='bbox 1249 4191 1568 4258; x_wconf 82' lang='lat' dir='ltr'><strong>conspicere</strong></span> <span class='ocrx_word' id='word_1_433' title='bbox 1601 4191 1744 4244; x_wconf 85' lang='lat' dir='ltr'><strong>volo.</strong></span> <span class='ocrx_word' id='word_1_434' title='bbox 1771 4191 1868 4246; x_wconf 85' lang='lat' dir='ltr'><strong>Cui</strong></span> <span class='ocrx_word' id='word_1_435' title='bbox 1889 4191 2049 4260; x_wconf 89' lang='lat'><strong>222</strong></span> <span class='ocrx_word' id='word_1_436' title='bbox 2075 4191 2296 4246; x_wconf 86' lang='lat' dir='ltr'><strong>Poemen</strong></span> <span class='ocrx_word' id='word_1_437' title='bbox 2325 4211 2340 4248; x_wconf 89' lang='lat'><strong>:</strong></span> 
     </span>
    </p>
   </div>
   <div class='ocr_carea' id='block_1_71' title="bbox 765 4277 2344 4348">
    <p class='ocr_par' dir='ltr' id='par_1_71' title="bbox 765 4277 2344 4348">
     <span class='ocr_line' id='line_1_71' title="bbox 765 4277 2344 4348; baseline 0.005 -19"><span class='ocrx_word' id='word_1_438' title='bbox 765 4277 824 4330; x_wconf 91' lang='lat' dir='ltr'><strong>In</strong></span> <span class='ocrx_word' id='word_1_439' title='bbox 855 4277 1030 4330; x_wconf 88' lang='lat' dir='ltr'><strong>altero</strong></span> <span class='ocrx_word' id='word_1_440' title='bbox 1052 4279 1252 4333; x_wconf 70' lang='lat' dir='ltr'><strong>sacculo</strong></span> <span class='ocrx_word' id='word_1_441' title='bbox 1285 4295 1384 4335; x_wconf 90' lang='lat' dir='ltr'><strong>nos</strong></span> <span class='ocrx_word' id='word_1_442' title='bbox 1441 4281 1672 4336; x_wconf 76' lang='lat' dir='ltr'><strong>invicem</strong></span> <span class='ocrx_word' id='word_1_443' title='bbox 1735 4283 2058 4338; x_wconf 73' lang='lat' dir='ltr'><strong>videbimus.</strong></span> <span class='ocrx_word' id='word_1_444' title='bbox 2103 4285 2234 4348; x_wconf 70' lang='lat' dir='ltr'><strong>Quae</strong></span> <span class='ocrx_word' id='word_1_445' title='bbox 2287 4291 2344 4338; x_wconf 88' lang='lat' dir='ltr'><strong>ut</strong></span> 
     </span>
    </p>
   </div>
   <div class='ocr_carea' id='block_1_72' title="bbox 763 4368 2344 4433">
    <p class='ocr_par' dir='ltr' id='par_1_72' title="bbox 763 4368 2344 4433">
     <span class='ocr_line' id='line_1_72' title="bbox 763 4368 2344 4433; baseline 0.003 -11"><span class='ocrx_word' id='word_1_446' title='bbox 763 4368 992 4433; x_wconf 83' lang='lat' dir='ltr'><strong>audivit,</strong></span> <span class='ocrx_word' id='word_1_447' title='bbox 1057 4371 1302 4425; x_wconf 85' lang='lat' dir='ltr'><strong>recessit.</strong></span> <span class='ocrx_word' id='word_1_448' title='bbox 1391 4373 1461 4426; x_wconf 78' lang='lat' dir='ltr'><strong>At</strong></span> <span class='ocrx_word' id='word_1_449' title='bbox 1493 4388 1598 4426; x_wconf 91' lang='lat' dir='ltr'><strong>non</strong></span> <span class='ocrx_word' id='word_1_450' title='bbox 1683 4373 1786 4428; x_wconf 83' lang='lat' dir='ltr'><strong>hoc</strong></span> <span class='ocrx_word' id='word_1_451' title='bbox 1835 4375 2011 4428; x_wconf 92' lang='lat' dir='ltr'><strong>solum</strong></span> <span class='ocrx_word' id='word_1_452' title='bbox 2080 4375 2344 4428; x_wconf 87' lang='lat' dir='ltr'><strong>memoria</strong></span> 
     </span>
    </p>
   </div>
   <div class='ocr_carea' id='block_1_73' title="bbox 765 4461 2344 4535">
    <p class='ocr_par' dir='ltr' id='par_1_73' title="bbox 765 4461 2344 4535">
     <span class='ocr_line' id='line_1_73' title="bbox 765 4461 2344 4535; baseline 0.004 -22"><span class='ocrx_word' id='word_1_453' title='bbox 765 4461 991 4530; x_wconf 75' lang='lat' dir='ltr'><strong>dignum</strong></span> <span class='ocrx_word' id='word_1_454' title='bbox 1027 4462 1128 4516; x_wconf 89' lang='lat' dir='ltr'><strong>iste</strong></span> <span class='ocrx_word' id='word_1_455' title='bbox 1185 4466 1370 4532; x_wconf 87' lang='lat' dir='ltr'><strong>gessit,</strong></span> <span class='ocrx_word' id='word_1_456' title='bbox 1431 4465 1524 4518; x_wconf 88' lang='lat' dir='ltr'><strong>sed</strong></span> <span class='ocrx_word' id='word_1_457' title='bbox 1551 4473 1602 4518; x_wconf 91' lang='lat' dir='ltr'><strong>et</strong></span> <span class='ocrx_word' id='word_1_458' title='bbox 1653 4465 1756 4520; x_wconf 87' lang='lat' dir='ltr'><strong>alia</strong></span> <span class='ocrx_word' id='word_1_459' title='bbox 1821 4467 2000 4535; x_wconf 90' lang='lat' dir='ltr'><strong>plura.</strong></span> <span class='ocrx_word' id='word_1_460' title='bbox 2045 4465 2344 4520; x_wconf 69' lang='lat' dir='ltr'><strong>Praefectus</strong></span> 
     </span>
    </p>
   </div>
   <div class='ocr_carea' id='block_1_74' title="bbox 2945 3338 3490 3405">
    <p class='ocr_par' dir='ltr' id='par_1_74' title="bbox 2945 3338 3490 3405">
     <span class='ocr_line' id='line_1_74' title="bbox 2945 3338 3490 3405; baseline -0.002 -15"><span class='ocrx_word' id='word_1_461' title='bbox 2945 3339 3051 3390; x_wconf 78' lang='grc' dir='ltr'>τοῦ</span> <span class='ocrx_word' id='word_1_462' title='bbox 3081 3338 3490 3405; x_wconf 72' lang='grc' dir='ltr'>ἁναχωρητοῦ.</span> 
     </span>
    </p>
   </div>
   <div class='ocr_carea' id='block_1_75' title="bbox 2519 3449 4014 3521">
    <p class='ocr_par' dir='ltr' id='par_1_75' title="bbox 2519 3449 4014 3521">
     <span class='ocr_line' id='line_1_75' title="bbox 2519 3449 4014 3521; baseline -0.004 -16"><span class='ocrx_word' id='word_1_463' title='bbox 2519 3453 2576 3505; x_wconf 89' lang='lat' dir='ltr'><strong>&#39;O</strong></span> <span class='ocrx_word' id='word_1_464' title='bbox 2615 3453 2672 3504; x_wconf 84' lang='grc' dir='ltr'><strong>ἐν</strong></span> <span class='ocrx_word' id='word_1_465' title='bbox 2707 3453 2880 3519; x_wconf 81' lang='grc' dir='ltr'>ἁγίοις</span> <span class='ocrx_word' id='word_1_466' title='bbox 2913 3451 3104 3521; x_wconf 80' lang='grc' dir='ltr'>Πατὴρ</span> <span class='ocrx_word' id='word_1_467' title='bbox 3155 3449 3314 3520; x_wconf 74' lang='grc' dir='ltr'>ἡμῶν</span> <span class='ocrx_word' id='word_1_468' title='bbox 3367 3450 3580 3519; x_wconf 74' lang='grc' dir='ltr'>ῐῐοιμὴν</span> <span class='ocrx_word' id='word_1_469' title='bbox 3641 3449 3856 3519; x_wconf 70' lang='grc' dir='ltr'>ὑπῆρχε</span> <span class='ocrx_word' id='word_1_470' title='bbox 3913 3449 4014 3518; x_wconf 79' lang='grc' dir='ltr'>μὲν</span> 
     </span>
    </p>
   </div>
   <div class='ocr_carea' id='block_1_76' title="bbox 2439 3539 4018 3612">
    <p class='ocr_par' dir='ltr' id='par_1_76' title="bbox 2439 3539 4018 3612">
     <span class='ocr_line' id='line_1_76' title="bbox 2439 3539 4018 3612; baseline -0.003 -19"><span class='ocrx_word' id='word_1_471' title='bbox 2439 3542 2504 3594; x_wconf 79' lang='grc' dir='ltr'><strong>ἐκ</strong></span> <span class='ocrx_word' id='word_1_472' title='bbox 2529 3544 2626 3610; x_wconf 74' lang='grc' dir='ltr'>τῆς</span> <span class='ocrx_word' id='word_1_473' title='bbox 2655 3541 2838 3612; x_wconf 76' lang='grc' dir='ltr'>χώρας</span> <span class='ocrx_word' id='word_1_474' title='bbox 2865 3542 3142 3610; x_wconf 74' lang='grc' dir='ltr'>Αἰγύπτου</span> <span class='ocrx_word' id='word_1_475' title='bbox 3164 3557 3178 3572; x_wconf 90' lang='grc'><strong>·</strong></span> <span class='ocrx_word' id='word_1_476' title='bbox 3223 3541 3540 3593; x_wconf 82' lang='grc' dir='ltr'>καταλιπὼν</span> <span class='ocrx_word' id='word_1_477' title='bbox 3561 3540 3616 3594; x_wconf 87' lang='grc' dir='ltr'><strong>δέ</strong></span> <span class='ocrx_word' id='word_1_478' title='bbox 3647 3539 3738 3592; x_wconf 63' lang='grc' dir='ltr'>τίον</span> <span class='ocrx_word' id='word_1_479' title='bbox 3785 3541 4018 3610; x_wconf 77' lang='grc' dir='ltr'>κόσμον,</span> 
     </span>
    </p>
   </div>
   <div class='ocr_carea' id='block_1_77' title="bbox 2441 3633 4022 3704">
    <p class='ocr_par' dir='ltr' id='par_1_77' title="bbox 2441 3633 4022 3704">
     <span class='ocr_line' id='line_1_77' title="bbox 2441 3633 4022 3704; baseline 0 -18"><span class='ocrx_word' id='word_1_480' title='bbox 2441 3635 2684 3704; x_wconf 81' lang='grc' dir='ltr'>ἀπῆλθεν</span> <span class='ocrx_word' id='word_1_481' title='bbox 2715 3635 2794 3696; x_wconf 87' lang='grc' dir='ltr'><strong>είς</strong></span> <span class='ocrx_word' id='word_1_482' title='bbox 2825 3635 2886 3686; x_wconf 81' lang='grc' dir='ltr'>τὸ</span> <span class='ocrx_word' id='word_1_483' title='bbox 2935 3633 3317 3704; x_wconf 82' lang='grc' dir='ltr'>μοναστὴριον,</span> <span class='ocrx_word' id='word_1_484' title='bbox 3345 3633 3483 3704; x_wconf 84' lang='grc' dir='ltr'><strong>μετά</strong></span> <span class='ocrx_word' id='word_1_485' title='bbox 3519 3634 3625 3686; x_wconf 84' lang='grc' dir='ltr'><strong>τῶν</strong></span> <span class='ocrx_word' id='word_1_486' title='bbox 3649 3633 3888 3702; x_wconf 81' lang='grc' dir='ltr'>γνησίων</span> <span class='ocrx_word' id='word_1_487' title='bbox 3915 3635 3986 3686; x_wconf 74' lang='grc' dir='ltr'>αὖ</span> <span class='ocrx_word' id='word_1_488' title='bbox 4005 3663 4022 3673; x_wconf 88' lang='lat'><strong>-</strong></span> 
     </span>
    </p>
   </div>
   <div class='ocr_carea' id='block_1_78' title="bbox 2439 3723 4024 3794">
    <p class='ocr_par' dir='ltr' id='par_1_78' title="bbox 2439 3723 4024 3794">
     <span class='ocr_line' id='line_1_78' title="bbox 2439 3723 4024 3794; baseline -0.001 -16"><span class='ocrx_word' id='word_1_489' title='bbox 2439 3726 2534 3778; x_wconf 76' lang='grc' dir='ltr'>τοῦ</span> <span class='ocrx_word' id='word_1_490' title='bbox 2591 3727 2860 3794; x_wconf 77' lang='grc' dir='ltr'>ἀδελφῶν,</span> <span class='ocrx_word' id='word_1_491' title='bbox 2891 3725 2988 3778; x_wconf 72' lang='grc' dir='ltr'>καὶ</span> <span class='ocrx_word' id='word_1_492' title='bbox 3037 3725 3256 3792; x_wconf 81' lang='grc' dir='ltr'>ἐγένετο</span> <span class='ocrx_word' id='word_1_493' title='bbox 3299 3725 3551 3794; x_wconf 78' lang='grc' dir='ltr'>μοναχὸς.</span> <span class='ocrx_word' id='word_1_494' title='bbox 3581 3723 3690 3776; x_wconf 75' lang='grc' dir='ltr'><strong>Καὶ</strong></span> <span class='ocrx_word' id='word_1_495' title='bbox 3723 3723 3862 3792; x_wconf 67' lang='grc' dir='ltr'>μετὰ</span> <span class='ocrx_word' id='word_1_496' title='bbox 3886 3725 4024 3793; x_wconf 64' lang='grc' dir='ltr'>χρό-</span> 
     </span>
    </p>
   </div>
   <div class='ocr_carea' id='block_1_79' title="bbox 2443 3813 4020 3884">
    <p class='ocr_par' dir='ltr' id='par_1_79' title="bbox 2443 3813 4020 3884">
     <span class='ocr_line' id='line_1_79' title="bbox 2443 3813 4020 3884; baseline -0.003 -16"><span class='ocrx_word' id='word_1_497' title='bbox 2443 3833 2566 3878; x_wconf 84' lang='grc' dir='ltr'>νους</span> <span class='ocrx_word' id='word_1_498' title='bbox 2605 3815 2832 3876; x_wconf 75' lang='grc' dir='ltr'>πολλοὺς</span> <span class='ocrx_word' id='word_1_499' title='bbox 2867 3813 3184 3867; x_wconf 81' lang='grc' dir='ltr'>ἀπελθοῦσα</span> <span class='ocrx_word' id='word_1_500' title='bbox 3215 3816 3247 3884; x_wconf 82' lang='grc' dir='ltr'><strong>ἡ</strong></span> <span class='ocrx_word' id='word_1_501' title='bbox 3295 3815 3481 3884; x_wconf 80' lang='grc' dir='ltr'>μήτηρ</span> <span class='ocrx_word' id='word_1_502' title='bbox 3509 3813 3674 3867; x_wconf 77' lang='grc' dir='ltr'>αὐτοῦ</span> <span class='ocrx_word' id='word_1_503' title='bbox 3743 3813 3872 3865; x_wconf 81' lang='grc' dir='ltr'>ἰδεῖν</span> <span class='ocrx_word' id='word_1_504' title='bbox 3917 3814 4020 3865; x_wconf 76' lang='grc' dir='ltr'><strong>αὺ-</strong></span> 
     </span>
    </p>
   </div>
   <div class='ocr_carea' id='block_1_80' title="bbox 2441 3903 4025 3975">
    <p class='ocr_par' dir='ltr' id='par_1_80' title="bbox 2441 3903 4025 3975">
     <span class='ocr_line' id='line_1_80' title="bbox 2441 3903 4025 3975; baseline -0.003 -15"><span class='ocrx_word' id='word_1_505' title='bbox 2441 3911 2590 3970; x_wconf 76' lang='grc' dir='ltr'>τοὺς,</span> <span class='ocrx_word' id='word_1_506' title='bbox 2624 3909 2724 3960; x_wconf 72' lang='grc' dir='ltr'>οὐκ</span> <span class='ocrx_word' id='word_1_507' title='bbox 2760 3907 2998 3974; x_wconf 79' lang='grc' dir='ltr'>ἠδυνήθη</span> <span class='ocrx_word' id='word_1_508' title='bbox 3028 3923 3040 3936; x_wconf 86' lang='grc'><em>’</em></span> <span class='ocrx_word' id='word_1_509' title='bbox 3075 3906 3408 3960; x_wconf 81' lang='grc' dir='ltr'>ἀπέκλεισαν</span> <span class='ocrx_word' id='word_1_510' title='bbox 3441 3907 3550 3975; x_wconf 82' lang='grc' dir='ltr'><strong>γὰρ</strong></span> <span class='ocrx_word' id='word_1_511' title='bbox 3598 3905 3734 3974; x_wconf 78' lang='grc' dir='ltr'>αὐτῇ</span> <span class='ocrx_word' id='word_1_512' title='bbox 3769 3907 3870 3972; x_wconf 80' lang='grc' dir='ltr'>τὴν</span> <span class='ocrx_word' id='word_1_513' title='bbox 3923 3903 4025 3957; x_wconf 67' lang='grc' dir='ltr'><strong>θύ-</strong></span> 
     </span>
    </p>
   </div>
   <div class='ocr_carea' id='block_1_81' title="bbox 2446 3991 4026 4070">
    <p class='ocr_par' dir='ltr' id='par_1_81' title="bbox 2446 3991 4026 4070">
     <span class='ocr_line' id='line_1_81' title="bbox 2446 3991 4026 4070; baseline -0.005 -17"><span class='ocrx_word' id='word_1_514' title='bbox 2446 4017 2564 4070; x_wconf 87' lang='grc' dir='ltr'>ραν.</span> <span class='ocrx_word' id='word_1_515' title='bbox 2638 3999 2725 4062; x_wconf 83' lang='grc' dir='ltr'>Ὡς</span> <span class='ocrx_word' id='word_1_516' title='bbox 2763 3999 2818 4051; x_wconf 81' lang='grc' dir='ltr'>δὲ</span> <span class='ocrx_word' id='word_1_517' title='bbox 2849 3999 3078 4068; x_wconf 79' lang='grc' dir='ltr'>ἐπέμενε</span> <span class='ocrx_word' id='word_1_518' title='bbox 3109 3998 3392 4060; x_wconf 79' lang='grc' dir='ltr'>κλαίουσα,</span> <span class='ocrx_word' id='word_1_519' title='bbox 3422 3991 3544 4049; x_wconf 76' lang='grc' dir='ltr'>εἷπε</span> <span class='ocrx_word' id='word_1_520' title='bbox 3601 3997 3738 4066; x_wconf 73' lang='grc' dir='ltr'>πρὸς</span> <span class='ocrx_word' id='word_1_521' title='bbox 3773 3997 3944 4064; x_wconf 76' lang='grc' dir='ltr'>αὐτὴν</span> <span class='ocrx_word' id='word_1_522' title='bbox 3997 3999 4026 4045; x_wconf 75' lang='grc' dir='ltr'>ὁ</span> 
     </span>
    </p>
   </div>
   <div class='ocr_carea' id='block_1_82' title="bbox 2448 4087 4026 4162">
    <p class='ocr_par' dir='ltr' id='par_1_82' title="bbox 2448 4087 4026 4162">
     <span class='ocr_line' id='line_1_82' title="bbox 2448 4087 4026 4162; baseline -0.003 -18"><span class='ocrx_word' id='word_1_523' title='bbox 2448 4091 2677 4162; x_wconf 80' lang='grc' dir='ltr'>Ποιμὴν,</span> <span class='ocrx_word' id='word_1_524' title='bbox 2713 4091 2786 4160; x_wconf 83' lang='grc' dir='ltr'>μὴ</span> <span class='ocrx_word' id='word_1_525' title='bbox 2820 4091 3030 4159; x_wconf 78' lang='grc' dir='ltr'>βλέπων</span> <span class='ocrx_word' id='word_1_526' title='bbox 3067 4091 3256 4158; x_wconf 82' lang='grc' dir='ltr'>αὑτήν·</span> <span class='ocrx_word' id='word_1_527' title='bbox 3292 4089 3358 4140; x_wconf 90' lang='grc' dir='ltr'>Τί</span> <span class='ocrx_word' id='word_1_528' title='bbox 3391 4087 3564 4149; x_wconf 83' lang='grc' dir='ltr'>θέλεις</span> <span class='ocrx_word' id='word_1_529' title='bbox 3619 4089 3831 4158; x_wconf 83' lang='grc' dir='ltr'>μῆτερ;</span> <span class='ocrx_word' id='word_1_530' title='bbox 3875 4089 3940 4140; x_wconf 86' lang='grc' dir='ltr'><em>Ἢ</em></span> <span class='ocrx_word' id='word_1_531' title='bbox 3967 4089 4026 4140; x_wconf 82' lang='grc' dir='ltr'>δὲ</span> 
     </span>
    </p>
   </div>
   <div class='ocr_carea' id='block_1_83' title="bbox 2446 4179 4030 4251">
    <p class='ocr_par' dir='ltr' id='par_1_83' title="bbox 2446 4179 4030 4251">
     <span class='ocr_line' id='line_1_83' title="bbox 2446 4179 4030 4251; baseline -0.002 -17"><span class='ocrx_word' id='word_1_532' title='bbox 2446 4181 2584 4248; x_wconf 79' lang='grc' dir='ltr'>εἷπε,</span> <span class='ocrx_word' id='word_1_533' title='bbox 2639 4181 2790 4234; x_wconf 83' lang='grc' dir='ltr'>Θέλω</span> <span class='ocrx_word' id='word_1_534' title='bbox 2819 4181 2948 4234; x_wconf 84' lang='grc' dir='ltr'>ίδεῖν</span> <span class='ocrx_word' id='word_1_535' title='bbox 2973 4183 3138 4251; x_wconf 74' lang='grc' dir='ltr'>ὑμᾶς.</span> <span class='ocrx_word' id='word_1_536' title='bbox 3175 4181 3286 4233; x_wconf 71' lang='grc' dir='ltr'><strong>Καὶ</strong></span> <span class='ocrx_word' id='word_1_537' title='bbox 3315 4180 3462 4247; x_wconf 90' lang='grc' dir='ltr'>λέγει</span> <span class='ocrx_word' id='word_1_538' title='bbox 3483 4183 3512 4232; x_wconf 85' lang='grc' dir='ltr'>ὀ</span> <span class='ocrx_word' id='word_1_539' title='bbox 3541 4181 3752 4249; x_wconf 82' lang='grc' dir='ltr'>Ποιμήν</span> <span class='ocrx_word' id='word_1_540' title='bbox 3773 4197 3785 4210; x_wconf 93' lang='grc'><strong>·</strong></span> <span class='ocrx_word' id='word_1_541' title='bbox 3817 4179 3911 4231; x_wconf 85' lang='grc' dir='ltr'>Ἐν</span> <span class='ocrx_word' id='word_1_542' title='bbox 3947 4181 4030 4248; x_wconf 80' lang='grc' dir='ltr'>τῷ</span> 
     </span>
    </p>
   </div>
   <div class='ocr_carea' id='block_1_84' title="bbox 2445 4271 4032 4343">
    <p class='ocr_par' dir='ltr' id='par_1_84' title="bbox 2445 4271 4032 4343">
     <span class='ocr_line' id='line_1_84' title="bbox 2445 4271 4032 4343; baseline 0 -18"><span class='ocrx_word' id='word_1_543' title='bbox 2445 4274 2634 4342; x_wconf 84' lang='grc' dir='ltr'>κόσμῳ</span> <span class='ocrx_word' id='word_1_544' title='bbox 2657 4272 2848 4343; x_wconf 84' lang='grc' dir='ltr'>ἐκείνῳ</span> <span class='ocrx_word' id='word_1_545' title='bbox 2895 4273 3140 4342; x_wconf 78' lang='grc' dir='ltr'>ὀψόμεθα</span> <span class='ocrx_word' id='word_1_546' title='bbox 3195 4271 3480 4342; x_wconf 82' lang='grc' dir='ltr'>ἀλλήλους.</span> <span class='ocrx_word' id='word_1_547' title='bbox 3517 4271 3578 4322; x_wconf 87' lang='lat' dir='ltr'><strong>&#39;H</strong></span> <span class='ocrx_word' id='word_1_548' title='bbox 3639 4271 3694 4322; x_wconf 80' lang='grc' dir='ltr'>δὲ</span> <span class='ocrx_word' id='word_1_549' title='bbox 3741 4271 4032 4325; x_wconf 73' lang='grc' dir='ltr'>ἀκούσασα</span> 
     </span>
    </p>
   </div>
   <div class='ocr_carea' id='block_1_85' title="bbox 2447 4361 4033 4435">
    <p class='ocr_par' dir='ltr' id='par_1_85' title="bbox 2447 4361 4033 4435">
     <span class='ocr_line' id='line_1_85' title="bbox 2447 4361 4033 4435; baseline -0.004 -17"><span class='ocrx_word' id='word_1_550' title='bbox 2447 4365 2816 4435; x_wconf 78' lang='grc' dir='ltr'>ἀνεχώρησεν.</span> <span class='ocrx_word' id='word_1_551' title='bbox 2865 4364 2940 4418; x_wconf 79' lang='grc' dir='ltr'><strong>Οὐ</strong></span> <span class='ocrx_word' id='word_1_552' title='bbox 2974 4365 3132 4432; x_wconf 86' lang='grc' dir='ltr'>μόνον</span> <span class='ocrx_word' id='word_1_553' title='bbox 3155 4363 3212 4416; x_wconf 87' lang='grc' dir='ltr'><strong>δέ</strong></span> <span class='ocrx_word' id='word_1_554' title='bbox 3235 4362 3394 4415; x_wconf 83' lang='grc' dir='ltr'>τοῦτο</span> <span class='ocrx_word' id='word_1_555' title='bbox 3422 4363 3678 4432; x_wconf 82' lang='grc' dir='ltr'>ἐποίησεν</span> <span class='ocrx_word' id='word_1_556' title='bbox 3711 4361 3858 4425; x_wconf 77' lang='grc' dir='ltr'>ἄξιον</span> <span class='ocrx_word' id='word_1_557' title='bbox 3895 4364 4033 4432; x_wconf 81' lang='grc' dir='ltr'>μ.νὴ-</span> 
     </span>
    </p>
   </div>
   <div class='ocr_carea' id='block_1_86' title="bbox 2453 4453 4032 4526">
    <p class='ocr_par' dir='ltr' id='par_1_86' title="bbox 2453 4453 4032 4526">
     <span class='ocr_line' id='line_1_86' title="bbox 2453 4453 4032 4526; baseline -0.011 -15"><span class='ocrx_word' id='word_1_558' title='bbox 2453 4473 2578 4526; x_wconf 85' lang='grc' dir='ltr'>μης,</span> <span class='ocrx_word' id='word_1_559' title='bbox 2613 4455 2746 4508; x_wconf 87' lang='grc' dir='ltr'>ἀλλὰ</span> <span class='ocrx_word' id='word_1_560' title='bbox 2771 4454 2864 4508; x_wconf 76' lang='grc' dir='ltr'>καὶ</span> <span class='ocrx_word' id='word_1_561' title='bbox 2895 4455 3062 4524; x_wconf 74' lang='grc' dir='ltr'>ἔτερα</span> <span class='ocrx_word' id='word_1_562' title='bbox 3091 4453 3288 4506; x_wconf 80' lang='grc' dir='ltr'>πολλά.</span> <span class='ocrx_word' id='word_1_563' title='bbox 3341 4453 3402 4506; x_wconf 91' lang='grc' dir='ltr'>Ὁ</span> <span class='ocrx_word' id='word_1_564' title='bbox 3433 4453 3540 4522; x_wconf 77' lang='grc' dir='ltr'><strong>γὰρ</strong></span> <span class='ocrx_word' id='word_1_565' title='bbox 3575 4453 3759 4521; x_wconf 74' lang='grc' dir='ltr'>ἄρχων</span> <span class='ocrx_word' id='word_1_566' title='bbox 3785 4453 3886 4522; x_wconf 75' lang='grc' dir='ltr'>τῆς</span> <span class='ocrx_word' id='word_1_567' title='bbox 3917 4453 4032 4522; x_wconf 68' lang='grc' dir='ltr'><strong>χὼ.</strong></span> 
     </span>
    </p>
   </div>
   <div class='ocr_carea' id='block_1_87' title="bbox 764 4541 2321 4650">
    <p class='ocr_par' dir='ltr' id='par_1_87' title="bbox 764 4553 2321 4626">
     <span class='ocr_line' id='line_1_87' title="bbox 764 4553 2321 4626; baseline 0.003 -19"><span class='ocrx_word' id='word_1_568' title='bbox 764 4553 910 4608; x_wconf 87' lang='lat' dir='ltr'><strong>enim</strong></span> <span class='ocrx_word' id='word_1_569' title='bbox 945 4553 1204 4622; x_wconf 80' lang='lat' dir='ltr'><strong>regionis,</strong></span> <span class='ocrx_word' id='word_1_570' title='bbox 1241 4561 1638 4625; x_wconf 85' lang='lat' dir='ltr'><strong>comprehenso</strong></span> <span class='ocrx_word' id='word_1_571' title='bbox 1667 4558 1873 4612; x_wconf 82' lang='lat' dir='ltr'><strong>sororis</strong></span> <span class='ocrx_word' id='word_1_572' title='bbox 1896 4557 2016 4626; x_wconf 88' lang='lat' dir='ltr'><strong>ejus</strong></span> <span class='ocrx_word' id='word_1_573' title='bbox 2047 4559 2156 4611; x_wconf 83' lang='lat' dir='ltr'><strong>ﬁlio</strong></span> <span class='ocrx_word' id='word_1_574' title='bbox 2217 4573 2321 4626; x_wconf 79' lang='lat' dir='ltr'><strong>pro</strong></span> 
     </span>
    </p>
   </div>
   <div class='ocr_carea' id='block_1_88' title="bbox 2428 4541 4030 4650">
    <p class='ocr_par' dir='ltr' id='par_1_88' title="bbox 2455 4541 4030 4618">
     <span class='ocr_line' id='line_1_88' title="bbox 2455 4541 4030 4618; baseline -0.004 -19"><span class='ocrx_word' id='word_1_575' title='bbox 2455 4563 2550 4618; x_wconf 81' lang='grc' dir='ltr'><strong>ρας</strong></span> <span class='ocrx_word' id='word_1_576' title='bbox 2571 4547 2850 4616; x_wconf 78' lang='grc' dir='ltr'>κρατήσας</span> <span class='ocrx_word' id='word_1_577' title='bbox 2884 4545 2984 4613; x_wconf 85' lang='grc' dir='ltr'>τῆς</span> <span class='ocrx_word' id='word_1_578' title='bbox 3007 4545 3241 4612; x_wconf 71' lang='grc' dir='ltr'>ἀδελφῆς</span> <span class='ocrx_word' id='word_1_579' title='bbox 3265 4543 3428 4597; x_wconf 75' lang='grc' dir='ltr'>αὐτοῦ</span> <span class='ocrx_word' id='word_1_580' title='bbox 3450 4543 3542 4594; x_wconf 79' lang='grc' dir='ltr'>τὸν</span> <span class='ocrx_word' id='word_1_581' title='bbox 3567 4541 3682 4594; x_wconf 78' lang='grc' dir='ltr'>υἱὸν</span> <span class='ocrx_word' id='word_1_582' title='bbox 3713 4543 3808 4594; x_wconf 75' lang='grc' dir='ltr'>ἐπὶ</span> <span class='ocrx_word' id='word_1_583' title='bbox 3833 4543 4030 4614; x_wconf 69' lang='grc' dir='ltr'>κακέᾳ,</span> 
     </span>
    </p>
   </div>
   <div class='ocr_carea' id='block_1_89' title="bbox 763 4645 2338 4719">
    <p class='ocr_par' dir='ltr' id='par_1_89' title="bbox 763 4645 2338 4719">
     <span class='ocr_line' id='line_1_89' title="bbox 763 4645 2338 4719; baseline 0.004 -23"><span class='ocrx_word' id='word_1_584' title='bbox 763 4652 884 4713; x_wconf 87' lang='lat' dir='ltr'><strong>pter</strong></span> <span class='ocrx_word' id='word_1_585' title='bbox 927 4645 1225 4700; x_wconf 91' lang='lat' dir='ltr'><strong>admissum</strong></span> <span class='ocrx_word' id='word_1_586' title='bbox 1283 4645 1566 4716; x_wconf 82' lang='lat' dir='ltr'><strong>ﬂagitium,</strong></span> <span class='ocrx_word' id='word_1_587' title='bbox 1599 4649 1910 4702; x_wconf 86' lang='lat' dir='ltr'><strong>decreverat</strong></span> <span class='ocrx_word' id='word_1_588' title='bbox 1963 4649 2232 4719; x_wconf 86' lang='lat' dir='ltr'><strong>supplicio</strong></span> <span class='ocrx_word' id='word_1_589' title='bbox 2287 4649 2338 4702; x_wconf 89' lang='lat' dir='ltr'><strong>in</strong></span> 
     </span>
    </p>
   </div>
   <div class='ocr_carea' id='block_1_90' title="bbox 767 4736 2342 4809">
    <p class='ocr_par' dir='ltr' id='par_1_90' title="bbox 767 4736 2342 4809">
     <span class='ocr_line' id='line_1_90' title="bbox 767 4736 2342 4809; baseline 0.001 -19"><span class='ocrx_word' id='word_1_590' title='bbox 767 4736 918 4790; x_wconf 91' lang='lat' dir='ltr'><strong>illum</strong></span> <span class='ocrx_word' id='word_1_591' title='bbox 999 4737 1474 4794; x_wconf 86' lang='lat' dir='ltr'><strong>animadvertere:</strong></span> <span class='ocrx_word' id='word_1_592' title='bbox 1539 4750 1593 4794; x_wconf 91' lang='lat' dir='ltr'><strong>et</strong></span> <span class='ocrx_word' id='word_1_593' title='bbox 1649 4739 1886 4808; x_wconf 82' lang='lat' dir='ltr'><strong>cognito,</strong></span> <span class='ocrx_word' id='word_1_594' title='bbox 1954 4741 2098 4809; x_wconf 87' lang='lat' dir='ltr'><strong>quod</strong></span> <span class='ocrx_word' id='word_1_595' title='bbox 2169 4741 2342 4794; x_wconf 86' lang='lat' dir='ltr'><strong>sancti</strong></span> 
     </span>
    </p>
   </div>
   <div class='ocr_carea' id='block_1_91' title="bbox 768 4831 2342 4903">
    <p class='ocr_par' dir='ltr' id='par_1_91' title="bbox 768 4831 2342 4903">
     <span class='ocr_line' id='line_1_91' title="bbox 768 4831 2342 4903; baseline 0 -21"><span class='ocrx_word' id='word_1_596' title='bbox 768 4845 940 4898; x_wconf 81' lang='lat' dir='ltr'><strong>nepos</strong></span> <span class='ocrx_word' id='word_1_597' title='bbox 963 4841 1106 4885; x_wconf 86' lang='lat' dir='ltr'><strong>esset</strong></span> <span class='ocrx_word' id='word_1_598' title='bbox 1153 4847 1220 4885; x_wconf 83' lang='lat' dir='ltr'><strong>ex</strong></span> <span class='ocrx_word' id='word_1_599' title='bbox 1275 4847 1482 4897; x_wconf 84' lang='lat' dir='ltr'><strong>sorore,</strong></span> <span class='ocrx_word' id='word_1_600' title='bbox 1532 4833 1862 4903; x_wconf 71' lang='lat' dir='ltr'><strong>signiﬁcavit</strong></span> <span class='ocrx_word' id='word_1_601' title='bbox 1897 4832 1968 4894; x_wconf 85' lang='lat' dir='ltr'><strong>ei,</strong></span> <span class='ocrx_word' id='word_1_602' title='bbox 2019 4833 2250 4886; x_wconf 88' lang='lat' dir='ltr'><strong>dicens:</strong></span> <span class='ocrx_word' id='word_1_603' title='bbox 2287 4831 2342 4882; x_wconf 84' lang='lat' dir='ltr'><strong>Si</strong></span> 
     </span>
    </p>
   </div>
   <div class='ocr_carea' id='block_1_92' title="bbox 767 4923 2348 4990">
    <p class='ocr_par' dir='ltr' id='par_1_92' title="bbox 767 4923 2348 4990">
     <span class='ocr_line' id='line_1_92' title="bbox 767 4923 2348 4990; baseline 0 -14"><span class='ocrx_word' id='word_1_604' title='bbox 767 4937 983 4990; x_wconf 67' lang='lat' dir='ltr'><strong>aequum</strong></span> <span class='ocrx_word' id='word_1_605' title='bbox 1036 4924 1334 4987; x_wconf 88' lang='lat' dir='ltr'><strong>censueris,</strong></span> <span class='ocrx_word' id='word_1_606' title='bbox 1395 4926 1660 4978; x_wconf 86' lang='lat' dir='ltr'><strong>dimittam</strong></span> <span class='ocrx_word' id='word_1_607' title='bbox 1693 4941 1838 4978; x_wconf 90' lang='lat' dir='ltr'><strong>eum.</strong></span> <span class='ocrx_word' id='word_1_608' title='bbox 1871 4925 1972 4978; x_wconf 88' lang='lat' dir='ltr'><strong>Cui</strong></span> <span class='ocrx_word' id='word_1_609' title='bbox 2021 4923 2240 4978; x_wconf 83' lang='lat' dir='ltr'><strong>Poemen</strong></span> <span class='ocrx_word' id='word_1_610' title='bbox 2269 4926 2348 4977; x_wconf 71' lang='lat' dir='ltr'><strong>sic</strong></span> 
     </span>
    </p>
   </div>
   <div class='ocr_carea' id='block_1_93' title="bbox 769 5011 2346 5084">
    <p class='ocr_par' dir='ltr' id='par_1_93' title="bbox 769 5011 2346 5084">
     <span class='ocr_line' id='line_1_93' title="bbox 769 5011 2346 5084; baseline 0 -18"><span class='ocrx_word' id='word_1_611' title='bbox 769 5013 1050 5081; x_wconf 84' lang='lat' dir='ltr'><strong>respondit</strong></span> <span class='ocrx_word' id='word_1_612' title='bbox 1080 5031 1092 5066; x_wconf 89' lang='lat'>:</span> <span class='ocrx_word' id='word_1_613' title='bbox 1129 5011 1185 5065; x_wconf 87' lang='lat' dir='ltr'><strong>in</strong></span> <span class='ocrx_word' id='word_1_614' title='bbox 1219 5013 1369 5066; x_wconf 90' lang='lat' dir='ltr'><strong>illum</strong></span> <span class='ocrx_word' id='word_1_615' title='bbox 1399 5013 1682 5084; x_wconf 84' lang='lat' dir='ltr'><strong>diligenter</strong></span> <span class='ocrx_word' id='word_1_616' title='bbox 1707 5014 1918 5084; x_wconf 86' lang='lat' dir='ltr'><strong>inquire</strong></span> <span class='ocrx_word' id='word_1_617' title='bbox 1947 5029 1960 5066; x_wconf 88' lang='lat'><strong>:</strong></span> <span class='ocrx_word' id='word_1_618' title='bbox 1995 5023 2046 5066; x_wconf 89' lang='lat' dir='ltr'><strong>et</strong></span> <span class='ocrx_word' id='word_1_619' title='bbox 2076 5013 2120 5068; x_wconf 91' lang='lat' dir='ltr'><strong>si</strong></span> <span class='ocrx_word' id='word_1_620' title='bbox 2153 5013 2346 5066; x_wconf 88' lang='lat' dir='ltr'><strong>mortis</strong></span> 
     </span>
    </p>
   </div>
   <div class='ocr_carea' id='block_1_94' title="bbox 770 5103 2346 5172">
    <p class='ocr_par' dir='ltr' id='par_1_94' title="bbox 770 5103 2346 5172">
     <span class='ocr_line' id='line_1_94' title="bbox 770 5103 2346 5172; baseline -0.001 -13"><span class='ocrx_word' id='word_1_621' title='bbox 770 5115 854 5159; x_wconf 84' lang='lat' dir='ltr'><strong>est</strong></span> <span class='ocrx_word' id='word_1_622' title='bbox 907 5119 1056 5166; x_wconf 86' lang='lat' dir='ltr'><strong>reus,</strong></span> <span class='ocrx_word' id='word_1_623' title='bbox 1087 5105 1379 5170; x_wconf 86' lang='lat' dir='ltr'><strong>moriatur;</strong></span> <span class='ocrx_word' id='word_1_624' title='bbox 1441 5105 1484 5159; x_wconf 91' lang='lat' dir='ltr'><strong>si</strong></span> <span class='ocrx_word' id='word_1_625' title='bbox 1532 5121 1660 5158; x_wconf 89' lang='lat' dir='ltr'><strong>vero</strong></span> <span class='ocrx_word' id='word_1_626' title='bbox 1711 5121 1844 5169; x_wconf 90' lang='lat' dir='ltr'><strong>non,</strong></span> <span class='ocrx_word' id='word_1_627' title='bbox 1897 5103 1980 5157; x_wconf 82' lang='lat' dir='ltr'><strong>fac</strong></span> <span class='ocrx_word' id='word_1_628' title='bbox 2040 5105 2186 5172; x_wconf 86' lang='lat' dir='ltr'><strong>quod</strong></span> <span class='ocrx_word' id='word_1_629' title='bbox 2219 5103 2346 5157; x_wconf 87' lang='lat' dir='ltr'><strong>vis:</strong></span> 
     </span>
    </p>
   </div>
   <div class='ocr_carea' id='block_1_95' title="bbox 773 5194 2349 5266">
    <p class='ocr_par' dir='ltr' id='par_1_95' title="bbox 773 5194 2349 5266">
     <span class='ocr_line' id='line_1_95' title="bbox 773 5194 2349 5266; baseline 0.001 -18"><span class='ocrx_word' id='word_1_630' title='bbox 773 5195 1088 5251; x_wconf 79' lang='lat' dir='ltr'><strong>Admiratus</strong></span> <span class='ocrx_word' id='word_1_631' title='bbox 1119 5211 1246 5250; x_wconf 88' lang='lat' dir='ltr'><strong>vero</strong></span> <span class='ocrx_word' id='word_1_632' title='bbox 1279 5196 1566 5264; x_wconf 80' lang='lat' dir='ltr'><strong>praeiecws</strong></span> <span class='ocrx_word' id='word_1_633' title='bbox 1588 5195 1708 5266; x_wconf 87' lang='lat' dir='ltr'><strong>ejus</strong></span> <span class='ocrx_word' id='word_1_634' title='bbox 1769 5195 2018 5248; x_wconf 91' lang='lat' dir='ltr'><strong>animum</strong></span> <span class='ocrx_word' id='word_1_635' title='bbox 2059 5194 2349 5249; x_wconf 83' lang='lat' dir='ltr'><strong>alicctibus</strong></span> 
     </span>
    </p>
   </div>
   <div class='ocr_carea' id='block_1_96' title="bbox 777 5284 2348 5356">
    <p class='ocr_par' dir='ltr' id='par_1_96' title="bbox 777 5284 2348 5356">
     <span class='ocr_line' id='line_1_96' title="bbox 777 5284 2348 5356; baseline -0.003 -16"><span class='ocrx_word' id='word_1_636' title='bbox 777 5303 1123 5356; x_wconf 87' lang='lat' dir='ltr'><strong>nequaquam</strong></span> <span class='ocrx_word' id='word_1_637' title='bbox 1156 5287 1487 5355; x_wconf 89' lang='lat' dir='ltr'><strong>subjectum,</strong></span> <span class='ocrx_word' id='word_1_638' title='bbox 1525 5289 1675 5340; x_wconf 93' lang='lat' dir='ltr'><strong>illum</strong></span> <span class='ocrx_word' id='word_1_639' title='bbox 1715 5286 1943 5340; x_wconf 85' lang='lat' dir='ltr'><strong>dimisit.</strong></span> <span class='ocrx_word' id='word_1_640' title='bbox 1981 5284 2144 5338; x_wconf 84' lang='lat' dir='ltr'><strong>Plura</strong></span> <span class='ocrx_word' id='word_1_641' title='bbox 2168 5293 2348 5339; x_wconf 87' lang='lat' dir='ltr'><strong>autem</strong></span> 
     </span>
    </p>
   </div>
   <div class='ocr_carea' id='block_1_97' title="bbox 777 5377 2127 5448">
    <p class='ocr_par' dir='ltr' id='par_1_97' title="bbox 777 5377 2127 5448">
     <span class='ocr_line' id='line_1_97' title="bbox 777 5377 2127 5448; baseline -0.003 -14"><span class='ocrx_word' id='word_1_642' title='bbox 777 5391 1001 5434; x_wconf 84' lang='lat' dir='ltr'><strong>sanctus</strong></span> <span class='ocrx_word' id='word_1_643' title='bbox 1037 5389 1296 5448; x_wconf 80' lang='lat' dir='ltr'><strong>cperatus</strong></span> <span class='ocrx_word' id='word_1_644' title='bbox 1325 5379 1610 5445; x_wconf 82' lang='lat' dir='ltr'><strong>miracula,</strong></span> <span class='ocrx_word' id='word_1_645' title='bbox 1649 5379 1702 5432; x_wconf 90' lang='lat' dir='ltr'><strong>in</strong></span> <span class='ocrx_word' id='word_1_646' title='bbox 1734 5393 1868 5448; x_wconf 88' lang='lat' dir='ltr'><strong>pace</strong></span> <span class='ocrx_word' id='word_1_647' title='bbox 1897 5377 2127 5446; x_wconf 86' lang='lat' dir='ltr'><strong>quievit.</strong></span> 
     </span>
    </p>
   </div>
   <div class='ocr_carea' id='block_1_98' title="bbox 781 5488 2356 5574">
    <p class='ocr_par' dir='ltr' id='par_1_98' title="bbox 781 5488 2356 5574">
     <span class='ocr_line' id='line_1_98' title="bbox 781 5488 2356 5574; baseline -0.002 -27"><span class='ocrx_word' id='word_1_648' title='bbox 781 5493 850 5547; x_wconf 83' lang='lat' dir='ltr'><strong>Et</strong></span> <span class='ocrx_word' id='word_1_649' title='bbox 905 5494 1158 5546; x_wconf 84' lang='lat' dir='ltr'><strong>memoria</strong></span> <span class='ocrx_word' id='word_1_650' title='bbox 1213 5494 1384 5548; x_wconf 74' lang='lat' dir='ltr'><strong>sancti</strong></span> <span class='ocrx_word' id='word_1_651' title='bbox 1451 5489 2036 5574; x_wconf 46' lang='lat' dir='ltr'><strong>Patrisniostriﬂosii</strong></span> <span class='ocrx_word' id='word_1_652' title='bbox 2093 5488 2356 5544; x_wconf 70' lang='lat' dir='ltr'><strong>Corduba:</strong></span> 
     </span>
    </p>
   </div>
   <div class='ocr_carea' id='block_1_99' title="bbox 1441 5579 1688 5630">
    <p class='ocr_par' dir='ltr' id='par_1_99' title="bbox 1441 5579 1688 5630">
     <span class='ocr_line' id='line_1_99' title="bbox 1441 5579 1688 5630; baseline 0.004 -14"><span class='ocrx_word' id='word_1_653' title='bbox 1441 5579 1688 5630; x_wconf 77' lang='lat' dir='ltr'><strong>episcopi.</strong></span> 
     </span>
    </p>
   </div>
   <div class='ocr_carea' id='block_1_100' title="bbox 857 5675 2356 5747">
    <p class='ocr_par' dir='ltr' id='par_1_100' title="bbox 857 5675 2356 5747">
     <span class='ocr_line' id='line_1_100' title="bbox 857 5675 2356 5747; baseline -0.004 -16"><span class='ocrx_word' id='word_1_654' title='bbox 857 5679 1055 5734; x_wconf 82' lang='lat' dir='ltr'><strong>Hosius</strong></span> <span class='ocrx_word' id='word_1_655' title='bbox 1085 5677 1351 5732; x_wconf 70' lang='lat' dir='ltr'><strong>Corduba:</strong></span> <span class='ocrx_word' id='word_1_656' title='bbox 1375 5679 1684 5747; x_wconf 85' lang='lat' dir='ltr'><strong>episcopus,</strong></span> <span class='ocrx_word' id='word_1_657' title='bbox 1723 5675 1928 5730; x_wconf 87' lang='lat' dir='ltr'><strong>mundo</strong></span> <span class='ocrx_word' id='word_1_658' title='bbox 1951 5675 2185 5730; x_wconf 87' lang='lat' dir='ltr'><strong>remisso</strong></span> <span class='ocrx_word' id='word_1_659' title='bbox 2215 5688 2356 5726; x_wconf 90' lang='lat' dir='ltr'><strong>nun-</strong></span> 
     </span>
    </p>
   </div>
   <div class='ocr_carea' id='block_1_101' title="bbox 787 5767 2358 5837">
    <p class='ocr_par' dir='ltr' id='par_1_101' title="bbox 787 5767 2358 5837">
     <span class='ocr_line' id='line_1_101' title="bbox 787 5767 2358 5837; baseline -0.003 -13"><span class='ocrx_word' id='word_1_660' title='bbox 787 5769 900 5834; x_wconf 87' lang='lat' dir='ltr'><strong>tio,</strong></span> <span class='ocrx_word' id='word_1_661' title='bbox 931 5778 984 5824; x_wconf 89' lang='lat' dir='ltr'><strong>et</strong></span> <span class='ocrx_word' id='word_1_662' title='bbox 1023 5771 1382 5826; x_wconf 89' lang='lat' dir='ltr'><strong>monasticum</strong></span> <span class='ocrx_word' id='word_1_663' title='bbox 1419 5769 1730 5823; x_wconf 79' lang='lat' dir='ltr'><strong>institutum</strong></span> <span class='ocrx_word' id='word_1_664' title='bbox 1767 5771 2070 5837; x_wconf 81' lang='lat' dir='ltr'><strong>amplexus,</strong></span> <span class='ocrx_word' id='word_1_665' title='bbox 2123 5767 2358 5822; x_wconf 88' lang='lat' dir='ltr'><strong>ascetica</strong></span> 
     </span>
    </p>
   </div>
   <div class='ocr_carea' id='block_1_102' title="bbox 789 5859 2358 5932">
    <p class='ocr_par' dir='ltr' id='par_1_102' title="bbox 789 5859 2358 5932">
     <span class='ocr_line' id='line_1_102' title="bbox 789 5859 2358 5932; baseline -0.006 -14"><span class='ocrx_word' id='word_1_666' title='bbox 789 5863 898 5920; x_wconf 83' lang='lat' dir='ltr'><strong>vita</strong></span> <span class='ocrx_word' id='word_1_667' title='bbox 945 5861 1178 5932; x_wconf 84' lang='lat' dir='ltr'><strong>primum</strong></span> <span class='ocrx_word' id='word_1_668' title='bbox 1235 5863 1528 5918; x_wconf 72' lang='lat' dir='ltr'><strong>exeeiluii;</strong></span> <span class='ocrx_word' id='word_1_669' title='bbox 1581 5877 1704 5916; x_wconf 78' lang='lat' dir='ltr'><strong>mox</strong></span> <span class='ocrx_word' id='word_1_670' title='bbox 1769 5862 2021 5916; x_wconf 79' lang='lat' dir='ltr'><strong>omnibus</strong></span> <span class='ocrx_word' id='word_1_671' title='bbox 2085 5859 2358 5924; x_wconf 68' lang='lat' dir='ltr'><strong>refulgens</strong></span> 
     </span>
    </p>
   </div>
   <div class='ocr_carea' id='block_1_103' title="bbox 2450 4632 4034 4706">
    <p class='ocr_par' dir='ltr' id='par_1_103' title="bbox 2450 4632 4034 4706">
     <span class='ocr_line' id='line_1_103' title="bbox 2450 4632 4034 4706; baseline -0.004 -15"><span class='ocrx_word' id='word_1_672' title='bbox 2450 4638 2699 4691; x_wconf 73' lang='grc' dir='ltr'>ἐδούλετο</span> <span class='ocrx_word' id='word_1_673' title='bbox 2725 4639 3008 4706; x_wconf 84' lang='grc' dir='ltr'>τιμωρεῖν.</span> <span class='ocrx_word' id='word_1_674' title='bbox 3037 4637 3146 4690; x_wconf 72' lang='grc' dir='ltr'><strong>Καὶ</strong></span> <span class='ocrx_word' id='word_1_675' title='bbox 3183 4633 3372 4704; x_wconf 80' lang='grc' dir='ltr'>μαθὼν</span> <span class='ocrx_word' id='word_1_676' title='bbox 3397 4635 3480 4686; x_wconf 83' lang='grc' dir='ltr'>ὅτι</span> <span class='ocrx_word' id='word_1_677' title='bbox 3513 4632 3607 4686; x_wconf 78' lang='grc' dir='ltr'><strong>τοῦ</strong></span> <span class='ocrx_word' id='word_1_678' title='bbox 3669 4633 3829 4700; x_wconf 87' lang='grc' dir='ltr'>ἀγίου</span> <span class='ocrx_word' id='word_1_679' title='bbox 3877 4635 4034 4686; x_wconf 72' lang='grc' dir='ltr'>ἐστὶν</span> 
     </span>
    </p>
   </div>
   <div class='ocr_carea' id='block_1_104' title="bbox 2453 4725 4035 4798">
    <p class='ocr_par' dir='ltr' id='par_1_104' title="bbox 2453 4725 4035 4798">
     <span class='ocr_line' id='line_1_104' title="bbox 2453 4725 4035 4798; baseline -0.003 -15"><span class='ocrx_word' id='word_1_680' title='bbox 2453 4730 2694 4798; x_wconf 59' lang='grc' dir='ltr'>ἀνεψιὸς,</span> <span class='ocrx_word' id='word_1_681' title='bbox 2719 4731 2988 4798; x_wconf 78' lang='grc' dir='ltr'>ἐμήνυσεν</span> <span class='ocrx_word' id='word_1_682' title='bbox 3023 4726 3190 4797; x_wconf 69' lang='grc' dir='ltr'>αὐτῷ,</span> <span class='ocrx_word' id='word_1_683' title='bbox 3231 4727 3312 4779; x_wconf 85' lang='grc' dir='ltr'>ὅτι</span> <span class='ocrx_word' id='word_1_684' title='bbox 3341 4727 3403 4778; x_wconf 76' lang='lat' dir='ltr'><strong>Ei</strong></span> <span class='ocrx_word' id='word_1_685' title='bbox 3432 4726 3628 4792; x_wconf 79' lang='grc' dir='ltr'>ἀξιοῖς,</span> <span class='ocrx_word' id='word_1_686' title='bbox 3675 4725 3904 4778; x_wconf 74' lang='grc' dir='ltr'>ἀπολύω</span> <span class='ocrx_word' id='word_1_687' title='bbox 3933 4729 4035 4778; x_wconf 72' lang='grc' dir='ltr'><strong>αὐ-</strong></span> 
     </span>
    </p>
   </div>
   <div class='ocr_carea' id='block_1_105' title="bbox 2455 4815 4033 4890">
    <p class='ocr_par' dir='ltr' id='par_1_105' title="bbox 2455 4815 4033 4890">
     <span class='ocr_line' id='line_1_105' title="bbox 2455 4815 4033 4890; baseline -0.005 -14"><span class='ocrx_word' id='word_1_688' title='bbox 2455 4825 2565 4876; x_wconf 78' lang='grc' dir='ltr'>τόν.</span> <span class='ocrx_word' id='word_1_689' title='bbox 2605 4823 2664 4874; x_wconf 89' lang='lat'><strong>&#39;0</strong></span> <span class='ocrx_word' id='word_1_690' title='bbox 2698 4821 2754 4874; x_wconf 80' lang='grc' dir='ltr'>δὲ</span> <span class='ocrx_word' id='word_1_691' title='bbox 2787 4822 3162 4890; x_wconf 82' lang='grc' dir='ltr'>ἀντεμήνυσεν</span> <span class='ocrx_word' id='word_1_692' title='bbox 3197 4833 3210 4848; x_wconf 91' lang='grc'>·</span> <span class='ocrx_word' id='word_1_693' title='bbox 3261 4817 3554 4881; x_wconf 81' lang='grc' dir='ltr'>Ἐξέτασον</span> <span class='ocrx_word' id='word_1_694' title='bbox 3579 4815 3646 4868; x_wconf 79' lang='grc' dir='ltr'><strong>τά</strong></span> <span class='ocrx_word' id='word_1_695' title='bbox 3663 4816 3786 4869; x_wconf 83' lang='grc' dir='ltr'>κατ’</span> <span class='ocrx_word' id='word_1_696' title='bbox 3821 4816 3988 4868; x_wconf 69' lang='grc' dir='ltr'>αὐτόν</span> <span class='ocrx_word' id='word_1_697' title='bbox 4023 4835 4033 4846; x_wconf 93' lang='grc'>·</span> 
     </span>
    </p>
   </div>
   <div class='ocr_carea' id='block_1_106' title="bbox 2457 4907 4038 4978">
    <p class='ocr_par' dir='ltr' id='par_1_106' title="bbox 2457 4907 4038 4978">
     <span class='ocr_line' id='line_1_106' title="bbox 2457 4907 4038 4978; baseline -0.01 -11"><span class='ocrx_word' id='word_1_698' title='bbox 2457 4915 2550 4968; x_wconf 76' lang='grc' dir='ltr'>καὶ</span> <span class='ocrx_word' id='word_1_699' title='bbox 2579 4917 2624 4966; x_wconf 83' lang='grc' dir='ltr'>εἰ</span> <span class='ocrx_word' id='word_1_700' title='bbox 2647 4911 2793 4978; x_wconf 76' lang='grc' dir='ltr'>ἀξιός</span> <span class='ocrx_word' id='word_1_701' title='bbox 2821 4913 2936 4964; x_wconf 80' lang='grc' dir='ltr'>ἐστι</span> <span class='ocrx_word' id='word_1_702' title='bbox 2969 4911 3224 4974; x_wconf 76' lang='grc' dir='ltr'>θανάτου,</span> <span class='ocrx_word' id='word_1_703' title='bbox 3258 4908 3578 4961; x_wconf 86' lang='grc' dir='ltr'>ἀποθανέτω</span> <span class='ocrx_word' id='word_1_704' title='bbox 3616 4923 3632 4936; x_wconf 84' lang='grc'><em>’</em></span> <span class='ocrx_word' id='word_1_705' title='bbox 3663 4908 3714 4959; x_wconf 92' lang='grc' dir='ltr'><strong>εί</strong></span> <span class='ocrx_word' id='word_1_706' title='bbox 3745 4907 3800 4958; x_wconf 86' lang='grc' dir='ltr'>δὲ</span> <span class='ocrx_word' id='word_1_707' title='bbox 3829 4907 3926 4976; x_wconf 71' lang='grc' dir='ltr'>μὴ,</span> <span class='ocrx_word' id='word_1_708' title='bbox 3961 4909 4038 4970; x_wconf 74' lang='grc' dir='ltr'>ὡς</span> 
     </span>
    </p>
   </div>
   <div class='ocr_carea' id='block_1_107' title="bbox 2458 4999 4040 5076">
    <p class='ocr_par' dir='ltr' id='par_1_107' title="bbox 2458 4999 4040 5076">
     <span class='ocr_line' id='line_1_107' title="bbox 2458 4999 4040 5076; baseline -0.004 -19"><span class='ocrx_word' id='word_1_709' title='bbox 2458 5005 2636 5076; x_wconf 79' lang='grc' dir='ltr'>βούλει</span> <span class='ocrx_word' id='word_1_710' title='bbox 2663 5003 2908 5072; x_wconf 82' lang='grc' dir='ltr'>ποίησον.</span> <span class='ocrx_word' id='word_1_711' title='bbox 2946 5003 3054 5056; x_wconf 71' lang='grc' dir='ltr'><strong>Καὶ</strong></span> <span class='ocrx_word' id='word_1_712' title='bbox 3085 5001 3374 5072; x_wconf 77' lang='grc' dir='ltr'>θαυμάσας</span> <span class='ocrx_word' id='word_1_713' title='bbox 3417 5003 3444 5052; x_wconf 87' lang='grc' dir='ltr'>ὁ</span> <span class='ocrx_word' id='word_1_714' title='bbox 3488 4999 3672 5070; x_wconf 81' lang='grc' dir='ltr'>ἄρχων</span> <span class='ocrx_word' id='word_1_715' title='bbox 3709 4999 3770 5050; x_wconf 70' lang='grc' dir='ltr'>τὸ</span> <span class='ocrx_word' id='word_1_716' title='bbox 3829 5001 4040 5068; x_wconf 78' lang='grc' dir='ltr'>ἀπροσ-</span> 
     </span>
    </p>
   </div>
   <div class='ocr_carea' id='block_1_108' title="bbox 2459 5089 4038 5162">
    <p class='ocr_par' dir='ltr' id='par_1_108' title="bbox 2459 5089 4038 5162">
     <span class='ocr_line' id='line_1_108' title="bbox 2459 5089 4038 5162; baseline -0.002 -14"><span class='ocrx_word' id='word_1_717' title='bbox 2459 5095 2628 5158; x_wconf 76' lang='grc' dir='ltr'>παθὲς</span> <span class='ocrx_word' id='word_1_718' title='bbox 2681 5095 2869 5156; x_wconf 76' lang='grc' dir='ltr'>αὑτοῦ,</span> <span class='ocrx_word' id='word_1_719' title='bbox 2921 5093 3192 5146; x_wconf 78' lang='grc' dir='ltr'>ἀπέλυσεν</span> <span class='ocrx_word' id='word_1_720' title='bbox 3250 5089 3641 5146; x_wconf 75' lang='grc' dir='ltr'>αὖτόν.Πολλά</span> <span class='ocrx_word' id='word_1_721' title='bbox 3691 5089 3747 5142; x_wconf 82' lang='grc' dir='ltr'>δὲ</span> <span class='ocrx_word' id='word_1_722' title='bbox 3781 5089 4038 5162; x_wconf 65' lang='grc' dir='ltr'>θαύματα.</span> 
     </span>
    </p>
   </div>
   <div class='ocr_carea' id='block_1_109' title="bbox 2459 5183 3405 5260">
    <p class='ocr_par' dir='ltr' id='par_1_109' title="bbox 2459 5183 3405 5260">
     <span class='ocr_line' id='line_1_109' title="bbox 2459 5183 3405 5260; baseline -0.007 -18"><span class='ocrx_word' id='word_1_723' title='bbox 2459 5191 2711 5260; x_wconf 81' lang='grc' dir='ltr'>ποιήσας,</span> <span class='ocrx_word' id='word_1_724' title='bbox 2740 5189 2796 5240; x_wconf 78' lang='grc' dir='ltr'><strong>ἐν</strong></span> <span class='ocrx_word' id='word_1_725' title='bbox 2832 5187 3023 5257; x_wconf 77' lang='grc' dir='ltr'>εἰρήνῃ</span> <span class='ocrx_word' id='word_1_726' title='bbox 3055 5183 3405 5238; x_wconf 79' lang='grc' dir='ltr'>ἀνεπαύσατο</span> 
     </span>
    </p>
   </div>
   <div class='ocr_carea' id='block_1_110' title="bbox 2463 5487 4042 5562">
    <p class='ocr_par' dir='ltr' id='par_1_110' title="bbox 2463 5487 4042 5562">
     <span class='ocr_line' id='line_1_110' title="bbox 2463 5487 4042 5562; baseline -0.002 -13"><span class='ocrx_word' id='word_1_727' title='bbox 2463 5491 2572 5550; x_wconf 68' lang='grc' dir='ltr'><strong>Καὶ</strong></span> <span class='ocrx_word' id='word_1_728' title='bbox 2611 5491 2819 5562; x_wconf 76' lang='grc' dir='ltr'>μνήμη</span> <span class='ocrx_word' id='word_1_729' title='bbox 2855 5489 2961 5562; x_wconf 82' lang='grc' dir='ltr'>τοῦ</span> <span class='ocrx_word' id='word_1_730' title='bbox 3003 5489 3072 5542; x_wconf 83' lang='grc' dir='ltr'>ἑν</span> <span class='ocrx_word' id='word_1_731' title='bbox 3101 5489 3294 5556; x_wconf 75' lang='grc' dir='ltr'>ἁγίοις</span> <span class='ocrx_word' id='word_1_732' title='bbox 3349 5487 3583 5562; x_wconf 48' lang='lat' dir='ltr'><strong>Harpoc-</strong></span> <span class='ocrx_word' id='word_1_733' title='bbox 3630 5487 3804 5557; x_wconf 74' lang='grc' dir='ltr'><strong>ἡμῶν</strong></span> <span class='ocrx_word' id='word_1_734' title='bbox 3845 5489 4042 5546; x_wconf 71' lang='grc' dir='ltr'>Ὀσίρυ</span> 
     </span>
    </p>
   </div>
   <div class='ocr_carea' id='block_1_111' title="bbox 2883 5558 3616 5626">
    <p class='ocr_par' dir='ltr' id='par_1_111' title="bbox 2883 5558 3616 5626">
     <span class='ocr_line' id='line_1_111' title="bbox 2883 5558 3616 5626; baseline -0.001 -12"><span class='ocrx_word' id='word_1_735' title='bbox 2883 5561 3222 5614; x_wconf 75' lang='grc' dir='ltr'>ἐπισκόπου</span> <span class='ocrx_word' id='word_1_736' title='bbox 3255 5558 3616 5626; x_wconf 79' lang='grc' dir='ltr'>Κορδούϐης.</span> 
     </span>
    </p>
   </div>
   <div class='ocr_carea' id='block_1_112' title="bbox 2549 5669 4042 5740">
    <p class='ocr_par' dir='ltr' id='par_1_112' title="bbox 2549 5669 4042 5740">
     <span class='ocr_line' id='line_1_112' title="bbox 2549 5669 4042 5740; baseline -0.005 -12"><span class='ocrx_word' id='word_1_737' title='bbox 2549 5675 2608 5728; x_wconf 91' lang='grc' dir='ltr'>Ὁ</span> <span class='ocrx_word' id='word_1_738' title='bbox 2623 5675 2808 5736; x_wconf 86' lang='grc' dir='ltr'>Ὂσιος</span> <span class='ocrx_word' id='word_1_739' title='bbox 2837 5671 3136 5732; x_wconf 82' lang='grc' dir='ltr'>ἐπίσκοπος</span> <span class='ocrx_word' id='word_1_740' title='bbox 3149 5669 3486 5740; x_wconf 79' lang='grc' dir='ltr'>Κορδούδης,</span> <span class='ocrx_word' id='word_1_741' title='bbox 3505 5669 3824 5722; x_wconf 81' lang='grc' dir='ltr'>καταλιπὼν</span> <span class='ocrx_word' id='word_1_742' title='bbox 3839 5670 3936 5722; x_wconf 72' lang='grc' dir='ltr'><strong>τὸν</strong></span> <span class='ocrx_word' id='word_1_743' title='bbox 3953 5670 4042 5721; x_wconf 70' lang='lat' dir='ltr'><strong>v.6-</strong></span> 
     </span>
    </p>
   </div>
   <div class='ocr_carea' id='block_1_113' title="bbox 2472 5760 4042 5835">
    <p class='ocr_par' dir='ltr' id='par_1_113' title="bbox 2472 5760 4042 5835">
     <span class='ocr_line' id='line_1_113' title="bbox 2472 5760 4042 5835; baseline -0.01 -15"><span class='ocrx_word' id='word_1_744' title='bbox 2472 5783 2626 5835; x_wconf 78' lang='grc' dir='ltr'>σμον,</span> <span class='ocrx_word' id='word_1_745' title='bbox 2659 5765 2752 5817; x_wconf 69' lang='grc' dir='ltr'>καὶ</span> <span class='ocrx_word' id='word_1_746' title='bbox 2781 5761 3018 5829; x_wconf 80' lang='grc' dir='ltr'>γεγονὼς</span> <span class='ocrx_word' id='word_1_747' title='bbox 3056 5761 3306 5830; x_wconf 78' lang='grc' dir='ltr'>μοναχδς,</span> <span class='ocrx_word' id='word_1_748' title='bbox 3337 5761 3432 5812; x_wconf 73' lang='grc' dir='ltr'>καὶ</span> <span class='ocrx_word' id='word_1_749' title='bbox 3469 5761 3526 5810; x_wconf 85' lang='grc' dir='ltr'>ὲν</span> <span class='ocrx_word' id='word_1_750' title='bbox 3575 5760 3808 5828; x_wconf 80' lang='grc' dir='ltr'>ἀσκήσει</span> <span class='ocrx_word' id='word_1_751' title='bbox 3873 5761 4042 5826; x_wconf 57' lang='lat' dir='ltr'><strong>toil-ﬁ</strong></span> 
     </span>
    </p>
   </div>
   <div class='ocr_carea' id='block_1_114' title="bbox 2472 5845 4045 5926">
    <p class='ocr_par' dir='ltr' id='par_1_114' title="bbox 2472 5845 4045 5926">
     <span class='ocr_line' id='line_1_114' title="bbox 2472 5845 4045 5926; baseline -0.004 -19"><span class='ocrx_word' id='word_1_752' title='bbox 2472 5857 2735 5926; x_wconf 68' lang='grc' dir='ltr'>πρότερον</span> <span class='ocrx_word' id='word_1_753' title='bbox 2765 5849 3091 5920; x_wconf 68' lang='grc' dir='ltr'>διαπρέψας,</span> <span class='ocrx_word' id='word_1_754' title='bbox 3123 5851 3212 5902; x_wconf 67' lang='grc' dir='ltr'>καὶ</span> <span class='ocrx_word' id='word_1_755' title='bbox 3247 5848 3530 5901; x_wconf 69' lang='grc' dir='ltr'>παντοίαις</span> <span class='ocrx_word' id='word_1_756' title='bbox 3563 5847 3784 5912; x_wconf 79' lang='grc' dir='ltr'>ἀρεταῖς</span> <span class='ocrx_word' id='word_1_757' title='bbox 3817 5845 4045 5915; x_wconf 63' lang='grc' dir='ltr'>διαλάμ-</span> 
     </span>
    </p>
   </div>
  </div>
