4190 6534
129 400 229 469 609

1540 392 1691 453 AUG
1703 393 1846 453 UST
1858 393 1970 453 US.

3280 396 3389 459 610

132 517 251 587 ψας,
280 511 376 567 καὶ
396 510 638 582 θαύμασι
671 509 885 575 πολλοῖς
941 507 1263 581 κοσμηθεὶς,
1318 509 1704 581 ἐχειροτονήθη

1830 512 2135 576 iirtutibus,
2191 520 2244 567 et
2293 511 2574 565 miraculis
2604 520 2926 575 exornatus,
2961 525 2992 564 a
3023 510 3268 567 [latitatio
3299 526 3390 564 ar—

133 608 277 678 παρά
314 605 409 659 τοῦ
435 605 534 675 τῆς
574 603 794 674 Ῥώμης
852 601 1289 680 ἀρχιεπισκόπου
1341 604 1440 671 τῆς
1496 601 1710 663 πόλεως

134 696 441 768 Κορδούϐης
475 696 795 758 ἐπίσκοπος.
826 694 1000 765 Ζῆλον
1016 694 1227 764 δὲὲχων
1256 694 1397 763 ὑπὲρ
1429 694 1525 766 τῆς
1551 695 1710 765 ὀρθο-

132 792 274 856 δὸξου
302 790 563 853 πίστεως,
604 786 939 858 παρεγένετο
980 787 1038 839 ἐν
1076 778 1168 857 ’τῇ
1231 785 1444 856 μεγάλῃ
1508 785 1709 852 συνόδῳ

133 884 224 952 τὴν
250 882 345 934 τοῦ
387 879 599 951 ’Δρείου
652 877 849 948 μανίαν
889 876 1206 945 διελέγχων,
1252 875 1346 929 καὶ
1385 876 1483 943 τὴν
1538 875 1708 945 ψυχο-

133 974 301 1043 6λα6ῆ
338 974 553 1043 αἵρεσιν
584 970 1049 1039 ἀποκρουόμενος.
1089 968 1251 1022 Ἀλλά
1290 987 1320 1021 κ
1348 969 1386 1021 νὶ
1420 969 1518 1039 τὴν
1549 987 1707 1038 γενο-

134 1067 297 1134 μένην
335 1067 391 1118 ἐν
449 1064 687 1135 Σαρδικῇ
738 1062 953 1115 σύνοδον
1006 1063 1167 1124 αὐτὸς
1249 1062 1590 1133 συνεκρότει,
1638 1064 1708 1116 τὰ

131 1157 320 1225 πρῶτα
350 1159 409 1211 ὲν
434 1160 548 1220 τοῖς
577 1158 698 1209 τότε
732 1153 1080 1208 συνελθοῦσιν
1117 1153 1450 1216 ἐπισκόποις
1505 1171 1708 1224 κεκτη‹

135 1250 311 1318 μένος.
350 1250 620 1319 ’Ύστερον
658 1248 712 1300 δὲ
741 1248 833 1301 ἐπὶ
879 1246 1261 1301 Κωνσταντίου
1304 1246 1397 1298 τοῦ
1426 1245 1707 1316 βασιλέως,

145 1340 423 1409 ’Λρειανοῦ
450 1340 621 1403 ὄντος,
652 1340 731 1403 είς
772 1338 992 1409 ὲξορίαν
1026 1337 1419 1409 παρεπέμφθη,
1461 1339 1600 1407 μετὰ
1620 1339 1712 1391 καὶ

134 1430 306 1482 Stilum;
362 1429 573 1482 πολλίν
628 1430 968 1495 ἐπισκόπων,
1005 1428 1103 1498 τῆς
1136 1426 1418 1497 ὀρθοδόξου
1473 1427 1711 1491 πίστεως

136 1521 517 1590 ἀντεχόμενος.
550 1519 657 1572 Καὶ
685 1520 743 1571 ἐν
773 1522 839 1589 τῇ
872 1518 1056 1589 ὲξορίᾳ
1084 1516 1254 1570 πολλά
1284 1514 1438 1569 δεινά
1499 1514 1709 1580 παθὼν,

1816 606 2169 675 chiepiscopo
2200 605 2493 674 episcopus
2516 602 2665 657 urbis
2704 602 2974 657 Corduba:
3007 608 3393 657 consecratur.

1815 695 2006 750 Zelum
2038 705 2219 750 autem
2294 696 2505 750 habens
2552 709 2651 763 pro
2686 693 2789 747 fide
2846 694 3174 761 orthodoxa,
3220 693 3396 748 adfuit

1815 788 1869 840 in
1897 801 2093 855 magna
2124 785 2358 856 synodo,
2384 785 2499 839 Arii
2523 786 2793 840 insaniam
2827 786 3185 853 redarguens,
3232 797 3397 857 atque

1817 879 2066 933 hatresim
2100 863 2391 933 animabus
2424 879 2642 933 noxiam
2704 878 2980 947 rejiciens.
3030 878 3135 931 Sed
3176 888 3231 934 et
3269 880 3399 932 Sar-

1818 972 2090 1026 dicensem
2122 972 2391 1042 synodum
2440 971 2556 1039 ipse
2607 970 3043 1041 congregandam
3080 973 3314 1036 curavit,
3345 981 3400 1026 et

1816 1061 2045 1128 primam
2074 1063 2256 1117 sedem
2286 1062 2475 1116 habuit
2508 1062 2648 1115 inter
2668 1062 2979 1131 episcopus,
3002 1063 3094 1131 qui
3125 1077 3400 1116 convene-

1820 1162 1961 1205 rant.
1977 1152 2172 1206 Postea
2195 1168 2224 1206 a
2246 1152 2569 1210 Constantio
2596 1153 2926 1222 imperatore
2953 1154 3161 1208 Ariano
3185 1154 3239 1208 in
3255 1153 3402 1209 exsi-

1814 1242 1944 1298 lium
1978 1258 2085 1296 una
2113 1258 2237 1297 cum
2258 1245 2380 1299 aliis
2417 1245 2667 1315 pluribus
2690 1244 2985 1314 episcopis,
3025 1246 3115 1313 qui
3139 1244 3404 1299 orthodo—

1815 1351 1938 1387 xam
1972 1334 2127 1388 fidem
2146 1337 2424 1391 mordicus
2444 1338 2769 1403 retinebant,
2790 1337 2999 1407 pulsus,
3029 1336 3228 1391 multas
3248 1337 3302 1390 in
3335 1351 3403 1390 eo

1817 1442 2015 1495 passus
2035 1426 2783 1498 aﬂl‘ctationcus,pluresque
2830 1429 3108 1484 sustinens
3160 1429 3402 1483 vexatio-

1816 1533 1932 1580 nes,
1956 1517 2106 1571 laetus
2128 1518 2195 1572 ad
2235 1518 2424 1583 Deum,
2453 1537 2549 1590 pro
2564 1536 2669 1590 ιμο
2692 1520 3094 1589 decertaverat,
3128 1520 3401 1592 migravit.

134 1612 223 1663 καὶ
282 1612 573 1674 πλείστους
611 1610 953 1680 πειρασμοὺς
1020 1606 1343 1676 ὑπομείνας,
1378 1604 1513 1676 πρὸς
1535 1604 1667 1659 Θεὸν
1696 1606 1765 1661 δι’
1791 1606 1848 1659 ὃν
1874 1607 2205 1677 ἠγωνίσατο,
2232 1612 2439 1682 χαίρων
2473 1611 2828 1682 ὲξεδῆμησεν.

660 1723 845 1778 MHNI
873 1722 960 1791 Τῼ
979 1719 1187 1789 ΑΥΤῼ.

856 1811 970 1868 KH'

128 1927 344 1997 Μνήμη
380 1926 488 1980 τοῦ
520 1927 698 1979 (ῗσίου
722 1923 956 2047 Ιιαῗξὸς
984 1921 1155 1991 ἡμῶν
1181 1919 1443 1985 Μωσέως
1490 1919 1597 1973 τοῦ
1618 1921 1719 1973 Αί-

860 2010 1054 2047 ιοπορ.

860 2010 1054 2058 ιοπος.

198 2106 372 2174 Οὗτος
421 2113 448 2163 ὁ
482 2110 751 2179 μακάριος
802 2108 881 2176 τῷ
936 2109 1034 2175 μὲν
1091 2109 1238 2175 γένει
1269 2101 1337 2175 ἦν
1374 2104 1570 2175 Αλοίοψ
1605 2122 1617 2134 ·
1653 2107 1717 2173 τῇ

129 2202 183 2253 δὲ
214 2203 377 2275 χρόᾳ,
406 2203 573 2272 μέλας
613 2201 880 2273 ἀκριϐῶς,
918 2200 1141 2269 οἰκέτης
1178 2199 1603 2266 πολιτευομένου
1636 2214 1721 2249 τι-

130 2296 239 2359 νὸς,
270 2295 327 2347 ὃν
360 2296 447 2346 διὰ
487 2294 690 2363 πολλὴν
744 2292 1076 2363 δυστροπίαν
1131 2291 1229 2344 καὶ
1277 2291 1581 2362 λῃστρικὴν
1642 2288 1723 2342 δι-

130 2386 381 2456 αγωγὴν,
415 2386 682 2438 ἀπώσατο
702 2387 730 2438 ὁ
751 2384 879 2447 ῐδιος
933 2384 1222 2452 δεσπότης.
1252 2378 1419 2445 Οὗτός
1449 2398 1578 2433 ποτε
1612 2397 1725 2432 ποι-

134 2477 388 2542 μένιτινὶ
419 2474 854 2546 ἐμνησικάκησε,
900 2474 1376 2544 παρεμποδίσαντι
1433 2472 1582 2540 αὑτῷ
1635 2474 1717 2533 εἰς

133 2569 392 2637 πρᾶγμα,
420 2568 477 2618 ὃν
509 2570 602 2620 καὶ
633 2569 953 2621 ἀποκτεῖναι
1003 2565 1380 2619 ἐδουλεύσατο.
1410 2564 1613 2621 Μαθὼν
1665 2565 1724 2616 δὲ

135 2660 215 2711 ὅτι
244 2660 421 2729 πέραν
457 2659 550 2711 τοῦ
581 2660 775 2713 Νείλου
807 2660 945 2723 ἐστὶ,
970 2658 1433 2728 πλημμυροῦντος
1471 2656 1565 2709 τοῦ
1602 2656 1725 2709 ὓδα-

138 2765 251 2811 τος,
286 2749 365 2818 τῷ
400 2750 629 2818 στόματι
651 2749 829 2803 δακὼν
860 2750 957 2818 τὴν
979 2750 1277 2819 μάχαιραν,
1309 2750 1406 2800 καὶ
1438 2748 1536 2818 τὴν
1566 2750 1725 2800 ἐπεν-

138 2840 300 2908 δᾷτην
340 2843 409 2911 τῇ
440 2841 652 2910 κεφαλῇ
705 2841 952 2905 ἐπιθεὶς,
1006 2841 1397 2910 διανηξάμενος
1463 2839 1724 2906 ἐπέρασε.

141 2932 579 3003 Προαισθόμενος
604 2931 661 2985 δὲ
684 2933 712 2983 ὁ
738 2932 941 3003 ποιμὴν
972 2931 1069 3000 τὴν
1097 2930 1265 2983 αὑτοῦ
1294 2930 1526 2994 ἕλευσιν,
1551 2930 1731 2999 φυγὰς

139 3022 327 3093 ᾤχετο.
404 3024 463 3077 '0
510 3025 605 3089 δὲ,
663 3026 849 3093 κριοὺς
890 3024 1161 3092 τέσσαρας
1224 3023 1536 3084 ἐπιλέκτους
1597 3038 1732 3091 σφα-

144 3118 316 3187 γήσας
344 3118 439 3171 καὶ
475 3118 641 3187 δήσας
680 3119 856 3187 σειρᾷ,
880 3120 968 3169 τὸν
996 3116 1189 3168 Νεῖλον
1234 3116 1573 3184 ἀντεπέρασε
1632 3131 1729 3167 κο-

2362 1715 2593 1770 EODEM
2624 1716 2877 1771 MENSE.

2330 1809 2426 1863 Die
2451 1810 2708 1863 vicesima
2754 1818 2946 1862 octava

1823 1924 1983 1995 223
2009 1923 2268 1980 Memoria
2293 1927 2463 1980 sancti
2487 1925 2670 1979 Putris
2693 1925 2861 1979 nostri
2889 1923 3083 1992 tlfoysis
3112 1922 3406 1992 .Etliiopts.

1897 2110 2094 2164 Beatus
2127 2111 2229 2163 iste
2249 2125 2451 2183 genere
2478 2106 2942 2176 Aﬂthiopsmolore
2969 2120 3132 2175 quam
3171 2106 3411 2160 maxime

1825 2202 2001 2272 niger,
2033 2203 2321 2270 cujusdam
2366 2202 2503 2256 civis
2557 2214 2769 2265 servus,
2801 2214 2964 2269 quem
3024 2198 3198 2268 ipsius
3228 2198 3409 2253 domi-

1828 2312 1932 2351 ntts
1969 2296 2251 2365 expulerat
2301 2304 2522 2363 propter
2566 2293 2687 2361 ejus
2731 2305 2946 2344 morum
2971 2291 3409 2359 perversitatem.

1826 2400 1989 2461 atque
2030 2391 2246 2446 furandi
2276 2389 2745 2446 consuetudinem.
2768 2386 2866 2442 Hic
2887 2403 3011 2442 cum
3042 2388 3093 2440 in
3121 2387 3413 2455 quemdam

1827 2494 2104 2552 pastorem
2152 2481 2292 2535 male
2345 2481 2623 2535 animatus
2679 2490 2841 2544 esset,
2892 2480 3037 2547 quod
3092 2479 3182 2532 ille
3211 2479 3313 2535 sibi
3346 2477 3414 2532 ad

1830 2573 2043 2629 facinus
2078 2574 2410 2643 patrandum
2439 2570 2618 2625 fuerat
2651 2565 3062 2638 impedimento,
3086 2573 3141 2625 in
3172 2570 3414 2623 animum

1831 2667 1935 2721 sibi
1973 2666 2287 2729 induxerat,
2323 2679 2450 2718 eum
2479 2662 2548 2718 de
2593 2662 2772 2717 medio
2826 2661 3036 2717 tollere.
3069 2660 3285 2716 Certior
3314 2675 3417 2719 au-

1831 2766 1938 2810 tem
1965 2756 2147 2811 factus
2196 2756 2376 2825 ipsum
2428 2761 2582 2808 trans
2638 2750 2819 2806 Nilum
2884 2766 3066 2821 agere,
3108 2751 3419 2806 exundante

1832 2861 1995 2915 aqua,
2030 2860 2127 2901 ore
2150 2844 2390 2915 gladiqu
2428 2843 2836 2911 constringens,
2866 2842 3063 2911 penula
3116 2842 3279 2912 capiti
3326 2857 3421 2897 su-

1832 2942 2132 3009 perposita,
2192 2939 2377 2993 nando
2452 2936 2854 2993 transfretavit.
2927 2935 2994 2993 At
3060 2936 3419 3004 praesentiens

1832 3043 2019 3101 pastor
2074 3033 2193 3100 ejus
2250 3031 2569 3093 adventum,
2634 3029 2849 3097 fugiens
2910 3027 3075 3095 abiit;
3142 3029 3257 3096 ipse
3286 3043 3421 3082 vero

1834 3132 2071 3193 quatuor
2091 3134 2335 3176 mactans
2352 3123 2585 3176 eximios
2608 3121 2826 3183 arietes,
2848 3134 2910 3173 ac
2931 3118 3057 3172 fune
3081 3119 3417 3184 devinciens,

142 3210 389 3279 λυμεὼν.
421 3211 503 3263 Τὰ
535 3210 672 3279 κρέα
696 3210 753 3262 δὲ
780 3209 971 3277 φαγὼν
1000 3211 1096 3262 καὶ
1124 3211 1189 3261 τα
1222 3208 1391 3260 κώδια
1419 3210 1545 3278 οἴνῳ
1591 3209 1726 3278 πλή-

1834 3216 2075 3271 natando
2105 3216 2283 3272 Nilum
2319 3217 2514 3269 iterum
2553 3213 2799 3283 trajecit;
2835 3222 3038 3267 etcum
3091 3214 3422 3266 comedisset

147 3318 263 3365 σας,
297 3301 511 3370 ἀπῆλθε
548 3303 684 3373 πρὸς
732 3303 854 3363 τοὺς
898 3302 1149 3369 ἑταίρους
1206 3299 1398 3354 αὑτοῦ.
1432 3300 1617 3353 Ταῦτα
1669 3300 1727 3352 δὲ

143 3392 497 3464 ἰηγησάμην
529 3394 615 3446 ἵνα
653 3394 833 3458 δείξω,
865 3395 945 3445 ὅτι
970 3393 1196 3445 δυνατόν
1230 3393 1351 3443 ἐστι
1392 3394 1504 3454 τοῖς
1546 3392 1728 3461 βουλο-

147 3490 349 3552 μένοις,
378 3488 468 3538 διὰ
496 3486 781 3555 μετανοίας
802 3484 1063 3556 σωθῆναι.
1092 3478 1258 3547 Οὗτος
1283 3484 1380 3553 ὀψέ
1406 3501 1532 3537 ποτε
1566 3501 1732 3537 κατα-

146 3582 326 3645 νυγεὶς
382 3579 447 3629 ἐκ
500 3594 645 3639 τινος
708 3576 1121 3649 περιστάσεως,
1188 3578 1463 3630 ἐπέδωκεν
1524 3579 1718 3629 ἑαυτὸν

151 3668 524 3738 μοναστηρίῳ.
575 3669 682 3721 Καὶ
730 3668 903 3729 οὕτως
951 3667 1227 3737 προσῆλθε
1282 3669 1348 3738 τῇ
1412 3668 1675 3737 μετανοίᾳ
1710 3708 1725 3732 ,

147 3759 219 3823 ὡς
250 3764 344 3813 καὶ
403 3762 527 3821 τοὺς
562 3759 988 3829 συμπράκτορας
1018 3760 1183 3812 αὑτοῦ
1226 3760 1456 3826 ἀγαγεῖν
1489 3760 1566 3829 τῷ
1598 3761 1733 3830 Χρι-

151 3852 279 3923 στῷ.
320 3850 709 3922 Καθεςομὲνου
762 3849 822 3903 δέ
883 3844 1019 3903 ποτε
1053 3853 1111 3904 ἐν
1164 3850 1242 3920 τῷ
1298 3850 1493 3920 κελλίῳ
1543 3850 1731 3916 αὑτοῦ,

148 3944 345 4013 λῃσταί
372 3961 523 4005 τινες
578 3942 917 4013 προσέσαλον
950 3942 1122 4009 αὐτῷ,
1172 3942 1561 4011 ἀγνοήσαντες,
1596 3938 1733 3995 εἶναι

149 4035 313 4087 αὑτὸν
347 4033 442 4087 τὸν
465 4034 694 4103 Μωσῆν.
722 4033 827 4095 Οὓς
846 4034 874 4083 ὀ
891 4033 1160 4103 μακάριος
1182 4032 1458 4103 δεσμήσας
1492 4034 1732 4103 σχοινίῳ,

150 4126 403 4197 καθάπερ
444 4125 647 4179 σάκκον
682 4124 1039 4196 ἀχύρου,τοῖς
1073 4122 1268 4176 ἑαυτοῦ
1304 4122 1475 4193 ὤμοις
1504 4124 1734 4189 ἐπιθεὶς,

148 4220 227 4288 τῷ
256 4218 527 4289 Κυριακῷ
554 4219 911 4290 παρεγένετο,
943 4217 1037 4270 καί
1066 4233 1199 4287 φησι
1225 4216 1361 4285 πρὸς
1421 4217 1545 4277 τοὺς
1578 4216 1737 4269 ἀδελ-

150 4314 305 4380 φούς·
358 4314 581 4381 Ἐπειδὴ
627 4313 727 4364 οὑκ
780 4310 958 4375 ἒξεστί
1004 4326 1094 4379 μοι
1130 4310 1359 4374 ἀδικεῖν,
1407 4308 1629 4370 τούτους
1680 4308 1737 4360 δὲ

148 4402 310 4473 εὗρον
356 4405 686 4465 ἐπελθόντας
719 4421 832 4472 μοι,
876 4403 925 4453 τί
986 4400 1242 4453 κελεύετε
1296 4402 1426 4468 περ)⁸
1481 4398 1736 4465 τούτων;

148 4499 316 4550 Αὐτοὶ
348 4498 407 4550 δὲ
462 4495 836 4567 γνωρίσαντες
882 4494 1068 4560 αὑτὸν,
1104 4494 1186 4547 ὅτι
1257 4491 1466 4561 Μωσῆς
1508 4494 1659 4543 ἐστιν
1712 4491 1741 4542 ὁ

1832 3326 2063 3375 carnes;
2093 3309 2324 3377 pellibus
2351 3311 2479 3362 vino
2505 3306 2729 3376 repletis
2755 3306 2822 3360 ad
2855 3321 2986 3360 suos
3021 3306 3204 3359 socios
3236 3306 3416 3359 rediit.

1833 3401 1957 3456 Haec
1978 3402 2229 3455 enarravi
2253 3410 2309 3454 ut
2340 3399 2648 3464 ostendam,
2679 3396 2938 3467 possibile
2958 3412 3078 3452 esse
3109 3397 3421 3453 volentibus

1833 3508 1927 3562 per
1964 3492 2339 3561 pcenitentiam
2367 3490 2632 3559 consequi
2697 3489 2953 3541 salutem.
2982 3487 3087 3542 Istc
3140 3501 3268 3546 vero
3301 3499 3421 3540 tan-

1832 3584 1952 3637 dem
1975 3598 2039 3637 ex
2074 3582 2310 3652 quodam
2348 3597 2477 3637 casu
2506 3590 2889 3648 compunctus,
2922 3595 3041 3632 sese
3085 3579 3421 3634 monasterio

1833 3675 2043 3729 addixit
2073 3692 2084 3727 :
2132 3675 2385 3745 atqueita
2420 3674 2483 3727 ad
2508 3673 2884 3743 paenitentiam
2920 3671 3170 3735 accessit,
3205 3680 3264 3723 ut
3290 3685 3421 3725 suos

1836 3768 1999 3821 etiam
2060 3767 2241 3820 socios
2293 3766 2358 3819 ad
2415 3765 2693 3819 Christum
2737 3764 3051 3816 adduceret.
3111 3760 3421 3830 Aliquando

1838 3860 1955 3928 ipso
1983 3859 2035 3911 in
2064 3857 2199 3912 cella
2232 3857 2477 3922 sedente,
2528 3856 2750 3926 quidam
2792 3856 3031 3909 latrones
3072 3854 3335 3923 impetum
3367 3854 3420 3907 in

1836 3964 1959 4002 eum
1988 3947 2256 4010 fecerunt,
2280 3946 2597 4017 ignorantes
2618 3943 2835 4015 Meyseu
2859 3958 2979 3999 esse
3011 3960 3025 3995 :
3065 3959 3202 4012 quos
3233 3943 3424 3997 beatus

1837 4040 1965 4092 fune
2020 4041 2423 4109 constringens,
2452 4037 2678 4107 perinde
2718 4052 2781 4090 ac
2827 4036 2994 4104 pali-a3
3032 4050 3277 4101 saccum,
3307 4038 3424 4090 suis

1840 4129 2129 4197 imponens
2153 4130 2422 4191 humeris,
2473 4131 2539 4182 ad
2588 4128 2878 4181 Basilicam
2926 4144 2984 4183 sc
3053 4129 3321 4191 contulit;
3371 4139 3425 4181 et

1840 4221 2104 4276 fratribus
2165 4221 2289 4274 ait:
2347 4219 2617 4285 Quoniam
2682 4219 2814 4271 mihi
2877 4234 2987 4272 non
3076 4218 3201 4273 licet
3257 4219 3422 4272 ullam

1832 4313 2043 4371 inferre
2098 4313 2378 4383 injuriam,
2439 4313 2619 4366 ethos
2675 4313 2847 4379 reperi
2900 4312 2953 4364 iu
3028 4326 3115 4365 me
3160 4311 3426 4367 invaden-

1841 4413 1946 4470 tes,
1998 4403 2127 4473 quid
2184 4406 2249 4457 de
2295 4404 2362 4455 iis
2394 4401 2638 4471 jubetis?
2692 4402 2768 4453 Illi
2808 4417 2934 4455 vero
2992 4403 3232 4471 cognito,
3278 4404 3422 4471 quod

1846 4494 1961 4563 ipse
1986 4494 2199 4565 Moyses
2233 4503 2400 4557 esset,
2439 4491 2686 4548 fartresus
2717 4493 2806 4545 ille
2843 4493 3113 4545 latronum
3148 4493 3423 4560 princi‘ps,

152 4590 485 4659 περιϐόητος
516 4588 819 4658 λῄσταρχος
851 4587 945 4639 καὶ
969 4583 1443 4653 ἀκαταγὼνιστος,
1481 4581 1726 4651 ἐξομολο-

1845 4596 2008 4653 atque
2069 4585 2543 4653 inexpugnabilis,
2582 4584 2689 4637 Deo
2722 4582 2983 4645 confessi,
3032 4582 3284 4636 abdicato
3322 4599 3424 4637 sa:-

150 4685 462 4754 γησάμενοι
493 4680 704 4751 τῷΘεῷ
727 4681 820 4731 καὶ
842 4679 1017 4742 αὐτοὶ,
1054 4676 1422 4742 ἀπετάξαντο,
1454 4676 1548 4727 καὶ
1580 4675 1741 4741 γεγό-

149 4792 280 4827 νασι
331 4772 559 4843 μοεεαχοὶ
622 4769 1003 4839 δοκιμώτατοι.
1035 4767 1357 4837 Θεαρὲστως
1387 4760 1481 4818 οὖν
1541 4764 1744 4834 βιώσας

148 4873 178 4919 ὁ
208 4870 360 4934 sine;
393 4866 594 4935 γέρων,
629 4864 725 4914 καὶ
753 4862 843 4914 τὸν
865 4860 1095 4930 δαίμονα
1127 4859 1230 4928 τῆς
1253 4858 1550 4919 ἀκολασίας
1574 4873 1745 4910 κατα-

152 4957 453 5017 παλαίσας,
473 4955 704 5024 τελευτᾷ
722 4953 861 5007 ὲτῶν
896 4952 1268 5021 ἐϐδομήκοντα
1297 4950 1485 5013 πέντε,
1506 4948 1744 5016 γεγονὼς

150 5051 259 5103 καὶ
287 5048 675 5120 πρεσὸὁτερος,
704 5048 799 5099 καὶ
829 5042 1147 5097 καταλιπὼν
1184 5040 1439 5115 μαθητὰς
1496 5040 1741 5111 ἑϐδομή-

154 5160 349 5197 κοντα.

698 5249 880 5305 ΜιιΝι
908 5248 996 5318 Tn
1014 5247 1220 5317 ΛΥΤῼ.

919 5336 1027 5391 ΚΘ¹

168 5463 246 5515 Ἦ
279 5454 551 5525 ἀπε-τομὴ
583 5453 695 5521 τῆς
750 5453 947 5521 τιμίας
994 5446 1268 5525 κεφαλῆς
1291 5447 1396 5525 τοῦ
1418 5446 1619 5525 ςιμίου
1648 5445 1749 5525 ἑνε

236 5530 430 5590 δεῖξον
464 5516 1208 5647 Ἑτροςρῆτουλιπροδρόμου
1257 5518 1355 5571 καί
1409 5516 1749 5603 Βαίττιστοῦ

858 5610 1111 5646 ωαννσυ.

858 5610 1111 5646 ωαννσυ.

241 5735 347 5796 Ὃς
362 5736 415 5786 ἒν
431 5733 712 5800 γεννητοῖς
734 5730 1009 5800 γυναικῶν
1025 5731 1386 5801 μαρτυρεῖται
1418 5725 1557 5793 ὑπὲρ
1578 5722 1753 5775 ἀπανι

158 5844 268 5893 τας
290 5821 431 5882 εἶναι
463 5825 570 5880 ὑπὸ
598 5822 862 5896 Χριστοῦ,
901 5823 995 5877 καὶ
1021 5821 1317 5892 προφητῶν
1346 5817 1749 5888 περισσότερος,

1844 4676 1990 4737 culo,
2026 4676 2280 4728 monachi
2304 4682 2597 4727 evaserunt
2628 4670 3033 4740 probatissimi.
3080 4669 3265 4736 Itaque
3295 4685 3424 4722 san-

1845 4776 1963 4821 ctus
1988 4780 2153 4819 senex
2190 4766 2299 4818 vita
2324 4764 2430 4817 Deo
2454 4775 2605 4831 grata
2630 4762 2898 4823 traducta,
2932 4776 2996 4815 ac
3018 4761 3425 4815 iuc0ntinentize

1846 4858 2093 4909 dazmouc
2120 4856 2353 4917 devicto,
2394 4854 2647 4915 moritur,
2694 4867 2868 4906 annos
2900 4864 3061 4905 natus
3102 4851 3343 4919 quinque
3371 4860 3424 4902 et

1847 4950 2209 5016 septuaginta,
2255 4948 2534 5014 presbyter
2575 4944 2736 4998 etiam
2790 4952 3033 5008 creatus,
3080 4941 3424 5010 septuaginta

1848 5036 2135 5105 discipulis
2164 5046 2284 5106 post
2312 5052 2369 5090 se
2392 5034 2613 5089 relictis.

2344 5235 2581 5291 EODEM
2638 5234 2894 5289 MENSE.

2348 5330 2443 5384 Die
2472 5328 2732 5383 vicesima
2761 5342 2906 5382 nona

1853 5446 2017 5519 224
2052 5445 2345 5501 Decollatio
2377 5442 2621 5519 sglorioai
2668 5441 2930 5519 propheta:
2979 5435 3329 5491 Pra‘cursoris
3378 5452 3425 5487 et

2369 5510 2630 5581 Baptistae
2659 5510 2906 5565 Joannis.

1928 5719 2025 5775 llic
2056 5721 2147 5790 qui
2182 5721 2322 5774 inter
2349 5728 2506 5773 natos
2536 5716 2829 5771 mulierum
2875 5713 3147 5767 maximus
3182 5710 3428 5765 omnium

1855 5831 2001 5883 esse,
2054 5825 2109 5869 et
2165 5812 2551 5884 prophetarum
2591 5809 3081 5866 excellentissimus
3127 5819 3158 5859 a
3208 5804 3429 5859 Christo
