4190 6534
702 490 810 560 615

1906 475 2058 534 [.‘iii‘.
2101 469 2380 530 BASILlI
2415 465 2778 529 JUNIORES

3875 447 3986 512 616

704 615 812 669 est,
839 600 985 657 etab
1012 598 1134 654 aliis
1171 595 1356 651 multis
1387 589 1724 663 cognoverit,
1769 587 1940 658 legem
1986 601 2018 636 a
2068 585 2293 637 domino
2328 617 2339 644 λ

2446 582 2510 632 ὧν
2561 581 2738 634 ἄλλων
2777 573 3136 646 ἀναμαοοῦσα
3185 571 3281 642 τὴν
3349 563 3472 637 περὶ
3527 567 3634 621 τῶν
3681 563 3992 632 ἐκκλησιῶν

707 691 1046 762 Nic-ephoro,
1093 693 1418 754 usurpatore
1464 680 1704 750 imperii,
1757 679 1822 732 de
1879 673 2126 730 ecclesiis
2179 671 2291 738 Dei,

712 783 1097 854 religiosisque
1145 775 1422 834 domibus.
1497 773 1686 835 latam,
1748 782 1874 823 cum
1948 764 2296 836 praesentium

718 875 1014 934 malorum,
1050 877 1166 922 tum
1214 863 1547 920 universalis
1601 859 1770 930 hujus
1819 855 2194 913 subversionis
2219 861 2298 906 at-

713 980 821 1034 que
853 959 1200 1016 coufusionis
1241 970 1463 1013 causam
1497 961 1550 1008 et
1576 951 1818 1006 radicem
1874 947 2176 1012 exstitisse,
2205 958 2299 998 ve-

713 1059 814 1113 luti
842 1070 954 1110 non
979 1053 1048 1107 ad
1086 1050 1346 1119 iujuriam
1380 1043 1880 1110 contumeliamque
1915 1039 2181 1094 duntaxat
2213 1050 2304 1090 ec-

716 1151 1013 1208 clesiarum
1085 1155 1139 1200 et
1197 1141 1574 1212 religiosarum
1636 1136 1921 1199 domuum,
1974 1131 2068 1187 sed
2130 1129 2305 1200 ipsius

716 1255 934 1313 quoque
1003 1237 1096 1291 Dei
1171 1231 1448 1288 conditam
1525 1239 1755 1294 cumque
1811 1224 1948 1278 adeo
1997 1219 2310 1303 reipsa’sit

718 1310 1098 1400 comparatum
1129 1324 1183 1378 id
1230 1337 1378 1385 esse,
1405 1315 1736 1386 compererit
1766 1329 1780 1366 :
1807 1315 1960 1384 (nam
1990 1327 2057 1366 ex
2082 1325 2192 1381 quo
2222 1310 2309 1364 lex

720 1423 828 1477 ista
859 1419 1028 1475 robur
1058 1414 1272 1476 habuit,
1311 1410 1448 1464 nihil
1479 1409 1608 1464 boni
1641 1406 1863 1476 penitus
1889 1405 1943 1458 in
1979 1403 2309 1460 hodiernum

729 1527 904 1582 usque
972 1510 1116 1564 diem
1174 1503 1322 1558 aetati
1385 1508 1586 1555 nostrae
1645 1497 1899 1567 contigit,
1951 1495 2044 1550 sed
2129 1495 2310 1563 potius

726 1623 757 1660 e
790 1601 1071 1659 contrario
1093 1597 1306 1652 nullum
1341 1593 1568 1648 omnino
1591 1605 1764 1662 genus
1788 1586 2118 1642 calamitatis
2143 1587 2314 1639 inter-

729 1695 902 1764 misit)
937 1691 1129 1748 statuit
1155 1703 1250 1758 per
1297 1685 1612 1754 religiosam
1648 1683 1790 1736 hanc
1829 1694 2052 1733 auream
2085 1677 2314 1740 bullam,

728 1790 818 1844 cui
849 1786 1199 1850 subscripsit,
1229 1779 1404 1848 legem
1463 1775 1610 1830 illam
1669 1773 1820 1842 prius
1870 1772 2034 1826 latam
2090 1770 2158 1823 ab
2215 1768 2318 1822 hoc

729 1877 985 1950 praesenti
1027 1877 1112 1930 die
1153 1885 1373 1928 cessare
1425 1867 1642 1930 debere,
1673 1879 1736 1917 ac
1787 1862 2050 1930 deinceps
2083 1861 2315 1923 irritam,

2404 669 2498 723 τοῦ
2529 669 2663 723 Θεοῦ
2708 667 2802 720 καὶ
2840 665 2951 719 τῶν
2986 663 3201 732 εὐαγῶν
3248 662 3412 714 οῖκων
3445 659 3595 729 παρά
3624 655 3717 710 τοῦ
3763 655 3862 725 τῆς
3893 653 3998 723 βα·-

2407 763 2611 825 σιλείας
2655 759 2943 820 ἐπιϐάντος
2979 753 3168 826 Κυροῦ
3201 753 3519 822 Νικηφόρον
3553 750 3802 802 τεθεῖσαν
3829 761 3998 814 νομο-

2407 856 2593 909 θεσίαν
2623 852 2802 908 αἰτίαν
2831 851 2928 904 καὶ
2967 847 3121 920 ῥίζαν
3157 845 3265 898 τῶν
3297 845 3582 916 παρόντων
3611 838 3866 910 γενέσθαι
3897 853 4004 889 κα-

2407 949 2520 1000 κῶν
2563 945 2659 998 καὶ
2710 943 2807 1012 τῆς
2854 937 3240 1009 οίκουμενικῆς
3287 936 3491 1004 ταύτης
3535 930 3848 1002 ἀνατροπῆς
3900 927 4002 979 καὶ

2411 1037 2750 1108 συγχύσεως,
2805 1035 2900 1088 ἅτε
2958 1032 3036 1103 μὴ
3092 1031 3230 1102 πρὸς
3275 1027 3492 1084 ἀδικίαν
3537 1024 3630 1078 καὶ
3682 1023 3841 1092 ὓϐριν
3886 1019 4002 1072 τῶν

2413 1129 2722 1201 ἐκκλησιῶν
2766 1129 2928 1198 μόνον
2971 1125 3068 1178 καὶ
3113 1124 3224 1176 τῶν
3269 1119 3487 1188 εὐαγῶν
3533 1118 3698 1170 οἴκων
3737 1113 3872 1167 ἀλλά
3903 1113 4006 1165 καὶ

2413 1223 2580 1278 αὑτοῦ
2613 1221 2710 1276 τοῦ
2743 1219 2882 1274 Θεοῦ
2929 1212 3251 1290 γενομένην,
3297 1213 3472 1273 ἄλλως
3519 1226 3578 1261 τε
3625 1207 3681 1260 δὲ
3719 1207 3814 1259 καὶ
3853 1205 4008 1276 ἐργῳ

2412 1315 2572 1370 τοῦτο
2619 1311 3012 1385 βεϐαιωθεῖσαν
3055 1307 3136 1378 (ἐξ
3169 1307 3294 1360 ὅτου
3340 1304 3446 1374 γὰρ
3493 1302 3560 1355 τὰ
3605 1300 3701 1369 τῆς
3743 1297 4010 1364 τοιαύτης

2417 1406 2734 1479 ἐκράτησαν
2790 1399 3134 1472 νομοθεσίας,
3193 1396 3304 1451 οὐδ’
3362 1393 3631 1456 ὁπωσοῦν,
3660 1393 3768 1444 οὔδ’
3823 1388 4010 1442 ὁτιοῦν

2417 1496 2656 1570 χρηστὸν
2683 1494 2812 1564 ἄχρι
2852 1492 2947 1545 καὶ
2983 1490 3226 1559 σήμερον
3262 1486 3341 1556 τῷ
3375 1485 3499 1538 καθ’
3535 1485 3684 1553 ἡμᾶς
3719 1481 4008 1550 ἀπήντησε

2422 1590 2543 1660 βίῳ,
2594 1586 2732 1640 ἀλλά
2788 1581 3100 1638 τούναντίον
3149 1579 3437 1648 συμφορᾶς
3493 1575 3695 1646 μᾶλλον
3747 1572 4012 1626 ἐπέλιπεν

2421 1675 2560 1740 εἶδος
2586 1675 2720 1737 ὅλως
2761 1670 2959 1741 οὐδέν)·
3005 1669 3254 1732 θεσπίζει
3298 1667 3386 1720 διὰ
3417 1666 3510 1720 τοῦ
3547 1666 3812 1735 παρόντος
3843 1663 4010 1716 κύσε-

2425 1770 2550 1832 6οῦς
2601 1765 2983 1836 ἐνυπογράφου
3035 1759 3454 1832 χρυσοϐούλλου,
3507 1759 3566 1810 το
3615 1756 3714 1828 τὴν
3747 1753 4012 1825 (inflet-15:»

2424 1861 2748 1932 νομοθεσίαν
2779 1859 2972 1929 ἀργεῖν
3005 1855 3116 1909 ἀπὸ
3163 1853 3262 1922 τῆς
3313 1850 3598 1922 παρούσης
3627 1847 3832 1918 ταύτης
3865 1843 4016 1914 ἡμέ-

735 1971 1049 2036 nulliusque
1103 1961 1372 2019 momenti
1425 1955 1947 2012 ruanerezconditis
1997 1965 2126 2006 ante
2176 1951 2320 2006 illam

2446 1975 2550 2024 21;,
2588 1955 2794 2026 ἄκυρόν
2825 1969 2887 2006 τε
2915 1953 3008 2006 καὶ
3041 1951 3321 2018 ἄπρακτον
3361 1947 3456 2001 τοῦ
3489 1943 3678 1999 λοιποῦ
3709 1941 4016 2012 διαμένειν·

737 2063 952 2131 legibus
985 2071 1094 2112 tam
1129 2058 1196 2112 de
1216 2054 1468 2110 ecclesiis
1503 2049 1618 2114 Dei,
1649 2063 1812 2117 quam
1846 2047 1912 2101 de
1931 2044 2202 2115 religiosis
2230 2044 2330 2100 do-

740 2157 945 2216 nribus,
989 2154 1096 2205 vim
1130 2149 1404 2216 roburque
1427 2159 1588 2199 suum
1619 2140 2001 2195 obtinentibus
2029 2157 2044 2204 ;
2084 2153 2222 2206 quas
2279 2145 2334 2192 et

748 2249 986 2305 illustris
1023 2261 1158 2300 avus
1189 2239 1490 2312 majeStatis
1524 2245 1746 2298 nostrae,
1788 2242 1843 2287 et
1879 2241 2034 2302 pater
2065 2231 2331 2299 ejusdem,

745 2353 798 2397 et
828 2343 1040 2395 abavus
1069 2337 1271 2406 optime
1328 2347 1390 2386 ac
1439 2326 1850 2398 religiosissime
1884 2323 2324 2394 promulgarunt.

751 2434 928 2502 l’tquc
961 2439 1146 2485 sancta
1179 2434 1233 2480 ct
1260 2419 1625 2477 immutabilis
1661 2425 1809 2472 esset
1835 2415 1950 2470 haec
1981 2413 2327 2480 constitutio,

751 2521 968 2592 propria
1017 2532 1182 2572 manu
1238 2513 1590 2569 subnotatam
1649 2519 1820 2561 aureo
1880 2520 2100 2575 quoque
2152 2504 2330 2576 sigillo

752 2607 1064 2678 subsignari
1111 2604 1401 2675 iussimus.
1448 2596 1651 2651 Mensis
1695 2593 1902 2664 Aprilis
1951 2592 2156 2656 dieIV,
2185 2592 2330 2647 indi-

753 2703 936 2756 etione
987 2699 1180 2769 prima,
1239 2709 1383 2750 anno
1440 2703 1836 2748 νηιεοεαιωοι
1917 2685 2146 2754 (Christi
2181 2681 2332 2756 987.)

2429 2051 2674 2121 ἐνεργεῖν
2709 2047 2768 2100 δέ
2809 2047 2936 2109 τοὺς
2967 2044 3074 2113 πρὸ
3105 2041 3311 2110 ταύτης
3348 2035 3638 2109 κειμένους
3665 2035 3790 2105 περί
3811 2051 3874 2086 τε
3904 2032 4022 2084 τῶν

2429 2140 2738 2212 ἐκκλησιῶν
2769 2137 2862 2196 τοῦ
2895 2135 3036 2190 Θεοῦ
3066 2137 3162 2190 καὶ
3190 2135 3298 2188 τῶν
3331 2132 3545 2201 εὐαγῶν
3593 2131 3758 2184 οἴκων
3793 2129 4024 2196 νόμους,

2431 2235 2526 2290 καὶ
2553 2233 2644 2298 οὓς
2672 2233 2701 2286 ὅ
2734 2249 2793 2284 τε
2823 2231 3070 2300 ἀοίδιμος
3101 2231 3204 2298 τῆς
3249 2227 3522 2299 βασιλείας
3565 2223 3723 2296 ἡμῶν
3769 2221 4026 2285 πάππος,

2433 2329 2462 2383 ὃ
2485 2345 2544 2381 τε
2573 2325 2758 2396 πατὴρ
2791 2324 2998 2378 ἐκείνου
3028 2323 3210 2388 πάλιν,
3244 2322 3274 2374 ὃ
3297 2337 3356 2372 τε
3387 2318 3710 2376 ἐπίπαππος
3738 2314 3939 2384 ἄριστά
3961 2328 4028 2364 τε

2437 2421 2536 2475 καὶ
2583 2417 2980 2487 θεοφιλέστατα
3023 2414 3248 2484 ἐθησαν.
3301 2411 3413 2466 Καὶ
3462 2409 3606 2462 ὥστε
3654 2405 3876 2474 ἀσφαλῆ
3929 2405 4034 2456 καὶ

2439 2512 2772 2584 ἀμετάθετον
2795 2505 2934 2562 εἶναι
2956 2507 3056 2578 τὴν
3081 2505 3362 2578 παροῦσαν
3383 2501 3648 2566 διάταξιν,
3679 2498 3855 2568 οἰκείᾳ
3874 2513 3960 2568 χει
3975 2495 4034 2564 pi.

2443 2605 2620 2675 ὐποση
2631 2603 2932 2675 μηνάμενοι
2947 2597 3142 2670 χρυσῷ
3165 2597 3422 2668 σφραγῖδι
3437 2594 3644 2662 ταύτην
3673 2593 4032 2660 ὑποσφραγι-

2446 2698 2639 2768 σθῆναι
2669 2691 3044 2765 διωρισάμεθα
3072 2689 3208 2764 μηνὶ
3249 2687 3542 2762 ⁹Δπριλλίῳ
3575 2685 3614 2739 δ’
3645 2683 4034 2753 ἐπινεμήσεως

2450 2788 2496 2850 α’
2521 2790 2580 2844 ἐν
2609 2789 2720 2843 ἔτει
2749 2784 2966 2854 ,ςυιιςκ

2375 2959 2440 3018 11.

835 3143 1006 3212 ῐηιρρ.
1039 3137 1228 3192 Basilii
1269 3145 1316 3190 et
1351 3130 1690 3190 Constantini
1730 3144 1894 3182 aurea
1958 3126 2100 3182 bulla
2147 3127 2462 3182 Venetorum
2511 3127 2893 3182 mercatoribus
2925 3125 3197 3180 libertates
3225 3121 3530 3176 concedens.
3556 3119 3643 3190 (A.
3677 3117 3828 3186 999..)
3859 3116 3958 3186 (I).

839 3262 892 3311 In
931 3255 1152 3312 nomine
1185 3253 1355 3322 patris
1380 3258 1487 3305 etc.
2373 3253 2418 3316 ρ
2453 3244 2750 3311 inventuri,
2783 3241 3086 3298 secundum
3140 3238 3398 3309 antiquas
3442 3231 3870 3290 consuetudines
3907 3247 4032 3284 cum

841 3349 1076 3404 Basilius
1133 3355 1188 3400 et
1243 3343 1646 3399 Constantinus
1702 3353 1915 3406 omnes,
1945 3339 2146 3407 quibus
2205 3336 2350 3392 istud

771 3446 920 3514 pium
947 3449 1196 3495 nostrum
1231 3436 1469 3506 sigillum
1503 3433 1932 3496 demonstretur,
1957 3430 2142 3486 ﬁdeles
2162 3430 2214 3486 in
2241 3429 2354 3484 Deo

777 3537 1136 3602 imperatores
1173 3526 1568 3579 Romanorum.

846 3625 964 3677 Non
989 3623 1164 3676 solum
1205 3619 1598 3688 rogationibus,
1633 3629 1753 3684 quae
1783 3613 1911 3684 '_sub
1947 3627 2108 3666 manu
2170 3621 2358 3666 nostra

773 3727 921 3783 sunt,
958 3713 1218 3769 obaudire
1261 3707 1924 3765 misericordiosissimum
1965 3714 2020 3760 et
2076 3705 2354 3760 laudabile

775 3819 881 3872 est,
919 3807 1014 3862 sed
1049 3805 1194 3860 enim
1253 3813 1307 3856 et
1356 3811 1650 3855 extraneos
1693 3807 1748 3854 et
1789 3800 2092 3867 pertinente
2145 3798 2361 3866 publico

779 3902 1047 3957 obaudire
1081 3909 1300 3968 rogatur
1341 3911 1466 3950 cum
1521 3893 1862 3964 providentia
1891 3890 1996 3964 [et]
2015 3893 2251 3960 pietate;
2280 3892 2364 3944 in-

781 3996 956 4062 deque
986 3991 1132 4046 enim
1168 3999 1222 4044 et
1255 3989 1430 4058 pietas
1476 3985 1809 4041 sufﬁcienter
1831 3985 1898 4039 ad
1935 3983 2212 4037 miseriam
2238 3999 2368 4053 pro-

781 4087 949 4155 pitius
1037 4084 1466 4146 demonstretur,
1501 4080 1857 4148 lonquiinque
1901 4074 2239 4148 [longinque]
2289 4085 2370 4130 et-

782 4177 928 4231 enim
954 4190 1078 4229 cum
1105 4174 1302 4242 pietate
1329 4171 1595 4241 imperiali
1627 4171 1784 4225 detur
1806 4169 2154 4240 significatio.

855 4269 900 4322 Α
927 4284 1035 4338 qua
1088 4269 1234 4320 enim
1260 4273 1314 4319 et
1363 4267 1471 4318 dux
1525 4263 1928 4326 Veneticorum,
1953 4261 2114 4331 etqui
2149 4261 2251 4314 sub
2280 4260 2372 4314 illo

789 4372 892 4426 i-st,
918 4369 972 4415 ct
1003 4376 1128 4414 cum
1177 4359 1355 4413 omnis
1405 4358 1578 4419 plebis
1609 4355 2000 4412 intercessione
2033 4370 2154 4409 cum
2185 4369 2375 4424 preca-

787 4455 994 4510 tionem
1017 4456 1083 4507 ad
1108 4462 1354 4507 nostrum
1388 4451 1634 4506 fecerunt
1654 4449 1967 4518 imperium,
1989 4455 2048 4502 ut
2075 4447 2377 4514 unusquis-

790 4563 896 4616 que
928 4561 1090 4602 suum
1150 4545 1426 4614 navigium
1453 4585 1470 4610 ,
1503 4543 1648 4612 quod
1699 4541 1764 4596 de
1800 4557 1898 4596 sua
1949 4540 2252 4610 provincia.
2282 4537 2374 4591 sed

2455 3345 2702 3407 prompta
2757 3335 3038 3390 voluntate
3073 3329 3370 3386 indefessis
3425 3325 3682 3392 servitiis,
3715 3331 3768 3378 et
3801 3320 4036 3376 forsitan

2459 3430 2744 3485 ambulant
2775 3437 3024 3481 nostrum
3073 3423 3362 3494 imperium
3409 3419 3464 3474 in
3513 3415 4040 3486 Longombardiam,

2461 3523 2694 3590 dirigere
2721 3520 2866 3573 illius
2906 3516 3290 3578 karicationes,
3319 3527 3546 3582 Operare
3572 3525 3694 3566 cum
3736 3509 3854 3563 suis
3889 3509 4042 3562 navir

2463 3612 2588 3682 giis,
2620 3619 2672 3665 ct
2722 3610 2927 3662 nullam
2977 3607 3326 3663 occasionem
3369 3613 3463 3657 aut
3496 3601 3818 3656 memoriam
3849 3599 3904 3652 in
3937 3599 4041 3654 isto

2463 3705 2640 3758 facere
2673 3703 2916 3757 servitio.

2536 3797 2660 3852 Ideo
2683 3795 2986 3850 exaudiunt
3009 3807 3197 3846 eorum
3229 3789 3666 3859 deprecationem
3697 3796 3750 3842 et
3769 3787 3926 3855 jussu
3953 3800 4046 3856 per

2467 3889 2636 3945 istum
2696 3904 2855 3942 suum
2907 3885 3301 3948 chrisobolum,
3337 3891 3400 3937 ut
3453 3881 3830 3951 unusquisque
3881 3895 4042 3934 suum

2470 3982 2768 4049 navigium,
2801 3977 2946 4049 quod
2970 3994 3034 4032 ex
3067 3975 3292 4031 Venetia
3325 3984 3379 4028 et
3411 3975 3478 4028 ab
3505 3975 3627 4028 aliis
3659 3975 3909 4042 partibus
3959 3987 4054 4024 ve-

2473 4076 2614 4128 niret
2641 4087 2764 4126 cum
2794 4071 2910 4126 suis
2933 4069 3186 4139 negotiis;
3219 4067 3354 4121 nihil
3377 4066 3526 4120 aliud
3548 4066 3751 4119 donare
3772 4063 3842 4116 ad
3873 4065 4052 4131 ipsum

2473 4167 2751 4238 publicum
2806 4180 2904 4234 pro
2961 4160 3298 4217 karicatione
3327 4159 3394 4214 de
3427 4157 3602 4212 Abido
3633 4156 3886 4211 veniente
3923 4155 4058 4209 soli-

2476 4267 2574 4318 dos
2611 4262 2775 4326 duos,
2803 4269 2858 4313 et
2894 4258 3235 4312 discedentes
3261 4269 3358 4309 eos
3391 4267 3422 4305 a
3451 4267 3550 4306 sua
3577 4249 3858 4320 provincia
3891 4249 4058 4316 quin.-

2477 4353 2652 4408 decim
2684 4359 2916 4412 tantum,
2951 4358 3008 4402 ut
3050 4345 3400 4417 pervenirent
3429 4355 3650 4398 onmem
3705 4338 4060 4394 donationem

2479 4453 2930 4512 unumquemque
2961 4437 3236 4506 navigium
3273 4431 3434 4488 XVII.

2551 4531 2618 4586 Et
2647 4532 2750 4599 ipsi
2783 4530 2928 4583 soliti
2973 4527 3242 4581 adducere
3273 4523 3377 4592 ipsi
3411 4519 3654 4575 Venetici
3695 4517 4064 4590 [Logotheta-]

793 4641 938 4693 enim
993 4648 1044 4690 et
1076 4638 1144 4691 ab
1171 4610 1588 4706 alia'proviueia
1628 4644 1681 4688 et
1721 4634 1938 4687 civitate
1972 4647 2098 4686 cum
2151 4633 2372 4702 negotio
2405 4628 2448 4680 ι)
2481 4627 2556 4695 (5)
2588 4624 2654 4677 de
2697 4623 2880 4684 domo,
2911 4619 3003 4690 qui
3033 4617 3123 4671 illo
3148 4625 3392 4684 tempore
3421 4613 3561 4676 erit;
3591 4621 3644 4664 et
3667 4611 3758 4665 ille
3805 4612 3965 4664 detur
3997 4610 4067 4664 ab

796 4728 1085 4792 veniendo,
1139 4727 1278 4780 nihil
1339 4727 1486 4780 aliud
1543 4725 1766 4800 donare,
1802 4725 1895 4776 sed
1946 4723 2152 4778 solidos
2201 4723 2372 4790 ditus;

797 4819 1050 4873 dicebant
1086 4817 1286 4870 etenim
1318 4817 1386 4869 ab
1423 4816 1686 4870 hactenus
1729 4823 1930 4868 tantam
1965 4813 2168 4866 donare
2199 4829 2374 4881 quan-

805 4911 1038 4960 litatem.
1071 4905 1134 4959 Et
1177 4907 1298 4960 ideo
1346 4905 1546 4958 multos
1600 4901 2071 4956 commeschabios
2108 4900 2180 4969 (εὶ)
2212 4902 2372 4952 inter-

799 5009 1076 5068 rogantes,
1115 4997 1398 5050 inventum
1431 5004 1514 5048 est
1559 4993 1755 5062 magis,
1781 5007 1900 5062 qua:
1955 5001 2014 5046 ut
2049 4991 2170 5060 plus
2214 4992 2278 5044 de
2311 4989 2378 5044 50

801 5089 992 5143 solidis
1043 5090 1246 5143 dabant
1300 5085 1681 5155 unusquisque
1721 5084 1934 5153 navigio
1963 5083 2073 5137 Deo
2117 5093 2380 5137 coronato

801 5183 1032 5251 imperio
1055 5189 1266 5235 nostro.
1305 5180 1481 5234 Unum
1513 5179 1680 5241 enim,
1715 5191 1746 5230 a
1793 5189 1903 5244 quo
1946 5183 2000 5228 ct
2025 5173 2380 5227 Christianu-

803 5291 922 5330 rum
983 5290 1115 5342 gens
1157 5275 1354 5334 tiendo,
1386 5281 1440 5326 et
1483 5269 1650 5324 Deum
1721 5269 2007 5324 nobiscum
2059 5267 2183 5332 fide,
2213 5267 2380 5318 alium

802 5367 1032 5440 atn[eni]
1063 5383 1158 5437 pro
1191 5368 1568 5437 prmuissiouc.
1604 5381 1724 5434 quae
1763 5363 2064 5432 antiquitus
2113 5363 2378 5424 fecerunt,

805 5472 862 5517 ut
895 5479 1000 5514 non
1034 5463 1210 5516 solum
1247 5461 1313 5514 ad
1355 5461 1456 5514 ista
1485 5457 1769 5532 deloidata
1801 5465 2124 5512 conservata
2158 5455 2382 5508 civitate

877 5615 954 5686 (Ι)
989 5617 1378 5670 Antheuticum
1406 5616 1654 5670 Grzceum
1689 5613 1928 5686 nondum
1963 5613 2240 5666 inventum
2273 5625 2375 5666 est.

809 5685 998 5738 Versat
1031 5687 1222 5740 Latina
1263 5703 1518 5755 perquam
1551 5686 1776 5737 barbare
1809 5685 1974 5740 facta.
2009 5699 2170 5750 quam
2200 5694 2379 5738 textus

813 5771 1049 5824 parvis-1,
1084 5753 1346 5809 exstat—In
1375 5753 1566 5810 Codice
1592 5755 1939 5822 diplomatico
1975 5753 2031 5805 Ξ.
2063 5753 2226 5808 Mater
2248 5755 2381 5808 Trc-

817 5845 832 5872 κ
855 5843 1035 5876 written
1067 5830 1133 5880 el.
1169 5827 1206 5878 .\'
1253 5831 1377 5880 cod.
1425 5825 1688 5880 CLXXXI
1719 5825 1812 5895 fol.
1851 5829 1916 5890 ὃς
1949 5841 2177 5895 eamque
2211 5841 2382 5895 ιιιψιτ

813 5907 929 5975 ρον.)
969 5903 1098 5952 alios
1127 5900 1406 5950 ediderunt
1448 5895 1598 5948 Tafvl
1631 5905 1680 5950 ct
1728 5893 1965 5946 Thomas
2019 5893 2301 5950 Urknndrn
2339 5911 2378 5946 ε.

2482 4717 2600 4784 ipso
2663 4709 3106 4774 eommcrciario,
3139 4704 3408 4761 cereaudo
3441 4705 3564 4758 illos
3613 4705 3728 4772 ipse
3783 4717 4068 4756 commer-

2483 4811 2708 4871 ciarios,
2753 4807 3079 4874 quandoque
3123 4810 3398 4858 revertere
3443 4801 3734 4854 voluerunt
3786 4799 3854 4852 ad
3907 4814 4068 4852 suam

2483 4903 2838 4971 provinciam.

2559 4992 2634 5046 Ne
2672 5003 2850 5046 autem
2883 4992 3081 5043 habere
3117 4987 3390 5042 licentiam
3429 5002 3523 5054 pro
3557 4985 3852 5053 cupiditate
3883 4997 4072 5038 tenere

2490 5089 2615 5143 illos
2642 5087 2766 5156 plus
2795 5084 2991 5139 diebus
3047 5083 3242 5148 tribus,
3272 5091 3326 5136 et
3363 5081 3494 5134 illud
3537 5079 3710 5142 ﬁeret,
3737 5077 4073 5146 quandoque

2495 5177 2881 5250 necessitat[is]
2937 5193 3000 5232 ea
3054 5176 3274 5230 occasio
3336 5183 3439 5238 est,
3491 5171 3636 5242 quod
3697 5171 3858 5225 debet
3921 5171 4070 5224 viam

2493 5275 2612 5342 eius
2643 5271 2939 5334 contraire,
2965 5276 3017 5322 ct
3044 5269 3144 5338 ipsi
3175 5275 3356 5320 autem
3381 5263 3624 5320 Venetici
3645 5278 3744 5332 pro
3779 5263 4076 5316 occasione

2491 5363 2824 5419 defensionis
2882 5377 3068 5416 eorum
3103 5361 3338 5429 alioquin
3375 5359 3522 5428 quod
3557 5357 3832 5426 negotium
3875 5358 4074 5410 habent

2493 5461 2556 5510 de
2584 5453 3094 5522 Constautumpoliu
3129 5455 3182 5506 in
3217 5453 3332 5507 suis
3365 5451 3598 5519 navigiis
3637 5451 3838 5512 levare,
3865 5451 4074 5504 seilieet

2491 5609 3095 5686 a'ltereinllrlondelsin1
3123 5607 3489 5686 ⁵δῖιτιηιιι-ςιετεςζι.
3521 5613 3614 5660 der
3649 5605 3772 5676 Περ.
3821 5606 4076 5678 i'encdig.

2491 5695 2624 5739 tom.
2655 5685 2670 5736 I
2705 5682 2958 5752 (\‘isniob.
2997 5683 3178 5748 1836),
3215 5698 3266 5751 p.
3301 5682 3368 5734 '56
3399 5681 3488 5733 59.

2567 5755 2642 5820 (2)
2675 5753 3134 5806 Counucreiarios
3175 5753 3399 5820 intelligi
3434 5751 3671 5804 editores
3717 5758 3964 5804 monent.

2565 5827 2639 5946 $3)
2663 5824 2772 5878 lloc
2800 5822 3024 5878 verbum
3050 5824 3412 5894 supplendum
3441 5837 3563 5876 esse
3589 5835 3810 5876 censeo.
3841 5821 4082 5880 ZaCﬂAB.

2595 5911 2711 5946 Δ1³8.

2499 5915 2521 5947 Α
2566 5911 2711 5949 1ης,
