4190 6534
723 409 828 472 619

1927 403 2084 464 ΙΜΡ.
2127 402 2410 463 BASlLlI
2450 400 2816 462 JUIV'IORIS

3887 407 3996 472 620

725 521 1003 589 aequitatis
1037 527 1332 582 amantem,
1357 526 1411 572 et
1444 514 1830 572 exscindenda
1866 516 2112 571 avaritiae
2153 515 2307 586 cupi—

2429 513 2672 584 ιοὲλομεν
2721 515 2919 566 εἰπεῖν.
2967 501 3073 566 Καὶ
3107 514 3214 586 γὰρ
3245 515 3384 587 [καὶ]
3427 516 3600 572 πολλὰ
3646 520 3995 592 παρτ-,νοχλή-

725 615 886 678 dam;
928 610 1277 681 perspicuum
1309 622 1375 662 es
1410 607 1520 662 illis
1556 608 1667 674 liet,
1701 623 1822 678 qua:
1854 607 2056 661 dicturi
2092 622 2302 661 sumus.

729 703 953 772 Magnas
977 701 1122 754 enim
1161 699 1444 753 molestias
1483 713 1512 752 a
1548 697 1882 768 pauperibus
1937 697 2041 752 hoc
2089 698 2309 751 nomine

729 795 1070 864 pertulimus.
1093 803 1140 847 et
1162 791 1365 862 quibus
1383 789 1623 860 quotidie
1645 790 2146 846 circumveniantur
2163 791 2311 844 frau-

725 886 886 941 dibus
938 895 991 937 et
1038 882 1280 952 injuriis,
1323 883 1528 938 nostris
1579 881 1800 952 ipsimet
1839 881 2014 954 oculis
2047 883 2308 948 vidimus,

728 983 851 1032 dum
883 976 1199 1046 provincias
1231 975 1450 1046 imperii
1483 975 1660 1029 nostri
1689 991 2129 1046 peragraremus,
2162 984 2216 1030 et
2242 975 2311 1028 ad

728 1070 1103 1140 expeditiones
1131 1051 1644 1138 proficisceremur.
1679 1067 1814 1122 Nam
1841 1083 1951 1137 quo
1981 1077 2142 1138 pacto
2172 1067 2308 1123 sim-

729 1165 946 1234 pliciter
978 1174 1145 1232 atque
1177 1171 1386 1215 temere
1437 1159 1704 1230 temporis
1736 1160 1986 1216 habenda
2015 1160 2119 1214 erit
2143 1160 2306 1224 ratio,

726 1270 847 1308 cum
877 1253 946 1317 is,
973 1253 1066 1322 qui
1097 1265 1394 1321 pauperem
1435 1249 1870 1316 circumscribit,
1927 1249 2125 1320 cpi-bus
2175 1251 2303 1304 sub-

727 1346 908 1407 nisus,
943 1345 1036 1400 diu
1070 1345 1315 1414 potentia
1351 1343 1724 1412 felicitateque
1753 1357 1853 1396 sua
1881 1341 2120 1406 fruatur,
2152 1358 2310 1397 eam-

726 1452 833 1506 que
861 1437 1164 1507 potentiam
1199 1444 1255 1488 et
1305 1433 1627 1488 felicitatem
1665 1449 1822 1489 suam
1857 1435 1922 1488 ad
1959 1449 2312 1490 successores

725 1545 857 1584 suos
890 1513 1275 1582 transmittat?
1302 1543 1366 1582 ac
1391 1527 1641 1582 fortassis
1667 1525 1784 1594 ipse
1807 1526 2026 1596 quidem
2047 1527 2312 1596 patricius

726 1623 816 1686 sit,
855 1629 912 1675 at
941 1622 1060 1675 nati
1103 1635 1170 1676 ex
1201 1634 1287 1684 eo,
1316 1627 1448 1688 puta
1480 1626 1710 1689 nepotes
1757 1627 1810 1673 et
1835 1629 2186 1689 pronepotes,
2238 1619 2316 1673 si-

727 1717 930 1769 militer
957 1723 1206 1786 potentes
1248 1721 1304 1768 et
1359 1712 1735 1769 familiaritate
1791 1713 2135 1792 principibus
2187 1729 2316 1769 con-

721 1809 923 1877 juncti,
963 1807 1280 1862 felicitatem
1311 1823 1468 1862 suam
1511 1807 1577 1862 ad
1621 1823 1726 1861 Lxx
1759 1807 1841 1862 vel
1871 1823 1901 1862 c
1924 1821 2096 1862 annos
2127 1824 2315 1878 porre—

2414 605 2591 676 Θημεν
2625 605 2778 677 παρὰ
2813 605 2923 660 τῶν
2955 605 3188 676 πτωχῶν
3219 606 3379 676 χάριν
3417 608 3609 661 τούτου
3646 611 3740 663 καὶ
3778 611 3876 674 τὰς
3905 628 3996 678 γι-

2414 698 2644 768 νομένας
2693 699 2774 762 εἰς
2827 697 3020 760 αὐτοὺς
3073 698 3197 752 καθ’
3239 699 3478 770 ἑκάστην
3535 699 3850 768 πλεονεξίας
3897 705 3997 757 καὶ

2414 789 2626 852 ἀδικίας
2656 792 2769 851 τοῖς
2805 790 2957 853 ἰδίοις
2989 789 3146 860 ἡμῶν
3176 789 3479 860 ὀφθαλμοῖς
3513 793 3749 862 εἴδομεν,
3781 793 3998 865 διερχό-

2418 897 2569 951 μενοι
2615 881 2685 933 τὰ
2721 880 2933 950 θέματα
2969 882 3065 950 τῆς
3099 880 3373 951 βασιλείας
3400 882 3583 952 ἡμῶν,
3622 887 3719 938 καὶ
3757 885 3896 955 πρὸς
3929 885 4000 938 τὰ

2417 971 2657 1056 ταξείδια
2687 972 3072 1043 ἀπερχόμενοι.
3113 973 3238 1038 Πῶς
3271 973 3378 1044 γὰρ
3401 974 3603 1038 ’ἁπλῶς
3635 975 3732 1028 καὶ
3761 975 3836 1039 ὡς
3877 977 4002 1028 ἐτυ-

2416 1081 2509 1134 χεν
2536 1066 2823 1136 ἐνεργήσει
2867 1064 3086 1136 χρόνος,’
3111 1067 3201 1119 ὅτε
3236 1067 3462 1130 δυνατὸς
3494 1066 3571 1120 ῶν
3601 1071 3628 1122 6
3661 1067 3751 1121 τὸν
3790 1068 4004 1137 πένητα

2418 1157 2846 1227 πλεονεκτήσας,
2903 1159 3070 1212 πολὺν
3122 1159 3314 1230 χρόνον
3377 1161 3594 1232 ποιήσει
3655 1161 4002 1216 δυναστεύων

2417 1249 2510 1302 καὶ
2539 1249 2829 1321 εὐημερῶν
2853 1291 2867 1318 ,
2918 1253 3012 1304 καὶ
3065 1251 3162 1322 τὴν
3199 1251 3520 1306 δυναστείαν
3557 1252 3724 1307 αὑτοῦ
3763 1254 3857 1306 καὶ
3903 1255 4000 1307 εὖ·

2417 1341 2657 1412 ημερίαν
2687 1345 2764 1406 είς
2797 1342 2922 1406 τοὺς
2957 1343 3236 1414 διαδόχους
3286 1343 3450 1398 αὑτοῦ
3479 1345 3864 1416 παραπέμψει;
3905 1348 4004 1399 καὶ

2420 1434 2576 1504 τυχὸν
2620 1429 2776 1498 οὗτος
2824 1434 2922 1506 μὲν
2953 1436 3242 1505 πατρίκιος
3288 1437 3460 1502 ἐστιν,
3498 1439 3546 1491 οἱ
3595 1437 3652 1491 δὲ
3702 1439 3760 1504 ἐξ
3809 1440 4004 1506 αὑτοῦ,

2419 1521 2529 1579 οἷον
2582 1525 2796 1596 ἔγγονοι
2854 1529 2949 1581 καὶ
2996 1528 3320 1596 δισέγγονοι,
3371 1530 3578 1598 ὁμοίως
3627 1529 3846 1583 δυνατοὶ
3905 1533 4004 1584 καὶ

2419 1619 2731 1688 οἷκειόκητα
2767 1617 2982 1689 ἔχοντες
3026 1620 3162 1690 πρὸς
3211 1621 3338 1683 τοὺς
3384 1619 3646 1690 βασιλεῖς,
3699 1623 3794 1675 καὶ
3839 1623 4004 1694 μέχρι

2419 1712 2528 1764 τῶν
2559 1711 2930 1784 ἑϐδομήκοντα
2975 1711 3007 1782 ἦ
3061 1713 3254 1765 ἑκατὸν
3305 1713 3517 1783 χρόνων
3565 1714 3663 1784 τὴν
3703 1704 4006 1784 εὑημερῦιν

2421 1803 2602 1856 αὐτῶν
2641 1803 3142 1877 παρεκτεινομένην
3191 1805 3428 1876 ἔχοντες.
3485 1801 3616 1877 Ἀρ·
3649 1801 3742 1860 οὖν
3778 1807 4008 1870 τούτους

729 1917 870 1956 ctam
911 1901 1211 1958 retineant?
1255 1916 1364 1954 non
1413 1901 1538 1956 illos
1583 1915 1687 1954 nos
1731 1899 2155 1955 coercebimus?
2209 1915 2316 1955 non

2429 1898 2483 1949 οὐ
2525 1896 2884 1967 κωλύσομενς
2941 1897 3039 1950 καὶ
3076 1899 3188 1960 τοῖς
3223 1897 3418 1966 πένησι
3455 1897 3700 1970 δώσομεν
3738 1899 3775 1952 ἃ
3816 1899 4006 1964 κακῶς

733 1995 1064 2064 pauperibus
1095 2008 1158 2046 ea
1197 1993 1475 2058 dabimus,
1511 1993 1714 2062 quibus
1751 1992 1894 2047 male
1936 2002 2060 2048 Sunl
2097 1992 2314 2047 defrau-

729 2086 884 2140 dati?
945 2085 1157 2155 Quippe
1208 2101 1332 2142 cum
1379 2085 1445 2152 is,
1484 2086 1578 2155 qui
1613 2085 1814 2139 fundos
1853 2099 2177 2141 communes
2228 2101 2319 2140 ae-

729 2181 920 2247 quirit,
981 2179 1065 2232 rel
1118 2179 1297 2246 majus
1363 2179 1602 2248 pretium
1671 2177 1890 2242 obtulit,
1945 2188 2140 2248 potens
2199 2189 2314 2241 est,

731 2271 958 2338 ejusque
993 2269 1236 2323 lueredes
1273 2285 1468 2323 rursus
1499 2277 1608 2322 tam
1655 2267 1710 2322 in
1748 2269 2102 2338 patrimonio,
2149 2284 2314 2337 quam

733 2364 848 2431 ipsa
877 2369 1150 2431 potestate
1171 2361 1498 2427 succedunt,
1535 2377 1632 2438 nec
1663 2362 1883 2431 pauperi
1915 2362 2097 2416 locum
2127 2361 2318 2415 adver-

732 2472 828 2510 sus
882 2469 940 2508 se
987 2453 1310 2523 experiundi
1354 2468 1536 2507 rerum
1595 2453 1812 2507 illarum
1855 2455 2076 2508 nomine
2128 2469 2318 2508 conce-

732 2551 890 2613 dunt,
951 2546 1148 2616 quibus
1200 2547 1366 2600 rebus
1423 2561 1550 2600 eum
1618 2547 1870 2615 nequiter
1939 2543 2315 2600 fraudarunt:

733 2640 958 2693 omnino
980 2635 1333 2691 manifestum
1366 2645 1474 2701 est,
1523 2645 2011 2705 quantumcunque
2058 2636 2318 2704 temporis

733 2733 940 2786 interea
975 2739 1240 2795 transeat,
1267 2729 1496 2783 minime
1527 2729 1929 2798 prohibendum
1963 2743 2084 2782 esse
2117 2743 2319 2796 paupe-

735 2841 888 2889 rem,
949 2823 1246 2893 quominus
1285 2831 1340 2876 et
1383 2821 1650 2890 requirat,
1689 2833 1742 2876 et
1791 2821 2006 2874 auferat
2054 2819 2128 2884 id,
2172 2825 2319 2891 quod

735 2933 894 2972 suum
931 2927 1033 2970 est.
1065 2913 1201 2969 Nam
1235 2913 1340 2969 nisi
1381 2913 1486 2968 hoc
1509 2913 1798 2978 faciamus,
1825 2929 1991 2968 avaro
2018 2913 2312 2968 fenestram

740 3012 1076 3080 aperiemus,
1119 3019 1176 3062 ut
1206 3007 1354 3062 dicat
1394 3024 1406 3058 :
1450 3005 1722 3072 Quoniam
1771 3021 1873 3076 ego
1909 3022 2168 3076 prospera
2205 3005 2320 3061 for-

739 3111 864 3156 tuna
919 3100 1073 3153 frnor
1119 3097 1303 3164 hodie,
1341 3113 1442 3152 nec
1473 3113 1677 3166 pauper
1705 3097 1796 3152 ille
1839 3113 2052 3152 mecum
2083 3099 2318 3168 experiri

737 3203 917 3265 potest
948 3213 959 3245 :
992 3194 1036 3247 si
1064 3193 1180 3262 pari
1215 3189 1478 3246 felicitate
1501 3192 1648 3246 filius
1681 3207 1901 3262 quoque
1935 3207 2090 3246 meus
2113 3201 2318 3258 utatur,

2417 1992 2962 2064 ἐπλεονεκτήθησαν;
3013 1991 3106 2046 τοῦ
3141 1991 3245 2064 [τε]
3291 1993 3400 2064 γὰρ
3434 1995 3512 2056 είς
3543 1994 3864 2064 κοινότητας
3895 2013 4008 2064 χω-

2422 2085 2551 2155 ρίων
2582 2085 3045 2156 ἐπικτησαμένου,
3100 2085 3134 2156 ἦ
3183 2086 3342 2139 πλέον
3393 2088 3730 2151 ὲκτίσαντος,
3775 2087 4006 2141 δυνατοῦ

2419 2177 2806 2247 τυγχάνοντος,
2862 2181 2955 2232 καὶ
3000 2179 3106 2232 τῶν
3151 2179 3314 2232 αὐτοῦ
3357 2179 3616 2250 διαδὸχιιιν
3665 2179 3831 2234 πάλιν
3865 2183 4008 2252 μετᾶ

2419 2268 2518 2337 τῆς
2569 2267 2922 2332 ὑποστάσεως
2952 2271 3047 2322 καὶ
3087 2266 3186 2339 τὴν
3230 2269 3552 2322 δυναστείαν
3582 2270 4006 2340 διαδεχομένων,

2421 2361 2514 2412 καὶ
2573 2359 2648 2431 μὴ
2699 2360 2950 2413 διδόντων
2993 2361 3178 2431 χώραν
3223 2361 3300 2430 τῷ
3351 2363 3544 2432 πένητι
3595 2361 3733 2433 πρὸς
3777 2363 3839 2414 τὸ
3883 2364 4008 2416 κατ’

2421 2449 2600 2503 αὐτῶν
2631 2452 2853 2522 κινῆσαι
2883 2451 3012 2522 περὶ
3039 2445 3113 2505 ὧν
3140 2453 3325 2514 κακῶς
3350 2453 3785 2524 ἐπλεονέκτησαν
3818 2457 4004 2507 αὐτόν’

2424 2541 2639 2605 πάντως
2675 2541 2937 2612 πρόδηλόν
2980 2544 3148 2607 ἐστιν,
3179 2544 3260 2596 ὅτι
3290 2545 3412 2607 ὅσος
3451 2543 3516 2597 ἂν
3537 2545 3727 2616 χρόνος
3761 2547 3852 2598 ἐπὶ
3884 2545 4012 2598 τού-

2421 2649 2530 2684 των
2567 2631 2752 2704 διαϐῇ,
2799 2635 3076 2697 ἀκώλυτος
3101 2638 3130 2689 6
3173 2635 3340 2706 πένης
3373 2636 3524 2690 ἔσται
3555 2638 3690 2706 πρὸς
3731 2639 3794 2690 τὺ
3823 2637 4008 2708 ζητεῖν

2422 2721 2514 2772 καὶ
2545 2721 2803 2792 ἀπαίρειν
2835 2723 2896 2775 τὺ
2931 2723 3085 2777 ἴδιον.
3121 2723 3181 2776 Ei
3219 2725 3294 2794 μὴ
3335 2725 3443 2794 γὰρ
3477 2727 3634 2778 τοῦτο
3681 2729 4006 2798 ποιήσομεν,

2423 2813 2657 2882 πάροδον
2690 2813 2932 2884 δώσομεν
2951 2815 3026 2886 τῷ
3055 2817 3354 2888 πλεονέκτῃ
3381 2817 3477 2870 τοῦ
3507 2819 3710 2886 λέγειν,
3740 2821 3824 2872 ὅτι
3851 2821 4012 2874 Ἐπεὶ

2423 2905 2533 2973 ἐγὼ
2564 2907 2803 2976 σήμερον
2829 2908 3106 2980 εὐημερῶ,
3155 2911 3249 2962 καὶ
3289 2912 3349 2962 οὐ
3395 2910 3619 2964 δύναται
3653 2913 3773 2966 κατ’
3809 2910 3946 2984 ἐμοῦ
3981 2915 4014 2965 ὀ

2423 2995 2592 3064 πένης
2635 2995 2882 3064 κινῆσαι,
2923 2997 3021 3049 ἐὰν
3052 2999 3374 3070 εὐημερήσῃ
3407 3000 3500 3051 καὶ
3527 3002 3555 3053 6
3603 3001 3719 3059 υἱός
3755 3018 3880 3071 μου,
3911 3005 4011 3056 καὶ

2422 3083 2508 3135 διὰ
2536 3084 2636 3153 τῆς
2671 3086 2972 3156 εὐημερίας
3010 3089 3166 3158 ἡμῶν
3193 3089 3355 3160 διαϐῇ
3389 3093 3948 3161 τεσσαρακονταετία,
3975 3095 4010 3164 ἢ

2427 3176 2540 3241 ἐγὼ
2568 3177 2804 3246 χρονίτω
2834 3180 3144 3249 εὐημερῶν,
3177 3180 3373 3252 ἔχομεν
3407 3183 3750 3255 ἁναφαίρετα
3783 3189 3852 3240 τὰ
3885 3189 4012 3239 επι-

739 3295 792 3338 et
819 3285 976 3336 nobis
1014 3283 1116 3334 bac
1151 3282 1513 3351 prOSperitate
1562 3281 1872 3338 frucntibus
1922 3283 2051 3336 anni
2083 3285 2322 3352 quadra-

2431 3267 2721 3338 κτηθέντα,
2754 3271 2850 3323 καὶ
2887 3274 3158 3343 συμφέρει
3191 3293 3282 3342 μοι
3325 3277 3386 3327 τὸ
3413 3277 3780 3332 πλεονεκτεῖν.
3809 3278 4012 3352 [Τοῦτο

742 3375 890 3444 ginta
925 3381 1277 3442 praetereant,
1319 3383 1414 3424 ant
1447 3373 1566 3442 ipse
1593 3373 1686 3426 diu
1719 3389 1808 3426 res
1845 3375 2115 3428 secundas
2147 3377 2324 3428 ςυιιιὶ-

745 3481 904 3519 nncm
937 3483 949 3518 :
977 3464 1287 3532 inadempta
1338 3465 1718 3528 retinebimus,
1757 3481 1878 3532 qua:
1905 3465 2322 3534 acquisirimus,
2343 3535 2356 3540 _

744 3560 996 3622 adeoque
1032 3557 1163 3608 mihi
1193 3559 1460 3624 rapaciler
1484 3572 1646 3625 agerc
1674 3559 1936 3624 proderit.
1977 3555 1986 3627 ι
2018 3557 2195 3626 Atque
2223 3559 2328 3611 hoc

745 3649 1205 3702 manifestumcst
1263 3647 1424 3700 etiam
1483 3649 1550 3699 de
1597 3647 1978 3712 Illaleiimrnm,
2031 3649 2328 3715 itidemque

744 3743 814 3796 de
869 3739 1183 3793 Phocadnm
1237 3738 1466 3792 familia.
1529 3740 1740 3808 Quippe
1789 3741 2189 3794 Constantinus
2219 3741 2330 3794 Μο-

747 3834 923 3887 lcinus
949 3832 1237 3902 patricius.
1267 3841 1320 3885 et
1346 3831 1666 3886 Eustathius
1689 3831 1814 3898 ejus
1853 3834 2020 3898 illius,
2045 3834 2328 3903 magister,

749 3941 924 3996 usque
955 3925 1022 3978 ad
1061 3933 1306 3982 centum.
1339 3924 1422 3976 vel
1455 3933 1674 3977 centum
1712 3925 1900 3994 viginti
1935 3941 2130 3989 annos,
2163 3925 2332 3979 felici-

752 4030 914 4073 tatem
945 4033 1099 4072 suam
1135 4016 1529 4072 continuarunt
1571 4033 1583 4068 :
1630 4015 1912 4070 Pliocades
1968 4033 2116 4082 vero,
2167 4020 2328 4070 etiam

751 4111 894 4165 ultra
929 4111 1029 4163 boc
1061 4111 1318 4178 spatium.
1353 4107 1487 4160 Nam
1520 4117 1573 4160 et
1607 4124 1741 4162 avus
1765 4124 1981 4170 eorum,
2005 4111 2335 4178 etdrinceps

750 4214 927 4272 pater.
954 4212 1006 4256 et
1033 4214 1218 4270 postea
1243 4203 1358 4265 lilii,
1383 4199 1774 4270 propemodum
1796 4199 2048 4263 dixerim,
2071 4217 2100 4254 a
2121 4201 2336 4254 netnine

755 4292 1116 4360 interruptam
1169 4291 1235 4343 ad
1279 4306 1380 4343 nos
1421 4279 1593 4360 usque
1635 4295 1931 4360 potentiam
1957 4290 2332 4346 obtinuerunt.

755 4381 822 4436 Et
876 4397 1114 4451 quonam
1177 4382 1336 4434 modo
1398 4382 1602 4436 talibus
1679 4383 2020 4452 praescriptio
2076 4385 2336 4454 temporis

758 4471 1046 4526 subveniet
1067 4469 1114 4542 ‘?]
1141 4487 1248 4539 quo
1270 4487 1490 4525 rursum
1522 4473 1682 4526 modo
1711 4489 1816 4526 non
1846 4473 2217 4541 reputabimus
2243 4491 2338 4544 po-

759 4571 962 4617 tentem
999 4565 1202 4632 paliter
1231 4575 1286 4617 et
1313 4564 1666 4630 imbecillum,
1699 4565 1788 4635 qui
1833 4567 1899 4620 ab
1935 4567 2089 4619 initio
2119 4567 2335 4636 quidem

2427 3359 2484 3410 δὲ
2531 3361 2763 3430 φανερόν
2793 3363 2907 3414 ἐστι
2938 3365 3031 3415 καὶ
3067 3365 3172 3417 ἀπὸ
3207 3367 3303 3436 τῆς
3328 3370 3517 3436 γενεᾶς
3549 3370 3657 3422 τῶν
3697 3371 4010 3435 Μαλεῖ-.ων,

2429 3451 2524 3503 καὶ
2557 3451 2718 3504 πάλιν
2737 3455 2844 3506 τῶν
2875 3456 3166 3511 Φωκὰδων.
3204 3459 3259 3510 Ὀ
3285 3461 3383 3528 μὲν
3413 3463 3522 3530 γὰρ
3546 3465 3836 3531 πατρίκιος
3861 3465 4016 3517 Κωνο

2433 3547 2708 3606 σταντῖνος
2738 3549 2764 3597 ὁ
2789 3547 2901 3599 Mat)
2915 3549 3074 3612 εἳνος,
3127 3551 3218 3600 καὶ
3248 3551 3274 3600 6
3317 3551 3614 3622 μαγιστρος
3645 3555 3944 3616 Εὖστάθιος
3984 3558 4016 3606 ὁ

2431 3633 2618 3687 τούτου
2647 3637 2778 3699 υἱὸς,
2804 3637 2964 3707 μέχρι
2995 3639 3102 3692 τῶν
3127 3641 3318 3694 ἑκατὸν
3339 3645 3564 3711 χρόνων,
3589 3645 3620 3715 ἣ
3646 3647 3732 3696 καὶ
3755 3646 3861 3698 τῶν
3887 3649 4018 3698 ἐκα-

2432 3729 2521 3778 τδν
2553 3727 2724 3779 εἴκοσι
2751 3728 2848 3796 τὴν
2881 3731 3184 3802 εὐημερίαν
3219 3733 3376 3802 ἔσχον
3399 3740 4018 3808 συμπαρεκτεινομένην

2435 3820 2635 3882 αὐτοῖς.
2675 3821 2736 3875 Οἱ
2769 3823 2824 3876 δὲ
2853 3824 3106 3889 Φωκὰδες
3139 3827 3272 3880 πολὺ
3306 3829 3512 3881 τούτων
3539 3833 3819 3885 ἐπέκεινα.
3857 3833 3932 3884 ’⁸0
3957 3850 4016 3884 τε

2436 3911 2544 3980 γὰρ
2589 3912 2810 3976 ’πάππος
2862 3913 2960 3986 [αι.
3025 3919 3383 3990 πρόπαππος]
3419 3920 3620 3984 αὐτῶν,
3674 3916 3792 3972 εἶτα
3845 3923 3940 3973 καὶ
3989 3925 4020 3974 6

2438 4003 2638 4072 πατὴρ,
2675 4007 2814 4074 μετὰ
2843 4007 2899 4058 δὲ
2929 4008 3103 4061 ταῦτα
3137 4011 3232 4062 καὶ
3262 4011 3311 4062 οἱ
3355 4011 3548 4064 τούτου
3597 4013 3704 4064 υἱοὶ
3735 4013 4022 4083 ἁδιὰδοχον

2440 4097 2622 4165 σχεδὸν
2651 4099 2828 4152 εἰπεῖν
2854 4099 2959 4162 ἕως
3004 4102 3162 4170 ἡμῶν
3205 4099 3349 4172 εἶχον
3382 4103 3478 4173 τὴν
3517 4104 3856 4157 δυναστείαν.
3911 4108 4024 4157 Καὶ

2439 4185 2556 4247 πῶς
2602 4189 2649 4239 οἱ
2693 4189 2928 4241 τοιοῦτοι
2981 4191 3278 4260 βοηθοῦντα
3309 4193 3398 4245 τὸν
3428 4195 3618 4264 χρόνον
3649 4195 3832 4258 ἕξουσι
3871 4197 3948 4264 (8)
3977 4195 4020 4266 ς]

2440 4279 2604 4332 πάλιν
2641 4281 2717 4345 δὲ,
2751 4281 2870 4345 πῶς
2899 4284 2958 4335 οὺ
2990 4283 3320 4354 λογισόμεθα
3346 4286 3572 4338 δυνατὸν
3603 4291 3695 4338 καὶ
3732 4289 4020 4354 ἀδύνατον,

2442 4373 2530 4425 τὸν
2560 4373 2792 4445 ὲξαρχῆς
2825 4376 2922 4443 μὲν
2953 4377 3182 4447 πένητα,
3219 4377 3445 4450 ὕστερον
3473 4379 3529 4432 δὲ
3555 4381 3890 4450 τιμώμενον,
3925 4381 4026 4432 καὶ

2443 4468 2580 4536 πρὸς
2607 4467 2740 4535 ὕψος
2786 4469 2944 4538 δόξης
2997 4471 3372 4539 ἁναγόμενον;
3428 4473 3690 4525 ἀδύνατον
3739 4475 3860 4542 μὲν,
3915 4475 4026 4536 ἕως

2445 4561 2679 4629 ὑπάρχει
2723 4562 2833 4614 τῶν
2883 4565 3053 4616 κάτω·
3107 4566 3197 4616 καὶ
3229 4565 3320 4618 τὸν
3364 4567 3556 4636 χρόνον
3613 4565 3828 4636 βοηθεῖν
3873 4567 4026 4636 αὐτῷ

757 4667 966 4724 pauper
997 4665 1100 4718 est,
1145 4655 1402 4723 deinceps
1443 4665 1624 4708 autem
1664 4657 1999 4721 honoratus,
2041 4667 2092 4712 ct
2121 4661 2186 4712 ad
2221 4662 2324 4728 glo-

2445 4655 2897 4724 συγχωρὴσομεν·
2930 4655 3154 4709 δυνατὸν
3203 4659 3281 4722 δὲ,
3331 4659 3423 4727 ἀφ’
3454 4653 3514 4711 εὖ
3551 4660 3744 4728 καιροῦ
3791 4660 4024 4730 τιμηθῇ·

758 4747 854 4800 riae
890 4747 1104 4800 culmen
1143 4747 1400 4801 evectus?
1436 4747 1792 4813 imbecillum,
1855 4749 2116 4819 quannliu
2166 4763 2248 4805 est
2287 4755 2336 4805 in

759 4851 990 4890 numero
1053 4835 1369 4892 inferiorum
1429 4848 1527 4892 :ct
1576 4849 1790 4908 tempus
1845 4841 1970 4894 huic
2017 4859 2340 4896 succurrere

760 4933 1148 5000 permittemus
1186 4949 1196 4984 :
1229 4939 1527 5001 potentem,
1558 4949 1619 4986 ex
1652 4949 1761 5002 quo
1797 4943 2042 5002 tempore
2071 4951 2338 4990 consecu-

759 5033 852 5076 tus
887 5025 1151 5076 honorem
1182 5021 1347 5076 fuerit
1381 5041 1394 5076 :
1425 5033 1479 5076 et
1512 5023 1644 5076 nihil
1691 5025 1740 5078 ci
1785 5027 2046 5094 prodesse
2089 5031 2339 5096 prmscri-

761 5117 1008 5184 plionem
1060 5117 1323 5185 temporis
1364 5117 1744 5185 probabimus.
1779 5117 1972 5183 Qualia
2003 5132 2135 5172 sane
2172 5136 2344 5188 saepe-

761 5221 995 5260 numero
1029 5207 1277 5276 quatidie
1309 5208 1494 5262 videre
1525 5217 1608 5262 est
1657 5209 1968 5276 usuvenire,
1999 5226 2062 5264 ac
2097 5227 2282 5264 recens
2315 5228 2342 5264 a

761 5299 922 5352 nobis
947 5299 1082 5351 adeo
1109 5307 1452 5369 compertum
1489 5309 1587 5354 est.
1631 5298 1944 5356 Invenimus
1982 5303 2127 5355 enim
2163 5301 2346 5356 Philo-

762 5392 960 5455 ealcm,
993 5391 1061 5444 ab
1099 5391 1255 5444 initio
1293 5389 1527 5445 fortunat
1558 5393 1740 5447 tenuis
1769 5393 2070 5456 hominem,
2097 5402 2151 5446 et
2176 5407 2343 5445 unum

763 5499 831 5536 ex
872 5485 1150 5550 viraneis;
1207 5494 1396 5553 postea
1447 5485 1819 5553 splendidum,
1869 5493 1948 5539 et»
1976 5485 2290 5554 opulentum
2329 5505 2340 5538 :

765 5575 858 5643 qui
891 5575 1154 5643 quamdiu
1191 5575 1438 5644 plebeius
1468 5587 1607 5640 erat,
1640 5579 1830 5630 eadem
1857 5591 1984 5629 cum
2021 5575 2136 5630 suis
2162 5576 2348 5630 convi-

767 5670 950 5723 caneis
1033 5685 1200 5748 opera
1289 5669 1716 5737 peusitationum
1813 5669 2156 5734 sustinebat,
2247 5685 2348 5723 nec

2445 4747 2538 4798 καὶ
2586 4749 2677 4800 τὸν
2729 4750 2920 4818 χρόνον
2971 4752 3136 4821 μηδὲν
3189 4753 3352 4805 αὑτὸν
3393 4755 3706 4819 ὠφελοῦντα
3752 4755 4026 4824 δείξομεν.

2446 4834 2546 4891 Οἷα
2577 4840 2837 4904 πολλάκις
2867 4843 2990 4896 καθ’
3019 4845 3258 4914 ἑκάστην
3297 4845 3444 4899 ἐστιν
3475 4847 3603 4899 ἰδεῖν
3631 4849 4028 4916 συμϐαίνοντα,

2447 4931 2541 4981 καὶ
2575 4931 2700 5000 ἄρτι
2737 4933 2869 5002 παρ’
2924 4935 3080 5006 ἡμῶν
3107 4937 3327 5007 εὑρέθη.
3367 4939 3476 4990 Καὶ
3515 4942 3624 5009 γὰρ
3675 4938 3910 5008 εὕρομεν
3937 4941 4032 4992 ’.δν

2443 5024 2766 5094 Φιλοκάλην,
2790 5025 3080 5096 γενόμενον
3109 5031 3208 5098 μὲν
3233 5033 3512 5100 καταρχὰς
3541 5032 3650 5084 τῶν
3671 5033 3906 5084 εὐτελῶν
3935 5039 4033 5085 καί

2450 5118 2698 5187 χωριτῶν
2730 5119 2846 5172 ἕνα·
2893 5120 3122 5191 ὕστερον
3153 5123 3228 5182 δὲ,
3261 5123 3370 5175 τῶν
3413 5127 3710 5196 περιδόξων
3743 5128 3837 5178 καὶ
3871 5127 4036 5178 πλου-

2453 5210 2604 5262 σίων.
2650 5211 2742 5273 Ὃς
2769 5211 2874 5275 ἓως
2903 5213 3001 5282 μὲν
3027 5215 3241 5286 ὑπῆρχε
3267 5217 3375 5268 τῶν
3406 5219 3577 5280 κάτω,
3613 5219 3886 5271 συνετέλει
3919 5221 4032 5280 τοῖς

2451 5301 2646 5353 ἑαυτοῦ
2680 5305 3065 5376 συγχωρεταις,
3119 5309 3214 5360 καὶ
3256 5309 3408 5362 οὐδὲν
3439 5313 3636 5373 αὐτοὺς
3665 5311 4032 5378 ἐκαινοτόμει.

2466 5394 2582 5462 Ἀφ’
2613 5390 2673 5449 οὗ
2717 5397 2773 5449 δὲ
2801 5397 2992 5452 τοῦτον
3020 5403 3099 5462 είς
3128 5403 3294 5474 τιμὴν
3329 5407 3356 5458 6
3386 5405 3518 5468 Θεὸς
3553 5406 3755 5474 ἀνῆγεν
3787 5403 4036 5477 [iiiis-,1

2453 5488 2844 5560 ἐϐδομαδαρίου
2877 5489 2972 5564 [ιιι.
3011 5495 3382 5570 έόδομαρίου],
3422 5495 3540 5552 εἶτα
3569 5501 3912 5564 κοιτωνίτου,
3943 5501 4040 5552 καὶ

2455 5579 2594 5647 μετὰ
2617 5581 2788 5634 ταῦτα
2818 5585 3340 5660 πρωτοϐεστιαρίου,
3393 5589 3453 5643 τδ
3493 5589 3615 5644 ὅλον
3661 5591 3725 5642 ὲκ
3773 5589 3870 5643 τοῦ
3907 5607 4042 5642 κατ-

2452 5669 2632 5737 ολίγον
2665 5673 2938 5741 ἐκράτησε
2967 5678 3186 5747 χωρίον,
3210 5682 3302 5732 καὶ
3335 5681 3658 5751 προάστειον
3691 5682 3826 5736 ἴδιον
3849 5683 4044 5752 size-ir,-

843 5823 916 5890 t8)
947 5819 1113 5878 hnc-is
1163 5825 1372 5880 inclusa
1413 5827 1684 5880 selnolium
1721 5826 2001 5891 redolent;
2035 5825 2269 5881 fortasse
2298 5827 2552 5895 superius
2589 5807 2898 5899 reponenda
2924 5842 3068 5886 sum.
