4190 6534
677 361 784 426 627
1891 373 2046 432 IMP.
2093 374 2371 434 BASILIl
2417 375 2782 435 JUNIORIS
3819 375 3932 442 628

676 476 822 545 quod
856 477 1110 548 majestas
1139 488 1323 534 nostra
1355 479 1515 534 modo
1569 483 1843 547 statuerit,
1882 494 1940 538 ut
1969 495 2249 540 monaste-
2279 489 2328 547 Α

2279 489 2328 547 Α
2357 488 2612 556 αστήρια,
2644 487 2711 540 τὰ
2744 487 3002 539 ἐπέκεινα
3027 495 3095 555 η’,
3131 486 3161 555 ἢ
3198 492 3228 538 ι’
3282 484 3605 557 καλογήρων
3637 488 3851 558 ἔχοντα,
3882 500 3933 540 ει

675 569 759 622 ria
797 568 927 632 sint,
954 584 1074 640 quze
1107 569 1248 625 ultra
1290 585 1383 624 vni
1417 572 1500 627 vel
1537 590 1569 627 ι
1609 574 1889 645 calogeros
1927 577 2151 644 habent,
2206 580 2252 634 si

2357 579 2498 646 τάχα
2547 580 2640 631 καὶ
2683 579 2780 648 τὴν
2823 575 3161 648 ὲξαρκοῦσαν
3195 581 3308 641 τοῖς
3345 577 3625 640 τοσούτοις
3679 583 3934 649 μοναχῶς

674 660 816 717 forte
838 661 1193 717 sudicientem
1226 677 1445 734 quoque
1468 673 1545 718 tot
1576 668 1862 723 monachis
1891 679 2091 723 terram
2127 687 2254 740 pos-

2359 673 2461 739 γῆν
2490 670 2725 739 ἔχουσιν,
2757 670 2817 722 ού
2850 669 3119 738 δεχόμεθα
3151 668 3343 723 ταῦτα.
3392 668 3532 721 Ἀλλ’
3559 669 3636 732 ὡς
3684 671 3766 734 εἰς
3807 671 3937 723 ἀνα-

676 753 909 816 sideant,
961 768 1069 808 non
1118 754 1460 810 admittimus
1507 771 1570 810 ea
1606 774 1620 810 :
1651 759 1747 812 sed
1795 770 2111 830 reputamus
2140 772 2256 817 tan-

2357 761 2638 825 κοινώσεις
2690 762 2904 832 χωρίων
2956 761 3218 831 γινόμενα
3267 763 3534 831 εύκτήρια
3583 761 3933 830 λογιζόμεθα,

671 861 837 914 quam
885 846 1150 911 oratoria,
1180 863 1302 917 qua:
1351 849 1403 901 in
1435 850 1730 904 consortiis
1759 853 2086 920 praediorum
2117 870 2250 908 con-

2357 850 2446 908 οἷα
2491 855 2585 906 καὶ
2615 855 2978 925 προείπομεν,
3019 854 3112 908 καὶ
3145 856 3249 907 ὑπὸ
3282 855 3351 908 τὰ
3397 855 3572 925 χωρία
3605 855 3767 909 πάλιν
3797 855 3938 907 αὑτᾶ

671 946 986 1002 struuntur,
1025 938 1168 994 sicut
1193 947 1244 994 et
1271 940 1646 1008 praediximus,
1670 959 2002 1012 rursumque
2032 946 2252 1014 praediis

2358 947 2639 1017 ποιοῦμεν.
2667 949 2748 1002 Τὰ
2777 949 2832 1001 δὲ
2861 949 3152 1008 ἰδιόστατα,
3180 947 3275 1002 καὶ
3301 948 3400 1000 ὅσα
3433 948 3643 1017 μεγάλα
3668 949 3937 1017 μοναστήο

671 1044 732 1082 ca
755 1030 1101 1098 subjicimus.
1129 1030 1460 1087 Monasteria
1488 1049 1614 1089 vero
1655 1051 1751 1105 per
1778 1051 1837 1090 se
1866 1038 2251 1103 consistentia,

2362 1058 2449 1112 ρια
2484 1041 2547 1092 ὲκ
2583 1039 2815 1093 παλαιοῦ
2851 1036 3015 1111 ἦσαν,
3057 1041 3104 1092 εἰ
3138 1040 3278 1108 τάχα
3317 1039 3409 1092 καὶ
3442 1038 3781 1108 καλογήρους
3811 1040 3938 1109 ἄρτι

671 1130 725 1176 et
752 1121 863 1192 jam
896 1123 1024 1178 olim
1069 1139 1288 1191 magna,
1324 1125 1455 1180 licet
1493 1128 1654 1181 modo
1713 1127 2000 1198 calogeros
2048 1130 2253 1184 multos

2361 1131 2587 1193 πολλοὺς
2637 1132 2738 1185 οὑκ
2773 1132 3010 1202 ἔχουσιν,
3062 1130 3198 1184 ἀλλὰ
3252 1134 3317 1200 τῇ
3366 1131 3597 1203 ἀμελείᾳ
3642 1130 3804 1198 τυχὸν
3843 1129 3939 1182 τοῦ

672 1230 783 1267 non
819 1215 1077 1281 habeant,
1109 1217 1204 1270 sed
1255 1217 1394 1272 forte
1425 1234 1520 1289 per
1561 1219 1947 1291 negligentiam
1980 1231 2252 1290 metropo-

2361 1224 2757 1294 μητροπολίτου
2811 1224 2844 1295 ἢ
2896 1225 2992 1277 τοῦ
3045 1224 3347 1277 ἐπισκόπου
3397 1227 3568 1294 χωρὶς
3616 1225 3938 1293 καλογήρων

671 1307 800 1369 litae,
835 1306 920 1360 vel
955 1307 1221 1377 episcopi,
1267 1311 1385 1364 sine
1432 1309 1700 1380 calogeris
1756 1312 1899 1376 sint;
1936 1314 2252 1374 statuimus,

2358 1317 2498 1382 eisi}
2533 1315 2901 1386 διοριζόμεθα,
2937 1317 3023 1369 ἵνα
3058 1317 3151 1369 καὶ
3181 1316 3344 1372 πάλιν
3371 1314 3542 1367 ταῦτα
3567 1315 3672 1367 ὑπὸ
3699 1315 3796 1376 τὰς
3829 1332 3937 1382 μη-

671 1408 732 1451 ut
763 1414 977 1452 rursum
1024 1401 1417 1469 metrepolibus
1444 1410 1498 1454 et
1545 1403 1950 1472 episcopalibus
2008 1403 2249 1470 subsint,

2356 1408 2636 1477 τροπόλεις
2675 1409 2766 1460 καὶ
2801 1407 2898 1470 τὰς
2929 1407 3239 1469 ὲπισκοπὰς
3279 1407 3590 1476 ὑπάρχωσι,
3643 1407 3741 1459 καὶ
3775 1407 3938 1475 χαρίε-

674 1498 844 1558 utque
872 1489 1077 1544 donent
1104 1491 1168 1544 ad
1202 1493 1580 1546 transmittant
1604 1507 1690 1558 ea,
1723 1504 1832 1547 tam
1864 1495 2250 1564 tnctropolitzc,

2359 1499 2493 1562 ζωσι
2540 1497 2734 1563 ταῦτα,
2787 1498 2880 1550 καὶ
2927 1497 3374 1566 παραπέμπωσιν
3421 1498 3470 1547 οἱ
3542 1493 3939 1566 μητροπολίται

671 1597 838 1650 quam
898 1584 1164 1654 episcopi,
1229 1599 1558 1654 quocunque
1613 1585 1737 1656 ipsi,
1787 1595 1841 1640 ct
1884 1603 2255 1658 quancunquc

1981 1603 2255 1658 incunquc
2357 1590 2449 1643 καὶ
2484 1591 2532 1643 οί
2563 1590 2876 1656 ἐπίσκοποι,
2908 1589 3042 1642 ὅπου
3071 1589 3165 1642 καὶ
3197 1589 3286 1644 ὅτε
3315 1587 3551 1643 θέλουσι.
3628 1634 3636 1643 .

671 1673 886 1729 volunt.

744 1767 798 1820 4.
855 1765 932 1820 De
977 1767 1211 1822 tollenda
1245 1773 1652 1839 prwscriptioue
1695 1775 1946 1842 temporis
1999 1778 2251 1828 adversus
2288 1833 2325 1842 _

2288 1833 2325 1842 _
2432 1774 2492 1828 δ’.
2528 1773 2808 1842 Περὶτοῦ
2850 1773 3075 1842 χρόνου
3101 1772 3189 1841 μὴ
3234 1769 3390 1825 εἶναι
3438 1771 3588 1825 κατὰ
3619 1770 3722 1824 τοῦ
3753 1770 3941 1838 δημο-

671 1861 882 1927 ﬁscum.
913 1892 982 1902 —
1021 1861 1225 1915 Prmter
1284 1863 1398 1916 lucc
1457 1865 1762 1930 sancimus,
1815 1881 1881 1919 ne
1919 1874 2134 1935 trmpus
2179 1868 2252 1922 sit
2288 1833 2326 1886 Β

2288 1833 2327 1886 Β
2361 1872 2524 1925 σίου.
2651 1870 2795 1938 Πρὸς
2823 1833 3036 1930 τῖὺτοις
3086 1833 3438 1936 θεσπίξομεν,
3473 1867 3558 1918 ενα
3589 1860 3718 1938 μὴῇ
3747 1833 3941 1933 χρόνος

672 1954 893 2023 aliqqu
935 1955 1200 2010 adversus
1225 1955 1441 2021 ﬁscum,
1481 1973 1590 2026 quo
1618 1958 1706 2026 jus
1737 1963 1857 2025 ejus
1883 1961 2098 2013 excludi
2119 1974 2250 2030 pos-

2361 1961 2505 2014 κατά
2533 1960 2628 2013 τοῦ
2660 1959 2946 2029 δημοσίου,
2974 1958 3272 2028 δυνάμενος
3305 1956 3616 2012 ἀποκλείειν
3645 1944 3704 2007 τὸ
3731 1954 3943 2009 δίκαιον

672 2047 788 2100 sit:
821 2047 913 2101 sed
949 2057 1004 2100 ut
1041 2047 1206 2102 ﬁscus
1243 2048 1514 2103 indicatus
1548 2049 1637 2118 jus
1682 2066 1844 2104 suum
1890 2051 1958 2105 ab
2005 2056 2252 2120 Augusto

2360 2053 2570 2107 τούτου·
2605 2051 2720 2106 ἀλλ’
2752 2052 2841 2104 ἵνα
2872 2051 2901 2102 ό
2953 2051 3140 2120 ῥηθεὶς
3185 2049 3446 2118 δημόσιος
3493 2045 3829 2112 ἀνακαλῆται
3877 2045 3943 2096 τὸ

673 2141 889 2195 Caesare
917 2151 1145 2209 repetat,
1178 2142 1408 2211 ejusque
1453 2145 1810 2211 recuperandi
1844 2146 2046 2213 justam
2098 2156 2252 2213 pote-

2364 2145 2492 2199 ῐδιον
2516 2145 2724 2196 δίκαιον
2754 2145 2862 2196 ἀπδ
2900 2142 3212 2210 Αὐγούστου
3246 2141 3548 2210 Καίσαρος,
3583 2138 3679 2190 καὶ
3718 2137 3943 2189 δικαιῶ-

672 2243 868 2287 statcm
907 2233 1123 2288 habeat.
1155 2233 1288 2288 Nam
1325 2237 1596 2304 permulta
1645 2247 1795 2301 sunt,
1841 2253 1961 2304 qua:
1997 2238 2249 2307 probant,

2361 2257 2450 2292 ται
2505 2239 2634 2309 περὶ
2664 2237 2764 2309 τὴν
2793 2237 2987 2290 τούτου
3021 2235 3312 2304 ἀνάληψιν.
3350 2233 3530 2287 Πολλά
3576 2233 3684 2302 γάρ
3735 2231 3841 2283 είσι
3874 2231 3945 2284 τὰ

673 2342 834 2394 posse
858 2327 1046 2381 fiscum
1085 2329 1316 2382 onmiuo
1345 2343 1441 2382 sua
1484 2340 1745 2397 repetere.
1797 2330 2062 2392 Primum,
2107 2331 2251 2399 quod

2363 2333 2701 2386 συνιστῶντα
2721 2329 2909 2382 τοῦτον
2933 2327 3185 2397 ὲκζητείν
3217 2326 3287 2380 δι’
3311 2327 3434 2379 ὅλου
3465 2324 3536 2378 τὰ
3561 2324 3688 2378 ἴδια·
3721 2323 3945 2393 πρῶτον

673 2417 920 2472 sufﬁcere
951 2433 1058 2472 non
1092 2418 1268 2488 possit
1303 2421 1624 2488 imperator,
1671 2419 1739 2474 ad
1800 2436 1961 2489 quem
1993 2423 2086 2490 jus
2133 2423 2254 2490 ejus

2365 2426 2484 2496 μὲν,
2519 2424 2580 2477 τὸ
2616 2424 2689 2492 μὴ
2721 2421 2988 2475 δύνασθαι
3020 2421 3271 2489 ἐξαρκεῖν
3298 2419 3390 2471 τὸν
3412 2417 3723 2488 κρατοῦντα
3746 2414 3943 2469 τούτου

674 2517 906 2577 spectat,
964 2507 1043 2562 illi
1100 2511 1196 2564 toti
1245 2509 1328 2564 vel
1373 2509 1742 2578 inspiciundo,
1777 2511 1859 2563 vel
1888 2510 2250 2574 observando,

2365 2518 2590 2586 βασιλέα
2615 2514 2795 2569 πάντα
2823 2515 3032 2566 ἐκεῖνον
3061 2509 3492 2565 ὲπισκόπτεσθαι
3519 2509 3613 2562 καὶ
3636 2510 3941 2578 ἐπιτηρεῖν,

676 2609 894 2669 propter
925 2601 1321 2668 occupationes
1346 2610 1400 2654 et
1444 2616 1608 2655 curas
1635 2601 1703 2654 de
1735 2601 2013 2670 republica
2051 2603 2252 2666 varias,

2361 2609 2448 2660 διὰ
2477 2608 2536 2660 τὸ
2571 2607 2937 2679 πολυάσχολον
2986 2606 3080 2657 καὶ
3113 2603 3571 2672 πολυφρόντιστον
3609 2600 3704 2654 τοῦ
3735 2598 3942 2663 κοινοῦ,

675 2710 892 2764 quoque
941 2695 1406 2750 scilil..'i'.::diuibus
1454 2694 1681 2748 inﬁnitis
1734 2694 1975 2763 undique
2015 2695 2253 2748 circum-

2364 2703 2458 2754 καὶ
2494 2701 2555 2754 τὸ
2603 2703 2824 2772 μυρίαις
2857 2699 3196 2767 πανταχόθεν
3225 2693 3728 2766 περιστοιχίζεσθαι
3780 2708 3945 2760 φρον-

675 2789 838 2842 «latus
887 2788 979 2842 sit.
1030 2787 1256 2853 Deinde,
1303 2785 1448 2855 quod
1507 2787 1622 2840 ﬁsci
1667 2787 1793 2855 jura
1847 2789 1899 2840 in
1946 2788 2257 2855 provincias

2364 2795 2524 2847 τίσινο
2558 2794 2750 2846 ἔπειτα
2783 2793 2862 2857 δὲ,
2889 2793 2951 2845 τὸ
2981 2790 3289 2844 ἀνατιθέναι
3324 2787 3391 2840 τὰ
3426 2786 3619 2840 τούτου
3645 2787 3756 2846 τοῖς
3786 2784 3946 2852 £559-

675 2880 936 2935 euntibus
989 2880 1261 2948 imponat.
1318 2876 1472 2933 Unde
1545 2877 1894 2932 manifestum
1954 2887 2058 2942 est,
2109 2879 2254 2946 quod

2365 2887 2612 2957 χομένοις
2645 2887 2724 2948 είς
2753 2887 2818 2938 τὰ
2848 2885 3081 2951 θέματα.
3121 2882 3285 2935 Ὅθεν
3333 2880 3493 2950 δῆλόν
3525 2881 3696 2942 ἐστιν,
3730 2877 3806 2938 ὡς
3838 2877 3945 2929 ὅσα

677 2987 1014 3044 quaecunque
1078 2972 1154 3026 illi
1197 2981 1368 3034 recte,
1425 2986 1489 3025 ac
1544 2971 1714 3039 juste,
1764 2986 1864 3026 nec
1900 2973 1965 3026 ad
2013 2971 2255 3026 circum-

2370 2980 2466 3047 μὲν
2496 2977 2543 3029 οἱ
2588 2975 2824 3028 τοιοῦτοι
2855 2973 3053 3036 καλῶς,
3094 2972 3190 3023 καὶ
3243 2971 3382 3040 μετὰ
3423 2968 3791 3036 δικαιοσύνης.
3844 2964 3945 3020 καὶ

679 3068 1029 3136 scriptionem
1077 3080 1142 3120 ac
1185 3065 1434 3119 fraudem
1471 3065 1585 3118 fisci
1638 3064 1868 3126 faciunt,
1914 3065 2072 3119 ﬁrma
2099 3064 2252 3118 sint:

2370 3073 2445 3137 μὴ
2479 3069 2615 3138 πρὸς
2647 3065 2997 3137 περιγραφὴν
3042 3061 3206 3115 αὑτοῦ
3256 3059 3522 3122 ποιοῦσιν,
3564 3055 3738 3124 παγία
3777 3049 3943 3106 εἶναι·

676 3173 798 3228 qua:
830 3173 958 3213 vero
985 3158 1063 3212 sic
1092 3165 1407 3227 comparata
1441 3171 1546 3210 non
1579 3165 1729 3221 sum,
1760 3156 1880 3211 sine
1906 3161 2104 3211 robore
2141 3173 2257 3211 ma-
2286 3189 2330 3250 Ο

2292 3189 2330 3250 C
2367 3161 2435 3214 τὰ
2460 3161 2516 3213 δὲ
2550 3160 2622 3230 μὴ
2661 3158 2834 3221 οὑτως
2864 3157 3077 3228 ἔχοντα,
3114 3155 3380 3223 ἀνίσχυρα
3434 3149 3674 3220 μενοῦσι.
3724 3146 3947 3250 bimae

681 3260 866 3305 ncaut.
911 3248 1007 3305 Vel
1051 3251 1266 3320 potius,
1304 3249 1352 3305 si
1406 3249 1537 3316 quid
1574 3250 1862 3303 dicendum
1918 3265 2016 3318 pro
2080 3250 2256 3314 ﬁsco,
2293 3241 2330 3250 “

2294 3241 2330 3250 ν
2366 3254 2443 3318 δὲ,
2477 3256 2526 3306 εἰ
2556 3254 2661 3322 χρή
2696 3270 2748 3304 τι
2785 3251 2880 3304 καὶ
2919 3249 3060 3319 ὑπὲρ
3100 3246 3192 3299 τοῦ
3230 3245 3492 3314 δημοσίου
3525 3245 3721 3304 εἰπεῖν,
3755 3241 3888 3293 ὅταν
3918 3241 3949 3292 ὁ

681 3357 804 3394 cum
829 3341 1064 3395 voluerit
1101 3341 1423 3408 imperator,
1475 3339 1792 3392 facultatem
1826 3337 1985 3392 habet
2016 3340 2105 3392 illa
2139 3356 2257 3408 per-

2365 3344 2671 3414 βασιλεύειν
2699 3341 2878 3412 λαχὼν
2898 3339 3202 3410 βουληθείη,
3235 3337 3302 3390 ἵν’
3329 3336 3426 3406 ἔχῃ
3450 3335 3536 3387 ἐπ’
3556 3334 3740 3393 ἀδείας
3767 3331 3948 3383 ταῦτα

683 3433 946 3502 sequendi
997 3447 1060 3486 ac
1131 3441 1292 3501 prout
1360 3431 1460 3499 ipsi
1533 3430 1730 3498 placet,
1787 3431 2097 3483 ordinandi.
2153 3429 2259 3484 Nec

2363 3436 2568 3505 ζητεῖν,
2627 3436 2719 3487 καὶ
2788 3434 2862 3495 ὼς
2930 3431 3159 3501 ὀρεστὸν
3209 3429 3390 3498 αὐτῷ.
3449 3425 3624 3479 ταυτα
3685 3425 3937 3477 διοικεῖν.

686 3524 928 3593 alioquin
962 3523 1234 3576 accidisse
1285 3521 1615 3590 reperietur,
1663 3519 1810 3589 quod
1859 3537 2131 3573 annorum
2194 3537 2260 3574 XL

2368 3529 2576 3589 Ἀἷιιλως
2621 3545 2678 3580 τε
2718 3527 2773 3580 δὲ
2828 3526 2950 3578 οὑδὲ
3004 3522 3385 3591 εὑρεθήσεται,
3435 3520 3510 3581 ὡς
3553 3517 3948 3586 ἀπερισκόπως

684 3627 901 3685 tempus
952 3617 1003 3668 iu
1061 3615 1413 3668 observatum
1449 3612 1737 3676 cﬂluxerit,
1783 3622 1837 3664 ct
1869 3614 2013 3681 quod
2057 3614 2259 3665 interea

2363 3616 2898 3689 τεσσαρακονταετία
2925 3615 3132 3684 διῆλθε,
3167 3613 3258 3666 καὶ
3308 3612 3410 3664 οὑκ
3440 3609 3665 3677 ἐξῆλθεν
3698 3608 3947 3675 ἐπόπτης

685 3722 795 3761 non
831 3707 1030 3761 exierit
1076 3707 1374 3775 inspector,
1410 3715 1504 3758 aut
1551 3705 1750 3772 aliquis
1775 3705 2098 3773 augustalis,
2148 3704 2260 3758 ﬁsci

2365 3711 2720 3780 ἢβασιλικὸς,
2773 3709 3025 3778 ζητήσων
3075 3707 3135 3759 τὸ
3165 3705 3258 3758 τοῦ
3307 3703 3568 3772 δημοσίου
3601 3701 3830 3754 δίκαιον.
3884 3700 3948 3751 ΕΞ

684 3801 775 3866 jus
838 3809 1253 3867 persecuturus.
1300 3795 1358 3849 Si
1396 3811 1524 3849 vero
1555 3797 1678 3850 talis
1718 3796 1994 3865 quispiam
2032 3797 2098 3848 ad
2135 3811 2264 3850 con-

2363 3805 2421 3857 δὲ
2451 3805 2478 3854 ό
2506 3801 2744 3863 τοιοῦτος
2771 3799 2908 3869 πρὸς
2940 3797 3200 3851 σύστασιν
3233 3794 3328 3847 καὶ
3367 3793 3428 3846 τὸ
3457 3789 3844 3846 ἀνακαλεῖσθαι
3881 3791 3949 3841 τὰ

688 3891 1058 3946 servationem
1111 3905 1175 3944 ac
1224 3889 1601 3959 repetitionem
1651 3888 1858 3958 jurium
1893 3887 2006 3942 ﬁsci
2038 3889 2262 3951 missus,

2367 3893 2462 3946 τοῦ
2493 3892 2756 3961 δημοσίου
2805 3887 3269 3954 ἀποστελλόμενος
3299 3883 3504 3945 δίκαια,
3547 3880 3949 3948 αἰσχροκερδὴς

688 3983 862 4052 turpis
888 3982 1023 4035 lucri
1061 3981 1294 4050 cupidus
1319 3995 1384 4034 ac
1424 3978 1807 4034 fraudulentus
1843 3979 2172 4042 inveniatur,
2213 3990 2267 4034 et

2367 3987 2462 4038 καὶ
2512 3983 2729 4054 δολερὸς
2782 3981 3192 4051 εὑρισκόμενος,
3242 3976 3460 4046 παρορᾷ
3509 3974 3607 4043 μὲν
3651 3972 3714 4024 τὸ
3771 3971 3950 4024 ταῦτα

687 4091 877 4130 corum
908 4075 1316 4145 inquisitionem
1367 4088 1430 4127 ac
1478 4073 1880 4140 reparationem
1915 4071 2171 4140 negligat,
2215 4081 2268 4126 et

2369 4079 2648 4146 ἐπιζητεῖν
2703 4075 2797 4128 καὶ
2859 4071 3250 4143 ἀναρρύεσθαι,
3314 4067 3672 4132 πλεονεκτικῇ
3737 4064 3795 4116 δὲ
3851 4065 3950 4116 καί

687 4185 854 4224 avaro
888 4169 1246 4238 improhoque
1273 4166 1457 4220 animo
1500 4167 1748 4234 proditor
1775 4165 1984 4235 jurium
2018 4165 2139 4234 ejus
2171 4181 2267 4234 po-

2374 4170 2625 4241 μοχθηρᾷ
2665 4169 2861 4238 γνώμῃ
2903 4163 3168 4236 προδότης
3217 4160 3419 4231 μᾶλλον
3468 4158 3574 4210 τῶν
3621 4156 3834 4209 ἐκείνου
3868 4155 3957 4208 δι.

690 4260 801 4313 tius
831 4273 951 4312 esse
981 4258 1131 4311 visus
1165 4257 1360 4321 fuerit;
1415 4271 1523 4310 non
1585 4266 1868 4325 pr0pterea
1908 4258 2074 4310 fiscus
2101 4271 2266 4312 causa

2372 4261 2542 4313 καίων
2576 4259 2846 4327 ἀναφανῇ,
2883 4255 3038 4308 οὐδὲν
3077 4253 3230 4320 παρὰ
3273 4249 3434 4302 τοῦτο
3479 4246 3953 4316 κατακριθήσεται

691 4366 788 4405 sua
820 4352 996 4412 cadet.
1016 4350 1108 4418 qui
1138 4347 1229 4417 jus
1251 4363 1413 4402 suum
1446 4363 1745 4417 numquam
1782 4347 2036 4416 persequi
2057 4346 2265 4402 deﬁnit.

2371 4355 2399 4405 ό
2424 4352 2704 4421 δημόσιος,
2739 4351 2766 4402 ό
2829 4349 3102 4419 μηδέποτε
3152 4346 3502 4414 παυσάμενος
3540 4345 3601 4395 τὸ
3646 4343 3846 4413 ἑαυτοῦ
3875 4343 3953 4395 δί-

691 4448 870 4513 .-\tque
915 4443 1019 4497 hoc
1070 4456 1259 4495 revera
1288 4439 1450 4494 factis
1508 4439 1641 4506 ipsis
1693 4437 1955 4506 majestas
2005 4453 2125 4492 mea
2169 4438 2265 4491 de-

2374 4462 2525 4496 καιον
2579 4443 2849 4510 ἑκζητεῖν.
2905 4441 3015 4494 Καὶ
3059 4438 3220 4491 τοῦτο
3266 4437 3353 4488 ἐπ’
3388 4436 3565 4488 αὐτῶν
3612 4435 3721 4486 τῶν
3768 4434 3953 4502 ἔργων

692 4535 1001 4604 prehendit,
1037 4534 1183 4604 quod
1216 4542 1336 4586 tum
1390 4534 1751 4599 inspectores,
1795 4542 1907 4584 tum
1958 4531 2048 4584 alii
2083 4546 2268 4585 curam
2305 4539 2347 4593 ι)

2305 4539 2348 4593 D
2379 4536 2783 4608 πραγματικῶς
2813 4528 2973 4601 εὗρεν
3009 4533 3042 4601 ἡ
3075 4529 3320 4600 βασιλεία
3372 4545 3497 4596 μου,
3534 4527 3607 4586 ὡς
3639 4526 3732 4578 καὶ
3772 4527 3823 4578 οἱ
3854 4529 3952 4578 ἑπ-

696 4629 808 4684 tisci
841 4637 1112 4699 gerentes,
1150 4627 1244 4695 qui
1275 4625 1340 4678 ad
1377 4623 1720 4694 prmstandas
1757 4639 1954 4692 operas
2005 4625 2268 4678 emittun—

2374 4633 2558 4693 όπται,
2586 4630 2680 4681 καὶ
2705 4629 2752 4680 οἱ
2780 4627 2956 4689 ἄλλως
2982 4622 3364 4695 προνοούμενοι
3394 4621 3488 4672 τοῦ
3518 4619 3804 4688 δημοσίου,
3858 4621 3959 4672 καὶ

697 4737 807 4790 tur,
845 4722 1090 4778 inﬁnitas
1150 4721 1416 4774 adversus
1465 4735 1588 4773 cum
1648 4717 1872 4773 fraudes
1928 4717 2268 4784 excogitcnt;

2374 4727 2452 4786 εἰς
2496 4721 2740 4783 δουλείας
2787 4715 3281 4783 ἀποστελλόμενοι,
3336 4713 3563 4783 μυρίους
3619 4712 3742 4764 κατ’
3785 4711 3958 4763 αὑτοῦ

695 4818 948 4886 quodque
987 4815 1146 4884 pauci
1196 4813 1561 4882 reperiantur,
1604 4812 1698 4882 qui
1747 4811 2018 4865 mendatis
2069 4810 2273 4865 nostris

2374 4816 2721 4886 τεχνάζονται
2770 4811 2976 4870 δόλους,
3012 4807 3105 4861 καὶ
3131 4804 3303 4873 ὀλίγοι
3353 4805 3722 4874 εὑρίσκονται,
3764 4807 3814 4856 oi
3855 4805 3958 4867 τας

699 4911 749 4963 in
782 4901 1040 4965 Omnibus
1065 4922 1188 4977 quas
1227 4906 1370 4960 dicta
1407 4914 1556 4972 sunt,
1579 4903 1948 4960 satisfaciant.

2377 4906 2701 4978 προστάξεις
2743 4901 2897 4972 ἡμῶν
2930 4895 3335 4968 ἐκπληροῦντες
3365 4896 3458 4947 ἐπὶ
3491 4896 3625 4947 πᾶσι
3653 4896 3768 4955 τοῖς
3799 4896 3961 4963 εἱρη-

2381 5002 2580 5070 μένοις.

771 5094 826 5150 5.
876 5093 950 5147 De
976 5093 1279 5146 Ιιοηιὶεἱαὶο.
1313 5120 1380 5131 -
1429 5089 1545 5144 lloc
1597 5103 1821 5160 quoque
1863 5088 2163 5151 sancimus,
2219 5096 2276 5140 ut

2448 5086 2508 5140 ε’.
2547 5086 2683 5152 Περὶ
2713 5087 2927 5152 φόνοιο.
2954 5113 3019 5123 --
3051 5081 3158 5134 Καὶ
3181 5079 3338 5132 τοῦτο
3363 5075 3714 5143 θεσπίζομεν·
3740 5075 3790 5125 εί
3818 5075 3967 5142 τάλα.

701 5186 915 5242 tametsi
948 5193 1031 5240 te;
1070 5183 1248 5254 prisca
1279 5199 1369 5246 sit,
1425 5197 1535 5253 qua
1595 5182 2056 5252 protospatharii,
2094 5192 2148 5235 et
2193 5181 2277 5234 his

2383 5184 2476 5235 καὶ
2507 5180 2666 5247 νόμος
2696 5176 2921 5237 παλαιός
2947 5175 3088 5238 ἐστι,
3117 5173 3244 5232 τοὺς
3271 5164 3824 5240 πρωτοσπαθαρίους,
3863 5166 3968 5216 καὶ

704 5279 1036 5349 superiores,
1065 5275 1119 5330 in
1144 5274 1727 5345 homicidiipiacI-lum-
1748 5275 2072 5336 incidentes,
2105 5285 2277 5327 morte

2381 5274 2505 5333 τοὺς
2550 5270 2807 5337 ἀνωτέρω
2846 5265 3077 5328 τούτων,
3129 5262 3207 5331 τῷ
3265 5259 3472 5330 φονικῷ
3521 5259 3968 5326 περιπίπτοντας

705 5387 812 5425 non
837 5371 1169 5432 afficiuntur,
1223 5368 1321 5422 sed
1357 5367 1588 5421 infames
1633 5368 1786 5431 liuut,
1825 5376 1878 5419 ct
1918 5366 2020 5418 alia
2066 5367 2278 5434 patiun-

2389 5365 2568 5434 μύσει,
2603 5363 2675 5432 μὴ
2698 5359 3084 5427 ἀποθνήσκει-ι,
3123 5355 3235 5408 ἀλλ’
3263 5351 3614 5421 ἀτιμοῦσθαι,
3642 5349 3970 5402 πανθαίνειν

709 5476 818 5524 tur,
851 5475 1212 5531 qua-cunque,
1249 5461 1338 5514 illa
1391 5459 1506 5528 lege
1537 5468 1739 5514 statuta
1769 5467 1898 5513 sunt
1926 5476 1938 5511 :
1971 5467 2150 5511 tamen
2181 5456 2278 5519 illi,

2386 5452 2717 5529 [παθαίνειν]
2749 5469 2805 5504 τε
2838 5452 2932 5503 καὶ
2961 5450 3117 5512 ἀλλα,
3145 5449 3244 5500 ὅσα
3271 5445 3348 5514 τῷ
3371 5445 3522 5514 νόμῳ
3554 5442 3746 5510 ἐκείνῳ
3771 5441 3970 5509 διηγόο

709 5556 800 5619 qui
833 5555 1009 5625 palam
1047 5552 1326 5607 homicidii
1353 5552 1778 5616 convincuntur,
1816 5559 1869 5603 et
1894 5549 2051 5603 dolos
2084 5546 2279 5609 malos,

2388 5561 2595 5616 ρευται·
2628 5543 2742 5597 ἀλλ’
2771 5539 2862 5595 οὖν
2891 5542 3017 5604 τοὺς
3047 5538 3295 5608 φανερῶς
3330 5535 3717 5605 ἐλεγχομένους
3756 5536 3966 5598 φονεῖς,

711 5657 805 5701 aut
836 5646 1266 5714 conjurationes,
1317 5653 1411 5698 aut
1465 5643 1744 5709 improbas
1797 5640 2128 5702 molitiones,
2192 5651 2283 5692 aut

2390 5642 2480 5693 καὶ
2515 5639 2720 5699 δόλους,
2754 5639 2785 5705 ἢ
2828 5635 3194 5703 συνωμοσίας,
3223 5633 3255 5700 ἢ
3293 5630 3582 5690 συσκευας,
3619 5627 3654 5696 ἢ
3687 5625 3975 5689 ἐπιθέσεις

714 5740 1046 5807 imposturas
1079 5739 1145 5793 ad
1183 5737 1504 5792 detestabile
1538 5735 1753 5789 ‘aciuus
1787 5735 1887 5788 hoc
1919 5741 2160 5793 struunt,
2193 5744 2284 5786 aut

2394 5733 2525 5799 πρὸς
2558 5731 2614 5781 τὸ
2649 5729 2846 5796 μύσους
2876 5729 3023 5792 ἀξιον
3055 5725 3211 5778 τοῦτο
3243 5725 3402 5792 ἔργον
3436 5720 3745 5780 ποιοῦντας,
3777 5718 3811 5787 ἦ
3845 5719 3981 5779 τοὺς

713 5845 936 5900 opetatn
971 5833 1072 5888 sibi
1114 5839 1409 5886 navaturos
1449 5828 1512 5883 ad
1556 5828 1606 5882 id
1642 5827 1889 5899 nequiter
1932 5825 2282 5896 persuadent,

2392 5823 2869 5894 ύπηριτουμένσνς
2917 5821 3100 5882 αὐτοῖς
3155 5815 3613 5886 παραπείθοντας,
3649 5812 3744 5864 καὶ
3782 5811 3841 5864 τὶ
3876 5829 3979 5861 ποι-
