4190 6534
202 443 308 504 6‘29

1292 431 1656 493 NOVELLdS
1697 432 2370 493 (ZONSTITUTIONES.

3353 430 3461 492 630

205 551 367 620 νηρδν
392 544 766 606 ἐκτελοῦπας,
785 543 1006 604 τούτους
1034 540 1322 611 μηδενὰπὺ
1346 540 1438 593 τοῦ
1470 542 1778 610 ἀξιώματος

1888 548 1931 591 et
1957 540 2134 594 scelus
2155 540 2330 610 ipsum
2352 555 2432 609 pe.
2452 540 2660 600 fieiuut,
2689 541 2895 594 nullunt
2918 556 2981 593 ex
3011 540 3273 609 dignitate
3304 541 3463 608 adju-

203 637 555 710 ωφελεῖσθαι,
595 635 711 688 ἀλλ’
751 634 826 698 ὡς
857 632 1108 699 ἀναξίους
1147 632 1242 686 καὶ
1293 634 1522 702 ἀτίμους
1554 632 1779 696 κολάζε-

204 734 329 788 σθαι
360 733 457 786 καὶ
481 729 867 801 ἀποθνήσκειν.
896 728 1046 800 Πλὴν
1075 727 1236 794 τοῦτο
1252 727 1485 797 λέγομεν
1510 727 1778 795 γίνεσθαι,

202 828 332 882 ὅταν
369 828 401 896 ἡ
443 823 676 892 συσκευὴ
710 825 775 876 ἐκ
812 821 1041 892 μελέτης
1071 822 1162 874 καὶ
1196 820 1366 883 δόλου,
1405 819 1496 872 καὶ
1528 820 1560 889 ὴ
1612 835 1783 871 συνω-

206 921 372 988 μοσία
404 919 496 972 καὶ
518 920 550 986 ἡ
583 916 826 980 ἐπίθεσις
847 915 956 971 ἀπὸ
986 913 1244 985 φανεροῦ,
1275 914 1368 969 καὶ
1401 914 1508 967 ἀπὸ
1543 913 1784 982 πονηρᾶς

204 1010 428 1081 γνώμης
458 1009 766 1079 ὑπάρχωσι,
797 1008 889 1061 καὶ
915 1008 1048 1060 πᾶσι
1076 1007 1382 1076 καταφανὲς
1410 1007 1519 1074 εἴη,
1547 1005 1620 1068 ὼς
1653 1022 1784 1076 προ.

203 1104 403 1171 τροπῇ,
442 1100 535 1153 καὶ
571 1099 875 1152 συναινέσει
919 1098 1015 1152 καὶ
1046 1097 1247 1169 εἰδήσει
1280 1097 1481 1162 αὐτῶν,
1518 1096 1624 1148 εἴτε
1657 1096 1785 1158 λαὸς

205 1193 462 1262 συνέστη,
515 1192 609 1246 καὶ
662 1191 939 1262 προϐάντα
985 1191 1145 1260 φόνον
1191 1192 1512 1260 ἐνήργησεν,
1570 1191 1677 1243 εἴτε
1735 1191 1784 1241 oi

206 1283 640 1354 ὑπηρετσύμενοι
681 1282 858 1338 αὐτῶν
895 1281 1123 1354 [αὐτοῖς]
1168 1280 1256 1334 διὰ
1297 1281 1394 1352 τὴν
1426 1282 1782 1353 προὺπᾶρξαο

209 1393 309 1430 σαν
345 1376 512 1446 μέσον
540 1375 719 1430 αὐτῶν
753 1392 812 1427 τε
861 1376 955 1426 καὶ
998 1373 1093 1426 τοῦ
1131 1372 1480 1442 φονευθέντος
1513 1373 1786 1442 διαμάχην

207 1469 300 1520 καὶ
356 1466 688 1534 φιλονεικίαν
735 1464 923 1516 τοῦτον
975 1463 1249 1527 ἐτέλεσαν,
1305 1461 1336 1531 ἢ
1388 1462 1542 1514 αὖτοὶ
1592 1463 1787 1514 ἐκεῖνοι

207 1558 579 1628 οἱκειοχείρως
613 1559 672 1610 τὸ
698 1556 936 1609 τοιοῦτον
969 1556 1208 1625 ἄθεσμον
1249 1555 1407 1625 ἔργον
1440 1552 1785 1623 εἰργάσαντο,

205 1651 239 1720 ἢ
284 1650 478 1710 ἄλλους
520 1649 788 1716 γειωστοῦς
840 1651 1024 1711 αὐτοῖς
1084 1648 1176 1700 καὶ
1226 1647 1413 1716 φίλους
1444 1645 1787 1718 παρέπεισαν

204 1739 365 1794 τοῦτο
399 1739 817 1813 διαπράξασθαι.

277 1932 354 1990 ς’.
398 1926 535 1994 Περὶ
580 1925 700 1980 τῶν
739 1929 1238 1995 χρυσοὸούλλων.
1274 1955 1342 1966 -—
1385 1928 1506 1978 Ἐπὶ
1553 1929 1684 1979 πᾶσι
1731 1926 1786 1978 δὲ

207 2020 321 2080 τοῖς
388 2018 646 2089 ἀνωτέρω
695 2020 1010 2089 εἰρημένοις
1061 2018 1408 2090 διοριζόμεθα
1461 2020 1558 2071 καὶ
1605 2019 1785 2071 τοῦτο’

220 2109 377 2162 Ἐπεὶ
408 2112 500 2163 καὶ
540 2109 930 2180 χρυσοϐούλλια
977 2110 1147 2164 πολλὰ
1183 2110 1494 2179 γεγόνασιν,
1539 2112 1632 2179 ἀφ’
1661 2106 1720 2166 οὗ
1753 2113 1785 2183 ἡ

210 2202 460 2270 βασιλεία
503 2203 665 2272 ἡμῶν
711 2205 809 2274 τῆς
855 2205 1328 2274 σῦτοκρατορικῆς
1371 2205 1542 2274 ἐπέϐη
1590 2206 1784 2276 ἀρχῆς,

212 2294 408 2363 μέχρις
434 2285 495 2345 οὗ
525 2296 552 2346 ὁ
580 2294 840 2365 πρόεδρος
865 2294 1146 2358 Βασίλειος
1171 2295 1265 2350 καὶ
1287 2296 1788 2366 παρακοιμὼμενος

208 2384 439 2453 κατέϐη,
469 2386 548 2446 είς
567 2385 624 2437 δὲ
648 2386 770 2447 τοὺς
798 2384 1070 2448 τοιούτους
1092 2387 1315 2456 χρόνους
1338 2389 1399 2440 οὐ
1431 2387 1497 2440 τὰ
1527 2387 1790 2441 δοκοῦντα

206 2481 340 2550 ἡμῖν
371 2479 601 2546 ἐγίνετο,
646 2478 759 2531 ἀλλ’
791 2480 822 2550 ἡ
856 2479 1066 2533 ἐκείνου
1102 2483 1160 2533 ὲν
1204 2482 1338 2533 πᾶσι
1382 2480 1600 2552 θέλησις
1635 2484 1788 2552 ἐνερο

206 2573 356 2637 γεῖτο
383 2570 476 2623 καὶ
509 2570 824 2641 πρόσταξις,
872 2570 1352 2642 παρακελευόμεθα
1383 2571 1450 2624 τὰ
1473 2574 1530 2624 ὲν
1559 2571 1789 2635 ἐκείνοις

207 2667 319 2726 τοῖς
364 2664 577 2734 χρόνοις
613 2664 879 2734 γενόμενα
931 2664 1342 2734 χρυσοϐούλλια,
1383 2665 1558 2720 πάντα
1611 2666 1789 2734 ἄκυρα

213 2756 394 2826 μένειν
438 2758 532 2810 καὶ
557 2756 915 2827 ἁνενέργηταο
949 2756 1047 2810 ὅσα
1093 2755 1334 2826 δηλονότι
1381 2759 1455 2826 μὴ
1491 2755 1787 2825 προεκομί-

209 2849 418 2916 σθησαν
449 2849 588 2916 μετὰ
611 2847 768 2901 τοῦτο
792 2850 856 2918 τῇ
899 2847 1147 2918 βασιλείᾳ.
1183 2865 1308 2917 μου,
1355 2849 1450 2901 καὶ
1492 2849 1572 2911 τὸ,
1625 2848 1790 2900 ΕΠΙ-

209 2938 397 2991 ΙἮΘΗ
448 2940 507 2991 ὲν
559 2939 743 3001 αὐτοῖς
771 2939 1008 3009 ἐγράφη.
1057 2937 1117 2991 ⁸11
1169 2939 1278 3008 γὰρ
1325 2938 1571 3008 βασιλεία
1609 2939 1789 3007 ήμῶν,

208 3030 371 3098 ἡνίκα
400 3031 491 3083 τὸν
535 3030 841 3100 δηλωθέντα
875 3030 1134 3102 πρόεδρον
1162 3031 1255 3083 καὶ
1300 3028 1792 3100 παρακοιμώμενον

211 3120 554 3184 κατεδίκασε,
599 3121 893 3192 πρόσταξιν
924 3121 1156 3188 ἐξέθετο,
1203 3122 1291 3176 ἴνα
1339 3121 1540 3186 πάντες
1581 3123 1651 3174 τὰ
1681 3139 1791 3174 τοι-

209 3211 350 3264 αὕτα
411 3212 815 3283 προκομίσωσι,
867 3214 963 3266 καὶ
1010 3212 1267 3276 δέξωνται
1324 3211 1636 3282 βεϐαίωσιν,
1694 3210 1858 3309 τοῦς

213 3304 540 3357 ΕἸἪΡΗΘΗ
573 3305 910 3376 οἰκειοχείρῳ
959 3305 1117 3374 ἡμῶν
1146 3307 1330 3376 γραφῇ
1355 3305 1781 3376 προστιθεμένου

210 3399 265 3449 ἐν
298 3400 410 3459 τοῖς
441 3397 724 3458 τοιούτοις.
770 3400 906 3451 Ὅσα
937 3399 992 3452 δὲ
1019 3399 1078 3451 οὗ
1127 3398 1632 3469 προεκομίσθησαν,
1663 3398 1784 3452 οὐδὲ

209 3488 464 3553 ἐδέξαντο
485 3489 582 3558 τὴν
611 3488 922 3559 βεϐαίωσιν,
950 3491 1135 3559 ἄκυρα
1164 3491 1258 3543 καὶ
1281 3489 1514 3543 ἀϐέϐαια
1538 3489 1782 3544 ἔστωσαν

209 3583 280 3642 ὼς
321 3581 453 3633 νόθα
493 3587 586 3634 καὶ
615 3581 804 3650 ψευδῆ.
836 3582 912 3651 ,ΕΞ
953 3582 1060 3651 γὰρ
1085 3582 1258 3653 ἀληθῆ
1289 3579 1451 3653 ἦσαν,
1485 3584 1782 3652 προεκομί-

214 3673 416 3743 σθησαν
447 3672 510 3725 ἂν
542 3672 693 3741 παρὰ
725 3673 832 3726 τῶν
866 3674 1097 3743 ἑχόντων
1125 3673 1280 3726 αὑτά.

279 3950 343 4014 ζ’.
372 3949 696 4002 Τελευταῖον
725 3947 780 4000 δὲ
808 3949 900 4000 καὶ
930 3950 988 4000 τὸ
1018 3950 1144 4025 περὶ
1168 3949 1261 4002 τοῦ
1299 3950 1506 4003 δικαίου
1543 3951 1648 4004 τῶν
1675 3970 1782 4006 πα-

213 4039 492 4109 νηγύρεων
526 4037 852 4090 στασιασθὲν
909 4035 1211 4107 βουλόμεθα
1255 4040 1352 4105 τὴν
1393 4040 1781 4109 προσήκουσαν

209 4131 358 4195 τάξιν
397 4130 603 4198 λαχεῖν.
664 4127 818 4178 Ἐπεὶ
860 4128 967 4196 γὰρ
1011 4128 1310 4199 ἐδεήθησάν
1367 4148 1511 4194 τινες
1563 4131 1781 4200 διεγκα-

211 4221 454 4286 λοῦντες,
501 4221 577 4285 ὼς
630 4221 865 4276 ἔκπαλαι
919 4223 1027 4274 τῶν
1075 4220 1280 4290 χρόνων
1328 4222 1563 4291 ἐχόντων
1604 4225 1781 4276 αὐτῶν

208 4314 516 4382 πανήγυριν
551 4312 945 4383 συνισταμένην
979 4315 1036 4364 ἐν
1082 4315 1195 4377 τοῖς
1240 4314 1389 4377 ἰδίοις
1427 4316 1633 4380 “imit
1677 4318 1782 4385 ἀνθ’

212 4407 463 4458 ίστανται
491 4404 696 4460 τούτων
724 4407 816 4457 καὶ
842 4404 1216 4474 ἀναχωροῦσιν
1243 4407 1291 4457 οἱ
1321 4405 1418 4476 τὴν
1471 4411 1781 4480 πανήγυριν

211 4497 572 4556 συνιστῶντες
600 4496 1040 4566 πραγματευτα),
1080 4497 1173 4548 καὶ
1203 4497 1328 4558 τοὺς
1369 4496 1492 4564 μὲνο
1513 4498 1778 4561 παλαιοὺς

1887 638 2127 683 mentum
2147 631 2386 700 capiant;
2408 632 2500 685 sed
2524 641 2780 701 tanquam
2809 632 2896 684 illa
2920 630 3126 702 indigni
3149 638 3203 684 et
3231 629 3462 684 infames

1886 721 2202 790 puniantur,
2221 739 2283 776 ac
2309 727 2500 778 mortis
2517 723 2847 793 supplicium
2871 722 3066 777 ferant.
3091 723 3341 776 Attamen
3361 722 3464 775 hoc

1885 811 2002 867 fieri
2035 820 2165 868 tunc
2195 813 2393 868 debere
2433 816 2696 881 dicimus,
2757 831 2882 871 eum
2940 816 3203 870 insidiosa
3251 816 3460 869 molitio

1887 907 2291 977 proliseiscitur
2331 922 2357 960 a
2388 907 2513 960 dolo
2554 906 2836 970 meditato,
2872 916 2924 961 et
2956 905 3268 975 conjuratio
3302 914 3466 975 atque

1889 999 2092 1053 invasis
2118 999 2318 1069 palum.
2351 1007 2402 1052 et
2432 998 2680 1067 improbo
2705 998 2921 1053 exsistit
2966 998 3176 1052 animo.
3205 1011 3462 1064 cumque,

1891 1091 2241 1146 manifestum
2297 1097 2380 1146 est.
2439 1089 2716 1151 omnibus,
2776 1091 2921 1160 quod
2990 1089 3365 1151 hortantibus,
3413 1100 3466 1140 ct

1889 1184 2341 1253 approbantibus,
2390 1193 2443 1238 et
2483 1183 2788 1238 scientibus
2815 1183 2950 1252 ipsis
2977 1193 3063 1237 aut
3104 1182 3340 1252 populus
3369 1195 3465 1234 co-

1891 1277 2067 1340 irerit,
2104 1284 2159 1329 et
2182 1277 2381 1329 aedem
2417 1275 2718 1330 admissam
2769 1274 3159 1344 designat-erit;
3197 1283 3292 1327 aut
3347 1271 3470 1341 qni-

1889 1370 2011 1424 tlatn
2043 1382 2237 1436 operas
2271 1367 2405 1436 ipsis
2432 1376 2694 1420 navantes
2743 1375 2965 1435 propter
3013 1365 3188 1417 rixam
3233 1372 3288 1416 et
3331 1378 3468 1418 con‘

1891 1460 2210 1518 tentionem,
2230 1473 2351 1528 quae
2380 1458 2529 1528 prius
2550 1459 2688 1511 inter
2714 1458 2861 1528 ipsos
2888 1467 2942 1511 et
2963 1457 3206 1511 ncrisum
3237 1455 3467 1509 exstite-

1892 1559 1997 1613 rat,
2023 1565 2148 1603 eum
2176 1550 2546 1612 confecerint;
2583 1561 2676 1604 aut
2717 1551 2862 1619 quod
2907 1550 3126 1619 ipsimet
3174 1563 3268 1600 sua
3304 1562 3465 1599 manu

1892 1644 2105 1697 facinus
2148 1643 2414 1711 ejusmodi
2483 1643 2752 1697 nefarium
2822 1641 3300 1711 perpettaxcrint,
3372 1647 3465 1691 aut

1892 1735 2027 1789 alios
2066 1734 2170 1788 sibi
2203 1745 2384 1801 notos,
2414 1745 2467 1790 et
2508 1737 2739 1797 amicos,
2793 1735 2857 1788 ad
2905 1733 3329 1802 perpetrandum
3371 1730 3465 1781 im-

1896 1827 2154 1896 pulerint.

1961 1919 2012 1972 6.
2041 1917 2115 1972 De
2146 1916 2305 1970 bullis
2342 1917 2541 1970 aureis.
2569 1945 2638 1955 —
2683 1913 2834 1968 Ultra
2871 1929 3001 1967 vero
3030 1915 3173 1966 dicta
3210 1913 3469 1981 superius

1890 2011 2095 2074 omnia,
2129 2010 2231 2064 hoc
2252 2011 2414 2070 etiam
2449 2006 3072 2073 statuimuszQuoniam
3105 2022 3283 2061 aureae
3309 2006 3470 2060 bullae

1890 2104 2076 2157 multae
2105 2101 2268 2156 factae
2295 2109 2446 2163 sunt,
2487 2117 2554 2156 ex
2583 2116 2692 2171 quo
2747 2099 3008 2169 majestas
3044 2109 3232 2154 nostra
3265 2099 3471 2168 princi-

1889 2208 2075 2268 patum
2116 2196 2532 2267 imperatorium
2569 2195 2724 2258 adiit,
2761 2194 3072 2263 usquedum
3133 2209 3333 2262 praeses
3379 2193 3472 2247 ille

1891 2290 2126 2345 Basilius
2157 2298 2212 2344 et
2241 2289 2531 2345 excubitor
2581 2297 2772 2342 noster
2813 2286 3054 2356 dejectus
3117 2285 3244 2349 fuit,
3296 2296 3350 2340 et
3405 2286 3472 2341 iis

1891 2383 2228 2452 temporibus
2265 2396 2374 2436 non
2415 2397 2536 2450 qua:
2566 2380 2724 2434 nobis
2770 2379 3085 2434 viderentur
3116 2379 3347 2440 fiebant;
3376 2380 3472 2432 sed

1891 2477 1942 2531 in
1971 2475 2228 2529 omnibus
2265 2475 2518 2528 voluntas
2567 2471 2763 2540 ipsius.
2812 2479 2866 2525 et
2897 2471 3160 2540 quidquid
3191 2469 3468 2538 jussissct,

1890 2566 2276 2637 perficiebatur
2308 2583 2320 2619 :
2354 2563 2700 2628 mandamus,
2737 2573 3010 2618 utomnes
3033 2562 3138 2616 illis
3165 2562 3320 2616 factae
3347 2571 3432 2615 ten
3456 2593 3474 2604 .

1893 2659 2114 2726 poribus
2145 2671 2324 2711 aureae
2350 2656 2508 2711 bullae
2537 2663 2794 2709 maneant
2822 2655 3011 2717 irritae,
3039 2670 3102 2708 ac
3134 2653 3470 2718 inenicaces;

1893 2759 2022 2816 quot
2046 2750 2255 2804 scilicet
2293 2760 2480 2820 postea
2532 2748 2808 2818 majestati
2866 2763 3001 2802 mete
3055 2749 3335 2817 productae
3361 2762 3469 2800 non

1893 2841 2134 2908 fuerunt,
2189 2855 2243 2897 et
2279 2845 2332 2896 in
2380 2841 2582 2911 quibus
2639 2840 2889 2906 verbum,
2941 2856 3203 2900 sanun.
3233 2856 3340 2895 non
3372 2839 3474 2893 fuit.

1895 2935 2244 3004 inscriptum.
2269 2933 2389 3000 Quo
2432 2934 2577 2988 enim
2617 2942 2860 3002 tempore
2892 2933 3154 3001 majestas
3187 2948 3304 2987 mea
3342 2947 3474 3002 prae-

1894 3026 2064 3081 sidem
2123 3034 2177 3079 et
2242 3025 2619 3080 excubitorcm
2687 3025 2987 3079 iudicatum
3062 3026 3470 3082 condemnavit.

1893 3117 2129 3172 edictum
2166 3117 2382 3186 publice
2416 3117 2724 3186 proposuit,
2763 3127 2823 3170 ut
2859 3116 3046 3170 cuncti
3072 3117 3247 3171 bullas
3272 3132 3470 3171 aureas

1893 3208 2166 3278 ejusmodi
2223 3210 2551 3278 proferrent,
2614 3217 2667 3262 et
2733 3207 3208 3263 confirmationem
3277 3225 3464 3263 earum

1891 3302 2050 3357 talem
2084 3302 2420 3370 acciperent;
2459 3316 2566 3369 qua
2602 3300 2829 3353 verbum
2861 3315 3106 3353 senum
3150 3315 3298 3364 FUIT,
3332 3301 3468 3354 scri-

1890 3405 2046 3464 ptura
2078 3393 2308 3464 proprias
2360 3408 2551 3446 manus
2587 3408 2614 3444 a
2659 3391 2817 3446 nobis
2870 3393 2922 3444 in
2960 3391 3040 3446 eis
3078 3401 3465 3461 apponeretur.

1888 3485 2244 3554 Qumcunque
2279 3499 2408 3538 vero
2435 3482 2714 3552 productae
2746 3497 2855 3535 non
2909 3481 3151 3544 fuerunt,
3198 3498 3297 3537 nec
3327 3497 3460 3536 con-

1887 3577 2247 3632 firmationem
2279 3575 2417 3630 lianc
2448 3575 2842 3637 obtinuerunt,
2901 3574 3070 3628 irritae
3124 3575 3461 3644 minimeque

1887 3673 2054 3725 firmae
2090 3679 2272 3735 sunto,
2305 3669 2473 3724 veluti
2503 3683 2610 3722 non
2633 3667 2883 3737 legium-.2
2910 3677 2963 3721 et
2998 3666 3171 3724 falsae.
3220 3665 3356 3722 Nam
3410 3670 3457 3722 si

1887 3777 2027 3817 vera:
2043 3769 2231 3817 essent
2261 3761 2470 3832 utique,
2497 3760 2564 3814 ab
2601 3760 2727 3826 illis,
2765 3761 2856 3830 qui
2889 3760 3164 3815 habebant
3186 3776 3303 3828 eas,
3333 3775 3462 3830 pro-

1892 3855 2071 3910 ducta:
2101 3853 2356 3910 fuissent.

1967 3966 2246 4023 Postremo
2281 3966 2605 4022 coneiomnn
2639 3966 2964 4021 solemnium
2997 3966 3226 4022 antistiti
3254 3967 3462 4038 locant,

1909 4074 2069 4128 quem
2116 4073 2384 4128 occupare
2414 4059 2593 4122 debet,
2635 4059 3003 4129 assignamus.
3044 4060 3124 4114 Ad
3163 4061 3468 4131 aliquorum

1895 4163 2132 4216 namque
2151 4164 2340 4217 preces
2356 4164 2479 4203 cum
2497 4147 2802 4217 antiquitus
2824 4150 3118 4206 conciones
3145 4153 3196 4205 in
3224 4153 3468 4221 ipsorum

1890 4237 2205 4306 regionibus
2259 4237 2647 4298 celebrassent,
2707 4238 2980 4293 antistites
3024 4240 3136 4309 jam
3191 4242 3240 4295 id
3284 4242 3463 4298 facere

1893 4344 1968 4382 rei
1989 4337 2210 4382 usantes
2231 4329 2640 4388 abscesserunt.
2667 4332 2827 4385 noris
2848 4331 3082 4386 subinde
3105 4335 3466 4391 concionibus

1885 4418 2026 4488 apud
2057 4433 2174 4476 eos.
2212 4435 2448 4490 quorum
2487 4419 2727 4489 hospitio
2774 4421 3093 4488 utebantur,
3136 4424 3315 4479 locum
3367 4427 3464 4481 da-

1887 4504 2014 4559 turi.
2050 4505 2352 4560 Statuimns
2385 4506 2548 4575 igitur
2583 4516 2658 4571 ut,
2697 4507 2916 4576 quando
2954 4509 3059 4564 tale
3093 4511 3221 4580 quid
3254 4513 3464 4568 accide-

206 4587 476 4650 δεσπότας
494 4585 595 4654 τῆς
611 4589 970 4656 πανηγύρεως
991 4588 1232 4656 ἐρήμους
1248 4587 1785 4657 καταλιμπάτουσιν,

1888 4597 1978 4661 rit,
2034 4599 2123 4651 ubi
2179 4613 2372 4668 nempe
2410 4599 2856 4664 concionatores,
2917 4612 3273 4668 mercatores,
3316 4606 3464 4661 indi-

205 4681 261 4731 tv
287 4679 347 4732 δὲ
374 4681 490 4741 τοῖς
538 4679 728 4742 τόποις
783 4680 892 4732 τῶν
932 4681 1346 4749 ὑποδεχομένων
1378 4682 1576 4746 αὐτοὺς
1608 4687 1783 4736 καινί-

205 4770 360 4832 ζουσι
385 4769 486 4840 τὴν
523 4771 864 4840 πανήγυρινθ
908 4770 1222 4840 κελεύομεν,
1256 4771 1412 4842 εἴπερ
1449 4775 1575 4826 ποτὲ
1605 4775 1782 4828 τοιοῦ-

204 4860 294 4912 τόν
319 4876 375 4912 τι
396 4860 644 4929 γένηται,
677 4861 727 4914 εἰ
756 4860 853 4928 μὲν
881 4859 1073 4932 ἀθρόον
1099 4860 1299 4924 πάντες
1321 4863 1412 4914 καὶ
1437 4863 1781 4935 ὁμοθυμαδὸν

205 4955 252 5006 οί
284 4953 692 5023 πανηγυρισταὶ
736 4953 828 5006 καὶ
862 4953 1093 5024 ἔμποροι
1129 4954 1182 5006 οἵ
1212 4971 1271 5006 τε
1318 4955 1639 5025 αὐτόχθονες
1689 4960 1784 5011 καὶ

205 5047 251 5098 0i
284 5044 549 5113 ἐπήλυδες
587 5044 911 5113 ἀφίστανται
941 5045 1038 5115 μὲν
1068 5046 1176 5098 ἀπὸ
1203 5047 1294 5099 τοῦ
1327 5046 1561 5100 παλαιοῦ
1591 5049 1785 5102 δεσπό-

204 5155 294 5191 του
315 5139 415 5206 τῆς
447 5137 832 5208 πανηγύρεως,
855 5138 1246 5208 προσέρχονται
1270 5139 1324 5192 δὲ
1354 5140 1562 5210 ἑτέροις
1594 5143 1779 5205 τόποις

205 5229 542 5294 και-νίζοντες
557 5229 654 5300 τὴν
676 5231 1001 5302 πανήγυριν,
1022 5229 1168 5300 ἔχειν
1191 5232 1389 5294 αὐτοὺς
1421 5230 1482 5285 τὺ
1503 5232 1780 5287 ἀκώλυτον

203 5324 296 5376 καὶ
324 5321 634 5392 ἐλεύθερον,
669 5323 762 5374 καὶ
789 5322 862 5386 ὡς
891 5323 955 5376 ἂν
976 5321 1039 5392 δὴ
1064 5322 1341 5392 βούλονται
1363 5324 1660 5394 διενεργεῖν
1680 5328 1779 5396 τῆς

203 5415 570 5485 πανηγύρεως
620 5415 853 5484 τοπικὴν
911 5414 1242 5482 μετάθεσιν,
1293 5416 1368 5486 μὴ
1425 5418 1778 5488 βιαζομένους

205 5506 444 5570 πάντως,
477 5505 591 5557 ἀλλ’
623 5507 885 5570 ἑκουσίως
932 5507 1028 5560 καὶ
1078 5507 1418 5579 αὐθαιρέτως
1450 5510 1586 5580 πρὸς
1621 5511 1780 5564 τοῦτο

203 5595 561 5664 φερομένους.
604 5597 664 5648 Εἰ
702 5597 758 5649 δὲ
791 5597 1068 5661 διάστασις
1099 5600 1156 5650 ὲν
1193 5602 1306 5662 τοῖς
1339 5603 1776 5670 πανηγυρισταῖς

204 5686 452 5756 γένηται,
500 5688 656 5740 καὶοί
693 5690 789 5758 μὲν
837 5691 1120 5760 αἱροῦνται
1158 5686 1300 5745 εἶναι
1350 5693 1407 5744 ἐν
1455 5687 1535 5756 οἷς
1589 5693 1778 5758 τόποις

207 5777 607 5850 ἂπανηγύριζον
639 5781 728 5832 καὶ
760 5781 1042 5850 πρότερον,
1071 5783 1116 5834 οἱ
1147 5781 1202 5836 δὲ
1229 5782 1431 5836 τούτων
1449 5782 1774 5851 ἀφίστανται

209 5870 294 5920 καὶ
326 5873 458 5940 πρὸς
492 5871 715 5940 ἐτέρους
748 5871 1120 5943 μεθίστανται,
1149 5874 1451 5944 τηνικαῦτα
1484 5873 1540 5930 τὸ
1582 5874 1773 5944 διαφέ-

1887 4705 2035 4759 genze
2082 4699 2176 4744 aut
2218 4691 2412 4756 exteri,
2448 4691 2683 4760 priorem
2723 4693 3006 4763 praesidem
3056 4694 3465 4765 dereliquerint,

1889 4781 2101 4849 aliaque
2143 4782 2259 4834 foes
2297 4796 2463 4834 novas
2501 4782 2795 4837 conciones
2847 4783 3151 4838 tnstituturi
3191 4785 3449 4852 adierint,

1886 4873 1937 4926 id
1964 4873 2142 4928 facere
2173 4873 2252 4928 eis
2281 4873 2459 4927 liceat.
2496 4871 2874 4929 Voluntariam
2904 4877 3073 4942 enim,
3108 4878 3456 4934 arbitrariam

1887 4979 2217 5034 prorsusque
2250 4963 2476 5018 liberam
2512 4964 2580 5020 iis
2611 4965 2773 5020 talem
2811 4967 3304 5023 translocationem
3348 4968 3463 5024 fore

1885 5057 2287 5126 praesumimus.
2314 5055 2472 5121 Quod
2500 5057 2545 5111 si
2571 5056 2710 5111 inter
2741 5059 3068 5113 concionum
3103 5061 3462 5117 ordinatores

1883 5146 2151 5202 dissensio
2186 5145 2574 5213 intercesserit,
2610 5149 2680 5201 ita
2711 5158 2768 5203 ut
2796 5149 2884 5202 alii
2916 5151 2968 5202 in
3008 5151 3222 5218 iisdem,
3253 5154 3456 5222 quibus

1891 5247 2074 5303 antea,
2111 5236 2246 5292 locis
2295 5237 2588 5291 conciones
2637 5237 2914 5292 celebrare
2953 5251 3225 5308 satagant,
3265 5243 3357 5296 alii
3389 5243 3459 5298 de

1885 5330 2041 5383 novis
2091 5329 2225 5384 locis
2263 5328 2530 5397 cogitent,
2589 5343 2690 5384 nos
2748 5331 2968 5399 quidem
3007 5333 3099 5402 jus
3151 5334 3458 5402 prioritatis

1881 5422 2172 5491 praevaleat
2202 5421 2516 5486 statuimus,
2549 5420 2622 5474 ita
2665 5430 2724 5476 ut
2763 5423 2928 5492 priori
2963 5425 3084 5478 loco
3116 5425 3458 5498 privilegium

1881 5514 2156 5568 communi
2205 5511 2467 5582 sufl'ragio
2523 5510 2716 5567 fultum
2779 5523 3083 5569 remaneat.
3121 5519 3299 5587 Atque
3352 5520 3458 5574 hoc

1881 5603 2001 5660 loco
2033 5619 2141 5660 non
2187 5615 2269 5660 est
2316 5604 2753 5673 praetereundum
2786 5606 2929 5675 quod
2983 5607 3100 5663 istae
3132 5611 3454 5668 concionum

1882 5696 2266 5750 translationes
2290 5695 2701 5765 quadripartitaa
2732 5705 2896 5763 sunt;
2929 5708 3022 5752 aut
3047 5704 3190 5754 enim
3215 5717 3242 5754 a
3265 5714 3456 5772 poten-

1883 5788 2023 5841 tibus
2053 5787 2117 5840 ad
2148 5795 2414 5856 potentes,
2448 5797 2540 5842 aut
2563 5787 2630 5842 ab
2666 5787 3056 5857 impotentibus
3080 5792 3144 5844 ad
3177 5792 3452 5862 impoten-

1885 5891 1984 5946 tes,
2023 5891 2113 5937 ant
2147 5899 2172 5934 ιι
2205 5882 2517 5952 potentibus
2552 5881 2615 5936 ad
2657 5881 3002 5951 impotentes,
3041 5895 3130 5941 aut
3171 5888 3242 5942 ab
3275 5889 3452 5960 impo-
