4190 6534
727 405 3972 460 W

1707 439 1937 451 ——-‘
1945 438 2095 448 —-—-——-

1938 578 2112 625 ANNO
2155 577 2381 624 DOMINI
2417 578 2747 622 CMLXXXIX

1229 765 2203 976 LEONIS
2357 760 3464 976 DIACONI

1952 1117 2734 1233 CALOENSIS

1008 1369 2074 1526 HISTOBUE
2267 1371 2818 1522 LIBRI
2998 1365 3694 1524 DECEM

2114 1655 2152 1698 Ε
2197 1653 2592 1699 RECENSIONE

1181 1817 1856 1934 CABOLI
1929 1811 2914 1926 BENEDIGTI
2991 1810 3504 1926 HAS“

1511 2046 1831 2090 INSTITL'TI
1869 2042 2152 2088 FRANCIJE
2211 2041 2393 2085 ACAD.
2441 2041 2795 2086 INSCRIPTT.
2832 2043 3014 2101 SOCII,
3061 2044 3196 2091 ETC.

773 2201 1078 2267 ADDITA
1121 2200 1478 2264 EIUSDEM
1518 2197 1926 2258 VEBSlONE
1973 2193 2241 2267 ATQUE
2285 2191 2996 2258 ANNOTATIONIBUS
3036 2199 3140 2260 AB
3185 2198 3361 2262 IPSO
3406 2200 3916 2264 RECOGNITIS.

1832 2537 1906 2598 Ο.
1945 2537 2024 2599 Β.
2069 2534 2318 2597 ΗΑΒΠ
2358 2533 2864 2598 ΒΕΒῙΟΔΤῙΟ.

1667 2718 2138 2763 ILLUSTBISSIMO
2183 2719 2263 2760 ΕΤ
2292 2715 2859 2760 EICELLENTISSIMO
2894 2715 3050 2759 VIRO

1821 2796 2088 2841 NICOLAO
2131 2796 2342 2840 COMITI
2385 2797 2466 2839 D8
2502 2793 2877 2838 ROMANZOFF

1557 2878 1797 2922 IMPERII
1827 2876 2071 2919 RL‘SSICI
2100 2875 2532 2918 CANCELLARIO
2581 2873 2870 2917 0RDINUM
2908 2873 3147 2916 IMPERII

1288 2955 1910 3009 PEREGRINORUMQUE
1947 2954 2201 2997 ALIORR.
2248 2952 2634 2996 PLURIMORR.
2677 2952 2890 3005 EQUITI
2919 2951 3054 2996 ETC.
3100 2953 3234 2999 ETC.
3273 2952 3407 2998 ETC.

2293 3032 2401 3084 QUI

1863 3115 1917 3158 SI
1927 3111 2140 3158 NCERE
2179 3110 2535 3162 MAGNEQUE
2599 3111 2843 3158 ΟΕΟΒΙΕ

1986 3189 2360 3234 CUI’IDITATE
2404 3189 2706 3236 INCENSUS

1741 3271 2143 3314 LITTERARUM
2170 3268 2245 3310 ET
2277 3268 2694 3313 BONESTARUM
2730 3272 2967 3315 ΑιιΤιυΜ

1533 3351 1664 3394 TUM
1705 3347 2133 3393 SUBLIMIORUH
2179 3347 2430 3392 OMNIUM
2479 3348 2900 3392 SCIENTIARUM
2936 3351 3161 3392 ετυυυ

1835 3429 1932 3471 ιΤΑ
1973 3427 2341 3472 COMPLEXUS
2384 3427 2497 3468 EST
2545 3426 2620 3468 ET
2661 3428 2864 3472 FOV’ET

1600 3511 1682 3553 UT
1730 3509 1940 3552 IISDEM
1985 3508 2109 3550 CUM
2149 3506 2250 3547 REI
2289 3504 2564 3547 PUBLICA‘I
2599 3506 3029 3549 UTILITATIBUS

1527 3589 1896 3632 ARCTISSIMU
1937 3585 2209 3629 VINCULO
2259 3583 2658 3627 CONSOCIATIS
2699 3585 2852 3628 OMNI
2899 3586 3163 3628 EUROPE.

1658 3667 1697 3710 ’ἰ
1741 3665 2152 3711 POSTERITATI
2194 3663 2406 3706 SUMMO
2438 3663 2509 3704 SE
2540 3664 2812 3709 CULMINE
2870 3665 3278 3709 DlGNISSlMUM

2164 3741 2548 3783 PRODIDERIT

1989 3820 2298 3866 HISTORIA:
2342 3819 2712 3863 ΒΥΖΑΝΤΙΝΕ

1951 3901 2174 3947 NOVUM
2239 3900 2362 3942 110C
2430 3898 2735 3944 VOLUMEN

2214 3979 2277 4021 D.
2329 3979 2388 4019 Ν.
2437 3976 2496 4018 Ε.

2219 4057 2277 4099 L.
2317 4056 2380 4096 Μ.
2430 4057 2490 4106 Q.

2227 4136 2289 4176 D.
2338 4133 2396 4174 D.
2445 4134 2506 4175 υ.

2189 4211 2522 4257 ΕΒῙΤΟΒ.

1488 4481 1620 4596 C.
1710 4482 1838 4594 B.
1926 4479 2319 4595 HASII
2399 4476 3211 4594 PRXEFATIO.

803 4803 1061 4880 {I-Xlll]
1103 4802 1154 4864 Ι.
1203 4801 1265 4863 Si
1305 4799 1454 4880 quis
1481 4798 1752 4860 fortasse
1788 4814 2080 4872 miratur,
2117 4803 2273 4881 quid
2311 4805 2416 4876 sit,
2451 4801 2621 4879 quod
2672 4797 2903 4860 Leonis
2937 4797 3203 4859 Diaconi
3237 4795 3546 4869 Historia,
3575 4812 3770 4876 quam
3805 4813 3990 4858 com-

729 4900 950 4976 plures
978 4908 1125 4959 ante
1154 4913 1356 4958 annos
1396 4911 1760 4974 receperam
1802 4911 1903 4955 me
1933 4896 2285 4969 editurum,
2332 4916 2509 4959 nunc
2543 4897 2802 4957 demum
2847 4902 3073 4956 exeat:
3110 4896 3188 4966 is,
3228 4895 3334 4955 ubi
3362 4893 3694 4956 dilationis
3725 4911 3989 4955 causam

727 4988 1153 5066 perspexerit.
1187 5004 1313 5049 una
1351 4993 1413 5049 et
1446 4986 1601 5047 mibi
1631 4985 1816 5048 facile
1855 4988 2107 5048 veniam
2150 4990 2325 5052 dabit
2371 4990 2991 5072 procrastinationis,
3035 4999 3095 5051 et
3127 5007 3202 5051 eo
3251 4990 3522 5069 majores
3564 4988 3798 5067 gratias
3839 4989 3986 5048 viro

724 5084 1149 5162 amplissimo,
1192 5084 1378 5162 cujus
1432 5082 1872 5145 munificentia
1930 5084 2188 5146 conatui
2240 5103 2382 5150 meo
2436 5091 2826 5152 subventum
2879 5095 2996 5158 est,
3034 5086 3316 5149 habebit.
3364 5087 3772 5164 Quapropter
3816 5085 3981 5146 nihil

729 5182 911 5257 prius
965 5197 1309 5257 exponam,
1371 5195 1564 5259 quam
1617 5195 1743 5258 qua
1801 5178 2057 5241 fortuna
2080 5185 2356 5262 scriptor
2418 5189 2529 5249 diu
2590 5193 2879 5248 retrusus
2937 5202 3109 5245 nunc
3163 5183 3574 5262 potissimum
3633 5183 3980 5243 exstiterit.

727 5276 974 5336 Deinde
1031 5276 1235 5338 dicam
1297 5276 1375 5338 de
1441 5277 1567 5336 vita
1622 5277 1926 5348 auctoris,
1975 5286 2036 5338 et
2096 5297 2239 5356 qum
2301 5299 2438 5344 mea
2491 5284 2751 5362 quidem
2811 5285 2893 5343 sit
2944 5282 3022 5341 de
3077 5280 3341 5355 ingenio
3393 5280 3556 5356 ejus,
3596 5279 3674 5340 du
3736 5296 3982 5356 genere

731 5372 1012 5444 (licendi,
1046 5372 1122 5432 de
1176 5373 1316 5446 ﬁde,
1359 5371 1793 5433 existimatio:
1825 5373 1976 5433 item
2031 5375 2110 5435 de
2156 5380 2394 5452 codice,
2453 5380 2516 5440 in
2561 5397 2692 5457 quo
2755 5396 2904 5450 uno,
2942 5384 3253 5456 quantum
3309 5376 3467 5444 scio,
3523 5376 3802 5436 Historia
3842 5376 3986 5454 ejus

728 5477 825 5529 est
859 5478 1253 5530 conservata.
1296 5472 1458 5530 Tum
1498 5469 1577 5530 de
1609 5469 1881 5530 Tacticis
1913 5487 2092 5547 agam
2131 5474 2475 5552 Nicephori
2525 5476 2769 5548 Pbocaa,
2828 5486 3148 5552 postremo
3203 5473 3511 5534 rationem
3555 5481 3614 5532 ct
3668 5472 3988 5533 versionis

730 5571 791 5626 et
819 5575 1114 5626 notarum
1152 5582 1459 5635 mearum,
1494 5573 1555 5625 et
1584 5565 1851 5626 omnino
1894 5566 2225 5640 editionis,
2270 5572 2632 5650 explicabo.

810 5667 889 5726 ll.
936 5668 1088 5745 Ego,
1125 5673 1458 5745 postquam
1514 5666 1579 5727 in
1617 5666 2010 5729 Bibliotheca
2041 5671 2236 5748 Regia
2273 5689 2416 5734 esse
2446 5674 2628 5752 cmpi,
2681 5684 2746 5735 ut
2791 5674 3070 5752 primum
3109 5671 3392 5749 penitius
3435 5686 3571 5730 eam
3613 5686 3804 5729 nosse
3839 5671 3986 5730 lici-

735 5777 866 5832 tum
905 5774 1022 5842 est,
1071 5767 1258 5829 facile
1318 5768 1632 5844 intellexi,
1676 5772 1862 5832 etiam
1917 5782 2054 5850 post
2124 5777 2338 5852 Goari,
2377 5779 2650 5851 Possini,
2719 5778 3024 5856 Ducangii
3074 5784 3154 5848 et,
3211 5775 3321 5856 qui
3364 5774 3710 5836 admodum
3783 5775 3985 5836 multa
