4190 6534
197 381 294 443 837
1391 383 1430 435 (Ὗ
1499 384 1558 442 Β.
1607 386 1814 443 HASll

1813 437 1814 441 η
1858 387 2263 448 ΡΗΕΡΑΤΙΟ.
3358 396 3468 458 C38

202 504 493 560 veterum
544 503 963 555 monumenta
993 512 1029 556 e
1058 494 1189 557 situ
1228 497 1423 567 eruit,
1462 498 1829 558 Combeﬁsii
1872 501 2080 560 varios
2132 501 2409 572 labores,
2460 498 2645 577 quasi
2681 516 2715 559 e
2744 501 3023 578 quodam
3073 501 3463 568 inexhausto

200 593 401 663 fonte,
426 589 678 651 hauriri
711 588 864 651 inde
908 607 1040 652 non
1074 607 1274 668 pauca
1316 607 1502 668 posse
1546 592 1620 651 ad
1656 592 2103 651 collectionem
2147 602 2482 651 auctorum
2516 591 3025 668 Byzantinorum
3061 595 3461 657 cumulatius

200 688 583 767 augendam.
616 688 700 764 5E
741 686 1172 763 scriptoribus
1206 696 1419 748 autem
1481 689 1568 747 ibi
1610 690 1881 749 servatis
1913 690 2078 749 duos
2114 705 2257 749 esse
2294 688 2737 765 potissimum,
2775 691 3054 750 Leonem
3099 693 3460 754 Diaconum

202 794 260 847 et
302 782 684 845 Michaelem
735 781 1044 856 Psellum,
1077 800 1356 861 quorum
1392 784 1593 845 editio
1624 794 1683 845 et
1714 784 2196 845 desideraretur
2239 784 2483 845 dudum
2520 802 2553 845 a
2584 786 2741 846 viris
2759 786 2990 860 doctis,
3024 796 3085 847 et
3134 797 3303 849 esset
3325 791 3455 868 jam

199 880 552 959 aliquando
584 880 640 941 si
675 879 893 943 minus
925 880 1236 954 confecta,
1271 896 1575 961 co:.cepta
1623 892 1795 944 certe
1823 881 2041 942 animo
2084 889 2278 959 atque
2317 880 2561 941 affecta.
2596 883 2748 941 Nam
2786 880 2972 942 illum
3023 881 3238 961 ipsum
3272 886 3461 945 Com-

202 978 500 1042 beﬁsium
538 984 840 1039 testatum
883 985 982 1039 est
1027 995 1105 1039 ex
1151 979 1407 1039 Harles.
1444 981 1605 1041 Bibl.
1641 983 1840 1043 Graec.
1874 981 2014 1049 VII,
2067 980 2205 1052 685,
2242 996 2388 1040 cum
2431 986 2599 1041 esset
2639 982 2857 1042 animo
2904 987 3120 1042 erecto
3171 983 3247 1042 ad
3282 983 3463 1045 inda-

200 1075 405 1153 ganda
456 1074 524 1135 in
582 1075 929 1154 lucemque
995 1077 1319 1137 evocanda
1370 1078 1737 1139 Graecorum
1799 1078 2057 1156 scripta,
2105 1078 2427 1154 imprimis
2481 1076 2914 1137 ecclesiastica
2964 1084 3025 1138 et
3079 1079 3457 1157 Byzantina,

199 1170 663 1232 Bibliothecam
718 1170 982 1250 Regiam
1039 1181 1433 1234 scrutantem
1504 1175 1749 1253 cepisse
1825 1191 1970 1235 cum
2030 1175 2265 1235 Leonis
2328 1182 2459 1235 tum
2507 1174 2698 1235 Pselli
2768 1174 2966 1249 [XIV]
3020 1176 3456 1252 cognitionem

199 1267 690 1344 editionemque
723 1268 1069 1347 utriusque
1104 1269 1470 1331 adornasse.
1500 1272 1672 1343 Quin
1704 1271 1843 1349 ipse
1872 1270 1965 1331 sic
2016 1270 2208 1331 habet
2248 1270 2417 1330 notis
2459 1272 2533 1330 ad
2571 1273 2829 1332 Auctar.
2856 1269 3104 1330 noviss.
3148 1272 3455 1333 Bibliotli.

197 1364 476 1425 Grmcor.
519 1365 684 1424 Patr.
723 1364 923 1424 Paris.
970 1367 1147 1439 167-2,
1206 1384 1262 1442 p.
1304 1366 1443 1439 555,
1494 1368 1883 1429 subhorride
1941 1370 2035 1441 (ut
2085 1367 2473 1444 plerumque
2506 1367 2881 1443 incomptus
2920 1373 3021 1427 est
3068 1366 3131 1427 in
3166 1369 3460 1430 oratione

201 1458 450 1536 Latina)
491 1480 505 1516 :
543 1459 761 1519 Photii
794 1460 1044 1521 technas
1084 1460 1402 1540 malasque
1456 1472 1623 1521 artes
1656 1481 1790 1521 cum
1827 1463 1945 1523 alii
1975 1464 2300 1541 prosecuti
2326 1471 2477 1522 sunt
2503 1462 2708 1523 θηεσὶ
2738 1464 3025 1542 (τᾳυαΙεε,
3069 1475 3181 1525 aut
3228 1482 3461 1542 parum

197 1574 531 1634 suppares,
590 1565 721 1617 tum
773 1575 944 1619 meus
1001 1556 1345 1635 Logotheta
1416 1558 1539 1632 [hic
1622 1565 1717 1618 est
1778 1560 2037 1621 Simeon
2098 1560 2404 1637 magister
2467 1566 2530 1620 et
2586 1559 2938 1637 logothela,
2991 1560 3070 1621 de
3124 1577 3255 1637 quo
3300 1562 3462 1621 Har-

198 1652 317 1712 les.
354 1651 491 1723 Vl],
527 1649 696 1727 1:17],
751 1653 807 1712 si
840 1653 1117 1730 quando,
1161 1670 1314 1729 pace
1358 1652 1557 1713 lenius
1604 1656 1949 1730 aspirante,
1984 1674 2055 1713 ac
2105 1655 2648 1717 Christianissimo
2707 1672 2850 1731 rege
2908 1672 3151 1731 semper
3195 1656 3458 1729 victore,

196 1749 397 1825 Regia
427 1746 709 1825 Lupara,
755 1749 1042 1809 historite
1099 1748 1471 1827 Byzantium
1511 1768 1687 1827 paene
1728 1756 2076 1812 necessario
2135 1751 2596 1831 supplemento,
2652 1771 2790 1812 cum
2830 1752 3032 1812 Leone
3070 1753 3353 1813 Diacono
3404 1764 3460 1813 et

195 1843 499 1906 Michaele
524 1844 756 1918 Psello,
790 1846 1032 1923 regium
1060 1865 1199 1905 iere
1246 1846 1591 1922 multiplici
1623 1845 1813 1907 titulo
1860 1860 2313 1927 argumentum,
2337 1852 2510 1929 juris
2546 1848 2794 1927 publici
2821 1852 2997 1928 regia
3030 1850 3460 1927 muniﬁcentia

191 1944 390 2020 faciat
414 1964 434 2002 :
470 1961 548 2002 ne
577 1942 701 2002 sibi
732 1960 847 2019 per
902 1960 1113 2002 moras
1169 1942 1473 2014 Batavus,
1504 1954 1614 2001 aut
1650 1959 1795 2019 gens
1843 1940 1995 2014 alia,
2029 1961 2155 2001 eam
2202 1940 2474 2019 gloriam
2543 1944 2779 2019 rapiat.
2826 1943 2943 2004 Sed
2982 1959 3039 2003 a.
3079 1944 3234 2003 1679
3262 1959 3295 2003 a
3330 1941 3457 2003 vita

193 2039 495 2099 discessit
520 2038 974 2113 Combeﬁsins,
1005 2039 1214 2117 deque
1261 2039 1518 2099 duobus
1553 2040 1743 2099 tomis
1782 2039 2064 2100 Auctarii
2119 2039 2485 2117 Byzantini,
2535 2057 2700 2119 quos
2741 2039 3027 2102 edendos
3065 2039 3190 2101 sibi
3224 2056 3461 2119 prepo-

192 2144 439 2210 suerat,
474 2153 555 2197 ne
588 2135 872 2213 priorem
902 2135 1167 2212 quidem
1204 2144 1409 2213 potuit
1450 2136 1808 2213 divulgare.
1845 2138 1901 2196 Is
1938 2137 2137 2210 enim,
2171 2138 2517 2214 scriptores
2560 2144 2699 2212 post
2735 2135 3193 2215 TheOphanem
3245 2136 3459 2197 conti-

192 2250 382 2303 nens,
431 2232 930 2294 Constantinum
987 2231 1619 2310 Porphyrogenelam
1679 2234 1823 2293 dico
1876 2233 1953 2292 de
1988 2233 2131 2291 Vita
2167 2232 2417 2302 Basilii,
2467 2230 2994 2294 Continuatorem
3056 2248 3455 2311 anouymuni

192 2327 644 2405 Theophanis,
683 2329 997 2389 Joannem
1028 2328 1490 2401 Cameniatam,
1526 2328 1875 2405 Georgium
1932 2329 2346 2401 monachum,
2375 2328 2563 2400 alios,
2604 2345 2734 2389 non
2768 2328 2895 2388 nisi
2940 2328 3257 2391 sexennio
3292 2337 3455 2407 post,

190 2431 461 2485 curante
497 2423 872 2485 Sebastiano
900 2422 1514 2499 Mabre-Cramoisy,
1548 2440 1625 2483 ex
1676 2425 2098 2502 typographia
2129 2426 2323 2504 Regia
2357 2441 2416 2485 a.
2474 2426 2625 2487 1685
2656 2424 2723 2486 in
2774 2424 2982 2486 lucem
3020 2427 3303 2504 prolatus
3338 2433 3456 2487 est.

192 2520 410 2582 Editio
460 2521 756 2594 alterius,
808 2522 1090 2581 Leonem
1159 2519 1542 2581 Michaelem
1564 2538 1691 2598 que
1742 2521 2020 2581 Psellum
2066 2521 2496 2599 complexuri,
2545 2538 2745 2600 prope
2791 2521 3053 2599 triginta
3098 2522 3287 2583 annis
3322 2530 3461 2600 post

191 2618 543 2679 commissa
567 2628 665 2679 est
719 2616 1020 2679 Michan
1080 2619 1165 2679 Le
1220 2616 1456 2689 Quien,
1518 2635 1595 2677 ex
1658 2618 1910 2679 scliedis
1968 2620 2453 2681 Combeﬁsiauis
2509 2618 2879 2681 adornanda
2939 2637 2951 2678 :
3007 2618 3137 2681 vid.
3178 2618 3455 2682 Echard.

189 2713 527 2791 scriptorr.
577 2714 822 2774 ordinis
874 2712 1274 2774 Praedicator.
1316 2714 1392 2784 ll,
1434 2716 1571 2774 68's.
1608 2716 1734 2773 Nec
1776 2714 2061 2793 segniter
2102 2714 2156 2773 is
2214 2732 2281 2774 se
2312 2715 2389 2775 ad
2448 2731 2613 2792 opus
2664 2714 2971 2787 admovit,
3008 2715 3095 2777 ita
3130 2722 3196 2777 ut
3234 2717 3361 2776 Leo
3392 2715 3460 2776 iu

192 2808 619 2888 typographia
659 2809 855 2888 Regia
896 2808 1196 2870 formulis
1225 2810 1352 2885 jam
1406 2820 1649 2886 emptus
1688 2810 1770 2869 sit
1807 2810 2120 2883 describi,
2158 2810 2430 2889 ipseque
2458 2811 2541 2871 Le
2578 2809 2791 2883 Quian
2818 2810 2911 2870 sic
2945 2810 3173 2872 habeat
3206 2810 3457 2872 Orient.

192 2906 517 2967 Christian
550 2906 597 2977 Ι,
630 2907 788 2967 255ε
836 2906 986 2980 Quce
1021 2905 1141 2965 Leo
1183 2908 1503 2966 Diaconus
1564 2910 1750 2985 refert
1805 2910 1869 2967 in
1902 2907 2222 2979 Historia,
2257 2909 2437 2986 cujus
2465 2924 2617 2983 pars
2668 2908 2843 2983 typis
2873 2907 3087 2984 Regiis
3114 2908 3245 2985 jam
3294 2905 3461 2967 edita

194 3011 304 3062 est.
348 3001 611 3063 Atenim
643 3001 1003 3063 intervenit
1045 3002 1462 3079 impressioni
1518 3003 1976 3080 ingravescens
2024 3005 2296 3075 bellum,
2333 3001 2508 3080 quod
2557 3002 2637 3062 de
2680 3001 3141 3080 Hispaniarum
3194 3020 3458 3062 succes-

192 3099 381 3161 sione
417 3107 671 3176 gestum
698 3107 819 3172 est,
845 3098 1319 3178 consiliumque,
1352 3109 1420 3161 ut
1462 3099 1688 3160 scribit
1732 3100 2057 3161 Ecliardus
2091 3098 2211 3159 loc.
2238 3099 2372 3170 cit.,
2406 3096 2575 3177 quod
2602 3095 2901 3158 Michaeli
2932 3096 3014 3155 Le
3052 3096 3257 3172 Quien
3292 3116 3459 3157 com-

190 3199 455 3257 missum
497 3206 631 3257 erat
676 3196 1425 3277 exsequendum,jamque
1471 3200 1641 3275 typis
1694 3198 1904 3273 Regiis
1956 3196 2300 3272 inceptum,
2347 3192 2503 3253 bello
2559 3202 2689 3253 tum
2734 3194 3047 3252 atrociori
3079 3193 3303 3272 ubique
3347 3192 3463 3270 ﬂa—

192 3305 419 3370 grante
480 3295 910 3370 interruptum
989 3303 1079 3352 est
1119 3312 1190 3351 ac
1238 3291 1585 3369 prolatum.
1642 3294 1808 3371 Ergo
1854 3311 2067 3370 neque
2135 3290 2506 3353 Combefisii
2551 3306 2746 3367 opera
2804 3306 3017 3367 neque
3087 3289 3456 3368 Leqnieni‘,

193 3408 251 3452 a.
290 3392 470 3461 1733,
513 3392 638 3451 vita
680 3390 906 3460 functi,
950 3388 1148 3450 Leoni
1189 3390 1400 3466 potuit
1439 3391 1769 3465 prodesse.
1805 3390 1882 3450 Et
1935 3388 2157 3449 mirari
2192 3388 2361 3460 licet,
2401 3387 2689 3463 plagulas
2724 3386 2867 3446 illas
2912 3393 3065 3445 tunc
3107 3386 3460 3461 impressas

194 3487 553 3557 interiisse,
590 3504 789 3564 pr0pe
847 3485 1079 3556 dicam,
1138 3486 1200 3543 in
1246 3484 1549 3555 nihilum,
1587 3502 1797 3560 neque
1832 3502 2105 3565 usquam
2149 3485 2278 3561 jam
2305 3500 2703 3559 comparere.
2744 3484 2875 3559 Ego
2919 3488 3088 3541 certe
3139 3488 3460 3542 scrutatus

194 3603 337 3645 sum
375 3601 521 3663 quae
556 3584 761 3661 potui,
794 3590 853 3644 et
894 3582 1282 3661 perquisivn,
1334 3589 1748 3658 percontatus
1778 3600 2040 3661 quoque
2070 3586 2331 3657 agentes
2367 3578 2813 3655 typographize
2845 3577 3083 3655 Regina.
3122 3578 3298 3638 viros
3333 3595 3457 3637 non

196 3684 406 3742 solum
465 3680 900 3758 peritissimos
956 3681 1113 3741 artis
1188 3697 1345 3751 sum,
1408 3696 1630 3740 verum
1686 3674 2029 3738 historicos
2088 3688 2376 3749 quoque,
2427 3678 3135 3745 monumentorumque
3190 3669 3460 3730 oﬂieinre

196 3779 488 3852 ipsorum
558 3778 967 3852 percuriosos
1028 3797 1043 3836 :
1112 3775 1422 3853 reliquias
1474 3774 1783 3835 editionis
1835 3772 2015 3833 illius
2084 3770 2355 3845 inceptae
2411 3767 2623 3827 nullas
2672 3766 2857 3845 potui
2905 3766 3215 3827 nancisci.
3278 3768 3456 3839 Qua-
3542 3786 3555 3796 ·

201 3884 460 3950 prOpter
500 3875 667 3949 [XV]
711 3873 1028 3951 suspicor,
1074 3872 1467 3951 exemplaria
1514 3888 1585 3931 ea
1637 3873 1731 3930 vel
1779 3886 1929 3931 casu
1980 3868 2203 3944 aliquo
2264 3862 2604 3941 peculiari,
2658 3863 2756 3925 vel
2809 3864 2950 3925 data
2998 3880 3215 3943 Opera,
3257 3863 3460 3926 fuisse

197 3970 427 4031 deleta.

276 4111 387 4170 111.
423 4108 798 4185 Reliquerat
827 4108 1022 4187 igitur
1046 4111 1494 4182 Combeiisius,
1517 4128 1594 4169 ex
1630 4111 1743 4167 hac
1770 4107 1890 4166 vita
1919 4106 2221 4183 migrans,
2251 4121 2395 4165 cum
2422 4102 2543 4164 alia
2568 4103 2867 4181 praeclare
2894 4103 3188 4164 inchoata
3222 4104 3442 4167 multa.

202 4220 330 4269 tum
372 4204 755 4279 confectam,
802 4215 871 4267 ut
911 4205 1185 4275 videtur,
1248 4208 1480 4267 Leonis
1513 4206 1838 4282 Psellique
1874 4203 2235 4264 versionem
2277 4202 2593 4262 Latinam.
2643 4200 2762 4261 Sed
2804 4202 2910 4261 illa
2950 4201 3184 4279 priora,
3223 4200 3449 4261 multis

198 4304 491 4381 undique
523 4302 587 4362 in
615 4303 881 4363 schedas
914 4304 1216 4364 exstincti
1273 4304 1715 4363 involantibus
1752 4301 1844 4378 (ut
1887 4300 2017 4359 fere
2048 4298 2111 4359 ﬁt
2144 4298 2207 4357 in
2236 4298 2642 4358 eruditorum
2686 4297 2917 4374 obitu),
2955 4297 3264 4374 dissipata
3302 4313 3456 4357 eva-

199 4408 536 4461 nuerunt:
579 4399 943 4460 versionem
996 4399 1230 4461 Leonis
1298 4417 1367 4460 ac
1406 4399 1594 4459 Pselli
1644 4398 1911 4458 Parisiis
1965 4397 2027 4455 in
2089 4396 2339 4455 aedibus
2384 4396 2503 4454 FF.
2543 4393 3117 4455 Dominicanorum
3169 4396 3243 4455 ad
3291 4394 3455 4453 viam

198 4498 253 4557 S.
289 4496 637 4565 Honorati,
674 4496 784 4556 ubi
832 4496 960 4555 vita
1002 4496 1195 4556 cessit
1240 4496 1691 4564 Combel‘isius,
1748 4493 1985 4554 multos
2020 4507 2224 4552 annos
2274 4498 2661 4551 asservatam
2698 4506 2839 4549 esse
2871 4498 3140 4557 constat.
3177 4490 3456 4567 ejusque

199 4594 445 4670 copiam
480 4592 638 4651 viris
671 4591 877 4651 doctis
908 4592 1353 4667 compluribus
1392 4592 1639 4652 factam.
1679 4593 1764 4651 lla
1803 4591 1959 4651 varii
2003 4588 2200 4649 variis
2237 4588 2393 4647 loois
2445 4605 2572 4647 non
2606 4587 2817 4646 solum
2847 4588 3247 4647 mentionem
3279 4586 3457 4646 fece-

200 4699 344 4749 runt
406 4688 668 4760 Leonis,
720 4705 941 4747 verum
995 4688 1179 4749 illius
1243 4688 1599 4761 fragmenta
1652 4689 1907 4763 scriptis
1955 4704 2220 4763 quoque
2275 4685 2693 4744 inseruerunt
2743 4683 2904 4743 suis.
2958 4682 3143 4743 Velut
3199 4684 3453 4743 Bandu-

199 4788 327 4847 rius
400 4788 637 4863 Imper.
700 4786 1011 4847 Oriental.
1080 4787 1162 4861 ll,
1265 4787 1404 4854 M35,
1487 4786 1626 4857 1:80,
1718 4786 1855 4855 1:81,
1916 4786 2055 4855 7'26,
2124 4784 2273 4851 7'28;
2356 4780 2724 4859 Ducangius
2809 4798 2956 4841 cum
3018 4779 3084 4839 in
3136 4778 3461 4840 Glossario

198 4900 321 4945 non
397 4899 535 4943 uno
594 4883 757 4954 loco,
814 4891 949 4941 tum
1011 4882 1078 4943 in
1144 4882 1312 4942 notis
1371 4884 1446 4943 ad
1508 4885 1818 4943 Zonaram
1896 4883 1972 4948 ll,
2035 4883 2132 4948 90,
2210 4880 2347 4944 103.
2402 4879 2537 4942 105.
2607 4879 2773 4949 107;
2848 4876 3141 4937 omnium
3184 4876 3460 4938 maxime

198 4992 409 5040 autem
471 4977 796 5038 Francisc.
858 4978 1091 5055 Pagius
1166 4980 1377 5041 Crit-c.
1441 4981 1503 5039 in
1576 4980 1847 5037 Annales
1924 4976 2176 5036 Baronii
2251 4976 2378 5044 Ill,
2433 4974 2595 5044 8'73,
2655 4991 2786 5032 eam
2849 4975 3195 5033 versionem
3273 4990 3463 5049 opera

200 5076 518 5137 Παπαῖ·άί
561 5076 1007 5152 Mont/‘auconi
1062 5095 1098 5133 α
1164 5095 1225 5134 se
1265 5074 1505 5145 lectam,
1549 5088 1599 5135 et
1634 5075 1838 5153 quoad
1864 5075 2187 5150 praecipua
2223 5073 2434 5148 capita
2482 5078 2654 5145 (utor
2698 5070 2907 5146 ipsius
2955 5069 3192 5147 verbis)
3235 5070 3463 5129 descri-

197 5182 365 5248 ptam
396 5190 527 5232 esse
554 5188 957 5244 asseverans,
991 5172 1063 5232 ad
1102 5172 1434 5234 historiam
1464 5191 1605 5233 smc.
1644 5190 1676 5231 x
1753 5170 2073 5249 vergentis
2108 5170 2340 5227 certius
2375 5164 2843 5227 illustrandum.
2883 5167 2971 5225 Ac
3007 5163 3289 5241 profecto
3315 5165 3456 5242 ejus

201 5267 579 5348 fragmentis
640 5268 894 5328 refersit
980 5285 1124 5328 cum
1195 5252 1555 5331 extremum
1644 5282 1883 5329 tomum
1958 5267 2213 5326 tertium
2296 5263 2585 5324 Criticor.
2660 5262 2801 5332 8'13,
2876 5263 3034 5331 875,
3094 5264 3253 5334 876,
3330 5272 3459 5322 tum

206 5384 508 5427 exorsum
547 5366 699 5427 torni
752 5362 961 5441 quarti
1001 5366 1061 5425 3.
1097 5401 1165 5409 —
1203 5367 1302 5426 39.
1338 5368 1514 5428 Unde
1548 5368 1766 5427 eadem
1810 5363 2021 5424 hausit
2059 5361 2418 5437 partimque
2468 5358 2873 5435 transcripsit
2914 5358 3343 5419 Schloezerus
3399 5358 3461 5415 in

204 5465 465 5527 Nestore
512 5480 565 5523 s.
602 5463 934 5523 Russische
977 5462 1262 5522 Annalen
1294 5467 1357 5524 in
1392 5466 1561 5523 ihrer
1607 5463 2094 5539 Grundsprache
2138 5479 2199 5517 u.
2238 5478 2287 5517 s.
2315 5478 2390 5519 ω.
2434 5460 2508 5527 ν,
2547 5459 2682 5526 125,
2719 5491 2793 5500 -
2832 5458 2968 5516 177.
3014 5455 3194 5515 Alios
3246 5463 3462 5516 contra

211 5562 483 5626 nimium
539 5566 853 5637 quantum
906 5561 1273 5638 neglexisse
1334 5579 1403 5619 ea
1473 5572 1739 5635 questus
1794 5568 1889 5619 est
1937 5560 2165 5618 Saxius
2226 5558 2559 5616 Onomast.
2602 5555 2683 5623 ll,
2723 5555 2860 5623 156,
2905 5550 3306 5612 nobilissima
3351 5550 3461 5612 illa

206 5657 581 5733 fragmenta,
628 5656 851 5717 Latine
882 5657 1066 5729 edita,
1127 5642 1443 5735 quomoda
1477 5660 1736 5715 subinde
1777 5657 2049 5713 homines
2103 5654 2409 5717 eruditos,
2444 5661 2743 5729 tanquam
2775 5646 2976 5709 Guill.
3016 5647 3177 5709 Care
3216 5649 3461 5709 Hister.

217 5754 472 5815 litterar.
525 5754 861 5831 scriptorr.
936 5754 1288 5815 ccciesiast.
1326 5756 1406 5823 11.
1442 5757 1572 5818 ΞΟΟ.
1608 5754 2019 5829 inprimisque
2060 5753 2122 5808 J.
2176 5750 2216 5806 ,4
2282 5748 2647 5808 Fabri-cium
2698 5746 2858 5806 Bibl.
2894 5745 2999 5806 Gr.
3032 5746 3132 5807 VI.
3178 5744 3258 5819 [is
3290 5742 3461 5805 enim

217 5863 395 5917 Verus
428 5860 525 5916 est
560 5868 873 5916 numerus
914 5853 1125 5931 :apud
1166 5852 1425 5913 Saxium
1458 5851 1688 5930 legitur
1726 5852 1821 5921 l',i
1854 5851 1967 5911 3.33
2013 5860 2065 5907 et
2109 5848 2254 5909 Xili
2291 5848 2424 5919 788,
2457 5842 2646 5905 latere
2683 5845 3028 5918 potuerint,
3068 5840 3461 5914 cogitatione
