4190 6534
777 433 889 498 639
1980 439 2042 499 C.
2084 441 2147 498 B.
2196 442 2405 500 HAS“
2454 442 2873 504 PREFATIU.
3936 453 4044 518 6ζο

776 546 1035 625 assequi
1068 563 1135 606 se
1167 563 1290 606 nou
1330 563 1539 622 posse.
1580 547 1858 609 Tametsi
1891 547 1951 605 in
1979 546 2081 606 bis
2113 558 2393 608 erratum
2431 561 2525 611 est
2571 553 2775 629 ipsius
2800 555 2997 616 Saxii.
3042 559 3194 618 Nam
3243 558 3420 619 cadat
3447 558 3576 636 jam
3621 558 3760 636 ejus
3812 575 4037 637 repre-

779 643 1012 703 hensio
1054 643 1113 702 in
1157 642 1548 712 Fabricium,
1602 643 1787 721 cujus
1842 644 2171 705 volumina
2229 646 2527 703 exierunt
2578 646 2851 705 alteruru
2894 664 2950 707 a.
2994 649 3169 719 17th,
3209 650 3487 712 alterum
3536 668 3593 712 a.
3638 654 3815 719 17-26,
3856 655 4036 715 Guil.

777 740 985 800 Caveo
1062 746 1271 807 certe,
1338 740 1447 815 qui
1532 739 1787 814 scripsit
1847 756 1903 798 a.
1977 742 2169 811 1688,
2240 738 2393 797 vitio
2460 742 2689 820 nequit
2762 742 2941 816 dari,
3010 745 3183 822 quod
3250 753 3404 808 tunc
3468 748 3792 825 ignoravit
3886 768 4034 826 ψιω

776 836 1010 914 Pagius
1056 851 1113 895 a.
1162 836 1317 896 1703
1368 845 1499 896 erat
1541 835 1863 896 editurus.
1902 838 2018 896 Sed
2069 846 2131 895 ut
2166 845 2445 896 revertar
2485 838 2557 896 ad
2616 839 2980 899 versionem
3030 842 3593 912 Combetisianam,
3626 846 4037 923 superfuisse

775 949 847 994 ea
894 933 1148 993 videtur
1199 950 1403 1009 usqu-
1453 933 1526 991 ad
1588 942 1828 993 motum
1885 933 2295 1007 repentinum
2338 950 2467 1009 quo
2523 934 2727 993 Gallia
2788 943 2958 1005 tota,
3022 949 3326 1016 vergente
3382 942 3619 1001 saeculo
3670 941 4039 1019 superiore,

774 1027 1044 1089 confusa
1083 1037 1202 1087 est.
1245 1030 1423 1087 Tunc
1458 1026 1563 1087 illa
1610 1031 1743 1106 ipsa
1784 1029 2087 1104 procella,
2140 1046 2285 1107 quae
2325 1030 2494 1087 viros
2529 1031 2764 1090 studiis
2796 1048 2865 1091 ac.
2888 1033 3201 1093 doctrinis
3250 1037 3800 1113 exquisitiorihns
3834 1038 4038 1097 clarus

772 1128 1006 1203 partim
1066 1123 1295 1200 dejecit
1333 1124 1411 1183 de
1460 1132 1626 1184 statu
1686 1124 1887 1195 omni,
1930 1125 2156 1201 partim
2196 1123 2555 1202 [n'mcipites
2604 1127 3003 1202 perturbavit
3050 1146 3126 1188 ex
3171 1132 3413 1205 patria;
3458 1133 3663 1208 [XVI]
3706 1150 3836 1209 quo
3882 1134 4029 1193 natu

773 1224 1043 1297 collegia
1094 1220 1396 1282 litteraria
1457 1230 1515 1281 et
1558 1221 1854 1297 religiosa
1901 1222 2197 1281 universa
2247 1220 2496 1292 evertit,
2538 1222 2763 1282 eodem
2807 1231 2874 1282 ut
2910 1224 3105 1284 multa
3137 1225 3262 1285 alia
3298 1226 3546 1301 ingenii
3586 1238 4037 1304 monumenta,

773 1319 1010 1379 chartis
1039 1318 1388 1377 reconditis
1429 1318 1744 1390 mandata,
1776 1321 1868 1378 sic
1912 1318 2062 1378 item
2100 1318 2356 1377 ultimas
2391 1318 2700 1394 reliquias
2738 1320 3100 1380 sedulitatis
3140 1321 3628 1382 Comheflsianm
3658 1322 4026 1400 dissipavit.

770 1422 878 1476 aut
910 1415 1148 1475 obruit.
1187 1416 1370 1476 Certe
1406 1431 1620 1491 neque
1663 1422 1792 1473 tum
1830 1432 1974 1473 eum
2025 1413 2471 1491 expilarentur
2505 1414 2763 1476 libraria
2818 1418 2941 1476 FF.
2982 1417 3589 1482 Dominicanorum.
3628 1436 3845 1497 neque
3882 1439 4031 1482 cum

771 1518 917 1589 post
964 1511 1411 1587 surreptiones
1449 1511 1651 1571 varias
1706 1510 1851 1569 libri
1890 1509 2037 1568 inde
2081 1509 2323 1569 residui
2364 1528 2474 1586 per
2527 1510 2949 1572 bibliothecas
2996 1512 3285 1573 diversas
3333 1515 3806 1591 diriberentur,
3839 1518 4034 1596 quid-

770 1627 964 1686 quam
1000 1610 1078 1670 de
1115 1609 1386 1685 repertis
1422 1607 1786 1670 Combetisii
1820 1606 2078 1666 schedis
2111 1607 2405 1666 auditum
2444 1614 2564 1677 est,
2591 1608 2828 1667 nedum
2856 1609 2931 1669 de
2973 1608 3388 1669 versionibus
3420 1611 3657 1672 Leonis
3700 1620 3763 1673 et
3788 1614 3981 1673 Pselli
4016 1638 4029 1674 :

770 1723 919 1784 qum
955 1709 1049 1765 vel
1090 1707 1151 1765 in
1190 1707 1422 1765 latebra
1452 1704 1668 1783 aliqua
1693 1704 1980 1783 ignorata
2011 1703 2401 1763 delitescunt
2428 1702 2658 1774 adhuc,
2690 1705 2784 1763 vel
2815 1706 3011 1783 (quod
3040 1705 3241 1778 magis
3276 1714 3370 1767 est
3397 1706 3735 1787 credibile)
3762 1710 4038 1771 omnino

770 1803 964 1869 hodie
992 1802 1490 1863 interciderunt.

852 1920 958 1979 IV.
1006 1918 1241 1991 Quare.
1280 1918 1389 1979 ubi
1428 1918 1624 1978 semel
1654 1918 1720 1979 in
1755 1918 2041 1978 animum
2092 1917 2476 1978 iuduxeram
2522 1920 2801 1981 Leonem
2858 1920 2925 1982 in
2960 1920 3168 1982 lucem
3217 1921 3527 2001 proferre,
3563 1923 3700 1984 fieri
3741 1925 4036 2001 Oportuit

771 2031 1000 2075 novam
1045 2014 1642 2093 interpretationem
1689 2016 1828 2092 ejus
1870 2015 2151 2074 Latinam
2192 2036 2205 2073 :
2246 2022 2422 2075 extra
2468 2034 2664 2094 pauca
2715 2035 2859 2096 qum
2896 2035 3091 2097 supra
3122 2019 3282 2088 dixi,
3327 2019 3393 2080 in
3448 2008 3700 2081 Criticis
3733 2021 4036 2099 Pagianis

770 2124 1167 2176 conservata.
1201 2116 1447 2176 Deinde
1479 2115 1849 2189 conquisivi
1885 2134 2030 2195 qum
2054 2117 2123 2177 ad
2152 2115 2614 2176 illustrandum
2655 2115 3034 2191 scriptorem
3071 2124 3458 2194 spectarent.
3492 2117 3639 2189 Sed,
3675 2133 3871 2195 Opera
3897 2116 4036 2197 jam

770 2210 901 2271 fere
942 2213 1121 2290 prelo
1168 2220 1398 2290 parata,
1454 2212 1820 2289 perSpicere
1874 2213 2061 2288 empi,
2116 2221 2391 2285 quantas
2430 2213 2570 2289 ejus
2614 2209 2815 2272 editio
2858 2211 3266 2272 difficultates
3310 2218 3480 2272 esset
3514 2211 3841 2282 habitura,
3882 2230 4032 2274 cum

767 2309 950 2383 alias,
986 2328 1144 2387 quas
1192 2310 1297 2370 hic
1340 2311 1600 2370 delinite
1651 2309 1925 2369 edisseri
1976 2308 2129 2386 quid
2183 2306 2463 2369 attinet?
2502 2315 2634 2369 tum
2697 2307 3211 2384 magnitudinem
3268 2309 3740 2387 impensarum,
3779 2309 4032 2386 quibus

771 2424 886 2466 nec
931 2406 1162 2483 privati
1217 2405 1508 2481 cujusvis
1545 2405 1742 2466 unius
1787 2410 2208 2481 suppeterent
2251 2404 2440 2466 facile
2490 2404 2713 2480 copiae,
2754 2421 2872 2465 nec
2914 2413 3087 2487 certe
3133 2421 3315 2466 mete.
3363 2405 3741 2477 Accedebat,
3774 2415 3847 2467 ut
3888 2406 4037 2487 ipse

768 2502 834 2562 in
876 2503 1271 2564 Bibliotheca
1331 2502 1525 2581 Regia
1583 2503 1705 2561 sub
1760 2501 1820 2561 id
1886 2510 2138 2578 tempus
2197 2518 2408 2562 essem
2474 2501 3040 2580 occupatissimus,
3091 2502 3387 2564 notitiam
3436 2503 3622 2564 codd.
3676 2506 3915 2567 Greece.
3951 2522 4036 2566 ex

774 2602 950 2662 Italia
1015 2617 1233 2661 reeens
1291 2601 1631 2661 allatorum
1688 2601 2001 2660 conticcre
2061 2616 2325 2669 (ouans,
2376 2600 2633 2676 qualem
2691 2599 2769 2659 de
2821 2599 3005 2659 codd.
3066 2599 3465 2661 Florentinis
3518 2600 3899 2672 Bandiuius,
3953 2601 4036 2662 de

766 2696 1390 2758 Vindobonensibus
1446 2696 1824 2757 Lambecius
1885 2696 2261 2756 ediderunt.
2314 2695 2778 2768 Quamobrem,
2837 2711 2968 2774 quo
3036 2695 3261 2756 saltem
3312 2694 3779 2773 intelligerem,
3835 2699 4038 2776 quale

784 2796 1069 2854 virorum
1110 2793 1443 2853 doctorum
1479 2791 1804 2869 judicium
1848 2791 2144 2853 futurum
2193 2799 2363 2854 esset
2408 2792 2486 2853 de
2538 2794 2778 2866 Leone,
2812 2792 2969 2852 satis
3017 2799 3171 2853 tunc
3217 2792 3439 2866 habui,
3479 2792 3709 2854 librum
3745 2802 4035 2867 sextum,

769 2901 839 2950 ut
886 2900 1016 2950 erat
1048 2907 1078 2950 a
1115 2906 1215 2951 me
1250 2905 1500 2963 versus,
1538 2905 1832 2950 seorsum
1867 2888 2246 2965 speciminis
2289 2904 2482 2949 causa
2524 2887 2593 2949 in
2630 2888 2838 2948 lucem
2874 2887 3167 2967 proferre
3198 2888 3453 2949 Notice:
3505 2898 3558 2949 et
3594 2887 3894 2951 Extraits
3917 2888 4029 2951 des

766 2987 923 3047 Mss.
952 2988 1024 3047 de
1055 2985 1117 3045 la
1152 2983 1582 3064 Bibliothéqne
1611 2984 1695 3044 du
1719 2985 1863 3056 Roi,
1898 2994 2017 3045 etc.
2050 2984 2221 3054 Vlll,
2253 2986 2373 3045 25h
2405 3018 2477 3029 —
2507 2986 2650 3047 296.
2678 2986 2901 3060 Neque
2935 2984 3288 3062 quidquam
3334 2983 3597 3063 posthac
3633 2985 3907 3064 propius
3939 2993 4040 3047 est

766 3084 1034 3155 factum,
1070 3101 1261 3162 quam
1297 3090 1365 3143 ut
1421 3081 1877 3161 cogitationem
1917 3080 2223 3141 editionis
2274 3079 2541 3159 integrae
2578 3080 2849 3140 omnino
2894 3080 3314 3142 dimitterem.
3379 3080 3650 3159 Aliquot
3686 3081 3843 3142 anni
3883 3100 4032 3144 cum

768 3180 861 3240 sic
909 3175 1333 3245 etlluxissent,
1390 3196 1490 3237 me
1532 3176 1680 3238 aliis
1723 3176 2289 3237 sollicitudinibus
2336 3174 2645 3253 curisque
2694 3174 3004 3245 distento,
3051 3193 3197 3237 ecce
3250 3176 3348 3238 vir
3379 3176 3627 3250 doctus,
3663 3195 3792 3257 quo
3839 3195 4039 3241 nemo

769 3276 945 3337 omni
992 3274 1400 3353 antiquitatis
1439 3272 1970 3352 septentrionalis
2025 3274 2334 3334 memoria
2389 3270 2851 3343 abundantior,
2894 3287 3090 3333 nemo
3133 3270 3200 3331 in
3245 3273 3687 3333 monumentis
3738 3272 4042 3337 historia)

767 3372 1054 3433 Russicm
1114 3371 1578 3443 examinandis,
1633 3368 2105 3447 comparandis,
2157 3368 2560 3449 explicandis
2614 3368 2866 3428 acutior
2934 3375 3045 3428 aut
3095 3367 3367 3441 felicior,
3417 3367 3757 3446 Philippus
3814 3370 4037 3443 KnuG,

767 3469 1128 3531 Academiae
1169 3466 1529 3545 lmperialis
1580 3467 1996 3528 scientiarum
2038 3466 2526 3542 Petropolitanm
2577 3463 2774 3524 decus
2829 3469 2888 3521 et
2923 3470 3403 3536 ornamentum,
3440 3464 3610 3525 ultro
3645 3482 3746 3527 me
3797 3466 4035 3528 litteris

772 3569 933 3629 mire
979 3567 1183 3646 puris,
1236 3565 1485 3637 amicis,
1528 3563 1820 3625 candidis
1849 3563 2031 3632 adiit,
2070 3562 2365 3640 nihilque
2413 3560 2707 3638 opinanti
2745 3561 3298 3633 rotnmonstravit,
3335 3562 3653 3639 quemadu
3684 3563 3883 3623 odum
3929 3567 4024 3626 rei

772 3666 1020 3744 pridem
1078 3663 1393 3723 instituta:
1434 3659 1730 3739 expediri
1788 3660 2002 3721 exitus
2043 3669 2281 3738 posset.
2325 3661 2569 3732 Nempe
2607 3655 2865 3732 imperii
2911 3654 3162 3715 ltussici
3214 3657 3695 3729 cancellariuui,
3745 3668 3894 3729 etc.,
3933 3661 4032 3721 ill.

770 3764 1067 3824 comitem
1118 3760 1447 3822 Nicolaum
1483 3779 1563 3819 DE
1598 3760 2029 3830 Remanent,
2074 3761 2310 3827 virum,
2350 3752 2613 3814 uton'.ni
2662 3767 3035 3826 magnarum
3088 3769 3306 3811 rerum
3360 3752 3550 3813 laude
3590 3755 4027 3827 cumulatum,

769 3860 856 3920 ita
914 3868 1131 3919 natum
1202 3856 1639 3935 provehendis
1708 3856 2090 3916 liberalibus
2141 3852 2400 3923 studiis,
2464 3865 2607 3910 cum
2675 3846 2739 3906 in
2798 3861 3026 3906 manus
3094 3845 3233 3923 ejus
3295 3847 3638 3908 incidisset
3697 3850 4031 3925 specimen

769 3958 999 4030 {XVII}
1058 3956 1294 4016 Leonis
1344 3953 1407 4014 in
1461 3951 1718 4013 Notitiis
1777 3953 1930 4012 Mss.
1984 3951 2254 4021 editum,
2300 3956 2546 4028 optare,
2593 3945 2960 4022 utscriptor
3014 3951 3184 4005 totus
3246 3945 3307 4005 in
3350 3945 3554 4006 lucem
3612 3946 4032 4024 p‘oferatur:

770 4060 1069 4129 sumptus
1121 4049 1518 4111 necessarius
1551 4048 1848 4111 eumdem
1910 4046 2582 4108 subministraturnm.
2625 4041 2891 4102 Miritiee
2939 4040 3141 4116 igitur
3195 4041 3552 4101 delectatus
3605 4042 3726 4102 huc
3764 4046 4028 4109 ιιιιιιιῐιι,

780 4147 983 4206 multo
1042 4148 1257 4207 aerius
1296 4146 1503 4205 exarsi
1549 4146 1626 4204 ad
1682 4143 2099 4219 cupiditatem
2162 4142 2391 4201 edondi
2442 4141 2711 4216 operis:
2768 4138 3110 4214 ipsiusque
3163 4137 3399 4195 illustr.
3455 4137 3713 4196 comits
3781 4136 4023 4198 Ιὶιζοιτις

775 4244 967 4318 paulo
1011 4249 1151 4318 post
1207 4242 1412 4319 magis
1472 4240 1666 4300 etiam
1727 4239 2169 4308 conﬁrmatus,
2234 4235 2549 4312 evestigio
2616 4249 2805 4293 orsus
2860 4248 3002 4290 sum
3057 4230 3440 4291 editionem.
3487 4232 3708 4307 Neqte
3764 4233 4032 4293 aliund-

770 4339 1324 4414 amplissimorum
1364 4336 1704 4398 hominum
1751 4335 1908 4395 mihi
1937 4333 2146 4394 defuit
2186 4332 2470 4392 studium
2512 4337 2621 4389 aut
2673 4326 2989 4386 voluntas.
3033 4326 3185 4386 Nam
3241 4333 3302 4386 et
3336 4325 3433 4385 vir
3484 4342 3784 4387 summus
3814 4346 4033 4389 COttzt-s

767 4454 852 4495 ne
885 4437 1377 4506 Monnsourou,
1415 4433 1701 4494 Francia)
1751 4448 1887 4508 par,
1947 4430 2117 4506 regis
2175 4423 2711 4490 Christianissimi
2756 4422 3172 4484 consiliarius
3228 4422 3524 4490 intimus,
3579 4440 3648 4483 cu
3671 4440 3722 4481 ru
3759 4423 4034 4484 admini-

770 4532 1141 4593 strationem
1170 4529 1569 4601 interiorem,
1596 4535 1851 4589 utnunc
1882 4544 2206 4597 vocamus,
2230 4524 2290 4583 in
2316 4522 2519 4583 Gallia
2539 4521 2825 4586 haberet,
2847 4519 3175 4596 redempta
3204 4518 3646 4594 exemplariuu
3672 4562 3700 4590 η,
3723 4528 3793 4580 ιιι
3819 4517 4027 4583 aiunt.

769 4643 1044 4689 numero
1094 4627 1265 4688 haud
1316 4626 1578 4705 exiguo,
1633 4622 2197 4701 expeditissimum
2246 4618 2513 4681 reddere
2576 4622 2776 4676 torum
2837 4612 3258 4691 imprimendi
3309 4613 3642 4691 negotium
3708 4614 4017 4694 dignatus

771 4732 907 4783 est:
943 4738 1134 4800 quam
1175 4722 1317 4801 ejus
1359 4721 1756 4784 voluntatem
1794 4726 1990 4781 ratam
2024 4717 2177 4779 fecit
2225 4722 2365 4795 post
2396 4730 2544 4775 eum
2581 4712 2806 4773 eodem
2840 4726 3110 4771 munere
3138 4709 3421 4788 fungens
3450 4708 3544 4770 ill.
3582 4711 3641 4770 Di
3671 4727 3773 4773 tm.
3812 4729 4029 4773 conres-

773 4821 1088 4889 DECAZES,
1126 4827 1274 4889 etc.,
1314 4817 1745 4878 immortalem
1775 4816 2027 4876 laudem
2065 4827 2470 4891 comparans,
2498 4809 2650 4869 dum
2679 4808 2921 4869 litteras
2948 4813 3010 4869 et
3036 4805 3363 4878 scientias,
3398 4804 3640 4867 omnim
3672 4824 3799 4884 que
3831 4809 4033 4868 bonas

772 4918 1038 4993 quasvis
1070 4913 1449 4993 disciplinas
1484 4914 1551 4974 in
1583 4913 1855 4973 Francia
1886 4910 2113 4972 ﬂorere
2153 4917 2344 4987 atque
2378 4904 2592 4967 ornari
2635 4902 2812 4964 omni
2853 4910 3087 4964 conatu
3112 4908 3293 4963 curat
3327 4922 3342 4961 :
3383 4907 3445 4963 et
3483 4902 3577 4962 vir
3626 4921 3638 4961 ι
3671 4902 4028 4975 ruditione,

768 5011 1172 5082 auctoritate,
1206 5008 1556 5071 virtutibus
1593 5005 2181 5076 eminentissimus,
2216 5002 2524 5064 doctrinm
2551 4998 2903 5061 Orientalis
2945 5016 3057 5076 per
3086 4998 3308 5058 orbem
3347 5006 3636 5059 terraruu
3701 4998 4028 5076 princeps.

774 5105 939 5167 liber
982 5109 1142 5167 Baro
1183 5107 1525 5166 SILVESTEB
1563 5124 1641 5165 ne
1673 5106 1859 5174 Sacr,
1902 5105 2132 5164 Hector
2164 5096 2617 5164 Universitatis
2650 5094 3060 5168 Parisiensis,
3095 5092 3527 5154 institutionis
3564 5109 3634 5170 pu
3680 5092 3841 5154 diem
3884 5111 4035 5154 con-

770 5201 1116 5263 stituendae
1158 5202 1336 5275 Vvir,
1389 5201 1639 5262 ordinis
1685 5203 1844 5279 Reg.
1889 5199 2192 5277 Legionis
2238 5195 2521 5259 honorif.
2571 5192 2935 5273 prmfectus,
2976 5190 3343 5253 Academias
3380 5191 3535 5267 Reg.
3590 5191 3632 5251 lt
3671 5190 3930 5268 scriptt.
3968 5201 4033 5251 et

781 5297 1087 5358 litterarr.
1126 5297 1387 5357 human.
1436 5296 1640 5357 sodal.
1676 5295 2223 5364 etc.,interventu
2278 5310 2399 5355 suo
2445 5292 2752 5364 obtinuit,
2800 5299 2869 5351 ut
2922 5290 2988 5349 in
3024 5285 3445 5365 typographia
3475 5284 3629 5363 Regi
3672 5340 3673 5343 η
3724 5287 3850 5346 Leo
3888 5285 4032 5347 for-

776 5394 970 5454 mulis
1002 5393 1501 5453 descriheretur.
1530 5393 1641 5461 Ita,
1678 5391 1776 5451 his
1804 5390 2114 5468 auspiciis
2139 5391 2412 5470 incepta,
2453 5390 2703 5453 biennii
2743 5387 2952 5464 Spatio
2981 5387 3056 5447 ad
3090 5386 3339 5445 exitum
3370 5384 3628 5444 adducta
3675 5382 4031 5460 impressio

773 5494 869 5548 est
903 5510 918 5547 :
959 5487 1205 5547 tardius
1237 5485 1506 5547 fortasse
1539 5501 1728 5561 quam
1764 5483 2080 5556 volebam,
2115 5487 2386 5563 obsequi
2437 5488 2748 5549 continuo
2787 5485 2978 5547 tantis
3015 5484 3172 5546 virts
3202 5482 3626 5561 jucundissin'
3671 5499 3759 5541 nn
3799 5483 4033 5543 existi-

774 5596 956 5644 mans
1011 5606 1026 5644 :
1079 5585 1233 5644 satis
1274 5584 1422 5656 cito,
1477 5583 1532 5642 si
1578 5582 1811 5641 molem
1885 5582 2240 5643 voluminis
2299 5582 2756 5661 dztlicilemque
2803 5580 3115 5643 rationem
3191 5576 3609 5641 commentari
3708 5579 4035 5638 chara-ste-

774 5699 915 5741 rnm
946 5699 1051 5755 lue
1098 5683 1462 5742 Graecorum
1503 5687 1775 5756 spectes.

857 5793 928 5851 γ.
977 5791 1184 5851 Venio
1220 5809 1389 5852 nunc
1434 5792 1505 5851 ad
1533 5807 1604 5851 ea
1640 5809 1784 5865 (tua:
1816 5800 2109 5851 constant
2140 5792 2217 5852 de
2264 5793 2387 5852 vita
2422 5794 2678 5858 Leonis.
2718 5810 2912 5867 pauca
2957 5809 3135 5863 sane,
3171 5807 3287 5852 nec
3331 5790 3583 5851 diversa
3671 5808 3767 5849 ειη)
3800 5806 3878 5848 an
3946 5789 4031 5849 iis

775 5909 916 5967 qure
953 5891 1166 5952 Nutétt.
1222 5891 1372 5950 Mss.
1413 5888 1577 5961 Ylll,
1616 5889 1755 5963 237,
1802 5888 2045 5967 pridem
2082 5888 2343 5969 protuli.
2397 5890 2603 5952 Vitam
2659 5892 2779 5950 Leo
2820 5889 2976 5951 adiit
3034 5887 3242 5950 (Zaloe.
3279 5887 3397 5964 (τῆς
3463 5895 3618 5948 Ka‘w
3671 5894 3758 5948 τῶν
3798 5893 4033 5957 ﬂiam.
