4190 6534
206 338 300 401 GH
1409 342 1450 397 (Σ
1517 341 1576 398 Β.
1622 339 1826 397 li.-\Sll
1873 339 2283 396 Pitlilit'i'lU.
3350 340 3455 401 €42

217 450 292 508 Le
332 446 541 518 Quicu
598 447 844 508 Urieut.
884 448 1114 509 Christ.
1173 449 1222 506 Ι.
1277 450 1440 524 720.)
1489 465 1630 522 qth
1681 444 1903 504 civitas
1957 455 2049 503 est
2103 445 2270 503 Asiae
2318 445 2793 521 proconsularis
2839 447 2903 506 in
2933 447 3158 507 Tmolo
3216 461 3450 520 l'ttmtle,

212 559 414 620 prOpe
445 542 686 602 fontem
727 544 971 621 Caystri
1007 543 1213 603 amnis
1246 542 1430 617 (infra
1466 544 1556 620 it“)
1599 542 1692 599 :is
1729 551 1959 600 tractus
1993 540 2204 598 OllilllS
2240 540 2500 600 themati
2538 541 2998 602 'l'hraceusium
3038 551 3189 603 tunc
3231 560 3455 603 accen-

208 640 489 699 sebatur.
529 641 615 699 De
665 648 1006 716 parentum
1037 637 1411 699 OO-nditiene
1468 656 1590 697 non
1630 638 1938 696 habemus
1979 638 2150 713 quod
2187 636 2428 712 liqueat
2463 659 2476 697 :
2518 638 2676 715 patri
2714 655 2950 698 nomen
2988 641 3202 699 Basilii
3248 641 3455 702 fuisse

213 734 350 810 ipse
384 734 468 794 ait
511 735 570 805 2,
607 751 676 795 ac
730 735 996 812 primam
1050 735 1312 811 quidem
1353 736 1674 794 aetatulam
1734 734 1796 790 in
1849 732 2047 808 patria
2091 741 2562 810 parentumque
2612 734 2954 810 disciplina
3001 737 3254 797 videtur
3301 756 3456 797 exta-

210 830 381 908 gisse
439 851 454 894 :
495 829 641 891 inde
681 831 1042 892 studiorum
1098 847 1286 890 causa
1340 828 1963 905 tinustantinopolim
2003 837 2302 902 tauquam
2345 829 2419 886 ad
2454 833 2717 889 domum
2770 834 3110 908 quamdam
3148 837 3459 894 doctrina

213 926 560 1002 profectus,
596 928 682 987 ibi
716 945 772 988 a.
808 930 946 999 906,
983 945 1185 988 mens.
1221 928 1454 1004 Apri|.,
1488 943 1668 987 sacro
1692 927 1961 986 solemni
2005 928 2448 999 Ascensionis,
2492 936 2664 988 motu
2703 929 2994 1005 populari
3029 928 3092 988 in
3136 929 3462 1005 Nicepho-

215 1039 353 1081 rum
405 1022 654 1095 eﬂ'ecto,
693 1023 1144 1101 imperatorem
1198 1023 1506 1101 gradatim
1541 1041 1654 1100 per
1715 1024 1941 1082 urbem
2002 1025 2398 1101 equitantem
2459 1025 2816 1102 conspexit,
2855 1026 3288 1103 virtutemque
3323 1027 3462 1105 ejus

212 1127 270 1178 et
317 1118 521 1178 animi
556 1120 918 1180 ﬁrmitatem
950 1121 1208 1197 [XVlll]
1244 1119 1302 1178 vi
1365 1119 1608 1180 furiosa
1661 1118 1868 1197 plebis
1915 1121 2275 1194 perturbari
2328 1121 2822 1198 haudquaquam
2875 1138 3060 1197 posse
3108 1122 3463 1184 admiratus

211 1228 327 1274 est.
366 1216 513 1275 Hmc
542 1233 611 1275 se
644 1217 1128 1277 adolescentulo
1161 1215 1468 1276 accidisse
1501 1215 1728 1276 scribit
1759 1214 1855 1273 ἰιΟ.
1901 1214 1986 1274 Ita
2021 1216 2074 1276 si
2110 1217 2483 1287 statuimus,
2521 1234 2575 1277 a.
2616 1219 2734 1278 966
2786 1236 2931 1278 eum
2970 1218 3180 1292 egisse
3216 1236 3458 1278 annum

211 1310 467 1370 circiter
495 1318 744 1371 sextum
782 1320 840 1372 et
883 1312 1232 1381 decimum,
1283 1311 1602 1388 sequitur,
1644 1318 1860 1369 natum
1895 1329 2033 1371 esse
2077 1315 2198 1373 sub
2249 1329 2305 1373 a.
2360 1315 2496 1374 950.
2542 1313 2717 1374 Circa
2759 1331 2815 1374 a.
2861 1316 3001 1384 9'73,
3036 1330 3192 1392 quo,
3227 1315 3463 1375 Basilio

214 1414 648 1479 exauctorato,
687 1407 1003 1468 Antonius
1034 1408 1386 1487 patriarcha
1422 1414 1669 1468 creatus
1695 1413 1812 1478 est,
1854 1405 1916 1466 in
1943 1408 2093 1468 Asia
2124 1407 2288 1468 fuit:
2327 1409 2412 1469 ibi
2451 1420 2619 1469 certe
2645 1409 2954 1486 gemellos
2983 1421 3457 1480 munstruosos,

212 1502 476 1577 i-uperii
546 1503 908 1580 provincias
970 1506 1309 1574 obeuntes,
1371 1505 1594 1564 crebro
1650 1519 1718 1562 se
1763 1503 1999 1562 vidisse
2033 1505 2219 1563 tradit
2265 1506 2400 1564 102.
2441 1507 2586 1564 Post
2622 1505 2953 1582 aiiquauto
2987 1506 3050 1564 in
3103 1505 3452 1580 collegium

220 1598 626 1657 sacerdotum
681 1598 1104 1676 palatinorum
1166 1601 1424 1668 ascitus,
1487 1614 1542 1657 a.
1590 1600 1725 1668 981,
1782 1616 1924 1658 cum
1966 1599 2241 1660 Basilius
2305 1600 2459 1676 imp.
2518 1617 2748 1677 magno
2808 1611 3111 1678 apparatu
3172 1599 3465 1676 Bulgaris

228 1693 470 1751 bellum
508 1693 801 1764 inferret,
839 1695 1196 1772 castrisque
1238 1694 1314 1754 ad
1369 1694 1745 1771 St0p0nium
1783 1696 2010 1772 positis
2069 1696 2455 1755 Triaditzam
2500 1705 2901 1773 oppugnaret
2937 1697 3144 1772 (Cedr.
3180 1697 3261 1766 ll,
3295 1696 3461 1771 095),

213 1788 467 1847 diaconi
529 1807 795 1849 munere
861 1789 1141 1866 fungens
1187 1801 1446 1849 secutus
1499 1791 1870 1848 comitatum
1913 1798 2007 1849 cst
2056 1790 2601 1868 :iegionibusque
2662 1800 3014 1850 retrorsum
3052 1791 3267 1865 raptis,
3315 1807 3463 1850 cum

220 1883 546 1943 exercitus
585 1887 964 1962 perterritus
1017 1884 1408 1946 interneciva
1443 1885 1622 1944 clade
1655 1884 1720 1944 in
1756 1885 1985 1946 itinere
2019 1885 2400 1958 afﬁceretur,
2441 1889 2576 1962 ipse
2639 1904 2669 1946 e
2709 1888 3130 1962 Bulgarorum
3177 1889 3464 1965 undique

213 1981 692 2054 provolantium
732 1982 1031 2042 manibus
1091 1981 1251 2060 (107)
1299 1999 1463 2058 aegre
1498 1980 1720 2041 evasit.
1757 1983 1965 2054 Quare
1999 1983 2232 2057 Opinor
2264 1982 2329 2042 in
2371 1981 2676 2049 Historia,
2715 1982 2970 2060 quoties
3005 1984 3244 2043 Moesiae
3277 2001 3462 2041 nien-

214 2078 456 2138 tionem
507 2079 656 2138 facit
696 2078 895 2157 (velut
927 2079 1050 2153 38),
1089 2086 1361 2138 tremere
1395 2085 1453 2137 et
1499 2078 1906 2139 exalbescere
1949 2087 2248 2155 tanquam
2283 2077 2524 2153 objecta
2568 2078 2835 2160 terribili
2879 2097 2944 2138 re
2983 2078 3256 2148 videtur,
3299 2078 3462 2138 nihil

217 2184 280 2232 ut
319 2175 421 2242 sit,
454 2176 626 2252 quod
666 2193 847 2253 teque
879 2174 936 2236 ei
971 2173 1383 2234 formidinem
1419 2173 1591 2233 dicas
1623 2175 1947 2251 iujecisse.
1981 2176 2187 2244 Quem
2225 2182 2440 2250 postea
2477 2175 2754 2233 tenuerit
2790 2173 2930 2232 vitae
2956 2191 3215 2234 cursum
3249 2192 3464 2250 neque

212 2273 353 2349 ipse
387 2271 649 2342 indicat,
687 2290 899 2349 neque
961 2270 1068 2330 alii
1108 2272 1411 2331 tradunt:
1465 2271 1590 2330 nisi
1627 2287 1774 2330 vero
1809 2272 1861 2329 si
1915 2272 2061 2348 quis
2099 2277 2218 2342 est,
2257 2269 2367 2346 qui
2407 2271 2619 2329 addita
2654 2271 2911 2329 demum
2947 2280 3127 2330 aetate
3178 2289 3210 2330 δ
3245 2289 3464 2331 rerum

215 2367 798 2428 ecclesiasticarum
833 2385 978 2428 cum
1015 2384 1160 2428 eum
1205 2368 1552 2427 abduxisse
1608 2384 1748 2425 sese
1804 2375 1999 2444 putet,
2042 2373 2232 2441 atque
2285 2365 2350 2424 in
2387 2382 2738 2436 secessum,
2774 2366 3078 2426 Historia:
3117 2367 3467 2426 condendm

215 2479 432 2534 causa,
467 2480 533 2522 se
567 2464 915 2541 recepisse.
957 2463 1217 2524 Constat
1252 2469 1447 2534 certe,
1488 2479 1610 2522 non
1655 2463 1864 2521 exisse
1899 2462 2316 2537 scriptionem
2351 2469 2495 2519 ante
2531 2481 2584 2518 ει.
2622 2462 2758 2528 989,
2793 2477 2922 2538 quo
2953 2463 3188 2520 Bardas
3228 2462 3466 2521 Pbocas

218 2567 437 2618 contra
497 2559 806 2619 Basilium
876 2559 1033 2637 imp.
1098 2559 1414 2619 rebellans
1463 2575 1812 2636 Oppressus
1885 2564 1980 2616 est
2035 2577 2051 2615 :
2123 2557 2363 2632 quippe
2418 2556 2555 2630 ejus
2621 2556 2923 2616 interitus
2995 2556 3272 2617 refertur
3320 2557 3455 2616 108.

217 2654 626 2731 Expugnatio
665 2653 1032 2726 Chersonis,
1077 2655 1153 2715 de
1191 2671 1314 2731 qua
1363 2651 1497 2724 108,
1535 2661 1591 2712 et
1628 2668 1796 2713 mors
1847 2651 2063 2712 Basilii
2105 2651 2396 2728 prtcsidis
2440 2652 2625 2729 (100),
2663 2669 2830 2711 anno
2879 2661 3024 2713 aute
3069 2653 3466 2713 acciderunt.

219 2751 384 2810 Num
419 2748 767 2810 consilium
805 2748 1005 2810 fuerit
1039 2749 1260 2823 Leoni,
1304 2749 1469 2809 ultra
1506 2749 1839 2810 Tzimiscm
1874 2755 2139 2808 mortem
2175 2747 2491 2806 deducere
2526 2747 2884 2820 historiam,
2911 2748 3188 2808 dubitari
3229 2756 3461 2822 potest.

217 2846 372 2906 Nam
414 2843 585 2922 quod
635 2844 859 2905 scribit
895 2847 1030 2918 109,
1073 2844 1260 2916 mala,
1298 2862 1410 2922 per
1452 2844 1700 2904 stellam
1756 2845 2047 2904 crinitam
2099 2855 2574 2922 prmmonstrata
2613 2843 2780 2922 (quae
2816 2855 3029 2922 postea
3067 2845 3304 2906 Basilio
3344 2846 3472 2904 im-

220 2947 483 3017 perante
522 2942 929 3019 evenerunt),
963 2957 1081 3002 suo
1115 2941 1406 3019 quidque
1441 2939 1667 2999 ordine
1699 2941 1776 3000 ab
1810 2939 2075 3000 historia
2110 2941 2350 2999 dictum
2389 2939 2493 3010 iri,
2527 2940 2586 2998 id
2623 2939 2889 3001 fortasse
2919 2959 3049 3002 non
3097 2942 3187 3001 sic
3215 2941 3466 3001 intelli-

219 3037 501 3108 gendum
546 3041 664 3106 est,
699 3035 884 3112 quasi
931 3035 1068 3112 ipse
1115 3036 1239 3095 sibi
1273 3053 1344 3096 ea
1389 3042 1731 3113 seponeret
1776 3037 2113 3107 narranda,
2151 3037 2260 3095 sed
2321 3036 2703 3112 generatim,
2735 3037 2881 3097 aliis
2930 3053 3001 3097 ea
3046 3036 3469 3114 scriptoribus

221 3132 552 3194 materiam
586 3131 838 3191 dicendi
876 3131 1241 3209 prtebitura.

297 3255 408 3313 Vl.
457 3254 626 3330 Ergo
673 3253 790 3314 tria
831 3253 1239 3331 potissimum
1298 3253 1488 3326 bella,
1543 3254 1885 3323 Creticum,
1939 3253 2323 3320 Asiaticum.
2384 3253 2752 3322 Russicum,
2801 3249 3214 3312 formidolosa
3261 3260 3460 3330 atque

220 3348 529 3420 difficilia,
562 3349 899 3409 scribenda
936 3350 1059 3410 sibi
1093 3352 1394 3428 sumpsit,
1429 3350 1788 3428 afferreque
1821 3350 2039 3410 lumen
2083 3349 2283 3410 voluit
2323 3351 2513 3410 rebus
2551 3366 2662 3408 sna
2688 3357 2867 3409 aetate
2901 3349 3042 3424 (959
3076 3381 3150 3391 -
3177 3349 3316 3424 9'15)
3354 3365 3469 3424 ge-

218 3446 357 3506 stis.
394 3446 515 3504 Sed
550 3451 975 3522 estmagnum
1011 3461 1250 3506 munus
1283 3447 1576 3518 historia,
1626 3455 1686 3508 et
1720 3465 1795 3506 ex
1828 3446 2001 3506 omni
2044 3446 2380 3524 scriptum
2427 3461 2661 3524 genere
2695 3461 2892 3522 prOpe
2931 3445 3132 3504 dicam
3170 3443 3471 3504 difﬁcilli-

221 3558 426 3602 mum.
467 3540 627 3600 Sunt
673 3539 1026 3618 unicuique
1061 3542 1297 3602 saeculo
1350 3559 1485 3602 sum
1535 3543 1843 3603 crecitates
1896 3543 2131 3603 mentis
2191 3563 2206 3601 :
2261 3554 2351 3608 ut.
2385 3542 2681 3621 quamvis
2740 3550 2958 3602 uetera
3018 3542 3262 3602 ratione
3307 3551 3472 3600 recta

213 3638 481 3714 judicet,
522 3635 587 3694 in
621 3635 1003 3712 quibusdam
1039 3644 1248 3697 tamen
1287 3638 1521 3698 erroris
1561 3646 1750 3713 atque
1789 3636 2205 3698 hebetudinis
2248 3640 2332 3698 sit
2361 3639 2949 3699 condemnandum.
2986 3636 3304 3695 Inﬁnitam
3343 3635 3470 3694 vim

220 3731 456 3790 habent
518 3729 888 3807 religiones.
944 3729 1265 3806 instituta,
1354 3732 1689 3806 factiones,
1742 3744 1929 3794 sectae
1968 3755 1981 3794 :
2018 3751 2144 3795 non
2192 3736 2393 3810 [XIX]
2456 3751 2585 3795 uno
2642 3735 2832 3794 modo
2876 3731 3236 3810 praestringi
3298 3733 3466 3790 acies

222 3825 457 3886 mentis
489 3823 655 3885 solet
692 3825 944 3886 saeculis
982 3827 1171 3887 cultis
1205 3836 1265 3888 et
1305 3828 1602 3899 eruditis,
1641 3828 1877 3888 nedum
1941 3831 2190 3906 asperis
2225 3841 2283 3890 et
2319 3829 2767 3891 tenebricosis.
2809 3830 3093 3898 Accedit,
3137 3838 3200 3887 ut
3233 3826 3470 3886 Leonis

221 3929 370 3982 tetas
402 3921 842 3998 eloquentiam
897 3930 1164 3998 poneret
1195 3924 1261 3982 in
1311 3923 1559 3994 florida,
1592 3933 1659 3982 ut
1706 3924 1792 3982 ita
1823 3923 2355 3992 dicam,oratione
2389 3948 2402 3985 :
2434 3943 2578 3985 cum
2624 3940 2915 4001 magnam
2963 3942 3031 3982 se
3083 3922 3367 4000 quisque
3403 3921 3470 3980 in

218 4015 492 4076 dicendo
550 4014 803 4074 laudem
849 4016 1147 4092 adeptum
1215 4025 1491 4094 putaret,
1542 4017 1620 4089 si,
1680 4015 1880 4076 multa
1938 4018 2278 4078 acervatim
2335 4017 2710 4094 complexus
2759 4025 3156 4086 ornamenta,
3209 4015 3472 4092 poetitae

219 4109 528 4170 dictionis
572 4109 981 4170 aemulatione
1034 4112 1494 4187 grandioribus
1539 4111 1772 4184 verbis,
1814 4121 1876 4171 et
1919 4113 2122 4184 duris,
2159 4131 2238 4173 ne
2285 4112 2523 4191 ineptis
2578 4112 2810 4186 dicam,
2853 4110 3245 4189 metaphoris
3300 4120 3471 4170 esset

221 4222 403 4265 usus.
444 4207 657 4282 Atque
712 4203 882 4264 haud
915 4204 1048 4265 scio
1079 4221 1293 4265 annon
1336 4207 1688 4283 quidquam
1740 4206 1937 4282 magis
1969 4207 2256 4269 historiae
2303 4207 2558 4279 Oificiat,
2599 4224 2792 4284 quam
2841 4205 3094 4266 fucatus
3143 4205 3468 4282 ejusmodi

220 4305 360 4364 sine
408 4303 718 4379 dignitate
776 4302 952 4362 color
985 4327 998 4363 :
1034 4304 1288 4380 quando
1338 4303 1426 4364 ita
1465 4303 1667 4363 nimio
1716 4301 2224 4363 calamistrorum
2278 4320 2398 4362 usu
2449 4302 2688 4363 incedit
2724 4302 2952 4374 oratio,
2987 4309 3054 4362 ut
3086 4309 3146 4361 et
3180 4303 3467 4361 sermoni

223 4400 401 4477 lepos
429 4398 646 4458 omnis
675 4397 1014 4470 adimatur,
1050 4406 1112 4458 et
1147 4415 1361 4458 rerum
1417 4397 1806 4476 expositioni
1849 4398 2026 4457 ﬁdes.
2068 4399 2130 4457 Id
2187 4397 2414 4458 vitium
2464 4400 2616 4469 Leo,
2661 4397 2908 4458 tametsi
2945 4414 3073 4456 non
3107 4397 3265 4457 adeo
3297 4397 3471 4456 insa-

223 4495 349 4554 niat
379 4509 576 4572 quam
616 4492 1133 4570 Theophylactus
1184 4494 1525 4556 Simocatta
1571 4502 1675 4554 aut
1708 4493 1956 4553 Nicetas
1998 4493 2338 4554 Choniates
2384 4493 2474 4571 (in
2528 4493 2931 4554 orationibus
2966 4492 3322 4570 praacipue,
3359 4491 3470 4552 ubi

221 4588 603 4666 cumprimis
637 4588 912 4664 cupiunt
963 4589 1184 4648 diserti
1224 4588 1479 4666 videri),
1516 4589 1798 4666 effugere
1862 4596 2073 4649 tamen
2123 4590 2300 4650 omni
2353 4607 2430 4649 ex
2494 4585 2667 4666 parte
2702 4606 2829 4650 non
2867 4589 3095 4665 potuit,
3129 4588 3470 4664 felicisque

219 4685 490 4744 {Ortasse
525 4681 770 4757 ingenii
830 4698 1092 4741 cursum
1148 4682 1656 4759 Oppressltillud
1703 4691 2002 4760 tanquam
2056 4684 2324 4762 adipataa
2381 4685 2684 4746 dictionis
2735 4684 3046 4744 studium.
3096 4684 3391 4758 Cumque
3431 4697 3465 4740 a

223 4780 380 4839 Divo
409 4776 609 4847 Juiio,
647 4778 857 4854 primo
890 4779 978 4838 De
1035 4776 1345 4856 analogia,
1383 4779 1623 4838 dictum
1663 4778 1768 4848 sit,
1818 4785 2120 4854 tanquam
2163 4779 2502 4856 scopulum
2558 4779 2649 4839 sic
2679 4778 3059 4857 fugiendum
3107 4777 3470 4838 inauditum

222 4884 409 4951 atque
470 4870 762 4932 insolens
817 4873 1080 4934 verbum
1143 4890 1305 4945 esse,
1361 4875 1488 4934 Leo
1552 4882 1769 4934 contra
1821 4874 2004 4952 quasi
2063 4878 2366 4951 quasdam
2428 4883 2642 4935 cautes
2721 4875 3097 4935 reformidat
3157 4873 3472 4934 vocabula

224 4971 452 5031 idonea
489 4973 551 5026 et
607 4968 863 5028 usitata.
902 4969 1135 5028 Vocem
1193 4976 1418 5044 ἀδελφὸς
1473 4985 1611 5029 raro
1666 4985 1879 5047 usurp.

1815 4976 1934 5047 'pat
1968 4993 1980 5029 :
2017 4970 2407 5030 creberrime
2463 4979 2823 5048 αὐτάδελφος,
2873 4981 3148 5050 ὁμαίμων,
3189 4978 3470 5046 σύναιμος.

224 5075 399 5140 Πέλω,
429 5070 637 5124 τελέθω
656 5064 750 5144 (ut
775 5073 945 5124 certe
969 5065 1198 5142 scripsi
1220 5066 1345 5144 90),
1370 5074 1558 5139 τελέω,
1595 5074 1846 5143 ὑπάρχω,

1818 5095 1846 5137 ι,
1882 5077 2096 5144 πὲφῃνα
2127 5068 2247 5148 (60,
2274 5069 2396 5145 93),
2421 5078 2658 5144 πέφυκα,
2694 5077 3038 5147 χρηματίζω,
3064 5067 3159 5126 vel
3186 5064 3473 5143 quidvis,

225 5164 438 5240 potius
468 5159 730 5220 adhibet
764 5179 954 5240 quam
981 5173 1120 5242 εἰμί’
1153 5169 1539 5241 ἀκουτξζόμαι,
1570 5171 1853 5241 ὃιενηχέω,

1812 5190 1853 5235 ›,
1897 5171 2208 5235 διενωτεζω,
2253 5167 2490 5229 ἐνωτίξω
2521 5165 2735 5239 potius
2767 5180 2958 5241 quam
2989 5169 3196 5223 ἀκούω.
3228 5161 3467 5220 Passim

224 5273 488 5336 quoque
551 5256 766 5317 verbis
805 5261 1076 5320 vetustis
1127 5279 1158 5321 e
1195 5259 1536 5338 poetisque
1592 5263 1795 5318 erutis
1851 5259 2206 5319 orationem
2258 5264 2560 5335 tanquam
2603 5258 2809 5318 stellis
2867 5261 2960 5336 (ut
3015 5257 3141 5318 sibi
3195 5256 3472 5331 videtur)

222 5364 421 5416 Ornat.
503 5363 810 5431 ’Υπιωγαῖς
861 5364 950 5429 22,
998 5357 1272 5436 arripuit
1323 5373 1400 5417 ex
1448 5355 1734 5432 Odyssea
1793 5356 1863 5416 E.

1816 5357 1863 5416 Ξ.
1926 5355 2064 5426 ΙιΟῐι,
2116 5354 2226 5416 ubi
2286 5371 2459 5415 nunc
2507 5355 2786 5432 legimus
2836 5361 3092 5430 ὲπιωγαίυ
3128 5360 3306 5422 Νέων,
3359 5369 3471 5410 ea-

225 5452 389 5524 dens,
425 5455 534 5526 27,
592 5471 626 5514 e
662 5456 1076 5532 grammatico
1131 5452 1375 5532 aliquo,
1419 5452 1651 5530 Opinor
1701 5450 1856 5529 (vid.
1893 5449 2525 5528 perspicacissimum
2582 5451 2812 5512 Graecae
2845 5448 3260 5528 prOprietatis
3293 5444 3467 5507 arbi-

227 5555 384 5610 trum
412 5550 592 5610 Prid.
627 5551 793 5626 Aug.
825 5548 1025 5610 Wolf.
1054 5548 1412 5628 Prolegom.
1453 5549 1559 5621 ιν,
1598 5548 1694 5628 18)
1738 5568 1751 5606 :
1787 5546 1910 5608 nisi
1951 5545 2040 5606 ibi
2070 5546 2240 5608 dicas
2272 5553 2407 5609 νεὼν
2446 5545 2817 5625 legendum,
2861 5547 3131 5625 ejusque
3184 5544 3465 5623 glossam

281 5713 296 5730 ‘
319 5713 549 5773 Numeri,
576 5713 660 5763 hic
683 5719 735 5764 et
775 5713 912 5773 infra,
940 5713 1140 5776 paginas
1164 5711 1281 5760 edit.
1323 5713 1476 5760 Paris.
1507 5710 1741 5771 principis
1776 5715 2157 5771 reprasentanl,
2207 5723 2330 5769 quas
2363 5711 2496 5759 inter
2541 5722 2691 5758 uncos
2731 5713 2780 5759 in
2825 5707 3180 5821 texi—ta???“
3204 5702 3472 5767 posuimus.
