4190 6534
731 406 842 471 διδ
1958 403 2018 460 c.
2060 401 2126 458 B.
2167 399 2382 461 uasu

2342 401 2382 460 II
2422 398 2837 462 PR/EFATIO.
3887 403 3997 472 6“.

723 538 868 582 esse
910 529 1232 599 ἐκκλησίαν,
1271 520 1592 582 excidisse
1643 525 1852 582 autem
1887 525 2240 596 ἀῳικόςιενος,
2282 516 2376 576 vel

2332 516 2376 576 ei
2416 518 2538 580 tale
2584 517 2860 598 aliquid.
2898 527 3119 597 "0100;,
3150 527 3242 590 δὲ,
3274 517 3753 600 signiﬁcatione
3803 526 3987 603 τερα.

725 635 940 678 rarum
989 625 1107 690 est,
1175 615 1270 676 vel
1343 617 1510 692 apud
1571 623 1808 691 poetas.
1864 615 2146 674 Verbum
2221 613 2378 672 obso

2342 611 2583 671 oletum
2664 617 2952 688 προσέπω,
2990 611 3162 670 unde
3222 623 3572 690 προσειπεῖν,
3642 614 3838 678 habet
3888 618 3991 681 99.

721 714 843 776 Sed
887 713 1036 774 nolo
1074 713 1320 773 multus
1353 712 1558 772 videri
1595 713 1656 772 in
1697 726 1987 788 re‘quam
2026 709 2192 768 inter
2227 706 2568 784 legendum
2601 706 3058 784 unusquisque
3087 706 3274 770 facile
3309 726 3422 787 per
3461 727 3528 772 se
3567 711 3838 773 nctabit.

804 827 941 886 VII.
1004 826 1199 888 Aliud
1260 827 1494 886 Leonis
1557 825 1791 886 vilium
1861 831 2494 902 estsynonymorum
2539 836 2700 881 vana
2751 820 3206 883 accumulatio.
3275 823 3496 886 Sicubi
3554 826 3995 896 σοϐαρευόμενος

724 922 982 1001 scripsit
1035 922 1184 1004 (13),
1252 942 1331 985 ne
1371 941 1592 1000 parum
1650 923 1850 984 multa
1885 922 2073 982 verba
2124 921 2379 982 scisset

2361 918 2693 987 videatur,
2737 918 3047 980 continuo
3081 926 3141 980 et
3197 922 3583 993 γαυρούμενος
3631 925 3992 1004 subjungil,

724 1030 784 1082 et
813 1021 1185 1090 ἐπαιρόμενός
1209 1038 1269 1072 τε
1305 1021 1399 1073 καὶ
1423 1020 1842 1091 βρενθυόμενος.
1889 1020 1990 1080 Sic
2019 1017 2296 1096 singulis
2355 1034 2379 1094 [ξ

2355 1030 2515 1094 pene
2549 1011 2824 1092 paginis.
2862 1013 3192 1090 Ejusmodi
3249 1017 3623 1097 tautologiis
3675 1021 3989 1082 cumulati

724 1128 878 1178 sunt
910 1117 1248 1196 Byzantini
1299 1135 1525 1179 omnes
1580 1119 1772 1179 medii
1813 1116 1929 1178 aevi
1974 1136 1990 1176 :
2028 1132 2144 1175 nec
2187 1115 2314 1174 nisi
2350 1121 2637 1190 tempore
2668 1111 3173 1189 Palmologorum
3207 1115 3286 1176 ab
3316 1115 3675 1179 acrioribus
3709 1119 3997 1197 ingeniis

732 1216 1069 1276 Demetrio
1101 1215 1420 1293 Cydonio,
1453 1217 1624 1292 [XX]
1653 1213 2062 1290 Chrysolora,
2103 1210 2440 1272 Theodoro
2477 1210 2666 1279 Gaza,
2700 1207 3156 1286 Chalcondyla,
3198 1209 3257 1270 id
3287 1228 3492 1289 genus
3517 1214 3777 1275 dicendi
3803 1233 3996 1294 spre-

728 1318 860 1371 tum
895 1320 987 1371 est
1021 1329 1091 1371 ac
1124 1310 1483 1387 repulsum.
1528 1312 1728 1372 Simul
1768 1311 1960 1371 iidem
2014 1308 2205 1387 primi
2259 1313 2586 1382 cceperunt
2637 1304 2850 1365 minus
2909 1305 3235 1368 serviliter
3282 1316 3570 1369 veterum
3621 1311 3866 1389 stylum
3920 1328 3995 1373 ac

725 1407 1053 1468 scribendi
1119 1408 1436 1469 rationem
1485 1409 1750 1471 imitari.
1783 1409 1938 1468 Nam
1974 1412 2142 1477 ante,
2202 1403 2398 1464 veluti
2454 1407 2742 1462 emortua
2777 1399 3023 1477 lingua,
3065 1401 3192 1462 sibi
3250 1401 3376 1480 ipsi
3422 1404 3802 1467 dillidebant
3859 1406 4000 1467 fere

725 1520 986 1568 omnes:
1019 1513 1280 1566 eterant
1315 1514 1613 1581 tanquam
1651 1503 1936 1565 anniculi
1968 1500 2269 1570 infantes,
2306 1498 2414 1576 qui
2451 1496 2711 1558 nonnisi
2747 1497 2814 1558 in
2847 1496 3198 1569 curriculo,
3259 1508 3369 1561 aut
3415 1511 3744 1579 praeeunte
3802 1506 3997 1575 duce,

725 1601 1155 1663 inambulant.
1197 1603 1330 1661 Non
1369 1618 1717 1678 perennem
1755 1618 1825 1661 ac
1860 1607 2232 1676 perpetuam
2273 1605 2402 1656 tum
2443 1591 2844 1670 simplicium
2897 1601 3028 1652 tum
3063 1595 3518 1656 collocatorum
3563 1600 3903 1661 verborum
3937 1607 4002 1661 et

730 1696 928 1755 totius
959 1705 1300 1757 structura)
1329 1697 1826 1758 concinnitatem
1873 1711 2353 1770 numerumque
2386 1691 2882 1764 aemulabantur,
2915 1706 3043 1751 non
3082 1688 3277 1770 (quod
3311 1701 3502 1771 caput
3550 1697 3705 1776 erat)
3740 1699 3999 1757 animos

732 1802 969 1851 erectos
1007 1801 1293 1854 veterum
1337 1815 1350 1850 :
1395 1795 1504 1855 sed
1563 1794 1614 1854 si
1677 1811 1840 1872 quos
1904 1788 2752 1855 existimabantimitatione
2790 1789 3046 1866 dignos,
3089 1806 3313 1852 eorum
3369 1791 3638 1870 phrases
3699 1795 3998 1874 undique

731 1900 1014 1964 arreptas
1047 1893 1120 1948 ad
1161 1891 1420 1949 rei-bum
1471 1889 1936 1950 transferebant
1979 1891 2040 1950 in
2079 1886 2333 1966 propria
2367 1887 2625 1962 scripta.
2664 1886 2887 1962 Neque
2920 1884 3049 1946 alio
3081 1894 3261 1963 pacto
3298 1889 3423 1949 Leo
3455 1889 3608 1967 egit.
3643 1891 4000 1951 Verumta-

734 1999 877 2041 men
917 1983 1082 2042 inter
1111 2001 1254 2041 eum
1287 1995 1346 2042 et
1385 1985 1669 2062 aequales
1705 1985 1918 2063 ipsius
1950 1986 2112 2045 illud
2148 1984 2440 2054 interest,
2469 1981 2640 2058 quod
2675 1979 2766 2051 hi,
2807 1988 3124 2058 quantum
3169 1991 3464 2060 possent,
3499 2000 3725 2047 omnes
3766 2004 4003 2065 prope-

732 2079 991 2136 modum
1055 2078 1351 2139 omnium
1409 2090 1744 2140 auctorum
1812 2081 2135 2142 nobilium
2201 2085 2659 2140 consumerent
2712 2077 2962 2137 arculas
3024 2078 3366 2150 imitando,
3425 2081 3658 2141 Leonis
3689 2099 3905 2143 sermo
3965 2100 4001 2144 e

732 2173 937 2232 tribus
970 2174 1230 2234 demum
1269 2174 1560 2236 fontibus
1593 2175 1880 2248 ﬂuxerit,
1925 2194 1998 2238 ex
2052 2176 2351 2237 versione
2386 2178 2560 2236 LXX
2615 2175 3042 2250 lnterprelum
3079 2176 3305 2251 (libros
3350 2179 3504 2238 Novi
3543 2179 3826 2240 Ftheris
3869 2179 3996 2240 mi-

730 2284 852 2328 nus
911 2272 1135 2330 crebro
1193 2272 1546 2350 compilet),
1584 2290 1663 2333 ex
1703 2275 2009 2345 Homero,
2046 2292 2123 2335 ex
2159 2271 2424 2351 Agathia
2470 2269 2850 2348 Myrinensi.
2885 2270 3039 2331 Inde
3115 2271 3398 2349 piscatus
3453 2282 3548 2334 est
3605 2274 3999 2349 locutiones,

731 2366 970 2444 quibus
1007 2368 1243 2444 scripta
1285 2368 1542 2431 infercit
1603 2378 1664 2432 et
1719 2372 1936 2447 explet
1994 2387 2132 2441 sna,
2207 2377 2504 2445 tanquam
2565 2367 2624 2426 in
2662 2383 2862 2427 unum
2901 2383 3124 2443 agrum
3158 2369 3338 2446 plura
3374 2370 3543 2431 inter
3600 2388 3668 2433 se
3731 2371 3999 2434 inimica

737 2479 1045 2538 spargens
1079 2463 1350 2524 semina.
1387 2465 1504 2526 Sed
1539 2483 1666 2527 non
1724 2467 1920 2528 refert
1952 2466 2165 2527 alieno
2213 2471 2443 2525 ornatu
2479 2461 2885 2539 distinguere
2923 2479 3314 2535 sermonem,
3360 2465 3488 2526 nisi
3521 2483 3722 2543 queas
3753 2468 3816 2529 id
3848 2485 3998 2529 cum

730 2556 981 2635 judicio
1013 2567 1288 2637 apteque
1307 2560 1518 2622 facere
1563 2585 1574 2620 :
1622 2561 1972 2639 minusque
1997 2577 2201 2641 genus
2235 2559 2495 2620 dicendi
2539 2558 2678 2633 ejus
2715 2556 3042 2618 videretur
3075 2559 3563 2632 inconcinnum,
3595 2561 3675 2634 si,
3699 2563 3999 2640 deposito

731 2655 909 2715 omni
951 2655 1298 2717 rhetorices
1322 2658 1622 2736 strepitu,
1652 2658 2056 2720 Constantini
2094 2657 2678 2735 Porpbyrogenetae
2708 2652 3008 2730 exemplo
3044 2653 3139 2713 vel
3171 2655 3246 2714 ad
3298 2654 3536 2716 inﬁmae
3588 2657 3796 2734 plebis
3849 2676 4000 2720 ora-

734 2749 975 2812 tionem
1012 2753 1134 2811 Leo
1165 2770 1306 2814 sese
1329 2753 1690 2832 deiecisset.
1730 2756 1788 2815 Is
1821 2764 2036 2816 contra
2091 2752 2381 2832 Agathia,
2441 2750 2628 2826 cujus
2692 2748 3329 2826 grandiloquentiam
3358 2757 3419 2812 et
3451 2754 3841 2814 cothurnum
3897 2757 4001 2816 vix

733 2864 908 2909 nunc
965 2847 1266 2920 ferimus,
1332 2851 1588 2912 videtur
1650 2851 1975 2930 prthipue
2017 2853 2394 2911 delectatus.
2434 2845 2570 2904 Hoc
2631 2843 3065 2904 demonstravi
3128 2844 3339 2907 allatis
3404 2846 3472 2907 in
3523 2849 4002 2913 Commentario

734 2943 1133 3022 (Velut206‘)
1178 2944 1356 3004 illius
1393 2944 1576 3016 locis,
1599 2964 1725 3007 non
1763 2947 2006 3025 ubique
2049 2955 2288 3006 tamen:
2312 2959 2457 3002 nam
2483 2942 2698 3004 omnia
2727 2942 2992 3003 minima
3021 2944 3297 3004 maxima
3327 2946 3592 3025 vestigia
3618 2945 4001 3010 imitationis

737 3038 1046 3115 colligere
1108 3042 1403 3118 putidum
1440 3050 1573 3103 erat
1631 3061 1745 3103 nec
1777 3045 2176 3104 conducebat
2208 3041 2562 3117 quidquam
2603 3041 2678 3099 ad
2721 3040 3002 3099 auctoris
3032 3057 3176 3100 cum
3217 3041 3806 3117 interpretationem
3869 3054 4000 3105 tum

741 3135 1344 3197 eme-ndationetnE
1393 3139 1727 3215 Pl‘UCOpiO,
1756 3139 2084 3218 jejuniore
2141 3139 2308 3217 style
2343 3153 2441 3196 res
2491 3142 2818 3203 tractante,
2862 3135 3021 3194 nihil
3095 3135 3350 3196 videtur
3379 3138 3739 3214 sumpsisse
3771 3151 4004 3216 praeter

740 3230 1156 3290 sententiolas
1191 3235 1520 3307 quasdam,
1556 3234 1824 3294 exordio
1854 3243 1916 3294 et
1948 3233 2354 3294 orationibus
2398 3229 2631 3307 passim
2688 3231 2984 3289 insertas.
3031 3232 3254 3309 Neque
3295 3249 3567 3310 usquam
3609 3234 3739 3294 ullo
3792 3236 3997 3296 vesti‘

735 3326 1348 3404 giodeprebemlere
1389 3328 1557 3401 licet,
1601 3329 1941 3407 primarios
1980 3331 2324 3406 scriptores
2361 3325 2870 3402 :Thucydidem,
2919 3327 3285 3404 Polybium.
3323 3328 3761 3398 Plutarchum,
3810 3333 3893 3391 ab
3926 3349 4004 3393 eo

743 3439 886 3481 esse
937 3429 1395 3498 pervolutatos.
1452 3425 1759 3485 Praeterea
1811 3424 2096 3498 reperies
2150 3424 2216 3484 in
2257 3440 2332 3485 eo
2391 3424 2776 3502 plerumque
2821 3430 3064 3494 τοιοῦτος
3101 3425 3423 3501 positum.
3466 3427 3577 3486 ubi
3619 3427 3809 3487 Αιῐὶοἱ
3848 3429 4004 3493 οὗτος

741 3519 1506 3595 scripsissent.Similiter
1531 3539 1718 3582 usum
1751 3522 2215 3582 creberrimum
2257 3520 2730 3597 praepositionis
2761 3530 2902 3582 κατὰ
2936 3537 3049 3598 pro
3081 3530 3152 3579 ὲν
3197 3522 3394 3595 velut,
3419 3532 3488 3584 ut
3520 3523 3638 3586 hoc
3678 3525 4000 3592 utar.108,

744 3627 854 3686 τοῖς
875 3627 1013 3678 κατὰ
1029 3625 1127 3694 τὴν
1164 3624 1349 3678 Ἀσίαν
1375 3627 1751 3688 στασιάζωσι,
1772 3617 2220 3678 rebellantibus
2249 3620 2314 3676 in
2337 3618 2399 3676 A.

2350 3617 2768 3676 Asia.Verum
2793 3617 2924 3678 haec
2949 3617 3004 3676 ei
3041 3619 3405 3678 communia
3436 3636 3580 3680 cum
3608 3621 3853 3680 cmteris
3887 3622 4005 3697 By-

740 3717 1040 3780 zantinis.
1074 3717 1234 3776 lllud
1297 3713 1641 3791 peculiare,
1709 3730 1947 3791 ponere
2006 3714 2400 3773 inﬁnitivum
2447 3713 2674 3785 futuri,
2741 3715 2849 3776 ubi
2885 3714 3106 3774 aoristi
3149 3719 3243 3775 vel
3271 3719 3603 3793 prementis
3641 3728 4001 3796 EXSpBCtCS,

739 3816 1060 3895 praecipue
1099 3821 1237 3887 post
1282 3818 1570 3886 βούλεσθαι
1624 3811 1828 3885 [XXI]
1868 3808 1963 3889 (ut
2010 3809 2111 3880 23,
2150 3809 2250 3886 2h.)
2290 3829 2303 3866 :
2353 3811 2611 3883 deinde,
2659 3811 2828 3872 idem
2885 3813 3296 3886 vocabulum,
3361 3814 3608 3894 aliquot
3661 3815 3858 3877 lineis
3904 3815 4004 3875 in-

745 3909 1052 3990 lerjectis,
1096 3909 1372 3968 libenter
1412 3906 1656 3966 iterari.

821 4032 980 4091 VIII.
1021 4030 1189 4099 Dixi,
1225 4028 1644 4089 criminosius
1677 4027 1969 4094 fortasse,
2018 4044 2252 4105 quaem
2291 4029 2495 4088 Leone
2541 4029 2756 4106 culpet
2791 4029 3030 4108 aliquis
3067 4054 3080 4092 :
3119 4049 3236 4092 nec
3268 4031 3552 4110 profecto
3577 4049 3697 4112 ego
3736 4035 3794 4097 is
3832 4052 3999 4109 sum,

748 4127 861 4205 qui
924 4128 1144 4186 laudes
1205 4123 1538 4199 scriptoris
1598 4121 1990 4198 cujuspiam,
2054 4122 2158 4182 cui
2231 4125 2614 4197 studuerim,
2678 4125 2821 4201 plus
2873 4143 3064 4202 quam
3117 4129 3270 4188 satis
3309 4129 3392 4190 sit
3425 4131 3783 4191 decantem.
3822 4134 4007 4194 Nunc

741 4240 996 4300 inpium
1033 4230 1148 4290 cst,
1183 4236 1327 4296 qua)
1365 4223 1443 4278 ab
1485 4218 1598 4277 illo
1647 4217 1906 4286 faciant,
1957 4217 2109 4277 item
2179 4235 2583 4279 enumerare.
2629 4222 2717 4280 Ac
2756 4220 2962 4297 primo
3026 4223 3289 4299 quidem
3329 4240 3555 4302 magna
3610 4237 3708 4288 est
3771 4229 4006 4289 Leonis

741 4316 1237 4385 commendatio,
1273 4313 1443 4391 quod
1487 4330 1630 4390 quas
1673 4314 1808 4389 ipse
1846 4314 2076 4374 viderit
2112 4314 2342 4374 litteris
2380 4314 2726 4384 mandavit,
2789 4316 3254 4395 babenrlusque
3311 4329 3407 4380 est
3457 4321 3628 4382 inter
3657 4322 4008 4400 scriptores

743 4413 914 4483 illos,
953 4412 1121 4470 unde
1156 4409 1294 4481 alii,
1331 4409 1442 4484 qui
1481 4408 1800 4484 posterius
1832 4407 2126 4476 fuerunt.
2157 4410 2338 4487 quasi
2375 4427 2408 4469 e
2440 4408 2617 4470 fonte
2657 4410 2996 4490 capiteque
3037 4415 3440 4477 narrationes
3473 4434 3688 4478 rerum
3716 4420 4009 4481 deduxe-

744 4517 916 4569 runt.
952 4507 1055 4567 Sic
1129 4505 1469 4582 ScylitZem
1520 4513 1883 4564 mutuatum
1941 4522 2082 4565 esse
2142 4508 2220 4566 ab
2278 4507 2490 4565 Leone
2549 4506 2745 4566 multa
2785 4508 3220 4568 demonstravi
3271 4511 3340 4570 in
3378 4513 3665 4573 notisza
3728 4516 4010 4591 Scylitze

744 4616 957 4665 autem
1001 4603 1217 4662 omnia
1256 4600 1524 4660 minima
1561 4601 1838 4662 maxima
1869 4602 2226 4678 sumpsisse
2261 4603 2622 4664 Cedrenuni
2678 4613 2901 4663 notum
2946 4614 3066 4666 est.
3101 4607 3408 4667 Zonaram
3459 4609 3608 4669 item
3635 4626 3826 4671 usum
3862 4629 4006 4672 eSse

726 4701 1021 4762 tHistoria
1057 4699 1287 4758 Leonis
1319 4697 1595 4758 arbitror
1645 4716 1656 4757 :
1697 4699 1824 4758 vid.
1861 4700 2143 4774 Ducang.
2195 4701 2267 4758 ad
2311 4699 2537 4759 Zonar.
2568 4700 2650 4770 ll,
2689 4702 2826 4760 107.
2870 4701 3134 4779 Pagium
3192 4719 3456 4780 quoque
3482 4721 3560 4765 ex
3612 4715 3833 4768 nostro
3873 4724 4008 4770 non

749 4813 943 4875 pauca
984 4795 1278 4854 videmus
1313 4794 1716 4864 emendasse,
1751 4811 1784 4855 a
1821 4795 2291 4855 recentioribus
2343 4794 2406 4854 in
2465 4794 2709 4854 ratione
2743 4804 3102 4872 temporum
3164 4802 3564 4861 conturbata.
3617 4802 3707 4862 Ita
3756 4805 3836 4864 ab
3892 4803 4011 4866 hac

752 4902 923 4970 parte
952 4908 1080 4951 non
1132 4890 1484 4967 injucunda
1546 4890 1668 4950 erit
1729 4891 2042 4951 studiosis
2101 4890 2555 4969 bistoricisque
2604 4891 2986 4954 hominibus
3011 4897 3404 4973 comparatio
3435 4898 3770 4975 scriptoris
3801 4902 4010 4962 nostri

751 5003 894 5046 cum
933 4986 1202 5062 reliquis
1267 4985 1382 5062 qui
1461 4988 1683 5045 eadem
1752 4987 2175 5047 tradiderunt.
2234 4990 2454 5062 Neque
2517 4995 2704 5065 neget
2745 4989 3116 5066 quisquam,
3154 5008 3255 5052 res
3293 5001 3431 5070 post
3463 4993 3711 5054 obitum
3733 4996 4010 5058 Romani

747 5078 1037 5140 Junioris
1070 5078 1135 5136 in
1171 5077 1318 5136 aula
1343 5085 1550 5154 gestas
1585 5076 1686 5155 (19
1724 5078 1872 5156 sq.),
1911 5080 2336 5140 rebellionem
2397 5084 2632 5142 Leonis
2700 5085 3101 5162 Curopalataa
3134 5087 3281 5165 (90),
3317 5088 3483 5148 bella
3517 5090 3854 5153 Tzimiscaa
3897 5110 4011 5170 per

751 5175 1078 5235 Orientem
1115 5171 1214 5251 (98
1245 5175 1412 5249 sqq.)
1445 5174 1780 5234 commode
1817 5175 2037 5235 abillo
2071 5177 2330 5253 exponi,
2376 5177 2614 5239 bellum
2664 5180 3404 5256 Sphendostlilabianum
3461 5187 3608 5247 fuse
3639 5205 3904 5267 quoque
3935 5207 4011 5252 ac

748 5269 1110 5346 diligenter.
1148 5270 1236 5327 De
1270 5269 1630 5347 Nicephoro
1668 5270 1935 5347 perjurii
1973 5288 2104 5343 reo,
2139 5274 2242 5340 233,
2277 5275 2430 5336 satis
2465 5293 2687 5354 magna
2718 5278 3031 5350 libertate,
3064 5279 3142 5340 de
3168 5281 3486 5344 Tziniisce
3509 5282 3702 5362 hujus
3736 5303 4008 5363 percus-

750 5381 892 5424 sore
932 5381 1152 5423 severe
1195 5371 1256 5424 et
1286 5362 1537 5425 fortiter
1590 5365 1870 5443 scripsit,
1921 5374 1988 5426 ut
2027 5367 2353 5430 hominem
2415 5373 2569 5432 recti
2606 5373 2994 5453 honestique
3027 5375 3395 5438 studiosum
3453 5379 3643 5442 facile
3669 5397 4007 5460 agnoscas.

750 5459 1046 5538 Denique
1085 5461 1390 5532 Leonem,
1455 5461 1858 5538 temporibus
1893 5463 2149 5525 miseris
2182 5473 2241 5524 et
2273 5467 2452 5526 cacis
2483 5467 2559 5528 ad
2616 5467 2950 5530 historiam
2990 5488 3059 5533 se
3083 5471 3546 5549 conferentem,
3580 5477 3808 5557 inique
3833 5495 4010 5539 com-

751 5571 934 5633 pares
979 5572 1122 5615 cum
1164 5555 1766 5633 pronuntiatoribus
1807 5575 2022 5620 rerum
2056 5571 2380 5639 gestarum
2416 5563 2684 5626 ﬂorente
2721 5565 2964 5628 Graecia
2988 5611 3005 5642 ,
3041 5570 3195 5648 qui,
3229 5572 3631 5635 curriculum
3663 5555 3830 5636 nacti
3861 5575 4012 5637 feli-

751 5651 915 5723 cius,
949 5667 1141 5712 aurea
1185 5652 1498 5714 orationis
1528 5652 1830 5716 facultate
1868 5654 1995 5729 usi,
2031 5656 2147 5717 toti
2182 5664 2492 5718 terrarum
2527 5657 2667 5717 orbi
2706 5667 2899 5737 atque
2933 5660 3241 5722 omnibus
3286 5663 3550 5724 saeculis
3609 5665 4010 5744 cOgnitionis

753 5746 1232 5826 eteloquentim
1279 5747 1635 5812 clarissima
1696 5750 1944 5812 lumina
2001 5755 2350 5818 accendere
2402 5761 2778 5826 potuerunt.
2828 5757 3056 5820 Noster
3102 5757 3374 5837 judicio,
3419 5761 3733 5828 doctrina.
3765 5777 4010 5836 genere

860 5863 982 5916 Vide
1004 5864 1217 5919 Iudicem
1253 5866 1300 5918 τ’
1318 5868 1566 5933 Agathiaa.
1595 5871 1727 5922 EDIT.
1755 5872 1907 5924 Pam.
