4190 6534
171 382 274 449 645
1383 381 1445 441 C.
1487 380 1554 440 B.
1594 378 1806 439 IIASII

1789 379 1806 437 [
1849 378 2268 441 PR£FATIO.
3335 380 3444 444 616

175 497 457 570 dicendi,
490 496 859 575 exprimere
895 495 1126 557 debuit
1160 500 1521 573 temporum
1562 508 1830 554 suorum
1866 492 2243 570 imaginem.
2284 494 2714 572 Quapropter,
2754 492 2943 556 modo
3002 492 3214 554 lucem
3251 494 3444 556 addat

174 596 366 654 rebus
398 610 470 653 ea
501 601 685 655 astate
720 592 919 669 gestis
952 592 1152 671 (quod
1191 590 1477 670 profecto
1510 587 1706 667 facit),
1734 588 1919 649 facile
1951 588 2238 651 feramus
2270 607 2417 650 eum
2474 589 2841 667 astrologiae
2869 590 3054 651 fidem
3110 589 3443 664 habuisse,

175 690 309 763 10's,
346 690 645 769 exiguam
680 689 1096 767 geographiae.
1124 688 1418 749 notitiam
1453 687 1747 765 prodere,
1779 687 1879 757 80,
1910 684 2195 747 historiae
2225 688 2488 758 veteris,
2516 686 2615 747 92.
2642 686 2979 765 —Polybii
3014 703 3287 748 acumen
3325 687 3449 746 mi-

173 801 416 854 ramur,
452 784 779 846 Plutarchi
814 783 1081 857 litteras,
1116 782 1379 862 cepiam'
1407 783 1765 845 Strabonis.
1801 782 1927 854 Qui
1964 783 2119 867 tanti
2152 782 2272 870 viri
2310 790 2503 859 atque
2531 783 2710 854 tales,
2754 781 3079 861 praesidiis
3110 783 3457 861 sapientia;

172 878 611 959 circumsepti,
654 880 713 941 si
744 897 1002 942 errores
1040 880 1392 957 deponere,
1433 878 1651 956 lapsus
1683 876 1881 939 vitare
1915 894 2142 940 omnes
2180 895 2307 939 non
2356 886 2732 957 potuerunt,
2774 880 2924 959 quis
2967 887 3090 940 tam
3137 881 3316 943 rudis
3349 887 3457 942 est

172 983 536 1055 temporum
577 977 1112 1056 Byzantinorum,
1148 976 1262 1055 qui
1295 976 1573 1061 Leonem
1609 973 1669 1034 id
1708 974 1996 1051 potuisse
2035 968 2276 1053 putet?

247 1091 353 1149 IX.
394 1076 585 1152 Hunc
616 1091 839 1168 igitur,
891 1089 1004 1151 illa
1061 1090 1301 1151 virtute
1360 1089 1685 1159 historica,
1746 1106 2153 1166 quaecunque
2182 1095 2299 1161 est,
2342 1091 2705 1165 prmditum,
2742 1093 2974 1169 [XXII]
3033 1094 3453 1155 conservavit

177 1186 361 1247 nobis
399 1203 571 1247 unus
601 1187 871 1248 omnino
901 1187 1101 1249 codex
1144 1185 1561 1247 Bibliothecaa
1592 1184 1830 1264 Regius,
1870 1186 2164 1261 signatus
2227 1186 2411 1264 prius
2466 1187 2647 1257 2561,
2685 1205 2859 1247 nunc
2920 1190 3098 1260 1712,
3158 1189 3313 1250 olim
3376 1192 3450 1251 in

174 1283 578 1361 supellectile
612 1284 920 1346 litteraria
972 1283 1317 1363 Raphaelis
1349 1283 1635 1346 Tricheti
1691 1284 1780 1344 du
1817 1267 2254 1358 Fresne:qui
2314 1282 2624 1343 causidici
2693 1283 3178 1357 Burdigalensis
3240 1287 3442 1358 titius,

174 1395 317 1440 cum
392 1396 624 1460 magno
675 1381 1024 1443 duceretur
1067 1370 1393 1443 librorum
1425 1380 1973 1457 acquirendarum
2007 1378 2247 1448 studio,
2281 1380 2626 1455 Hispanias
2681 1380 3066 1459 Italiamque
3124 1384 3322 1444 semel
3385 1390 3453 1445 et

174 1478 413 1555 saepius
444 1486 754 1557 regnante
780 1479 1112 1541 Ludovico
1145 1480 1293 1540 XIII
1325 1496 1475 1557 rege
1515 1474 2075 1539 Christianissimo
2105 1473 2200 1533 sic
2231 1474 2501 1545 obierat,
2541 1482 2634 1550 ut,
2684 1474 2992 1554 inspectis
3053 1479 3287 1554 passim
3324 1479 3444 1540 ho-

173 1573 425 1634 minum
461 1574 919 1637 historicorum
954 1575 1261 1649 librariis,
1297 1573 1625 1653 propriam
1690 1569 2147 1632 bibliothecam
2209 1570 2601 1647 locupietare
2661 1571 2812 1632 inde
2876 1583 3243 1637 conaretur.
3276 1578 3336 1637 Is
3368 1592 3447 1637 ex

171 1670 354 1731 Italia
381 1669 558 1731 hunc
584 1671 870 1732 codicem
892 1672 960 1733 in
982 1671 1255 1733 Galliam
1274 1669 1657 1749 deportavit,
1683 1673 1954 1729 testante
1977 1665 2363 1727 Combelisio
2395 1666 2640 1745 Origin.
2664 1668 3003 1745 Cpol.265.
3024 1672 3270 1750 Deinde
3295 1690 3446 1735 cum

172 1766 298 1826 vita
332 1766 725 1828 excessisset
756 1768 1123 1840 Trichetus,
1164 1768 1219 1829 J.
1257 1769 1327 1829 Β.
1362 1767 1722 1837 Colbertus,
1767 1762 2097 1825 Ludovico
2154 1764 2299 1824 XIV
2367 1764 2599 1841 Magno
2637 1765 2991 1826 abintimis
3024 1767 3319 1828 consiliis
3383 1777 3446 1830 et

170 1863 494 1940 generalis
534 1864 744 1925 aerarii
782 1866 1163 1936 moderator,
1202 1865 1388 1942 cujus
1422 1860 1808 1925 immortalis
1841 1860 2001 1920 vivit
2034 1859 2337 1937 vivetque
2364 1863 2446 1921 ob
2480 1862 2788 1922 beneficia
2820 1863 2885 1922 in
2912 1864 3182 1925 Galliam
3215 1867 3443 1928 collata

172 1959 506 2032 memoria,
546 1960 704 2021 emit
753 1960 831 2021 de
867 1961 1057 2023 vidua
1115 1960 1183 2023 in
1236 1960 1832 2035 Bibliothecamque
1874 1956 2136 2035 Regiam
2190 1956 2413 2018 intulit
2472 1974 2664 2018 omne
2726 1958 3007 2021 Tricheti
3058 1961 3441 2023 litterarium

169 2058 706 2117 instrumentum.
739 2058 807 2118 In
850 2073 980 2137 quo
1046 2064 1227 2119 erant
1268 2054 1741 2133 libriimpressi
1770 2071 2045 2115 numero
2101 2054 2393 2132 plurimi,
2435 2072 2585 2116 mss.
2663 2056 2873 2117 Latini
2936 2065 2996 2117 et
3062 2059 3264 2119 Italici
3301 2060 3445 2135 plus

170 2152 393 2212 minus
428 2154 497 2224 C,
522 2154 721 2215 Grmci
759 2155 895 2214 XL.
942 2154 1163 2230 Itaque
1194 2154 1257 2213 in
1296 2151 1691 2212 Bibliotheca
1728 2151 1981 2227 publica
2014 2151 2287 2212 collatus
2314 2152 2513 2211 codex
2552 2160 2794 2223 noster,
2852 2155 3222 2233 Ducaugio,
3279 2158 3445 2218 Ban-

168 2248 379 2317 dinio,
416 2250 715 2328 reliquis,
780 2266 945 2327 quos
1002 2250 1192 2310 initio
1245 2249 1601 2317 nominavi,
1648 2247 1956 2308 innotuit.
2009 2248 2271 2307 Constat
2316 2263 2468 2308 vero
2500 2247 2682 2308 foliis
2727 2250 3236 2313 membranaceis
3300 2254 3447 2325 1ι22,

167 2345 524 2407 chartaceis
583 2355 749 2421 octo,
784 2349 1126 2410 continens
1186 2354 1413 2426 prmter
1463 2346 1585 2407 alia
1648 2344 1923 2405 minoris
1977 2345 2281 2422 mnmrnti
2334 2344 2500 2418 (vid.
2540 2345 2732 2406 Catal.
2781 2347 2977 2408 Codd.
3012 2366 3167 2409 mss.
3203 2350 3443 2414 (ἔνατος.

170 2441 336 2503 Bibl.
387 2444 539 2520 Reg.
596 2445 677 2516 Il,
728 2443 869 2522 391)
920 2446 1027 2505 illa
1068 2465 1081 2503 :
1130 2443 1212 2522 1.)
1247 2443 1608 2504 Chronicon
1644 2440 1967 2503 Simeonis
2023 2440 2393 2515 Logothetaa
2436 2439 2711 2501 maxima
2766 2450 2943 2520 parte
3008 2444 3367 2513 ineditum,
3410 2463 3447 2507 a

168 2536 282 2597 fol.
323 2538 401 2597 18
427 2558 603 2598 verso
635 2541 709 2600 ad
760 2540 874 2601 fol.
906 2542 1025 2599 272
1060 2549 1341 2606 rectum,-
1400 2538 1486 2616 2.)
1530 2536 1760 2597 Leonis
1804 2537 2069 2597 Diaconi
2106 2536 2485 2609 Historiam,
2537 2553 2685 2615 quae
2735 2556 2908 2599 nunc
2958 2541 3194 2618 prodit,
3249 2558 3281 2601 a
3324 2542 3440 2604 fol.

168 2634 288 2692 272
325 2644 499 2694 recto
539 2636 613 2695 ad
645 2636 762 2695 322
794 2645 1076 2704 rectum;
1110 2638 1171 2697 3.
1215 2636 1232 2713 )
1272 2635 1606 2719 Michaelis
1641 2634 1830 2696 Pselli
1861 2633 2451 2710 Clironographiam
2494 2634 2680 2693 tomis
2715 2651 2944 2696 novem
2972 2679 2988 2709 ,
3025 2636 3177 2697 item
3229 2638 3447 2699 inedi-

176 2737 229 2787 ta
263 2752 323 2795 ιι,
359 2748 394 2791 a
428 2730 533 2791 fol.
576 2733 693 2791 322
724 2744 893 2793 recto
928 2736 1003 2794 ad
1037 2734 1154 2793 522
1180 2743 1442 2793 rectum.
1478 2735 1818 2793 Exaratum
1856 2748 1998 2791 esse
2039 2728 2092 2789 si
2136 2730 2353 2789 minus
2401 2748 2487 2800 χι,
2525 2736 2582 2789 at
2624 2738 2795 2791 certe
2832 2750 2920 2792 χιι
2949 2732 3189 2794 saeculo
3240 2734 3448 2797 forma

176 2828 535 2889 litterarum
572 2831 993 2903 demonstrat,
1036 2829 1199 2890 haud
1234 2829 1557 2891 absimilis
1602 2828 1700 2889 illi
1731 2845 1923 2906 quam
1980 2825 2521 2887 Montefalconius
2581 2827 2852 2903 protulit
2908 2829 3208 2907 Palreogr.
3242 2832 3449 2892 Grmc.

169 2922 326 2995 291,
394 2933 458 2983 n'
515 2925 649 2995 VII,
708 2931 777 2986 ut
828 2925 1029 3004 igitur
1083 2926 1365 2987 nesciam
1429 2925 1586 3003 quid
1628 2924 1697 2985 in
1754 2933 2033 2985 mentem
2088 2926 2336 2985 venerit
2380 2923 2862 2986 confectoribus
2927 2928 3207 3005 Catalngi
3277 2929 3443 2991 Bibl.

173 3018 330 3095 Reg.
369 3018 417 3075 ξε
487 3020 623 3091 ⁸391,
655 3020 895 3089 dicere,
934 3038 1080 3081 eum
1116 3021 1352 3082 saeculo
1386 3021 1637 3081 decimo
1672 3021 1903 3099 quinto
1937 3021 2138 3080 videri
2178 3021 2535 3097 scriptum:
2582 3020 2707 3079 nisi
2769 3020 2830 3080 ill
2873 3022 2949 3082 de
2997 3023 3078 3082 iis
3134 3025 3447 3086 duntaxat

176 3112 529 3192 intelligas,
564 3132 710 3193 quas
740 3116 806 3176 in
841 3125 984 3178 octo
1034 3116 1210 3178 foliis
1259 3117 1609 3178 chartaceis
1641 3118 1714 3177 ad
1778 3117 2014 3177 calcem
2062 3123 2335 3175 exstent.
2368 3118 2508 3190 Ipse
2554 3116 2781 3188 codex,
2819 3118 3071 3178 tametsi
3105 3137 3230 3179 non
3282 3124 3442 3181 adeo

178 3210 398 3269 multis
438 3210 755 3286 profunde
791 3212 1142 3275 latentibus
1182 3214 1437 3274 mendis
1470 3221 1690 3284 scatet,
1732 3214 1919 3273 habet
1954 3222 2163 3272 tamen
2197 3212 2523 3271 itacismos
2556 3219 2667 3283 tot,
2718 3220 2875 3289 quot
2925 3213 2992 3273 in
3056 3215 3239 3275 libris
3296 3235 3445 3278 saec.

176 3322 263 3363 xu
321 3306 630 3381 peraratis
695 3323 837 3368 esse
888 3309 1123 3380 solent,
1186 3320 1256 3369 ut
1302 3309 1593 3369 videlicet
1649 3332 1673 3366 ε
1714 3318 1831 3371 eta

1805 3329 1884 3383 αι,
1916 3327 1949 3378 η
1988 3328 2002 3361 ι
2035 3319 2088 3367 et
2125 3326 2194 3379 ει,
2227 3326 2254 3361 ο
2286 3319 2343 3369 et
2376 3326 2439 3380 ω,
2472 3325 2519 3361 οι
2549 3317 2609 3369 et
2639 3330 2692 3380 υ,
2728 3309 2964 3384 saepius
2995 3310 3163 3372 inter
3184 3330 3251 3373 se
3284 3332 3444 3375 cun-

176 3400 552 3474 fundantur,
614 3420 827 3482 neque
885 3407 970 3465 ita
1031 3424 1241 3466 rarum
1302 3408 1408 3480 sit,
1482 3410 1561 3468 εἰς
1604 3408 1700 3474 τὴν
1754 3406 1861 3466 fol.
1932 3407 2050 3467 315
2082 3415 2249 3465 recto
2288 3404 2413 3483 (ed.
2448 3406 2920 3481 95.)scriptum
2977 3410 3262 3485 cnnSpici
3325 3413 3445 3477 sic.

174 3501 345 3568 ἡςήν.
398 3502 729 3577 Ejusmodi
766 3506 995 3564 menda
1032 3506 1243 3565 notavi
1286 3505 1610 3565 interdum
1648 3526 1661 3562 :
1700 3504 2109 3581 plerumque,
2160 3502 2417 3579 quando
2472 3502 2633 3561 nihil
2691 3501 3007 3562 habebant
3048 3508 3219 3581 quod
3256 3507 3441 3567 ﬁdem

178 3606 448 3673 receptae
482 3598 772 3659 lectionis
830 3599 1207 3661 labefactare
1268 3611 1505 3678 posset,
1572 3601 1790 3662 omisi.
1856 3601 1927 3659 In
1962 3616 2235 3669 summa,
2272 3598 2478 3658 fateor
2526 3615 2651 3658 non
2686 3599 2987 3675 majorem
3023 3618 3122 3659 me
3164 3601 3443 3663 laborem

177 3694 569 3769 suscepisse,
602 3712 795 3772 quam
854 3712 967 3756 eos
1028 3698 1355 3757 sustinere
1419 3715 1679 3758 necesse
1712 3704 1828 3769 est,
1872 3694 1982 3773 qui
2036 3695 2254 3755 codice
2312 3712 2386 3755 ex
2450 3694 2645 3755 unico
2707 3698 2989 3771 pendent
3053 3698 3114 3757 in
3179 3700 3455 3777 {XXIII}

178 3788 491 3865 scriptore
533 3791 810 3865 primum
846 3792 1117 3852 edendo.
1152 3792 1270 3852 Ubi
1321 3793 1456 3853 fere
1521 3792 1655 3861 ﬁeri
1714 3808 1837 3852 non
1891 3798 2118 3868 potest,
2167 3790 2325 3866 quin
2366 3808 2508 3868 pars
2555 3793 2931 3852 mendorum
2976 3792 3262 3853 codicem
3298 3813 3449 3855 con-

180 3884 630 3945 taminantium
664 3885 1065 3962 diligentiam
1097 3888 1191 3948 vel
1233 3886 1732 3949 minutissimam
1770 3888 2057 3965 etl‘ugiat,
2094 3887 2295 3964 inque
2338 3886 2543 3964 ipsam
2579 3888 2930 3949 editionem
2988 3891 3327 3950 redundet.
3354 3892 3443 3951 Ita

178 3982 345 4057 quod
375 3990 511 4043 erat
545 3983 874 4060 reliquum
910 3985 1173 4056 tentavi,
1207 3994 1275 4044 ut
1311 4002 1457 4061 qua?
1499 4001 1775 4059 possem,
1820 3984 2213 4061 conjecturis
2264 3989 2324 4043 et
2377 3982 2970 4056 comparationibus
3003 3986 3442 4058 emendarem,

178 4078 408 4138 collato
450 4079 744 4139 Cedreno
774 4086 833 4138 et
858 4080 1156 4156 Scylitze,
1190 4081 1299 4156 qui
1336 4080 1667 4156 complura
1694 4097 1768 4139 ex
1816 4083 2027 4140 Leone
2060 4080 2137 4140 ad
2180 4082 2442 4140 verbum
2482 4080 2547 4139 in
2574 4079 2876 4139 historias
2910 4096 3058 4139 snas
3091 4083 3441 4141 transtule-

181 4182 328 4233 ruat
361 4174 517 4250 (vid.
559 4192 751 4253 supra
801 4176 1033 4250 §VIII,
1069 4176 1235 4236 infra
1290 4178 1430 4252 2:25)
1477 4197 1491 4235 :
1555 4186 1899 4251 postremo,
1960 4194 2105 4253 quae
2166 4176 2327 4235 ratio
2372 4184 2433 4236 et
2495 4176 2787 4235 doctrina
2853 4176 3265 4251 prmscribere
3349 4178 3447 4237 vi-

179 4270 520 4345 debantur,
551 4289 621 4333 ea
667 4290 782 4350 pro
810 4272 1107 4334 facultate
1138 4274 1201 4334 in
1231 4274 1681 4335 constituenda
1712 4273 2005 4333 oratione
2042 4274 2254 4333 Graeca
2287 4280 2554 4333 conatus
2599 4288 2739 4331 sum
2778 4280 3098 4347 priestare.

252 4393 336 4452 Χ.
375 4391 700 4452 Libellum
740 4402 873 4469 Περῖ
909 4400 1270 4471 παραδρομῆς
1296 4399 1558 4472 πολέμου,
1595 4394 1678 4452 De
1706 4392 1907 4452 telilat

1789 4392 2067 4452 litatione
2099 4390 2343 4461 bellica,
2377 4390 2584 4451 adhuc
2616 4388 2959 4460 ineditum,
2983 4393 3268 4453 secundo
3303 4392 3444 4453 loco

182 4488 516 4557 collocavi,
556 4495 619 4549 ut
647 4487 983 4549 historiam
1022 4498 1340 4565 gestarum
1377 4507 1410 4550 a
1452 4490 1813 4568 Nicephoro
1852 4492 2017 4565 Aug.
2066 4505 2283 4549 rerum
2330 4486 2597 4564 scriptio
2634 4486 3124 4563 ejusdemjussu
3158 4488 3445 4550 confecta

182 4582 535 4660 exciperet.
562 4583 767 4655 Quam
806 4601 932 4644 non
974 4587 1050 4645 ab
1087 4585 1225 4663 ipso
1261 4584 1622 4662 Nicephoro
1670 4585 1899 4644 litteris
1935 4584 2371 4661 consignatam
2410 4598 2575 4652 esse,
2632 4582 3181 4657 quemadmodum
3225 4587 3447 4646 Meur-

183 4679 315 4739 sius
353 4678 773 4739 existimabat
827 4678 1016 4753 (conf.
1067 4680 1354 4740 Lambec.
1415 4681 1771 4740 Comment.
1832 4679 1909 4741 de
1964 4679 2127 4740 Bibl.
2184 4680 2340 4740 Cass.
2386 4680 2523 4749 VII,
2563 4677 2756 4753 1ι33.>,
2818 4694 2961 4737 cum
3026 4695 3102 4737 ex
3141 4680 3446 4744 universo

182 4791 373 4852 Opere
423 4775 845 4852 perspicitur,
891 4786 1025 4836 tum
1072 4794 1223 4836 vero
1282 4778 1519 4855 apertis
1591 4778 1803 4839 verbis
1863 4778 1986 4838 sub
2038 4777 2227 4836 ﬁnem
2270 4772 2689 4851 prmfationis,
2726 4774 2863 4844 119,
2902 4773 3279 4836 declaratur.
3320 4781 3449 4840 hec

184 4878 423 4945 tamen,
461 4870 514 4930 si
542 4870 619 4931 de
657 4871 918 4932 nomine
954 4870 1288 4947 scriptoris
1322 4889 1447 4931 non
1485 4871 1796 4935 habemus
1831 4874 2000 4951 quod
2051 4873 2328 4950 liqueat,
2368 4871 2447 4931 de
2488 4878 2777 4947 tempore
2825 4886 2955 4947 quo
2988 4871 3314 4933 conlectus
3363 4875 3448 4936 sit

185 4966 230 5027 is
262 4967 813 5035 Commentarius,
868 4967 1185 5028 dubitatio
1220 4967 1465 5028 inlinita
1502 4986 1642 5028 esse
1679 4977 1909 5047 potest.
1948 4968 2053 5029 Ait
2086 4975 2343 5036 auctor,
2376 4966 2680 5044 quisquis
2719 4973 2814 5026 est
2848 4966 2983 5033 ille,
3016 4982 3050 5027 a
3083 4967 3443 5046 Nicephoro

188 5063 387 5123 Phoca
452 5062 611 5138 Imp.
678 5064 1047 5123 mandatum
1108 5063 1231 5123 sibi
1297 5080 1465 5133 esse,
1501 5072 1567 5125 ut
1601 5084 1805 5141 genus
1860 5064 1979 5124 hoc
2012 5063 2296 5125 bellandi
2330 5064 2650 5141 scriptura
2683 5071 3208 5139 persequeretur.
3251 5066 3442 5125 Illum

185 5168 392 5219 autem
434 5159 519 5218 ob
559 5174 659 5217 res
726 5160 887 5217 bene
934 5169 1143 5236 gestas
1180 5160 1481 5220 laudibus
1534 5161 1614 5220 iis
1647 5160 1851 5235 effert,
1922 5162 2162 5240 quibus
2201 5179 2530 5240 quemque
2590 5160 2968 5221 memoriam
3044 5161 3183 5239 ejus
3250 5180 3407 5225 reno

190 5272 388 5327 vasse,
457 5254 810 5336 superstite
871 5262 931 5316 et
992 5256 1347 5331 imperante
1419 5274 1793 5334 percussore
1863 5258 2001 5336 ejus
2054 5261 2302 5319 Joanne
2345 5257 2689 5329 Tzimisce,
2720 5256 2832 5315 vix
2865 5265 2960 5317 est
3023 5258 3445 5318 credendum.

191 5353 436 5413 Etenim
480 5335 804 5429 repentini
843 5351 1165 5424 homines,
1192 5369 1262 5413 ac.
1297 5370 1408 5429 per
1448 5354 1659 5416 scelus
1690 5355 1764 5416 ad
1801 5335 2053 5414 summa
2094 5354 2295 5415 evecti
2329 5402 2343 5423 ,
2382 5370 2512 5433 quo
2543 5352 2879 5413 uberiores
2923 5350 3173 5412 fructus
3220 5354 3444 5430 patrati

189 5448 490 5509 facinoris
518 5448 803 5525 capiunt,
840 5464 917 5509 eo
950 5448 1399 5509 vehementius
1443 5451 1580 5529 ejus
1624 5453 2239 5513 commemoratione
2290 5458 2803 5523 commoventur.
2852 5449 2999 5509 Ideo
3051 5448 3337 5511 adducor
3376 5458 3444 5513 ut

190 5547 462 5617 credam,
504 5546 745 5622 scripta
778 5560 849 5604 ea
873 5544 1132 5604 demum
1170 5563 1312 5605 esse.
1345 5546 1466 5605 sub
1512 5547 1751 5607 Basilio
1792 5556 1850 5609 et
1896 5550 2339 5624 Constantino,
2364 5565 2579 5610 rerum
2632 5546 2851 5625 politis
2902 5562 2961 5607 a.
3012 5549 3152 5607 976.
3187 5549 3446 5612 Accedit

191 5644 381 5719 quod,
406 5639 671 5719 quoties
698 5640 1006 5717 principis
1039 5639 1105 5701 fit
1141 5642 1404 5714 mentio,
1443 5644 1627 5703 toties
1658 5652 1845 5706 aucto

1790 5652 1879 5706 tor
1914 5663 2185 5708 numero
2219 5645 2448 5723 plurali
2479 5644 2716 5706 utitur:
2744 5643 2796 5694 οἱ
2826 5644 2973 5711 ἅγιοι
3006 5642 3162 5710 ἡμῶν
3181 5642 3445 5715 βασιλεῖς,

196 5737 308 5801 liii},
332 5739 441 5789 τῶν
462 5736 637 5803 ἁγίων
670 5734 955 5804 βασιλέων,
994 5735 1117 5800 155,
1148 5737 1255 5788 τῶν
1288 5737 1552 5805 βασιλέων
1583 5739 1741 5809 ἡμῶν
1770 5742 1851 5809 ἁτε

1786 5741 2106 5809 ὶγξωνΛῦι,
2139 5744 2307 5820 quod
2343 5742 2409 5802 in
2457 5740 2855 5819 geminatum
2906 5736 3123 5797 Basilii
3157 5744 3218 5795 et
3269 5738 3441 5799 Con-

198 5836 451 5897 stantini
494 5834 838 5913 imperium
875 5834 1189 5912 quadrare
1223 5845 1365 5915 apte
1409 5837 1683 5899 vidctur.
1748 5840 2070 5901 Habemus
2121 5838 2321 5917 igitur
2365 5836 2429 5899 in
2468 5838 2583 5897 hoc
2621 5833 2842 5896 libello
2870 5832 3287 5912 perscriptam
3323 5848 3443 5896 n0-
