4190 6534
734 413 838 474 647
1941 406 2001 465 (ἶ.
2049 406 2111 466 II.
2156 403 2362 462 IIASII

2357 403 2362 461 ἱ
2410 402 2501 461 Pii
2532 402 2825 462 EFATIO-
3912 410 4012 476 648

739 527 970 597 titiam,
1012 520 1560 600 quemadmodum
1612 517 1848 579 szerulo
1891 535 1926 575 ς
1979 516 2190 574 medio
2223 522 2331 574 aut
2362 524 2640 574 exeunte
2673 531 2706 573 a
2764 513 3000 574 Grmcis
3035 514 3128 576 vel
3163 514 3734 582 administrabatur
3773 520 4012 586 bellum

739 627 802 682 iu
842 618 1085 695 asperis
1121 617 1340 687 Tauri,
1386 614 1736 686 Autitauri,
1773 611 2002 671 Amani
2043 609 2221 682 locis,
2258 611 2353 669 vel
2394 609 2832 669 administrari
2891 609 3249 671 debuisset.
3287 614 3374 673 Ea
3406 631 3533 675 una
3566 632 3667 678 me
3699 622 4014 693 pet-movit

738 719 917 781 ratio,
956 724 1022 774 ut
1054 713 1116 773 in
1150 714 1458 773 volumen
1503 710 1666 770 istuc
1701 708 2052 784 reciperem
2089 707 2510 786 opusculum,
2547 706 2718 782 quod
2761 705 2887 765 nisi
2935 722 3051 785 pro
3105 713 3570 772 commentario
3619 715 3882 776 militari
3944 717 4005 778 in

736 811 1182 890 expeditiones
1213 809 1434 870 Phoco:
1469 807 1940 881 Tzimiscmque
1973 821 2005 864 a
2041 806 2254 864 Leone
2289 820 2626 879 expressas
2662 803 2896 864 habere
2934 803 3144 878 velis;
3199 806 3492 885 alioquin
3540 809 3724 872 facile
3779 811 4010 879 fateor.

735 927 946 986 neque
983 920 1195 965 rerum
1237 909 1438 980 cepia,
1477 920 1690 980 neque
1725 901 2003 962 auctoris
2036 900 2352 969 doctrina,
2389 903 2624 960 nedum
2658 901 2978 976 elegantia
3029 903 3312 975 dicendi,
3347 907 3610 982 [XXIV]
3649 908 3792 983 plus
3817 927 4006 987 quam

735 1005 931 1064 multa
983 1002 1104 1062 alia
1140 1002 1426 1079 ejusdem
1457 1000 1683 1067 mtatis,
1728 1016 1873 1076 qute
1903 997 2172 1058 editioni
2209 1006 2418 1072 parata
2453 997 2740 1065 habeam,
2787 997 2992 1058 lucem
3028 1014 3447 1060 commerere.
3504 1001 3650 1063 Cavi
3690 1015 3889 1077 certe,
3949 1016 4012 1068 tzt

734 1119 813 1160 ne
847 1100 1004 1177 quid
1037 1099 1308 1159 nimium
1357 1113 1390 1157 a
1425 1097 1612 1156 nobis
1658 1096 1721 1154 in
1785 1094 1901 1154 bac
1937 1101 2110 1170 parte
2143 1092 2460 1169 adjectum
2501 1109 2641 1152 esse
2704 1094 3054 1155 diceretur.
3093 1094 3383 1168 Quatuor
3437 1108 3616 1159 erant
3669 1101 3896 1175 Codd,
3947 1104 4006 1165 in

731 1197 975 1272 quibus
1010 1194 1299 1254 libellum
1340 1192 1925 1252 huncoffentleram
1961 1208 1976 1244 :
2011 1187 2087 1266 I.)
2129 1190 2368 1264 Regius
2400 1189 2558 1250 2&37
2588 1190 2696 1249 fol.
2739 1191 2851 1250 3‘11
2889 1208 3067 1249 tersa
3102 1225 3176 1235 ——
3213 1193 3330 1252 £09
3366 1204 3535 1253 recto
3560 1217 3579 1262 ,-
3607 1198 3713 1276 Il.)
3769 1200 4006 1276 Regius

729 1292 1030 1352 24151⁸01.
1070 1292 1190 1351 327.0
1246 1302 1416 1350 recto
1473 1324 1549 1334 --
1589 1288 1707 1349 333
1758 1306 1985 1354 verso:
2042 1284 2179 1362 III.)
2227 1285 2441 1346 Codex
2495 1289 2587 1347 N°.
2620 1287 2698 1346 26
2738 1287 3194 1364 Supplementi
3233 1293 3461 1361 nostri,
3513 1310 3704 1366 quem
3772 1295 3838 1354 in
3898 1315 4006 1356 ora

734 1391 921 1450 modo
955 1389 1235 1450 iudicavi
1279 1389 1486 1448 littera
1515 1389 1579 1456 Β,
1615 1389 1802 1448 modo
1835 1387 1999 1462 siglo
2034 1385 2174 1453 hoc,
2211 1384 2364 1445 Cod.
2397 1383 2637 1462 suppl.,
2670 1385 2753 1445 ibi
2795 1384 3032 1461 legitur
3069 1386 3123 1446 is
3165 1387 3422 1448 libellus
3453 1387 3564 1450 fol.
3596 1393 3700 1450 171
3737 1402 3908 1451 recto
3932 1428 4006 1437 —

731 1490 845 1548 172
881 1507 1098 1555 verso;
1133 1488 1266 1562 ιν.)
1302 1486 1628 1546 Palatinus
1687 1488 1762 1546 N°
1810 1486 1949 1555 393,
1986 1501 2042 1544 a.
2078 1486 2233 1544 1797
2258 1500 2332 1542 ex
2369 1479 2534 1540 Urbe
2557 1480 2860 1539 advectus
2902 1480 2967 1541 in
3027 1481 3520 1555 Bibliothecam,
3573 1501 3628 1544 a.
3682 1488 3829 1547 1815
3885 1489 4007 1546 Ro-

733 1603 895 1642 mam
934 1592 1318 1660 reportatus.
1361 1585 1409 1643 Ε
1448 1585 1686 1659 quibus
1723 1585 1783 1641 in
1828 1581 2079 1641 edendo
2112 1589 2374 1640 secutus
2422 1593 2564 1636 sum
2601 1575 3010 1654 potissimum
3047 1577 3203 1638 Cod.
3235 1579 3391 1654 Reg.
3439 1580 3599 1638 21:37
3641 1597 3655 1638 :
3702 1582 3888 1658 cujus
3939 1592 4002 1644 ut

727 1676 873 1739 folia
940 1682 997 1739 in
1051 1679 1344 1756 margine
1385 1678 1691 1738 editionis
1724 1680 2055 1757 annotavi,
2120 1677 2201 1736 ita
2238 1675 2552 1735 lectiones
2593 1672 2868 1750 intelligi
2913 1682 3190 1750 oportet,
3227 1677 3485 1752 quoties
3519 1677 3672 1738 Cod.
3729 1680 3800 1749 .4,
3863 1682 3999 1740 sive

729 1775 918 1834 etiam
960 1773 1152 1845 Cod.,
1225 1772 1540 1850 singulari
1608 1790 1904 1844 numero,
1949 1773 2013 1832 in
2057 1788 2166 1831 ora
2221 1772 2571 1846 ascriptum
2626 1769 2885 1845 legitur.
2923 1769 3034 1830 Ubi
3073 1768 3271 1830 Codd.
3311 1771 3671 1848 plutaliter,
3712 1774 4000 1850 reliquos

730 1878 858 1930 tres
917 1871 977 1929 iu
1041 1871 1402 1930 subsidium
1482 1869 1726 1940 vocavi,
1786 1869 1984 1944 idque
2043 1883 2212 1944 saepe
2261 1865 2542 1926 frustra:
2583 1865 2829 1942 quippe
2861 1872 3045 1924 erant
3111 1874 3232 1926 tam
3275 1867 3604 1944 depravati
3641 1888 3891 1940 omnes,
3940 1881 4002 1930 ut

729 1967 1066 2026 ςιτιιιοιιὶἱεο
1094 1967 1486 2042 complures,
1530 1965 1652 2024 nisi
1689 1965 1904 2042 aliqua
1942 1981 2165 2040 magna
2204 1962 2520 2023 medicina
2564 1961 2880 2034 adhibita,
2928 1971 3222 2022 constare
3254 1964 3524 2024 omnino
3552 1981 3679 2024 non
3711 1977 4001 2042 possent.

729 2063 1052 2136 Ejusmodi
1100 2063 1269 2120 locos
1302 2080 1376 2122 ex
1412 2061 1775 2136 conjectura
1807 2064 2152 2120 emenslare
2188 2071 2456 2120 conatus
2489 2075 2631 2118 sum
2677 2075 2690 2117 :
2727 2057 2812 2118 ita
2863 2066 3072 2118 tamen
3127 2065 3221 2130 ut,
3283 2060 3804 2138 quotiescunque
3868 2064 4006 2124 fieri

731 2174 968 2230 posset,
1008 2157 1416 2233 tranSpositis
1453 2155 1667 2233 potius
1707 2154 1918 2215 verbis
1950 2173 2140 2230 quam
2176 2153 2466 2225 mutatis,
2509 2170 2651 2215 meo
2687 2169 2865 2214 more
2909 2154 3188 2214 nimium
3245 2155 3594 2234 religiosus
3643 2160 3709 2218 in
3773 2175 4003 2219 exem-

738 2253 1024 2327 plaribus
1057 2253 1433 2330 sequendis,
1472 2267 1662 2329 quam
1692 2251 2068 2311 temerarius
2099 2251 2157 2309 in
2195 2249 2628 2327 corrigendis,
2664 2267 2808 2311 esse
2846 2250 3128 2312 mallem.

810 2368 920 2427 XI.
984 2367 1193 2446 Hujus
1226 2374 1436 2428 autem
1497 2369 1805 2435 auctoris,
1853 2367 2156 2446 quisquis
2215 2368 2362 2438 fuit,
2424 2365 2677 2427 dicendi
2715 2382 2922 2443 genus
2975 2373 3142 2426 caret
3201 2367 3509 2427 omnibus
3579 2370 4003 2438 ornamentis,

729 2465 1188 2541 liorritliusque
1221 2475 1407 2524 estac
1442 2464 1858 2541 prtefractius.
1894 2467 2270 2525 Sermonem
2311 2465 2638 2541 vulgarem
2689 2479 2880 2540 quem
2935 2461 3303 2540 frequentat
3351 2481 3496 2524 suac.
3538 2482 3572 2523 ι
3615 2465 3740 2541 jam
3793 2467 4009 2543 pluri-

731 2575 902 2616 mum
946 2575 976 2617 τι
1015 2560 1268 2636 syntaxi
1328 2559 1722 2636 elegantiore
1754 2559 2042 2620 abfuisse
2076 2560 2518 2621 demonstrant
2558 2559 2942 2621 nominativi
2980 2558 3265 2620 absoluti
3321 2560 3437 2619 125
3479 2558 3740 2626 τιιλῆθος
3773 2562 3879 2629 γάρ
3929 2593 4007 2605 —-

733 2653 864 2714 130.
903 2654 1047 2723 ὀρῶν
1197 2665 1417 2716 contra
1487 2673 1677 2733 quam
1738 2658 2069 2733 oportebat
2133 2658 2320 2734 positi
2363 2679 2376 2716 :

2363 2679 2376 2716 :
2417 2655 2685 2735 genittvi
2739 2653 3019 2716 absoluti
3066 2657 3216 2715 item
3259 2655 3421 2713 123:
3485 2655 3871 2722 μανθανόντων
3925 2690 4004 2703 ---

725 2752 1035 2819 ὁρμήσωσι.
1069 2752 1170 2806 130
1212 2753 1562 2818 ἐγγιζόντων.
1592 2752 1714 2806 159.
1740 2752 2142 2822 διατιθεμένουο
2173 2753 2380 2831 subjUI

2347 2753 2626 2812 mctivus
2649 2750 2872 2812 aoristi
2919 2766 3032 2828 pro
3071 2749 3291 2810 futuro
3339 2760 3714 2829 usurpatos,
3753 2762 3821 2812 ut
3862 2754 4002 2824 ιιιο,

727 2846 1074 2919 ἐκφύγωσιν,
1111 2846 1406 2926 e/fugient
1443 2848 1638 2927 (quod
1676 2849 1844 2909 idem
1881 2847 1946 2909 in
1982 2851 2202 2910 multis
2239 2865 2382 2929 print

2342 2849 2652 2926 ecipitataa
2679 2847 2940 2908 ϐνωοὶω
2985 2845 3414 2923 scriptoribus
3448 2865 3567 2909 usu
3609 2849 3827 2910 venit:
3866 2851 3997 2909 vid.

726 2943 928 3003 lndic.
968 2961 1020 3004 s.
1058 2961 1117 3005 v.
1163 2943 1690 3026 Conjunctivus):
1726 2950 1784 3000 ὲν
1817 2955 2130 3023 perpetuo
2161 2945 2520 3007 adhibitum
2557 2961 2674 3022 pro
2728 2945 2805 3006 εἰς
2841 2944 2977 3012 126,
3017 2944 3154 3013 127,
3197 2943 3334 3012 133,
3367 2944 3513 3016 152;
3549 2943 3647 2995 σὺν
3700 2953 4007 3004 constru-

728 3049 898 3100 ctum
934 3058 1081 3101 cum
1118 3042 1412 3119 genitivo
1447 3042 2024 3119 158,.casuumque
2057 3043 2566 3104 omuinocrebra
2603 3041 2924 3104 confusio.
2949 3043 3172 3119 Neque
3201 3042 3258 3102 is
3283 3051 3452 3103 certe
3482 3061 3901 3121 quemquam,
3935 3055 4005 3104 ut

728 3137 1010 3196 Leonem
1048 3135 1278 3198 fecisse
1314 3138 1930 3208 demonstravimus,
1968 3139 2274 3216 exprimit
2304 3141 2576 3201 dicendo
2613 3158 2627 3196 :
2661 3139 3070 3217 simplicibus
3101 3138 3306 3198 utitur
3344 3142 3718 3217 nativisque
3757 3142 3996 3202 verbis.

727 3235 936 3302 Quare
961 3232 1224 3294 fuissem
1250 3234 1519 3307 nimius,
1551 3235 1604 3294 si
1641 3235 1704 3294 in
1739 3237 2098 3295 scrutandis
2131 3235 2416 3296 fontibus
2448 3235 2832 3296 imitationis
2868 3242 3110 3294 tantum
3150 3237 3427 3312 egissem
3461 3235 3641 3307 satis,
3673 3246 3993 3312 quantum

731 3331 804 3388 rd
843 3331 1119 3390 Leonem
1151 3331 1274 3408 egi.
1317 3333 1507 3392 Notas
1545 3339 1772 3407 praeter
1803 3332 2038 3408 Oppido
2070 3349 2325 3410 paucas,
2365 3331 2614 3391 resecui
2659 3351 2674 3390 :
2714 3341 3030 3407 postrema
3092 3329 3532 3407 undetriginta
3571 3332 3798 3404 capita,
3859 3349 4006 3404 «tum

731 3424 1000 3485 habebat
1059 3443 1229 3486 unus
1280 3428 1482 3486 codex
1540 3427 1890 3493 Palatinus,
1927 3429 2097 3504 quod
2157 3430 2236 3488 ab
2285 3429 2414 3488 alio
2464 3429 2693 3503 [XXV]
2749 3433 3010 3487 auctore
3059 3428 3134 3486 ad
3187 3426 3307 3486 hoc
3365 3426 3751 3503 opusculum
3789 3431 4001 3489 addita

729 3521 1198 3594 cxtszintabam,
1232 3522 1297 3582 iu
1343 3522 1680 3600 praesentia
1717 3524 2124 3599 praetermisi.
2159 3525 2320 3584 Sunt
2354 3532 2568 3584 autem
2602 3523 2893 3600 ejusdem
2959 3539 3158 3601 prope
3202 3523 3570 3600 argumenti
3613 3541 3747 3602 quo
3798 3542 4001 3603 supe-

729 3616 920 3686 riora,
961 3627 1024 3676 ut
1058 3635 1138 3677 ex
1176 3616 1383 3677 titulis
1429 3627 1635 3694 potest
1665 3617 1971 3695 intelligi,
2008 3620 2117 3698 qui
2153 3620 2248 3679 sic
2278 3635 2346 3680 se
2380 3618 2668 3680 habent:

793 3732 883 3784 XX
903 3731 985 3785 Vl.
1022 3735 1141 3784 ’Ὁτι
1172 3735 1230 3785 οὺ
1267 3733 1348 3786 δεῖ
1369 3735 1706 3802 ἁπληκεύειν
1738 3735 1794 3800 ἑξ
1821 3736 2009 3803 ἑτέρου
2035 3735 2272 3804 θέματος
2306 3736 2435 3790 λαὸν
2473 3738 2554 3799 εἰς
2583 3737 2772 3804 ἐτέρου
2804 3735 3038 3805 Θέματος
3066 3735 3097 3805 ἢ
3131 3735 3411 3805 τάγματος
3454 3735 3734 3805 ἀπλῆκτον

799 3819 1010 3874 XXVII.
1047 3822 1182 3889 Περὶ
1235 3822 1340 3873 τῶν
1368 3824 1425 3874 ὲν
1448 3824 1605 3873 νυκτὶ
1643 3823 1974 3890 ὀφειλουσῶν
2003 3823 2286 3890 γίγνεσθαι
2316 3825 2599 3893 φυλακῶν,
2635 3824 2754 3894 ἦτοι
2789 3824 3076 3889 κερκίτων.

798 3908 1038 3962 XXVIII.
1077 3910 1210 3977 Περὶ
1259 3910 1368 3963 τῶν
1401 3910 1736 3977 ὀφειλουσῶν
1767 3910 2052 3978 γίγνεσθαι
2085 3913 2140 3964 ὲν
2172 3914 2327 3964 νυκτὶ
2358 3913 2449 3964 καὶ
2479 3912 2662 3982 ἡμέρᾳ
2691 3911 2908 3980 βιγλῶν.

798 3995 992 4049 XXIX.
1028 3997 1150 4059 Πῶς
1201 3997 1279 4049 δεῖ
1316 3997 1716 4068 σμικρύνεσθαι
1746 3998 1808 4051 τὸ
1855 3997 2155 4067 ἀπλῆκτον,
2189 3999 2485 4068 ὁλοκλήρου
2541 3999 2638 4068 τῆς
2685 3997 2913 4065 πεζικῆς
2950 3999 3211 4067 στρατιᾶς
3267 3997 3640 4070 ὑπαρχούσης,
3694 3999 3796 4069 τῆς
3850 4002 3905 4054 δέ
3933 4019 3997 4071 γε

729 4083 957 4149 ἱππικῆς
984 4083 1291 4153 ὀλιγοστῆς.

797 4170 967 4226 XXX.
1000 4173 1133 4242 Περὶ
1159 4173 1268 4224 τῶν
1303 4172 1366 4242 ιβ’
1405 4172 1733 4242 ταξιαρχῶν.

800 4257 990 4312 XXXI.
1027 4260 1149 4311 "Ott.
1183 4261 1284 4324 δεῖ,
1324 4260 1640 4328 ἐπισφαλῶν
1675 4261 1767 4312 καὶ
1803 4261 2004 4312 στενῶν
2037 4259 2214 4313 τόπων
2251 4261 2505 4313 ἁπάντων
2542 4262 2640 4332 (τι),
2673 4261 2751 4323 εἰς
2785 4259 2877 4312 δύο
2906 4259 3136 4330 διαιρεῖν
3184 4257 3404 4314 ἃπασαν
3443 4261 3544 4332 τὴν
3575 4263 3862 4330 στρατιὰν,
3901 4267 3998 4314 λαὶ

727 4347 910 4408 ιδικῶς
939 4346 1290 4416 ἁπληκεὸειν.

799 4433 1016 4487 XXXII.
1052 4435 1189 4502 Περὶ
1214 4433 1330 4490 τοῦ.
1363 4434 1560 4486 ὁπόσον
1587 4433 1820 4504 ἀριθμὸν
1855 4435 2054 4502 ὀφείλει
2082 4436 2225 4506 ἔχειν
2257 4437 2316 4488 τὸ
2352 4437 2578 4488 ἱππικὸν
2608 4437 2947 4506 στράτευμα.

798 4521 1033 4576 XXXIII.
1082 4523 1206 4584 Πῶς
1235 4523 1316 4575 δεῖ
1347 4525 1523 4575 ποιεῖν
1551 4524 1649 4593 τὴν
1675 4524 1737 4574 ὲκ
1767 4523 1861 4575 τοῦ
1891 4524 2170 4593 ἁπλήκτου
2201 4526 2566 4593 στρατοπέδου
2604 4526 2804 4587 παντὺς
2841 4525 3191 4594 ἁποκξνησιν.

800 4606 1039 4661 XXXIV.
1078 4610 1214 4679 Περὶ
1247 4609 1576 4678 ὁδοιπορίας.

801 4694 1022 4748 XXXV.
1059 4698 1191 4765 Περὶ
1226 4697 1341 4758 τοῦ,
1375 4697 1492 4758 πῶς
1522 4698 1601 4748 δεῖ
1633 4700 1826 4761 ποιεῖν,
1870 4702 1956 4750 ὅτε
1993 4699 2278 4764 γνωσῡῶσι
2316 4699 2564 4768 πολέμιοι
2593 4702 2648 4749 ἐν
2673 4707 2824 4751 νυκτὶ
2853 4701 3144 4768 βούλεσθαι
3186 4701 3431 4754 ἐπελθεῖν
3466 4702 3542 4772 τῷ
3577 4703 3802 4773 χάρακι.

799 4783 1038 4837 XXXVI.
1071 4783 1193 4847 Πῶς
1255 4784 1336 4836 δεῖ
1377 4787 1571 4850 ποιεῖν,
1631 4787 1790 4856 εἰπερ
1823 4787 2210 4855 ὁδοιπορούσης
2252 4789 2350 4855 τῆς
2405 4790 2664 4856 στρατιᾶς
2718 4788 2964 4857 πολέμιοι
3017 4789 3158 4857 μετὰ
3202 4789 3424 4858 βαρείας
3479 4790 3763 4860 δυνάμεως
3822 4794 4003 4864 ταύτῃ

728 4873 992 4927 επέλθωσξ
1005 4891 1050 4925 ν.

798 4958 1062 5013 XXXVII.
1105 4961 1237 5029 Περὶ
1265 4959 1379 5022 τοῦ,
1417 4962 1464 5012 εἰ
1495 4973 1796 5028 απαντησει
1831 4962 2101 5030 στένωμα,
2143 4963 2174 5032 ῆ
2210 4962 2451 5032 γεφύρας
2476 4963 2570 5014 καὶ
2598 4962 2840 5031 ποταμοῦ
2881 4961 3088 5031 βαθέως
3124 4961 3445 5034 περαιωσις,
3479 4963 3632 5016 τίδεῖ
3665 4968 3862 5024 ποιεῖν,

800 5046 1085 5100 XXXVIII.
1124 5049 1256 5116 Περὶ
1289 5047 1404 5110 τοῦ,
1559 5049 1857 5116 ἐπάγεσθαι
1890 5049 2094 5116 πλῆθος
2122 5051 2288 5120 ἀργὸν
2319 5052 2373 5100 ὲν
2406 5051 2470 5120 τῇ
2502 5052 2761 5121 πολεμίᾳ.

798 5133 1039 5188 XXXlX.
1076 5135 1209 5203 Περὶ
1232 5135 1329 5203 τῆς
1365 5136 1708 5205 ἁρμοζούσης
1751 5135 2068 5196 πανοπλίας.

797 5220 913 5275 XL.
945 5223 1081 5291 Περὶ.
1110 5222 1225 5286 τοῦ,
1263 5225 1336 5293 μὴ
1365 5223 1509 5291 ἔχειν
1539 5226 1662 5286 τοὺς
1699 5223 2109 5293 εὐτελεστέρους
2147 5225 2253 5277 τῶν
2283 5225 2558 5295 ἀρχόντων
2591 5225 2814 5296 σκηνάς.

799 5307 937 5362 XLI.
976 5309 1111 5378 Περὶ
1144 5309 1489 5379 δουκατόρων
1522 5313 1614 5362 καὶ
1643 5311 2029 5364 κατασκόπων.

797 5392 957 5447 XLII.
992 5395 1128 5464 Περὶ
1151 5395 1470 5460 διελεύσεως
1496 5398 1820 5469 κλεισούρας
1861 5398 1936 5469 μὴ
1965 5401 2337 5470 κατεχομένης
2363 5400 2513 5468 παρὰ
2535 5399 2642 5453 τῶν
2674 5401 2966 5470 πολεμίων.

797 5479 982 5535 XIIII.
1026 5483 1160 5552 Περὶ
1185 5482 1511 5552 κλεισούρας
1543 5485 1917 5556 κατεχομένης
1950 5486 2054 5539 ὑπὸ
2084 5488 2194 5539 τῶν
2225 5489 2520 5556 πολεμίων,

797 5565 982 5622 XLIV.
1025 5569 1158 5638 Περὶ
1184 5571 1518 5640 πολιορκίας.

800 5654 962 5709 XLV.
1001 5655 1124 5717 Πῶς
1157 5655 1237 5709 δεῖ
1267 5657 1632 5725 φυλάττεσθαι
1660 5664 1785 5726 to);
1821 5665 1900 5725 εἰς
1935 5664 2200 5737 συλλογὴν
2225 5665 2421 5736 χρειῶν
2469 5666 2991 5738 ἀποστελλομένους,
3025 5668 3118 5722 καὶ
3156 5669 3281 5730 τοὺς
3313 5668 3575 5737 νέμοντας
3612 5668 3742 5734 τοὺς
3768 5669 4004 5738 Iam-3.

801 5829 877 5900 (a)
905 5829 1055 5885 Fort.
1083 5832 1468 5888 ἀπαντώντων.
