4190 6534
175 402 283 465 ϐω
1382 397 1450 455 C.
1492 393 1554 454 B.
1598 393 1807 455 IIASII
1846 387 2267 452 I’RrﬁFATIO.
3326 377 3435 439 650

256 513 441 571 XLVI.
474 512 595 575 [Ιῶς
638 512 715 564 δεῖ
746 506 1127 581 τροπώσκσοαι
1165 508 1285 569 τοὺς
1325 506 1637 585 πολεμίους,
1688 506 1815 567 τοὺς
1868 504 2089 573 ἐνέδρας
2121 502 2433 572 τιθεμένους
2479 501 2620 555 κατὰ
2653 499 2759 551 τῶν
2807 498 2885 559 εἰς
2928 491 3189 564 συλλογὴν
3239 494 3435 562 χρεών

179 606 262 670 ὲξε
270 602 567 675 ρχομένων.

246 667 457 745 XLVII.
493 688 628 759 Περὶ
653 685 774 750 τοῦ,
815 686 878 750 εἰ,
902 682 1220 753 γνωσθῶσιν
1249 684 1295 735 οἱ
1334 682 1565 753 ἀρχηγοὶ
1588 682 1697 733 τῶν
1722 680 1995 749 πολεμίων
2024 680 2162 749 μετὰ
2188 678 2285 746 τῆς
2314 676 2403 729 ὑπ’
2430 677 2609 739 aitet;
2632 674 2913 742 δυνάμαως
2942 670 3124 740 κρύφα
3149 667 3438 738 μέλλοντῖς

180 775 671 833 ιπιόουλεύσασθαι
700 773 780 843 τῷ
806 770 1175 841 στρατοπέδῳ,
1208 771 1239 841 ἥ
1273 772 1385 832 τοῖς
1416 771 1553 838 πρὸς
1582 766 1849 837 συλλογὴν
1882 765 2116 831 ἐξιοῦσιν
2147 766 2463 836 ὑπουργοῖς.

256 863 486 920 XLVIII.
524 864 647 926 Πῶς
672 862 752 916 δεῖ
785 860 979 922 νυκτὸς
1008 859 1086 928 τῷ
1118 857 1381 928 ἁπλήκτῳ
1421 856 1529 908 τῶν
1566 856 1841 924 πολεμίων
1870 854 2138 908 ἐπελθεῖν.

251 951 440 1005 XLIX.
484 950 607 1013 Πῶς
657 948 878 1003 δυνατόν
932 948 1045 999 ἔστι
1090 947 1205 1015 μετ’
1235 942 1633 1016 ἑπι.ηδεύσεως
1676 943 1802 1005 τοὺς
1852 940 2341 1012 πολιορκουμινους
2396 937 2529 1007 πρὸς
2558 939 2623 987 τὶ
2653 936 2807 999 me;
2858 934 3283 998 ὶπισπάσασθαι,
3342 934 3440 987 καὶ

181 1042 547 1110 τραυματίσαι
589 1038 806 1100 αὐτούς.

249 1129 313 1181 L.
357 1128 431 1180 Πε
442 1129 492 1196 pi.
521 1126 897 1196 τειχομαχίας.

249 1215 342 1269 ιι.
380 1218 514 1286 Περὶ
543 1215 661 1277 τοῦ,
693 1215 811 1277 πῶς
840 1215 921 1267 δεῖ
959 1214 1052 1268 τὸν
1082 1211 1388 1282 στριτηγδν
1417 1209 1732 1273 δικάζεσθαι
1759 1209 1858 1279 (α).

250 1304 365 1359 LII.
408 1307 483 1359 Πε
493 1303 545 1373 pl.
572 1302 897 1373 ἀδνουμίων.

252 1391 383 1446 LIII.
419 1392 555 1461 Περὶ
581 1390 674 1444 τοῦ
726 1390 999 1444 διδάσκειν
1040 1389 1131 1441 τὸν
1166 1390 1396 1459 στρατὸν
1426 1387 1518 1440 καὶ
1567 1384 1767 1448 ἐθίζειν
1796 1385 1875 1437 [τι
1922 1383 1981 1433 ιν
2026 1384 2092 1451 τῇ
2130 1381 2237 1450 ἰδίᾳ
2281 1382 2429 1448 ὄντα,
2462 1381 2602 1433 κατὰ
2631 1379 2783 1446 τάξιν
2816 1376 3149 1448 ἀπληκιύιιν
3180 1378 3272 1431 καὶ
3301 1375 3443 1429 ὁδοι-

183 1481 393 1547 πορεῖν.

248 1567 383 1621 LIV.
415 1568 552 1635 Περὶ
582 1565 677 1619 τοῦ
709 1564 1146 1619 ὐπαλλάττεσθαι
1198 1564 1296 1626 τὰς
1329 1562 1655 1623 iudaice;
1686 1562 1870 1627 τάξεις
1901 1560 2001 1629 τὴν
2028 1556 2123 1611 τοῦ
2177 1556 2319 1610 σάκα
2359 1555 2658 1619 διακονίαν,
2700 1556 2787 1608 διὰ
2829 1550 2918 1607 τὸν
2950 1554 3117 1606 πολὺν
3151 1556 3318 1606 κόπον
3348 1554 3442 1606 τοῦ

181 1658 443 1725 ἂρχοντος
484 1656 580 1724 (b).

251 1739 364 1796 LV.
401 1743 535 1812 Περὶ
563 1741 671 1793 τῶν
704 1741 1079 1809 ὑποκειμένων
1130 1738 1407 1804 δονλειῶν,
1453 1739 1535 1791 ὅτι
1566 1737 1671 1807 χρὴ
1706 1736 1813 1805 πρὸ
1864 1738 2137 1806 ἡμετέρας
2179 1736 2385 1805 ταύτης
2414 1734 2824 1805 νλελογισμὲνης
2862 1732 2928 1806 [Ι.
2975 1731 3192 1807 ἡμέρας
3242 1734 3445 1795 ταύτας

182 1828 601 1899 λελογισμένως]
630 1827 833 1881 tutter
862 1832 955 1880 καὶ
981 1826 1335 1881 διατέθεσθαι.

261 1943 525 2021 [XXVI]
558 1944 663 2014 Ea,
712 1941 999 2019 inquam,
1037 1942 1264 2018 capita.
1313 1940 1792 2019 qualiacunque
1832 1946 2005 2011 sunt,
2053 1945 2115 2001 et
2146 1937 2457 2016 descripsi
2498 1925 2890 2015 jampridem
2922 1938 3230 2000 etLatine
3284 1953 3442 1999 con-

187 2038 374 2109 verti,
412 2044 481 2099 ut
527 2037 592 2097 in
638 2036 1064 2114 subsequenti
1106 2037 1326 2112 aliquo
1371 2035 1701 2096 volumine
1737 2035 1922 2097 facile
1975 2035 2225 2112 vulgari
2282 2044 2545 2114 queant,
2604 2036 2656 2094 si
2716 2037 2907 2098 modo
2950 2037 3105 2099 tanti
3144 2036 3447 2098 videntur

186 2135 485 2195 eruditis.
516 2135 799 2205 Quorum
824 2132 1146 2211 judicium
1196 2132 1310 2193 hac
1348 2133 1427 2193 de
1460 2149 1523 2194 re
1555 2132 1857 2211 exquiro,
1897 2149 2113 2194 meum
2145 2133 2400 2195 nullum
2438 2132 2886 2211 interponens.

268 2233 414 2292 XII.
457 2233 594 2291 Jam
629 2229 802 2307 quod
842 2230 917 2290 ad
962 2228 1565 2307 interpretationem
1626 2229 1917 2290 Latinam
1968 2228 2275 2290 Historim
2314 2229 2553 2290 Leonis
2602 2229 2856 2303 attinet,
2896 2229 3070 2292 locos
3126 2230 3446 2291 versionis

188 2328 677 2390 Combetisianm
734 2328 803 2389 in
837 2327 1091 2390 Criticis
1138 2328 1283 2406 Pagi
1332 2327 1504 2404 (vide
1548 2343 1743 2406 supra
1796 2343 1938 2405 pag.
1978 2326 2121 2405 637)
2170 2334 2483 2398 servatos,
2527 2325 2654 2386 nisi
2687 2326 2797 2387 ubi
2839 2326 3180 2389 manifesto
3229 2328 3447 2405 lapsus

188 2434 352 2497 erat,
396 2424 626 2485 iisdem
669 2424 1135 2503 proiiemodum
1171 2425 1383 2495 verbis
1417 2424 1486 2483 in
1528 2424 1878 2484 editionem
1916 2438 2117 2483 meam
2155 2422 2372 2483 retuli.
2405 2422 2602 2500 Cujus
2638 2421 2731 2484 rei
2768 2439 3308 2503 unumquemque
3340 2427 3450 2485 ad-

192 2522 515 2583 monitum
552 2539 693 2583 esse
740 2522 932 2582 velim
980 2544 993 2581 :
1030 2538 1131 2591 ne,
1170 2520 1223 2579 si
1258 2537 1453 2599 quem
1493 2520 1557 2581 in
1596 2521 1897 2582 versione
1938 2528 2048 2581 aut
2087 2519 2241 2598 styli
2292 2519 2748 2595 inconstantia,
2782 2531 2888 2581 aut
2943 2522 3276 2601 quippiam
3322 2521 3450 2583 for-

193 2627 359 2681 tasse
396 2636 521 2679 non
558 2618 713 2679 satis
744 2634 906 2695 pure
936 2623 1127 2694 atque
1152 2618 1489 2677 emendate
1542 2616 1781 2678 dictum
1841 2615 2207 2688 oﬁ'ettderit,
2244 2616 2555 2677 continuo
2613 2615 2677 2676 id
2742 2616 2808 2677 in
2874 2617 3444 2696 reprehensionem

194 2716 578 2775 vertendum
626 2720 825 2790 putet.
866 2714 1021 2773 Nam
1061 2722 1194 2773 erat
1220 2702 1643 2774 Combetisius
1675 2712 1865 2775 homo
1906 2713 2053 2791 pius
2085 2713 2349 2791 quidem
2381 2720 2442 2773 et
2473 2711 2541 2772 in
2573 2712 2768 2773 rebus
2801 2712 2995 2775 sacris
3029 2714 3450 2794 singulariter

190 2814 445 2883 doctus,
483 2811 592 2871 svd
634 2810 749 2888 qui
785 2826 1119 2886 nunquam
1149 2810 1226 2871 ab
1259 2809 1569 2871 orationis
1601 2811 1946 2888 asperitate
1976 2810 2405 2885 maestitiaque
2434 2811 2661 2872 abesse
2697 2812 2926 2889 potuit.
2950 2812 3147 2874 Nobis
3185 2830 3448 2893 quoque

192 2910 259 2968 in
296 2907 609 2969 universo
644 2906 975 2968 volumine
1011 2906 1248 2985 lingute
1286 2917 1477 2987 atque
1519 2908 1911 2971 elocutionis
1944 2923 2095 2969 cura
2134 2906 2412 2985 (vereor)
2446 2922 2576 2968 non
2631 2914 2798 2967 tanta
2830 2906 2975 2979 fuit,
3016 2917 3255 2988 quanta
3304 2926 3447 2971 esse

192 3012 469 3082 poterat,
505 3001 773 3063 fortasse
798 3004 986 3063 etiam
1021 3004 1313 3065 debebat.
1343 3005 1459 3065 Sed
1502 3004 1753 3065 veniam
1809 3004 2127 3083 ejusmodi
2167 3003 2428 3064 facilius
2478 3004 2615 3065 dari
2651 3020 2840 3082 posse
2872 3004 3178 3066 existimo
3211 3006 3450 3083 Byzan-

192 3101 345 3160 tines
396 3100 685 3161 historim
738 3100 1073 3173 studiosis,
1114 3101 1514 3179 omninoque
1549 3101 1629 3161 iis
1688 3101 1800 3180 qui
1838 3102 1902 3163 in
1936 3100 2366 3179 scriptoribus
2419 3099 2621 3160 medii
2652 3099 2798 3173 mvi,
2841 3101 3063 3162 nescio
3109 3102 3265 3179 quid
3312 3102 3453 3164 bar-

194 3200 425 3258 barum
486 3206 549 3259 et
594 3196 1060 3258 inconcinnum
1115 3197 1521 3265 sonantibus,
1577 3198 2030 3275 cogitationem
2100 3196 2330 3275 perdiu
2401 3203 2673 3273 ponunt.
2725 3196 3064 3271 Praeterea,
3131 3198 3445 3258 bonorum

198 3294 589 3370 scriptorum
624 3293 992 3370 exemplum
1032 3301 1439 3363 consecutus,
1492 3292 1585 3353 vel
1621 3293 1685 3353 in
1731 3294 1943 3355 verbis
1974 3294 2051 3355 ad
2086 3292 2438 3371 religiones
2483 3292 3082 3371 persuasionesque
3117 3294 3447 3369 pertinen-

200 3391 401 3459 tibus,
451 3390 564 3451 ubi
602 3388 1051 3452 difﬁcillimum
1087 3396 1244 3460 erat,
1279 3390 1472 3449 malui
1520 3389 1845 3450 interdum
1888 3387 2134 3468 aliquid
2195 3392 2434 3451 audere
2471 3391 2712 3468 potius,
2744 3408 2936 3469 quam
2979 3391 3265 3452 Latinam
3308 3409 3448 3452 oru-

197 3487 443 3547 tionem
504 3486 729 3547 multis
790 3487 1026 3547 Grmms
1084 3485 1416 3546 vocabulis
1479 3484 1854 3563 inquinare.
1888 3482 2155 3546 Nomina
2215 3504 2425 3545 rerum
2466 3486 2687 3547 (ἔναιε-α
2737 3504 2871 3566 qua:
2902 3489 3320 3547 convertimus
3355 3490 3449 3561 (ut

197 3582 529 3645 Corniticii
562 3582 773 3644 verbis
810 3590 973 3654 utar,
1006 3590 1233 3659 quarto
1262 3582 1807 3660 Rhetoricorum),
1845 3600 1909 3641 ca
1946 3593 2187 3642 remota
2216 3592 2361 3641 sunt
2395 3602 2429 3641 a
2473 3583 2921 3644 consuetudine
2948 3604 2970 3643 :
3001 3600 3134 3662 qua:
3166 3584 3321 3643 enim
3351 3602 3450 3643 rc:

197 3680 368 3757 apud
416 3688 673 3739 nostra:
728 3696 857 3737 non
897 3686 1095 3749 erant,
1130 3696 1343 3737 earum
1394 3694 1609 3759 rerum
1671 3678 1929 3737 nomina
1965 3696 2093 3736 non
2150 3686 2451 3754 poterant
2487 3696 2615 3737 esse
2641 3680 2902 3739 usitata.
2954 3677 3450 3758 Designationes

199 3778 612 3855 dignitatum,
669 3774 1047 3852 patriarcha,
1091 3776 1509 3847 domesticus,
1546 3775 1966 3853 drungarius,
2027 3774 2283 3854 aliaque
2342 3776 2401 3837 id
2466 3793 2695 3854 genus,
2753 3774 3119 3837 necessario
3180 3776 3447 3850 retinui,

202 3872 455 3933 tametsi
488 3890 561 3932 ex
600 3868 997 3932 nitidissima
1023 3870 1383 3931 Latinitatis
1416 3869 1592 3932 fonte
1628 3873 2126 3949 haudquaquam
2168 3870 2618 3949 proﬂuxerint.
2665 3872 2836 3945 Quas
2888 3871 2940 3931 si
2978 3871 3271 3948 [XXVII]
3303 3872 3451 3951 quis

202 3977 310 4029 aut
338 3968 541 4028 nimia
607 3966 874 4028 Romani
913 3967 1234 4027 sermonis
1283 3966 1599 4043 religione
1628 3966 1891 4028 silentio
1927 3969 2279 4044 praeterire,
2311 3977 2420 4029 aut
2464 3986 2577 4047 per
2624 3969 3077 4032 circuitionem
3128 3970 3451 4049 explicare

207 4065 512 4135 voluerit,
547 4081 645 4124 nm
677 4064 786 4124 ille
821 4063 981 4123 mihi
1010 4064 1409 4141 imprudens,
1448 4070 1508 4124 et
1532 4063 1715 4141 cujus
1748 4064 2071 4125 sententia
2106 4064 2373 4124 minime
2404 4065 2704 4127 standum
2743 4064 2851 4138 sit,
2875 4066 3131 4127 videtur
3161 4066 3453 4145 judican-

204 4162 345 4221 dus.
388 4159 693 4220 Versioni
735 4154 970 4219 Leonis
1032 4160 1107 4218 ad
1162 4157 1513 4235 marginem
1583 4159 1974 4219 exteriorem
2022 4156 2330 4219 lectiones
2389 4159 2629 4220 codicis
2684 4167 2834 4221 sunt
2878 4160 3209 4239 apposita,
3242 4162 3454 4225 sicubi

206 4272 450 4327 vocem,
482 4272 517 4315 a
566 4252 847 4315 librariis
886 4253 1229 4314 manifesto
1266 4261 1657 4329 corruptam,
1691 4252 1756 4311 in
1787 4259 2029 4313 textum
2088 4253 2324 4330 recepi.
2361 4252 2478 4315 Ubi
2532 4254 2853 4316 dubitatio
2901 4257 3184 4331 suberat,
3222 4258 3450 4320 lectio-

208 4368 349 4413 nem
397 4348 641 4413 codicis
698 4351 763 4411 in
824 4358 999 4410 textu
1042 4348 1317 4421 servavi,
1372 4348 1805 4425 conjecturam
1868 4365 2073 4410 meam
2122 4349 2321 4428 adjeci
2385 4348 2450 4409 in
2509 4365 2643 4422 ora,
2678 4350 2733 4410 si
2798 4350 2977 4413 valde
3025 4353 3447 4429 probabilem,

210 4447 463 4525 praeﬁxa
506 4448 712 4507 littera
758 4442 800 4506 ι.
833 4446 953 4506 hoc
980 4442 1244 4523 estlege,
1292 4443 1392 4504 sin
1441 4445 1682 4514 minus,
1729 4447 1979 4521 prtefixa
2014 4448 2061 4527 Ῑ.
2096 4448 2367 4526 fortasse
2423 4446 2591 4523 (nam
2625 4447 2794 4528 forte
2827 4447 3145 4528 siquando
3174 4448 3452 4529 impres-

207 4560 341 4603 sum
374 4550 493 4611 est,
530 4542 591 4603 id
624 4558 851 4619 aequus
879 4541 1074 4601 lector
1106 4540 1462 4601 oscitantim
1502 4555 1846 4617 Operarum
1873 4536 2196 4618 ascribat).
2239 4541 2309 4599 In
2367 4553 2618 4599 summa
2672 4538 2734 4599 id
2770 4540 2896 4617 egi,
2927 4548 2998 4602 ut
3035 4545 3113 4603 de
3139 4544 3455 4621 su5picio-

209 4639 399 4698 nibus
438 4638 626 4711 meis,
669 4654 859 4716 quam
895 4652 1167 4714 quaeque
1202 4634 1556 4714 probabilis
1591 4634 1675 4695 sit
1720 4635 1857 4695 sive
1912 4651 2093 4708 vana,
2145 4651 2339 4713 penes
2394 4632 2693 4696 lectorem
2738 4634 3057 4713 judicium
3115 4636 3449 4719 relinque-

210 4742 403 4795 retur.
1535 4802 1538 4807 .
3322 4802 3329 4811 -

280 4830 455 4890 XIII.
493 4828 825 4904 Superest,
865 4834 935 4889 ut
975 4829 1051 4889 de
1098 4826 1395 4889 instituto
1434 4827 1868 4889 adnotationis
1910 4845 2088 4901 mete,
2124 4827 2403 4890 maxime
2433 4831 2506 4891 ad
2541 4827 2843 4904 Leonem,
2886 4832 2939 4891 si
2987 4831 3100 4911 qui
3159 4844 3451 4912 vagatum

209 4942 303 4986 me
339 4928 404 4986 in
443 4925 526 4985 iis
562 4925 752 4985 latius
797 4933 989 5001 atque
1035 4923 1377 4985 deﬂexisse
1418 4941 1867 5003 saepenumero
1898 4926 1977 4987 de
2038 4925 2133 4986 via
2189 4935 2439 5003 putent,
2496 4928 2666 5005 apud
2713 4924 3185 4991 existimatores
3226 4930 3454 4991 harum

212 5039 420 5082 rerum
458 5020 903 5098 intelligentes
948 5029 1009 5080 et
1051 5035 1275 5098 mquos
1311 5020 1528 5098 paucis
1557 5038 1655 5080 me
1704 5038 1997 5099 purgem.
2025 5022 2279 5084 Etenim
2334 5014 2627 5083 intellexi
2666 5020 3003 5101 lriplicilet‘
3056 5024 3189 5086 tieri
3240 5043 3451 5105 posse,

212 5128 274 5176 ut
307 5117 584 5179 editoris
628 5117 691 5174 in
736 5132 930 5193 opere
964 5118 1380 5195 exsequendo
1415 5117 1727 5177 sedulitas
1757 5116 2077 5177 fautorum
2124 5126 2489 5179 nostrorum
2526 5118 2996 5182 benevolentia)
3042 5122 3454 5201 aliquatenus

212 5214 653 5293 responderet.
708 5210 847 5273 Uno
899 5216 1109 5285 modo,
1146 5214 1199 5273 si
1259 5211 1603 5290 scriptores
1637 5214 1835 5291 ipsos,
1874 5214 2099 5291 quales
2144 5214 2212 5275 in
2247 5214 2637 5275 membranis
2681 5210 3128 5287 offendissem,
3179 5219 3454 5282 sublatis

212 5320 453 5372 tantum
530 5308 893 5371 manifestis
947 5310 1223 5380 mendis,
1278 5308 1486 5370 addita
1560 5310 1776 5371 Latina
1839 5311 2166 5379 versione,
2212 5306 2483 5371 arbitrio
2540 5312 2939 5373 eruditorum
2992 5315 3451 5391 permitterem.

210 5406 475 5477 Deinde,
511 5422 657 5466 cum
694 5405 967 5481 plurima
1000 5414 1217 5465 essent
1252 5422 1457 5483 nuper
1486 5405 1552 5467 in
1594 5405 1993 5467 Bibliotheca
2038 5405 2256 5483 Regia,
2296 5404 2495 5465 multa
2553 5408 2883 5483 supersint
2930 5411 3005 5471 ad
3052 5412 3214 5472 hanc
3255 5412 3451 5482 diem,

208 5504 276 5560 ad
312 5520 409 5563 res
452 5501 845 5579 Byzantines
870 5502 1344 5580 quodammodo
1376 5501 1790 5577 pertinentia,
1829 5520 2041 5580 neque
2085 5505 2253 5563 edita
2308 5501 2543 5575 adhuc,
2574 5519 2791 5581 neque
2858 5522 3141 5580 unquam
3223 5508 3457 5584 Opinor

209 5602 498 5673 (utnunc
521 5596 1012 5676 sunttempora)
1052 5599 1297 5675 integra
1330 5598 1535 5658 lucem
1581 5598 1823 5671 visura,
1861 5598 2020 5661 Vitae
2071 5601 2475 5669 Sanctorum,
2533 5601 2826 5677 epistolae
2875 5600 3145 5663 fratrum
3185 5604 3457 5666 devoto-

280 5768 351 5825 ta)
382 5761 568 5839 gadet
590 5761 767 5839 male,
799 5762 1190 5839 γομνὰξεσθαιτ
1370 5834 1381 5839 _
1509 5835 1527 5839 Δ
1734 5835 1744 5839 Α
1892 5774 1935 5817 tt

1892 5764 1987 5839 tuli
2025 5777 2237 5839 mutare
2260 5766 2338 5839 sic
2363 5783 2376 5818 :
2410 5794 2482 5809 —-
2499 5766 2692 5827 κόπον.
2716 5764 2810 5820 τοῦ
2835 5767 3111 5839 ἄρχοντος,
3137 5769 3185 5822 ει
3210 5769 3425 5829 δυνατὸς
3443 5811 3457 5837 ,

280 5841 350 5901 tt»)
378 5832 471 5887 Sic
497 5838 669 5886 eo;th
706 5855 715 5884 :
758 5834 852 5887 sed
890 5836 1027 5886 lecto
1070 5836 1246 5900 capite
1279 5834 1462 5887 malum
1502 5835 1659 5889 finem
1711 5835 1778 5889 ti-
1890 5854 1935 5905 μ

706 5855 715 5884 ;
758 5834 852 5887 sed
890 5836 1027 5886 lecto
1070 5836 1246 5900 capite
1279 5834 1462 5887 malum
1502 5835 1659 5889 ﬁnem
1711 5835 1778 5889 ti-
1890 5836 2142 5905 μένοντος
2177 5836 2360 5890 αὑτοῦ.

427 5930 701 5989 Parnm.
744 5930 859 5990 Gn.
924 5927 1142 5989 CXV"
3068 5935 3141 5995 ‘21
