4190 6534
743 403 844 472 651
1936 411 1998 471 C.
2040 412 2102 470 B.
2148 412 2361 472 IlASll
2397 413 2812 472 ΙἮᾹΞῈΑΉΟ.
3875 430 3981 492 652

745 538 914 595 rum,
947 519 1335 594 antistitum,
1373 519 1901 598 patriarcharum,
1967 527 2267 582 tractatus
2313 520 2687 598 dogmatici,
2720 522 3000 597 ascetici,
3050 525 3350 602 polemici
3407 545 3635 608 magno
3680 551 3974 613 numero,

743 620 1010 679 annales
1059 631 1319 693 quoque
1390 615 1642 687 inediti,
1693 615 2099 692 pervolutare
2163 632 2235 676 ea
2292 616 2584 677 studiose
2643 625 2833 694 atque
2878 634 3222 698 excerpere
3283 623 3440 702 coepi
3496 627 3812 704 quidquid
3870 631 3973 691 lu-

747 729 882 772 cem
955 711 1180 771 aﬁ‘erre
1244 717 1485 785 poterat
1547 710 1734 770 annis
1790 711 2067 771 sedecim
2136 711 2245 790 qui
2297 728 2328 772 a
2381 720 2584 773 morte
2637 713 3039 775 Constantini
3079 717 3189 776 VII
3245 720 3824 800 Porphyrogenelm
3877 724 3976 806 (t5

746 807 1086 870 Novembr.
1133 808 1270 884 959)
1300 807 1374 867 ad
1404 806 1816 879 Tzimisccm,
1854 807 1929 866 10
1961 808 2219 869 Januar.
2253 809 2370 868 976
2427 823 2677 870 veneno
2727 807 3079 881 sublatum,
3117 809 3524 888 eiﬂuxerunt,
3563 834 3972 900 quorumque

746 903 1118 964 memoriam
1185 904 1310 964 Leo
1371 900 1746 979 complexus
1806 901 2074 964 est..Ubi
2140 919 2284 965 cum
2349 903 2672 982 prmeipue
2730 905 2880 965 usui
2951 905 3110 968 mihi
3162 907 3409 971 fuerint
3456 911 3747 976 historim
3800 917 3964 989 duas,

740 998 1285 1061 alteraSimeonis
1319 997 1682 1076 Logotbetaa
1713 997 1863 1076 (vid.
1890 998 2149 1060 'Harles.
2206 996 2370 1059 Bibl.
2437 1000 2546 1060 Gr.
2582 1001 2720 1074 νυ,
2758 1001 2899 1074 685,
2937 1001 3028 1084 1.),
3082 1006 3281 1068 altera
3319 1007 3491 1081 Julii
3536 1010 3834 1084 Pollucis,
3868 1013 3970 1077 hic

739 1095 948 1158 facere
984 1113 1108 1157 non
1143 1111 1426 1172 possum,
1461 1096 1620 1174 quin
1663 1096 2035 1159 Italicorum
2081 1113 2344 1176 quoque
2383 1098 2788 1159 eruditorum
2822 1100 2889 1161 in
2927 1118 3027 1161 me
3067 1103 3382 1177 animum,
3415 1122 3604 1184 quam
3652 1109 3966 1187 singulari

741 1192 948 1253 otlicio
1001 1191 1218 1266 fuerit,
1247 1199 1464 1270 gratus
1521 1208 2046 1253 commemorem.
2087 1193 2236 1253 Nam
2292 1193 2632 1269 repentino
2687 1196 2837 1256 anni
2877 1199 3033 1260 1815
3066 1207 3374 1276 tempore,
3409 1220 3554 1264 cum
3586 1209 3834 1280 statum,
3868 1214 3964 1268 ta-

740 1286 931 1361 bulm,
954 1287 1199 1365 reliqua
1232 1285 1559 1347 civitatum
1601 1294 1972 1349 ornamenta
2004 1288 2281 1348 Parisios
2317 1289 2468 1350 olim
2508 1299 2806 1353 conv-ecta
2823 1296 3145 1372 [XXVIII]
3173 1299 3458 1375 undique
3497 1309 3964 1378 repeterentur,

738 1383 966 1444 accidit
1000 1391 1067 1444 ut
1104 1382 1272 1442 inter
1303 1381 1555 1444 codices
1608 1382 1678 1444 in
1729 1382 1960 1445 Urbem
2021 1385 2439 1461 reportandos
2499 1394 2667 1448 esset
2703 1389 3054 1451 Vaticanus
3088 1408 3153 1452 n.
3183 1393 3320 1465 163,
3356 1392 3531 1454 illam
3569 1395 3770 1472 ipsam
3809 1399 3964 1459 Julii

737 1477 1018 1564 Pollucis
1065 1476 1394 1537 historiam
1427 1477 1884 1554 complectens.
1942 1479 2034 1540 lbi
2096 1496 2240 1540 cum
2290 1480 2774 1544 intellexissent
2815 1493 3266 1562 procuratores
3323 1490 3564 1550 summi
3621 1491 3960 1568 pontiﬁcis,

739 1589 839 1633 me
870 1572 936 1632 in
970 1571 1385 1633 conﬁciendis
1423 1572 1591 1632 notis
1621 1570 1740 1633 hec
1778 1573 1995 1635 codice
2045 1591 2212 1652 aegre
2268 1575 2646 1641 cariturum.
2689 1579 3174 1655 perhumaniter
3219 1594 3618 1661 negaverunt
3674 1603 3744 1647 se
3795 1603 3966 1647 com-

738 1668 1078 1739 missuros,
1112 1675 1175 1728 ut
1213 1683 1244 1726 a
1277 1683 1344 1726 se
1374 1667 1608 1728 studiis
1641 1667 1801 1729 meis
1831 1670 2088 1730 obesset
2129 1670 2511 1750 quidquam,
2542 1674 3114 1753 permiseruntque
3147 1684 3214 1737 ut
3249 1696 3456 1756 usque
3504 1681 3580 1741 ad
3613 1681 3962 1743 editionem

740 1765 883 1826 libri
919 1764 973 1824 is
997 1764 1190 1823 codex
1231 1761 1489 1824 Parisiis
1523 1765 2233 1838 remaneret.Quocirca
2271 1767 2578 1828 maximas
2608 1768 2842 1846 gratias
2866 1777 2928 1830 et
2957 1787 3075 1849 ago
3107 1778 3168 1834 et
3205 1772 3406 1834 habeo
3445 1773 3583 1835 viro
3606 1778 3960 1839 reverenda

735 1874 923 1939 atque
949 1862 1044 1923 ill.
1083 1859 1327 1924 Marino
1358 1861 1615 1933 Marini,
1656 1863 1735 1923 ab
1771 1862 2003 1923 intimo
2037 1863 2337 1925 cubiculo
2373 1866 2611 1926 summi
2652 1868 2994 1943 pontiﬁcis,
3035 1875 3096 1929 et
3129 1871 3371 1931 arehivi
3419 1872 3750 1950 apostolici
3786 1875 3960 1936 Vati-

735 1960 874 2020 cani
927 1957 1239 2034 prml'ecto,
1275 1955 1461 2035 cujus
1497 1955 1563 2017 in
1596 1956 1716 2018 hoc
1759 1958 2020 2034 negotio
2060 1959 2298 2021 eximia
2359 1961 2692 2041 studiique
2730 1962 2917 2040 plena
2975 1962 3180 2025 ofﬁcia
3233 1981 3382 2043 erga
3416 1983 3517 2028 me
3552 1967 3960 2030 exstiterunt.

734 2057 918 2130 Quod
962 2063 1174 2115 autem
1201 2051 1520 2130 ejusmodi
1553 2052 1890 2115 notionum
1924 2053 2378 2118 historicarum
2413 2075 2494 2119 ne
2525 2059 2617 2120 sic
2656 2060 2920 2138 quidem
2960 2061 3021 2122 in
3064 2061 3184 2123 hoc
3239 2070 3408 2123 tomo
3471 2080 3814 2141 permagna
3867 2073 3960 2126 est

733 2153 1015 2215 accessio
1047 2151 1227 2220 facta,
1280 2165 1408 2209 non
1448 2149 1658 2210 hercle
1700 2151 1989 2228 penuriaa
2043 2151 2448 2216 Bibliotheca
2486 2165 2737 2228 nostrae,
2778 2157 2890 2218 sed
2951 2159 3253 2236 paucitati
3299 2176 3641 2235 annorum,
3681 2178 3958 2240 quorum

735 2258 908 2332 gesta
941 2248 1125 2310 tradit
1167 2249 1291 2307 Leo
1353 2247 1523 2324 (vide
1564 2265 1755 2326 supra
1807 2264 1949 2327 pag.
1983 2249 2121 2318 6H,
2156 2267 2334 2312 num.
2368 2250 2503 2331 Vl),
2546 2253 2746 2314 tribui
2791 2253 2852 2314 id
2889 2254 3109 2316 velim.
3145 2256 3237 2316 Ad
3288 2256 3594 2329 Psellum,
3639 2274 3956 2319 annorum

732 2366 934 2429 .prOpe
971 2351 1233 2409 centum
1266 2342 1617 2424 (975-1060)
1647 2345 2020 2407 memoviam
2057 2355 2494 2423 persecutum,
2530 2347 2804 2425 plurima
2834 2349 3150 2428 ejusmodi
3185 2350 3425 2412 inedita
3444 2353 3837 2431 subjungere
3861 2371 3959 2416 me

739 2461 926 2522 posse
959 2456 1173 2520 spero,
1211 2438 1450 2517 quibus
1485 2441 1574 2500 vel
1601 2440 1952 2512 stabilitur,
1992 2445 2084 2502 vel
2127 2442 2527 2514 emendatur,
2568 2442 2661 2504 vel
2693 2443 2938 2505 ratione
2973 2443 3312 2523 multiplici
3356 2447 3780 2524 ampliﬁcatur
3821 2450 3959 2528 ejus

735 2539 1033 2604 narratio.
2681 2566 2683 2568 ·

815 2675 980 2736 XIV.
1023 2673 1277 2735 Atenim
1322 2690 1449 2733 non
1488 2689 1588 2733 me
1622 2671 1930 2750 fugiebat,
1965 2672 2154 2734 etiam
2198 2682 2267 2733 ut
2297 2673 2620 2734 cumulate
2659 2674 2867 2736 oliicio
2909 2692 3052 2736 meo
3095 2675 3214 2736 hoc
3244 2677 3488 2755 duplici
3539 2679 3802 2740 nomine
3851 2697 3956 2741 sa-

735 2771 1122 2843 tisfacerem,
1155 2778 1367 2831 tamen
1398 2769 1532 2829 fore
1566 2777 1632 2830 ut
1670 2769 1763 2830 sic
1793 2785 2006 2848 neque
2037 2769 2113 2829 ad
2155 2769 2506 2830 litterarum
2543 2770 2905 2831 Graecarum
2944 2788 3155 2850 neque
3185 2771 3262 2831 ad
3298 2772 3586 2835 historia)
3635 2775 3958 2838 studiosos

733 2871 818 2930 ita
862 2867 1098 2928 multos
1131 2865 1251 2927 mei
1287 2863 1477 2926 oﬁicii
1511 2864 1755 2926 utilitas
1791 2865 2162 2943 pertineret.
2202 2867 2380 2941 Nam,
2415 2884 2557 2928 cum
2591 2868 2858 2930 omnino
2885 2867 2950 2929 in
2983 2869 3215 2930 studiis
3247 2871 3755 2943 nostris,Graecis
3787 2872 3953 2945 dico,

731 2974 861 3026 neu
895 2961 1279 3024 sitmaxima
1314 2961 1492 3039 copia
1552 2977 1774 3022 eorum
1826 2961 1964 3038 qui,
1998 2962 2098 3022 via
2164 2961 2310 3022 trita
2367 2963 2610 3036 relicta,
2651 2963 2992 3024 interiores
3048 2972 3415 3025 scrutentur
3468 2981 3538 3026 ac
3594 2967 3954 3028 reconditas

739 3064 1002 3134 litteras,
1039 3068 1170 3119 tum
1211 3075 1364 3120 vero
1405 3075 1483 3118 ex
1527 3057 1606 3117 iis
1638 3056 1796 3136 ipsis
1838 3057 2158 3136 exquisite
2184 3057 2388 3118 doctis
2417 3069 2655 3137 quotus
2685 3058 2964 3138 quisque
2997 3067 3115 3132 est,
3148 3059 3261 3137 qui
3313 3061 3647 3122 lectionem
3685 3062 3956 3140 scripto-

737 3159 824 3220 ris
881 3156 1214 3236 Byzantini
1265 3154 1342 3216 ad
1406 3153 1811 3216 subtiliorem
1870 3154 2303 3232 cognitionem
2361 3153 2600 3231 lingum
2652 3154 3002 3232 quidquam
3048 3153 3338 3215 conferre
3393 3157 3618 3234 putet?
3650 3156 3955 3217 Historici

734 3266 947 3317 autem
982 3253 1275 3313 homines
1309 3269 1488 3330 pmnc
1513 3267 1737 3312 omnes
1771 3251 1867 3312 vel
1904 3252 1978 3312 ad
2019 3259 2306 3311 veterum
2339 3249 2600 3310 illorum
2641 3266 2902 3328 prorsus
2936 3250 3352 3328 antiquorum
3384 3252 3668 3313 divinam
3710 3270 3951 3314 memo-

737 3353 919 3423 riam,
965 3349 1058 3410 vel
1091 3349 1166 3409 ad
1213 3365 1312 3409 res
1352 3361 1564 3407 nostra
1599 3354 1980 3424 patrumque
2031 3345 2340 3408 memoria
2379 3358 2487 3406 aut
2537 3346 2846 3407 subtilius
2875 3354 2935 3406 et
2969 3347 3434 3423 temperantius
3478 3356 3586 3408 aut
3616 3348 3953 3424 Splendida

733 3467 804 3511 ac
862 3444 1249 3508 mirabiliter
1294 3451 1526 3522 gestas,
1575 3445 1668 3505 vel
1710 3451 1878 3506 certe
1919 3443 1995 3504 ad
2045 3442 2332 3522 origines
2383 3444 2770 3519 populorum
2833 3441 3022 3502 hodie
3086 3442 3442 3517 vigentium
3510 3442 3950 3517 illustrandas,

734 3562 884 3606 cura
917 3541 1089 3604 omni
1120 3541 1467 3617 studioque
1502 3540 1845 3618 rapiuntur
1878 3561 1891 3600 :
1921 3539 2132 3618 pauci,
2179 3539 2360 3616 iique
2392 3537 2518 3615 ipsi
2554 3538 2824 3598 invitius
2859 3546 2967 3598 aut
2998 3536 3420 3607 fastidiosius,
3461 3539 3722 3598 annales
3758 3556 3960 3598 excu-

736 3642 904 3702 tiunt
936 3635 1335 3700 senescentis
1370 3634 1628 3714 imperii
1666 3651 1737 3696 ac
1763 3633 2024 3695 ruituri.
2057 3633 2460 3713 Quapropter
2491 3650 2604 3712 per
2639 3640 2818 3694 notas
2859 3633 3150 3694 obtinere
3195 3633 3395 3705 volui,
3430 3642 3495 3695 ut
3539 3634 3730 3711 paulo
3768 3635 3956 3696 latius

740 3754 881 3799 mea
941 3751 1132 3814 Opera
1204 3739 1467 3811 pateret,
1525 3731 1604 3792 ad
1658 3748 1902 3810 eosque
1955 3732 2108 3793 item
2156 3729 2504 3809 pertineret
2535 3728 2645 3806 qui
2680 3729 3028 3790 alieniores
3071 3727 3199 3787 sint
3229 3744 3262 3787 a
3294 3729 3484 3789 rebus
3519 3729 3889 3808 Byzantinis
3933 3751 3954 3790 :

732 3837 1009 3913 ideoque
1040 3832 1117 3892 de
1147 3827 1612 3908 signiﬁcatione
1644 3843 1866 3888 vocum
1903 3829 2188 3889 nondum
2223 3823 2377 3886 satis
2407 3825 2660 3886 deﬁnita
2689 3841 2992 3902 parumve
3031 3823 3349 3884 intellecta
3400 3823 3665 3885 uberius
3723 3825 3956 3903 passim

733 3928 1057 4008 disputavi
1116 3927 1184 3987 in
1239 3925 1409 3986 notis
1468 3931 1530 3985 et
1593 3921 1828 3985 fusius.
1863 3925 2000 3996 Qua
2042 3924 2107 3984 in
2152 3941 2217 3983 re
2249 3919 2487 3998 saepius
2520 3915 2906 3993 scriptorum
2947 3915 3303 3974 Atticorum
3335 3916 3603 3990 [XXIX]
3643 3918 3956 3978 rationem

737 4024 973 4083 habere
1005 4017 1384 4099 potuissem,
1426 4013 1696 4075 fortasse
1731 4014 1918 4075 etiam
1951 4012 2347 4076 debuissem.
2382 4015 2621 4075 Verum
2660 4026 2777 4089 ego
2825 4009 2918 4070 sic
2964 4009 3188 4088 judico
3219 4009 3447 4086 (dicam
3483 4011 3654 4071 enim
3686 4029 3816 4073 non
3854 4030 3957 4074 re-

735 4131 968 4178 verens
995 4114 1074 4174 .in
1107 4129 1173 4173 re
1204 4112 1475 4175 obscura
1507 4109 1825 4187 gloriandi
1861 4107 2328 4188 suspicionem)
2364 4131 2378 4168 :
2412 4109 2582 4186 quod
2618 4106 2686 4168 in
2718 4123 2978 4192 quoque
3024 4104 3375 4183 plurimum
3411 4116 3528 4180 est,
3576 4107 3696 4169 hoc
3739 4109 3955 4187 ipsum

734 4216 790 4275 is
825 4210 1231 4292 potissimum
1289 4204 1582 4268 conferre
1626 4205 1816 4267 debet
1876 4206 1949 4266 ad
1981 4205 2424 4285 locupletauda
2463 4203 2829 4266 communia
2874 4203 3084 4262 studia
3153 4210 3391 4263 nostra.
3424 4204 3558 4262 Jam
3623 4221 3774 4264 vero
3821 4215 3963 4283 post

736 4305 1166 4386 complurium
1232 4317 1550 4364 annorum
1598 4300 2274 4372 assiduumlaborem,
2325 4317 2454 4380 quo
2494 4299 2849 4376 catalogum
2881 4297 3064 4358 codd.
3102 4297 3466 4358 Grmcorum
3499 4298 3564 4359 in
3603 4300 3956 4362 Bibliothe-

736 4421 870 4464 cam
915 4399 1258 4462 maximam
1293 4396 1716 4458 Parisiensem
1749 4411 1972 4455 recens
2008 4395 2333 4457 illalorum
2366 4399 2440 4459 ad
2470 4398 2656 4458 ﬁnem
2693 4397 3136 4474 perduxeram,
3191 4402 3332 4472 post
3360 4395 3700 4473 pueritiam
3739 4408 3798 4459 et
3832 4400 3962 4476 pri-

738 4513 902 4560 mam
938 4492 1433 4558 adolescentiam
1466 4492 1535 4552 in
1568 4489 1689 4550 hoc
1730 4491 2091 4553 studiorum
2127 4510 2362 4569 genere
2416 4495 2710 4571 positam,
2755 4493 3079 4553 neminem
3143 4507 3283 4550 esse
3341 4492 3715 4567 scriptorem
3771 4497 3962 4572 paulo

735 4591 1162 4654 illustriorem
1214 4588 1512 4658 arbitror,
1547 4603 1757 4664 neque
1822 4587 2159 4663 profanum
2228 4605 2441 4666 neque
2501 4606 2779 4662 sacrum,
2819 4585 2932 4665 qui
2983 4601 3016 4645 a
3065 4585 3461 4662 temporibus
3495 4587 3962 4651 Theodosianis

735 4704 946 4766 usque
982 4686 1059 4746 ad
1096 4681 1634 4759 ruinamimperii
1675 4681 2026 4743 Orientalis
2077 4683 2290 4744 Grmce
2339 4683 2692 4762 scripserit,
2741 4698 2932 4760 quem
2993 4697 3120 4740 non
3176 4680 3265 4740 ita
3323 4681 3667 4755 tractarim,
3711 4692 3780 4744 ut
3832 4702 3964 4746 non

737 4779 953 4856 aliqua
986 4775 1126 4854 ejus
1163 4791 1307 4852 pars
1367 4772 1432 4834 in
1492 4773 1802 4834 memoria
1863 4791 2001 4835 mea
2032 4776 2292 4854 penitus
2324 4779 2653 4855 insideret.
2685 4776 2956 4848 Scholia,
2995 4782 3270 4848 catenas,
3321 4776 3758 4852 paraphrases,
3791 4797 3969 4840 com-

739 4872 1074 4941 mentaria,
1109 4871 1337 4948 partim
1384 4869 1599 4929 minus
1627 4868 1752 4945 legi
1784 4869 1996 4944 solita,
2024 4872 2251 4946 partim
2312 4874 2578 4934 omnino
2637 4875 2922 4932 nondum
2974 4871 3164 4942 edita,
3209 4871 3342 4931 ﬁeri
3382 4888 3510 4931 non
3545 4875 3753 4950 potuit
3799 4878 3967 4954 quin

735 4973 823 5031 ita
861 4976 1334 5047 pertractarem,
1371 4972 1440 5025 ut
1470 4979 1690 5025 eorum
1729 4964 2009 5042 aliquam
2045 4975 2214 5028 certe
2254 4971 2581 5031 notionem
2637 4983 2952 5044 caperem.
2996 4966 3457 5041 Quamobrem,
3505 4967 3557 5027 si
3615 4971 3850 5046 passim
3888 4990 3971 5034 ex

735 5064 1056 5137 Pati-ibus,
1100 5059 1490 5129 scholiastis,
1530 5059 1922 5131 rhetoribus,
1973 5060 2298 5125 illustrare
2345 5065 2740 5144 quaestiones
2778 5062 3048 5142 aliquot,
3082 5061 3310 5122 afferre
3355 5061 3640 5139 phrases,
3683 5067 3972 5144 locuple-

741 5169 872 5222 tare
921 5157 1170 5229 Lexica,
1203 5163 1424 5217 notare
1474 5171 1724 5217 errores
1760 5156 2070 5233 quosdam
2123 5162 2457 5236 superiore
2512 5159 2820 5221 memoria
2878 5158 3257 5220 commissos
3306 5161 3475 5235 (nam
3506 5159 3585 5219 ab
3616 5163 3970 5239 aequalium

739 5271 1035 5328 censura,
1077 5269 1222 5332 quae
1253 5268 1392 5312 mea
1425 5250 1648 5311 natu’ra
1681 5258 1799 5326 est,
1833 5253 2100 5314 omnino
2130 5254 2442 5335 abstinui)
2471 5261 2735 5316 conatus
2794 5271 2962 5324 sum,
2997 5267 3124 5312 non
3156 5252 3302 5312 ideo
3352 5250 3416 5311 id
3470 5250 3615 5324 feci,
3645 5256 3816 5332 quod
3851 5255 3974 5318 bos

743 5351 1133 5413 recentiores
1177 5347 1520 5424 scriptores
1549 5346 1680 5406 ullo
1708 5347 1895 5407 modo
1932 5351 2393 5427 comparandos
2428 5366 2568 5411 esse
2613 5365 2756 5410 cum
2787 5347 3268 5425 antiquioribus
3293 5347 3801 5426 capitalibusque
3835 5351 3977 5414 illis

743 5445 1081 5515 ducebam,
1109 5459 1269 5524 quos
1305 5457 1522 5513 nemo,
1556 5442 1814 5519 Opinor,
1851 5451 1946 5502 est
1978 5445 2137 5521 quin
2167 5449 2390 5507 crebro
2443 5453 2768 5525 regustare
2803 5442 3037 5522 cupiat,
3075 5442 3144 5503 in
3185 5441 3398 5519 iisque
3421 5444 3816 5520 acquiescat;
3859 5465 3981 5508 ne-

743 5558 869 5620 que
901 5545 1075 5618 quod
1109 5555 1322 5601 meum
1353 5536 1715 5606 studiorum
1747 5554 1951 5614 genus
1982 5555 2338 5618 proponere
2368 5542 2434 5602 in
2462 5541 2827 5619 exemplum
2878 5538 3046 5610 aliis,
3070 5536 3586 5598 adolescentibus
3619 5541 3978 5618 praecipue,

748 5636 934 5697 velim
971 5657 984 5696 :
1021 5638 1131 5697 sed
1179 5634 1331 5713 quia
1371 5633 1437 5692 in
1487 5649 1563 5694 eo
1619 5632 1756 5692 loco
1794 5633 1859 5693 in
1892 5652 2099 5714 eoque
2136 5654 2401 5698 munere
2442 5637 2856 5708 constitutus,
2892 5644 2961 5694 ut
3027 5641 3292 5692 tractare
3351 5633 3670 5708 ejusmodi
3735 5636 3988 5713 Scripta

745 5748 888 5791 cum
924 5731 997 5791 ad
1035 5729 1432 5792 voluntatem
1465 5727 1726 5806 possim,
1757 5725 1886 5788 tum
1930 5746 2044 5807 pro
2076 5731 2284 5792 oliicio
2331 5733 2624 5804 debeam,
2667 5729 2730 5790 id
2767 5729 2990 5799 malui,
3023 5727 3196 5804 quod
3230 5727 3339 5788 alii
3369 5727 3584 5788 minus
3633 5734 3987 5794 commode

743 5834 1030 5907 possent,
1061 5841 1269 5904 agerc,
1320 5840 1505 5902 quam
1540 5825 1707 5902 quod
1751 5823 1942 5884 iidem
1971 5843 2152 5904 aejne
2189 5829 2348 5888 bene
2383 5836 2574 5904 atque
2614 5843 2754 5902 ego,
2789 5824 3118 5885 autetiam
3158 5823 3361 5885 multo
3387 5839 3486 5886 me
3519 5825 3785 5890 melius.
