4190 6534
182 373 285 437 653
1389 375 1450 432 (ἶ.
1498 375 1560 433 ll.
1600 373 1810 432 llASll

1794 374 1810 430 l
1850 375 2267 437 ΡΠᾸΞΕΑΤΙΟ.
3328 380 3433 445 654

262 482 403 546 XV.
447 480 834 554 Accedebat,
870 481 1043 559 quod
1085 480 1145 541 iu
1181 479 1511 540 Britannia
1568 497 1796 541 noram
1835 483 2181 547 editionem
2239 485 2556 545 Thesauri
2614 487 3028 564 Stephaniaui
3083 489 3289 567 parari
3321 508 3437 552 au-

186 579 462 651 diebam,
502 578 577 639 ad
624 594 899 657 eamque
960 578 1472 656 locupletandam
1537 579 1708 639 viros
1765 579 1985 640 doctos
2044 581 2317 641 editioni
2383 582 2761 661 praepositos
2819 600 3003 645 voces
3038 587 3326 647 nondum
3368 588 3435 649 in

188 676 415 737 chira
449 684 732 755 receptas
771 675 1429 755 undique-aucupari.
1470 676 1679 747 Quare
1704 678 2034 751 vocabula,
2090 677 2331 756 quibus
2385 680 2619 751 adhuc,
2650 686 2966 758 quantum
3003 682 3161 756 scio,
3206 684 3438 746 Lexica

184 783 401 835 carent
445 772 725 852 (enotavi
778 781 994 836 autem
1035 774 1384 853 multiplici
1444 774 1719 836 lectione
1755 774 2087 852 complura
2128 773 2381 852 millia),
2419 777 2654 851 passim
2702 775 3039 854 subjunxi,
3074 778 3439 856 gratiﬁcans

187 871 687 949 Lexicographis
730 870 972 950 potius,
1012 888 1205 950 quam
1243 873 1416 951 quod
1472 872 1538 932 in
1582 872 1897 951 ejusmodi
1943 870 2153 932 verbis
2200 869 2509 931 addendis
2551 891 2854 954 magnum
2890 874 3263 953 ponendum
3298 892 3439 936 esse

184 976 609 1038 momentum,
643 976 751 1028 aut
777 968 1187 1046 gloriandum
1222 976 1464 1045 putem.
1504 970 1618 1048 Egi
1656 970 1717 1029 id
1750 985 2038 1047 quoque,
2073 973 2143 1029 ut
2184 966 2488 1027 vocabula
2534 968 2935 1049 phrasesque
2988 969 3311 1049 praacipue
3360 989 3441 1032 ex

183 1064 610 1143 scriptoribus
646 1062 778 1123 illis
810 1063 1308 1141 sumerem,qui
1348 1082 1382 1126 a
1427 1066 1667 1141 [XXX]
1719 1066 1956 1125 saeculo
2023 1064 2207 1125 tertio
2258 1061 2333 1123 ad
2398 1064 2767 1126 Heraclium
2824 1066 2993 1147 Aug.
3026 1065 3437 1129 floruerunt:

182 1179 323 1222 nam
361 1163 533 1238 apud
570 1161 685 1221 hos
718 1162 935 1238 potius
968 1160 1220 1240 aliquid
1254 1161 1491 1240 integri
1520 1164 1794 1241 sanique
1836 1162 2225 1222 remansisse
2269 1163 2661 1224 credendum
2699 1168 2817 1230 est,
2855 1178 3045 1236 quam
3074 1164 3252 1240 apud
3290 1162 3442 1223 illos

183 1257 292 1333 qui
320 1272 468 1315 suae.
507 1273 595 1314 vu
661 1264 721 1315 et
751 1255 1060 1334 deinceps
1094 1256 1384 1331 fuerunt,
1415 1276 1628 1337 usque
1657 1260 1733 1320 ad
1782 1266 2027 1334 captam
2083 1258 2337 1319 urbem.
2380 1260 2476 1319 Ah
2516 1257 2844 1319 historicis
2892 1257 3442 1320 illustratinnibus

184 1355 570 1431 plerumque
600 1369 698 1411 me
739 1352 1062 1413 continui.
1108 1356 1269 1416 Sunt
1304 1354 1413 1433 qui
1465 1355 1727 1416 materia
1763 1370 1795 1414 a
1823 1354 2012 1415 nobis
2044 1364 2256 1431 parata
2292 1363 2463 1415 recte
2501 1362 2786 1427 utantur,
2832 1354 3182 1432 scriptores
3219 1360 3445 1431 proba-

181 1449 344 1510 biles
376 1446 589 1517 multi,
623 1447 872 1524 aliquot
916 1448 1108 1508 etiam
1142 1450 1408 1519 summi,
1445 1460 1510 1509 ut
1545 1451 2006 1527 componenda
2047 1450 2335 1512 historia
2378 1450 2546 1511 clara
2608 1452 2730 1529 ipsi
2788 1452 3107 1529 exempla,
3143 1451 3225 1511 ita
3268 1468 3444 1513 com-

185 1546 538 1623 positurum
574 1544 798 1621 Optimi
825 1545 1106 1620 judices.
1145 1545 1335 1606 Velut
1367 1546 1433 1605 in
1484 1545 1825 1606 Germania
1857 1545 2238 1606 Fredericus
2280 1546 2785 1624 Christophorus
2824 1547 3286 1614 Sanossenus.
3316 1548 3432 1624 qui

184 1644 346 1704 libro
411 1659 645 1720 paucos
700 1650 845 1703 ante
874 1659 1080 1703 annos
1112 1643 1282 1704 edito
1317 1644 1593 1720 impetus
1644 1644 2131 1722 imperaturum,
2179 1642 2738 1719 Constantinotioli
2787 1650 3155 1703 sanctorum
3202 1644 3441 1720 imagi-

180 1757 293 1801 nes
347 1739 821 1810 iufestantium,
854 1755 979 1799 non
1022 1739 1272 1799 minore
1331 1740 1630 1800 acumine
1686 1756 1877 1817 quam
1930 1737 2228 1799 facundia
2276 1737 2651 1799 felicissime
2702 1738 3030 1816 exposuit.
3081 1739 3152 1799 lu
3207 1738 3443 1800 Russia

179 1836 483 1898 Nicotaus
521 1837 885 1907 Kmmsm,
924 1834 1211 1895 historian
1246 1836 1721 1914 probatissima
1766 1845 2007 1904 auctor,
2045 1850 2171 1911 qua
2226 1834 2460 1911 patrias
2517 1834 2932 1910 antiquitates
2987 1851 3123 1895 rara
3177 1836 3438 1896 dicendi

178 1932 481 1995 facultate
520 1931 1279 1991 mirabiliterillustravit
1319 1940 1427 1991 :et
1464 1931 1845 2008 cumprimis
1886 1931 2218 2008 Philippus
2259 1934 2469 2003 Keue,
2501 1932 2606 1993 cui
2661 1931 2793 2011 jam
2844 1931 3147 2009 superius
3194 1933 3442 1995 debitas

180 2030 414 2108 gratias
457 2029 845 2107 meritasque
876 2031 1001 2103 egi,
1035 2029 1219 2106 cujus
1260 2029 1326 2088 in
1356 2029 1738 2088 Tentamine
1762 2026 1983 2087 critico
2016 2027 2091 2087 ad
2131 2026 2582 2088 illustrandam
2627 2028 3109 2105 clirono!Ogiam
3144 2029 3445 2106 Byzanti-

182 2143 350 2197 nam,
379 2123 703 2202 l’etropoli
743 2126 899 2185 1810
960 2124 1215 2199 (omitto
1246 2124 1367 2184 alia
1414 2123 1553 2201 ejus
1600 2122 1862 2201 scripta,
1893 2139 2040 2200 quae
2071 2122 2272 2183 multa
2309 2123 2510 2202 sunt),
2543 2122 2823 2201 perfecta
2867 2140 3080 2185 rerum
3133 2133 3265 2185 tum
3303 2125 3441 2186 Sla-

184 2224 467 2284 vicarum
516 2230 645 2282 tum
698 2220 1305 2298 septentrionalium
1355 2219 1667 2299 cognitio,
1722 2235 1977 2281 summa
2031 2217 2279 2279 ratione
2331 2218 3055 2297 consideratissimaque
3101 2222 3442 2297 prudentia

178 2321 419 2398 adjuta,
453 2320 679 2389 eluxit,
707 2317 1025 2395 cujusque
1065 2317 1529 2378 eruditissimis
1555 2316 2129 2377 observationibus
2180 2315 2246 2375 in
2306 2315 2423 2375 hoc
2462 2332 2723 2393 quoque
2770 2331 2967 2391 Opere
3019 2317 3268 2378 edendo
3310 2335 3441 2380 non

183 2417 598 2479 mediocriter
636 2432 735 2474 me
763 2414 1054 2491 adjutum
1087 2429 1229 2473 esse
1260 2429 1596 2492 nunquam
1629 2413 2081 2475 dissimulabo.
2118 2414 2189 2473 In
2219 2413 2446 2484 Gallia,
2479 2413 2654 2474 omni
2712 2412 3033 2491 politioris
3068 2414 3443 2477 litteratura

183 2523 242 2575 et
270 2511 709 2590 antiquitatis,
749 2509 928 2571 omni
962 2507 1379 2569 scientiarum
1436 2526 1673 2587 genere
1711 2510 2062 2581 excellens,
2099 2511 2251 2571 Ant.
2292 2512 2525 2571 Juann.
2581 2511 2953 2583 Lemnum,
3012 2510 3233 2572 multis
3280 2512 3441 2572 mihi

182 2608 564 2671 nominibus
588 2607 843 2679 charus,
879 2621 1006 2665 non
1045 2605 1235 2665 modo
1279 2604 1552 2682 ingenio
1581 2607 2260 2685 splendidissinio,sed
2292 2611 2511 2679 κριτικῇ
2570 2624 2830 2684 quoque
2887 2607 3199 2685 singulari
3249 2617 3445 2689 atque

190 2704 517 2784 exquisita
549 2712 879 2781 prmstans.
920 2704 1139 2779 Neque
1173 2700 1263 2763 ibi
1303 2709 1446 2780 post
1478 2703 1908 2775 Ameilhouis,
1935 2703 2269 2781 scriptoris
2326 2703 2537 2778 politi,
2584 2720 2798 2781 neque
2842 2711 2985 2781 post
3044 2703 3153 2765 lib.
3195 2706 3334 2766 Bar.
3364 2706 3444 2767 de

188 2801 674 2871 Sainte-Croix,
708 2799 827 2859 viri
868 2798 1243 2871 venerandi,
1276 2799 1550 2871 obitum,
1591 2816 1806 2878 neque
1852 2800 1918 2860 in
1966 2800 2296 2861 Britannia
2343 2807 2480 2875 post
2526 2799 2883 2860 Gibbonem
2940 2799 3068 2860 vita
3118 2800 3440 2875 functum,

182 2905 422 2960 desunt
452 2896 563 2958 alii
589 2894 825 2956 summi
860 2895 1148 2955 doctrina
1183 2912 1571 2974 summoque
1600 2897 1848 2975 judicio
1882 2896 2201 2968 homines,
2238 2896 2302 2956 in
2355 2895 2746 2973 exploranda
2795 2897 3184 2975 scriptorum
3243 2899 3443 2959 medii

174 2994 301 3055 mvi
338 2994 460 3055 fide
492 2991 847 3053 exercitati.
880 2990 997 3050 His
1044 3006 1185 3068 ego,
1227 2993 1557 3053 transactis
1601 2994 1729 3071 jam
1766 2993 1927 3054 meis
1963 2995 2274 3070 partibus,
2309 2994 2589 3053 Leonem
2647 2992 2943 3055 historica
3002 2994 3247 3057 ratione
3285 2997 3443 3057 illu-

184 3092 550 3162 strandum,
588 3088 641 3147 si
679 3088 904 3158 velint,
948 3089 1152 3148 trado.
1180 3088 1339 3148 Mihi
1383 3090 1537 3149 satis
1562 3088 1709 3161 fuit,
1742 3089 2071 3150 materiam
2124 3089 2279 3161 illis,
2315 3106 2441 3150 non
2481 3090 2807 3166 indignam
2842 3088 3141 3152 facultate
3169 3100 3231 3153 et
3262 3095 3445 3171 copia

185 3184 510 3261 ipsorum,
548 3180 891 3258 subjicere,
930 3180 1328 3258 interimque
1362 3181 1427 3241 in
1465 3199 1660 3260 Opere
1692 3183 1785 3245 sic
1826 3186 2089 3256 versari,
2127 3195 2197 3246 ut
2246 3188 2535 3264 quaedam
2589 3185 2703 3246 otii
2768 3186 2889 3246 mei
2938 3196 3214 3248 exstaret
3260 3190 3444 3261 ratio,

184 3280 473 3355 indeque
538 3277 767 3336 litteras
821 3275 1056 3335 Graacte
1116 3275 1333 3353 aliqua
1385 3294 1467 3335 ex
1521 3286 1695 3355 parte
1752 3279 2323 3359 locupletarentur.
2358 3282 2425 3343 Id
2458 3289 2660 3343 totum
2695 3282 3041 3345 consilium
3071 3282 3441 3364 factumque

187 3392 405 3435 meum
447 3373 499 3433 si
536 3389 567 3433 a
604 3372 807 3432 doctis
838 3371 1241 3449 probabitur,
1280 3373 1461 3433 nullo
1487 3375 1615 3435 alio
1638 3377 1923 3439 decorari
1960 3380 2237 3439 laborem
2276 3396 2487 3441 meum
2534 3379 2797 3456 praemio
2826 3380 3099 3457 postulo,
3131 3382 3206 3443 ad
3239 3383 3441 3443 alios-

182 3489 310 3549 que
366 3468 784 3546 Byzantinos,
841 3466 1041 3526 simili
1112 3468 1354 3529 ratione
1414 3470 1718 3545 edendos,
1752 3474 1967 3535 minus
2020 3475 2379 3537 verecunde
2430 3483 2954 3554 cunctanterque,
2993 3496 3182 3555 quam
3236 3480 3445 3541 adhuc

181 3568 329 3639 feci,
386 3565 755 3644 aggrediar.
794 3565 1009 3625 Habeo
1042 3563 1213 3624 enim
1245 3566 1422 3643 prelo
1459 3566 1588 3644 jam
1627 3569 1873 3646 pridem
1932 3579 2145 3649 parata
2205 3572 2539 3633 Michaelis
2596 3573 2780 3633 Pselli
2839 3574 3145 3644 Annales,
3183 3575 3447 3650 Georgii

185 3662 544 3725 Hamartoli
582 3660 976 3731 Chronicon,
1008 3660 1358 3739 Nicephori
1413 3664 1713 3742 Gregoraa
1754 3665 1951 3726 libros
1984 3668 2231 3745 aliquot
2284 3666 2493 3728 adhuc
2534 3669 2802 3745 [XXXI]
2842 3670 3144 3738 ineditns,
3196 3679 3448 3732 sancto-

185 3778 332 3821 rum
374 3761 559 3820 Vitas
626 3758 776 3817 item
825 3756 1127 3828 ineditas,
1178 3757 1512 3819 historiam
1570 3761 1790 3822 seaculi
1821 3761 2054 3823 decimi
2094 3770 2157 3825 et
2192 3762 2497 3841 deinceps
2549 3765 2967 3843 sequentium
3016 3766 3441 3839 illustrantes,

181 3856 489 3934 Gregorii
531 3853 796 3915 Palamaa
829 3852 1122 3914 libellum
1161 3855 1241 3915 de
1267 3856 1633 3932 captivitate
1670 3873 1787 3919 sua
1829 3861 1905 3919 ad
1941 3860 2575 3929 Thessalonicenses,
2620 3860 2875 3941 aliaque
2914 3862 2977 3923 id
3040 3880 3269 3939 genus,
3302 3880 3449 3942 qua:

186 3964 254 4015 ut
292 3954 507 4031 primo
540 3966 803 4029 quoque
834 3958 1121 4027 tempore
1151 3948 1217 4010 in
1246 3949 1456 4011 lucem
1487 3952 1820 4029 prodeant,
1856 3956 2047 4016 rebus
2078 3955 2477 4032 Byzantinis,
2509 3956 2979 4036 Slavorumque
3014 3960 3442 4019 etTurcarum

190 4052 425 4127 prisca;
489 4046 781 4108 historia
833 4062 1062 4107 novam
1112 4044 1323 4108 lucem
1374 4047 1669 4119 allatura,
1702 4048 2029 4112 fautorum
2077 4049 2271 4128 hujus
2321 4052 2539 4129 Operis
2602 4053 2952 4132 singularis
3005 4054 3450 4117 muniﬁcentia

182 4162 453 4225 sperare
489 4160 608 4204 nos
641 4142 850 4220 jubet.

258 4265 641 4328 Sczribebam
678 4268 947 4330 Parisiis
981 4267 1048 4329 in
1088 4266 1493 4331 Bibliotheca
1531 4270 1757 4349 Regia,
1792 4270 2062 4333 Kalend.
2098 4270 2361 4332 Ianuar.
2393 4272 2897 4335 MDCCCXVHI.
