4190 6534
168 390 275 455 665

1443 397 1828 458 HISTORle
1868 399 2016 459 LIB.
2053 398 2105 460 Ι.

3321 392 3436 456 666

169 504 376 570 ἀγαθόν
408 521 467 557 τε
498 520 565 557 τα
592 506 865 575 πολεμικά
894 510 990 561 καὶ
1028 509 1125 579 τὴν
1152 510 1303 579 ἰσχὺν
1354 510 1749 572 ἀνυπόστατον,

1861 528 2072 566 summo
2105 528 2229 567 cum
2264 511 2494 580 imperio
2527 510 2749 565 creavit.
2780 507 3148 576 Nicephorus,
3206 516 3430 561 contra-

170 596 558 666 αὐτοκράτορα
587 599 895 667 στρατηγὸν
924 600 1023 668 τῆς
1054 601 1189 669 πρὸς
1211 603 1337 663 τοὺς
1366 602 1590 671 Κρῆτας
1647 602 1749 670 μά-

171 706 275 759 χης
303 691 774 761 κεχειροτόνηκεν,
807 689 977 756 Οὗτος
1006 698 1190 752 τοίνυν
1216 697 1244 745 ὁ
1273 695 1614 766 Νικηφόρος,
1648 697 1747 767 τὴν

169 782 273 852 τῆς
320 781 504 846 ’Δσίας
552 786 813 853 στρατιὰν
866 785 944 854 τῷ
993 786 1257 857 βασιλικῷ
1290 788 1609 857 συνειλοχὼς
1659 805 1749 840 κε-

172 873 444 943 λεύσματι
470 877 563 927 καὶ
593 878 782 929 ναυσὶν
816 877 1145 946 ἐμϐιϐάσας,
1204 881 1297 931 καὶ
1337 881 1747 950 ταχυπλοήσας,

170 966 490 1034 πυρςρόρους
515 984 575 1018 τε
631 969 875 1037 τριήρεις
900 969 1160 1032 πλείστας
1210 971 1553 1041 ἑπαγῦμενος
1610 973 1752 1042 (δρό-

174 1073 365 1126 μωνας
398 1057 601 1119 ταύτας
634 1059 897 1130 Ῥωμαῖοι
934 1061 1202 1132 καλοῦσι),
1236 1066 1301 1132 τῇ
1339 1065 1532 1137 Κρήτῃ
1583 1081 1751 1134 προσ-

168 1148 437 1217 ώρμισεν.
482 1150 637 1203 Ἐπεὶ
678 1153 734 1204 δὲ
786 1154 882 1221 τῆς
921 1155 1250 1218 ἀποϐάσεως
1298 1156 1471 1209 ἐδόκει
1536 1158 1748 1226 καιρὸς,

166 1239 339 1304 ἔδειξε
370 1243 708 1310 πρακτικῶς,
750 1246 820 1314 ἣν
854 1242 1002 1314 εἶχεν
1030 1248 1323 1317 ἐμπειρίαν
1372 1247 1550 1317 ἔργων
1595 1248 1750 1299 πολεο

170 1333 372 1402 μικῶνθ
397 1333 484 1405 [Ρ.
514 1334 569 1407 6]
602 1336 877 1405 κλίμακας
910 1338 1016 1406 γάρ
1047 1339 1138 1389 ἐπὶ
1171 1338 1279 1391 τῶν
1304 1340 1617 1410 πορθμείων
1635 1343 1753 1392 ὲπι-

168 1425 497 1494 φερόμενος,
526 1426 727 1489 ταύτας
755 1428 847 1479 ἐπὶ
872 1429 970 1497 τὴν
999 1430 1153 1496 ἠϊόνα
1185 1431 1587 1499 προσυφαπλῶν
1615 1430 1748 1500 (17),

165 1516 269 1583 τὴν
296 1518 561 1586 στρατιάν
583 1518 808 1571 ἔνοπλον
835 1536 892 1571 τε
919 1520 1015 1572 καὶ
1036 1520 1274 1588 ἔφιππον
1306 1522 1415 1574 ἀπὸ
1447 1523 1546 1588 τῆς
1578 1523 1751 1591 ὑγράς

167 1609 263 1659 ἐπὶ
285 1608 384 1678 τὴν
418 1609 587 1678 ξηρὰν
620 1611 964 1679 μετεϐίϐαζε.
1019 1612 1109 1681 Τῷ
1143 1612 1199 1665 δὲ
1249 1614 1421 1683 καινῷ
1451 1615 1545 1665 καὶ
1597 1614 1752 1666 ἀλλο-

169 1701 316 1769 κότῳ
342 1701 436 1753 τοῦ
463 1705 738 1771 ὁράματος
765 1705 1209 1771 καταπλαγέντες
1238 1707 1286 1758 οἱ
1308 1706 1572 1777 βάρϐαροι
1613 1710 1751 1760 κατὰ

1850 606 1954 659 ctis
1982 604 2330 673 imperatoris
2347 604 2507 671 jussu
2533 601 2791 655 Asiaticis
2815 598 3011 668 copiis,
3039 596 3346 666 iisdemque
3372 596 3431 651 in

1850 713 2015 752 naves
2041 697 2334 766 impositis,
2352 695 2520 775 celeri
2547 694 2896 763 navigatione
2923 707 3057 747 usus
3081 704 3211 746 cum
3232 704 3435 760 magno

1850 789 2202 859 igniferarum
2262 786 2571 842 triremium
2627 798 2861 839 numero
2916 784 3081 852 (quas
3132 781 3435 837 dromonas

1849 880 2083 934 Romani
2121 880 2353 948 vocant),
2380 882 2445 932 ad
2464 879 2680 931 Cretam
2712 876 2939 946 appulit.
2964 873 3184 931 Ibicum
3214 882 3433 943 tempus

1849 973 2128 1027 videretur
2190 970 2582 1032 exscendendi,
2615 984 2776 1037 quem
2847 983 3008 1023 usum
3072 966 3151 1021 rei
3220 965 3433 1020 bellica

1850 1065 2096 1125 haberet,
2124 1064 2243 1131 ipso
2270 1062 2412 1116 facto
2439 1062 2698 1117 ostendit.
2726 1058 2867 1113 Nam
2895 1060 3083 1115 scalas
3107 1058 3163 1113 in
3195 1056 3433 1127 navigiis

1852 1158 2134 1211 advexerat
2170 1172 2183 1208 :
2214 1157 2415 1225 quibus
2449 1156 2501 1209 iu
2535 1156 2685 1208 littus
2732 1152 3022 1221 explicatis
3066 1151 3294 1220 equites
3333 1163 3427 1202 ar-

1802 1290 1809 1293 -
1853 1260 2031 1304 matos
2065 1249 2333 1318 equisque
2370 1247 2667 1300 insidentes
2697 1262 2761 1299 ex
2796 1245 2932 1298 tnari
2968 1244 3022 1296 in
3054 1242 3429 1298 continentem

1855 1342 2175 1395 transduxit.
2204 1338 2450 1402 Barbari,
2478 1351 2619 1390 novo
2645 1345 2808 1405 atque
2835 1334 3095 1388 insolenti
3122 1330 3434 1401 spectaculo

1851 1434 1909 1503 8
1939 1433 2174 1494 attoniti,
2203 1431 2517 1486 catervatim
2548 1429 2669 1482 Ioco
2696 1444 2753 1481 se
2778 1414 3156 1488 continebant,
3188 1422 3435 1476 indivul-

1854 1541 1943 1580 sos
1967 1524 2352 1591 confertosque
2376 1522 2596 1575 ordines
2624 1529 2926 1581 servantes,
2948 1517 3435 1584 Romanorumque

1854 1616 1920 1667 ad
1951 1628 2009 1667 se.
2037 1620 2417 1681 exspectantes
2445 1610 2757 1661 adventum.
2783 1603 3107 1658 Nostrorum
3136 1604 3246 1655 dux
3275 1599 3436 1653 Nice-

1856 1708 2084 1776 phorus,
2119 1703 2390 1772 tripartita
2448 1702 2731 1767 scutisque
2776 1707 2829 1753 et
2876 1696 3048 1751 hastis
3096 1692 3433 1749 condensata

165 1796 359 1862 χώραν
397 1795 592 1863 ἔμενον
619 1797 659 1827 ¹⁸
715 1797 911 1859 ἰλαδὸν,
944 1799 1312 1851 ἀδιάσπαστον
1361 1800 1751 1869 συντηροῦντες

1861 1798 1993 1859 acie,
2023 1795 2275 1848 bellicum
2322 1789 2647 1846 conclamat.
2674 1794 2730 1839 et
2757 1785 2940 1839 crucis
2992 1793 3198 1849 tropteo
3242 1777 3437 1848 praeire

166 1884 264 1935 τὸν
298 1886 698 1955 συνασπισμὸν,
726 1890 820 1941 καὶ
854 1889 949 1958 τὴν
979 1890 1087 1943 τῶν
1130 1892 1414 1960 Ῥωμαίων
1442 1892 1519 1955 ὼς
1550 1894 1746 1956 αὐτοὺς

1861 1890 2035 1953 iusso,
2074 1883 2287 1939 infestis
2327 1883 2498 1951 signis
2538 1873 2742 1932 invadit
2781 1876 3062 1930 barbaros.
3098 1870 3222 1926 Acri
3278 1883 3437 1924 com—

167 1976 359 2042 ἄφιξιν
382 1980 825 2049 προσδεχόμενοι.
873 1981 931 2033 '0
971 1982 1027 2036 δὲ
1052 1983 1161 2035 τῶν
1202 1983 1488 2053 Ῥωμαίων
1519 2003 1752 2057 στρατη-

166 2068 267 2135 γὸς
300 2069 642 2141 Νικηφόρος,
668 2076 831 2145 τριχῇ
864 2075 961 2144 τὴν
994 2075 1250 2144 φάλαγγα
1280 2076 1556 2142 διατάξας,
1590 2078 1754 2131 ἀσπί-

168 2175 223 2211 σι
249 2176 307 2211 τε
344 2161 436 2214 καὶ
464 2162 651 2234 δόρασι
678 2163 882 2232 ταύτην
904 2154 1365 2231 καταπυκνώσας,
1396 2169 1491 2220 καὶ
1516 2169 1578 2220 τὸ
1601 2169 1754 2223 ἐνυά-

167 2257 286 2307 λιον
302 2257 632 2319 παιωνίσας,
655 2258 717 2309 τὸ
739 2258 796 2309 δὲ
820 2260 1115 2334 σταυριξιὺν
1138 2260 1604 2331 ἐγκελευσάμενος
1629 2279 1755 2333 προ-

166 2344 503 2415 πορεύεσθαι
552 2347 837 2416 τρὸπαιον,
862 2348 1240 2419 ἀντιμέτωπος
1278 2353 1391 2414 τοῖς
1453 2350 1753 2423 βαρϐάροις

167 2432 359 2503 ἐπῄει.
378 2435 571 2503 Δεινῆς
595 2435 652 2488 δὲ
683 2437 865 2507 μάχης
888 2440 1320 2509 ἀναρραγείσης,
1347 2441 1442 2493 καὶ
1469 2442 1628 2509 δίκην
1658 2460 1756 2511 χα-

166 2522 345 2591 λάζης
356 2524 465 2575 τῶν
478 2524 648 2593 βελῶν
660 2542 859 2593 κεταφε
868 2526 1129 2596 ρομένων,
1145 2528 1245 2579 οὐκ
1267 2526 1492 2595 ἔμελλον
1511 2528 1603 2579 ἐπὶ
1616 2528 1753 2581 πολὺ

170 2613 560 2684 διακαρτερεῖν
575 2616 624 2666 οἱ
652 2615 917 2687 βάρϐαροι
944 2617 1036 2668 τὸν
1064 2616 1171 2669 τῶν
1198 2618 1241 2647 ¹¹
1270 2618 1563 2688 Ῥωμαίων
1592 2620 1757 2689 δορα-

168 2706 373 2773 τισμόν
394 2720 409 2733 ’
439 2704 575 2757 ἀλλά
595 2706 663 2758 τὰ
698 2707 841 2759 νῶτα
865 2706 1195 2778 στρέψαντες
1246 2709 1340 2761 καὶ
1370 2708 1466 2773 τὴν
1501 2710 1756 2777 φάλαγγα

171 2796 551 2860 διαλύσαντες,
578 2793 806 2869 ὡςεῖχον
823 2799 1060 2869 δρόμων,
1083 2800 1217 2869 πρὸς
1233 2799 1294 2852 τό
1328 2817 1477 2869 σφων
1507 2801 1755 2871 ἀπῄεσαν

174 2890 389 2958 ερυμα.
411 2890 474 2942 Ol
497 2890 550 2942 δὲ
580 2890 840 2960 Ῥωμαῖοι
868 2892 1217 2959 ἐφεπόμενοι,
1249 2892 1529 2961 ἀμύθητον
1552 2893 1759 2945 τούτων

174 2982 699 3051 φόνονεΞργάσαντο.
720 2981 972 3035 Τοιοῦτον
992 2984 1090 3052 μὲν
1106 2985 1137 3052 ἡ
1158 2984 1349 3053 πρώτη
1374 2985 1649 3055 προσϐολὴ
1666 2985 1760 3039 καὶ

171 3074 420 3145 διαμάχη
475 3075 648 3144 πέρας
697 3076 871 3127 αἶσιον
904 3078 1015 3137 τοῖς
1062 3075 1351 3144 Ῥωμαίοις
1380 3078 1755 3147 ἀπηνέγκατο.

1854 1984 2025 2036 misso
2078 1979 2284 2049 praelio,
2317 1990 2441 2029 cum
2501 1971 2789 2045 grandinis
2833 1970 2939 2022 ritu
2992 1967 3098 2021 tela
3151 1967 3435 2027 caderent,

1854 2073 2063 2127 diutius
2105 2069 2479 2122 Romanorum
2528 2064 2854 2135 phalangem
2907 2060 3082 2115 hastis
3122 2058 3433 2112 horrentem

1856 2165 2074 2221 barbari
2128 2160 2403 2215 sustinere
2453 2173 2561 2213 non
2606 2164 2923 2225 potuerunt.
2948 2169 3012 2208 ac
3063 2162 3213 2219 terga
3260 2160 3438 2205 verte-

1858 2253 2259 2312 runt:solutis
2308 2250 2592 2305 ordinibus
2643 2261 2811 2316 quam
2867 2244 3107 2298 maximo
3155 2256 3319 2297 cursu
3369 2239 3437 2294 ad

1857 2362 1986 2403 suas
2046 2344 2380 2399 munitiones
2443 2339 2862 2394 contenderunt.
2916 2334 3145 2388 Romani
3205 2333 3439 2388 insecuti

1857 2437 2228 2494 incredibilem
2263 2449 2454 2489 eorum
2490 2432 2691 2486 caedem
2731 2430 2922 2483 edunt.
2961 2425 3097 2480 Tam
3128 2424 3437 2480 secundum

1861 2530 2129 2586 Romanis
2162 2528 2370 2582 exitum
2421 2524 2611 2577 habuit
2648 2522 2859 2590 primus
2887 2535 3074 2573 eorum
3109 2529 3439 2585 congressus

1860 2634 2025 2693 atque
2059 2620 2365 2675 conflictus.
2397 2614 2619 2670 Barbari
2663 2628 2787 2667 cum
2834 2612 2887 2664 in
2938 2623 3145 2673 muros,
3172 2607 3440 2678 quemad-

1862 2717 2085 2772 modum
2150 2709 2689 2772 demonstravimus,
2725 2702 2996 2773 compulsi
3054 2710 3275 2767 essent,
3329 2700 3443 2755 dux

1859 2808 2182 2866 convocatis
2238 2804 2413 2873 copiis
2470 2816 2566 2871 pro
2604 2799 2947 2854 Cretensium
3000 2796 3201 2865 oppido
3259 2801 3443 2850 castra

1861 2897 2056 2953 muniit
2085 2911 2099 2948 :
2124 2896 2379 2948 triremes
2412 2893 2760 2959 reliquasque
2803 2887 3075 2942 actuarias
3116 2899 3281 2939 naves
3307 2898 3443 2937 eon-

1870 2988 2037 3042 fertas
2062 2986 2114 3040 in
2144 2984 2379 3041 statione
2426 2997 2485 3038 se
2545 2991 2658 3037 tuta
2719 2977 3200 3046 continerejubet,
3248 2972 3442 3030 simul-

1864 3096 1971 3149 que
2020 3093 2170 3132 mare
2208 3076 2477 3139 obsidere,
2506 3084 2557 3127 et
2590 3072 2633 3126 si
2681 3087 2847 3141 quam
2903 3070 3189 3124 barbaram
3244 3080 3439 3119 navem

184 3168 344 3219 Ἐπεὶ
374 3166 451 3231 δὲ,
469 3160 612 3239 ᾖπέρ
627 3184 717 3236 μοι
741 3167 974 3238 εἴρηται,
1004 3166 1086 3237 τῷ
1107 3168 1354 3238 σφετέρῳ
1371 3169 1681 3237 τειχίσματι
1709 3170 1756 3221 οἱ

1861 3180 2103 3227 evectam
2160 3168 2433 3229 viderent,
2464 3179 2585 3218 eam
2638 3160 2913 3231 persequi,
2945 3171 2999 3214 et
3053 3160 3175 3229 igne
3218 3154 3442 3211 humido

174 3260 451 3330 βάρϐαροι
466 3259 939 3330 συνεκλείσθησαν,
966 3261 1063 3323 τὰς
1083 3259 1342 3329 δυνάμεις
1369 3260 1711 3327 συγκαλέσας
1730 3262 1757 3311 ὀ

176 3352 511 3422 στρατηγὸς,
540 3354 762 3422 χάρακα
807 3354 912 3423 πρὸ
957 3352 1051 3405 τοῦ
1111 3352 1303 3415 ἄστεος
1352 3352 1594 3421 ἐπήξατο
1646 3351 1757 3404 τῶν

231 3445 453 3517 ρητῶν·
511 3446 611 3505 τὰς
641 3445 699 3497 δέ
725 3462 786 3512 γε
832 3444 1080 3513 τριήρεις
1103 3445 1215 3513 (18)
1267 3444 1363 3496 καὶ
1414 3446 1513 3505 τὰς
1562 3442 1758 3505 λοιπὰς

176 3539 440 3611 φορτίδας
474 3539 556 3601 είς
590 3537 870 3606 εὐλίμενον
900 3537 1134 3589 ἐπίνειον
1167 3536 1371 3605 ἀθρόας
1400 3532 1759 3603 ὲλλιμενίζειν

176 3616 581 3693 ειεκελεύσατο,
610 3627 1070 3699 θαλασσοκρατεῖν
1098 3645 1157 3680 τε
1218 3630 1310 3681 καὶ
1360 3627 1414 3679 ετ
1470 3643 1573 3678 που
1626 3627 1759 3697 βαρ-

179 3722 411 3794 εαρικδν
484 3722 658 3793 ὁρῷεν
728 3721 1026 3791 πορθμεῖον
1084 3720 1322 3773 ἔκπλουν
1395 3719 1757 3789 ποιούμενον,

177 3816 338 3869 τοῦτο
362 3831 424 3868 τε
454 3814 761 3877 δκδιὼκειν,
793 3814 886 3868 καὶ
918 3812 997 3881 τῷ
1049 3812 1201 3885 ὑγρῷ
1244 3811 1379 3883 πυρὶ
1433 3811 1756 3881 ἰκτεφροῦν.

178 3909 366 3962 Ταῦτα
402 3910 460 3972 ἐς
493 3908 554 3961 τι
577 3907 804 3979 ἀκριϐὲς
834 3907 1261 3977 βουλευσάμενος
1297 3923 1357 3959 τε
1395 3906 1492 3960 καὶ
1551 3921 1759 3974 συμπε-

182 4005 377 4072 ράνας,
414 4004 644 4072 σπεῖραν
678 4001 919 4068 λογάδων
964 4000 1176 4071 ἀνδρῶν
1223 3999 1302 4069 τῷ
1348 3998 1639 4069 στρατηγῷ
1665 3998 1763 4049 Νι-

180 4092 437 4161 κηφόρῳ,
542 4092 602 4144 τὸ
630 4090 858 4161 ἐπίκλην
888 4091 1187 4153 Παστιλᾶς,
1217 4089 1536 4159 ἐγχειρίζει,
1558 4089 1615 4152 ὃς
1642 4106 1762 4156 γεν-

179 4188 331 4247 ναῖος
365 4185 444 4238 ὣν
472 4184 703 4245 πολλοὺς
750 4184 945 4254 ἀνέτλη
981 4183 1286 4253 πολέμους·
1311 4184 1407 4237 καὶ
1446 4184 1761 4244 πλειστάκις

183 4281 284 4347 μὶν
316 4279 440 4348 ἥλω
469 4277 607 4347 πρὸς
629 4276 739 4329 τῶν
780 4274 1123 4346 Ἀγαρηνῶν,
1157 4274 1486 4336 τοσαυτάκις
1516 4274 1573 4326 δὲ
1617 4276 1762 4326 ἐκεῖ·

181 4372 273 4423 θεν
298 4370 516 4439 διέδραο
546 4370 643 4421 καὶ
668 4368 874 4431 πολλὰς
901 4367 1066 4431 οὐλὰς
1096 4369 1161 4420 ὲκ
1203 4366 1313 4420 τῶν
1353 4366 1496 4419 κατά
1528 4366 1765 4434 πόλεμον

178 4459 568 4531 Imitatumth
601 4457 711 4529 (I9)
742 4458 836 4511 ἐπὶ
861 4456 952 4512 τοῦ
992 4456 1287 4527 προσώπου
1321 4457 1416 4510 καὶ
1443 4456 1552 4509 τῶν
1607 4457 1766 4527 στέρ⁴

1863 3276 2236 3318 concremare.
2273 3259 2485 3324 Quibus
2526 3256 2812 3325 diligenter
2862 3253 3177 3307 constitut‘s
3217 3264 3281 3304 ac
3318 3263 3443 3317 per-

1864 3355 2041 3419 fectis,
2071 3368 2290 3409 manum
2326 3351 2666 3405 delectorum
2705 3347 2938 3401 militum
2979 3343 3288 3412 Nicephoro
3318 3341 3446 3396 duci

1864 3454 2227 3516 cognomento
2259 3443 2477 3497 Pastilre
2507 3441 2672 3495 tradit
2703 3458 2715 3493 :
2745 3442 2870 3509 qui,
2896 3453 3003 3507 qua
3038 3445 3188 3499 erat,
3216 3436 3441 3496 virtute,

1863 3541 2020 3595 bellis
2050 3535 2473 3608 quamplurim'ts
2502 3532 2813 3597 defunctus,
2842 3529 3057 3599 quoties
3087 3544 3116 3581 a
3149 3524 3443 3580 Saracenis

1864 3642 2057 3702 captus
2115 3638 2260 3694 erat,
2292 3628 2451 3683 toties
2481 3642 2547 3680 ex
2576 3640 2764 3681 eorum
2815 3622 3070 3677 manibus
3110 3618 3443 3690 aufugerat,

1866 3739 2041 3793 neque
2073 3736 2275 3792 paucas
2306 3720 2364 3789 9
2390 3716 2809 3772 circumferebat
2841 3714 3124 3768 vulnerum
3180 3710 3324 3766 bello
3351 3724 3444 3765 ac-

1866 3828 2142 3885 ceptorum
2162 3814 2216 3867 in
2241 3811 2377 3866 facie
2404 3820 2457 3865 et
2481 3818 2698 3879 pectore
2720 3814 2903 3861 notas.
2935 3804 3090 3859 Tunc
3114 3817 3245 3857 vero
3268 3801 3446 3855 Thre-

1866 3908 2122 3963 censihus
2159 3903 2474 3974 praefectus,
2498 3908 2722 3969 accepta
2779 3900 3007 3953 cohorte
3060 3893 3127 3950 ad
3178 3892 3448 3965 populan-

1868 4002 1993 4055 dam
2026 3997 2527 4068 explorandamque
2561 3995 2767 4047 missus
2800 3989 3034 4046 insulam
3066 3996 3171 4052 est,
3206 3988 3443 4040 multum

1866 4094 2174 4146 obtestante
2205 4086 2606 4156 Nicephoro,ut
2632 4091 2874 4136 attentus
2901 4088 3048 4134 esset
3074 4092 3139 4132 ac
3164 4075 3439 4145 vigilaret,

1867 4197 2044 4251 neque
2084 4180 2293 4234 inertia:
2333 4192 2392 4233 se
2426 4193 2490 4231 ac
2530 4173 2775 4229 mollitiei
2814 4168 3201 4233 committeret,
3231 4181 3299 4220 ne
3337 4179 3447 4234 qua

1868 4275 2001 4344 ipsis
2026 4270 2308 4327 calamitas
2340 4269 2407 4323 ab
2440 4265 2778 4321 adversariis
2796 4272 3108 4318 strueretur
3153 4274 3167 4311 :
3202 4271 3444 4312 concur-

1870 4341 2055 4420 sarent
2082 4364 2263 4433 potius
2298 4362 2597 4431 regionem,
2628 4369 2681 4411 et
2706 4355 2990 4411 luculento
3028 4341 3446 4422 aliquoeﬂ’ecto

1874 4456 2116 4511 facinore
2156 4454 2224 4508 ad
2272 4463 2451 4509 castra
2475 4450 2883 4523 quamprimum
2911 4450 3339 4501 reverterentur.

1276 4640 1339 4694 (Σ.
1374 4638 1434 4694 Β.
1471 4638 1654 4693 HASII
1700 4635 2250 4695 ANNOTATIONES.

253 4806 289 4834 “
326 4803 448 4854 ἕνον
487 4800 611 4855 cod.

253 4983 368 5054 (I7)
432 4983 673 5036 Verbum
718 4983 1148 5049 προσυφαπλόω,
1192 4983 1372 5031 subter
1421 4983 1651 5045 explica,
1710 4983 1763 5035 in

184 5055 402 5108 Lexicis
436 5054 804 5110 desideratur,
833 5065 1006 5116 neque
1035 5050 1149 5116 ipse
1175 5048 1374 5102 offendi
1409 5060 1563 5104 extra
1595 5052 1763 5103 vitam

184 5122 681 5208 _S:nCh_r}s-o'stomi
728 5120 798 5172 ab
830 5134 1125 5208 anonymo
1145 5119 1418 5208 scriptasit,
1450 5118 1589 5202 Opp.
1633 5117 1766 5204 VIIII,

189 5194 309 5259 I56,
364 5187 458 5247 55.
500 5190 667 5260 {dion
712 5191 864 5257 φωνῇ
913 5190 1014 5260 τὰς
1069 5187 1169 5260 τῇς
1228 5187 1765 5260 ἀληθείαςίάκτξνας

180 5255 820 5333 προσυφαπλῶνξίὲιεναι
840 5255 1075 5333 inferius
1098 5255 1211 5333 Leo
1228 5255 1416 5333 εδει).
1460 5258 1768 5333 ’Υφαπλουο

189 5326 579 5399 given-habet
616 5330 707 5394 25,
756 5328 821 5381 Α.
873 5326 1151 5397 ἐφήπλουν
1185 5327 1273 5393 49,
1322 5328 1382 5381 Ι).
1433 5329 1765 5398 primitivum

183 5406 435 5472 ἥπλωται
457 5403 549 5466 51,
578 5399 617 5452 Β
648 5409 703 5453 et
730 5399 819 5460 99,
851 5399 913 5451 Δ.

257 5473 371 5540 «18)
400 5471 683 5525 Cetlreuus
710 5471 823 5523 haec
854 5470 1043 5524 iisdem
1073 5467 1185 5523 fere
1224 5470 1403 5520 verbis
1441 5468 1503 5522 11.
1543 5468 1670 5534 6i3,
1698 5470 1759 5522 Α,

186 5543 278 5595 ubi
300 5559 420 5609 pro,
447 5542 647 5603 πάσαις
669 5542 937 5609 μηχαναῖς
960 5541 1405 5610 πολιορκητικαῖς
1423 5540 1763 5609 χρησάμενος

184 5616 454 5678 ὁργάνων,
484 5627 550 5664 ex
587 5610 732 5663 bono
773 5611 1063 5663 admodum
1111 5612 1359 5679 Scylitzm
1395 5611 1582 5664 codice
1627 5612 1765 5662 inter

185 5683 429 5737 L'uislin.
486 5690 708 5735 nostros
760 5679 829 5733 N'
884 5680 1003 5746 156,
1060 5695 1222 5734 sensu
1273 5682 1398 5733 item
1457 5679 1765 5749 postulante

184 5768 295 5807 scr.
334 5750 773 5822 πολιορκητικῷν
802 5768 889 5819 χρ.
922 5751 968 5801 ὁ.

260 5824 369 5890 (l9)
422 5819 778 5877 Χαλκοτυπία
829 5822 967 5891 apud
1022 5820 1246 5875 Suidatu
1300 5819 1387 5886 Ill,
1437 5820 1557 5876 0.32.
1615 5820 1762 5875 Unde

696 4799 738 4829 "
769 4798 878 4851 τῶν
906 4798 1013 4853 τῶν
1046 4798 1166 4853 cod.
1203 4798 1310 4852 Sed
1358 4797 1483 4853 vide
1529 4796 1671 4852 infra
1722 4797 1813 4852 82.
1847 4795 1908 4850 C.

432 4979 673 5036 Verbum
718 4977 1148 5049 προσυφαπλόω,
1192 4978 1372 5049 subter
1421 4977 1651 5045 explica,
1710 4980 1766 5035 in
1799 4984 1846 5043 D
1877 4980 2041 5034 habet
2073 4976 2468 5049 Schneiderus.
2496 4977 2674 5049 Pauca
2704 4975 2809 5031 alia
2835 4974 3138 5042 composita
3165 4988 3290 5049 cum
3320 4986 3457 5049 voce

1872 5050 2097 5118 χαλκός,
2141 5050 2193 5103 ἰιι
2239 5048 2439 5103 Lexica
2482 5046 2990 5118 nondunirecepta.
3033 5055 3160 5097 nota
3194 5044 3311 5118 hac
3341 5044 3451 5118 at.

1872 5112 2261 5181 Χαλκέντονον,
2317 5120 2559 5171 tormenti
2631 5114 2808 5169 bellici
2866 5130 3064 5184 genus.
3114 5128 3208 5183 per
3261 5112 3457 5184 fibulas

1872 5206 2053 5245 mneas
2081 5190 2182 5243 tela
2220 5188 2595 5253 proiicllentis.
2628 5186 2716 5239 Bis
2756 5182 2899 5252 apud
2945 5182 3230 5237 Philonem
3271 5182 3345 5237 Dc
3372 5191 3453 5253 te-

1874 5261 2052 5315 lorum
2079 5252 2492 5312 construmiune
2511 5257 2599 5315 56,
2630 5256 2671 5310 C
2698 5266 2750 5307 et
2777 5255 2863 5309 78.
2900 5253 2959 5306 Β.
3006 5253 3113 5307 Sed
3156 5252 3455 5321 quinquies

1874 5332 2038 5393 alibi,
2063 5330 2151 5390 6⁵1,
2182 5327 2256 5391 F;
2290 5328 2381 5387 "i2,
2413 5330 2452 5381 Α
2476 5367 2491 5388 ,
2526 5328 2588 5381 C.
2635 5324 2704 5388 F;
2750 5325 2833 5377 73.
2866 5324 2928 5377 (Σ.
2978 5324 3169 5378 eadem
3201 5321 3455 5393 machina

1876 5392 2105 5455 vocatur
2162 5398 2506 5467 χαλκότονον,
2550 5411 2714 5465 quam
2750 5395 3037 5467 lectionem
3089 5392 3458 5467 Schneiderus

1873 5470 2129 5540 praetulit.
2164 5462 2295 5521 "Est
2349 5481 2521 5540 tamen
2572 5462 2832 5540 Evzdvtov,
2905 5466 3333 5540 instrumentum
3384 5462 3453 5515 ad

1875 5533 2172 5594 tendendas
2222 5539 2544 5606 catapultas,
2591 5537 2912 5606 vocabulum
2953 5533 3102 5606 item
3144 5534 3456 5606 e_xsu_lt_ms_e

1875 5611 2107 5664 Lexicis.
2137 5609 2291 5662 Philo
2323 5600 2393 5662 De
2418 5608 2571 5661 telur.
2599 5615 2803 5660 cuustr.
2834 5605 2921 5668 57,
2952 5602 3014 5667 F;
3044 5603 3133 5666 58,
3159 5603 3227 5663 A;
3265 5601 3354 5665 6f,
3388 5600 3449 5653 Β.

1873 5680 2015 5733 Hero
2070 5680 2414 5747 BeIOpoeicis,
2447 5679 2571 5739 155,
2615 5680 2689 5739 Α;
2726 5674 2822 5729 159
2852 5674 3062 5747 Aqubi
3090 5675 3317 5727 docetur
3343 5687 3454 5747 quo

1874 5763 2030 5816 pacto
2063 5742 2306 5804 construi
2345 5750 2556 5801 debeat.
2599 5747 2676 5802 Uti
2699 5749 2745 5798 le
2774 5745 2986 5798 defendi
3016 5743 3251 5816 fortasse
3275 5742 3454 5811 possit

1872 5814 2141 5890 Scriptura
2180 5819 2551 5889 χαλκέντονον.
2583 5818 2635 5871 2.
2668 5816 2951 5879 Χάλκινος,
2984 5816 3019 5867 i.
3056 5830 3109 5883 (ι,
3144 5814 3372 5883 χάλκεος
3396 5817 3454 5869 et
