4190 6534
210 413 314 480 697

1477 413 1866 476 HISTORLE
1892 414 2038 476 LIB.
2079 417 2162 475 II.

3376 409 3484 474 698

213 528 348 598 πρὸς
373 526 640 594 τοῦδαφος
669 525 1054 596 κατεφέροντο.
1083 525 1145 578 Οἱ
1175 525 1231 578 δὲ
1264 525 1501 594 Κρῆτες,
1521 524 1597 593 τῷ
1623 523 1796 594 καινῷ

1910 525 2199 596 periculum
2230 540 2293 580 ac
2318 523 2600 581 servitutis
2635 526 2818 580 animo
2846 524 3174 588 recolentes,
3204 523 3486 593 constlpa-

209 619 304 672 τοῦ
334 618 614 689 ὁράματος
656 617 1056 687 θαμδηθέντες,
1108 615 1196 669 ἐπ’
1239 615 1425 684 ὀλίγον
1463 615 1657 686 χρόνον
1694 616 1793 684 τὴν

214 713 393 781 μάχην
416 711 718 775 ἀξέκλιναν,
749 710 827 778 τῷ
877 709 1152 781 τεραστίῳ
1195 708 1651 774 καταπλαγέντες
1697 708 1801 760 τοῦ-

212 803 566 870 πράγματος.
621 798 736 854 Εἶτ’
773 797 932 864 αὖθις
978 802 1071 852 τὸν
1115 799 1218 868 τῆς
1267 800 1652 870 αἰχμαλωσίας
1701 802 1794 853 καὶ

210 892 456 953 δουλείας
485 891 942 961 ὑπολογισάμενοι
976 892 1258 955 κίνδυνον,
1300 893 1380 954 εἰς
1422 892 1645 961 ἀρραγῆ
1691 910 1800 944 παι

213 985 440 1053 ράταξιν
460 983 626 1050 συνηθ
638 984 898 1053 ροίζοντο,
919 985 1013 1036 καὶ
1029 985 1118 1037 διὰ
1136 983 1246 1036 τῶν
1270 1001 1398 1036 κατ-ι
1420 984 1795 1038 οειπωθέντων

208 1078 410 1145 τειχῶν
441 1077 539 1146 τὴν
582 1076 905 1146 Ῥωμαϊκὴν
927 1076 1320 1129 διαϐαίνουσαν
1343 1078 1600 1145 φάλαγγα
1626 1079 1796 1149 ἐρρω-

215 1169 521 1236 μενέστατα
559 1169 901 1238 ὑπεδέχοντο,
947 1170 1241 1239 δαιμονίως
1285 1188 1345 1223 τε
1391 1170 1792 1238 διηγωνίζοντο,

213 1264 344 1328 περὶ
373 1263 557 1331 ψυχὴν
593 1263 636 1293 δ’
669 1265 1095 1322 κινδυνεύοντες.
1126 1265 1286 1334 Ἀρτι
1318 1263 1374 1315 δὲ
1409 1263 1616 1331 πολλῶν
1645 1265 1799 1317 ἀνναι-

215 1355 510 1422 ρεθέντων,
534 1355 657 1407 ἐπεῖ
684 1356 821 1426 πρὸς
846 1355 1120 1426 τοσαύτην
1143 1356 1608 1422 ἀνανταγώνιστον
1626 1355 1797 1426 ῥοπὴν

214 1447 313 1513 ούχ
351 1439 456 1498 οἷοί
479 1463 536 1498 τε
559 1442 701 1516 ἦσαν
728 1447 1214 1500 ἀντικαθίστασθαι
1255 1447 1574 1518 (ἐπέδρισαν
1609 1448 1716 1515 γὰρ
1744 1447 1798 1498 at

211 1537 481 1607 δυνάμεις
528 1541 784 1604 κατόπιν,
828 1542 925 1593 καὶ
965 1540 1210 1609 ὠθισμὸς
1261 1541 1634 1602 ἀνυπόστατος
1685 1535 1794 1608 ἦν),

213 1633 294 1692 εἰς
344 1632 527 1699 φυγὴν
562 1631 648 1704 [Ρ.
687 1632 774 1704 16]
831 1633 1148 1702 τρέπονται,
1197 1633 1502 1703 χωροῦντες
1550 1633 1637 1686 διὰ
1691 1635 1799 1685 τῶν

216 1723 518 1775 στενωπῶν
542 1741 553 1753 ·
592 1724 854 1795 Ῥωμαῖοι
878 1727 935 1778 δὲ
959 1728 1290 1795 ἐφεπόμενοι
1314 1726 1540 1789 τούτους
1565 1727 1800 1797 ἀνῄρουν

217 1814 494 1880 ἀνηλεῶς.
525 1817 590 1868 Οί
618 1816 671 1868 δὲ
718 1817 1165 1887 περιλειφθέντες
1208 1818 1304 1870 καὶ
1342 1819 1495 1881 ὅσους
1525 1819 1625 1871 οὐκ
1660 1819 1796 1887 ἔφθη

1905 628 1960 671 to
1994 618 2208 685 agmine
2236 617 2408 672 aciem
2453 625 2771 686 coegerunt,
2823 630 3026 685 perque
3059 628 3344 670 murorum
3390 629 3488 668 ru-

1903 709 2029 762 dera
2057 709 2431 762 Romanorum
2475 709 2799 777 phalangem
2831 708 3213 784 pervadentem
3249 706 3486 761 fortissi-

1904 818 1992 856 me
2035 800 2387 870 excipientes,
2419 802 2726 872 majoribus
2750 815 2916 872 quam
2969 815 3068 870 pro
3096 801 3336 854 humana
3369 798 3483 853 viro

1905 904 2017 950 tute
2051 891 2251 949 animis
2279 893 2336 948 in
2370 893 2493 947 vita
2519 892 2834 948 discrimine
2858 889 3213 946 dimicarunt.
3239 888 3481 942 Tandem

1903 987 2088 1041 multis
2112 985 2291 1050 caesis,
2316 1000 2439 1040 cum
2463 993 2651 1040 contra
2677 994 2787 1040 tam
2813 983 3193 1037 vehementem
3221 980 3484 1048 impetum

1904 1083 2108 1136 diutius
2135 1081 2394 1136 resistere
2415 1094 2524 1134 non
2561 1085 2786 1148 possent
2819 1075 3135 1149 (ingruebat
3157 1075 3302 1130 enim
3336 1073 3416 1128 vis
3457 1087 3486 1126 a

1904 1182 2077 1242 tergo,
2111 1169 2475 1239 impressione
2526 1182 2754 1238 prorsus
2793 1164 3167 1233 intolerabili),
3202 1162 3257 1218 in
3303 1162 3486 1232 fugam

1906 1262 2154 1316 conversi
2212 1261 2265 1314 in
2321 1261 2620 1332 angiportis
2690 1273 2749 1315 se
2815 1257 3190 1326 dejecerunt:
3253 1254 3487 1310 Romani

1905 1371 2036 1412 vero
2078 1356 2309 1409 insecuti
2347 1355 2462 1409 dire
2484 1370 2579 1409 eos
2616 1354 2988 1409 trucidabant.
3014 1350 3154 1406 Tum
3178 1350 3272 1420 qui
3303 1349 3490 1403 hacte-

1908 1465 2014 1504 nus
2043 1448 2363 1517 superstites
2392 1455 2570 1510 erant,
2603 1462 2666 1501 ac
2705 1453 2974 1516 quotquot
3003 1442 3218 1497 bellum
3251 1456 3358 1494 non
3389 1440 3493 1493 de-

1909 1551 2229 1605 messucrat,
2253 1539 2528 1610 projectus
2563 1538 2732 1593 armis
2774 1538 2840 1591 ad
2881 1550 3070 1604 preces
3096 1534 3494 1605 confugerunt.

1908 1636 2025 1702 Qua
2093 1650 2152 1689 re
2210 1636 2352 1699 visa,
2390 1643 2608 1703 praetor,
2671 1631 2979 1687 calcaribus
3033 1645 3176 1698 equo
3230 1627 3504 1686 subditis,

1908 1730 2182 1786 concitato
2213 1742 2379 1781 cursu
2409 1724 2670 1795 oppidum
2722 1723 2888 1776 intrat
2920 1730 2973 1776 et
3021 1720 3256 1774 militum
3311 1717 3494 1785 impe-

1913 1831 2025 1875 tum
2059 1819 2294 1874 inhibuit
2322 1835 2336 1871 :
2369 1833 2477 1872 non
2529 1831 2651 1871 esse
2703 1813 3058 1869 trucidandos
3085 1808 3324 1866 suadens
3390 1807 3482 1874 qui

214 1905 530 1974 ἑκθερίζειν
566 1907 678 1976 (61)
740 1909 768 1960 ὁ
818 1908 1076 1978 πόλεμος,
1108 1909 1177 1962 τά
1227 1910 1366 1963 ὅπλα
1427 1910 1683 1980 ῥίψαντες
1721 1912 1799 1972 είς

1910 1927 2055 1966 arma
2105 1910 2453 1980 abjecissent,
2507 1923 2608 1962 nec
2657 1907 2708 1961 in
2741 1906 2849 1975 27
2901 1905 3079 1959 nudos
3130 1917 3194 1957 ac
3246 1901 3485 1955 inermes

217 1998 468 2050 ἱκετείαν
499 2000 818 2070 ἐτράποντο.
848 2002 1025 2072 Ὀπερ
1051 2004 1076 2055 ὁ
1104 2003 1406 2073 στρατηγὸς
1438 2002 1798 2071 θεασάμενος.

213 2091 305 2141 τὴν
345 2090 513 2141 ἵππον
575 2094 868 2162 κεντρίσας
904 2097 996 2146 καὶ
1037 2095 1127 2146 τὸν
1179 2097 1374 2164 δρόμον
1444 2095 1797 2164 ἐπιταχύνας,

212 2181 509 2248 εἰσήλαυνε
540 2200 598 2234 τε
638 2185 734 2236 καὶ
781 2187 1284 2258 τῶν’στρατιωτῶν
1316 2189 1418 2256 τὴν
1483 2189 1661 2259 ὁρμὴν
1709 2189 1796 2239 ἀνη-

215 2274 460 2343 ετεξχιζε
510 2276 577 2337 ³ο,
637 2275 710 2347 μὴ
759 2279 992 2332 κτείνειν
1041 2280 1355 2334 ἀναπείθων
1390 2282 1516 2344 τοὺς
1547 2283 1613 2333 τὰ
1657 2281 1800 2332 ὅπλα

217 2366 488 2433 ῥίψαντας
536 2369 770 2438 ἄνδρας.
837 2372 974 2442 μηδὲ
1026 2374 1168 2427 κατά
1207 2373 1380 2443 ψιλῶν
1427 2375 1519 2426 καὶ
1582 2374 1800 2425 ἀόπλων

1910 2003 2202 2058 crudeliter
2233 2011 2285 2056 et
2318 2001 2435 2055 sine
2481 1999 2820 2053 humanitate
2851 1995 3171 2051 irruentium
3205 2011 3217 2047 :
3253 2009 3273 2043 ι
3319 1991 3489 2044 inhu-

1910 2095 2186 2149 manitatis
2216 2109 2337 2148 esse.
2368 2093 2565 2155 aiebat,
2604 2107 2699 2146 eos
2754 2091 2849 2159 qui
2912 2089 3112 2144 cedant
3163 2097 3216 2139 et
3269 2098 3326 2139 se
3360 2083 3497 2138 suh—

1910 2190 2126 2258 jiciant,
2163 2204 2280 2241 non
2318 2203 2476 2242 secus
2522 2196 2686 2255 atque
2741 2184 2928 2245 hostes
2984 2181 3212 2251 perdere
3269 2185 3323 2232 et
3393 2177 3503 2229 ob--

1911 2290 2191 2334 truncare.
2225 2298 2242 2330 ι
2283 2279 2383 2334 llis
2412 2278 2594 2332 verbis
2660 2292 2802 2345 aegre
2854 2275 2962 2328 dux
3000 2271 3276 2328 crudelem
3320 2268 3498 2336 impe-

1908 2382 2021 2426 tum
2053 2372 2330 2426 exercitns
2372 2368 2609 2423 inhibuit
2629 2384 2692 2422 ac
2709 2367 2940 2423 sedavit.

218 2463 390 2528 ὼμὼς
443 2465 538 2516 καὶ
569 2466 947 2536 ἀπανθρώπως
983 2472 1203 2543 χωρεῖν,
1232 2469 1629 2539 ἀπανθρωπίας
1664 2471 1838 2536 λέγων
1877 2465 2039 2529 εἶναι,
2071 2469 2132 2520 τὸ
2177 2467 2400 2531 ὑπεῖξάν
2429 2465 2522 2518 καὶ
2556 2464 2778 2534 γεγονὸς
2819 2462 3132 2532 ὑποχείριον
3158 2459 3505 2528 διαφθείρειν

220 2557 321 2626 ἠδη
374 2559 469 2609 καὶ
514 2560 894 2616 ἀποκτιννύειν
939 2564 1185 2636 ὡσπερεὶ
1238 2565 1515 2637 πολέμιον.
1569 2565 1792 2629 Τούτοις
1829 2569 1941 2629 τοῖς
2011 2565 2192 2632 λόγοις
2230 2564 2383 2633 μόλις
2410 2563 2699 2634 ἐπέσχενό
2767 2557 3076 2632 στρατηγὸς
3099 2560 3196 2628 τῆς
3229 2555 3494 2628 στρατιᾶς

221 2651 320 2721 την
356 2654 641 2722 μιαιφόνον
669 2658 868 2728 ὁρμήν.

293 2768 367 2837 η’.
410 2767 560 2823 Ἐπεὶ
594 2771 649 2824 δὲ
680 2775 817 2827 κττὰ
857 2779 1059 2846 κράτος
1103 2778 1279 2850 ἧλωή
1318 2778 1494 2846 πόλις,
1543 2781 1610 2834 τά
1647 2797 1802 2852 πρω-

223 2863 412 2915 adlata
466 2863 677 2930 ὑφελὼν
705 2867 1097 2936 ὁστρατητδς,
1157 2870 1252 2924 καὶ
1298 2872 1362 2926 τὸ
1411 2873 1651 2943 ἀκμαῖον
1697 2873 1807 2928 τῶν

225 2952 597 3022 αἰχμαλώτων
629 2955 1180 3030 ἀνδραποδισάμενος,
1221 2960 1519 3031 διειληφώς
1545 2981 1605 3017 τε
1633 2962 1804 3017 ταῦτα

227 3050 321 3099 καὶ
357 3050 438 3109 εἰς
465 3048 523 3100 δν
554 3048 746 3118 ἔμελλε
771 3053 1029 3121 κατάγειν
1069 3054 1334 3125 θρίαμϐον
1365 3059 1702 3128 διατηρήσας
1730 3059 1806 3122 ὡς

230 3139 492 3207 μάλιστα,
541 3143 611 3195 τά
655 3143 816 3197 λοιπά
859 3148 969 3208 τοῖς
1021 3149 1380 3217 στρατιώταις
1443 3151 1803 3220 προνομεύειν

1986 2778 2039 2836 8.
2080 2777 2290 2849 Oppido
2314 2778 2365 2832 vi
2400 2783 2730 2849 expugnato,
2765 2783 2966 2845 prator
3004 2774 3319 2831 subtractas
3369 2790 3493 2830 ma-

1914 2873 2210 2928 nubiarum
2239 2870 2512 2942 primitias
2542 2870 2894 2938 captivosque
2929 2867 3258 2923 valentiores
3287 2867 3341 2922 in
3376 2881 3495 2923 ser-

1915 2966 2139 3021 vitutem
2217 2962 2470 3018 redactos
2540 2960 2806 3031 seposuit,
2869 2960 2937 3015 ad
3021 2946 3494 3032 triumphumque.

1913 3074 2076 3129 quem
2107 3059 2375 3112 ducturus
2419 3064 2555 3121 erat,
2581 3053 2870 3123 diligenter
2912 3057 3206 3111 reservavit
3241 3072 3255 3108 :
3286 3056 3493 3124 reliqua

1916 3151 2184 3206 militibus
2251 3147 2554 3218 diripienda
2629 3147 2935 3217 proposuit.
2997 3146 3076 3202 llli
3145 3163 3239 3216 per
3304 3148 3496 3202 domos

225 3233 606 3301 προτεθεικεν.
656 3238 720 3289 Οἱ
771 3237 828 3289 δὲ
877 3239 964 3291 διά
1009 3241 1117 3292 τῶν
1170 3242 1436 3311 δωμάτων
1503 3244 1801 3314 χωροῦντες

1916 3244 2073 3299 επιιεὶ
2114 3243 2350 3313 praedam
2399 3241 2689 3310 plurimam
2724 3251 2779 3295 et
2828 3240 3172 3310 magniﬁcam
3229 3239 3496 3293 fecerunt»

226 3325 432 3386 πολλὰς
478 3329 574 3380 καὶ
619 3328 933 3393 πολυτελεῖς
989 3335 1333 3404 ἐκαρποῦντο
1374 3336 1473 3398 τὰς
1513 3337 1805 3406 ὡφελείας.

228 3415 490 3468 Πλεῖστον
529 3417 636 3487 γάρ
681 3421 773 3471 καὶ
824 3422 1215 3493 ἀνεξάντλητον
1251 3425 1357 3478 τῶν
1389 3428 1434 3458 ⁸¹
1464 3427 1700 3498 Κρητῶν
1724 3428 1810 3480 λέ-

227 3525 387 3575 γεται
419 3511 576 3562 πόλιν
609 3513 758 3566 ἔνδον
804 3515 896 3566 τον
941 3517 1096 3570 δλδον
1125 3521 1554 3589 παρακατέχειν,
1583 3521 1675 3572 ἐπί
1709 3538 1805 3572 συ-

229 3601 359 3670 χνὸν
404 3603 503 3670 ούχ
547 3603 749 3673 ἥκιστα
797 3607 1252 3676 εύημερήσασαν,
1311 3612 1574 3678 εὐμενοῦς
1613 3630 1670 3665 τε
1713 3613 1809 3665 καὶ

233 3694 500 3763 μειλιχίοιο
549 3695 900 3765 πειραθείσαν
935 3699 1031 3768 τῆς
1065 3701 1258 3770 τύχης.
1294 3705 1386 3755 καὶ⁸
1426 3703 1588 3772 μηδέν
1620 3721 1672 3755 τι
1699 3703 1808 3756 τῶν

229 3790 580 3843 ἀπευκταίων
618 3791 1102 3859 καθυπομείνασαν
1149 3796 1282 3864 (62),
1316 3795 1350 3848 ἀ
1382 3798 1412 3865 ἡ
1444 3796 1808 3867 παλίντροπος

227 3882 335 3932 τῶν
375 3882 583 3951 χρόνων
615 3884 758 3952 φορὰ
793 3885 992 3938 ὡσανεί
1039 3905 1190 3950 τινας
1233 3889 1410 3958 κῆρας
1442 3891 1808 3945 ἐπικυλένδειν

227 3972 416 4023 εῖωθε·
480 3973 714 4039 μάλιστα
739 3975 794 4026 δὲ
833 3981 1179 4044 πειρατικοῖς
1223 3980 1315 4031 καὶ
1363 3980 1681 4050 λῃστρικαῖς
1711 3997 1808 4033 κε-

228 4062 513 4131 χρημένην
547 4063 894 4127 ἐκπλεύσεσι,
928 4066 1034 4117 τῶν
1069 4067 1240 4133 γαιῶν
1265 4069 1592 4138 ἀμφοτέρων
1616 4069 1808 4138 ληῖσα-

231 4155 350 4205 σθαι
384 4155 453 4205 τά
477 4155 779 4224 παράκτια,
811 4157 918 4207 κάκ
939 4157 1046 4209 τῶν
1073 4158 1326 4212 τοιούτων
1351 4160 1806 4229 ἐπιτηδευμάτων

225 4243 671 4313 ἀποθησαυρίσαι
708 4245 936 4298 πλοῦτον
964 4248 1263 4318 ἀμύθητον.
1305 4250 1468 4303 Ἀλλά
1495 4251 1683 4304 τοῦτον
1707 4252 1806 4321 μὲν

227 4338 321 4388 τὴν
345 4342 548 4405 τρόπον
567 4337 684 4406 ἥλω
715 4337 774 4389 τὸ
804 4340 848 4368 "
881 4340 1014 4392 ἄστυ
1045 4340 1296 4411 καὶπρὸς
1331 4341 1438 4395 τῶν
1478 4343 1808 4410 Ῥωμαϊκῶν

229 4430 438 4501 ἐλήφθη
506 4430 724 4500 χειρῶν.
793 4433 946 4483 Ἐπεὶ
996 4434 1052 4486 δὲ
1098 4434 1168 4487 τά
1222 4434 1371 4488 ινδον
1439 4437 1808 4506 ἐκκεκόμιστο

226 4520 464 4581 ἃπαντα.
518 4521 610 4574 τὸν
655 4523 942 4593 περίϐολον
969 4527 996 4576 ὁ
1035 4525 1346 4596 Νικηφόρος
1397 4530 1806 4589 κατασκάπτειν

1917 3333 2116 3387 Fertur
2157 3333 2300 3386 enim
2348 3331 2690 3386 Cretensium
2741 3333 3000 3401 oppidum
3059 3347 3190 3401 opes
3248 3331 3496 3400 ingentes

1913 3432 2075 3494 atque
2097 3425 2451 3478 inexhaustas
2480 3425 2821 3478 continuisse
2849 3441 2862 3473 :
2889 3435 3171 3492 propterea
3216 3423 3358 3492 quod
3401 3423 3494 3476 diu

1911 3533 2020 3571 non
2077 3533 2269 3586 parum
2318 3516 2467 3581 felix,
2503 3518 2793 3585 propitiam
2851 3515 3177 3585 facilemque
3208 3526 3492 3585 expertum

1911 3607 2214 3669 fortunam,
2262 3609 2635 3663 calamitatum
2707 3610 2910 3662 nullam
2969 3609 3301 3677 pertulisset,
3353 3623 3493 3676 quas

1915 3701 2208 3756 mutabiles
2236 3711 2541 3771 temporum
2563 3718 2759 3757 cursus
2789 3713 3046 3772 tanquam
3081 3703 3289 3771 aliquot
3321 3709 3499 3771 postes

1917 3795 2161 3864 inﬂigere
2196 3795 2374 3849 solet:
2425 3804 2538 3849 tum
2592 3798 2852 3862 maxime,
2897 3796 3040 3866 quod
3096 3795 3340 3865 piraticis
3403 3809 3498 3846 ex—

1915 3887 2266 3943 cursionibus
2312 3895 2365 3941 et
2410 3887 2715 3942 latrociniis
2763 3904 2946 3952 usum,
2978 3888 3266 3956 utriusque
3316 3884 3497 3938 conti-

1914 3982 2096 4035 nentis
2164 3983 2477 4050 populando
2528 3984 2733 4045 littora,
2766 3981 3036 4051 ejusmodi
3092 3981 3302 4034 artibus
3353 3977 3497 4031 divi-

1914 4072 2017 4125 tias
2048 4071 2347 4126 ineﬂ'ahiles
2385 4082 2784 4126 coacervasset.
2820 4071 2876 4124 ln
2903 4072 3047 4125 hunc
3071 4071 3295 4124 modum
3337 4068 3494 4136 oppi-

1916 4163 2044 4217 dum
2072 4174 2442 4233 expugnatum
2477 4163 2957 4234 Romanorumque
2983 4165 3237 4217 manibus
3275 4172 3496 4230 captum

1916 4264 2019 4310 est.
2055 4257 2248 4310 Evccta
2282 4265 2404 4326 post
2439 4257 2553 4310 haec
2608 4258 2758 4310 omni
2817 4257 3178 4325 supellectile,
3209 4270 3496 4308 murorum

1914 4349 2177 4404 ambitum
2222 4349 2432 4419 perfodi
2462 4358 2625 4419 atque
2656 4349 2836 4416 disjici
2894 4348 3236 4418 Nicephorus
3286 4347 3493 4417 jussit:

1914 4457 2026 4512 quo
2059 4444 2246 4496 multis
2279 4445 2331 4495 in
2379 4444 2511 4498 locis
2563 4445 2865 4509 destructo,
2896 4443 2949 4496 in
3014 4457 3205 4512 agrum
3301 4455 3498 4495 rursus

1916 4535 2099 4589 educit
2128 4538 2332 4605 t-opias.
2370 4535 2540 4602 Quem
2582 4537 2897 4607 populatus,
2933 4536 3245 4590 hominibus
3296 4535 3348 4588 in
3375 4550 3497 4588 ser-

228 4614 644 4667 διακελιύεται·
675 4615 769 4668 τοῦ
800 4616 855 4668 δὲ
886 4618 1132 4688 πολλαχῆ
1159 4619 1682 4690 κατερειπωθέντος.
1717 4623 1801 4675 ἐπὶ

1913 4629 2138 4683 vitutem
2185 4629 2411 4693 redacti,
2444 4645 2570 4683 cum
2617 4629 2885 4700 quidquid
2915 4628 3174 4684 infestum
3199 4625 3497 4697 superfue-

233 4705 331 4774 τὴν
365 4704 551 4776 χώραν
573 4704 728 4770 αὖθις
757 4709 938 4777 ἀπῆγε
970 4710 1068 4778 τὴν
1088 4710 1339 4781 δύναμιν.
1382 4713 1805 4784 Ἀνδραποδισά-

237 4800 396 4866 μενος
427 4815 490 4850 τε
529 4799 734 4871 ταύτην
787 4801 882 4854 καὶ
929 4800 1278 4873 ληῖσάμενος,
1333 4807 1428 4859 καὶ
1460 4805 1520 4857 τὸ
1548 4803 1798 4872 ἀντίξουν

1915 4727 2000 4772 rat
2059 4719 2171 4790 28
2225 4721 2343 4776 sine
2415 4722 2686 4792 sanguine
2743 4721 3157 4792 subegisset,in
3213 4721 3493 4774 tumulum

1903 4809 2192 4865 sublimem
2222 4812 2563 4882 arduumque
2595 4812 2739 4866 haud
2792 4812 2982 4880 procul
3032 4811 3100 4867 ab
3142 4811 3328 4866 excisa
3361 4810 3498 4863 urbe

1396 4980 1459 5036 ε.
1501 4980 1562 5038 Β.
1606 4981 1788 5040 HAS"
1817 4981 2380 5042 ANNOTATIONES.

318 5165 364 5200 δ’
393 5165 548 5222 Fort.
578 5165 778 5237 ψυχῆς.
876 5165 929 5199 ⁸⁸
953 5165 1104 5222 Fort.
1136 5166 1468 5241 ἀνεχαίτιζε.

301 5331 414 5399 (6t)
439 5326 758 5399 Oportebat
792 5326 1216 5399 ἐκθερίζων,νε1
1241 5327 1418 5399 potius
1460 5327 1747 5399 ἐκθερίσας
1781 5346 1792 5359 ·

224 5404 322 5455 sed
362 5398 448 5456 hic
481 5399 718 5452 Leonem
752 5398 804 5451 in
837 5399 994 5465 culpa
1018 5398 1289 5451 arbitror:
1327 5398 1420 5450 lin.
1459 5398 1546 5462 25,
1587 5400 1676 5452 ubi
1741 5400 1794 5453 in

222 5475 361 5527 Cod.
390 5483 473 5525 est
509 5467 832 5537 ἀνετείχιζε,
867 5470 978 5520 fere
1003 5471 1218 5520 credam
1251 5469 1537 5535 scripsisse
1585 5470 1801 5537 ἀνεχαί-

222 5547 362 5604 τιζε.
413 5541 577 5597 Certe
631 5538 1139 5608 dvaxatICCEIYﬁflV
1170 5538 1347 5606 ὁρμήν
1384 5539 1462 5608 2³
1495 5538 1565 5608 Dx
1613 5538 1701 5591 8“-
1736 5539 1798 5592 C-

223 5612 571 5682 ἐνρχαιτίζοι
617 5611 713 5678 τὴν
740 5606 944 5676 Ἔφοδον
975 5606 1253 5682 299.16“
1278 5607 1496 5682 ἐφόδους
1525 5607 1800 5682 Nicepho.

225 5678 499 5747 tus'lmp.
531 5679 738 5733 Tactic.
773 5695 935 5747 supra
974 5678 1175 5732 HLA.
1201 5681 1291 5731 Est
1324 5681 1546 5732 verbum
1574 5678 1796 5733 Demos-

226 5755 535 5814 thenicum,
592 5765 733 5816 saepe
784 5752 853 5802 ibi
891 5759 1131 5801 notatum
1185 5764 1212 5800 a
1273 5749 1501 5812 criticis,
1528 5759 1790 5804 veterum.

228 5824 351 5877 ιω.
395 5824 663 5876 Maussac.
687 5823 751 5875 ad
793 5820 1102 5887 Harpocrat.
1140 5819 1224 5871 ιε’..
1267 5819 1326 5871 (ὲ.

1573 5171 1617 5204 ⁶¹
1651 5172 1779 5228 τῶν.
1823 5172 1953 5245 Leg.
1982 5175 2082 5246 τὴν
2115 5174 2229 5230 sive
2254 5174 2353 5246 τὴν
2383 5175 2512 5229 τῶν.

2631 5176 2676 5206 "
2709 5173 2823 5227 εῐλο
2847 5174 2906 5227 τό
2937 5174 3060 5229 cod.

1978 5332 2089 5402 (62)
2134 5331 2509 5402 Καθυπομενω
2564 5329 2796 5398 adiunge
2822 5326 3040 5402 Lexicis
3089 5345 3154 5383 ex
3205 5332 3310 5385 hoc
3366 5332 3506 5388 loco-

1906 5400 2045 5468 eone
2075 5404 2246 5457 altero
2275 5400 2373 5456 20.7
2395 5401 2455 5456 Β.
2497 5402 2703 5470 Addam
2730 5400 3085 5470 auctoritates
3110 5414 3487 5470 quantaecum-

1908 5487 2015 5539 que
2045 5484 2172 5526 sunt
2209 5474 2478 5542 Anonymi
2525 5469 2762 5542 DeﬂVila
2814 5468 2872 5542 S.
2909 5468 3295 5542 Chrysostom.
3344 5471 3494 5528 Vlll..

1907 5543 2030 5596 371.
2074 5545 2127 5598 9.
2184 5540 2434 5595 ἑκούσιον
2466 5543 2563 5612 τὴν
2609 5541 2728 5610 βίαν
2772 5540 3255 5612 καθυπομένοντας
3290 5561 3304 5576 ο
3337 5554 3389 5597 et
3426 5544 3485 5598 S.

1907 5612 2184 5682 Gregentii
2216 5611 2547 5680 'l‘epbrensis
2581 5612 2848 5682 Disputat.
2879 5626 3003 5682 cum
3031 5611 3219 5682 Judseo
3251 5615 3371 5668 177.
3417 5616 3488 5667 Αι

1903 5685 1982 5739 είς
2005 5679 2064 5734 τὸ
2086 5679 2345 5756 ζωοποιδν
2374 5684 2542 5756 ὄνομα
2567 5682 2663 5751 τῆς
2701 5679 2858 5748 ἁγίας
2880 5681 3109 5750 Τριάδος
3139 5686 3241 5738 καὶ
3263 5683 3499 5756 χείρονα

1903 5756 2110 5807 τούτων
2144 5753 2638 5823 καθυπομένουσιν.
