4190 6534
230 395 334 462 705

1499 399 1887 461 HISTORL‘E
1922 401 2068 461 LIB.
2117 401 2196 462 II.

3396 410 3504 475 706

234 514 681 584 σννεκφορήσας,
721 514 812 566 καὶ
859 512 1015 583 νίκην
1070 514 1515 586 ἐπιφανεστάτην
1550 519 1646 568 καὶ
1699 517 1811 571 οἷαν

1923 520 2330 588 congessissent
2376 538 2387 573 :
2432 519 2548 589 ipse
2601 519 2668 573 ad
2740 521 3126 590 imperatorem
3200 528 3506 590 contendit,

230 604 326 654 οὐκ
359 602 520 666 ἄλλος
550 604 983 672 ἀναδησάμενος,
1019 604 1231 659 ἐκεῖθεν
1292 606 1393 675 τὴν
1442 606 1675 676 δύναμιν
1720 610 1816 660 ἀν-

1930 610 2179 664 laborum
2218 612 2437 677 praemia
2468 617 2817 679 accepturus.

229 696 528 764 ελάμϐανε,
560 699 654 749 καὶ
690 698 827 750 κατὰ
850 697 919 749 τὰ
946 696 1095 765 σφῶν
1126 698 1374 752 ἔστελλεν
1398 698 1522 770 ἤθη.
1549 700 1832 772 ἀμύθητον
1868 701 1959 755 τὸν
1997 703 2227 756 πλοῦτον
2263 703 2597 774 ἁθροίσασαν
2625 703 2670 735 ⁵⁸
2692 720 2707 735 ·
2776 704 2938 769 αὐτὸς
2967 706 3025 759 δὲ
3070 706 3205 778 πρὸς
3229 706 3320 760 τὸν
3346 709 3509 762 αὐτο-

230 785 476 855 κράτορα
506 786 617 838 ἔθει
649 789 714 850 ⁵⁸,
751 788 860 838 τῶν
892 787 1069 839 πόνων
1099 778 1167 841 τὰ
1198 792 1337 860 γέρα
1370 788 1698 859 ληψόμενος.

302 897 354 955 ι’,
391 901 553 970 ΙἈρτι
580 901 635 953 δὲ
667 901 921 969 μεσοῦντι
948 902 1045 973 τὴν
1072 904 1381 974 ὁδοιπορίαν
1410 906 1488 977 τῷ
1517 907 1811 977 στρατηγῷ

230 984 389 1055 φήμη
444 1003 527 1048 τις
576 988 895 1057 ὑπηντίαζε,
940 992 1040 1061 τὴν
1102 992 1351 1046 ἐντεῦθεν
1395 995 1663 1063 ικδημίαν
1716 996 1810 1048 τοῦ

228 1075 465 1139 ἄνακτος
534 1078 812 1149 Ῥωμανοῦ
861 1083 974 1151 (72)
1032 1083 1452 1151 διαγγέλλουσα.
1522 1086 1579 1138 'U
1622 1087 1697 1150 δὲ,
1734 1087 1812 1157 τῷ

228 1169 627 1244 ἀπροσδοκήτῳ
651 1176 751 1243 τῆς
780 1177 966 1246 φήμης
991 1177 1373 1248 ἐκταραχθεὶς,
1416 1180 1615 1251 ἐπέσχε
1636 1199 1693 1233 τε
1713 1183 1811 1251 τὴν

226 1260 567 1333 διαπορεὶαν,
603 1267 696 1318 καὶ
728 1268 1086 1339 κατὰηχώραν
1124 1272 1361 1341 ὑπέμενε
1388 1272 1455 1325 ⁸ο.
1481 1274 1716 1340 Λέγεται
1752 1274 1810 1325 δὲ

227 1353 417 1407 τοῦτον
432 1357 521 1408 τὸν
544 1359 746 1428 τρόπον
762 1359 1141 1428 ὲκπλῆσαιτὸν
1165 1362 1282 1431 βίον
1316 1363 1407 1415 τὸν
1431 1364 1810 1434 αὐτοκράτορα

237 1445 522 1515 Ῥωμανόν
548 1464 564 1480 ο
600 1450 821 1522 Ἐπειδὴ
853 1451 1207 1523 παρειληφὼς
1234 1456 1332 1525 τὴν
1378 1457 1552 1527 ἀρχὴν
1590 1458 1808 1527 ἐπιεικῆ

225 1553 285 1589 τε
318 1540 413 1591 καὶ
456 1540 676 1610 μέτριον
709 1544 874 1597 αὑτὸν
926 1545 1019 1597 καὶ
1069 1548 1419 1616 εὐεργετικὸν
1461 1549 1539 1619 τῷ
1583 1550 1811 1621 ὑπηκόῳ

226 1630 565 1699 παρείχετο,
622 1633 915 1701 ὑποδύντες
970 1638 1116 1699 τινὲς
1179 1640 1271 1691 καὶ
1330 1641 1681 1709 μετελθόντες
1719 1642 1809 1694 τὸν

224 1720 539 1789 ἄνθρωπον,
574 1725 842 1796 μοχθηροί
876 1744 933 1779 τε
964 1727 1057 1779 καὶ
1090 1727 1263 1781 δοῦλοι
1312 1732 1545 1802 γαστρὸς
1582 1734 1673 1785 καὶ
1700 1734 1807 1785 τῶν

226 1812 333 1863 ὑπὸ
365 1815 631 1884 γαστέρα,
656 1816 1029 1889 διαφθείρουσι
1059 1822 1149 1873 τὸν
1176 1821 1555 1891 καλοκάγαθον
1604 1827 1805 1895 τρόπον

225 1903 319 1955 τοῦ
344 1906 488 1969 νέου,
514 1910 722 1979 τρυφὴν
755 1911 1101 1975 ὑποτιθέντες
1132 1916 1227 1968 καὶ
1261 1916 1561 1969 ἀκόλαστον
1591 1918 1803 1989 ἡδονὴν.
1838 1901 1883 1959 Β

223 1999 584 2070 διεγεέῳντές
620 2020 676 2055 τε
724 2006 864 2074 πρὸς
915 2006 1237 2071 ἀλλοκότους
1270 2009 1565 2079 ἐπιθυμίας
1617 2013 1809 2065 τούτου

225 2093 325 2161 τὴν
366 2091 565 2163 ὄρεξιν.
586 2095 866 2150 Ἐντεῦθεν
891 2098 1040 2169 παρὰ
1066 2099 1157 2152 τὸν
1182 2100 1369 2170 καιρὸν
1393 2102 1499 2152 τῶν
1522 2104 1809 2172 νηστειῶν,

222 2184 292 2247 ἃς
324 2186 457 2255 πρὸς
483 2188 752 2260 κάθαρσιν
782 2192 967 2262 ψυχῶν
996 2196 1093 2247 καὶ
1124 2196 1389 2265 ποδηγίαν
1422 2196 1531 2249 τῶν
1559 2197 1811 2265 κρειττό-

222 2297 335 2332 νων
391 2282 609 2353 ἐξεῦρον
658 2284 851 2355 ἄνδρες
906 2287 1351 2358 θεοφορούμενοι,
1407 2290 1809 2359 παρειληφότες

223 2372 319 2425 τὸν
365 2372 641 2441 Ῥωμανὸν
683 2379 732 2428 οἱ
758 2378 936 2447 λοιμοὶ
968 2380 1103 2449 (75),
1141 2381 1233 2432 ἐπὶ
1269 2380 1493 2451 οηρείαν
1521 2382 1563 2411 ⁶¹
1594 2382 1809 2451 ἐλάφων

226 2467 427 2533 ἶενται,
458 2469 516 2520 ὲν
538 2469 825 2533 δυσϐάτοις
866 2470 1185 2534 ἐλαύνοντες
1232 2474 1435 2543 ὄρεσιν.
1484 2472 1722 2526 Ἐκεῖθεν
1748 2492 1807 2526 τε

224 2560 623 2625 ἀναζεύξαντες
656 2563 746 2614 τὸν
789 2564 1168 2635 αὐτοκράτορα
1213 2564 1606 2634 συγκομίζουσι
1650 2582 1808 2637 περι-

224 2658 571 2726 ημεκτέοντα
604 2661 794 2711 καὶτὰ
850 2660 1175 2713 ἐπιθανὰτια
1218 2660 1470 2712 πνέοντα.
1500 2658 1609 2712 Καί
1663 2677 1809 2722 τινες

232 2754 335 2823 μὲν
367 2757 432 2805 ὲκ
460 2756 557 2822 τῆς
592 2756 821 2824 ἀκαίρου
857 2756 1024 2823 φασὶν
1059 2756 1325 2818 ἱππασίας
1365 2756 1618 2824 σπασμὸν
1648 2756 1812 2823 ἐγγεη

221 2846 419 2898 νέσθαι
444 2845 619 2916 τούτῳ
647 2848 773 2916 περὶ
796 2848 862 2899 τὰ
895 2847 1105 2916 καίρια.
1151 2847 1239 2909 Ὠς
1269 2846 1324 2899 δὲ
1347 2848 1379 2917 ἡ
1406 2847 1512 2898 τῶν
1548 2845 1809 2899 πλειόνων

226 2938 454 2990 ὑπόνοια
498 2939 633 3007 ἔχει,
670 2938 893 2991 κώνειον
930 2938 1095 2991 αὐτὸν
1148 2940 1463 2991 πεπωκέναι
1516 2938 1653 3008 πρὸς
1704 2937 1804 3007 τῆς

224 3028 693 3097 γυναικωνίτιδος.
723 3018 844 3081 Εἴτε
878 3029 935 3082 δὲ
963 3029 1207 3094 ἐκείνως,
1232 3032 1343 3081 εἴτε
1369 3028 1461 3082 καὶ
1482 3028 1653 3091 οὕτως
1673 3029 1807 3098 (74),

222 3120 451 3189 ἀμείϐει
488 3121 579 3174 τὸν
629 3121 741 3191 βίον
772 3124 797 3173 ὁ
836 3123 1114 3191 Ῥωμανὸς
1140 3123 1238 3191 τὴν
1269 3121 1366 3189 τῆς
1395 3121 1612 3190 ἡλικίας
1647 3118 1808 3173 ἐλαύ-

1993 908 2060 963 10
2120 907 2238 963 Jam
2275 923 2405 964 vero
2438 924 2559 963 cum
2612 911 2721 964 dux
2770 911 2824 965 in
2875 914 3056 967 medio
3092 913 3285 969 itinere
3335 926 3504 981 esset,

1919 1001 2062 1054 fama
2112 1001 2357 1071 quaedam
2428 1004 2690 1071 pervasit,
2742 1002 3049 1059 Romanum
3114 1006 3498 1075 imperatorem

1920 1096 2178 1149 humanis
2233 1095 2559 1149 exceSsisse.
2603 1095 2724 1160 Quo
2760 1096 2848 1150 ille
2878 1097 3254 1167 inexspectato
3283 1116 3505 1156 rumore

1920 1187 2244 1255 perterritus
2276 1187 2381 1240 iter
2434 1186 2709 1253 inhibuit;
2752 1188 3053 1258 eodemque
3108 1193 3161 1244 in
3194 1191 3316 1247 loco
3366 1193 3504 1248 sub-

1920 1278 2079 1331 stitit.
2124 1280 2193 1331 At
2243 1278 2543 1346 imperator
2607 1278 2890 1333 Romanus
2926 1280 3073 1335 hunc
3103 1281 3157 1334 in
3192 1284 3415 1338 modum
3472 1299 3504 1340 ο

1920 1372 2025 1424 vita
2057 1370 2367 1432 excessisse,
2416 1371 2637 1424 dicitur.
2684 1372 2729 1425 A
2787 1372 3056 1442 principio
3115 1374 3325 1443 imperii
3374 1392 3501 1431 cum

1922 1464 2123 1517 bonum
2163 1478 2226 1517 ac
2268 1463 2612 1517 moderatum
2647 1478 2766 1517 sese
2794 1473 2847 1518 et
2887 1466 3192 1519 beneﬁcum
3230 1469 3283 1521 in
3315 1469 3501 1522 subdi-

1920 1566 2001 1610 tos
2048 1555 2388 1625 praebuisset,
2448 1563 2633 1622 pastca
2698 1568 3046 1624 surrepentes
3102 1561 3350 1614 nonnulli
3410 1576 3503 1615 ca-

1918 1659 2245 1719 ptantcsque
2283 1648 2585 1707 hominem.
2639 1649 2872 1718 improbi
2921 1651 2996 1703 illi
3022 1652 3264 1720 quidem,
3323 1654 3499 1707 ventri

1915 1756 1970 1801 et
2020 1747 2084 1800 iis
2136 1762 2257 1815 quae
2314 1747 2416 1800 sub
2491 1756 2675 1801 ventre
2740 1756 2870 1802 sunt
2956 1746 3351 1810 insanientes,
3404 1747 3504 1802 bo-

1915 1853 2041 1890 nam
2119 1838 2481 1893 adolescentis
2539 1839 2775 1893 indolem
2834 1840 3304 1909 depraVaverunt;
3353 1841 3501 1911 quod

1913 1927 1980 1981 ad
2070 1927 2262 1981 luxum
2332 1944 2456 1981 cum
2546 1929 3070 1997 immoderatamque
3160 1931 3498 1999 voluptatem

1913 2029 2277 2083 revocarent,
2350 2020 2419 2073 ad
2496 2020 2774 2088 mirasque
2857 2020 3116 2073 libidines
3193 2022 3502 2075 excitarent

1912 2114 2267 2166 voluntatem.
2321 2110 2559 2166 Proinde
2622 2120 2866 2179 tempore
2933 2110 3299 2179 jejuniorum,
3377 2126 3501 2181 qua:

1913 2204 1979 2257 ad
2032 2203 2345 2272 purgandos
2393 2203 2795 2273 rapiendosque
2853 2204 3088 2259 sublime
3134 2206 3347 2257 animos
3397 2203 3497 2257 viri

1913 2296 2098 2350 divino
2159 2295 2363 2364 Spiritu
2420 2295 2563 2364 pleni
2620 2296 2998 2360 instituerunt,
3054 2293 3361 2349 Romanum
3400 2310 3500 2348 na-

1912 2396 2010 2439 ctm
2062 2387 2162 2439 illae
2231 2396 2412 2455 pestes
2474 2400 2665 2440 cervos
2695 2395 2948 2440 venatum
2994 2396 3144 2449 eunt,
3178 2401 3273 2454 per
3341 2402 3498 2442 mou-

1914 2488 1993 2530 tes
2048 2477 2339 2545 impeditos
2367 2492 2540 2546 equos
2571 2478 2864 2546 agitantes.
2905 2478 3033 2531 lnde
3063 2479 3267 2532 reversi
3328 2477 3501 2547 impe-

1913 2581 2150 2623 ratorem
2215 2573 2454 2641 graviter
2499 2571 2839 2625 laborantem
2867 2571 2970 2641 31
3001 2571 3227 2640 jamque
3255 2571 3494 2623 animam

1912 2668 2161 2731 agentem
2222 2676 2411 2715 secum
2468 2663 2736 2716 referunt.
2770 2662 2911 2715 Sunt
2962 2662 3057 2732 qui
3113 2662 3495 2723 alﬁrment,ex

1911 2753 2245 2819 equitatione
2303 2754 2687 2821 intempeSIiva
2739 2754 3126 2808 convulsiones
3174 2754 3223 2808 ei
3282 2755 3493 2810 circum

1914 2842 2095 2894 vitalia
2114 2843 2399 2897 accidisse.
2418 2843 2812 2912 Plerommqne
2837 2845 3074 2913 suspicio
3099 2853 3202 2909 est,
3227 2858 3494 2899 venenum

1912 2932 1959 2986 ei
1996 2948 2115 2988 esse
2167 2934 2233 2988 de
2266 2936 2509 3005 gyntecio
2562 2935 2769 2989 datum.
2801 2936 2930 3000 Sed,
2973 2938 3088 2989 sive
3131 2938 3211 2990 sic
3251 2947 3353 3002 est,
3379 2939 3497 2992 sive

1914 3026 2006 3081 illo
2049 3030 2232 3090 modo,
2277 3027 2556 3082 Romanus
2608 3040 2766 3082 aetate
2818 3029 3019 3083 ﬂorens
3078 3030 3303 3095 interiit,
3346 3038 3495 3097 post-

1913 3134 2074 3187 quam
2109 3119 2473 3188 principatum
2535 3121 2851 3174 obtinuerat
2901 3136 3075 3175 annos
3132 3130 3242 3174 tres
3278 3136 3495 3175 menses

226 3229 336 3264 νων
370 3213 575 3282 ἀκμὴν,
609 3214 755 3283 τρεῖς
811 3212 1094 3274 ἐνιαυτοὺς
1145 3211 1281 3282 πρὸς
1328 3213 1489 3263 πέντε
1527 3210 1683 3281 μησὶ,
1709 3212 1806 3281 τὴν

1915 3210 2172 3278 quinque.
2228 3210 2345 3275 Quo
2395 3212 2503 3265 vita
2570 3212 2777 3276 functo,
2827 3212 2923 3266 ﬁlii
2984 3214 3104 3282 ejus
3156 3213 3392 3269 Basilius
3442 3223 3496 3269 et

228 3303 860 3373 αὖτοκράτοραδιιθύνας
889 3305 1083 3373 ἀρχήν.
1103 3304 1305 3356 Τούτου
1334 3304 1387 3355 δὲ
1412 3304 1472 3367 ἐξ
1501 3302 1805 3374 ἀνθρώπων

229 3395 541 3462 γεγονότος,
588 3396 687 3465 τὴν
733 3394 831 3463 τῆς
884 3394 1162 3463 βασιλείας
1216 3394 1392 3465 ἀρχὴν
1445 3394 1598 3464 παρά
1630 3411 1688 3445 τε
1716 3391 1810 3445 τοῦ

230 3488 698 3558 πατριαρχοῦντος
732 3487 1071 3539 Πολυεύκτου
1100 3488 1193 3539 καὶ
1225 3491 1325 3557 τῆς
1358 3486 1661 3556 συγκλήτου
1688 3486 1812 3556 βου-

226 3578 332 3649 λῆς
362 3582 413 3633 οἱ
449 3580 662 3633 ἐκείνου
714 3581 904 3643 παῖδες
940 3579 1219 3642 Βασίλειος
1255 3580 1349 3631 καὶ⁵
1380 3579 1813 3641 Κωνσταντῖνος,

224 3673 417 3744 νήπιοι
452 3672 648 3744 κομιδῇ
679 3672 956 3737 τελοῦντες
985 3672 1100 3744 (75)
1128 3672 1220 3726 καὶ
1239 3672 1641 3743 τιθηνούμενοι,
1676 3670 1816 3740 μετὰ

1910 3299 2323 3365 Constantinus,
2363 3303 2599 3357 infantes
2624 3304 2919 3357 admodum
2981 3315 3034 3358 et
3067 3306 3207 3359 inter
3250 3308 3494 3361 nutrices

1910 3402 2328 3454 versantes,uua
2379 3409 2501 3447 cum
2534 3404 2706 3448 matre
2751 3393 3085 3464 Theophano
3121 3395 3414 3466 imperium
3462 3412 3494 3451 a

1915 3482 2210 3553 Polyeurto
2277 3486 2587 3555 patriarcha
2649 3494 2814 3554 atque
2868 3488 3115 3556 patribus
3168 3489 3495 3559 conscriptis

1915 3575 2177 3629 traditum
2212 3579 2515 3646 accipiunt.
2558 3578 2684 3633 Hth
2716 3578 3073 3649 Theophano,
3106 3582 3343 3637 obscuro
3371 3584 3493 3638 loco

1917 3677 2065 3731 nata,
2096 3670 2508 3739 pulchritudine
2536 3687 2665 3726 vero
2708 3674 3070 3743 corporisque
3100 3674 3365 3744 elegantia
3409 3675 3494 3729 in-

1446 3859 1509 3915 C.
1546 3858 1611 3913 Β.
1647 3856 1831 3912 HASII
1855 3854 2414 3913 ANNOTATIONES.

302 4051 353 4083 ³³
383 4034 687 4124 ἀθροίσασα
715 4049 839 4105 cod.
914 4050 960 4082 "
986 4046 1120 4122 ἔθει]
1156 4047 1251 4119 ἔϐη
1270 4036 1390 4105 cod.
1430 4055 1485 4103 et
1518 4046 1679 4118 paulo
1707 4060 1805 4116 pos

1915 4043 2189 4114 ιψάμενος.
2266 4043 2311 4076 ⁸⁸
2340 4041 2490 4097 Fort.
2524 4040 2811 4113 ὑπέμεινε.
2886 4043 2928 4075 ⁸⁸
2963 4041 3209 4115 θηρείαν.
3250 4041 3341 4097 Sic
3370 4039 3491 4097 cod.

229 4227 473 4304 Historia
501 4227 911 4304 Sharacenaedit
924 4229 1096 4304 Erpen
1122 4227 1255 4304 223.
1276 4226 1339 4304 C._
1370 4223 1809 4304 Abulpharagius

228 4299 492 4354 Chronic.
522 4299 643 4367 Syr.
669 4300 705 4353 Ι.
728 4298 851 4353 195.
872 4298 934 4352 C.
954 4295 1008 4352 et
1028 4299 1293 4353 Abulleda
1316 4297 1511 4353 Annal.
1536 4295 1809 4367 Moslcmi-

228 4370 311 4424 cis
337 4369 472 4423 edit.
504 4364 690 4421 Adler.
738 4368 803 4422 ll.
854 4368 979 4423 476.
1008 4371 1071 4422 A.
1127 4369 1419 4427 Delemittn,
1459 4380 1690 4435 quorum
1753 4364 1812 4417 lit

226 4440 441 4493 mentio
455 4454 617 4506 supra
633 4439 757 4492 203.
787 4438 843 4492 C.
880 4449 1150 4505 suntgens
1172 4440 1222 4491 in
1247 4437 1465 4493 Parthia
1488 4438 1631 4489 circa
1664 4449 1811 4487 mare

230 4508 513 4578 Caspium,
556 4510 608 4561 in
656 4510 784 4578 jngo
844 4519 1106 4561 montium
1136 4525 1245 4575 quo
1304 4523 1462 4578 nunc,
1501 4506 1695 4578 G_hil.tn
1758 4514 1813 4578 et

1918 4224 2221 4278 Gindarum
2242 4226 2323 4279 vel
2345 4225 2678 4294 Gephyram.
2712 4227 2965 4281 Narratio
2988 4225 3273 4295 scriptoris
3314 4225 3493 4280 nostri

1918 4295 2133 4364 egregie
2156 4296 2411 4349 convenit
2439 4312 2562 4349 cum
2587 4296 2870 4351 Elmacino
2894 4296 3112 4350 225.0.
3139 4295 3232 4364 qui
3272 4297 3492 4359 scribit,

1918 4364 2356 4424 Chambdanum.
2430 4366 2531 4420 hoc
2588 4378 2671 4421 est
2727 4366 3153 4429 Seifeddaulatn,
3222 4364 3491 4419 Hamdani

1922 4443 2201 4502 nepotem,
2229 4436 2400 4503 copiis
2430 4437 2698 4504 bipartitis
2745 4436 3002 4504 majorem
3036 4447 3241 4504 partem
3287 4435 3493 4503 Nagjao

1920 4505 2095 4577 legato
2136 4520 2235 4558 suo
2270 4507 2615 4577 commisisse
2653 4524 2665 4559 :
2716 4508 2892 4574 ipsum
2950 4523 3072 4559 cum
3100 4522 3292 4577 exrgua
3326 4521 3491 4558 manu

230 4574 618 4632 Maienderam
657 4574 743 4631 ἐ’
785 4580 1048 4632 rovinciis
1100 4574 1321 4645 Algehal
1352 4585 1405 4631 et
1452 4576 1573 4629 lrak
1630 4574 1805 4641 Ajami
1844 4599 1885 4653 ι)
1920 4574 2057 4643 (haec
2116 4586 2199 4627 est
2259 4576 2427 4628 nostri
2489 4576 2771 4643 scriptoris
2834 4579 3036 4631 cohors
3097 4576 3163 4629 ad
3196 4574 3487 4655 's-rperius

231 4649 709 4699 disterminantur.
740 4595 1047 4699 Bilimnitas
1098 4646 1456 4699 [Διλιιινίταεῖ
1503 4652 1809 4697 memorant
1918 4646 2113 4697 vadum
2151 4644 2393 4699 ﬂuminis
2436 4647 2753 4699 considensl
2788 4647 3138 4699 remansisse.
3194 4662 3355 4699 uuam
3397 4643 3487 4697 Νι-

231 4649 709 4719 disterminantur.
740 4646 1456 4719 Dilimnitas_[Atltpvtncj
1503 4652 1809 4719 memorant

227 4718 345 4786 jam
389 4720 650 4788 Agatltias
688 4718 775 4771 93.
806 4717 865 4771 D.
928 4730 980 4771 et
1040 4714 1806 4788 TlieOpliylactu'sSiniocatt.

229 4788 403 4843 (3.96.
436 4787 741 4842 Militahant
766 4799 895 4841 tunc
921 4804 1043 4841 cum
1079 4787 1542 4842 Curdis’ﬁnitimis
1578 4787 1631 4839 in
1650 4798 1807 4837 exer-

231 4860 437 4912 citibus
461 4861 726 4912 Arabum.
751 4858 1089 4911 Theodosius
1129 4860 1396 4912 diaconus
1430 4855 1507 4910 De
1533 4868 1812 4925 expugna-

232 4928 384 4984 tione
412 4928 595 4982 Cretae
617 4929 845 4983 Acroas.
891 4929 949 4980 ν.
985 4927 1057 4979 22
1088 4943 1101 4978 :

587 5046 658 5059 -—
677 5018 845 5081 πλὴν
865 5018 934 5070 ἐν
961 5017 1122 5085 τάχει

234 5088 362 5145 Τῶν
400 5087 731 5157 Δελεμιτῶν
756 5088 1085 5152 βελεόιτῶν
1116 5090 1257 5152 τοὺς
1286 5088 1510 5151 τόπους

228 5160 437 5213 Πείσει
470 5158 787 5229 καλεῖσθαι
807 5158 925 5212 σόν
948 5159 1156 5224 βέλος,
1190 5158 1703 5226 σκηπτροκρὰτορ.

230 5274 479 5329 Tametsi
511 5274 583 5328 ibi
616 5272 891 5342 Fogginus
915 5274 1041 5327 589.
1078 5272 1137 5325 Ι).
1172 5274 1477 5343 Δελεμιτῶν
1502 5289 1606 5327 non
1639 5273 1813 5344 gentis

233 5360 457 5409 nomen,
531 5346 625 5398 sed
694 5344 1018 5411 generaliter
1095 5345 1333 5397 omnium
1412 5344 1811 5398 Saracenorum

232 5427 665 5486 cognomentum
719 5428 842 5468 esse
890 5423 1057 5486 putet.
1120 5413 1375 5486 Fluvius,
1426 5430 1590 5483 prope
1623 5430 1811 5486 “quem

234 5484 535 5554 pugnatum
592 5486 718 5545 fuit,
764 5492 847 5537 est
918 5484 1148 5539 fortasse
1193 5485 1543 5554 antiquorum
1610 5484 1814 5537 Chalus

232 5553 509 5609 Arabibus
544 5554 760 5608 Kowailt
807 5570 901 5607 seu
942 5554 1091 5615 Caic,
1148 5571 1335 5623 agrum
1393 5553 1811 5615 Berrhmgnsem

234 5628 424 5693 rigans
479 5628 710 5687 rivulus,
762 5625 831 5678 de
876 5640 984 5689 quo
1039 5625 1300 5693 Excerpta
1356 5623 1447 5678 lhn
1504 5626 1566 5678 Ol
1604 5624 1809 5689 Wardi,

233 5700 373 5750 Cale.
432 5695 603 5765 Syria:
651 5695 853 5750 Albull.
887 5696 973 5749 ed.
1008 5696 1195 5749 Koehl.
1255 5696 1377 5751 190.
1414 5696 1478 5750 Α.
1534 5709 1627 5750 aut
1671 5710 1814 5749 unus

233 5784 263 5817 e
309 5768 666 5830 terrentibus,
716 5770 808 5835 qui
854 5781 917 5819 ex
964 5766 1173 5819 Amano
1213 5777 1493 5821 manantes
1541 5768 1592 5820 in
1638 5771 1811 5820 lacum

234 5838 664 5892 Antiochensem
727 5845 1113 5902 trauseunt,ut
1164 5835 1422 5903 Ufrenus,
1488 5838 1692 5908 aliique
1746 5836 1814 5891 ad

1918 4646 2113 4697 vadum
2151 4644 2393 4699 ﬂuminis
2436 4647 2753 4715 considens)
2788 4647 3138 4708 remansisse,
3194 4643 3355 4714 quain
3397 4643 3492 4697 Ni-

1911 4715 2184 4837 (ciephorus
2213 4716 2385 4768 solam
2426 4726 2639 4780 nactus,
2666 4718 3028 4786 impressione
3069 4718 3209 4770 facta
3269 4715 3488 4788 penitus

1948 4799 1973 4837 e
2000 4794 2125 4837 cVIt.

1948 4794 2125 4837 elcV'It.

1986 4855 2097 4920 (72)
2133 4854 2277 4909 Obiit
2324 4854 2605 4909 Romanus
2635 4854 2829 4910 Junior
2877 4856 3010 4919 Imp.
3045 4858 3134 4911 die
3191 4858 3271 4913 l6.
3307 4855 3488 4915 Martii

1914 4938 1964 4977 a.
1995 4924 2121 4994 79765.
2153 4925 2563 4994 demonstrante
2588 4926 2750 4994 Pagio
2770 4928 2949 4979 Critic.
2970 4929 3031 4978 ad
3066 4928 3189 4981 Bar.
3220 4929 3304 4983 IV.
3338 4932 3387 4985 5.
3416 4933 3481 4985 A.

1912 5004 1965 5048 et
1992 4993 2138 5069 Krug
2159 4993 2807 5069 (Cltron.»der_48yz.75‘26.
2842 4997 2901 5051 Β.
2929 4996 3283 5065 Νἱοριιιιοτυε,
3316 5003 3487 5067 Cplim

1916 5067 2337 5137 reduxmmense
2378 5067 2547 5134 Aprili
2580 5067 2867 5134 '(Cedren.
2922 5070 2986 5120 ΙΙ.
3041 5070 3161 5125 615.
3225 5072 3345 5137 1).),
3400 5074 3489 5127 die

1914 5135 1965 5187 9.
2014 5131 2142 5186 Julii
2182 5136 2234 5186 in
2274 5131 2466 5203 campo
2507 5131 2630 5190 ante
2662 5137 2965 5192 Ctesaream
2996 5140 3062 5192 ab
3095 5131 3343 5193 exercitu
3388 5143 3491 5195 im-

1915 5214 2133 5281 perator
2173 5210 2684 5281 _rcnuutiatns__est_
2728 5210 3068 5276 (Constant.
3147 5210 3486 5281 Porphyrog.

1915 5275 2131 5346 t'laarim.
2172 5274 2392 5345 Byzant.
2430 5277 2468 5327 Ι.
2497 5276 2622 5330 251.
2656 5274 2743 5345 D.)
2776 5296 2786 5329 :
2825 5282 2895 5330 ita
2936 5296 3056 5346 quae
3113 5274 3404 5333 narrantur
3433 5274 3486 5336 va

1914 5342 2094 5421 Legite
2121 5342 2240 5421 cap.
2268 5363 2345 5421 xi.
2378 5356 2431 5400 et
2470 5362 2565 5421 xit.
2596 5342 2757 5421 hujus
2783 5349 2926 5411 libri,
2954 5342 3188 5403 'necessc
3214 5362 3298 5405 est
3317 5353 3488 5421 Aprili

1914 5423 1967 5467 et
1996 5412 2135 5468 Maio
2162 5412 2404 5484 ejusdem
2429 5418 2554 5468 anni
2584 5412 2708 5472 963.
2739 5421 3022 5473 actidissc.

1988 5484 2101 5559 (75)
2146 5484 2270 5539 Inde
2300 5486 2542 5559 Zonaras
2597 5488 2660 5540 ll.
2698 5490 2819 5542 196.
2859 5490 2915 5539 D.
2961 5490 3104 5559 quod
3154 5491 3248 5552 ait,
3288 5492 3489 5545 Roma-

1916 5558 2360 5631 nunt_j_unioretn
2416 5572 2474 5611 se
2513 5557 2750 5619 dedisse.
2785 5557 3013 5630 ἀνδράσι
3070 5559 3486 5631 διεφθαρμένοις

1915 5641 1973 5676 τε
1998 5627 2090 5679 καὶ
2110 5628 2333 5695 λοιμοῖς.

1989 5696 2102 5765 (74)
2128 5696 2491 5776 'l‘rausposnit
2524 5699 2637 5754 lucc
2667 5699 2909 5770 Agathine
2941 5700 3027 5757 69.
3053 5701 3112 5757 Β.
3142 5702 3266 5757 Εἴτε
3303 5703 3367 5776 δὴ
3395 5700 3488 5761 οὖν

1916 5766 2109 5833 οὕτως,
2139 5770 2245 5821 εἴτε
2284 5771 2525 5832 ἐκείνως.

1993 5838 2103 5910 (75)
2141 5838 2341 5896 Confer
2374 5841 2661 5911 Agathiam
2694 5840 2784 5899 90.
2826 5841 2887 5897 D.
