  <div class='ocr_page' id='page_1' title='image "/cluster/home/n/w/nwhite01/storage/ocr_20150623/117/nnc1.0046980202/382.png"; bbox 0 0 4184 6524; ppageno 0'>
   <div class='ocr_carea' id='block_1_1' title="bbox 192 419 305 481">
    <p class='ocr_par' dir='ltr' id='par_1_1' title="bbox 192 419 305 481">
     <span class='ocr_line' id='line_1_1' title="bbox 192 419 305 481; baseline 0 0"><span class='ocrx_word' id='word_1_1' title='bbox 192 419 305 481; x_wconf 68' lang='grc'><strong>’745</strong></span> 
     </span>
    </p>
   </div>
   <div class='ocr_carea' id='block_1_2' title="bbox 1415 424 2136 486">
    <p class='ocr_par' dir='ltr' id='par_1_2' title="bbox 1415 424 2136 486">
     <span class='ocr_line' id='line_1_2' title="bbox 1415 424 2136 486; baseline 0.006 -4"><span class='ocrx_word' id='word_1_2' title='bbox 1415 424 1803 483; x_wconf 68' lang='grc' dir='ltr'><strong>ΙΙΙΞΤΟΗΗΕ</strong></span> <span class='ocrx_word' id='word_1_3' title='bbox 1849 426 1991 484; x_wconf 84' lang='lat' dir='ltr'><strong>LIB.</strong></span> <span class='ocrx_word' id='word_1_4' title='bbox 2037 427 2136 486; x_wconf 86' lang='lat' dir='ltr'><strong>IV.</strong></span> 
     </span>
    </p>
   </div>
   <div class='ocr_carea' id='block_1_3' title="bbox 3361 429 3465 490">
    <p class='ocr_par' dir='ltr' id='par_1_3' title="bbox 3361 429 3465 490">
     <span class='ocr_line' id='line_1_3' title="bbox 3361 429 3465 490; baseline 0 0"><span class='ocrx_word' id='word_1_5' title='bbox 3361 429 3465 490; x_wconf 72' lang='lat'><strong>746</strong></span> 
     </span>
    </p>
   </div>
   <div class='ocr_carea' id='block_1_4' title="bbox 194 527 1767 606">
    <p class='ocr_par' dir='ltr' id='par_1_4' title="bbox 194 527 1767 603">
     <span class='ocr_line' id='line_1_4' title="bbox 194 527 1767 603; baseline 0.003 -22"><span class='ocrx_word' id='word_1_6' title='bbox 194 527 395 599; x_wconf 79' lang='grc' dir='ltr'>δρομὴ,</span> <span class='ocrx_word' id='word_1_7' title='bbox 435 528 541 582; x_wconf 85' lang='grc' dir='ltr'>τίνι</span> <span class='ocrx_word' id='word_1_8' title='bbox 567 527 632 582; x_wconf 79' lang='grc' dir='ltr'>ἃν</span> <span class='ocrx_word' id='word_1_9' title='bbox 664 529 817 599; x_wconf 71' lang='grc' dir='ltr'>ἕρκει</span> <span class='ocrx_word' id='word_1_10' title='bbox 850 530 984 603; x_wconf 75' lang='grc' dir='ltr'>πρὸς</span> <span class='ocrx_word' id='word_1_11' title='bbox 1044 531 1364 602; x_wconf 78' lang='grc' dir='ltr'>ἀποτροπὴν</span> <span class='ocrx_word' id='word_1_12' title='bbox 1400 533 1619 603; x_wconf 81' lang='grc' dir='ltr'>ἐχρήσω</span> <span class='ocrx_word' id='word_1_13' title='bbox 1673 533 1767 586; x_wconf 60' lang='grc' dir='ltr'><strong>τῶκ</strong></span> 
     </span>
    </p>
   </div>
   <div class='ocr_carea' id='block_1_5' title="bbox 1873 527 3465 606">
    <p class='ocr_par' dir='ltr' id='par_1_5' title="bbox 1881 537 3465 606">
     <span class='ocr_line' id='line_1_5' title="bbox 1881 537 3465 606; baseline 0.003 -16"><span class='ocrx_word' id='word_1_14' title='bbox 1881 539 2059 590; x_wconf 78' lang='lat' dir='ltr'><strong>stabat</strong></span> <span class='ocrx_word' id='word_1_15' title='bbox 2112 544 2361 605; x_wconf 82' lang='lat' dir='ltr'><strong>stupens.</strong></span> <span class='ocrx_word' id='word_1_16' title='bbox 2392 538 2461 589; x_wconf 79' lang='lat' dir='ltr'><strong>At</strong></span> <span class='ocrx_word' id='word_1_17' title='bbox 2514 538 2812 606; x_wconf 75' lang='lat' dir='ltr'><strong>imperator</strong></span> <span class='ocrx_word' id='word_1_18' title='bbox 2870 537 3176 593; x_wconf 84' lang='lat' dir='ltr'><strong>centurioni</strong></span> <span class='ocrx_word' id='word_1_19' title='bbox 3222 541 3465 601; x_wconf 78' lang='lat' dir='ltr'><strong>mandat.</strong></span> 
     </span>
    </p>
   </div>
   <div class='ocr_carea' id='block_1_6' title="bbox 192 618 1779 695">
    <p class='ocr_par' dir='ltr' id='par_1_6' title="bbox 192 618 1779 695">
     <span class='ocr_line' id='line_1_6' title="bbox 192 618 1779 695; baseline 0.004 -24"><span class='ocrx_word' id='word_1_20' title='bbox 192 619 505 689; x_wconf 81' lang='grc' dir='ltr'><strong>δυσμενῶν,</strong></span> <span class='ocrx_word' id='word_1_21' title='bbox 538 618 628 672; x_wconf 75' lang='grc' dir='ltr'><strong>τὸν</strong></span> <span class='ocrx_word' id='word_1_22' title='bbox 664 620 859 689; x_wconf 75' lang='grc' dir='ltr'>θυρεὸν</span> <span class='ocrx_word' id='word_1_23' title='bbox 894 621 1188 676; x_wconf 71' lang='grc' dir='ltr'>ἀποϐαλὼν</span> <span class='ocrx_word' id='word_1_24' title='bbox 1223 623 1379 692; x_wconf 84' lang='grc' dir='ltr'><strong>παρά</strong></span> <span class='ocrx_word' id='word_1_25' title='bbox 1407 624 1505 694; x_wconf 83' lang='grc' dir='ltr'><strong>τὴν</strong></span> <span class='ocrx_word' id='word_1_26' title='bbox 1538 626 1779 695; x_wconf 85' lang='grc' dir='ltr'>ἀταρπι-</span> 
     </span>
    </p>
   </div>
   <div class='ocr_carea' id='block_1_7' title="bbox 194 712 1781 786">
    <p class='ocr_par' dir='ltr' id='par_1_7' title="bbox 194 712 1781 786">
     <span class='ocr_line' id='line_1_7' title="bbox 194 712 1781 786; baseline 0.004 -23"><span class='ocrx_word' id='word_1_27' title='bbox 194 712 289 765; x_wconf 80' lang='grc' dir='ltr'><strong>τόν</strong></span> <span class='ocrx_word' id='word_1_28' title='bbox 312 731 327 779; x_wconf 85' lang='grc'><strong>;</strong></span> <span class='ocrx_word' id='word_1_29' title='bbox 368 732 388 763; x_wconf 68' lang='grc' dir='ltr'><strong>ι</strong></span> <span class='ocrx_word' id='word_1_30' title='bbox 428 712 487 765; x_wconf 82' lang='lat'><strong>&#39;0</strong></span> <span class='ocrx_word' id='word_1_31' title='bbox 511 712 587 775; x_wconf 78' lang='grc' dir='ltr'>δὲ,</span> <span class='ocrx_word' id='word_1_32' title='bbox 622 713 887 783; x_wconf 81' lang='grc' dir='ltr'>πεπηγὼς</span> <span class='ocrx_word' id='word_1_33' title='bbox 932 715 1036 767; x_wconf 80' lang='grc' dir='ltr'><strong>ὑπὸ</strong></span> <span class='ocrx_word' id='word_1_34' title='bbox 1062 714 1154 780; x_wconf 74' lang='grc' dir='ltr'>τοῦ</span> <span class='ocrx_word' id='word_1_35' title='bbox 1181 716 1353 778; x_wconf 84' lang='grc' dir='ltr'>δέους.</span> <span class='ocrx_word' id='word_1_36' title='bbox 1372 716 1619 784; x_wconf 85' lang='grc' dir='ltr'><strong>διέμενεν</strong></span> <span class='ocrx_word' id='word_1_37' title='bbox 1645 721 1781 786; x_wconf 84' lang='grc' dir='ltr'>ἀχα-</span> 
     </span>
    </p>
   </div>
   <div class='ocr_carea' id='block_1_8' title="bbox 192 804 1779 873">
    <p class='ocr_par' dir='ltr' id='par_1_8' title="bbox 192 804 1779 873">
     <span class='ocr_line' id='line_1_8' title="bbox 192 804 1779 873; baseline 0.004 -17"><span class='ocrx_word' id='word_1_38' title='bbox 192 805 317 873; x_wconf 80' lang='grc' dir='ltr'>νής.</span> <span class='ocrx_word' id='word_1_39' title='bbox 353 804 413 855; x_wconf 91' lang='grc' dir='ltr'><strong>Ὀ</strong></span> <span class='ocrx_word' id='word_1_40' title='bbox 437 804 493 857; x_wconf 87' lang='grc' dir='ltr'>δὲ</span> <span class='ocrx_word' id='word_1_41' title='bbox 515 804 871 873; x_wconf 70' lang='grc' dir='ltr'>αὐτοκράτωρ</span> <span class='ocrx_word' id='word_1_42' title='bbox 900 806 1107 869; x_wconf 79' lang='grc' dir='ltr'><strong>αἰκίαις</strong></span> <span class='ocrx_word' id='word_1_43' title='bbox 1143 806 1449 871; x_wconf 81' lang='grc' dir='ltr'>καταξᾶναι</span> <span class='ocrx_word' id='word_1_44' title='bbox 1493 808 1585 861; x_wconf 86' lang='grc' dir='ltr'><strong>τὸν</strong></span> <span class='ocrx_word' id='word_1_45' title='bbox 1619 812 1779 862; x_wconf 85' lang='grc' dir='ltr'>αὐτο-</span> 
     </span>
    </p>
   </div>
   <div class='ocr_carea' id='block_1_9' title="bbox 196 897 1780 975">
    <p class='ocr_par' dir='ltr' id='par_1_9' title="bbox 196 897 1780 975">
     <span class='ocr_line' id='line_1_9' title="bbox 196 897 1780 975; baseline 0.006 -27"><span class='ocrx_word' id='word_1_46' title='bbox 196 897 468 967; x_wconf 69' lang='grc' dir='ltr'>φονευτὴν</span> <span class='ocrx_word' id='word_1_47' title='bbox 506 898 625 969; x_wconf 82' lang='grc'>(57)</span> <span class='ocrx_word' id='word_1_48' title='bbox 687 901 882 955; x_wconf 84' lang='grc' dir='ltr'>ἐαυτοῦ</span> <span class='ocrx_word' id='word_1_49' title='bbox 920 903 998 972; x_wconf 81' lang='grc' dir='ltr'>τῷ</span> <span class='ocrx_word' id='word_1_50' title='bbox 1030 903 1248 975; x_wconf 84' lang='grc' dir='ltr'>λοχαγῷ</span> <span class='ocrx_word' id='word_1_51' title='bbox 1279 906 1655 973; x_wconf 77' lang='grc' dir='ltr'>ἐγκελεύεται,</span> <span class='ocrx_word' id='word_1_52' title='bbox 1690 910 1780 959; x_wconf 81' lang='grc' dir='ltr'>ἐκ-</span> 
     </span>
    </p>
   </div>
   <div class='ocr_carea' id='block_1_10' title="bbox 192 993 1779 1068">
    <p class='ocr_par' dir='ltr' id='par_1_10' title="bbox 192 993 1779 1068">
     <span class='ocr_line' id='line_1_10' title="bbox 192 993 1779 1068; baseline 0.006 -27"><span class='ocrx_word' id='word_1_53' title='bbox 192 993 421 1059; x_wconf 85' lang='grc' dir='ltr'>τεμόντι</span> <span class='ocrx_word' id='word_1_54' title='bbox 446 1010 506 1044; x_wconf 87' lang='grc' dir='ltr'><strong>τε</strong></span> <span class='ocrx_word' id='word_1_55' title='bbox 545 996 635 1046; x_wconf 76' lang='grc' dir='ltr'>καὶ</span> <span class='ocrx_word' id='word_1_56' title='bbox 671 996 769 1063; x_wconf 68' lang='grc' dir='ltr'><strong>τὴν</strong></span> <span class='ocrx_word' id='word_1_57' title='bbox 818 998 941 1065; x_wconf 75' lang='grc' dir='ltr'>ῥῖνα</span> <span class='ocrx_word' id='word_1_58' title='bbox 973 998 1253 1065; x_wconf 88' lang='grc' dir='ltr'>θεατρίσαι</span> <span class='ocrx_word' id='word_1_59' title='bbox 1304 1002 1442 1050; x_wconf 64' lang='grc' dir='ltr'><strong>κατά</strong></span> <span class='ocrx_word' id='word_1_60' title='bbox 1471 998 1529 1049; x_wconf 82' lang='grc' dir='ltr'><strong>τὸ</strong></span> <span class='ocrx_word' id='word_1_61' title='bbox 1557 999 1779 1068; x_wconf 87' lang='grc' dir='ltr'>στρατό-</span> 
     </span>
    </p>
   </div>
   <div class='ocr_carea' id='block_1_11' title="bbox 193 1084 1778 1160">
    <p class='ocr_par' dir='ltr' id='par_1_11' title="bbox 193 1084 1778 1160">
     <span class='ocr_line' id='line_1_11' title="bbox 193 1084 1778 1160; baseline 0.003 -25"><span class='ocrx_word' id='word_1_62' title='bbox 193 1084 380 1137; x_wconf 82' lang='grc' dir='ltr'>πεδον.</span> <span class='ocrx_word' id='word_1_63' title='bbox 422 1086 657 1149; x_wconf 80' lang='grc' dir='ltr'>Ἐκεῖνος</span> <span class='ocrx_word' id='word_1_64' title='bbox 687 1088 761 1147; x_wconf 85' lang='grc' dir='ltr'>δὲ,</span> <span class='ocrx_word' id='word_1_65' title='bbox 805 1091 915 1140; x_wconf 78' lang='grc' dir='ltr'>εἴτε</span> <span class='ocrx_word' id='word_1_66' title='bbox 948 1092 1113 1158; x_wconf 79' lang='grc' dir='ltr'>οἴκτῳ</span> <span class='ocrx_word' id='word_1_67' title='bbox 1147 1089 1374 1158; x_wconf 60' lang='grc' dir='ltr'>ληφθεὶς</span> <span class='ocrx_word' id='word_1_68' title='bbox 1406 1090 1540 1160; x_wconf 83' lang='grc' dir='ltr'>πρὸς</span> <span class='ocrx_word' id='word_1_69' title='bbox 1566 1091 1655 1141; x_wconf 84' lang='grc' dir='ltr'><strong>τὸν</strong></span> <span class='ocrx_word' id='word_1_70' title='bbox 1682 1091 1778 1143; x_wconf 84' lang='grc' dir='ltr'>ἀν-</span> 
     </span>
    </p>
   </div>
   <div class='ocr_carea' id='block_1_12' title="bbox 194 1178 1777 1251">
    <p class='ocr_par' dir='ltr' id='par_1_12' title="bbox 194 1178 1777 1251">
     <span class='ocr_line' id='line_1_12' title="bbox 194 1178 1777 1251; baseline 0.001 -21"><span class='ocrx_word' id='word_1_71' title='bbox 194 1178 437 1247; x_wconf 66' lang='grc' dir='ltr'>θρωπον,</span> <span class='ocrx_word' id='word_1_72' title='bbox 480 1179 591 1232; x_wconf 75' lang='grc' dir='ltr'>εἴτε</span> <span class='ocrx_word' id='word_1_73' title='bbox 621 1183 711 1234; x_wconf 73' lang='grc' dir='ltr'><strong>καὶ</strong></span> <span class='ocrx_word' id='word_1_74' title='bbox 747 1182 936 1251; x_wconf 85' lang='grc' dir='ltr'><strong>δώρων</strong></span> <span class='ocrx_word' id='word_1_75' title='bbox 988 1179 1211 1250; x_wconf 71' lang='grc' dir='ltr'>ἐπιϐολῇ</span> <span class='ocrx_word' id='word_1_76' title='bbox 1253 1180 1573 1249; x_wconf 72' lang='grc' dir='ltr'><strong>χαυνωθεὶς,</strong></span> <span class='ocrx_word' id='word_1_77' title='bbox 1617 1182 1777 1249; x_wconf 79' lang='grc' dir='ltr'>ἀσινῆ</span> 
     </span>
    </p>
   </div>
   <div class='ocr_carea' id='block_1_13' title="bbox 194 1271 1777 1344">
    <p class='ocr_par' dir='ltr' id='par_1_13' title="bbox 194 1271 1777 1344">
     <span class='ocr_line' id='line_1_13' title="bbox 194 1271 1777 1344; baseline 0 -22"><span class='ocrx_word' id='word_1_78' title='bbox 194 1272 427 1339; x_wconf 64' lang='grc' dir='ltr'>διαφῆκε</span> <span class='ocrx_word' id='word_1_79' title='bbox 462 1271 554 1323; x_wconf 79' lang='grc' dir='ltr'><strong>τὸν</strong></span> <span class='ocrx_word' id='word_1_80' title='bbox 598 1274 789 1343; x_wconf 84' lang='grc' dir='ltr'>ἄνδρα.</span> <span class='ocrx_word' id='word_1_81' title='bbox 835 1274 912 1344; x_wconf 81' lang='grc' dir='ltr'><strong>Τῇ</strong></span> <span class='ocrx_word' id='word_1_82' title='bbox 946 1274 1003 1326; x_wconf 83' lang='grc' dir='ltr'><strong>δέ</strong></span> <span class='ocrx_word' id='word_1_83' title='bbox 1052 1273 1317 1343; x_wconf 81' lang='grc' dir='ltr'>ὑστεραίᾳ</span> <span class='ocrx_word' id='word_1_84' title='bbox 1349 1272 1553 1326; x_wconf 86' lang='grc' dir='ltr'>διιόντα</span> <span class='ocrx_word' id='word_1_85' title='bbox 1588 1273 1777 1325; x_wconf 79' lang='grc' dir='ltr'>τοῦτον</span> 
     </span>
    </p>
   </div>
   <div class='ocr_carea' id='block_1_14' title="bbox 187 1362 1773 1435">
    <p class='ocr_par' dir='ltr' id='par_1_14' title="bbox 187 1362 1773 1435">
     <span class='ocr_line' id='line_1_14' title="bbox 187 1362 1773 1435; baseline 0 -18"><span class='ocrx_word' id='word_1_86' title='bbox 187 1366 219 1417; x_wconf 80' lang='grc' dir='ltr'><strong>ό</strong></span> <span class='ocrx_word' id='word_1_87' title='bbox 238 1363 490 1432; x_wconf 77' lang='grc' dir='ltr'>βασιλεὺς</span> <span class='ocrx_word' id='word_1_88' title='bbox 514 1367 798 1434; x_wconf 76' lang='grc' dir='ltr'>ἑωρακὼς,</span> <span class='ocrx_word' id='word_1_89' title='bbox 817 1367 909 1417; x_wconf 85' lang='grc' dir='ltr'><strong>τὸν</strong></span> <span class='ocrx_word' id='word_1_90' title='bbox 955 1366 1188 1435; x_wconf 78' lang='grc' dir='ltr'>λοχαγὸν</span> <span class='ocrx_word' id='word_1_91' title='bbox 1217 1365 1461 1418; x_wconf 76' lang='grc' dir='ltr'>εἰσκαλεί</span> <span class='ocrx_word' id='word_1_92' title='bbox 1489 1368 1603 1427; x_wconf 74' lang='grc' dir='ltr'>καὶ,</span> <span class='ocrx_word' id='word_1_93' title='bbox 1629 1384 1647 1415; x_wconf 75' lang='grc' dir='ltr'><strong>ι</strong></span> <span class='ocrx_word' id='word_1_94' title='bbox 1685 1362 1773 1430; x_wconf 77' lang='grc' dir='ltr'><strong>Ὠ,</strong></span> 
     </span>
    </p>
   </div>
   <div class='ocr_carea' id='block_1_15' title="bbox 192 1457 1777 1528">
    <p class='ocr_par' dir='ltr' id='par_1_15' title="bbox 192 1457 1777 1528">
     <span class='ocr_line' id='line_1_15' title="bbox 192 1457 1777 1528; baseline 0.001 -21"><span class='ocrx_word' id='word_1_95' title='bbox 192 1459 380 1525; x_wconf 69' lang='grc' dir='ltr'>φησὶν,</span> <span class='ocrx_word' id='word_1_96' title='bbox 439 1457 713 1528; x_wconf 86' lang='grc' dir='ltr'>ἀτέραμνε</span> <span class='ocrx_word' id='word_1_97' title='bbox 768 1459 861 1509; x_wconf 73' lang='grc' dir='ltr'>καὶ</span> <span class='ocrx_word' id='word_1_98' title='bbox 897 1457 1263 1528; x_wconf 80' lang='grc' dir='ltr'>θρασυκάρδιε</span> <span class='ocrx_word' id='word_1_99' title='bbox 1318 1458 1405 1521; x_wconf 76' lang='grc' dir='ltr'>σὺ,</span> <span class='ocrx_word' id='word_1_100' title='bbox 1456 1458 1569 1519; x_wconf 84' lang='grc' dir='ltr'>πῶς</span> <span class='ocrx_word' id='word_1_101' title='bbox 1620 1458 1777 1526; x_wconf 80' lang='grc' dir='ltr'><strong>ἔτλης</strong></span> 
     </span>
    </p>
   </div>
   <div class='ocr_carea' id='block_1_16' title="bbox 194 1546 1775 1623">
    <p class='ocr_par' dir='ltr' id='par_1_16' title="bbox 194 1546 1775 1623">
     <span class='ocr_line' id='line_1_16' title="bbox 194 1546 1775 1623; baseline -0.003 -17"><span class='ocrx_word' id='word_1_102' title='bbox 194 1553 270 1621; x_wconf 85' lang='grc' dir='ltr'>μὴ</span> <span class='ocrx_word' id='word_1_103' title='bbox 304 1555 655 1623; x_wconf 81' lang='grc' dir='ltr'>παραγαγεῖν</span> <span class='ocrx_word' id='word_1_104' title='bbox 709 1552 787 1613; x_wconf 85' lang='grc' dir='ltr'>εἰς</span> <span class='ocrx_word' id='word_1_105' title='bbox 831 1551 995 1620; x_wconf 82' lang='grc' dir='ltr'>ἔργον</span> <span class='ocrx_word' id='word_1_106' title='bbox 1048 1551 1111 1602; x_wconf 81' lang='grc' dir='ltr'><strong>τὸ</strong></span> <span class='ocrx_word' id='word_1_107' title='bbox 1154 1546 1545 1619; x_wconf 78' lang='grc' dir='ltr'>κελευσθέν;ἧ</span> <span class='ocrx_word' id='word_1_108' title='bbox 1601 1551 1775 1612; x_wconf 80' lang='grc' dir='ltr'>δοκεῖς</span> 
     </span>
    </p>
   </div>
   <div class='ocr_carea' id='block_1_17' title="bbox 190 1641 1772 1713">
    <p class='ocr_par' dir='ltr' id='par_1_17' title="bbox 190 1641 1772 1713">
     <span class='ocr_line' id='line_1_17' title="bbox 190 1641 1772 1713; baseline -0.002 -17"><span class='ocrx_word' id='word_1_109' title='bbox 190 1646 379 1698; x_wconf 83' lang='grc' dir='ltr'>πλεῖον</span> <span class='ocrx_word' id='word_1_110' title='bbox 430 1644 564 1713; x_wconf 80' lang='grc' dir='ltr'>ἐμοῦ</span> <span class='ocrx_word' id='word_1_111' title='bbox 598 1643 813 1696; x_wconf 75' lang='grc' dir='ltr'>τουτουῒ</span> <span class='ocrx_word' id='word_1_112' title='bbox 842 1645 888 1674; x_wconf 74' lang='grc'><strong>’³</strong></span> <span class='ocrx_word' id='word_1_113' title='bbox 946 1642 1207 1712; x_wconf 82' lang='grc' dir='ltr'>κήδεσθαί</span> <span class='ocrx_word' id='word_1_114' title='bbox 1243 1660 1323 1694; x_wconf 90' lang='grc' dir='ltr'><strong>σοι</strong></span> <span class='ocrx_word' id='word_1_115' title='bbox 1357 1641 1449 1695; x_wconf 78' lang='grc' dir='ltr'>τοῦ</span> <span class='ocrx_word' id='word_1_116' title='bbox 1504 1642 1772 1711; x_wconf 68' lang='lat' dir='ltr'><strong>utpar-.05;</strong></span> 
     </span>
    </p>
   </div>
   <div class='ocr_carea' id='block_1_18' title="bbox 188 1732 1773 1802">
    <p class='ocr_par' dir='ltr' id='par_1_18' title="bbox 188 1732 1773 1802">
     <span class='ocr_line' id='line_1_18' title="bbox 188 1732 1773 1802; baseline -0.002 -16"><span class='ocrx_word' id='word_1_117' title='bbox 188 1738 271 1797; x_wconf 83' lang='grc' dir='ltr'><strong>είς</strong></span> <span class='ocrx_word' id='word_1_118' title='bbox 306 1735 560 1788; x_wconf 78' lang='grc' dir='ltr'><strong>παιδείαν</strong></span> <span class='ocrx_word' id='word_1_119' title='bbox 592 1733 702 1801; x_wconf 74' lang='grc' dir='ltr'>ἐγὼ</span> <span class='ocrx_word' id='word_1_120' title='bbox 734 1735 844 1786; x_wconf 85' lang='grc' dir='ltr'>τῶν</span> <span class='ocrx_word' id='word_1_121' title='bbox 890 1732 1094 1786; x_wconf 77' lang='grc' dir='ltr'>λοιπῶν</span> <span class='ocrx_word' id='word_1_122' title='bbox 1149 1733 1247 1801; x_wconf 81' lang='grc' dir='ltr'><strong>τὴν</strong></span> <span class='ocrx_word' id='word_1_123' title='bbox 1279 1733 1536 1801; x_wconf 83' lang='grc' dir='ltr'>τοιαύτην</span> <span class='ocrx_word' id='word_1_124' title='bbox 1594 1733 1773 1802; x_wconf 82' lang='grc' dir='ltr'>διωρι-</span> 
     </span>
    </p>
   </div>
   <div class='ocr_carea' id='block_1_19' title="bbox 189 1824 1771 1896">
    <p class='ocr_par' dir='ltr' id='par_1_19' title="bbox 189 1824 1771 1896">
     <span class='ocr_line' id='line_1_19' title="bbox 189 1824 1771 1896; baseline -0.001 -17"><span class='ocrx_word' id='word_1_125' title='bbox 189 1830 375 1896; x_wconf 77' lang='grc' dir='ltr'>σάμην</span> <span class='ocrx_word' id='word_1_126' title='bbox 406 1830 620 1880; x_wconf 76' lang='grc' dir='ltr'>ἐκτῖσαι</span> <span class='ocrx_word' id='word_1_127' title='bbox 654 1826 843 1895; x_wconf 78' lang='grc' dir='ltr'>ποινὴν</span> <span class='ocrx_word' id='word_1_128' title='bbox 894 1827 984 1878; x_wconf 81' lang='grc' dir='ltr'><strong>τὸν</strong></span> <span class='ocrx_word' id='word_1_129' title='bbox 1020 1826 1080 1877; x_wconf 83' lang='grc' dir='ltr'>τὸ</span> <span class='ocrx_word' id='word_1_130' title='bbox 1113 1824 1309 1878; x_wconf 79' lang='grc' dir='ltr'>ἑαυτοῦ</span> <span class='ocrx_word' id='word_1_131' title='bbox 1343 1826 1504 1878; x_wconf 82' lang='grc' dir='ltr'>ὅπλον</span> <span class='ocrx_word' id='word_1_132' title='bbox 1542 1829 1771 1896; x_wconf 73' lang='grc' dir='ltr'>ἀπορρι-</span> 
     </span>
    </p>
   </div>
   <div class='ocr_carea' id='block_1_20' title="bbox 188 1918 1770 1987">
    <p class='ocr_par' dir='ltr' id='par_1_20' title="bbox 188 1918 1770 1987">
     <span class='ocr_line' id='line_1_20' title="bbox 188 1918 1770 1987; baseline -0.002 -17"><span class='ocrx_word' id='word_1_133' title='bbox 188 1920 433 1987; x_wconf 57' lang='grc' dir='ltr'>ιξάμενον</span> <span class='ocrx_word' id='word_1_134' title='bbox 457 1936 471 1950; x_wconf 89' lang='grc'><strong>·</strong></span> <span class='ocrx_word' id='word_1_135' title='bbox 501 1920 574 1981; x_wconf 80' lang='grc' dir='ltr'>ὡς</span> <span class='ocrx_word' id='word_1_136' title='bbox 614 1922 835 1987; x_wconf 78' lang='grc' dir='ltr'>μήτινες</span> <span class='ocrx_word' id='word_1_137' title='bbox 862 1919 923 1971; x_wconf 84' lang='grc' dir='ltr'>τὸ</span> <span class='ocrx_word' id='word_1_138' title='bbox 960 1918 1151 1971; x_wconf 81' lang='grc' dir='ltr'>τούτου</span> <span class='ocrx_word' id='word_1_139' title='bbox 1210 1919 1409 1986; x_wconf 80' lang='grc' dir='ltr'>ἀμελὲς</span> <span class='ocrx_word' id='word_1_140' title='bbox 1440 1919 1536 1970; x_wconf 82' lang='grc' dir='ltr'><strong>καὶ</strong></span> <span class='ocrx_word' id='word_1_141' title='bbox 1565 1918 1770 1985; x_wconf 81' lang='grc' dir='ltr'>νωθρὸν</span> 
     </span>
    </p>
   </div>
   <div class='ocr_carea' id='block_1_21' title="bbox 190 2010 1771 2081">
    <p class='ocr_par' dir='ltr' id='par_1_21' title="bbox 190 2010 1771 2081">
     <span class='ocr_line' id='line_1_21' title="bbox 190 2010 1771 2081; baseline 0.001 -20"><span class='ocrx_word' id='word_1_142' title='bbox 190 2012 567 2080; x_wconf 70' lang='grc' dir='ltr'>μιμησάμενοι</span> <span class='ocrx_word' id='word_1_143' title='bbox 593 2012 759 2062; x_wconf 80' lang='grc' dir='ltr'>ταυτδ</span> <span class='ocrx_word' id='word_1_144' title='bbox 786 2010 943 2063; x_wconf 75' lang='grc' dir='ltr'>τοῦτο</span> <span class='ocrx_word' id='word_1_145' title='bbox 974 2010 1381 2079; x_wconf 78' lang='grc' dir='ltr'>διαπράξοιντο,</span> <span class='ocrx_word' id='word_1_146' title='bbox 1414 2012 1516 2062; x_wconf 86' lang='grc' dir='ltr'><strong>κάν</strong></span> <span class='ocrx_word' id='word_1_147' title='bbox 1546 2011 1624 2081; x_wconf 81' lang='grc' dir='ltr'>τῷ</span> <span class='ocrx_word' id='word_1_148' title='bbox 1651 2028 1771 2063; x_wconf 69' lang='grc' dir='ltr'>και-</span> 
     </span>
    </p>
   </div>
   <div class='ocr_carea' id='block_1_22' title="bbox 188 2101 1764 2172">
    <p class='ocr_par' dir='ltr' id='par_1_22' title="bbox 188 2101 1764 2172">
     <span class='ocr_line' id='line_1_22' title="bbox 188 2101 1764 2172; baseline 0.001 -18"><span class='ocrx_word' id='word_1_149' title='bbox 188 2101 271 2171; x_wconf 80' lang='grc' dir='ltr'>ρῷ</span> <span class='ocrx_word' id='word_1_150' title='bbox 299 2103 409 2154; x_wconf 81' lang='grc' dir='ltr'><strong>τῶν</strong></span> <span class='ocrx_word' id='word_1_151' title='bbox 473 2103 699 2170; x_wconf 83' lang='grc' dir='ltr'><strong>ἀγώνων</strong></span> <span class='ocrx_word' id='word_1_152' title='bbox 767 2104 1186 2172; x_wconf 79' lang='grc' dir='ltr'>γεγυμνωμένοι</span> <span class='ocrx_word' id='word_1_153' title='bbox 1231 2103 1339 2155; x_wconf 85' lang='grc' dir='ltr'><strong>τῶν</strong></span> <span class='ocrx_word' id='word_1_154' title='bbox 1368 2103 1549 2155; x_wconf 80' lang='grc' dir='ltr'>ὅπλων</span> <span class='ocrx_word' id='word_1_155' title='bbox 1598 2121 1764 2156; x_wconf 87' lang='grc' dir='ltr'><strong>κατα⁸</strong></span> 
     </span>
    </p>
   </div>
   <div class='ocr_carea' id='block_1_23' title="bbox 1886 626 3461 695">
    <p class='ocr_par' dir='ltr' id='par_1_23' title="bbox 1886 626 3461 695">
     <span class='ocr_line' id='line_1_23' title="bbox 1886 626 3461 695; baseline 0.004 -18"><span class='ocrx_word' id='word_1_156' title='bbox 1886 638 1940 679; x_wconf 92' lang='lat' dir='ltr'><strong>ut</strong></span> <span class='ocrx_word' id='word_1_157' title='bbox 1962 641 2107 688; x_wconf 90' lang='lat' dir='ltr'><strong>eum,</strong></span> <span class='ocrx_word' id='word_1_158' title='bbox 2128 626 2219 695; x_wconf 87' lang='lat' dir='ltr'><strong>qui</strong></span> <span class='ocrx_word' id='word_1_159' title='bbox 2245 641 2302 679; x_wconf 91' lang='lat' dir='ltr'><strong>se</strong></span> <span class='ocrx_word' id='word_1_160' title='bbox 2326 626 2439 695; x_wconf 91' lang='lat' dir='ltr'><strong>ipse</strong></span> <span class='ocrx_word' id='word_1_161' title='bbox 2462 630 2624 681; x_wconf 91' lang='lat' dir='ltr'><strong>morti</strong></span> <span class='ocrx_word' id='word_1_162' title='bbox 2641 628 2899 693; x_wconf 81' lang='lat' dir='ltr'><strong>dicasset,</strong></span> <span class='ocrx_word' id='word_1_163' title='bbox 2918 629 3240 683; x_wconf 81' lang='lat' dir='ltr'><strong>verberibus</strong></span> <span class='ocrx_word' id='word_1_164' title='bbox 3262 644 3461 683; x_wconf 60' lang='lat' dir='ltr'><strong>ca’sum</strong></span> 
     </span>
    </p>
   </div>
   <div class='ocr_carea' id='block_1_24' title="bbox 1882 720 3463 788">
    <p class='ocr_par' dir='ltr' id='par_1_24' title="bbox 1882 720 3463 788">
     <span class='ocr_line' id='line_1_24' title="bbox 1882 720 3463 788; baseline 0.005 -19"><span class='ocrx_word' id='word_1_165' title='bbox 1882 732 2125 786; x_wconf 87' lang='lat' dir='ltr'><strong>nasoque.</strong></span> <span class='ocrx_word' id='word_1_166' title='bbox 2186 721 2415 785; x_wconf 70' lang='lat' dir='ltr'><strong>praeciso</strong></span> <span class='ocrx_word' id='word_1_167' title='bbox 2480 734 2578 788; x_wconf 91' lang='lat' dir='ltr'><strong>per</strong></span> <span class='ocrx_word' id='word_1_168' title='bbox 2645 730 2821 775; x_wconf 88' lang='lat' dir='ltr'><strong>castra</strong></span> <span class='ocrx_word' id='word_1_169' title='bbox 2898 724 3227 777; x_wconf 86' lang='lat' dir='ltr'><strong>traduceret.</strong></span> <span class='ocrx_word' id='word_1_170' title='bbox 3262 720 3463 777; x_wconf 84' lang='lat' dir='ltr'><strong>Verum</strong></span> 
     </span>
    </p>
   </div>
   <div class='ocr_carea' id='block_1_25' title="bbox 1880 809 3465 882">
    <p class='ocr_par' dir='ltr' id='par_1_25' title="bbox 1880 809 3465 882">
     <span class='ocr_line' id='line_1_25' title="bbox 1880 809 3465 882; baseline 0.004 -22"><span class='ocrx_word' id='word_1_171' title='bbox 1880 809 2159 862; x_wconf 83' lang='lat' dir='ltr'><strong>enimvero</strong></span> <span class='ocrx_word' id='word_1_172' title='bbox 2194 811 2260 873; x_wconf 89' lang='lat' dir='ltr'><strong>is,</strong></span> <span class='ocrx_word' id='word_1_173' title='bbox 2286 810 2399 863; x_wconf 85' lang='lat' dir='ltr'><strong>sive</strong></span> <span class='ocrx_word' id='word_1_174' title='bbox 2430 811 2808 865; x_wconf 86' lang='lat' dir='ltr'><strong>misericordia</strong></span> <span class='ocrx_word' id='word_1_175' title='bbox 2845 822 3037 882; x_wconf 89' lang='lat' dir='ltr'><strong>captus</strong></span> <span class='ocrx_word' id='word_1_176' title='bbox 3070 814 3329 875; x_wconf 85' lang='lat' dir='ltr'><strong>hominis.</strong></span> <span class='ocrx_word' id='word_1_177' title='bbox 3351 818 3465 870; x_wconf 83' lang='lat' dir='ltr'><strong>sive</strong></span> 
     </span>
    </p>
   </div>
   <div class='ocr_carea' id='block_1_26' title="bbox 1880 902 3460 969">
    <p class='ocr_par' dir='ltr' id='par_1_26' title="bbox 1880 902 3460 969">
     <span class='ocr_line' id='line_1_26' title="bbox 1880 902 3460 969; baseline 0.006 -14"><span class='ocrx_word' id='word_1_178' title='bbox 1880 904 2121 956; x_wconf 88' lang='lat' dir='ltr'><strong>nummis</strong></span> <span class='ocrx_word' id='word_1_179' title='bbox 2141 903 2349 956; x_wconf 81' lang='lat' dir='ltr'><strong>traditis</strong></span> <span class='ocrx_word' id='word_1_180' title='bbox 2368 902 2630 969; x_wconf 78' lang='lat' dir='ltr'><strong>mollitus,</strong></span> <span class='ocrx_word' id='word_1_181' title='bbox 2649 905 2978 960; x_wconf 90' lang='lat' dir='ltr'><strong>incolumem</strong></span> <span class='ocrx_word' id='word_1_182' title='bbox 2992 908 3199 963; x_wconf 89' lang='lat' dir='ltr'><strong>dimisit</strong></span> <span class='ocrx_word' id='word_1_183' title='bbox 3214 910 3460 964; x_wconf 86' lang='lat' dir='ltr'><strong>militem.</strong></span> 
     </span>
    </p>
   </div>
   <div class='ocr_carea' id='block_1_27' title="bbox 1878 990 3449 1067">
    <p class='ocr_par' dir='ltr' id='par_1_27' title="bbox 1878 990 3449 1067">
     <span class='ocr_line' id='line_1_27' title="bbox 1878 990 3449 1067; baseline 0.006 -24"><span class='ocrx_word' id='word_1_184' title='bbox 1878 990 2147 1047; x_wconf 83' lang='lat' dir='ltr'><strong>Postridie</strong></span> <span class='ocrx_word' id='word_1_185' title='bbox 2176 996 2295 1061; x_wconf 83' lang='lat' dir='ltr'><strong>ejus</strong></span> <span class='ocrx_word' id='word_1_186' title='bbox 2339 994 2444 1047; x_wconf 87' lang='lat' dir='ltr'><strong>diei</strong></span> <span class='ocrx_word' id='word_1_187' title='bbox 2498 1006 2914 1062; x_wconf 67' lang='lat' dir='ltr'><strong>praetereuntem</strong></span> <span class='ocrx_word' id='word_1_188' title='bbox 2953 998 3105 1052; x_wconf 92' lang='lat' dir='ltr'><strong>illum</strong></span> <span class='ocrx_word' id='word_1_189' title='bbox 3148 1000 3324 1067; x_wconf 92' lang='lat' dir='ltr'><strong>ipsum</strong></span> <span class='ocrx_word' id='word_1_190' title='bbox 3359 1001 3449 1053; x_wconf 90' lang='lat' dir='ltr'><strong>im-</strong></span> 
     </span>
    </p>
   </div>
   <div class='ocr_carea' id='block_1_28' title="bbox 1878 1087 3462 1158">
    <p class='ocr_par' dir='ltr' id='par_1_28' title="bbox 1878 1087 3462 1158">
     <span class='ocr_line' id='line_1_28' title="bbox 1878 1087 3462 1158; baseline 0.005 -22"><span class='ocrx_word' id='word_1_191' title='bbox 1878 1094 2094 1154; x_wconf 88' lang='lat' dir='ltr'><strong>perator</strong></span> <span class='ocrx_word' id='word_1_192' title='bbox 2136 1087 2503 1155; x_wconf 82' lang='lat' dir='ltr'><strong>conspicatus,</strong></span> <span class='ocrx_word' id='word_1_193' title='bbox 2528 1088 2902 1142; x_wconf 89' lang='lat' dir='ltr'><strong>centurionem</strong></span> <span class='ocrx_word' id='word_1_194' title='bbox 2927 1090 3263 1145; x_wconf 87' lang='lat' dir='ltr'><strong>introvocari</strong></span> <span class='ocrx_word' id='word_1_195' title='bbox 3286 1091 3462 1158; x_wconf 84' lang='lat' dir='ltr'><strong>jubet,</strong></span> 
     </span>
    </p>
   </div>
   <div class='ocr_carea' id='block_1_29' title="bbox 1876 1176 3460 1248">
    <p class='ocr_par' dir='ltr' id='par_1_29' title="bbox 1876 1176 3460 1248">
     <span class='ocr_line' id='line_1_29' title="bbox 1876 1176 3460 1248; baseline 0.004 -19"><span class='ocrx_word' id='word_1_196' title='bbox 1876 1184 1962 1236; x_wconf 86' lang='lat' dir='ltr'><strong>ct,</strong></span> <span class='ocrx_word' id='word_1_197' title='bbox 2022 1176 2131 1246; x_wconf 75' lang='lat'><strong>53</strong></span> <span class='ocrx_word' id='word_1_198' title='bbox 2195 1195 2215 1228; x_wconf 74' lang='grc' dir='ltr'><strong>ι</strong></span> <span class='ocrx_word' id='word_1_199' title='bbox 2266 1179 2309 1230; x_wconf 85' lang='grc' dir='ltr'>υ</span> <span class='ocrx_word' id='word_1_200' title='bbox 2364 1179 2647 1247; x_wconf 71' lang='lat' dir='ltr'><strong>praefracte</strong></span> <span class='ocrx_word' id='word_1_201' title='bbox 2704 1188 2757 1233; x_wconf 91' lang='lat' dir='ltr'><strong>et</strong></span> <span class='ocrx_word' id='word_1_202' title='bbox 2805 1182 3092 1234; x_wconf 85' lang='lat' dir='ltr'><strong>temerarie</strong></span> <span class='ocrx_word' id='word_1_203' title='bbox 3137 1190 3215 1243; x_wconf 94' lang='lat' dir='ltr'><strong>tu,</strong></span> <span class='ocrx_word' id='word_1_204' title='bbox 3264 1182 3460 1248; x_wconf 79' lang='lat' dir='ltr'><strong>inquit.</strong></span> 
     </span>
    </p>
   </div>
   <div class='ocr_carea' id='block_1_30' title="bbox 1877 1269 3459 1341">
    <p class='ocr_par' dir='ltr' id='par_1_30' title="bbox 1877 1269 3459 1341">
     <span class='ocr_line' id='line_1_30' title="bbox 1877 1269 3459 1341; baseline 0.004 -20"><span class='ocrx_word' id='word_1_205' title='bbox 1877 1270 1969 1339; x_wconf 88' lang='lat' dir='ltr'><strong>qui</strong></span> <span class='ocrx_word' id='word_1_206' title='bbox 2018 1269 2074 1321; x_wconf 83' lang='lat' dir='ltr'><strong>ﬁt</strong></span> <span class='ocrx_word' id='word_1_207' title='bbox 2100 1280 2158 1323; x_wconf 93' lang='lat' dir='ltr'><strong>ut</strong></span> <span class='ocrx_word' id='word_1_208' title='bbox 2188 1285 2356 1323; x_wconf 90' lang='lat' dir='ltr'><strong>ausus</strong></span> <span class='ocrx_word' id='word_1_209' title='bbox 2397 1272 2473 1325; x_wconf 92' lang='lat' dir='ltr'><strong>sis</strong></span> <span class='ocrx_word' id='word_1_210' title='bbox 2505 1271 2569 1324; x_wconf 90' lang='lat' dir='ltr'><strong>ad</strong></span> <span class='ocrx_word' id='word_1_211' title='bbox 2602 1272 2804 1325; x_wconf 77' lang='lat' dir='ltr'><strong>exitum</strong></span> <span class='ocrx_word' id='word_1_212' title='bbox 2853 1287 2961 1326; x_wconf 91' lang='lat' dir='ltr'><strong>non</strong></span> <span class='ocrx_word' id='word_1_213' title='bbox 3011 1273 3309 1341; x_wconf 82' lang='lat' dir='ltr'><strong>perducere</strong></span> <span class='ocrx_word' id='word_1_214' title='bbox 3356 1275 3459 1327; x_wconf 86' lang='lat' dir='ltr'><strong>im-</strong></span> 
     </span>
    </p>
   </div>
   <div class='ocr_carea' id='block_1_31' title="bbox 1878 1363 3462 1435">
    <p class='ocr_par' dir='ltr' id='par_1_31' title="bbox 1878 1363 3462 1435">
     <span class='ocr_line' id='line_1_31' title="bbox 1878 1363 3462 1435; baseline 0.003 -18"><span class='ocrx_word' id='word_1_215' title='bbox 1878 1364 2155 1430; x_wconf 86' lang='lat' dir='ltr'><strong>peratum?</strong></span> <span class='ocrx_word' id='word_1_216' title='bbox 2195 1363 2332 1415; x_wconf 84' lang='lat' dir='ltr'><strong>Num</strong></span> <span class='ocrx_word' id='word_1_217' title='bbox 2369 1375 2527 1431; x_wconf 85' lang='lat' dir='ltr'><strong>putas</strong></span> <span class='ocrx_word' id='word_1_218' title='bbox 2568 1367 2750 1419; x_wconf 90' lang='lat' dir='ltr'><strong>minus</strong></span> <span class='ocrx_word' id='word_1_219' title='bbox 2800 1366 3149 1435; x_wconf 53' lang='lat' dir='ltr'><strong>mihi-fquam</strong></span> <span class='ocrx_word' id='word_1_220' title='bbox 3187 1368 3282 1420; x_wconf 83' lang='lat' dir='ltr'><strong>tibi</strong></span> <span class='ocrx_word' id='word_1_221' title='bbox 3315 1384 3462 1421; x_wconf 66' lang='lat' dir='ltr'><strong>curre</strong></span> 
     </span>
    </p>
   </div>
   <div class='ocr_carea' id='block_1_32' title="bbox 1875 1455 3462 1531">
    <p class='ocr_par' dir='ltr' id='par_1_32' title="bbox 1875 1455 3462 1531">
     <span class='ocr_line' id='line_1_32' title="bbox 1875 1455 3462 1531; baseline 0.002 -23"><span class='ocrx_word' id='word_1_222' title='bbox 1875 1469 1998 1508; x_wconf 84' lang='lat' dir='ltr'><strong>esse</strong></span> <span class='ocrx_word' id='word_1_223' title='bbox 2034 1455 2195 1507; x_wconf 89' lang='lat' dir='ltr'><strong>istum</strong></span> <span class='ocrx_word' id='word_1_224' title='bbox 2229 1456 2567 1509; x_wconf 81' lang='lat' dir='ltr'><strong>exercitum?</strong></span> <span class='ocrx_word' id='word_1_225' title='bbox 2609 1457 2685 1511; x_wconf 82' lang='lat' dir='ltr'><strong>Ad</strong></span> <span class='ocrx_word' id='word_1_226' title='bbox 2724 1458 3057 1512; x_wconf 88' lang='lat' dir='ltr'><strong>erudiendos</strong></span> <span class='ocrx_word' id='word_1_227' title='bbox 3089 1459 3331 1527; x_wconf 82' lang='lat' dir='ltr'><strong>reliquos</strong></span> <span class='ocrx_word' id='word_1_228' title='bbox 3361 1476 3462 1531; x_wconf 77' lang='lat' dir='ltr'><strong>ego</strong></span> 
     </span>
    </p>
   </div>
   <div class='ocr_carea' id='block_1_33' title="bbox 1876 1547 3456 1621">
    <p class='ocr_par' dir='ltr' id='par_1_33' title="bbox 1876 1547 3456 1621">
     <span class='ocr_line' id='line_1_33' title="bbox 1876 1547 3456 1621; baseline 0.004 -21"><span class='ocrx_word' id='word_1_229' title='bbox 1876 1547 2245 1612; x_wconf 80' lang='lat' dir='ltr'><strong>decreveram,</strong></span> <span class='ocrx_word' id='word_1_230' title='bbox 2274 1557 2333 1599; x_wconf 92' lang='lat' dir='ltr'><strong>ut</strong></span> <span class='ocrx_word' id='word_1_231' title='bbox 2356 1548 2622 1615; x_wconf 86' lang='lat' dir='ltr'><strong>ejusmodi</strong></span> <span class='ocrx_word' id='word_1_232' title='bbox 2653 1565 2867 1616; x_wconf 66' lang='lat' dir='ltr'><strong>pinnam</strong></span> <span class='ocrx_word' id='word_1_233' title='bbox 2898 1551 2944 1604; x_wconf 88' lang='lat' dir='ltr'><strong>is</strong></span> <span class='ocrx_word' id='word_1_234' title='bbox 2971 1551 3155 1614; x_wconf 81' lang='lat' dir='ltr'><strong>ferret,</strong></span> <span class='ocrx_word' id='word_1_235' title='bbox 3184 1553 3275 1621; x_wconf 88' lang='lat' dir='ltr'><strong>qui</strong></span> <span class='ocrx_word' id='word_1_236' title='bbox 3304 1569 3456 1607; x_wconf 89' lang='lat' dir='ltr'><strong>arma</strong></span> 
     </span>
    </p>
   </div>
   <div class='ocr_carea' id='block_1_34' title="bbox 1875 1638 3461 1714">
    <p class='ocr_par' dir='ltr' id='par_1_34' title="bbox 1875 1638 3461 1714">
     <span class='ocr_line' id='line_1_34' title="bbox 1875 1638 3461 1714; baseline 0.006 -24"><span class='ocrx_word' id='word_1_237' title='bbox 1875 1638 2165 1707; x_wconf 85' lang='lat' dir='ltr'><strong>abjecisset</strong></span> <span class='ocrx_word' id='word_1_238' title='bbox 2196 1654 2291 1693; x_wconf 79' lang='lat' dir='ltr'><strong>sua</strong></span> <span class='ocrx_word' id='word_1_239' title='bbox 2328 1659 2338 1693; x_wconf 93' lang='lat'>:</span> <span class='ocrx_word' id='word_1_240' title='bbox 2374 1657 2441 1693; x_wconf 88' lang='lat' dir='ltr'><strong>ne</strong></span> <span class='ocrx_word' id='word_1_241' title='bbox 2466 1641 2556 1710; x_wconf 92' lang='lat' dir='ltr'><strong>qui</strong></span> <span class='ocrx_word' id='word_1_242' title='bbox 2607 1642 2874 1695; x_wconf 87' lang='lat' dir='ltr'><strong>incuriam</strong></span> <span class='ocrx_word' id='word_1_243' title='bbox 2908 1644 3027 1710; x_wconf 87' lang='lat' dir='ltr'><strong>ejus</strong></span> <span class='ocrx_word' id='word_1_244' title='bbox 3075 1645 3461 1714; x_wconf 72' lang='lat' dir='ltr'><strong>ignaviamque</strong></span> 
     </span>
    </p>
   </div>
   <div class='ocr_carea' id='block_1_35' title="bbox 1877 1731 3458 1805">
    <p class='ocr_par' dir='ltr' id='par_1_35' title="bbox 1877 1731 3458 1805">
     <span class='ocr_line' id='line_1_35' title="bbox 1877 1731 3458 1805; baseline 0.005 -22"><span class='ocrx_word' id='word_1_245' title='bbox 1877 1732 2071 1785; x_wconf 85' lang='lat' dir='ltr'><strong>imitati</strong></span> <span class='ocrx_word' id='word_1_246' title='bbox 2106 1731 2156 1785; x_wconf 92' lang='lat' dir='ltr'><strong>id</strong></span> <span class='ocrx_word' id='word_1_247' title='bbox 2217 1733 2395 1801; x_wconf 89' lang='lat' dir='ltr'><strong>ipsum</strong></span> <span class='ocrx_word' id='word_1_248' title='bbox 2438 1732 2701 1796; x_wconf 81' lang='lat' dir='ltr'><strong>iacerent,</strong></span> <span class='ocrx_word' id='word_1_249' title='bbox 2745 1742 3099 1805; x_wconf 88' lang='lat' dir='ltr'><strong>temporeque</strong></span> <span class='ocrx_word' id='word_1_250' title='bbox 3128 1737 3304 1803; x_wconf 58' lang='lat' dir='ltr'><strong>praelii</strong></span> <span class='ocrx_word' id='word_1_251' title='bbox 3329 1738 3458 1791; x_wconf 88' lang='lat' dir='ltr'><strong>nudi</strong></span> 
     </span>
    </p>
   </div>
   <div class='ocr_carea' id='block_1_36' title="bbox 1872 1822 3457 1896">
    <p class='ocr_par' dir='ltr' id='par_1_36' title="bbox 1872 1822 3457 1896">
     <span class='ocr_line' id='line_1_36' title="bbox 1872 1822 3457 1896; baseline 0.004 -22"><span class='ocrx_word' id='word_1_252' title='bbox 1872 1822 2045 1875; x_wconf 89' lang='lat' dir='ltr'><strong>armis</strong></span> <span class='ocrx_word' id='word_1_253' title='bbox 2074 1824 2400 1890; x_wconf 76' lang='lat' dir='ltr'><strong>deprehensi</strong></span> <span class='ocrx_word' id='word_1_254' title='bbox 2428 1823 2499 1875; x_wconf 90' lang='lat' dir='ltr'><strong>ab</strong></span> <span class='ocrx_word' id='word_1_255' title='bbox 2529 1824 2783 1877; x_wconf 85' lang='lat' dir='ltr'><strong>hostibus</strong></span> <span class='ocrx_word' id='word_1_256' title='bbox 2810 1834 3056 1879; x_wconf 89' lang='lat' dir='ltr'><strong>actutum</strong></span> <span class='ocrx_word' id='word_1_257' title='bbox 3089 1830 3337 1896; x_wconf 79' lang='lat' dir='ltr'><strong>Oppressi</strong></span> <span class='ocrx_word' id='word_1_258' title='bbox 3371 1829 3457 1882; x_wconf 89' lang='lat' dir='ltr'><strong>iu-</strong></span> 
     </span>
    </p>
   </div>
   <div class='ocr_carea' id='block_1_37' title="bbox 1883 1915 3455 1983">
    <p class='ocr_par' dir='ltr' id='par_1_37' title="bbox 1883 1915 3455 1983">
     <span class='ocr_line' id='line_1_37' title="bbox 1883 1915 3455 1983; baseline 0.005 -15"><span class='ocrx_word' id='word_1_259' title='bbox 1883 1917 2124 1969; x_wconf 88' lang='lat' dir='ltr'><strong>terirent.</strong></span> <span class='ocrx_word' id='word_1_260' title='bbox 2160 1935 2179 1967; x_wconf 69' lang='lat' dir='ltr'><strong>i</strong></span> <span class='ocrx_word' id='word_1_261' title='bbox 2227 1915 2302 1969; x_wconf 90' lang='lat' dir='ltr'><strong>Ita</strong></span> <span class='ocrx_word' id='word_1_262' title='bbox 2349 1917 2674 1971; x_wconf 85' lang='lat' dir='ltr'><strong>centurione</strong></span> <span class='ocrx_word' id='word_1_263' title='bbox 2723 1918 3074 1972; x_wconf 85' lang='lat' dir='ltr'><strong>vehementer</strong></span> <span class='ocrx_word' id='word_1_264' title='bbox 3122 1921 3412 1976; x_wconf 87' lang='lat' dir='ltr'><strong>verberato</strong></span> <span class='ocrx_word' id='word_1_265' title='bbox 3441 1961 3455 1983; x_wconf 95' lang='lat'><strong>,</strong></span> 
     </span>
    </p>
   </div>
   <div class='ocr_carea' id='block_1_38' title="bbox 1883 2009 3456 2077">
    <p class='ocr_par' dir='ltr' id='par_1_38' title="bbox 1883 2009 3456 2077">
     <span class='ocr_line' id='line_1_38' title="bbox 1883 2009 3456 2077; baseline 0.004 -16"><span class='ocrx_word' id='word_1_266' title='bbox 1883 2024 2119 2077; x_wconf 82' lang='lat' dir='ltr'><strong>nasoque</strong></span> <span class='ocrx_word' id='word_1_267' title='bbox 2167 2009 2216 2061; x_wconf 90' lang='lat' dir='ltr'><strong>ei</strong></span> <span class='ocrx_word' id='word_1_268' title='bbox 2265 2017 2567 2077; x_wconf 86' lang='lat' dir='ltr'><strong>amputato,</strong></span> <span class='ocrx_word' id='word_1_269' title='bbox 2596 2020 2799 2063; x_wconf 89' lang='lat' dir='ltr'><strong>metum</strong></span> <span class='ocrx_word' id='word_1_270' title='bbox 2839 2010 3072 2066; x_wconf 87' lang='lat' dir='ltr'><strong>incussit</strong></span> <span class='ocrx_word' id='word_1_271' title='bbox 3099 2013 3250 2066; x_wconf 89' lang='lat' dir='ltr'><strong>omni</strong></span> <span class='ocrx_word' id='word_1_272' title='bbox 3296 2027 3456 2068; x_wconf 72' lang='grc' dir='ltr'>εχει-ο</span> 
     </span>
    </p>
   </div>
   <div class='ocr_carea' id='block_1_39' title="bbox 1881 2101 3451 2172">
    <p class='ocr_par' dir='ltr' id='par_1_39' title="bbox 1881 2101 3451 2172">
     <span class='ocr_line' id='line_1_39' title="bbox 1881 2101 3451 2172; baseline 0.004 -17"><span class='ocrx_word' id='word_1_273' title='bbox 1881 2103 2124 2164; x_wconf 85' lang='lat' dir='ltr'><strong>citui,ne</strong></span> <span class='ocrx_word' id='word_1_274' title='bbox 2153 2101 2259 2153; x_wconf 85' lang='lat' dir='ltr'><strong>iam</strong></span> <span class='ocrx_word' id='word_1_275' title='bbox 2292 2103 2639 2171; x_wconf 71' lang='lat' dir='ltr'><strong>indiligenter</strong></span> <span class='ocrx_word' id='word_1_276' title='bbox 2670 2113 2859 2172; x_wconf 79' lang='lat' dir='ltr'><strong>ageret</strong></span> <span class='ocrx_word' id='word_1_277' title='bbox 2896 2105 2950 2157; x_wconf 91' lang='lat' dir='ltr'><strong>in</strong></span> <span class='ocrx_word' id='word_1_278' title='bbox 2982 2106 3245 2160; x_wconf 86' lang='lat' dir='ltr'><strong>curandis</strong></span> <span class='ocrx_word' id='word_1_279' title='bbox 3264 2106 3451 2162; x_wconf 85' lang='lat' dir='ltr'><strong>armis.</strong></span> 
     </span>
    </p>
   </div>
   <div class='ocr_carea' id='block_1_40' title="bbox 188 2192 3457 2269">
    <p class='ocr_par' dir='ltr' id='par_1_40' title="bbox 188 2192 3457 2269">
     <span class='ocr_line' id='line_1_40' title="bbox 188 2192 3457 2269; baseline 0.001 -23"><span class='ocrx_word' id='word_1_280' title='bbox 188 2194 571 2264; x_wconf 72' lang='grc' dir='ltr'>λαμϐάνοιντο,</span> <span class='ocrx_word' id='word_1_281' title='bbox 610 2196 705 2248; x_wconf 73' lang='grc' dir='ltr'><strong>καὶ</strong></span> <span class='ocrx_word' id='word_1_282' title='bbox 761 2195 861 2247; x_wconf 80' lang='grc' dir='ltr'><strong>οὐκ</strong></span> <span class='ocrx_word' id='word_1_283' title='bbox 912 2194 977 2246; x_wconf 86' lang='grc' dir='ltr'><strong>ἂν</strong></span> <span class='ocrx_word' id='word_1_284' title='bbox 1020 2194 1277 2263; x_wconf 74' lang='grc' dir='ltr'>φθάνοιεν</span> <span class='ocrx_word' id='word_1_285' title='bbox 1312 2197 1450 2265; x_wconf 75' lang='grc' dir='ltr'>πρὸς</span> <span class='ocrx_word' id='word_1_286' title='bbox 1516 2196 1622 2248; x_wconf 83' lang='grc' dir='ltr'><strong>τῶν</strong></span> <span class='ocrx_word' id='word_1_287' title='bbox 1684 2194 1942 2248; x_wconf 80' lang='grc' dir='ltr'>ἐναντίων</span> <span class='ocrx_word' id='word_1_288' title='bbox 1972 2193 2381 2264; x_wconf 83' lang='grc' dir='ltr'>ἀναιρούμενοι.</span> <span class='ocrx_word' id='word_1_289' title='bbox 2434 2212 2451 2241; x_wconf 72' lang='grc' dir='ltr'><strong>ι</strong></span> <span class='ocrx_word' id='word_1_290' title='bbox 2524 2192 2747 2265; x_wconf 75' lang='lat' dir='ltr'><strong>[P.36.]</strong></span> <span class='ocrx_word' id='word_1_291' title='bbox 2818 2197 3071 2269; x_wconf 78' lang='grc' dir='ltr'>Σφοδρῶς</span> <span class='ocrx_word' id='word_1_292' title='bbox 3114 2194 3208 2249; x_wconf 81' lang='grc' dir='ltr'><strong>οὖν</strong></span> <span class='ocrx_word' id='word_1_293' title='bbox 3238 2199 3457 2259; x_wconf 83' lang='grc' dir='ltr'>αίκίσας</span> 
     </span>
    </p>
   </div>
   <div class='ocr_carea' id='block_1_41' title="bbox 182 2290 3455 2366">
    <p class='ocr_par' dir='ltr' id='par_1_41' title="bbox 182 2290 3455 2366">
     <span class='ocr_line' id='line_1_41' title="bbox 182 2290 3455 2366; baseline 0.001 -22"><span class='ocrx_word' id='word_1_294' title='bbox 182 2293 277 2344; x_wconf 75' lang='grc' dir='ltr'>τὸν</span> <span class='ocrx_word' id='word_1_295' title='bbox 300 2292 529 2362; x_wconf 79' lang='grc' dir='ltr'>λοχαγὸν</span> <span class='ocrx_word' id='word_1_296' title='bbox 560 2294 653 2345; x_wconf 79' lang='grc' dir='ltr'>καὶ</span> <span class='ocrx_word' id='word_1_297' title='bbox 690 2293 784 2362; x_wconf 82' lang='grc' dir='ltr'>τῆς</span> <span class='ocrx_word' id='word_1_298' title='bbox 827 2293 971 2363; x_wconf 73' lang='grc' dir='ltr'>ῥινὸς</span> <span class='ocrx_word' id='word_1_299' title='bbox 1037 2292 1394 2361; x_wconf 85' lang='grc' dir='ltr'>ἀφελόμενος,</span> <span class='ocrx_word' id='word_1_300' title='bbox 1467 2294 1583 2355; x_wconf 81' lang='grc' dir='ltr'>δέος</span> <span class='ocrx_word' id='word_1_301' title='bbox 1641 2294 1805 2362; x_wconf 75' lang='grc' dir='ltr'>ἐνῆκε</span> <span class='ocrx_word' id='word_1_302' title='bbox 1846 2293 2008 2343; x_wconf 77' lang='grc' dir='ltr'>παντὶ</span> <span class='ocrx_word' id='word_1_303' title='bbox 2039 2292 2117 2361; x_wconf 84' lang='grc' dir='ltr'><strong>τῷ</strong></span> <span class='ocrx_word' id='word_1_304' title='bbox 2159 2290 2397 2359; x_wconf 80' lang='grc' dir='ltr'>στρατῷ,</span> <span class='ocrx_word' id='word_1_305' title='bbox 2465 2291 2664 2359; x_wconf 81' lang='grc' dir='ltr'>μηκέτι</span> <span class='ocrx_word' id='word_1_306' title='bbox 2715 2292 2933 2361; x_wconf 83' lang='grc' dir='ltr'>ἀμελῶς</span> <span class='ocrx_word' id='word_1_307' title='bbox 2969 2292 3273 2346; x_wconf 83' lang='grc' dir='ltr'>διακεῖσθαι</span> <span class='ocrx_word' id='word_1_308' title='bbox 3325 2296 3455 2366; x_wconf 82' lang='grc' dir='ltr'>περὶ</span> 
     </span>
    </p>
   </div>
   <div class='ocr_carea' id='block_1_42' title="bbox 186 2389 833 2457">
    <p class='ocr_par' dir='ltr' id='par_1_42' title="bbox 186 2389 833 2457">
     <span class='ocr_line' id='line_1_42' title="bbox 186 2389 833 2457; baseline 0 -16"><span class='ocrx_word' id='word_1_309' title='bbox 186 2390 276 2441; x_wconf 69' lang='grc' dir='ltr'><strong>τὸν</strong></span> <span class='ocrx_word' id='word_1_310' title='bbox 307 2390 511 2441; x_wconf 83' lang='grc' dir='ltr'>οίκεῖον</span> <span class='ocrx_word' id='word_1_311' title='bbox 541 2389 833 2457; x_wconf 86' lang='grc' dir='ltr'>ὁπλισμόν.</span> 
     </span>
    </p>
   </div>
   <div class='ocr_carea' id='block_1_43' title="bbox 257 2483 1775 2560">
    <p class='ocr_par' dir='ltr' id='par_1_43' title="bbox 257 2483 1775 2560">
     <span class='ocr_line' id='line_1_43' title="bbox 257 2483 1775 2560; baseline 0.023 -30"><span class='ocrx_word' id='word_1_312' title='bbox 257 2483 330 2551; x_wconf 79' lang='grc' dir='ltr'><strong>γ’.</strong></span> <span class='ocrx_word' id='word_1_313' title='bbox 368 2485 531 2553; x_wconf 80' lang='grc' dir='ltr'>Ἀρτι</span> <span class='ocrx_word' id='word_1_314' title='bbox 580 2484 637 2537; x_wconf 85' lang='grc' dir='ltr'>δὲ</span> <span class='ocrx_word' id='word_1_315' title='bbox 675 2486 820 2537; x_wconf 82' lang='grc' dir='ltr'>κατὰ.</span> <span class='ocrx_word' id='word_1_316' title='bbox 850 2487 951 2555; x_wconf 72' lang='grc' dir='ltr'><strong>τὴν</strong></span> <span class='ocrx_word' id='word_1_317' title='bbox 985 2490 1294 2560; x_wconf 75' lang='grc' dir='ltr'>περίχωρον</span> <span class='ocrx_word' id='word_1_318' title='bbox 1356 2486 1647 2556; x_wconf 76' lang='grc' dir='ltr'>γενόμενος</span> <span class='ocrx_word' id='word_1_319' title='bbox 1677 2485 1775 2554; x_wconf 61' lang='grc' dir='ltr'><strong>τῆς</strong></span> 
     </span>
    </p>
   </div>
   <div class='ocr_carea' id='block_1_44' title="bbox 188 2573 1773 2646">
    <p class='ocr_par' dir='ltr' id='par_1_44' title="bbox 188 2573 1773 2646">
     <span class='ocr_line' id='line_1_44' title="bbox 188 2573 1773 2646; baseline 0.002 -21"><span class='ocrx_word' id='word_1_320' title='bbox 188 2573 429 2644; x_wconf 83' lang='grc' dir='ltr'>Ταρσοῦ,</span> <span class='ocrx_word' id='word_1_321' title='bbox 463 2575 700 2628; x_wconf 80' lang='grc' dir='ltr'>ἐνταῦθα</span> <span class='ocrx_word' id='word_1_322' title='bbox 742 2579 1235 2646; x_wconf 76' lang='grc' dir='ltr'>στρατοπεδεύεται</span> <span class='ocrx_word' id='word_1_323' title='bbox 1288 2579 1384 2631; x_wconf 75' lang='grc' dir='ltr'>καὶ</span> <span class='ocrx_word' id='word_1_324' title='bbox 1423 2578 1645 2646; x_wconf 80' lang='grc' dir='ltr'>χάρακα</span> <span class='ocrx_word' id='word_1_325' title='bbox 1676 2594 1773 2628; x_wconf 82' lang='grc' dir='ltr'>κυ-</span> 
     </span>
    </p>
   </div>
   <div class='ocr_carea' id='block_1_45' title="bbox 188 2669 1771 2741">
    <p class='ocr_par' dir='ltr' id='par_1_45' title="bbox 188 2669 1771 2741">
     <span class='ocr_line' id='line_1_45' title="bbox 188 2669 1771 2741; baseline -0.001 -19"><span class='ocrx_word' id='word_1_326' title='bbox 188 2669 382 2722; x_wconf 83' lang='grc' dir='ltr'>κλόθεν</span> <span class='ocrx_word' id='word_1_327' title='bbox 416 2670 750 2738; x_wconf 79' lang='grc' dir='ltr'>πηξάμενος,</span> <span class='ocrx_word' id='word_1_328' title='bbox 803 2671 1089 2741; x_wconf 80' lang='grc' dir='ltr'>καρτερῶς</span> <span class='ocrx_word' id='word_1_329' title='bbox 1135 2672 1203 2723; x_wconf 84' lang='grc' dir='ltr'>τά</span> <span class='ocrx_word' id='word_1_330' title='bbox 1240 2688 1300 2722; x_wconf 85' lang='grc' dir='ltr'><strong>τε</strong></span> <span class='ocrx_word' id='word_1_331' title='bbox 1353 2670 1480 2739; x_wconf 75' lang='grc' dir='ltr'>λήῖα</span> <span class='ocrx_word' id='word_1_332' title='bbox 1517 2670 1611 2720; x_wconf 75' lang='grc' dir='ltr'><strong>καὶ</strong></span> <span class='ocrx_word' id='word_1_333' title='bbox 1645 2670 1771 2730; x_wconf 72' lang='grc' dir='ltr'>τοὺς</span> 
     </span>
    </p>
   </div>
   <div class='ocr_carea' id='block_1_46' title="bbox 187 2749 1769 2832">
    <p class='ocr_par' dir='ltr' id='par_1_46' title="bbox 187 2749 1769 2832">
     <span class='ocr_line' id='line_1_46' title="bbox 187 2749 1769 2832; baseline -0.001 -20"><span class='ocrx_word' id='word_1_334' title='bbox 187 2762 483 2832; x_wconf 67' lang='grc' dir='ltr'>λειμῶνας,</span> <span class='ocrx_word' id='word_1_335' title='bbox 525 2764 638 2823; x_wconf 83' lang='grc' dir='ltr'>τοῖς</span> <span class='ocrx_word' id='word_1_336' title='bbox 679 2762 868 2815; x_wconf 76' lang='grc' dir='ltr'>ἄνθεσι</span> <span class='ocrx_word' id='word_1_337' title='bbox 894 2766 987 2816; x_wconf 76' lang='grc' dir='ltr'><strong>καὶ</strong></span> <span class='ocrx_word' id='word_1_338' title='bbox 1020 2764 1289 2816; x_wconf 83' lang='grc' dir='ltr'>παντοίων</span> <span class='ocrx_word' id='word_1_339' title='bbox 1333 2749 1567 2830; x_wconf 78' lang='grc' dir='ltr'>δένδρων</span> <span class='ocrx_word' id='word_1_340' title='bbox 1601 2760 1769 2823; x_wconf 83' lang='grc' dir='ltr'>ἰδέαις</span> 
     </span>
    </p>
   </div>
   <div class='ocr_carea' id='block_1_47' title="bbox 188 2852 1769 2925">
    <p class='ocr_par' dir='ltr' id='par_1_47' title="bbox 188 2852 1769 2925">
     <span class='ocr_line' id='line_1_47' title="bbox 188 2852 1769 2925; baseline -0.002 -19"><span class='ocrx_word' id='word_1_341' title='bbox 188 2854 501 2919; x_wconf 77' lang='grc' dir='ltr'>κομῶντας,</span> <span class='ocrx_word' id='word_1_342' title='bbox 534 2854 697 2925; x_wconf 79' lang='grc' dir='ltr'>δῃοῦν</span> <span class='ocrx_word' id='word_1_343' title='bbox 731 2858 825 2908; x_wconf 68' lang='grc' dir='ltr'><strong>καὶ</strong></span> <span class='ocrx_word' id='word_1_344' title='bbox 890 2856 1211 2925; x_wconf 83' lang='grc' dir='ltr'>ἀποκείρειν</span> <span class='ocrx_word' id='word_1_345' title='bbox 1260 2854 1647 2924; x_wconf 81' lang='grc' dir='ltr'>προσέταττεν,</span> <span class='ocrx_word' id='word_1_346' title='bbox 1692 2852 1769 2914; x_wconf 78' lang='grc' dir='ltr'>ὠς</span> 
     </span>
    </p>
   </div>
   <div class='ocr_carea' id='block_1_48' title="bbox 188 2945 1768 3018">
    <p class='ocr_par' dir='ltr' id='par_1_48' title="bbox 188 2945 1768 3018">
     <span class='ocr_line' id='line_1_48' title="bbox 188 2945 1768 3018; baseline -0.001 -20"><span class='ocrx_word' id='word_1_347' title='bbox 188 2948 244 3011; x_wconf 78' lang='grc' dir='ltr'><strong>ἐξ</strong></span> <span class='ocrx_word' id='word_1_348' title='bbox 276 2948 526 2999; x_wconf 80' lang='grc' dir='ltr'>ἀπόπτου</span> <span class='ocrx_word' id='word_1_349' title='bbox 559 2951 590 3016; x_wconf 85' lang='grc' dir='ltr'>ἡ</span> <span class='ocrx_word' id='word_1_350' title='bbox 624 2950 864 3018; x_wconf 81' lang='grc' dir='ltr'>διαμάχη</span> <span class='ocrx_word' id='word_1_351' title='bbox 898 2948 1072 3017; x_wconf 81' lang='grc' dir='ltr'>τούτῳ</span> <span class='ocrx_word' id='word_1_352' title='bbox 1114 2949 1222 3015; x_wconf 77' lang='grc' dir='ltr'><strong>εἴη,</strong></span> <span class='ocrx_word' id='word_1_353' title='bbox 1260 2948 1353 2999; x_wconf 73' lang='grc' dir='ltr'><strong>καὶ</strong></span> <span class='ocrx_word' id='word_1_354' title='bbox 1387 2946 1461 3017; x_wconf 85' lang='grc' dir='ltr'>μή</span> <span class='ocrx_word' id='word_1_355' title='bbox 1504 2962 1627 2997; x_wconf 87' lang='grc' dir='ltr'>τινα</span> <span class='ocrx_word' id='word_1_356' title='bbox 1657 2945 1768 3005; x_wconf 86' lang='grc' dir='ltr'>τοῖς</span> 
     </span>
    </p>
   </div>
   <div class='ocr_carea' id='block_1_49' title="bbox 188 3038 1769 3109">
    <p class='ocr_par' dir='ltr' id='par_1_49' title="bbox 188 3038 1769 3109">
     <span class='ocr_line' id='line_1_49' title="bbox 188 3038 1769 3109; baseline -0.003 -17"><span class='ocrx_word' id='word_1_357' title='bbox 188 3041 495 3109; x_wconf 78' lang='grc' dir='ltr'>Βαρϐάροις</span> <span class='ocrx_word' id='word_1_358' title='bbox 520 3041 615 3109; x_wconf 82' lang='grc' dir='ltr'>ἐξῇ</span> <span class='ocrx_word' id='word_1_359' title='bbox 638 3043 695 3093; x_wconf 83' lang='grc' dir='ltr'><strong>ἐν</strong></span> <span class='ocrx_word' id='word_1_360' title='bbox 719 3044 831 3102; x_wconf 88' lang='grc' dir='ltr'>τοῖς</span> <span class='ocrx_word' id='word_1_361' title='bbox 858 3040 1198 3109; x_wconf 63' lang='grc' dir='ltr'>ἀμφιλαφέσι</span> <span class='ocrx_word' id='word_1_362' title='bbox 1231 3038 1451 3108; x_wconf 87' lang='grc' dir='ltr'>χωρίοις</span> <span class='ocrx_word' id='word_1_363' title='bbox 1491 3038 1647 3105; x_wconf 86' lang='grc' dir='ltr'>λόχον</span> <span class='ocrx_word' id='word_1_364' title='bbox 1678 3038 1769 3102; x_wconf 77' lang='grc' dir='ltr'>ἐγ-</span> 
     </span>
    </p>
   </div>
   <div class='ocr_carea' id='block_1_50' title="bbox 188 3128 1769 3202">
    <p class='ocr_par' dir='ltr' id='par_1_50' title="bbox 188 3128 1769 3202">
     <span class='ocr_line' id='line_1_50' title="bbox 188 3128 1769 3202; baseline -0.004 -17"><span class='ocrx_word' id='word_1_365' title='bbox 188 3133 560 3195; x_wconf 79' lang='grc' dir='ltr'>καθιστάνειν,</span> <span class='ocrx_word' id='word_1_366' title='bbox 596 3134 690 3186; x_wconf 73' lang='grc' dir='ltr'><strong>καὶ</strong></span> <span class='ocrx_word' id='word_1_367' title='bbox 718 3136 783 3200; x_wconf 84' lang='grc' dir='ltr'>τῇ</span> <span class='ocrx_word' id='word_1_368' title='bbox 822 3131 1102 3202; x_wconf 82' lang='grc' dir='ltr'>Ῥωμαϊκῇ</span> <span class='ocrx_word' id='word_1_369' title='bbox 1148 3131 1379 3200; x_wconf 81' lang='grc' dir='ltr'>στρατιᾷ</span> <span class='ocrx_word' id='word_1_370' title='bbox 1405 3131 1469 3181; x_wconf 92' lang='grc' dir='ltr'><strong>ἐκ</strong></span> <span class='ocrx_word' id='word_1_371' title='bbox 1499 3128 1594 3181; x_wconf 83' lang='grc' dir='ltr'>τοῦ</span> <span class='ocrx_word' id='word_1_372' title='bbox 1628 3130 1769 3195; x_wconf 82' lang='grc' dir='ltr'>ἁφα-</span> 
     </span>
    </p>
   </div>
   <div class='ocr_carea' id='block_1_51' title="bbox 1943 2475 3454 2547">
    <p class='ocr_par' dir='ltr' id='par_1_51' title="bbox 1943 2475 3454 2547">
     <span class='ocr_line' id='line_1_51' title="bbox 1943 2475 3454 2547; baseline 0.005 -15"><span class='ocrx_word' id='word_1_373' title='bbox 1943 2481 1995 2533; x_wconf 77' lang='lat'><strong>3.</strong></span> <span class='ocrx_word' id='word_1_374' title='bbox 2031 2478 2163 2532; x_wconf 89' lang='lat' dir='ltr'><strong>Cum</strong></span> <span class='ocrx_word' id='word_1_375' title='bbox 2201 2479 2254 2531; x_wconf 92' lang='lat' dir='ltr'><strong>in</strong></span> <span class='ocrx_word' id='word_1_376' title='bbox 2284 2492 2477 2547; x_wconf 78' lang='lat' dir='ltr'><strong>agrum</strong></span> <span class='ocrx_word' id='word_1_377' title='bbox 2516 2475 2840 2531; x_wconf 83' lang='lat' dir='ltr'><strong>Tarsensem</strong></span> <span class='ocrx_word' id='word_1_378' title='bbox 2877 2480 3238 2547; x_wconf 85' lang='lat' dir='ltr'><strong>pervenisset.</strong></span> <span class='ocrx_word' id='word_1_379' title='bbox 3258 2486 3454 2539; x_wconf 83' lang='lat' dir='ltr'><strong>castris</strong></span> 
     </span>
    </p>
   </div>
   <div class='ocr_carea' id='block_1_52' title="bbox 1872 2567 3453 2641">
    <p class='ocr_par' dir='ltr' id='par_1_52' title="bbox 1872 2567 3453 2641">
     <span class='ocr_line' id='line_1_52' title="bbox 1872 2567 3453 2641; baseline 0.004 -19"><span class='ocrx_word' id='word_1_380' title='bbox 1872 2570 2031 2623; x_wconf 80' lang='lat' dir='ltr'><strong>factis</strong></span> <span class='ocrx_word' id='word_1_381' title='bbox 2058 2568 2367 2637; x_wconf 89' lang='lat' dir='ltr'><strong>oppidoque</strong></span> <span class='ocrx_word' id='word_1_382' title='bbox 2389 2567 2824 2631; x_wconf 85' lang='lat' dir='ltr'><strong>circumvallato,</strong></span> <span class='ocrx_word' id='word_1_383' title='bbox 2844 2583 3065 2637; x_wconf 87' lang='lat' dir='ltr'><strong>campos</strong></span> <span class='ocrx_word' id='word_1_384' title='bbox 3090 2580 3253 2639; x_wconf 83' lang='lat' dir='ltr'><strong>atque</strong></span> <span class='ocrx_word' id='word_1_385' title='bbox 3274 2587 3453 2641; x_wconf 86' lang='lat' dir='ltr'><strong>prata.</strong></span> 
     </span>
    </p>
   </div>
   <div class='ocr_carea' id='block_1_53' title="bbox 1869 2660 3451 2734">
    <p class='ocr_par' dir='ltr' id='par_1_53' title="bbox 1869 2660 3451 2734">
     <span class='ocr_line' id='line_1_53' title="bbox 1869 2660 3451 2734; baseline 0.005 -18"><span class='ocrx_word' id='word_1_386' title='bbox 1869 2663 2095 2717; x_wconf 84' lang='lat' dir='ltr'><strong>ﬂoribus</strong></span> <span class='ocrx_word' id='word_1_387' title='bbox 2127 2662 2515 2730; x_wconf 84' lang='lat' dir='ltr'><strong>variarumque</strong></span> <span class='ocrx_word' id='word_1_388' title='bbox 2542 2662 2800 2715; x_wconf 87' lang='lat' dir='ltr'><strong>arborum</strong></span> <span class='ocrx_word' id='word_1_389' title='bbox 2834 2660 3027 2717; x_wconf 81' lang='lat' dir='ltr'><strong>formis</strong></span> <span class='ocrx_word' id='word_1_390' title='bbox 3063 2664 3206 2727; x_wconf 76' lang='lat' dir='ltr'><strong>laeta,</strong></span> <span class='ocrx_word' id='word_1_391' title='bbox 3235 2670 3451 2734; x_wconf 89' lang='lat' dir='ltr'><strong>penitus</strong></span> 
     </span>
    </p>
   </div>
   <div class='ocr_carea' id='block_1_54' title="bbox 1867 2754 3452 2827">
    <p class='ocr_par' dir='ltr' id='par_1_54' title="bbox 1867 2754 3452 2827">
     <span class='ocr_line' id='line_1_54' title="bbox 1867 2754 3452 2827; baseline 0.003 -17"><span class='ocrx_word' id='word_1_392' title='bbox 1867 2758 2067 2810; x_wconf 86' lang='lat' dir='ltr'><strong>vastari</strong></span> <span class='ocrx_word' id='word_1_393' title='bbox 2124 2754 2371 2824; x_wconf 86' lang='lat' dir='ltr'><strong>caedique</strong></span> <span class='ocrx_word' id='word_1_394' title='bbox 2419 2756 2607 2822; x_wconf 87' lang='lat' dir='ltr'><strong>jussit,</strong></span> <span class='ocrx_word' id='word_1_395' title='bbox 2639 2765 2699 2809; x_wconf 89' lang='lat' dir='ltr'><strong>ut</strong></span> <span class='ocrx_word' id='word_1_396' title='bbox 2729 2755 2780 2808; x_wconf 93' lang='lat' dir='ltr'><strong>in</strong></span> <span class='ocrx_word' id='word_1_397' title='bbox 2848 2757 3150 2825; x_wconf 81' lang='lat' dir='ltr'><strong>conSpicuo</strong></span> <span class='ocrx_word' id='word_1_398' title='bbox 3206 2761 3452 2827; x_wconf 61' lang='lat' dir='ltr'><strong>pralium</strong></span> 
     </span>
    </p>
   </div>
   <div class='ocr_carea' id='block_1_55' title="bbox 1874 2850 3453 2921">
    <p class='ocr_par' dir='ltr' id='par_1_55' title="bbox 1874 2850 3453 2921">
     <span class='ocr_line' id='line_1_55' title="bbox 1874 2850 3453 2921; baseline 0.003 -13"><span class='ocrx_word' id='word_1_399' title='bbox 1874 2859 2045 2917; x_wconf 82' lang='lat' dir='ltr'><strong>licrct,</strong></span> <span class='ocrx_word' id='word_1_400' title='bbox 2070 2868 2246 2921; x_wconf 86' lang='lat' dir='ltr'><strong>neque</strong></span> <span class='ocrx_word' id='word_1_401' title='bbox 2272 2850 2417 2906; x_wconf 91' lang='lat' dir='ltr'><strong>ullas</strong></span> <span class='ocrx_word' id='word_1_402' title='bbox 2444 2851 2699 2905; x_wconf 86' lang='lat' dir='ltr'><strong>Barbaris</strong></span> <span class='ocrx_word' id='word_1_403' title='bbox 2722 2852 2910 2906; x_wconf 88' lang='lat' dir='ltr'><strong>liceret</strong></span> <span class='ocrx_word' id='word_1_404' title='bbox 2942 2853 2994 2905; x_wconf 91' lang='lat' dir='ltr'><strong>in</strong></span> <span class='ocrx_word' id='word_1_405' title='bbox 3022 2857 3287 2910; x_wconf 88' lang='lat' dir='ltr'><strong>contectis</strong></span> <span class='ocrx_word' id='word_1_406' title='bbox 3318 2858 3453 2913; x_wconf 89' lang='lat' dir='ltr'><strong>locis</strong></span> 
     </span>
    </p>
   </div>
   <div class='ocr_carea' id='block_1_56' title="bbox 1872 2944 3453 3018">
    <p class='ocr_par' dir='ltr' id='par_1_56' title="bbox 1872 2944 3453 3018">
     <span class='ocr_line' id='line_1_56' title="bbox 1872 2944 3453 3018; baseline 0.003 -17"><span class='ocrx_word' id='word_1_407' title='bbox 1872 2963 2075 3018; x_wconf 86' lang='lat' dir='ltr'><strong>ponere</strong></span> <span class='ocrx_word' id='word_1_408' title='bbox 2120 2947 2366 3011; x_wconf 89' lang='lat' dir='ltr'><strong>insidias,</strong></span> <span class='ocrx_word' id='word_1_409' title='bbox 2394 2947 2447 2998; x_wconf 93' lang='lat' dir='ltr'><strong>iu</strong></span> <span class='ocrx_word' id='word_1_410' title='bbox 2488 2944 2909 3015; x_wconf 76' lang='lat' dir='ltr'><strong>Romanumque</strong></span> <span class='ocrx_word' id='word_1_411' title='bbox 2937 2949 3239 3002; x_wconf 80' lang='lat' dir='ltr'><strong>exercitum</strong></span> <span class='ocrx_word' id='word_1_412' title='bbox 3268 2966 3333 3004; x_wconf 85' lang='lat' dir='ltr'><strong>ex</strong></span> <span class='ocrx_word' id='word_1_413' title='bbox 3356 2967 3453 3005; x_wconf 85' lang='lat' dir='ltr'><strong>oc—</strong></span> 
     </span>
    </p>
   </div>
   <div class='ocr_carea' id='block_1_57' title="bbox 1872 3036 3453 3113">
    <p class='ocr_par' dir='ltr' id='par_1_57' title="bbox 1872 3036 3453 3113">
     <span class='ocr_line' id='line_1_57' title="bbox 1872 3036 3453 3113; baseline 0.002 -19"><span class='ocrx_word' id='word_1_414' title='bbox 1872 3041 2018 3094; x_wconf 90' lang='lat' dir='ltr'><strong>culto</strong></span> <span class='ocrx_word' id='word_1_415' title='bbox 2043 3040 2265 3093; x_wconf 90' lang='lat' dir='ltr'><strong>cooriri.</strong></span> <span class='ocrx_word' id='word_1_416' title='bbox 2302 3036 2549 3091; x_wconf 75' lang='lat' dir='ltr'><strong>Vidisses</strong></span> <span class='ocrx_word' id='word_1_417' title='bbox 2580 3048 2711 3091; x_wconf 92' lang='lat' dir='ltr'><strong>tunc</strong></span> <span class='ocrx_word' id='word_1_418' title='bbox 2740 3054 2935 3107; x_wconf 81' lang='lat' dir='ltr'><strong>agrum</strong></span> <span class='ocrx_word' id='word_1_419' title='bbox 2967 3055 3064 3093; x_wconf 93' lang='lat' dir='ltr'><strong>suo</strong></span> <span class='ocrx_word' id='word_1_420' title='bbox 3093 3042 3291 3097; x_wconf 88' lang='lat' dir='ltr'><strong>decore</strong></span> <span class='ocrx_word' id='word_1_421' title='bbox 3326 3059 3453 3113; x_wconf 84' lang='lat' dir='ltr'><strong>spo-</strong></span> 
     </span>
    </p>
   </div>
   <div class='ocr_carea' id='block_1_58' title="bbox 1873 3127 3449 3199">
    <p class='ocr_par' dir='ltr' id='par_1_58' title="bbox 1873 3127 3449 3199">
     <span class='ocr_line' id='line_1_58' title="bbox 1873 3127 3449 3199; baseline 0.003 -16"><span class='ocrx_word' id='word_1_422' title='bbox 1873 3131 1992 3183; x_wconf 84' lang='lat' dir='ltr'><strong>liari</strong></span> <span class='ocrx_word' id='word_1_423' title='bbox 2028 3149 2039 3182; x_wconf 94' lang='lat'>:</span> <span class='ocrx_word' id='word_1_424' title='bbox 2070 3128 2269 3183; x_wconf 88' lang='lat' dir='ltr'><strong>ctenim</strong></span> <span class='ocrx_word' id='word_1_425' title='bbox 2322 3138 2439 3179; x_wconf 89' lang='lat' dir='ltr'><strong>erat</strong></span> <span class='ocrx_word' id='word_1_426' title='bbox 2489 3127 2693 3195; x_wconf 88' lang='lat' dir='ltr'><strong>ubique</strong></span> <span class='ocrx_word' id='word_1_427' title='bbox 2752 3130 2993 3196; x_wconf 81' lang='lat' dir='ltr'><strong>Opimus,</strong></span> <span class='ocrx_word' id='word_1_428' title='bbox 3022 3130 3225 3199; x_wconf 87' lang='lat' dir='ltr'><strong>pabulo</strong></span> <span class='ocrx_word' id='word_1_429' title='bbox 3274 3132 3449 3195; x_wconf 77' lang='lat' dir='ltr'><strong>laetus,</strong></span> 
     </span>
    </p>
   </div>
   <div class='ocr_carea' id='block_1_59' title="bbox 188 3220 1767 3295">
    <p class='ocr_par' dir='ltr' id='par_1_59' title="bbox 188 3222 1760 3295">
     <span class='ocr_line' id='line_1_59' title="bbox 188 3222 1760 3295; baseline -0.003 -18"><span class='ocrx_word' id='word_1_430' title='bbox 188 3225 308 3288; x_wconf 80' lang='grc' dir='ltr'>νοῦς</span> <span class='ocrx_word' id='word_1_431' title='bbox 342 3226 703 3278; x_wconf 77' lang='grc' dir='ltr'>ἐπιτίθεσθαι.</span> <span class='ocrx_word' id='word_1_432' title='bbox 742 3224 850 3277; x_wconf 87' lang='grc' dir='ltr'>Ἦν</span> <span class='ocrx_word' id='word_1_433' title='bbox 896 3225 988 3277; x_wconf 75' lang='grc' dir='ltr'><strong>οὖν</strong></span> <span class='ocrx_word' id='word_1_434' title='bbox 1017 3226 1117 3293; x_wconf 83' lang='grc' dir='ltr'>τὴν</span> <span class='ocrx_word' id='word_1_435' title='bbox 1152 3224 1339 3295; x_wconf 86' lang='grc' dir='ltr'>χώραν</span> <span class='ocrx_word' id='word_1_436' title='bbox 1380 3222 1509 3275; x_wconf 83' lang='grc' dir='ltr'>ίδεῖν</span> <span class='ocrx_word' id='word_1_437' title='bbox 1552 3222 1643 3273; x_wconf 83' lang='grc' dir='ltr'>τὸν</span> <span class='ocrx_word' id='word_1_438' title='bbox 1683 3223 1760 3273; x_wconf 76' lang='grc' dir='ltr'><strong>οἰ-</strong></span> 
     </span>
    </p>
   </div>
   <div class='ocr_carea' id='block_1_60' title="bbox 1873 3220 3449 3295">
    <p class='ocr_par' dir='ltr' id='par_1_60' title="bbox 1873 3220 3449 3292">
     <span class='ocr_line' id='line_1_60' title="bbox 1873 3220 3449 3292; baseline 0.003 -17"><span class='ocrx_word' id='word_1_439' title='bbox 1873 3224 2120 3291; x_wconf 87' lang='lat' dir='ltr'><strong>stirpium</strong></span> <span class='ocrx_word' id='word_1_440' title='bbox 2169 3220 2433 3274; x_wconf 87' lang='lat' dir='ltr'><strong>varietate</strong></span> <span class='ocrx_word' id='word_1_441' title='bbox 2481 3234 2729 3285; x_wconf 85' lang='lat' dir='ltr'><strong>comans,</strong></span> <span class='ocrx_word' id='word_1_442' title='bbox 2762 3220 3109 3276; x_wconf 81' lang='lat' dir='ltr'><strong>fundentium</strong></span> <span class='ocrx_word' id='word_1_443' title='bbox 3160 3238 3449 3292; x_wconf 91' lang='lat' dir='ltr'><strong>pomorum</strong></span> 
     </span>
    </p>
   </div>
   <div class='ocr_carea' id='block_1_61' title="bbox 186 3315 1765 3386">
    <p class='ocr_par' dir='ltr' id='par_1_61' title="bbox 186 3315 1765 3386">
     <span class='ocr_line' id='line_1_61' title="bbox 186 3315 1765 3386; baseline -0.003 -17"><span class='ocrx_word' id='word_1_444' title='bbox 186 3321 330 3369; x_wconf 84' lang='grc' dir='ltr'>κείον</span> <span class='ocrx_word' id='word_1_445' title='bbox 352 3316 634 3386; x_wconf 74' lang='grc' dir='ltr'>ὠραῖτμὸν</span> <span class='ocrx_word' id='word_1_446' title='bbox 658 3316 1072 3368; x_wconf 73' lang='grc' dir='ltr'>ἀποϐάλλουσαν</span> <span class='ocrx_word' id='word_1_447' title='bbox 1094 3333 1111 3346; x_wconf 69' lang='grc'><strong><em>⁸</em></strong></span> <span class='ocrx_word' id='word_1_448' title='bbox 1138 3315 1412 3385; x_wconf 79' lang='grc' dir='ltr'>εὐδαίμων</span> <span class='ocrx_word' id='word_1_449' title='bbox 1440 3315 1551 3383; x_wconf 83' lang='grc' dir='ltr'>γὰρ</span> <span class='ocrx_word' id='word_1_450' title='bbox 1577 3316 1765 3367; x_wconf 75' lang='grc' dir='ltr'>ἅπασα</span> 
     </span>
    </p>
   </div>
   <div class='ocr_carea' id='block_1_62' title="bbox 187 3407 1762 3477">
    <p class='ocr_par' dir='ltr' id='par_1_62' title="bbox 187 3407 1762 3477">
     <span class='ocr_line' id='line_1_62' title="bbox 187 3407 1762 3477; baseline -0.002 -18"><span class='ocrx_word' id='word_1_451' title='bbox 187 3411 278 3461; x_wconf 78' lang='grc' dir='ltr'>καὶ</span> <span class='ocrx_word' id='word_1_452' title='bbox 334 3408 561 3471; x_wconf 75' lang='grc' dir='ltr'>εῠὸοτος</span> <span class='ocrx_word' id='word_1_453' title='bbox 588 3408 632 3439; x_wconf 72' lang='grc'><strong>⁸⁸</strong></span> <span class='ocrx_word' id='word_1_454' title='bbox 667 3408 779 3477; x_wconf 80' lang='grc'><strong>(58)</strong></span> <span class='ocrx_word' id='word_1_455' title='bbox 834 3410 929 3461; x_wconf 79' lang='grc' dir='ltr'>καὶ</span> <span class='ocrx_word' id='word_1_456' title='bbox 970 3408 1153 3476; x_wconf 78' lang='grc' dir='ltr'>φυτῶν</span> <span class='ocrx_word' id='word_1_457' title='bbox 1193 3407 1360 3470; x_wconf 89' lang='grc' dir='ltr'>ίδέαις</span> <span class='ocrx_word' id='word_1_458' title='bbox 1429 3408 1762 3474; x_wconf 78' lang='grc' dir='ltr'>κατακομος,</span> 
     </span>
    </p>
   </div>
   <div class='ocr_carea' id='block_1_63' title="bbox 188 3496 1766 3569">
    <p class='ocr_par' dir='ltr' id='par_1_63' title="bbox 188 3496 1766 3569">
     <span class='ocr_line' id='line_1_63' title="bbox 188 3496 1766 3569; baseline -0.002 -16"><span class='ocrx_word' id='word_1_459' title='bbox 188 3504 285 3554; x_wconf 74' lang='grc' dir='ltr'>ὗσα</span> <span class='ocrx_word' id='word_1_460' title='bbox 311 3496 422 3553; x_wconf 80' lang='grc' dir='ltr'>οἶδε</span> <span class='ocrx_word' id='word_1_461' title='bbox 454 3501 643 3568; x_wconf 81' lang='grc' dir='ltr'>φέρειν</span> <span class='ocrx_word' id='word_1_462' title='bbox 668 3501 889 3569; x_wconf 80' lang='grc' dir='ltr'>ὀπώρας</span> <span class='ocrx_word' id='word_1_463' title='bbox 940 3500 1203 3559; x_wconf 84' lang='grc' dir='ltr'>παντοίας</span> <span class='ocrx_word' id='word_1_464' title='bbox 1254 3498 1485 3568; x_wconf 78' lang='grc' dir='ltr'>χυμούς.</span> <span class='ocrx_word' id='word_1_465' title='bbox 1532 3499 1766 3566; x_wconf 78' lang='grc' dir='ltr'>Ταρσεῖς</span> 
     </span>
    </p>
   </div>
   <div class='ocr_carea' id='block_1_64' title="bbox 185 3591 1764 3662">
    <p class='ocr_par' dir='ltr' id='par_1_64' title="bbox 185 3591 1764 3662">
     <span class='ocr_line' id='line_1_64' title="bbox 185 3591 1764 3662; baseline -0.003 -16"><span class='ocrx_word' id='word_1_466' title='bbox 185 3595 238 3646; x_wconf 72' lang='grc' dir='ltr'><strong>δέ</strong></span> <span class='ocrx_word' id='word_1_467' title='bbox 269 3597 394 3654; x_wconf 82' lang='grc' dir='ltr'>ταῖς</span> <span class='ocrx_word' id='word_1_468' title='bbox 417 3594 562 3644; x_wconf 81' lang='grc' dir='ltr'>κατὰ</span> <span class='ocrx_word' id='word_1_469' title='bbox 603 3592 889 3661; x_wconf 84' lang='grc' dir='ltr'>Ῥωμαίων</span> <span class='ocrx_word' id='word_1_470' title='bbox 925 3592 1028 3662; x_wconf 68' lang='grc' dir='ltr'><strong>ἠδη</strong></span> <span class='ocrx_word' id='word_1_471' title='bbox 1062 3591 1366 3661; x_wconf 79' lang='grc' dir='ltr'>προὸἀσαις</span> <span class='ocrx_word' id='word_1_472' title='bbox 1395 3592 1572 3652; x_wconf 84' lang='grc' dir='ltr'>νίκαις</span> <span class='ocrx_word' id='word_1_473' title='bbox 1607 3593 1764 3642; x_wconf 85' lang='grc' dir='ltr'>ἐπαι-</span> 
     </span>
    </p>
   </div>
   <div class='ocr_carea' id='block_1_65' title="bbox 190 3680 1763 3751">
    <p class='ocr_par' dir='ltr' id='par_1_65' title="bbox 190 3680 1763 3751">
     <span class='ocr_line' id='line_1_65' title="bbox 190 3680 1763 3751; baseline -0.001 -18"><span class='ocrx_word' id='word_1_474' title='bbox 190 3684 431 3751; x_wconf 72' lang='grc' dir='ltr'>ρόμενοι,</span> <span class='ocrx_word' id='word_1_475' title='bbox 487 3681 708 3749; x_wconf 87' lang='grc' dir='ltr'>θρασεῖς</span> <span class='ocrx_word' id='word_1_476' title='bbox 765 3684 903 3743; x_wconf 81' lang='grc' dir='ltr'>τέως</span> <span class='ocrx_word' id='word_1_477' title='bbox 951 3683 1042 3731; x_wconf 73' lang='grc' dir='ltr'><strong>καὶ</strong></span> <span class='ocrx_word' id='word_1_478' title='bbox 1077 3681 1355 3751; x_wconf 75' lang='grc' dir='ltr'>ἀγέρωχοι</span> <span class='ocrx_word' id='word_1_479' title='bbox 1394 3698 1540 3743; x_wconf 88' lang='grc' dir='ltr'>τινες</span> <span class='ocrx_word' id='word_1_480' title='bbox 1566 3680 1763 3749; x_wconf 82' lang='grc' dir='ltr'>ἐξητά-</span> 
     </span>
    </p>
   </div>
   <div class='ocr_carea' id='block_1_66' title="bbox 190 3772 1759 3841">
    <p class='ocr_par' dir='ltr' id='par_1_66' title="bbox 190 3772 1759 3841">
     <span class='ocr_line' id='line_1_66' title="bbox 190 3772 1759 3841; baseline 0 -16"><span class='ocrx_word' id='word_1_481' title='bbox 190 3774 361 3836; x_wconf 81' lang='grc' dir='ltr'>ζοντο,</span> <span class='ocrx_word' id='word_1_482' title='bbox 420 3773 521 3824; x_wconf 84' lang='grc' dir='ltr'><strong>οὑκ</strong></span> <span class='ocrx_word' id='word_1_483' title='bbox 559 3772 837 3841; x_wconf 81' lang='grc' dir='ltr'>ἠνείχοντό</span> <span class='ocrx_word' id='word_1_484' title='bbox 889 3790 947 3825; x_wconf 88' lang='grc' dir='ltr'><strong>τε</strong></span> <span class='ocrx_word' id='word_1_485' title='bbox 992 3774 1247 3841; x_wconf 85' lang='grc' dir='ltr'>κατέχειν</span> <span class='ocrx_word' id='word_1_486' title='bbox 1308 3776 1367 3825; x_wconf 83' lang='grc' dir='ltr'><strong>ἐν</strong></span> <span class='ocrx_word' id='word_1_487' title='bbox 1418 3775 1634 3836; x_wconf 79' lang='grc' dir='ltr'>ἑαυτοῖς</span> <span class='ocrx_word' id='word_1_488' title='bbox 1668 3775 1759 3826; x_wconf 84' lang='grc' dir='ltr'><strong>τὸν</strong></span> 
     </span>
    </p>
   </div>
   <div class='ocr_carea' id='block_1_67' title="bbox 189 3865 1763 3936">
    <p class='ocr_par' dir='ltr' id='par_1_67' title="bbox 189 3865 1763 3936">
     <span class='ocr_line' id='line_1_67' title="bbox 189 3865 1763 3936; baseline 0.001 -19"><span class='ocrx_word' id='word_1_489' title='bbox 189 3867 379 3933; x_wconf 73' lang='grc' dir='ltr'>θυμὸν,</span> <span class='ocrx_word' id='word_1_490' title='bbox 409 3865 527 3925; x_wconf 79' lang='grc' dir='ltr'>ἀλλῖ</span> <span class='ocrx_word' id='word_1_491' title='bbox 560 3866 874 3929; x_wconf 82' lang='grc' dir='ltr'>ὑπεξιόντες</span> <span class='ocrx_word' id='word_1_492' title='bbox 930 3865 1025 3917; x_wconf 81' lang='grc' dir='ltr'><strong>τοῦ</strong></span> <span class='ocrx_word' id='word_1_493' title='bbox 1053 3868 1243 3928; x_wconf 82' lang='grc' dir='ltr'>ἄστεος</span> <span class='ocrx_word' id='word_1_494' title='bbox 1289 3868 1347 3928; x_wconf 90' lang='grc' dir='ltr'><strong>ἐς</strong></span> <span class='ocrx_word' id='word_1_495' title='bbox 1403 3867 1665 3936; x_wconf 80' lang='grc' dir='ltr'>καρτερὸν</span> <span class='ocrx_word' id='word_1_496' title='bbox 1706 3867 1763 3933; x_wconf 83' lang='grc' dir='ltr'><strong>ἐξ</strong></span> 
     </span>
    </p>
   </div>
   <div class='ocr_carea' id='block_1_68' title="bbox 186 3957 1765 4029">
    <p class='ocr_par' dir='ltr' id='par_1_68' title="bbox 186 3957 1765 4029">
     <span class='ocr_line' id='line_1_68' title="bbox 186 3957 1765 4029; baseline 0 -20"><span class='ocrx_word' id='word_1_497' title='bbox 186 3958 485 4011; x_wconf 77' lang='grc' dir='ltr'>ἀντιπάλου</span> <span class='ocrx_word' id='word_1_498' title='bbox 535 3957 977 4029; x_wconf 80' lang='grc' dir='ltr'>παρεκροτοῦντο</span> <span class='ocrx_word' id='word_1_499' title='bbox 1011 3959 1055 3990; x_wconf 79' lang='grc'><strong>³⁸</strong></span> <span class='ocrx_word' id='word_1_500' title='bbox 1110 3958 1511 4027; x_wconf 78' lang='grc' dir='ltr'>συνασπισμὸν,</span> <span class='ocrx_word' id='word_1_501' title='bbox 1568 3958 1765 4028; x_wconf 86' lang='grc' dir='ltr'>τολμη-</span> 
     </span>
    </p>
   </div>
   <div class='ocr_carea' id='block_1_69' title="bbox 186 4049 1763 4120">
    <p class='ocr_par' dir='ltr' id='par_1_69' title="bbox 186 4049 1763 4120">
     <span class='ocr_line' id='line_1_69' title="bbox 186 4049 1763 4120; baseline 0.001 -18"><span class='ocrx_word' id='word_1_502' title='bbox 186 4052 293 4104; x_wconf 84' lang='grc' dir='ltr'>τίαι</span> <span class='ocrx_word' id='word_1_503' title='bbox 319 4051 462 4111; x_wconf 83' lang='grc' dir='ltr'>τινὲς</span> <span class='ocrx_word' id='word_1_504' title='bbox 491 4049 587 4102; x_wconf 80' lang='grc' dir='ltr'>καὶ</span> <span class='ocrx_word' id='word_1_505' title='bbox 619 4049 1057 4120; x_wconf 68' lang='grc' dir='ltr'>θαρραλεώτεροι</span> <span class='ocrx_word' id='word_1_506' title='bbox 1086 4049 1179 4101; x_wconf 83' lang='grc' dir='ltr'>τοῦ</span> <span class='ocrx_word' id='word_1_507' title='bbox 1226 4051 1450 4119; x_wconf 87' lang='grc' dir='ltr'>μετρίου</span> <span class='ocrx_word' id='word_1_508' title='bbox 1500 4051 1606 4120; x_wconf 83' lang='grc' dir='ltr'><strong>πρὸ</strong></span> <span class='ocrx_word' id='word_1_509' title='bbox 1665 4052 1763 4119; x_wconf 73' lang='grc' dir='ltr'><strong>τῆς</strong></span> 
     </span>
    </p>
   </div>
   <div class='ocr_carea' id='block_1_70' title="bbox 186 4140 1764 4210">
    <p class='ocr_par' dir='ltr' id='par_1_70' title="bbox 186 4140 1764 4210">
     <span class='ocr_line' id='line_1_70' title="bbox 186 4140 1764 4210; baseline 0.002 -19"><span class='ocrx_word' id='word_1_510' title='bbox 186 4141 278 4193; x_wconf 78' lang='grc' dir='ltr'><strong>τοῦ</strong></span> <span class='ocrx_word' id='word_1_511' title='bbox 312 4142 555 4208; x_wconf 75' lang='grc' dir='ltr'>πολέμου</span> <span class='ocrx_word' id='word_1_512' title='bbox 601 4142 799 4209; x_wconf 86' lang='grc' dir='ltr'>πείρας</span> <span class='ocrx_word' id='word_1_513' title='bbox 829 4141 1301 4210; x_wconf 77' lang='grc' dir='ltr'>ἀναδεικνύμενοι.</span> <span class='ocrx_word' id='word_1_514' title='bbox 1341 4140 1403 4195; x_wconf 85' lang='grc' dir='ltr'>Ὀ</span> <span class='ocrx_word' id='word_1_515' title='bbox 1434 4141 1489 4193; x_wconf 85' lang='grc' dir='ltr'><strong>δέ</strong></span> <span class='ocrx_word' id='word_1_516' title='bbox 1512 4140 1764 4210; x_wconf 76' lang='grc' dir='ltr'>βασιλεὺς</span> 
     </span>
    </p>
   </div>
   <div class='ocr_carea' id='block_1_71' title="bbox 185 4232 1762 4304">
    <p class='ocr_par' dir='ltr' id='par_1_71' title="bbox 185 4232 1762 4304">
     <span class='ocr_line' id='line_1_71' title="bbox 185 4232 1762 4304; baseline 0.001 -20"><span class='ocrx_word' id='word_1_517' title='bbox 185 4235 277 4284; x_wconf 76' lang='grc' dir='ltr'><strong>καὶ</strong></span> <span class='ocrx_word' id='word_1_518' title='bbox 312 4233 478 4293; x_wconf 68' lang='grc' dir='ltr'>αὐτὸς</span> <span class='ocrx_word' id='word_1_519' title='bbox 516 4233 668 4284; x_wconf 59' lang='lat' dir='ltr'><strong>vim&quot;</strong></span> <span class='ocrx_word' id='word_1_520' title='bbox 702 4232 937 4299; x_wconf 73' lang='grc' dir='ltr'>ἄλκιμον</span> <span class='ocrx_word' id='word_1_521' title='bbox 991 4234 1081 4285; x_wconf 74' lang='grc' dir='ltr'><strong>καὶ</strong></span> <span class='ocrx_word' id='word_1_522' title='bbox 1138 4232 1420 4302; x_wconf 80' lang='grc' dir='ltr'>ῥωμαλέον</span> <span class='ocrx_word' id='word_1_523' title='bbox 1453 4237 1552 4303; x_wconf 84' lang='grc' dir='ltr'>τῆς</span> <span class='ocrx_word' id='word_1_524' title='bbox 1602 4250 1762 4304; x_wconf 88' lang='grc' dir='ltr'>στρα-</span> 
     </span>
    </p>
   </div>
   <div class='ocr_carea' id='block_1_72' title="bbox 186 4323 1761 4395">
    <p class='ocr_par' dir='ltr' id='par_1_72' title="bbox 186 4323 1761 4395">
     <span class='ocr_line' id='line_1_72' title="bbox 186 4323 1761 4395; baseline 0.003 -22"><span class='ocrx_word' id='word_1_525' title='bbox 186 4326 305 4385; x_wconf 76' lang='grc' dir='ltr'>τιᾶς</span> <span class='ocrx_word' id='word_1_526' title='bbox 340 4325 584 4390; x_wconf 72' lang='grc' dir='ltr'>ὑπεξῆγε</span> <span class='ocrx_word' id='word_1_527' title='bbox 632 4323 726 4376; x_wconf 82' lang='grc' dir='ltr'>τοῦ</span> <span class='ocrx_word' id='word_1_528' title='bbox 781 4324 1023 4393; x_wconf 83' lang='grc' dir='ltr'>χάρακος</span> <span class='ocrx_word' id='word_1_529' title='bbox 1051 4324 1186 4395; x_wconf 76' lang='lat'><strong>(39),</strong></span> <span class='ocrx_word' id='word_1_530' title='bbox 1249 4325 1306 4376; x_wconf 90' lang='grc' dir='ltr'><strong>ἐν</strong></span> <span class='ocrx_word' id='word_1_531' title='bbox 1341 4324 1651 4394; x_wconf 84' lang='grc' dir='ltr'>μεταιχμίῳ</span> <span class='ocrx_word' id='word_1_532' title='bbox 1701 4341 1761 4377; x_wconf 83' lang='grc' dir='ltr'><strong>τε</strong></span> 
     </span>
    </p>
   </div>
   <div class='ocr_carea' id='block_1_73' title="bbox 184 4416 1762 4486">
    <p class='ocr_par' dir='ltr' id='par_1_73' title="bbox 184 4416 1762 4486">
     <span class='ocr_line' id='line_1_73' title="bbox 184 4416 1762 4486; baseline 0 -18"><span class='ocrx_word' id='word_1_533' title='bbox 184 4421 414 4486; x_wconf 82' lang='grc' dir='ltr'>καθίστη</span> <span class='ocrx_word' id='word_1_534' title='bbox 450 4416 550 4479; x_wconf 79' lang='grc' dir='ltr'>τὰς</span> <span class='ocrx_word' id='word_1_535' title='bbox 580 4418 867 4485; x_wconf 76' lang='grc' dir='ltr'>φάλαγγας</span> <span class='ocrx_word' id='word_1_536' title='bbox 896 4416 1032 4485; x_wconf 74' lang='grc'><strong>(40),</strong></span> <span class='ocrx_word' id='word_1_537' title='bbox 1060 4416 1202 4471; x_wconf 86' lang='grc' dir='ltr'><strong>κατά</strong></span> <span class='ocrx_word' id='word_1_538' title='bbox 1229 4416 1481 4485; x_wconf 82' lang='grc' dir='ltr'>μέτωπον</span> <span class='ocrx_word' id='word_1_539' title='bbox 1512 4418 1611 4485; x_wconf 86' lang='grc' dir='ltr'><strong>μὲν</strong></span> <span class='ocrx_word' id='word_1_540' title='bbox 1635 4417 1762 4478; x_wconf 81' lang='grc' dir='ltr'>τοὺς</span> 
     </span>
    </p>
   </div>
   <div class='ocr_carea' id='block_1_74' title="bbox 187 4505 1759 4577">
    <p class='ocr_par' dir='ltr' id='par_1_74' title="bbox 187 4505 1759 4577">
     <span class='ocr_line' id='line_1_74' title="bbox 187 4505 1759 4577; baseline -0.001 -19"><span class='ocrx_word' id='word_1_541' title='bbox 187 4509 555 4577; x_wconf 77' lang='grc' dir='ltr'>πανσιδήρους</span> <span class='ocrx_word' id='word_1_542' title='bbox 591 4508 823 4569; x_wconf 79' lang='grc' dir='ltr'>ἱππότας</span> <span class='ocrx_word' id='word_1_543' title='bbox 860 4506 1044 4569; x_wconf 81' lang='grc' dir='ltr'>ίστῶν,</span> <span class='ocrx_word' id='word_1_544' title='bbox 1101 4505 1384 4572; x_wconf 76' lang='grc' dir='ltr'>ἐξόπισθεν</span> <span class='ocrx_word' id='word_1_545' title='bbox 1416 4505 1473 4558; x_wconf 80' lang='grc' dir='ltr'><strong>δέ</strong></span> <span class='ocrx_word' id='word_1_546' title='bbox 1533 4506 1759 4569; x_wconf 79' lang='grc' dir='ltr'>τοξότας</span> 
     </span>
    </p>
   </div>
   <div class='ocr_carea' id='block_1_75' title="bbox 1873 3310 3450 3383">
    <p class='ocr_par' dir='ltr' id='par_1_75' title="bbox 1873 3310 3450 3383">
     <span class='ocr_line' id='line_1_75' title="bbox 1873 3310 3450 3383; baseline 0.003 -15"><span class='ocrx_word' id='word_1_547' title='bbox 1873 3315 2141 3383; x_wconf 87' lang='lat' dir='ltr'><strong>cujusque</strong></span> <span class='ocrx_word' id='word_1_548' title='bbox 2186 3311 2401 3380; x_wconf 82' lang='lat' dir='ltr'><strong>generis</strong></span> <span class='ocrx_word' id='word_1_549' title='bbox 2443 3325 2690 3379; x_wconf 85' lang='lat' dir='ltr'><strong>sapores.</strong></span> <span class='ocrx_word' id='word_1_550' title='bbox 2731 3310 3049 3377; x_wconf 87' lang='lat' dir='ltr'><strong>Tarsenses,</strong></span> <span class='ocrx_word' id='word_1_551' title='bbox 3074 3317 3450 3383; x_wconf 88' lang='lat' dir='ltr'><strong>superioribus</strong></span> 
     </span>
    </p>
   </div>
   <div class='ocr_carea' id='block_1_76' title="bbox 1874 3403 3453 3471">
    <p class='ocr_par' dir='ltr' id='par_1_76' title="bbox 1874 3403 3453 3471">
     <span class='ocr_line' id='line_1_76' title="bbox 1874 3403 3453 3471; baseline 0.005 -15"><span class='ocrx_word' id='word_1_552' title='bbox 1874 3407 2118 3461; x_wconf 83' lang='lat' dir='ltr'><strong>victoriis</strong></span> <span class='ocrx_word' id='word_1_553' title='bbox 2148 3420 2210 3458; x_wconf 83' lang='lat' dir='ltr'><strong>ex</strong></span> <span class='ocrx_word' id='word_1_554' title='bbox 2243 3403 2505 3457; x_wconf 81' lang='lat' dir='ltr'><strong>Romanis</strong></span> <span class='ocrx_word' id='word_1_555' title='bbox 2543 3406 2833 3471; x_wconf 86' lang='lat' dir='ltr'><strong>reportatis</strong></span> <span class='ocrx_word' id='word_1_556' title='bbox 2863 3405 3010 3469; x_wconf 90' lang='lat' dir='ltr'><strong>elati,</strong></span> <span class='ocrx_word' id='word_1_557' title='bbox 3035 3406 3307 3462; x_wconf 83' lang='lat' dir='ltr'><strong>feroculos</strong></span> <span class='ocrx_word' id='word_1_558' title='bbox 3331 3425 3453 3464; x_wconf 85' lang='lat' dir='ltr'><strong>sese</strong></span> 
     </span>
    </p>
   </div>
   <div class='ocr_carea' id='block_1_77' title="bbox 1872 3496 3451 3570">
    <p class='ocr_par' dir='ltr' id='par_1_77' title="bbox 1872 3496 3451 3570">
     <span class='ocr_line' id='line_1_77' title="bbox 1872 3496 3451 3570; baseline 0.002 -19"><span class='ocrx_word' id='word_1_559' title='bbox 1872 3499 1939 3551; x_wconf 89' lang='lat' dir='ltr'><strong>de</strong></span> <span class='ocrx_word' id='word_1_560' title='bbox 1989 3496 2259 3566; x_wconf 89' lang='lat' dir='ltr'><strong>principio</strong></span> <span class='ocrx_word' id='word_1_561' title='bbox 2308 3502 2741 3563; x_wconf 77' lang='lat' dir='ltr'><strong>arrogantesque</strong></span> <span class='ocrx_word' id='word_1_562' title='bbox 2794 3496 3451 3570; x_wconf 63' lang='lat' dir='ltr'><strong>praebueruntmumque</strong></span> 
     </span>
    </p>
   </div>
   <div class='ocr_carea' id='block_1_78' title="bbox 1875 3588 3451 3662">
    <p class='ocr_par' dir='ltr' id='par_1_78' title="bbox 1875 3588 3451 3662">
     <span class='ocr_line' id='line_1_78' title="bbox 1875 3588 3451 3662; baseline 0.004 -21"><span class='ocrx_word' id='word_1_563' title='bbox 1875 3591 1924 3641; x_wconf 91' lang='lat' dir='ltr'><strong>iu</strong></span> <span class='ocrx_word' id='word_1_564' title='bbox 1959 3604 2015 3643; x_wconf 86' lang='lat' dir='ltr'><strong>se</strong></span> <span class='ocrx_word' id='word_1_565' title='bbox 2046 3588 2325 3642; x_wconf 89' lang='lat' dir='ltr'><strong>continere</strong></span> <span class='ocrx_word' id='word_1_566' title='bbox 2357 3588 2571 3640; x_wconf 86' lang='lat' dir='ltr'><strong>animos</strong></span> <span class='ocrx_word' id='word_1_567' title='bbox 2601 3600 2708 3639; x_wconf 88' lang='lat' dir='ltr'><strong>non</strong></span> <span class='ocrx_word' id='word_1_568' title='bbox 2750 3597 2989 3656; x_wconf 89' lang='lat' dir='ltr'><strong>possent,</strong></span> <span class='ocrx_word' id='word_1_569' title='bbox 3009 3592 3210 3657; x_wconf 75' lang='lat' dir='ltr'><strong>egressi</strong></span> <span class='ocrx_word' id='word_1_570' title='bbox 3252 3594 3451 3662; x_wconf 88' lang='lat' dir='ltr'><strong>oppido</strong></span> 
     </span>
    </p>
   </div>
   <div class='ocr_carea' id='block_1_79' title="bbox 1874 3679 3450 3755">
    <p class='ocr_par' dir='ltr' id='par_1_79' title="bbox 1874 3679 3450 3755">
     <span class='ocr_line' id='line_1_79' title="bbox 1874 3679 3450 3755; baseline 0.003 -20"><span class='ocrx_word' id='word_1_571' title='bbox 1874 3680 2061 3751; x_wconf 82' lang='lat' dir='ltr'><strong>59in</strong></span> <span class='ocrx_word' id='word_1_572' title='bbox 2098 3681 2308 3734; x_wconf 77' lang='lat' dir='ltr'><strong>ﬁrmam</strong></span> <span class='ocrx_word' id='word_1_573' title='bbox 2343 3679 2666 3750; x_wconf 85' lang='lat' dir='ltr'><strong>phalangem</strong></span> <span class='ocrx_word' id='word_1_574' title='bbox 2699 3696 2763 3735; x_wconf 78' lang='lat' dir='ltr'><strong>ex</strong></span> <span class='ocrx_word' id='word_1_575' title='bbox 2796 3682 3024 3737; x_wconf 83' lang='lat' dir='ltr'><strong>adverso</strong></span> <span class='ocrx_word' id='word_1_576' title='bbox 3062 3686 3450 3755; x_wconf 88' lang='lat' dir='ltr'><strong>constipaban-</strong></span> 
     </span>
    </p>
   </div>
   <div class='ocr_carea' id='block_1_80' title="bbox 1872 3771 3449 3841">
    <p class='ocr_par' dir='ltr' id='par_1_80' title="bbox 1872 3771 3449 3841">
     <span class='ocr_line' id='line_1_80' title="bbox 1872 3771 3449 3841; baseline 0.006 -17"><span class='ocrx_word' id='word_1_577' title='bbox 1872 3771 2233 3835; x_wconf 86' lang='lat' dir='ltr'><strong>tur,audaces</strong></span> <span class='ocrx_word' id='word_1_578' title='bbox 2261 3785 2319 3824; x_wconf 89' lang='lat' dir='ltr'><strong>se</strong></span> <span class='ocrx_word' id='word_1_579' title='bbox 2355 3781 2520 3840; x_wconf 88' lang='lat' dir='ltr'><strong>atque</strong></span> <span class='ocrx_word' id='word_1_580' title='bbox 2565 3771 2789 3825; x_wconf 82' lang='lat' dir='ltr'><strong>ﬁdentes</strong></span> <span class='ocrx_word' id='word_1_581' title='bbox 2822 3773 2943 3841; x_wconf 89' lang='lat' dir='ltr'><strong>plus</strong></span> <span class='ocrx_word' id='word_1_582' title='bbox 2971 3788 3134 3841; x_wconf 90' lang='lat' dir='ltr'><strong>quam</strong></span> <span class='ocrx_word' id='word_1_583' title='bbox 3168 3778 3303 3831; x_wconf 87' lang='lat' dir='ltr'><strong>satis</strong></span> <span class='ocrx_word' id='word_1_584' title='bbox 3332 3793 3449 3834; x_wconf 90' lang='lat' dir='ltr'><strong>erat</strong></span> 
     </span>
    </p>
   </div>
   <div class='ocr_carea' id='block_1_81' title="bbox 1872 3862 3447 3933">
    <p class='ocr_par' dir='ltr' id='par_1_81' title="bbox 1872 3862 3447 3933">
     <span class='ocr_line' id='line_1_81' title="bbox 1872 3862 3447 3933; baseline 0.004 -18"><span class='ocrx_word' id='word_1_585' title='bbox 1872 3872 1999 3916; x_wconf 89' lang='lat' dir='ltr'><strong>ante</strong></span> <span class='ocrx_word' id='word_1_586' title='bbox 2051 3862 2173 3916; x_wconf 85' lang='lat' dir='ltr'><strong>belli</strong></span> <span class='ocrx_word' id='word_1_587' title='bbox 2223 3862 2523 3929; x_wconf 88' lang='lat' dir='ltr'><strong>periculum</strong></span> <span class='ocrx_word' id='word_1_588' title='bbox 2565 3863 2936 3917; x_wconf 88' lang='lat' dir='ltr'><strong>ostendentes.</strong></span> <span class='ocrx_word' id='word_1_589' title='bbox 2969 3863 3271 3933; x_wconf 83' lang='lat' dir='ltr'><strong>Imperator</strong></span> <span class='ocrx_word' id='word_1_590' title='bbox 3320 3868 3447 3923; x_wconf 90' lang='lat' dir='ltr'><strong>item</strong></span> 
     </span>
    </p>
   </div>
   <div class='ocr_carea' id='block_1_82' title="bbox 1871 3953 3447 4025">
    <p class='ocr_par' dir='ltr' id='par_1_82' title="bbox 1871 3953 3447 4025">
     <span class='ocr_line' id='line_1_82' title="bbox 1871 3953 3447 4025; baseline 0.004 -17"><span class='ocrx_word' id='word_1_591' title='bbox 1871 3955 2135 4025; x_wconf 89' lang='lat' dir='ltr'><strong>quidquid</strong></span> <span class='ocrx_word' id='word_1_592' title='bbox 2191 3953 2405 4007; x_wconf 84' lang='lat' dir='ltr'><strong>lirmum</strong></span> <span class='ocrx_word' id='word_1_593' title='bbox 2438 3955 2734 4023; x_wconf 85' lang='lat' dir='ltr'><strong>valensque</strong></span> <span class='ocrx_word' id='word_1_594' title='bbox 2792 3962 2911 4007; x_wconf 89' lang='lat' dir='ltr'><strong>erat</strong></span> <span class='ocrx_word' id='word_1_595' title='bbox 2965 3956 3019 4008; x_wconf 93' lang='lat' dir='ltr'><strong>iu</strong></span> <span class='ocrx_word' id='word_1_596' title='bbox 3072 3958 3339 4022; x_wconf 84' lang='lat' dir='ltr'><strong>exercitu,</strong></span> <span class='ocrx_word' id='word_1_597' title='bbox 3382 3975 3447 4015; x_wconf 79' lang='lat' dir='ltr'><strong>ex</strong></span> 
     </span>
    </p>
   </div>
   <div class='ocr_carea' id='block_1_83' title="bbox 1871 4044 3445 4113">
    <p class='ocr_par' dir='ltr' id='par_1_83' title="bbox 1871 4044 3445 4113">
     <span class='ocr_line' id='line_1_83' title="bbox 1871 4044 3445 4113; baseline 0.001 -12"><span class='ocrx_word' id='word_1_598' title='bbox 1871 4048 2070 4101; x_wconf 82' lang='lat' dir='ltr'><strong>castris</strong></span> <span class='ocrx_word' id='word_1_599' title='bbox 2114 4046 2316 4111; x_wconf 89' lang='lat' dir='ltr'><strong>educit,</strong></span> <span class='ocrx_word' id='word_1_600' title='bbox 2344 4044 2536 4099; x_wconf 78' lang='lat' dir='ltr'><strong>infesta</strong></span> <span class='ocrx_word' id='word_1_601' title='bbox 2592 4045 2710 4098; x_wconf 89' lang='lat' dir='ltr'><strong>acie</strong></span> <span class='ocrx_word' id='word_1_602' title='bbox 2768 4044 3010 4113; x_wconf 79' lang='lat' dir='ltr'><strong>legiones</strong></span> <span class='ocrx_word' id='word_1_603' title='bbox 3059 4049 3364 4103; x_wconf 91' lang='lat' dir='ltr'><strong>constituit.</strong></span> <span class='ocrx_word' id='word_1_604' title='bbox 3392 4050 3445 4103; x_wconf 89' lang='lat' dir='ltr'><strong>In</strong></span> 
     </span>
    </p>
   </div>
   <div class='ocr_carea' id='block_1_84' title="bbox 1870 4136 3446 4209">
    <p class='ocr_par' dir='ltr' id='par_1_84' title="bbox 1870 4136 3446 4209">
     <span class='ocr_line' id='line_1_84' title="bbox 1870 4136 3446 4209; baseline 0.001 -18"><span class='ocrx_word' id='word_1_605' title='bbox 1870 4138 2051 4191; x_wconf 80' lang='lat' dir='ltr'><strong>fronte</strong></span> <span class='ocrx_word' id='word_1_606' title='bbox 2081 4137 2314 4190; x_wconf 84' lang='lat' dir='ltr'><strong>collocat</strong></span> <span class='ocrx_word' id='word_1_607' title='bbox 2339 4137 2553 4204; x_wconf 88' lang='lat' dir='ltr'><strong>equites</strong></span> <span class='ocrx_word' id='word_1_608' title='bbox 2582 4136 2987 4205; x_wconf 78' lang='lat' dir='ltr'><strong>cataphractos,</strong></span> <span class='ocrx_word' id='word_1_609' title='bbox 3013 4148 3134 4206; x_wconf 88' lang='lat' dir='ltr'><strong>post</strong></span> <span class='ocrx_word' id='word_1_610' title='bbox 3163 4138 3261 4192; x_wconf 87' lang='lat' dir='ltr'><strong>hos</strong></span> <span class='ocrx_word' id='word_1_611' title='bbox 3278 4141 3446 4209; x_wconf 75' lang='lat' dir='ltr'><strong>sagit-</strong></span> 
     </span>
    </p>
   </div>
   <div class='ocr_carea' id='block_1_85' title="bbox 1870 4228 3444 4286">
    <p class='ocr_par' dir='ltr' id='par_1_85' title="bbox 1870 4228 3444 4286">
     <span class='ocr_line' id='line_1_85' title="bbox 1870 4228 3444 4286; baseline 0.001 -3"><span class='ocrx_word' id='word_1_612' title='bbox 1870 4231 2042 4283; x_wconf 85' lang='lat' dir='ltr'><strong>tarios</strong></span> <span class='ocrx_word' id='word_1_613' title='bbox 2076 4238 2126 4283; x_wconf 91' lang='lat' dir='ltr'><strong>et</strong></span> <span class='ocrx_word' id='word_1_614' title='bbox 2161 4229 2464 4282; x_wconf 70' lang='lat' dir='ltr'><strong>funditores</strong></span> <span class='ocrx_word' id='word_1_615' title='bbox 2496 4245 2509 4280; x_wconf 91' lang='lat'><strong>:</strong></span> <span class='ocrx_word' id='word_1_616' title='bbox 2548 4228 2648 4281; x_wconf 90' lang='lat' dir='ltr'><strong>hos</strong></span> <span class='ocrx_word' id='word_1_617' title='bbox 2690 4229 2795 4281; x_wconf 90' lang='lat' dir='ltr'><strong>tela</strong></span> <span class='ocrx_word' id='word_1_618' title='bbox 2833 4229 2885 4281; x_wconf 91' lang='lat' dir='ltr'><strong>in</strong></span> <span class='ocrx_word' id='word_1_619' title='bbox 2921 4230 3273 4285; x_wconf 75' lang='lat' dir='ltr'><strong>adversarios</strong></span> <span class='ocrx_word' id='word_1_620' title='bbox 3314 4232 3444 4286; x_wconf 85' lang='lat' dir='ltr'><strong>mit-</strong></span> 
     </span>
    </p>
   </div>
   <div class='ocr_carea' id='block_1_86' title="bbox 1870 4321 3449 4391">
    <p class='ocr_par' dir='ltr' id='par_1_86' title="bbox 1870 4321 3449 4391">
     <span class='ocr_line' id='line_1_86' title="bbox 1870 4321 3449 4391; baseline 0.001 -15"><span class='ocrx_word' id='word_1_621' title='bbox 1870 4332 1983 4377; x_wconf 89' lang='lat' dir='ltr'><strong>tere</strong></span> <span class='ocrx_word' id='word_1_622' title='bbox 2018 4322 2191 4391; x_wconf 89' lang='lat' dir='ltr'><strong>jubet.</strong></span> <span class='ocrx_word' id='word_1_623' title='bbox 2224 4321 2278 4374; x_wconf 92' lang='lat' dir='ltr'><strong>ln</strong></span> <span class='ocrx_word' id='word_1_624' title='bbox 2332 4321 2527 4374; x_wconf 79' lang='lat' dir='ltr'><strong>dextro</strong></span> <span class='ocrx_word' id='word_1_625' title='bbox 2575 4334 2746 4375; x_wconf 91' lang='lat' dir='ltr'><strong>cornu</strong></span> <span class='ocrx_word' id='word_1_626' title='bbox 2783 4322 2900 4391; x_wconf 91' lang='lat' dir='ltr'><strong>ipse</strong></span> <span class='ocrx_word' id='word_1_627' title='bbox 2952 4323 3209 4378; x_wconf 88' lang='lat' dir='ltr'><strong>consistit</strong></span> <span class='ocrx_word' id='word_1_628' title='bbox 3241 4341 3256 4376; x_wconf 88' lang='lat'><strong>:</strong></span> <span class='ocrx_word' id='word_1_629' title='bbox 3285 4325 3449 4379; x_wconf 75' lang='lat' dir='ltr'><strong>innu-</strong></span> 
     </span>
    </p>
   </div>
   <div class='ocr_carea' id='block_1_87' title="bbox 1869 4411 3445 4481">
    <p class='ocr_par' dir='ltr' id='par_1_87' title="bbox 1869 4411 3445 4481">
     <span class='ocr_line' id='line_1_87' title="bbox 1869 4411 3445 4481; baseline 0.002 -15"><span class='ocrx_word' id='word_1_630' title='bbox 1869 4428 2076 4466; x_wconf 89' lang='lat' dir='ltr'><strong>meram</strong></span> <span class='ocrx_word' id='word_1_631' title='bbox 2139 4412 2384 4481; x_wconf 86' lang='lat' dir='ltr'><strong>equitum</strong></span> <span class='ocrx_word' id='word_1_632' title='bbox 2450 4420 2725 4465; x_wconf 89' lang='lat' dir='ltr'><strong>catervam</strong></span> <span class='ocrx_word' id='word_1_633' title='bbox 2777 4411 3165 4468; x_wconf 80' lang='lat' dir='ltr'><strong>inducenszin</strong></span> <span class='ocrx_word' id='word_1_634' title='bbox 3222 4415 3445 4471; x_wconf 87' lang='lat' dir='ltr'><strong>sinistro</strong></span> 
     </span>
    </p>
   </div>
   <div class='ocr_carea' id='block_1_88' title="bbox 1868 4503 3444 4569">
    <p class='ocr_par' dir='ltr' id='par_1_88' title="bbox 1868 4503 3444 4569">
     <span class='ocr_line' id='line_1_88' title="bbox 1868 4503 3444 4569; baseline 0.002 -12"><span class='ocrx_word' id='word_1_635' title='bbox 1868 4503 2110 4559; x_wconf 84' lang='lat' dir='ltr'><strong>Joannes</strong></span> <span class='ocrx_word' id='word_1_636' title='bbox 2140 4514 2504 4569; x_wconf 75' lang='lat' dir='ltr'><strong>cognomento</strong></span> <span class='ocrx_word' id='word_1_637' title='bbox 2530 4503 2851 4568; x_wconf 87' lang='lat' dir='ltr'><strong>Tzimisces,</strong></span> <span class='ocrx_word' id='word_1_638' title='bbox 2880 4503 3048 4559; x_wconf 76' lang='lat' dir='ltr'><strong>Ducis</strong></span> <span class='ocrx_word' id='word_1_639' title='bbox 3079 4505 3257 4562; x_wconf 80' lang='lat' dir='ltr'><strong>oilicio</strong></span> <span class='ocrx_word' id='word_1_640' title='bbox 3288 4508 3444 4561; x_wconf 86' lang='lat' dir='ltr'><strong>deco-</strong></span> 
     </span>
    </p>
   </div>
   <div class='ocr_carea' id='block_1_89' title="bbox 1349 4704 2321 4765">
    <p class='ocr_par' dir='ltr' id='par_1_89' title="bbox 1349 4704 2321 4765">
     <span class='ocr_line' id='line_1_89' title="bbox 1349 4704 2321 4765; baseline 0.001 -4"><span class='ocrx_word' id='word_1_641' title='bbox 1349 4708 1411 4761; x_wconf 84' lang='lat' dir='ltr'><strong>C.</strong></span> <span class='ocrx_word' id='word_1_642' title='bbox 1453 4706 1513 4761; x_wconf 85' lang='grc' dir='ltr'><strong>Β.</strong></span> <span class='ocrx_word' id='word_1_643' title='bbox 1554 4704 1732 4760; x_wconf 86' lang='lat' dir='ltr'><strong>HASll</strong></span> <span class='ocrx_word' id='word_1_644' title='bbox 1768 4704 2321 4765; x_wconf 81' lang='lat' dir='ltr'><strong>ANNUTATIONES.</strong></span> 
     </span>
    </p>
   </div>
   <div class='ocr_carea' id='block_1_90' title="bbox 254 4883 1767 4967">
    <p class='ocr_par' dir='ltr' id='par_1_90' title="bbox 254 4888 1767 4967">
     <span class='ocr_line' id='line_1_90' title="bbox 254 4888 1767 4967; baseline -0.001 -26"><span class='ocrx_word' id='word_1_645' title='bbox 254 4892 298 4922; x_wconf 78' lang='lat'>&quot;</span> <span class='ocrx_word' id='word_1_646' title='bbox 327 4890 482 4967; x_wconf 71' lang='grc' dir='ltr'>τουτὶ</span> <span class='ocrx_word' id='word_1_647' title='bbox 515 4888 637 4942; x_wconf 89' lang='lat' dir='ltr'><strong>cod.</strong></span> <span class='ocrx_word' id='word_1_648' title='bbox 672 4898 726 4967; x_wconf 65' lang='lat' dir='ltr'><strong>et</strong></span> <span class='ocrx_word' id='word_1_649' title='bbox 743 4894 906 4967; x_wconf 71' lang='lat' dir='ltr'><strong>paulo</strong></span> <span class='ocrx_word' id='word_1_650' title='bbox 937 4899 1061 4957; x_wconf 89' lang='lat' dir='ltr'><strong>post</strong></span> <span class='ocrx_word' id='word_1_651' title='bbox 1089 4888 1198 4967; x_wconf 57' lang='grc' dir='ltr'>μορ</span> <span class='ocrx_word' id='word_1_652' title='bbox 1229 4888 1767 4967; x_wconf 73' lang='lat' dir='ltr'><strong>sc_rihere_debuisset</strong></span> 
     </span>
    </p>
   </div>
   <div class='ocr_carea' id='block_1_91' title="bbox 1873 4883 3442 4967">
    <p class='ocr_par' dir='ltr' id='par_1_91' title="bbox 1878 4883 3442 4967">
     <span class='ocr_line' id='line_1_91' title="bbox 1878 4883 3442 4967; baseline 0.008 -28"><span class='ocrx_word' id='word_1_653' title='bbox 1878 4887 2185 4967; x_wconf 32' lang='grc' dir='ltr'><strong>δίεσθαιρσύἱ</strong></span> <span class='ocrx_word' id='word_1_654' title='bbox 2252 4888 2299 4967; x_wconf 65' lang='grc' dir='ltr'><strong>’ξ</strong></span> <span class='ocrx_word' id='word_1_655' title='bbox 2321 4886 2523 4967; x_wconf 74' lang='grc' dir='ltr'>εὖωτος</span> <span class='ocrx_word' id='word_1_656' title='bbox 2556 4884 2681 4942; x_wconf 89' lang='lat' dir='ltr'><strong>cod.</strong></span> <span class='ocrx_word' id='word_1_657' title='bbox 2712 4883 2819 4940; x_wconf 88' lang='lat' dir='ltr'><strong>Sed</strong></span> <span class='ocrx_word' id='word_1_658' title='bbox 2852 4886 2957 4941; x_wconf 83' lang='lat' dir='ltr'><strong>vid.</strong></span> <span class='ocrx_word' id='word_1_659' title='bbox 2984 4888 3037 4942; x_wconf 84' lang='lat'><strong>5.</strong></span> <span class='ocrx_word' id='word_1_660' title='bbox 3068 4892 3136 4945; x_wconf 75' lang='grc' dir='ltr'><strong>Α.</strong></span> <span class='ocrx_word' id='word_1_661' title='bbox 3170 4896 3442 4967; x_wconf 80' lang='grc' dir='ltr'>εὐδαίμων</span> 
     </span>
    </p>
   </div>
   <div class='ocr_carea' id='block_1_92' title="bbox 187 4958 1393 5033">
    <p class='ocr_par' dir='ltr' id='par_1_92' title="bbox 187 4958 1393 5033">
     <span class='ocr_line' id='line_1_92' title="bbox 187 4958 1393 5033; baseline 0.001 -21"><span class='ocrx_word' id='word_1_662' title='bbox 187 4961 293 5031; x_wconf 82' lang='grc' dir='ltr'>γὰρ</span> <span class='ocrx_word' id='word_1_663' title='bbox 334 4963 369 5033; x_wconf 77' lang='grc' dir='ltr'>ἡ</span> <span class='ocrx_word' id='word_1_664' title='bbox 392 4960 551 5029; x_wconf 77' lang='grc' dir='ltr'>χώρα</span> <span class='ocrx_word' id='word_1_665' title='bbox 572 4988 643 5000; x_wconf 91' lang='grc'><strong>-</strong></span> <span class='ocrx_word' id='word_1_666' title='bbox 672 4958 890 5021; x_wconf 69' lang='grc' dir='ltr'>εὔϐοτος</span> <span class='ocrx_word' id='word_1_667' title='bbox 931 4976 988 5010; x_wconf 86' lang='grc' dir='ltr'><strong>τε</strong></span> <span class='ocrx_word' id='word_1_668' title='bbox 1018 4960 1111 5010; x_wconf 82' lang='grc' dir='ltr'><strong>καὶ</strong></span> <span class='ocrx_word' id='word_1_669' title='bbox 1135 4958 1393 5030; x_wconf 73' lang='grc' dir='ltr'>εὔμηλος.</span> 
     </span>
    </p>
   </div>
   <div class='ocr_carea' id='block_1_93' title="bbox 1474 4956 1953 5027">
    <p class='ocr_par' dir='ltr' id='par_1_93' title="bbox 1474 4956 1953 5027">
     <span class='ocr_line' id='line_1_93' title="bbox 1474 4956 1953 5027; baseline -0.004 -16"><span class='ocrx_word' id='word_1_670' title='bbox 1474 4960 1521 4991; x_wconf 78' lang='grc'><strong>’⁸</strong></span> <span class='ocrx_word' id='word_1_671' title='bbox 1555 4976 1632 5010; x_wconf 85' lang='grc' dir='ltr'><strong>πα</strong></span> <span class='ocrx_word' id='word_1_672' title='bbox 1641 4976 1737 5027; x_wconf 87' lang='grc' dir='ltr'><strong>ρεκ</strong></span> <span class='ocrx_word' id='word_1_673' title='bbox 1746 4956 1953 5024; x_wconf 80' lang='grc' dir='ltr'>ροῦντο.</span> 
     </span>
    </p>
   </div>
   <div class='ocr_carea' id='block_1_94' title="bbox 2045 4956 2513 5028">
    <p class='ocr_par' dir='ltr' id='par_1_94' title="bbox 2045 4956 2513 5028">
     <span class='ocr_line' id='line_1_94' title="bbox 2045 4956 2513 5028; baseline -0.002 -18"><span class='ocrx_word' id='word_1_674' title='bbox 2045 4959 2094 4989; x_wconf 74' lang='grc'><strong>⁸⁸</strong></span> <span class='ocrx_word' id='word_1_675' title='bbox 2127 4959 2238 5011; x_wconf 87' lang='grc' dir='ltr'>τόν.</span> <span class='ocrx_word' id='word_1_676' title='bbox 2278 4958 2405 5028; x_wconf 77' lang='lat' dir='ltr'><strong>Leg.</strong></span> <span class='ocrx_word' id='word_1_677' title='bbox 2434 4956 2513 5010; x_wconf 87' lang='grc' dir='ltr'>τό.</span> 
     </span>
    </p>
   </div>
   <div class='ocr_carea' id='block_1_95' title="bbox 186 5150 1767 5228">
    <p class='ocr_par' dir='ltr' id='par_1_95' title="bbox 186 5150 1761 5228">
     <span class='ocr_line' id='line_1_95' title="bbox 186 5150 1761 5228; baseline -0.004 -16"><span class='ocrx_word' id='word_1_678' title='bbox 186 5156 494 5228; x_wconf 51' lang='lat' dir='ltr'><strong>conditione</strong></span> <span class='ocrx_word' id='word_1_679' title='bbox 534 5150 984 5228; x_wconf 27' lang='lat' dir='ltr'><strong>dictionarioru‘m</strong></span> <span class='ocrx_word' id='word_1_680' title='bbox 1010 5151 1373 5228; x_wconf 70' lang='lat' dir='ltr'><strong>_Gra_:corum:</strong></span> <span class='ocrx_word' id='word_1_681' title='bbox 1414 5152 1510 5228; x_wconf 75' lang='lat' dir='ltr'><strong>Die</strong></span> <span class='ocrx_word' id='word_1_682' title='bbox 1538 5155 1761 5228; x_wconf 66' lang='lat' dir='ltr'><strong>griechi-</strong></span> 
     </span>
    </p>
   </div>
   <div class='ocr_carea' id='block_1_96' title="bbox 1873 5150 3439 5228">
    <p class='ocr_par' dir='ltr' id='par_1_96' title="bbox 1873 5152 3439 5228">
     <span class='ocr_line' id='line_1_96' title="bbox 1873 5152 3439 5228; baseline 0.004 -22"><span class='ocrx_word' id='word_1_683' title='bbox 1873 5155 1922 5206; x_wconf 91' lang='lat' dir='ltr'><strong>in</strong></span> <span class='ocrx_word' id='word_1_684' title='bbox 1954 5152 2088 5228; x_wconf 77' lang='lat' dir='ltr'><strong>Cod.</strong></span> <span class='ocrx_word' id='word_1_685' title='bbox 2141 5152 2214 5228; x_wconf 80' lang='lat' dir='ltr'><strong>sit</strong></span> <span class='ocrx_word' id='word_1_686' title='bbox 2238 5152 2655 5228; x_wconf 60' lang='lat' dir='ltr'><strong>eoeocpovacr&#39;jv,</strong></span> <span class='ocrx_word' id='word_1_687' title='bbox 2694 5169 2995 5222; x_wconf 84' lang='lat' dir='ltr'><strong>vocemque</strong></span> <span class='ocrx_word' id='word_1_688' title='bbox 3032 5156 3405 5228; x_wconf 80' lang='grc' dir='ltr'>αὐτοφονευτή</span> <span class='ocrx_word' id='word_1_689' title='bbox 3426 5181 3439 5220; x_wconf 86' lang='lat'><strong><em>;</em></strong></span> 
     </span>
    </p>
   </div>
   <div class='ocr_carea' id='block_1_97' title="bbox 184 5222 1756 5281">
    <p class='ocr_par' dir='ltr' id='par_1_97' title="bbox 184 5222 1756 5281">
     <span class='ocr_line' id='line_1_97' title="bbox 184 5222 1756 5281; baseline -0.003 0"><span class='ocrx_word' id='word_1_690' title='bbox 184 5230 334 5281; x_wconf 75' lang='lat' dir='ltr'><strong>srhen</strong></span> <span class='ocrx_word' id='word_1_691' title='bbox 352 5223 567 5281; x_wconf 70' lang='grc' dir='ltr'>ννωτιετ</span> <span class='ocrx_word' id='word_1_692' title='bbox 602 5224 719 5275; x_wconf 77' lang='lat' dir='ltr'><strong>sind</strong></span> <span class='ocrx_word' id='word_1_693' title='bbox 753 5223 885 5274; x_wconf 83' lang='lat' dir='ltr'><strong>noch</strong></span> <span class='ocrx_word' id='word_1_694' title='bbox 916 5223 968 5274; x_wconf 80' lang='lat' dir='ltr'><strong>in</strong></span> <span class='ocrx_word' id='word_1_695' title='bbox 988 5225 1083 5275; x_wconf 84' lang='lat' dir='ltr'><strong>den</strong></span> <span class='ocrx_word' id='word_1_696' title='bbox 1109 5225 1281 5275; x_wconf 84' lang='lat' dir='ltr'><strong>besten</strong></span> <span class='ocrx_word' id='word_1_697' title='bbox 1306 5222 1511 5277; x_wconf 73' lang='lat' dir='ltr'><strong>Lexicis</strong></span> <span class='ocrx_word' id='word_1_698' title='bbox 1530 5224 1756 5277; x_wconf 77' lang='lat' dir='ltr'><strong>schleclu</strong></span> 
     </span>
    </p>
   </div>
   <div class='ocr_carea' id='block_1_98' title="bbox 186 5292 1756 5356">
    <p class='ocr_par' dir='ltr' id='par_1_98' title="bbox 186 5292 1756 5356">
     <span class='ocr_line' id='line_1_98' title="bbox 186 5292 1756 5356; baseline -0.002 -7"><span class='ocrx_word' id='word_1_699' title='bbox 186 5304 306 5351; x_wconf 82' lang='lat' dir='ltr'><strong>oder</strong></span> <span class='ocrx_word' id='word_1_700' title='bbox 331 5295 583 5350; x_wconf 74' lang='lat' dir='ltr'><strong>vielmehr</strong></span> <span class='ocrx_word' id='word_1_701' title='bbox 614 5308 709 5356; x_wconf 81' lang='lat' dir='ltr'><strong>gar</strong></span> <span class='ocrx_word' id='word_1_702' title='bbox 733 5294 875 5344; x_wconf 76' lang='lat' dir='ltr'><strong>nio/it</strong></span> <span class='ocrx_word' id='word_1_703' title='bbox 909 5292 1105 5346; x_wconf 70' lang='lat' dir='ltr'><strong>erklcrt</strong></span> <span class='ocrx_word' id='word_1_704' title='bbox 1135 5308 1189 5345; x_wconf 94' lang='lat' dir='ltr'><strong>u.</strong></span> <span class='ocrx_word' id='word_1_705' title='bbox 1226 5309 1270 5346; x_wconf 89' lang='lat' dir='ltr'><strong>s.</strong></span> <span class='ocrx_word' id='word_1_706' title='bbox 1305 5310 1375 5346; x_wconf 85' lang='lat' dir='ltr'><strong>w.</strong></span> <span class='ocrx_word' id='word_1_707' title='bbox 1413 5292 1483 5347; x_wconf 88' lang='lat' dir='ltr'><strong>Ut</strong></span> <span class='ocrx_word' id='word_1_708' title='bbox 1520 5297 1640 5348; x_wconf 89' lang='lat' dir='ltr'><strong>ideo</strong></span> <span class='ocrx_word' id='word_1_709' title='bbox 1672 5295 1756 5347; x_wconf 81' lang='lat' dir='ltr'><strong>ui-</strong></span> 
     </span>
    </p>
   </div>
   <div class='ocr_carea' id='block_1_99' title="bbox 185 5363 1756 5435">
    <p class='ocr_par' dir='ltr' id='par_1_99' title="bbox 185 5363 1756 5435">
     <span class='ocr_line' id='line_1_99' title="bbox 185 5363 1756 5435; baseline -0.002 -17"><span class='ocrx_word' id='word_1_710' title='bbox 185 5370 254 5420; x_wconf 83' lang='lat' dir='ltr'><strong>liii</strong></span> <span class='ocrx_word' id='word_1_711' title='bbox 291 5367 467 5435; x_wconf 75' lang='lat' dir='ltr'><strong>magis</strong></span> <span class='ocrx_word' id='word_1_712' title='bbox 505 5363 754 5435; x_wconf 76' lang='lat' dir='ltr'><strong>conferre</strong></span> <span class='ocrx_word' id='word_1_713' title='bbox 786 5372 967 5429; x_wconf 73' lang='lat' dir='ltr'><strong>putem</strong></span> <span class='ocrx_word' id='word_1_714' title='bbox 1014 5366 1080 5415; x_wconf 91' lang='lat' dir='ltr'><strong>ad</strong></span> <span class='ocrx_word' id='word_1_715' title='bbox 1125 5364 1437 5435; x_wconf 82' lang='lat' dir='ltr'><strong>interiorem</strong></span> <span class='ocrx_word' id='word_1_716' title='bbox 1486 5365 1756 5435; x_wconf 75' lang='lat' dir='ltr'><strong>cognitio.</strong></span> 
     </span>
    </p>
   </div>
   <div class='ocr_carea' id='block_1_100' title="bbox 184 5433 1755 5504">
    <p class='ocr_par' dir='ltr' id='par_1_100' title="bbox 184 5433 1755 5504">
     <span class='ocr_line' id='line_1_100' title="bbox 184 5433 1755 5504; baseline -0.001 -16"><span class='ocrx_word' id='word_1_717' title='bbox 184 5454 300 5491; x_wconf 77' lang='lat' dir='ltr'><strong>nem</strong></span> <span class='ocrx_word' id='word_1_718' title='bbox 345 5433 543 5504; x_wconf 69' lang='lat' dir='ltr'><strong>lingua:</strong></span> <span class='ocrx_word' id='word_1_719' title='bbox 571 5433 792 5493; x_wconf 66' lang='lat' dir='ltr'><strong>Graecae,</strong></span> <span class='ocrx_word' id='word_1_720' title='bbox 819 5448 983 5501; x_wconf 87' lang='lat' dir='ltr'><strong>quam</strong></span> <span class='ocrx_word' id='word_1_721' title='bbox 1017 5436 1060 5485; x_wconf 92' lang='lat' dir='ltr'><strong>si</strong></span> <span class='ocrx_word' id='word_1_722' title='bbox 1088 5435 1153 5486; x_wconf 91' lang='lat' dir='ltr'><strong>ad</strong></span> <span class='ocrx_word' id='word_1_723' title='bbox 1185 5434 1573 5487; x_wconf 70' lang='lat' dir='ltr'><strong>discernendus</strong></span> <span class='ocrx_word' id='word_1_724' title='bbox 1611 5434 1755 5501; x_wconf 89' lang='lat' dir='ltr'><strong>ejus-</strong></span> 
     </span>
    </p>
   </div>
   <div class='ocr_carea' id='block_1_101' title="bbox 184 5503 1754 5572">
    <p class='ocr_par' dir='ltr' id='par_1_101' title="bbox 184 5503 1754 5572">
     <span class='ocr_line' id='line_1_101' title="bbox 184 5503 1754 5572; baseline -0.004 -12"><span class='ocrx_word' id='word_1_725' title='bbox 184 5511 298 5560; x_wconf 86' lang='lat' dir='ltr'><strong>dem</strong></span> <span class='ocrx_word' id='word_1_726' title='bbox 334 5503 586 5558; x_wconf 77' lang='lat' dir='ltr'><strong>vocabuli</strong></span> <span class='ocrx_word' id='word_1_727' title='bbox 620 5503 800 5555; x_wconf 85' lang='lat' dir='ltr'><strong>varias</strong></span> <span class='ocrx_word' id='word_1_728' title='bbox 830 5513 1161 5570; x_wconf 87' lang='lat' dir='ltr'><strong>potestates,</strong></span> <span class='ocrx_word' id='word_1_729' title='bbox 1196 5505 1503 5572; x_wconf 75' lang='lat' dir='ltr'><strong>analogiam</strong></span> <span class='ocrx_word' id='word_1_730' title='bbox 1534 5513 1587 5556; x_wconf 91' lang='lat' dir='ltr'><strong>et</strong></span> <span class='ocrx_word' id='word_1_731' title='bbox 1621 5504 1754 5572; x_wconf 83' lang='lat' dir='ltr'><strong>logi-</strong></span> 
     </span>
    </p>
   </div>
   <div class='ocr_carea' id='block_1_102' title="bbox 183 5574 1756 5641">
    <p class='ocr_par' dir='ltr' id='par_1_102' title="bbox 183 5574 1756 5641">
     <span class='ocr_line' id='line_1_102' title="bbox 183 5574 1756 5641; baseline 0.001 -16"><span class='ocrx_word' id='word_1_732' title='bbox 183 5592 295 5629; x_wconf 72' lang='lat' dir='ltr'><strong>ram</strong></span> <span class='ocrx_word' id='word_1_733' title='bbox 348 5582 606 5633; x_wconf 84' lang='lat' dir='ltr'><strong>secutus,</strong></span> <span class='ocrx_word' id='word_1_734' title='bbox 656 5588 685 5626; x_wconf 89' lang='lat' dir='ltr'><strong>e</strong></span> <span class='ocrx_word' id='word_1_735' title='bbox 729 5587 823 5625; x_wconf 88' lang='lat' dir='ltr'><strong>sua</strong></span> <span class='ocrx_word' id='word_1_736' title='bbox 862 5574 1092 5641; x_wconf 80' lang='lat' dir='ltr'><strong>quisque</strong></span> <span class='ocrx_word' id='word_1_737' title='bbox 1134 5588 1272 5640; x_wconf 90' lang='lat' dir='ltr'><strong>penu</strong></span> <span class='ocrx_word' id='word_1_738' title='bbox 1315 5589 1436 5641; x_wconf 79' lang='lat' dir='ltr'><strong>quae</strong></span> <span class='ocrx_word' id='word_1_739' title='bbox 1484 5574 1756 5626; x_wconf 87' lang='lat' dir='ltr'><strong>notaverit</strong></span> 
     </span>
    </p>
   </div>
   <div class='ocr_carea' id='block_1_103' title="bbox 183 5642 1751 5710">
    <p class='ocr_par' dir='ltr' id='par_1_103' title="bbox 183 5642 1751 5710">
     <span class='ocr_line' id='line_1_103' title="bbox 183 5642 1751 5710; baseline -0.001 -13"><span class='ocrx_word' id='word_1_740' title='bbox 183 5647 401 5708; x_wconf 74' lang='lat' dir='ltr'><strong>allerat,</strong></span> <span class='ocrx_word' id='word_1_741' title='bbox 458 5644 599 5696; x_wconf 85' lang='lat' dir='ltr'><strong>unde</strong></span> <span class='ocrx_word' id='word_1_742' title='bbox 650 5642 1042 5710; x_wconf 76' lang='lat' dir='ltr'><strong>Lexicographi</strong></span> <span class='ocrx_word' id='word_1_743' title='bbox 1097 5658 1250 5710; x_wconf 72' lang='lat' dir='ltr'><strong>aeque</strong></span> <span class='ocrx_word' id='word_1_744' title='bbox 1294 5653 1353 5696; x_wconf 87' lang='lat' dir='ltr'><strong>ut</strong></span> <span class='ocrx_word' id='word_1_745' title='bbox 1398 5642 1751 5698; x_wconf 83' lang='lat' dir='ltr'><strong>Grannnatici</strong></span> 
     </span>
    </p>
   </div>
   <div class='ocr_carea' id='block_1_104' title="bbox 184 5712 1750 5786">
    <p class='ocr_par' dir='ltr' id='par_1_104' title="bbox 184 5712 1750 5786">
     <span class='ocr_line' id='line_1_104' title="bbox 184 5712 1750 5786; baseline 0.001 -21"><span class='ocrx_word' id='word_1_746' title='bbox 184 5719 405 5786; x_wconf 77' lang='lat' dir='ltr'><strong>seligere</strong></span> <span class='ocrx_word' id='word_1_747' title='bbox 434 5728 555 5783; x_wconf 77' lang='lat' dir='ltr'><strong>quae</strong></span> <span class='ocrx_word' id='word_1_748' title='bbox 584 5713 766 5786; x_wconf 87' lang='lat' dir='ltr'><strong>velint,</strong></span> <span class='ocrx_word' id='word_1_749' title='bbox 792 5724 845 5765; x_wconf 84' lang='lat' dir='ltr'><strong>et</strong></span> <span class='ocrx_word' id='word_1_750' title='bbox 868 5712 1192 5780; x_wconf 81' lang='lat' dir='ltr'><strong>expendere,</strong></span> <span class='ocrx_word' id='word_1_751' title='bbox 1221 5722 1276 5767; x_wconf 85' lang='lat' dir='ltr'><strong>et</strong></span> <span class='ocrx_word' id='word_1_752' title='bbox 1303 5724 1618 5768; x_wconf 88' lang='lat' dir='ltr'><strong>convertere</strong></span> <span class='ocrx_word' id='word_1_753' title='bbox 1638 5754 1651 5776; x_wconf 95' lang='lat'><strong>,</strong></span> <span class='ocrx_word' id='word_1_754' title='bbox 1685 5716 1750 5766; x_wconf 85' lang='lat' dir='ltr'><strong>ad</strong></span> 
     </span>
    </p>
   </div>
   <div class='ocr_carea' id='block_1_105' title="bbox 186 5785 732 5848">
    <p class='ocr_par' dir='ltr' id='par_1_105' title="bbox 186 5785 732 5848">
     <span class='ocr_line' id='line_1_105' title="bbox 186 5785 732 5848; baseline 0.004 -14"><span class='ocrx_word' id='word_1_755' title='bbox 186 5785 309 5839; x_wconf 75' lang='lat' dir='ltr'><strong>uSus</strong></span> <span class='ocrx_word' id='word_1_756' title='bbox 339 5800 472 5839; x_wconf 89' lang='lat' dir='ltr'><strong>suos</strong></span> <span class='ocrx_word' id='word_1_757' title='bbox 504 5785 732 5848; x_wconf 85' lang='lat' dir='ltr'><strong>possint.</strong></span> 
     </span>
    </p>
   </div>
   <div class='ocr_carea' id='block_1_106' title="bbox 247 5853 1747 5926">
    <p class='ocr_par' dir='ltr' id='par_1_106' title="bbox 247 5853 1747 5926">
     <span class='ocr_line' id='line_1_106' title="bbox 247 5853 1747 5926; baseline -0.001 -18"><span class='ocrx_word' id='word_1_758' title='bbox 247 5856 359 5926; x_wconf 80' lang='lat'><strong>(37)</strong></span> <span class='ocrx_word' id='word_1_759' title='bbox 397 5853 620 5905; x_wconf 71' lang='lat' dir='ltr'><strong>Dedisse</strong></span> <span class='ocrx_word' id='word_1_760' title='bbox 648 5868 829 5905; x_wconf 87' lang='lat' dir='ltr'><strong>veram</strong></span> <span class='ocrx_word' id='word_1_761' title='bbox 866 5853 1150 5906; x_wconf 87' lang='lat' dir='ltr'><strong>lectionem</strong></span> <span class='ocrx_word' id='word_1_762' title='bbox 1186 5856 1403 5920; x_wconf 87' lang='lat' dir='ltr'><strong>opinor,</strong></span> <span class='ocrx_word' id='word_1_763' title='bbox 1436 5869 1747 5923; x_wconf 78' lang='lat' dir='ltr'><strong>quanquam</strong></span> 
     </span>
    </p>
   </div>
   <div class='ocr_carea' id='block_1_107' title="bbox 538 5945 1265 6006">
    <p class='ocr_par' dir='ltr' id='par_1_107' title="bbox 538 5945 1265 6006">
     <span class='ocr_line' id='line_1_107' title="bbox 538 5945 1265 6006; baseline 0.004 -3"><span class='ocrx_word' id='word_1_764' title='bbox 538 5946 811 6005; x_wconf 55' lang='lat' dir='ltr'><strong>Parum&quot;</strong></span> <span class='ocrx_word' id='word_1_765' title='bbox 848 5945 942 6004; x_wconf 77' lang='lat' dir='ltr'><strong>Gn</strong></span> <span class='ocrx_word' id='word_1_766' title='bbox 957 5992 969 6005; x_wconf 92' lang='lat'><strong>.</strong></span> <span class='ocrx_word' id='word_1_767' title='bbox 1013 5946 1265 6006; x_wconf 72' lang='lat' dir='ltr'><strong>CXVII.</strong></span> 
     </span>
    </p>
   </div>
   <div class='ocr_carea' id='block_1_108' title="bbox 1866 5223 3432 5295">
    <p class='ocr_par' dir='ltr' id='par_1_108' title="bbox 1866 5223 3432 5295">
     <span class='ocr_line' id='line_1_108' title="bbox 1866 5223 3432 5295; baseline 0.005 -20"><span class='ocrx_word' id='word_1_768' title='bbox 1866 5224 2065 5295; x_wconf 83' lang='lat' dir='ltr'><strong>eruditi</strong></span> <span class='ocrx_word' id='word_1_769' title='bbox 2122 5223 2340 5295; x_wconf 83' lang='lat' dir='ltr'><strong>dubiam</strong></span> <span class='ocrx_word' id='word_1_770' title='bbox 2386 5234 2786 5295; x_wconf 10' lang='lat' dir='ltr'><strong>rcarﬁentemque</strong></span> <span class='ocrx_word' id='word_1_771' title='bbox 2834 5227 3157 5295; x_wconf 76' lang='lat' dir='ltr'><strong>auctoritate</strong></span> <span class='ocrx_word' id='word_1_772' title='bbox 3190 5223 3432 5295; x_wconf 22' lang='lat' dir='ltr'><strong>‘putent.</strong></span> 
     </span>
    </p>
   </div>
   <div class='ocr_carea' id='block_1_109' title="bbox 1862 5293 3439 5366">
    <p class='ocr_par' dir='ltr' id='par_1_109' title="bbox 1862 5293 3439 5366">
     <span class='ocr_line' id='line_1_109' title="bbox 1862 5293 3439 5366; baseline 0.005 -19"><span class='ocrx_word' id='word_1_773' title='bbox 1862 5294 2144 5347; x_wconf 84' lang='lat' dir='ltr'><strong>Invenitur</strong></span> <span class='ocrx_word' id='word_1_774' title='bbox 2186 5293 2328 5362; x_wconf 91' lang='lat' dir='ltr'><strong>apud</strong></span> <span class='ocrx_word' id='word_1_775' title='bbox 2374 5294 2431 5347; x_wconf 86' lang='lat' dir='ltr'><strong>S.</strong></span> <span class='ocrx_word' id='word_1_776' title='bbox 2468 5294 2736 5348; x_wconf 80' lang='lat' dir='ltr'><strong>Clement.</strong></span> <span class='ocrx_word' id='word_1_777' title='bbox 2777 5295 2935 5366; x_wconf 77' lang='lat' dir='ltr'><strong>Rom.</strong></span> <span class='ocrx_word' id='word_1_778' title='bbox 2977 5293 3236 5351; x_wconf 61' lang='lat' dir='ltr'><strong>Constitt.</strong></span> <span class='ocrx_word' id='word_1_779' title='bbox 3266 5302 3439 5366; x_wconf 64' lang='lat' dir='ltr'><strong>Apos-</strong></span> 
     </span>
    </p>
   </div>
   <div class='ocr_carea' id='block_1_110' title="bbox 1860 5363 3433 5434">
    <p class='ocr_par' dir='ltr' id='par_1_110' title="bbox 1860 5363 3433 5434">
     <span class='ocr_line' id='line_1_110' title="bbox 1860 5363 3433 5434; baseline 0.003 -17"><span class='ocrx_word' id='word_1_780' title='bbox 1860 5366 2021 5434; x_wconf 84' lang='lat' dir='ltr'><strong>tolor.</strong></span> <span class='ocrx_word' id='word_1_781' title='bbox 2062 5365 2164 5418; x_wconf 77' lang='grc'><strong>150</strong></span> <span class='ocrx_word' id='word_1_782' title='bbox 2196 5381 2341 5416; x_wconf 78' lang='lat' dir='ltr'><strong>verso</strong></span> <span class='ocrx_word' id='word_1_783' title='bbox 2379 5381 2398 5417; x_wconf 92' lang='lat'><strong><em>:</em></strong></span> <span class='ocrx_word' id='word_1_784' title='bbox 2426 5366 2528 5434; x_wconf 57' lang='grc' dir='ltr'><strong>καί</strong></span> <span class='ocrx_word' id='word_1_785' title='bbox 2551 5366 2804 5433; x_wconf 76' lang='grc' dir='ltr'>Καϊάφας</span> <span class='ocrx_word' id='word_1_786' title='bbox 2839 5363 3067 5432; x_wconf 76' lang='grc' dir='ltr'>ὕστερον</span> <span class='ocrx_word' id='word_1_787' title='bbox 3105 5363 3433 5434; x_wconf 78' lang='grc' dir='ltr'>αὐτοφονευ-</span> 
     </span>
    </p>
   </div>
   <div class='ocr_carea' id='block_1_111' title="bbox 1860 5433 3437 5503">
    <p class='ocr_par' dir='ltr' id='par_1_111' title="bbox 1860 5433 3437 5503">
     <span class='ocr_line' id='line_1_111' title="bbox 1860 5433 3437 5503; baseline 0.004 -18"><span class='ocrx_word' id='word_1_788' title='bbox 1860 5436 1959 5502; x_wconf 77' lang='grc' dir='ltr'><strong>τὴς</strong></span> <span class='ocrx_word' id='word_1_789' title='bbox 1994 5433 2189 5485; x_wconf 76' lang='grc' dir='ltr'>ἑαυτοῦ</span> <span class='ocrx_word' id='word_1_790' title='bbox 2220 5434 2457 5501; x_wconf 81' lang='grc' dir='ltr'>ἐγένετο.</span> <span class='ocrx_word' id='word_1_791' title='bbox 2494 5433 2723 5489; x_wconf 85' lang='lat' dir='ltr'><strong>Formas</strong></span> <span class='ocrx_word' id='word_1_792' title='bbox 2748 5437 3110 5501; x_wconf 78' lang='lat' dir='ltr'><strong>elegantiores</strong></span> <span class='ocrx_word' id='word_1_793' title='bbox 3142 5433 3437 5503; x_wconf 66' lang='grc' dir='ltr'>αὐτοφόνος</span> 
     </span>
    </p>
   </div>
   <div class='ocr_carea' id='block_1_112' title="bbox 1862 5504 2860 5574">
    <p class='ocr_par' dir='ltr' id='par_1_112' title="bbox 1862 5504 2860 5574">
     <span class='ocr_line' id='line_1_112' title="bbox 1862 5504 2860 5574; baseline -0.001 -19"><span class='ocrx_word' id='word_1_794' title='bbox 1862 5514 2024 5570; x_wconf 84' lang='lat' dir='ltr'><strong>atque</strong></span> <span class='ocrx_word' id='word_1_795' title='bbox 2055 5506 2389 5574; x_wconf 69' lang='grc' dir='ltr'>αὐτοφόντης</span> <span class='ocrx_word' id='word_1_796' title='bbox 2417 5506 2612 5557; x_wconf 79' lang='lat' dir='ltr'><strong>habent</strong></span> <span class='ocrx_word' id='word_1_797' title='bbox 2644 5504 2860 5558; x_wconf 76' lang='lat' dir='ltr'><strong>chica.</strong></span> 
     </span>
    </p>
   </div>
   <div class='ocr_carea' id='block_1_113' title="bbox 1936 5574 3431 5644">
    <p class='ocr_par' dir='ltr' id='par_1_113' title="bbox 1936 5574 3431 5644">
     <span class='ocr_line' id='line_1_113' title="bbox 1936 5574 3431 5644; baseline 0.004 -17"><span class='ocrx_word' id='word_1_798' title='bbox 1936 5574 2045 5641; x_wconf 78' lang='lat'><strong>(38)</strong></span> <span class='ocrx_word' id='word_1_799' title='bbox 2081 5575 2349 5637; x_wconf 76' lang='grc' dir='ltr'>Εῠὸοτος,</span> <span class='ocrx_word' id='word_1_800' title='bbox 2401 5577 2542 5643; x_wconf 77' lang='lat' dir='ltr'><strong>quod</strong></span> <span class='ocrx_word' id='word_1_801' title='bbox 2577 5577 2792 5643; x_wconf 89' lang='lat' dir='ltr'><strong>reposui</strong></span> <span class='ocrx_word' id='word_1_802' title='bbox 2846 5588 2942 5641; x_wconf 88' lang='lat' dir='ltr'><strong>pro</strong></span> <span class='ocrx_word' id='word_1_803' title='bbox 2984 5575 3252 5644; x_wconf 87' lang='lat' dir='ltr'><strong>scriptura</strong></span> <span class='ocrx_word' id='word_1_804' title='bbox 3297 5578 3431 5635; x_wconf 74' lang='lat' dir='ltr'><strong>Cod.</strong></span> 
     </span>
    </p>
   </div>
   <div class='ocr_carea' id='block_1_114' title="bbox 1862 5643 2825 5713">
    <p class='ocr_par' dir='ltr' id='par_1_114' title="bbox 1862 5643 2825 5713">
     <span class='ocr_line' id='line_1_114' title="bbox 1862 5643 2825 5713; baseline 0.001 -18"><span class='ocrx_word' id='word_1_805' title='bbox 1862 5643 2064 5705; x_wconf 75' lang='grc' dir='ltr'>εθωτος</span> <span class='ocrx_word' id='word_1_806' title='bbox 2086 5685 2098 5701; x_wconf 87' lang='grc'><strong>.</strong></span> <span class='ocrx_word' id='word_1_807' title='bbox 2141 5647 2365 5698; x_wconf 85' lang='lat' dir='ltr'><strong>iteratur</strong></span> <span class='ocrx_word' id='word_1_808' title='bbox 2397 5661 2613 5713; x_wconf 85' lang='lat' dir='ltr'><strong>quoque</strong></span> <span class='ocrx_word' id='word_1_809' title='bbox 2644 5647 2732 5699; x_wconf 74' lang='grc'><strong>41.</strong></span> <span class='ocrx_word' id='word_1_810' title='bbox 2763 5647 2825 5697; x_wconf 79' lang='grc' dir='ltr'><strong>Α.</strong></span> 
     </span>
    </p>
   </div>
   <div class='ocr_carea' id='block_1_115' title="bbox 1933 5712 2788 5784">
    <p class='ocr_par' dir='ltr' id='par_1_115' title="bbox 1933 5712 2788 5784">
     <span class='ocr_line' id='line_1_115' title="bbox 1933 5712 2788 5784; baseline 0.004 -20"><span class='ocrx_word' id='word_1_811' title='bbox 1933 5712 2043 5783; x_wconf 81' lang='grc'><strong>(59)</strong></span> <span class='ocrx_word' id='word_1_812' title='bbox 2078 5715 2291 5784; x_wconf 61' lang='grc' dir='ltr'><strong>ίξιοωίκίίι</strong></span> <span class='ocrx_word' id='word_1_813' title='bbox 2316 5712 2577 5784; x_wconf 74' lang='lat' dir='ltr'><strong>Agathias</strong></span> <span class='ocrx_word' id='word_1_814' title='bbox 2606 5717 2691 5769; x_wconf 67' lang='grc' dir='ltr'><strong>Η.</strong></span> <span class='ocrx_word' id='word_1_815' title='bbox 2728 5715 2788 5767; x_wconf 89' lang='grc' dir='ltr'><strong>ι).</strong></span> 
     </span>
    </p>
   </div>
   <div class='ocr_carea' id='block_1_116' title="bbox 1933 5780 3438 5858">
    <p class='ocr_par' dir='ltr' id='par_1_116' title="bbox 1933 5780 3438 5858">
     <span class='ocr_line' id='line_1_116' title="bbox 1933 5780 3438 5858; baseline 0.008 -23"><span class='ocrx_word' id='word_1_816' title='bbox 1933 5780 2043 5853; x_wconf 74' lang='grc'><strong>(40)</strong></span> <span class='ocrx_word' id='word_1_817' title='bbox 2075 5782 2201 5858; x_wconf 66' lang='lat' dir='ltr'><strong>Haec</strong></span> <span class='ocrx_word' id='word_1_818' title='bbox 2218 5780 2579 5858; x_wconf 79' lang='lat' dir='ltr'><strong>Combelisius</strong></span> <span class='ocrx_word' id='word_1_819' title='bbox 2608 5788 2770 5839; x_wconf 85' lang='lat' dir='ltr'><strong>vertit</strong></span> <span class='ocrx_word' id='word_1_820' title='bbox 2801 5780 2889 5845; x_wconf 76' lang='lat' dir='ltr'><strong>IV,</strong></span> <span class='ocrx_word' id='word_1_821' title='bbox 2925 5800 2977 5853; x_wconf 78' lang='grc' dir='ltr'>ρ.</span> <span class='ocrx_word' id='word_1_822' title='bbox 3014 5786 3103 5850; x_wconf 70' lang='grc'><strong>12,</strong></span> <span class='ocrx_word' id='word_1_823' title='bbox 3133 5789 3438 5858; x_wconf 73' lang='lat' dir='ltr'><strong>mediusque</strong></span> 
     </span>
    </p>
   </div>
   <div class='ocr_carea' id='block_1_117' title="bbox 1860 5852 2440 5908">
    <p class='ocr_par' dir='ltr' id='par_1_117' title="bbox 1860 5852 2440 5908">
     <span class='ocr_line' id='line_1_117' title="bbox 1860 5852 2440 5908; baseline 0.002 -4"><span class='ocrx_word' id='word_1_824' title='bbox 1860 5852 1995 5905; x_wconf 81' lang='lat' dir='ltr'><strong>inter</strong></span> <span class='ocrx_word' id='word_1_825' title='bbox 2018 5855 2252 5907; x_wconf 69' lang='lat' dir='ltr'><strong>cohortes</strong></span> <span class='ocrx_word' id='word_1_826' title='bbox 2279 5857 2440 5908; x_wconf 69' lang='lat' dir='ltr'><strong>stetit.</strong></span> 
     </span>
    </p>
   </div>
   <div class='ocr_carea' id='block_1_118' title="bbox 2920 5951 2997 6009">
    <p class='ocr_par' dir='ltr' id='par_1_118' title="bbox 2920 5951 2997 6009">
     <span class='ocr_line' id='line_1_118' title="bbox 2920 5951 2997 6009; baseline 0.013 -1"><span class='ocrx_word' id='word_1_827' title='bbox 2920 5951 2997 6009; x_wconf 75' lang='grc'><strong>24</strong></span> 
     </span>
    </p>
   </div>
  </div>
