4184 6524
190 454 298 515 769

1431 442 1825 505 HlS’I‘URME
1863 441 2012 501 LIB.
2053 442 2117 498 ν.

3350 443 3459 503 770

186 561 582 629 ποιησάμενος,
607 558 703 610 καὶ
723 554 874 607 λείαν
905 554 1111 607 Μυσῶν
1142 552 1387 620 θέμενος,
1421 552 1517 604 καὶ
1548 553 1773 603 πλεῖστα

1880 554 2251 602 Summoverat
2279 545 2361 601 vel
2405 546 2680 615 Mysorum
2720 548 2956 615 praedam
2981 586 2996 610 ,
3030 557 3091 602 ut
3125 548 3312 617 aiunt,
3359 551 3462 606 du-

186 652 535 720 πιολίσματα
576 647 848 707 καθελὼν,
894 649 998 699 κάν
1049 648 1162 707 τοῖς
1205 646 1649 715 ἐπικαιροτάτοις
1674 643 1772 713 τῆς

188 743 435 812 μεγάλης
456 741 792 811 Ἀντιοχείας
828 740 1090 808 φροὲριον
1136 738 1373 807 ἐρυμνὸν
1394 736 1773 805 δομησάμενος

184 840 243 890 έν
296 838 478 904 τρισὶν
532 835 769 904 ἡμέραις
820 833 915 885 καὶ¹
973 828 1221 892 πολίσας,
1273 832 1331 891 ὲς
1389 830 1448 882 τὸ
1482 828 1775 892 Βυζάντιον

184 926 572 991 ἑπανέζευξεν.
644 924 927 977 Ἐντεῦθεν
983 927 1134 995 παρὰ
1172 922 1331 974 τδν⁶²
1382 921 1489 973 τῶν
1546 923 1774 991 Καρχη-

182 1020 380 1072 δονίων
410 1019 542 1085 ἀγὸν
568 1017 1021 1086 διεκηρυκεύετο,
1067 1016 1162 1067 καὶ
1194 1014 1255 1066 τὸ
1289 1013 1382 1066 τοῦ
1415 1013 1772 1078 ἰναγεστάτου

182 1111 281 1163 καὶ
319 1108 691 1163 ἀσεϐεστάτου
726 1107 974 1177 Μωάμεθ
1022 1106 1175 1175 ξίφος
1214 1105 1385 1175 δῶρον
1439 1104 1771 1173 ἐξέπεμπεν,

180 1202 324 1271 ὅπερ
338 1202 576 1271 λάφυρον
598 1201 662 1253 ἐκ
678 1217 820 1262 τινος
842 1198 951 1251 τῶν
982 1199 1120 1251 κατὰ
1140 1198 1510 1266 Παλαιστίνην
1535 1197 1775 1249 ἁλόντων

183 1292 467 1361 φρουρίων
497 1290 779 1359 ἀνείληφε,
818 1288 913 1341 καὶ
948 1290 1041 1342 τὸν
1068 1289 1363 1358 πατρίκιον
1393 1288 1571 1358 ἐξῄτει
1603 1287 1776 1354 Νική-

182 1401 309 1449 ταν,
344 1382 405 1434 δν
444 1382 645 1450 συνέϐη
666 1382 727 1434 τὸ
754 1382 1020 1452 πρότερον
1046 1382 1102 1433 ὲν
1134 1380 1211 1450 τῷ
1240 1380 1370 1451 περὶ
1388 1378 1635 1432 Σικελίαν
1666 1378 1775 1430 τῶν

194 1475 498 1545 Ῥωμαίων
559 1475 867 1544 πταίσματι
925 1474 1264 1543 δορυάλωτον
1340 1472 1641 1540 ληφθέντα.
1697 1470 1777 1539 τῷ

176 1569 414 1637 τοιούτῳ
447 1567 557 1619 τῶν
625 1569 850 1635 ’Δφρων
906 1567 1378 1636 παραπεμφθῆναι
1424 1566 1772 1634 κατάρχοντι,

175 1660 251 1721 ὡς
276 1662 306 1712 ὁ
323 1660 481 1724 λόγος
502 1660 761 1728 ἐδήλωσε.
780 1659 880 1711 Διὰ
898 1660 1251 1729 γραμμάτων
1267 1657 1359 1711 οὖν
1394 1659 1770 1726 ἐπέσκηπτεν,

172 1752 271 1817 ὡς,
296 1753 347 1802 εί
372 1752 619 1821 ἐνδοιάσῃ
644 1751 778 1819 πρὸς
813 1752 910 1821 τὴν
931 1751 1027 1802 τοῦ
1069 1750 1359 1817 πατρικίου
1382 1749 1658 1809 ἀπόδοσιν,
1684 1748 1774 1801 καὶ

171 1844 273 1897 οὐκ
288 1844 524 1913 ἐξαυτῆς
538 1843 723 1896 τοῦτον
743 1844 933 1913 ἀνήσοι
952 1844 996 1873 ⁸³
1013 1860 1071 1895 τε
1086 1843 1193 1894 τῶν
1207 1843 1442 1911 δεσμῶν,
1462 1845 1553 1893 καὶ
1577 1843 1651 1903 ὡς
1672 1843 1773 1893 αὑ-

172 1936 264 1988 τὸν
280 1936 509 2004 παραπέ
518 1936 653 2007 μψῃ.
669 1935 739 1986 πό
752 1934 808 1987 λε
819 1952 917 2004 μον
935 1936 1245 2005 ἀκήρυκτον
1261 1935 1369 2003 ἤτω
1377 1933 1421 1963 ⁸⁵
1439 1933 1770 2004 προσδοκῶν,

175 2028 270 2079 καὶ
299 2028 483 2079 πᾶσαν
506 2028 604 2093 τὴν
629 2025 794 2078 αὑτοῦ
824 2027 1181 2096 ἐπικράτειαν
1213 2026 1622 2094 ἀνεκτριδῆναι,
1662 2029 1774 2088 τοῖς

204 2120 529 2186 Ρωμαῖκοῖς
552 2120 881 2189 δηῐουμένην
904 2118 1297 2188 στρατεύμασι.
1333 2117 1465 2180 Ταῖς
1494 2120 1770 2179 τοιαύταις

173 2207 268 2265 οὖν
284 2213 317 2264 ὁ
338 2212 709 2283 Καρχηδόνιος
726 2212 1148 2279 ἐκδειματωθεὶς
1168 2211 1472 2279 ἀγγελίαις,
1488 2210 1562 2273 ὡς
1586 2210 1774 2274 ἄλλαῖς

174 2309 314 2371 τισὶ,
346 2309 492 2360 κατὰ
525 2307 624 2375 τὴν
656 2308 983 2376 παροιμίαν,
1016 2307 1123 2358 ἀπὸ
1145 2306 1366 2359 Σκυθῶν
1397 2307 1658 2376 ρήσεσιη,
1685 2308 1775 2359 τόν

174 2417 233 2452 τε
266 2400 561 2468 πατρίκιον
597 2400 845 2468 Νικήταν
893 2400 986 2452 καὶ
1016 2399 1143 2459 τοὺς
1181 2399 1278 2450 σὺν
1302 2399 1449 2463 αὑτῷ
1468 2399 1774 2466 ληφθέντας

174 2491 579 2561 δορυαλώτους,
632 2508 726 2543 και
779 2492 939 2552 ὅσους
1010 2489 1299 2560 Ῥωμαίων
1373 2492 1438 2541 ἐκ
1499 2490 1772 2560 διαφόρων

177 2583 379 2655 χώρων
420 2585 478 2634 ὲν
515 2586 757 2652 εἱρκταῖς
799 2583 1036 2653 πεδήτας
1066 2584 1466 2653 παρακατεῖχε,
1502 2582 1773 2654 δῶροντῷ

179 2673 400 2741 βασιλεῖ
431 2674 732 2743 Νικηφόρῳ
762 2672 1039 2744 ἐξέπεμπε
1065 2691 1078 2705 ·
1105 2674 1223 2737 δέος
1246 2675 1356 2744 γὰρ
1387 2676 1549 2727 αὑτὸν
1577 2676 1774 2727 ὑπεισ-

176 2764 284 2832 ῄει,
327 2765 687 2833 ἐκστρατείαν
729 2766 822 2817 καὶ
856 2764 1089 2816 ἔκπλουν
1119 2764 1305 2816 τούτου
1336 2764 1765 2833 ἐνωτισάμενον.

180 2854 254 2906 To
292 2854 406 2925 γὰρ
440 2853 884 2923 ἀκαταγὼνιστον
919 2854 1013 2905 τοῦ
1038 2854 1249 2923 ἀνδρὸς,
1281 2856 1381 2906 κάν
1413 2856 1535 2913 ταῖς
1572 2853 1775 2922 μάχαις

179 2946 564 2998 ἀνυπόστατον
616 2947 711 2999 καὶ
749 2947 1066 3017 ἀπρόσιτον,
1113 2948 1205 2998 καὶ
1235 2948 1380 3007 ὅπως
1426 2945 1673 3008 εὐπετῶς
1712 2946 1774 2997 τὸ

180 3038 486 3089 ἀντίπαλον
523 3037 670 3089 ἅπαν
700 3037 775 3100 ὡς
829 3038 892 3090 ἐκ
937 3054 1082 3099 τινος
1120 3038 1270 3099 θείας
1304 3040 1477 3106 ῥοπῆς
1514 3037 1774 3099 εὐείκτως

181 3128 897 3198 κατεστρέφετο,ἕφριττόν
947 3146 1004 3179 τε
1041 3130 1216 3181 πάντα
1266 3130 1393 3198 ἔθνη
1439 3129 1527 3180 καὶ
1579 3128 1771 3198 ἐτεθή-

1880 647 2054 701 xemt,
2083 638 2445 707 plurimisque
2478 638 2695 707 Oppidis
2724 641 2948 705 excisis,
2975 640 3028 694 in
3060 644 3461 710 opportunissi-

1879 729 1984 783 mis
2014 728 2081 781 ad
2112 743 2366 797 magnam
2408 727 2755 782 Antiochiam
2792 730 2927 786 locis
2962 732 3249 787 castellum
3294 736 3462 788 trium

1876 820 2089 875 dierum
2154 821 2332 890 spatio
2387 822 2829 876 exaediﬁcaverat
2879 834 3045 892 alque
3102 808 3460 891 instruxerat,

1876 910 2409 980 Constantinopolim
2444 912 2625 965 rediit.
2663 912 2791 967 Inde
2828 914 2894 968 ad
2919 914 3459 983 Carthaginiensium

1878 1013 2164 1072 praetorem
2214 1013 2466 1057 oratores
2503 1004 2691 1072 legans
2750 1007 3112 1076 impurissimi
3144 1020 3309 1078 atque
3361 1012 3463 1065 im-

1878 1097 2109 1165 piissimi
2143 1097 2252 1167 76
2278 1096 2601 1150 Moamethis
2653 1097 2892 1167 gladium
2942 1100 3114 1167 misit,
3152 1117 3313 1170 quem
3363 1118 3463 1172 pro

1878 1190 2155 1243 manubiis
2182 1206 2248 1243 ex
2284 1190 2469 1259 aliquo
2501 1200 2789 1259 captorum
2841 1194 2894 1245 in
2935 1193 3224 1250 Palaestina
3264 1198 3463 1253 castel-

1878 1280 2056 1334 lorum
2117 1280 2436 1334 abstulerat.
2479 1282 2655 1335 Simul
2692 1282 2935 1338 Nicetam
2982 1288 3273 1354 patricium
3313 1305 3464 1358 repe-

1881 1373 1966 1437 tit,
1998 1372 2086 1425 cui
2118 1372 2267 1440 prius
2296 1374 2620 1443 contigerat,
2662 1384 2719 1428 ut
2777 1376 2829 1429 in
2874 1375 3149 1433 Siciliensi
3182 1380 3463 1436 Romano-

1877 1480 1996 1517 rum
2034 1464 2186 1519 clade
2212 1467 2460 1533 captivus
2512 1465 2690 1523 factus
2733 1470 2861 1525 huic
2915 1470 3173 1525 Afrorum
3226 1476 3461 1544 principi

1878 1557 2378 1624 transmitteretur,
2417 1559 2559 1614 sicut
2594 1562 2837 1617 narratio
2886 1563 3214 1633 signiﬁcavit
3249 1576 3460 1620 nostra.

1876 1646 2099 1701 Litteris
2126 1658 2311 1704 autem
2358 1652 2657 1707 denuntiat.
2698 1656 2743 1709 si
2787 1666 3144 1711 cunctaretur
3170 1660 3459 1726 patricium

1880 1740 2189 1800 restituere.
2228 1756 2407 1810 neque
2452 1745 2714 1815 evestigio
2742 1745 2895 1801 illum
2947 1748 3183 1802 vinculis
3222 1752 3461 1803 solutum

1876 1832 1941 1885 ad
1979 1847 2039 1887 se
2073 1835 2348 1899 mitteret,
2409 1848 2468 1888 ut
2508 1836 2705 1890 bellum
2765 1838 3035 1892 inﬁnitum
3097 1822 3461 1908 exspectaret,

1878 1925 2126 1994 ﬁnesque
2162 1927 2336 1995 ipsius
2357 1943 2580 1995 omnes,
2630 1945 2660 1982 a
2696 1931 2957 1985 Romanis
2990 1932 3322 1987 exercitibus
3374 1933 3461 1988 di-

1878 2028 2081 2087 reptos,
2126 2027 2401 2072 vastatum
2456 2020 2549 2072 iri.
2614 2020 2826 2086 Quibus
2892 2023 3101 2077 nuntiis
3171 2023 3462 2095 Carthagi-

1876 2109 2087 2164 niensis
2117 2113 2437 2173 exterritus,
2485 2118 2638 2180 quasi
2677 2115 3008 2182 quibusdam
3048 2114 3318 2185 Scythicis
3342 2118 3461 2185 jus-

1874 2203 2148 2265 sionibus,
2185 2212 2243 2256 ut
2293 2204 2346 2257 in
2382 2204 2670 2271 proverbio
2702 2214 2783 2257 est
2808 2246 2822 2266 ,
2858 2216 2969 2258 tum
3016 2203 3262 2259 Nicetam
3292 2208 3463 2276 patri-

1874 2296 2045 2359 cium,
2074 2306 2185 2350 tum
2222 2297 2314 2362 qui
2341 2310 2445 2349 una
2479 2312 2603 2349 cum
2637 2296 2730 2349 illo
2775 2297 2973 2366 captivi
3036 2300 3162 2353 lacti
3221 2297 3461 2367 fuerant,

1874 2398 1928 2442 et
1959 2388 2181 2441 omnino
2215 2387 2493 2442 Romanos
2525 2404 2904 2459 quoscumque
2956 2391 3191 2445 diversis
3223 2392 3359 2446 locis
3404 2392 3460 2445 in

1879 2479 2127 2535 custodia
2164 2481 2377 2533 vinctos
2416 2481 2757 2543 asservabat,
2796 2479 3107 2550 Nicephoro
3137 2484 3459 2552 imperatori

1874 2572 2017 2625 dono
2074 2571 2242 2625 misit.
2292 2570 2551 2625 Formido
2610 2574 2757 2625 enim
2819 2573 2972 2627 illum
3037 2574 3363 2639 incesserat,
3396 2575 3463 2629 de

1878 2665 2126 2719 terrestri
2190 2666 2483 2735 navalique
2553 2676 2821 2736 apparatu
2878 2677 3068 2721 nostro
3122 2667 3459 2721 audientem.

1877 2757 2089 2827 Quippe
2138 2759 2397 2812 invictam
2436 2760 2781 2828 imperatoris
2812 2760 2956 2823 vim,
3010 2760 3351 2814 intolerabile
3405 2760 3460 2813 in

1875 2851 2078 2919 praeliis
2129 2860 2294 2919 atque
2350 2853 2689 2904 inaccessum
2761 2852 2958 2916 robur,
2996 2853 3460 2923 quemadmodum

1877 2944 2026 2997 nullo
2065 2944 2283 3014 negotio
2339 2945 2685 3000 adversarios
2746 2948 3022 3006 quoslibet
3075 2949 3234 3017 quasi
3277 2948 3462 3002 divino

1876 3037 2112 3105 quodam
2174 3036 2412 3105 impulsu
2475 3047 2722 3106 prompte
2784 3038 3081 3107 subigeret,
3136 3040 3465 3094 verebantur

1877 3142 2068 3180 omnes
2090 3128 2343 3181 nationes
2384 3138 2550 3196 atque
2593 3129 3081 3195 obstupescebant,
3130 3146 3309 3200 neque
3352 3133 3465 3184 ho-

183 3234 384 3283 πεσαν,
420 3217 503 3290 [Ρ.
542 3220 610 3273 47
637 3219 657 3291 ]
688 3223 779 3272 καὶ
819 3222 880 3272 οὐ
926 3220 1182 3290 πολέμιον
1232 3221 1397 3290 ἔχειν,
1457 3222 1589 3272 ἀλλά
1622 3221 1773 3289 φίλον

1880 3228 2015 3271 stem
2069 3219 2270 3273 habere
2328 3220 2503 3283 illum,
2544 3235 2730 3272 verum
2773 3221 3010 3274 amicum
3065 3236 3130 3275 ac
3178 3222 3467 3276 dominum

184 3312 279 3364 καὶ
318 3312 591 3382 δεσπότην
641 3313 954 3381 ἠπείγοντο.
990 3312 1148 3364 Οὕτω
1181 3312 1279 3380 μὲν
1312 3313 1375 3381 δὴ
1408 3316 1435 3365 ὀ
1476 3314 1770 3380 πατρίκιος

184 3403 443 3472 Ν-ιήτας
492 3404 586 3456 καὶ
644 3404 693 3454 oi
728 3405 906 3455 λοιποὶ
957 3403 1063 3455 τῶν
1103 3403 1386 3472 Ῥωμαίων
1435 3405 1772 3473 αἰχμάλωτοι

188 3494 294 3547 τῶν
327 3494 551 3563 δεσμῶν
592 3494 884 3563 ῥυσθέντες
945 3496 1039 3546 καί⁵
1080 3494 1177 3563 τῆς
1246 3495 1489 3564 εἱρκτῆς,
1557 3498 1689 3564 πρὸς
1714 3499 1773 3547 τὸ

186 3584 487 3648 Βυζάντιον
548 3584 877 3654 ἐπανῄεσαν.
949 3584 1005 3636 Ὀ
1036 3584 1094 3638 δὲ
1150 3585 1403 3653 βασιλεὺς
1458 3587 1772 3656 Νικηφόρος

185 3676 328 3747 ἥσθη
367 3694 449 3740 τε,
488 3676 563 3738 ὡς
616 3676 675 3727 τὸ
718 3679 885 3740 εἰκὸς,
942 3678 1037 3730 καὶ
1094 3678 1304 3746 ἡμέραν
1353 3672 1486 3745 ἦγεν
1542 3678 1771 3746 ἑόρτιον,

188 3770 282 3822 καὶ
304 3769 408 3830 τὰς
429 3769 878 3838 εὐχαριστηρίους
895 3768 973 3836 τῷ
1004 3768 1122 3839 Θεῷ
1146 3769 1237 3819 ἐπὶ
1263 3771 1328 3838 τῇ
1351 3770 1459 3820 τῶν
1486 3770 1773 3838 ὁμοφύλων

190 3861 574 3930 ἀπολυτρώσει
637 3862 889 3915 ἀπεδίδου
926 3862 1112 3931 εὐχάς.
1142 3862 1232 3913 Ἑν
1334 3862 1389 3913 δὲ
1439 3862 1611 3914 ταῦτα
1661 3864 1771 3934 (75)

191 3956 332 4007 κατά
360 3972 417 4006 τε
455 3954 555 4023 τὴν
600 3954 801 4024 Συρίαν
852 3956 946 4007 καὶ
997 3956 1055 4007 τὸ
1110 3954 1401 4017 Βυζάντιον
1454 3956 1530 4021 τῷ
1570 3954 1779 4022 βασιλεῖ

189 4048 570 4117 διεπράττετο,
602 4050 628 4100 ὁ
657 4048 791 4117 πρὸς
822 4048 947 4109 τοὺς
983 4047 1374 4116 Ταυροσκύθας
1407 4046 1521 4116 (76)
1559 4048 1774 4111 σταλεὶς

193 4136 463 4205 βασιλικῴ
495 4137 723 4205 νεύματι
755 4136 1077 4207 Καλοκύρης
1107 4138 1134 4189 ὁ
1160 4139 1445 4206 πατρίκιος
1475 4138 1607 4204 (77),
1637 4139 1777 4190 κατά

192 4230 285 4299 τὴν
318 4228 560 4280 Σκυθίαν
590 4228 903 4296 γενόμενος,
935 4230 1028 4281 καὶ
1062 4228 1140 4296 τῷ
1174 4228 1281 4281 τῶν
1312 4230 1540 4297 Ταύρων
1571 4230 1775 4299 κατάρα

194 4337 341 4387 χοντι
386 4319 689 4387 φιλιωθεὶς,
730 4318 925 4386 δώροις
981 4335 1041 4370 τε
1081 4317 1270 4371 τοῦτον
1319 4317 1637 4388 διαφθείρας
1682 4320 1777 4370 καὶ

195 4406 377 4473 λόγοις
429 4405 877 4473 καταγοητεύσας
957 4406 1265 4472 ἐπαγωγοῖς
1304 4406 1652 4474 (φιλοκερδὲς
1720 4405 1777 4457 δὲ

197 4494 341 4547 ἅπαν
375 4496 624 4558 ἐκτόπως
662 4496 721 4546 τὸ
757 4495 1043 4557 Σκυθικὸν,
1077 4496 1168 4546 καὶ
1192 4494 1370 4563 λίχνον
1405 4497 1487 4545 ὅτι
1516 4493 1774 4563 μάλιστα,

1883 3310 2267 3376 properabant.
2326 3308 2383 3361 lu
2440 3309 2584 3363 hunc
2639 3311 2861 3377 modum
2918 3308 3135 3364 Nicetas
3199 3313 3466 3381 patricius

1882 3402 2172 3468 t-zeterique
2201 3401 2398 3469 captivi
2435 3399 2667 3453 Romani
2706 3416 2736 3454 e
2777 3401 3010 3455 vinculis
3041 3417 3179 3470 eque
3213 3403 3465 3456 crustodia

1880 3492 2406 3560 Constantinopolim
2468 3502 2827 3547 reverterunt.
2880 3493 3219 3563 Nicephorus
3280 3507 3461 3550 autem

1884 3585 2201 3652 imperator,
2244 3586 2481 3649 ltetatus,
2539 3595 2599 3638 ut
2651 3601 2749 3654 par
2810 3587 2915 3655 77
2951 3597 3088 3648 erat,
3141 3587 3285 3641 diem
3356 3589 3468 3659 egit

1882 3674 2104 3739 festum,
2137 3686 2424 3745 gratasque
2451 3676 2559 3729 Deo
2589 3677 2658 3730 ob
2703 3679 3048 3746 popularium
3082 3678 3462 3733 liberationem

1882 3769 2147 3836 persolvit
2179 3783 2389 3835 preces.
2424 3766 2550 3822 Haec
2584 3768 2712 3822 dum
2749 3770 2801 3822 in
2827 3771 2984 3840 Syria
3029 3779 3193 3840 atque
3245 3772 3298 3824 in
3328 3772 3468 3825 urbe

1882 3859 1951 3912 ab
1980 3859 2303 3926 imperatore
2342 3869 2608 3927 geruntur
2637 3901 2652 3926 ,
2700 3860 2987 3930 Calocyres
3040 3862 3325 3929 patricius,
3371 3864 3466 3932 qui

1884 3962 2115 4019 augusto
2149 3960 2281 4002 nutu
2325 3950 2393 4003 ad
2430 3951 2836 4021 'l'auroscythas
2870 3954 3073 4007 missus
3110 3953 3310 4018 fuerat,
3338 3970 3464 4008 cum

1883 4043 1937 4096 in
1972 4043 2246 4112 Scythiam
2280 4046 2615 4112 pervenisset
2639 4085 2652 4105 ,
2690 4044 2998 4099 Taurorum
3046 4044 3177 4116 Regi
3226 4048 3468 4101 amicitia

1879 4134 2103 4202 junctus
2146 4134 2467 4187 muneribus
2493 4151 2617 4188 eum
2648 4136 2940 4203 corrupit,
2990 4139 3281 4205 verbisque
3314 4137 3468 4190 blan-

1882 4223 1965 4276 dis
2000 4222 2264 4274 l‘ascmato
2295 4224 2451 4292 (lucri
2484 4226 2628 4277 enim
2681 4226 2873 4292 cupida
2916 4235 2999 4279 est
3036 4236 3191 4279 extra
3240 4228 3463 4281 modum

1884 4314 2140 4364 universa
2175 4311 2499 4380 Scytharum
2532 4314 2709 4377 natio,
2747 4315 3018 4383 avidaque.
3064 4316 3115 4367 in
3161 4316 3373 4384 primis,
3405 4331 3469 4370 ac

1885 4401 2162 4469 proclivis,
2195 4402 2307 4453 sive
2333 4403 2622 4469 promittas
2650 4413 2916 4472 quaestum
2941 4446 2954 4467 ,
2986 4405 3099 4458 sive
3125 4404 3467 4475 suppedites)

1886 4504 2076 4545 auctor
2109 4494 2230 4554 fuit,
2256 4504 2311 4545 ut
2332 4497 2482 4561 gravi
2512 4509 2705 4549 coaeto
2734 4499 3007 4550 exercitur
3046 4510 3238 4551 contra
3265 4496 3467 4551 Marsos

200 4586 292 4635 καὶ
332 4585 637 4654 ἐπιρρεπὲς
660 4586 794 4655 πρὸς
838 4586 1141 4654 λημμάτων
1196 4586 1488 4653 ὑπόσχεσιν
1524 4586 1616 4636 καὶ
1647 4585 1773 4639 ἀνά-

1885 4585 2323 4654 prolicisceretur
2366 4603 2379 4635 :
2414 4587 2613 4655 quibus
2646 4590 2932 4642 debellatis
2966 4599 3025 4642 ut
3052 4591 3327 4659 regionem
3355 4604 3468 4642 suae

199 4675 391 4745 ληψιν)
446 4678 695 4730 ὲνέπεισε
757 4678 1017 4744 στρατιὰν
1097 4677 1473 4745 συναγηοχότα
1529 4677 1773 4747 βαρεῖαν,

200 4769 447 4821 ἐλαύνειν
476 4769 614 4820 κατά
644 4769 878 4820 Μυσῶν·
915 4767 1137 4830 τούτους
1172 4767 1229 4820 δὲ
1262 4769 1778 4835 καταγωνισάμενον

202 4858 641 4929 ὑποποιήσασθαι
699 4859 796 4927 μὲν
832 4858 929 4928 τὴν
981 4859 1165 4929 χώραν
1214 4860 1308 4912 καὶ
1357 4857 1561 4928 ταύτην
1608 4876 1786 4927 παρα-

1886 4678 2167 4745 potestatis
2208 4676 2431 4739 faceret,
2462 4694 2637 4747 eaque
2662 4694 2757 4747 pro
2804 4680 3083 4735 domicilio
3129 4682 3244 4750 ipse
3287 4690 3469 4736 utere-

1888 4779 1995 4830 tur,
2034 4767 2136 4819 sibi
2172 4782 2300 4820 vero
2332 4768 2597 4822 adversus
2648 4769 2923 4825 Romanos
2964 4786 3120 4841 opem
3157 4772 3367 4839 ferret,
3408 4784 3469 4829 ut

1894 4861 2122 4928 imperio
2190 4862 2479 4928 potiretur,
2541 4863 3027 4935 Romanorumque
3096 4866 3467 4937 principatum

1402 5033 1467 5087 C.
1500 5034 1555 5087 ll.
1600 5033 1781 5087 HASII
1802 5034 2355 5091 ANNUTATIONES.

288 5200 332 5231 ⁸⁸
373 5197 493 5269 τόν]
521 5196 628 5269 τῶν
666 5199 785 5251 cod.

203 5270 245 5301 "
279 5271 395 5323 ἀπὸ
426 5265 648 5321 Σκυθῶν
679 5271 893 5337 ρήσισι.
936 5265 1055 5321 th.
1106 5283 1269 5336 supra
1304 5265 1394 5319 28.
1428 5266 1494 5319 Α.

276 5434 396 5507 (75)
427 5434 544 5489 Sub
569 5435 708 5490 idem
734 5448 947 5506 tempus
971 5436 1181 5489 videtur
1206 5438 1467 5493 accidisse
1491 5437 1781 5507 Nicephori

204 5509 592 5577 peregrinatio,
624 5509 714 5572 qui
758 5510 899 5576 apud
936 5508 1239 5562 Cedrenum
1285 5508 1351 5562 ll.
1385 5510 1510 5563 660.
1539 5509 1598 5563 Β.
1637 5515 1771 5565 urbe

205 5576 675 5648 mavisse‘dicﬁitur
708 5579 803 5640 τὰς
841 5581 899 5631 ἐν
934 5581 997 5646 τῇ
1029 5578 1218 5648 Θρᾴκῃ
1256 5580 1441 5642 πόλεις
1478 5582 1774 5633 ἐπισκεπὸ-

207 5667 384 5717 μετος.
423 5645 526 5700 Ubi
558 5647 602 5699 Ι.
654 5645 1362 5718 ἐπισκεψόμενος,“]ιι⁷ι›ριιιε
1413 5654 1772 5720 grammatica

203 5733 253 5773 et
279 5720 452 5773 COtM.

274 5791 384 5861 (76)
411 5786 777 5843 Combelisius
800 5804 887 5861 ap.
926 5787 1057 5861 Pax.
1086 5786 1174 5844 IV.
1196 5789 1286 5843 ΞΟ.
1313 5790 1427 5845 haec
1464 5790 1725 5861 mendose
1759 5809 1769 5843 :

203 5858 447 5929 (ἐπιστέφνὶ
471 5861 597 5930 (sic)
621 5875 829 5913 -—cum
861 5860 915 5912 in
957 5858 1117 5929 Syria
1150 5862 1273 5929 (sic)
1310 5876 1519 5915 versans
1566 5859 1773 5915 Tauro-

877 5199 920 5228 “
936 5199 1171 5281 ‘dvﬁoou
1202 5194 1455 5281 Sicfgd.‘
1480 5194 1628 5249 Fort.
1662 5198 1763 5265 ἀνῇ

1880 5199 1907 5226 η’
1943 5200 2075 5269 ήτω.
2114 5199 2205 5255 Sic
2253 5203 2373 5257 cod.
2414 5203 2731 5271 imperative
2763 5224 2777 5259 :
2807 5207 2939 5260 verti
3002 5224 3066 5263 ac
3101 5210 3146 5264 si
3184 5220 3323 5266 esset
3346 5205 3467 5281 ἦτ’).

1891 5462 2007 5498 rum
2027 5447 2262 5528 amicitia
2271 5447 2489 5512 junctus
2509 5460 2661 5515 esset,
2676 5465 2738 5502 ac
2763 5448 3069 5504 muneribus
3082 5462 3204 5503 eum
3222 5447 3406 5521 (quem
3423 5452 3469 5519 τ)

1885 5527 2221 5585 corrupisset.

1959 5589 2071 5655 (77)
2115 5588 2433 5656 Καλοκυρὸς
2490 5586 2723 5658 Scylitza
2760 5588 2986 5643 historia
3018 5604 3122 5645 ms.
3176 5602 3231 5646 et
3267 5593 3477 5649 Cedrc-

1886 5664 1988 5712 n‘us
2024 5659 2090 5713 11.
2134 5658 2258 5711 666.
2286 5658 2346 5713 Β,
2387 5659 2499 5732 (ubi
2534 5660 2817 5732 libVOI‘blS,
2850 5660 3013 5723 αὐτὸς
3030 5664 3129 5729 τῆς
3152 5680 3207 5716 τε
3228 5664 3471 5732 Bonifa-

1888 5732 2009 5799 ρίας
2035 5732 2394 5804 ίξκστήσετοιι,Δ
2436 5730 2836 5804 virgula,_qu:e
2868 5733 3210 5804 Mnestheo;
3247 5730 3465 5804 legitur,

1888 5798 2010 5867 post
2043 5800 2291 5865 locanda,
2317 5800 2637 5870 jubentium
2666 5798 2838 5854 Codd.
2878 5802 3179 5873 omnibus.)
