4184 6524
759 459 871 520 ηδ

2084 450 2364 512 LEONIS
2405 451 2714 512 DIACONI

3939 455 4052 524 776

764 567 1060 627 doslabum
1084 575 1293 641 posset,
1316 581 1427 621 non
1466 565 1626 621 facile
1670 565 1844 635 ipsius
1868 565 2134 619 voluntati
2155 579 2358 619 morem

2469 564 2856 635 Σφενδοσλάϐῳ
2902 565 3220 636 δυνηθέντα,
3270 567 3345 637 μὴ
3377 565 3638 630 εὐείκτως
3668 567 3713 598 ⁷³
3743 566 3820 636 τῷ
3856 567 4051 624 τούτου

764 663 1098 734 gesturum),
1124 661 1191 716 ad
1239 657 1442 714 Mmsos
1471 659 1673 729 potius,
1707 659 1897 712 iisdem
1924 666 2090 726 atque
2125 659 2240 727 ipse
2271 672 2360 710 re-

767 756 1072 828 ligionibus
1098 753 1313 808 deditos
1341 791 1357 817 ,
1407 753 1585 822 legare
1615 750 1918 804 constituit.
1972 749 2205 805 Proinde
2232 765 2359 804 ora-

767 861 920 908 tores
953 847 1023 904 ad
1052 846 1177 902 illos
1203 841 1378 908 misit,
1419 845 1785 914 Nicephorum
1823 844 2360 914 patricium,cogno—

771 951 959 998 mento
1028 939 1350 1002 Eroticum,
1415 947 1468 990 et
1519 934 1892 999 Philothenm,
1967 936 2356 990 Euchaitarum

767 1036 1098 1099 antistitem,
1126 1030 1550 1099 communisque
1575 1029 1952 1098 persuasionis
1989 1044 2084 1084 eos
2117 1043 2360 1084 commo-

769 1127 975 1182 nefecit
1021 1126 1484 1196 (Christianorum
1535 1123 1678 1177 enim
1744 1122 1902 1176 ﬁdem
1962 1122 2097 1177 citra
2129 1134 2358 1177 contro-

774 1221 1015 1275 versiam
1049 1220 1240 1274 colunt
1277 1217 1480 1286 Mtesi),
1514 1217 1865 1286 virginesque
1893 1217 2108 1287 generis
2132 1217 2262 1285 regii
2289 1217 2358 1270 ab

770 1312 841 1367 iis
882 1313 1158 1382 poposcit,
1195 1327 1336 1379 quas
1399 1310 1630 1363 Romani
1676 1312 1906 1381 Augusti
1959 1312 2084 1366 liliis
2123 1312 2359 1367 colloca-

767 1413 890 1465 ret,
925 1414 982 1456 ut
1014 1420 1080 1458 ex
1111 1405 1374 1456 aﬂlnitate
1436 1403 1763 1458 inviolabilis
1803 1405 1946 1458 inter
1978 1403 2260 1459 Romanos
2293 1419 2358 1458 ac

767 1495 975 1551 Mmsos
1001 1496 1316 1549 conciliatio
1341 1507 1504 1564 atque
1541 1497 1782 1550 amicitia
1825 1496 2156 1550 ﬁrmaretur.
2202 1495 2354 1551 Moesi

769 1591 943 1644 hilare
981 1588 1251 1657 legatione
1284 1599 1505 1655 accepta
1546 1591 1753 1657 puellas
1805 1604 1870 1642 ex
1903 1590 2171 1659 sanguine
2206 1591 2354 1660 regio

769 1682 1034 1749 plaustris
1079 1681 1365 1750 impositas
1409 1679 1519 1749 80
1546 1680 1973 1748 (consueverunt
2011 1689 2190 1733 autem
2237 1696 2354 1734 mu-

769 1772 934 1825 lieres
971 1771 1263 1825 Mmsorum
1307 1771 1567 1840 plaustris
1590 1771 1735 1836 vehi)
1782 1769 2091 1838 Nicephoro
2123 1772 2354 1841 impera-

770 1865 872 1918 turi
903 1865 1167 1916 miserunt
1204 1879 1218 1916 :
1251 1873 1431 1927 orant,
1455 1863 1862 1932 quamprimum
1888 1862 1990 1914 sibi
2013 1863 2349 1926 subveniret,

2471 657 2742 726 Θελήματι
2817 658 3191 729 σπείσασθαι),
3275 658 3412 727 πρὸς
3481 657 3610 721 τοὺς
3674 657 4054 729 δμοθρήσκους

2467 751 2687 813 Μυσοὺς
2732 748 3094 803 ἐϐουλεύσατο
3141 751 3344 819 μᾶλλον
3379 749 3682 821 πρεσϐείαν
3714 751 4051 808 στείλασθαι.

2467 841 2577 894 Καὶ
2601 841 2739 910 δῆτα
2770 842 3030 912 πρέσϐεις
3049 843 3123 905 ὡς
3145 844 3342 907 αὐτοὺς
3368 842 3612 908 ἔστελλε,
3646 843 3739 896 τόν
3764 860 3823 897 τε
3847 844 4058 915 πατρί-

2466 949 2587 985 κιον
2638 933 2977 1004 Νικηφόρον,
3054 927 3099 1002 ᾧ
3133 934 3192 985 τὸ
3256 934 3550 1004 ἐπώνυμον
3585 933 3906 1008 Ἐρωτικὸς,
3958 935 4059 992 καὶ

2465 1025 2735 1090 Φιλόθεον,
2782 1026 2872 1078 τὸν
2923 1027 3034 1080 τῶν
3075 1028 3355 1096 Εὐχαϊτων
3409 1029 3698 1099 πρόεδρον,
3740 1028 3966 1100 καὶτῆς
3995 1045 4060 1085 τε

2467 1115 2768 1186 Θρησκείας
2792 1119 2991 1179 αὐτοὺς
3018 1118 3410 1188 ὑπεμίμνησκε
3435 1119 3526 1187 (τὰ
3571 1119 3922 1189 Χριστιανῶν
3941 1119 4060 1194 γὰρ

2465 1207 2885 1277 ἀναντιρῤήτως
2922 1208 3321 1278 πρεσϐεύουσιν
3348 1209 3401 1262 οι
3442 1208 3671 1281 Μυσοὶ),
3703 1211 3799 1264 καὶ
3846 1210 4058 1282 παρθέ-

2465 1316 2586 1363 νους
2611 1300 3006 1382 τοῦβασιλικού
3040 1301 3232 1368 γένους
3267 1299 3470 1373 ἐξῄτει,
3503 1299 3580 1366 ὡς
3605 1303 3820 1373 συνάψῃ
3847 1304 4052 1366 ταύτας

2465 1394 2577 1455 τοῖς
2599 1392 2694 1444 τοῦ
2726 1393 3127 1465 αὐτοκράτορος
3170 1395 3458 1465 Ῥωμανοῦ
3494 1396 3675 1460 παισὶ,
3721 1399 3817 1449 καὶ
3859 1399 4050 1468 ἀδιάρ-

2467 1487 2666 1554 ρηκτος
2729 1487 2792 1538 ὲκ
2828 1486 2923 1538 τοῦ
2949 1488 3146 1557 κήδους
3178 1490 3211 1558 ἥ
3243 1506 3300 1541 τε
3338 1490 3385 1520 ⁷⁸
3438 1490 3574 1560 πρὸς
3619 1489 3923 1560 Ῥωμαίους
3960 1496 4050 1543 καὶ

2463 1577 2586 1639 τοὺς
2624 1579 2845 1641 Μυσοὺς
2887 1580 3205 1650 καταλλαγὴ
3245 1583 3340 1634 καὶ
3367 1583 3520 1650 φιλία
3550 1585 3870 1653 ὲμπεδωΘῇ.
3898 1587 3959 1636 ΟΞ
3997 1585 4051 1636 δὲ

2462 1671 2636 1722 Μυσοὶ
2660 1671 2887 1739 ἄσμενοι
2908 1673 3005 1743 τὴν
3044 1675 3337 1744 πρεσϐείαν
3371 1677 3641 1746 ἐδέχοντο,
3678 1680 3774 1730 καὶ
3795 1680 3964 1748 κόρας
3993 1680 4051 1744 ἐξ

2463 1762 2693 1827 αἵματος
2729 1763 2822 1814 τοῦ
2875 1763 3157 1832 βασιλικοῦ
3202 1767 3296 1818 ἐπὶ
3327 1767 3556 1835 ἁμαξῶν
3616 1769 4051 1831 ἀναϐιϐάσαντες

2464 1853 2793 1923 (εἰθισμένον
2821 1855 2875 1907 δὲ
2897 1859 3112 1923 γυναιξὶ
3144 1860 3368 1922 Μυσῶν,
3389 1861 3473 1928 ἐφ’
3496 1861 3723 1928 ἁμαξῶν
3759 1863 4047 1932 ὀχεῖσθαι),

769 1956 1009 2009 securim
1042 1953 1373 2019 Taurorum,
1410 1957 1526 2010 suis
1571 1957 1878 2009 cervicibus
1927 1955 2356 2022 impendentem,

2467 1945 2539 2014 τῷ
2594 1947 2962 2019 αὐτοκράτορι
3016 1950 3318 2021 Νικηφόρῳ
3370 1951 3682 2021 ἐξέπεμπον
3713 1994 3726 2016 ,
3775 1954 4054 2024 ἐπαμῦναι

773 2057 1062 2108 εικϊιῖιιιὉι,
1092 2048 1413 2117 irritamque
1449 2047 1717 2101 redderet.
1755 2049 1832 2100 Ac
1869 2048 2117 2114 profecto
2168 2048 2211 2101 si
2243 2053 2361 2117 opi-

779 2141 978 2192 inlatus
1026 2150 1166 2193 esset
1208 2141 1342 2199 illis,
1383 2141 1510 2194 item
1553 2149 1752 2210 tropaea
1791 2142 1854 2195 de
1886 2141 2086 2196 Tauris
2156 2141 2360 2196 consti-

778 2234 991 2292 luisset,
1015 2240 1072 2284 nt
1102 2232 1168 2284 de
1208 2232 1486 2296 omnibus,
1519 2234 1717 2301 quibus
1751 2235 1994 2287 Romana
2028 2235 2180 2304 signa
2217 2237 2361 2288 intu-

776 2323 932 2376 nbat.
981 2321 1184 2376 Verum
1237 2324 1520 2376 enimvero
1548 2339 1716 2392 parvo
1760 2336 2035 2377 momento
2082 2340 2362 2392 suspensa:

773 2433 863 2471 res
897 2421 1172 2478 humanze,
1211 2417 1468 2486 tenuique
1509 2417 1633 2481 ﬁlo,
1671 2427 1727 2470 ut
1764 2417 1837 2469 ita
1861 2417 2071 2479 dicam,
2108 2417 2358 2481 sublala‘,

774 2510 828 2563 in
879 2511 1210 2563 contrariam
1277 2523 1498 2578 quoque
1576 2518 1782 2578 partem
1849 2507 2026 2561 solent
2085 2508 2356 2562 inclinari.

773 2601 940 2655 Recte
968 2601 1113 2655 enim
1143 2600 1390 2653 nonnulli
1417 2601 1734 2669 opinantur,
1756 2601 1898 2653 sicut
1922 2599 2359 2654 malevolentiam

776 2693 1076 2762 quamdam
1096 2693 1360 2754 numinis,
1394 2691 1521 2745 item
1555 2691 1814 2743 invidiam
1857 2691 2138 2744 hominum
2167 2692 2360 2747 claris-

773 2785 929 2840 simis
959 2784 1470 2853 potentissimisque
1504 2784 1637 2836 viris
1681 2783 1987 2847 adversari,
2025 2798 2227 2852 eosque
2267 2783 2361 2836 de-

775 2876 978 2946 cipere,
1020 2885 1285 2939 evertere,
1319 2878 1384 2927 ad
1441 2875 1668 2928 nihilum
1715 2874 1985 2939 redigere.
2018 2873 2170 2938 Quod
2217 2874 2358 2928 idem

778 2977 909 3022 tunc
955 2983 1176 3036 quoque
1209 2965 1518 3034 Nicephoro
1565 2964 1918 3035 imperatori,
1951 2980 2075 3018 cum
2116 2964 2362 3018 secundo

775 3075 936 3114 cursu
985 3059 1059 3111 illi
1102 3059 1284 3111 omnia
1309 3060 1560 3123 ﬂuerent,
1619 3060 1791 3128 magis
1829 3074 1992 3128 quam
2032 3060 2122 3112 ulli
2170 3075 2360 3113 eorum

775 3154 870 3223 qui
896 3161 1021 3206 autc
1052 3152 1416 3220 principatum
1441 3152 1802 3213 obtinuerint,
1844 3151 2063 3205 accidit.
2099 3152 2210 3219 Ego
2234 3168 2364 3206 vero

775 3244 908 3297 illud
944 3243 1092 3303 dico.
1128 3243 1390 3308 singulari
1433 3243 1679 3295 numinis
1703 3242 2045 3311 providentia
2078 3243 2360 3296 hominum

775 3339 1046 3394 secutidas
1091 3352 1180 3390 res
1213 3338 1264 3389 in
1293 3337 1630 3390 contrarium
1661 3337 1828 3403 verti,
1870 3337 1946 3390 uti
1999 3338 2077 3390 sic
2127 3338 2361 3402 discant,

776 3431 1038 3485 mortales
1095 3445 1150 3483 se
1175 3445 1296 3483 esse
1343 3439 1508 3497 atque
1561 3429 1830 3492 caducus,
1882 3446 2061 3498 neque
2107 3431 2230 3498 plus
2283 3433 2362 3485 in-

775 3524 976 3576 ﬂentur
1008 3538 1170 3591 quam
1195 3524 1265 3576 sit
1291 3522 1445 3574 satis.
1480 3517 1601 3573 Jam
1648 3521 1794 3574 enim
1823 3522 2046 3588 quidam
2083 3524 2363 3590 prosperi-

775 3617 980 3668 tatibus
1008 3614 1091 3667 nsi
1133 3614 1443 3682 prmliisque
1491 3612 1624 3665 clari
1665 3613 1796 3666 deos
1827 3626 1884 3666 se
1915 3613 2216 3680 prmdicare
2255 3631 2360 3668 non

775 3717 907 3763 sunt
928 3707 1108 3769 veriti,
1143 3707 1316 3771 ipsam
1358 3705 1758 3774 prevideutiam
1796 3707 2152 3760 lacessentes.
2194 3706 2363 3775 Cujus

774 3801 852 3854 rei
891 3799 1139 3867 exempla
1186 3807 1315 3851 sunt
1345 3798 1496 3851 Aloei
1535 3797 1629 3851 ﬁlii
1667 3800 1803 3852 Utus
1851 3809 1900 3851 et
1944 3799 2258 3867 Epliialtes,
2307 3799 2360 3852 in

774 3893 998 3954 caelum,
1028 3891 1072 3944 si
1107 3889 1346 3943 fabulam
1379 3888 1658 3951 audimus,
1709 3886 2006 3941 ascendere
2047 3887 2266 3950 conati,
2311 3896 2366 3941 et

775 3981 1289 4036 Nabuchodonosor
1316 3979 1675 4048 Babylonius,
1719 3979 1827 4048 81
1862 3987 2098 4032 statuam
2152 3992 2364 4046 ponens

778 4075 903 4140 sibi,
935 4084 988 4127 et
1008 4073 1313 4127 Alexander
1333 4071 1566 4140 Philippi
1588 4071 1753 4135 (ilius,
1777 4072 1870 4140 qui
1889 4070 2174 4124 Ammonis
2194 4071 2361 4124 lilium

776 4167 951 4222 voluit
991 4181 1051 4221 se
1088 4166 1386 4220 nominari.
1439 4163 1591 4218 Haud
1637 4164 1834 4233 injuria
1882 4163 2048 4232 igitur
2073 4162 2364 4218 mutabiles

2467 2035 2646 2102 σφίσιν
2671 2037 2752 2088 ὅτι
2791 2038 3022 2106 τάχιστα
3044 2040 3424 2108 ποτνιώμενοι,
3445 2041 3539 2091 καὶ
3569 2041 3658 2092 τὸν
3681 2043 3794 2103 τοῖς
3826 2042 4052 2108 αὐχέσι-ν

2466 2128 2642 2180 αὐτῶν
2704 2129 3050 2200 ἐπικείμενον
3082 2130 3304 2204 [Ρ.49]
3361 2133 3599 2186 πέλεκυν
3649 2134 3760 2185 τῶν
3816 2135 4052 2203 Ταύρων

2463 2224 2771 2292 ἀποτρέψαι
2851 2225 2947 2276 καὶ
3005 2226 3163 2279 κενὸν
3258 2226 3712 2296 ἀπεργάσασθαι.
3777 2229 3886 2280 Καὶ
3944 2229 4051 2280 κᾶν

2465 2318 2711 2385 ἐπήμυνε
2747 2318 2793 2348 ⁷⁸
2818 2317 3045 2381 τούτοις,
3085 2319 3181 2370 καὶ
3212 2317 3451 2387 τρόπαια
3490 2319 3630 2371 κατὰ
3663 2319 3774 2370 τῶν
3814 2319 4050 2386 Ταύρων

2465 2410 2752 2479 ἐστήσατο,
2785 2412 2905 2462 ἐπεὶ
2931 2411 3024 2464 καὶ
3059 2412 3201 2464 κατά
3228 2411 3469 2474 πάντων,
3518 2411 3656 2481 πρὸς
3702 2411 3795 2474 οὓς
3828 2413 3895 2466 ἂν
3949 2413 4049 2482 τὴν

2475 2502 2792 2575 Ῥωμαϊκὴν
2821 2506 3195 2573 ἁντεπήνεγκε
3225 2503 3481 2574 δύναμιν.
3534 2505 3674 2557 Ἀλλ’
3709 2506 3818 2558 ἀπὸ
3844 2507 4053 2574 μικρᾶς

2468 2595 2641 2665 ῥοπῆς
2673 2597 3019 2666 αἰωρούμενα
3043 2600 3112 2650 τά
3141 2596 3482 2667 ἀνθρώπινα,
3523 2599 3617 2650 καὶ
3665 2597 3742 2660 ὼς
3789 2598 3855 2650 ἐκ
3904 2615 4054 2660 τινος

2466 2690 2640 2740 εἰπεῖν
2672 2689 2935 2758 λεπτῆς⁷⁶
2970 2689 3176 2759 κρόκης
3206 2690 3724 2758 ὲκκρεμαννύμενα,
3756 2693 3849 2742 καὶ
3879 2692 3963 2752 είς
3994 2691 4054 2742 τὸ

2465 2781 2712 2835 ἐναντίον
2741 2781 2899 2833 εἴωθε
2948 2797 3014 2832 πε
3027 2783 3302 2852 ριχωρείν.
3344 2781 3760 2848 Ἀνεπισφαλῶς
3790 2782 3902 2849 γάρ
3940 2780 4052 2847 (82)

2465 2891 2610 2938 τινες
2637 2874 2838 2927 οἴονται
2865 2875 3086 2943 νέμεσίν
3119 2891 3239 2927 τινα
3264 2873 3412 2926 θείαν
3430 2873 3524 2924 καὶ
3544 2874 3738 2941 φθόνον
3767 2872 4054 2942 ἀνθρώπι-

2466 2985 2556 3022 νον
2585 2971 2697 3030 τοῖς
2734 2968 3032 3034 ἐπισήμοις
3064 2969 3158 3021 καὶ
3187 2967 3591 3036 ἀλκιμωτάτοις
3612 2967 3839 3036 ἀνδράσι
3881 2984 4056 3035 προσ-

2473 3061 2744 3124 ίστασθαι,
2819 3061 3121 3127 σφάλλοντα
3167 3060 3412 3121 τούτους,
3471 3062 3568 3111 καὶ
3621 3060 4054 3127 περιτρέποντα.

2468 3155 2563 3208 καὶ
2594 3157 2672 3216 είς
2718 3153 2778 3205 τὸ
2809 3154 2978 3222 μηδὲν
3003 3151 3420 3205 συνελαύνοντα.
3459 3146 3559 3204 Οἷα
3588 3150 3650 3219 δὴ
3697 3152 3938 3202 καὶτότε
3983 3152 4058 3220 τῷ

2469 3247 2833 3318 αὐτοκράτορι
2876 3245 3201 3314 Νικηφόρῳ,
3243 3245 3385 3298 κατὰ
3439 3243 3566 3314 ῥοῦν
3617 3245 3764 3312 αὐτῷ
3797 3245 3840 3274 ⁷⁷
3892 3262 4061 3315 φερο-

2475 3337 2704 3409 μένων¹¹⁸
2738 3337 2845 3390 τῶν
2872 3339 3240 3407 πραγμάτων,
3273 3338 3366 3389 καὶ
3395 3337 3470 3399 ὡς
3492 3338 3590 3388 οὐκ
3622 3336 3767 3405 ἄλλῳ
3815 3337 3926 3387 τῶν
3951 3339 4060 3406 πρὸ

2470 3429 2633 3482 αὐτοῦ
2700 3428 3188 3498 ἡγεμονευσάντων
3225 3427 3358 3496 (83),
3400 3427 3766 3495 συμϐέϐηκεν.
3819 3427 3966 3493 Ἐγὼ
4000 3429 4059 3479 δὲ

2467 3521 2624 3574 τοῦτό
2656 3538 2820 3589 φημι,
2861 3521 2942 3572 ὅτι
2971 3520 3240 3589 ἀμηχάνῳ
3259 3517 3354 3571 τοῦ
3384 3519 3690 3588 κρείττονος
3735 3520 4062 3590 προμηθείᾳ.

2468 3611 2569 3680 ήδη
2625 3613 2739 3673 τοῖς
2781 3609 3092 3680 ἀνθρώποις
3139 3611 3434 3679 εὐροούντα
3483 3609 3552 3662 τὰ
3601 3612 3912 3680 πράγματα
3979 3614 4060 3673 είς

2473 3703 2785 3754 τούναντὶον
2819 3702 3318 3774 ἀντιπεριίσταται,
3352 3702 3428 3766 ὡς
3474 3704 3648 3773 ταύτῃ
3707 3704 4060 3757 παιδευῦεῖεν

2467 3795 2653 3865 Θνητοὶ
2698 3795 2852 3858 ὄντες
2905 3797 2999 3848 καὶ
3053 3797 3404 3874 πρόσκαιροι,
3449 3799 3543 3849 καὶ
3598 3796 3676 3867 μὴ
3739 3799 4061 3866 περαιτέρω

2467 3888 2685 3957 φυσῷεν
2702 3889 2792 3940 τοῦ
2816 3893 3186 3957 προσήκοντος
3205 3890 3341 3959 (84).
3375 3890 3514 3960 Ἤδη
3541 3889 3655 3959 γάρ
3680 3907 3825 3950 τινες
3845 3891 4060 3960 εὐπρα-

2467 3980 2613 4046 γίαις
2633 3981 2922 4042 ἐπιϐάντες
2944 3981 3039 4032 καὶ
3066 3981 3208 4034 κατὰ
3233 3981 3333 4044 τὰς
3366 3982 3546 4051 μάχας
3566 3982 4056 4052 εὐδοκιμήσαντες,

2468 4072 2622 4134 Θεοῦς
2657 4073 2898 4124 ἀνειπεῖν
2929 4073 2974 4105 ⁷⁸
3005 4073 3204 4137 αὐτοὺς
3240 4075 3340 4127 οὐκ
3372 4075 3702 4146 ἑνάρκησαν,
3747 4077 3828 4138 είς
3881 4075 4056 4144 αὐτὴν

2467 4163 2567 4231 τὴν
2595 4163 2856 4230 Πρόνοιαν
2879 4161 3284 4232 ἐξυϐρίσαντες.
3305 4165 3881 4236 Παράδειγματούτων
3893 4169 3943 4219 οἱ
3961 4166 4054 4218 τοῦ

1928 4366 1991 4421 C.
2029 4363 2092 4418 Β.
2123 4363 2305 4419 HAS"
2342 4363 2899 4420 ANNOTATIONES.

847 4537 893 4568 ’³
929 4535 1178 4604 εὐήκτως
1209 4535 1334 4588 cod.
1409 4534 1459 4567 "
1483 4536 1516 4604 ἦ
1554 4533 1635 4605 τε]
1663 4535 1770 4587 εἴτε
1800 4532 1924 4587 cod.

2005 4533 2050 4564 "
2076 4533 2338 4586 ὲπίαυναι
2369 4533 2495 4586 cod.

847 4537 893 4568 ’³
929 4535 1178 4604 εὐήκτως
1209 4535 1334 4588 cod.
1409 4535 1459 4567 "
1483 4536 1516 4604 ἦ
1554 4535 1635 4605 τε]
1663 4535 1770 4587 εἴτε
1800 4535 1924 4587 cod.
2005 4535 2050 4564 "'
2076 4535 2338 4600 ὲπίμυναι

783 4606 1028 4676 ρομένων
1057 4605 1179 4658 cod.
1226 4605 1426 4659 Deinde
1464 4615 1592 4674 post
1624 4604 2110 4676 ἡγεμονευσάντων
2143 4605 2360 4657 Videtur

2467 4540 2495 4586 ι.
2574 4535 2620 4563 ’⁸
2649 4535 2866 4605 λεπτῆς]

2467 4619 2587 4658 esse
2615 4605 2866 4658 verbum.

3334 4537 3379 4568 τ’
3407 4535 3589 4590 αὐτῶν
3626 4536 3752 4594 cod.

2961 4607 3006 4638 "
3039 4607 3104 4658 ἂν
3134 4608 3310 4659 εἰπεῖν
3339 4607 3461 4661 cod.

2574 4534 2620 4563 "
2649 4533 2877 4606 λεπτῆς]
2907 4535 3104 4603 λευτῆς
3132 4536 3257 4590 θοᾷ.
3334 4537 3379 4568 τ’
3407 4535 3589 4590 αὐτῶν
3626 4536 3752 4594 cod.
3844 4538 3892 4569 "‘
3920 4555 4047 4605 φαι-

777 4763 869 4818 51.
903 4761 978 4814 De
1013 4761 1676 4834 incomprehensibiliV'l.
1711 4765 1838 4816 417.
1877 4762 1971 4834 ἓξ.
1999 4760 2123 4814 H9.
2166 4761 2254 4817 Η.
2306 4761 2361 4814 In
2398 4766 2440 4820 D
2472 4779 2570 4817 nec
2612 4764 2944 4820 novissimus
2975 4766 3150 4818 editor
3168 4780 3229 4818 ea
3257 4779 3420 4832 quam
3440 4764 3550 4818 dixi
3587 4766 3782 4834 pagina
3808 4766 4052 4818 animad-

781 4834 1036 4887 Sanctam
1084 4830 1442 4886 Pentecosten
1480 4831 1590 4887 VII.
1627 4834 1749 4887 585.
1791 4834 1879 4886 '56.
1911 4833 2146 4885 Humilia
2190 4847 2361 4895 Lun,

786 4907 836 4956 in
875 4903 932 4954 S.
963 4903 1273 4955 Matthazum
1313 4901 1353 4956 1.
1409 4903 1530 4957 764.
1584 4904 1642 4958 Β.
1693 4905 1781 4957 ubi
1815 4906 1882 4956 de
1917 4905 2211 4958 Serv-alere
2251 4917 2364 4955 me-

781 4983 956 5027 morat
993 4974 1091 5040 τὴν
1154 4974 1457 5041 κυριότητα
1491 4975 1680 5036 αὐτοῦ,
1735 4976 1827 5026 καὶ
1886 4975 1946 5026 τὸ
1982 4973 2208 5040 γνήσιον
2265 4976 2364 5039 τῆς

781 4992 956 5027 morat
993 4992 1091 5040 την
1154 4992 1457 5096 κυριοτεὲτα
1491 4993 1680 5036 αυτου,
1735 4992 1827 5026 και
1886 4992 1946 5026 το
1982 4992 2208 5040 γνησιον
2265 4992 2363 5039 της

779 5046 1047 5114 υἱότητος,
1083 5045 1182 5114 και
1198 5045 1258 5094 τὸ
1280 5046 1351 5112 ὀμ
1386 5061 1543 5112 τιμον
1571 5048 1630 5098 τὸ
1669 5046 1806 5114 πρὸς
1860 5045 1951 5096 τὸν
1983 5043 2225 5114 Πατέρα.
2286 5042 2363 5094 Ita

780 5118 836 5167 iu
869 5111 1112 5180 Epistula
1138 5111 1373 5169 Nestorii
1406 5111 1576 5170 (Jouc.
1614 5117 1651 5170 l.
1688 5111 1847 5170 1277-.
1896 5114 1955 5169 Ε.
2006 5116 2072 5166 de
2104 5111 2234 5167 Jesu
2270 5129 2364 5164 no-

779 5187 1042 5255 minibus.
1077 5183 1165 5255 ἴνα
1201 5183 1310 5236 τῶν
1364 5185 1646 5254 ὀνομάτων
1679 5187 1790 5238 τῶν
1822 5186 2038 5255 φύσεων
2087 5184 2364 5251 ἑκατέρων

781 5254 847 5328 μ’.
876 5254 1166 5328 ἑκατέρας]
1188 5255 1386 5328 κοινῶν
1402 5273 1564 5308 τινων
1591 5254 1942 5328 σημαντικῶν
1961 5255 2362 5328 προκειμένων,

782 5321 923 5394 μήτε
983 5321 1055 5376 τά
1103 5321 1202 5392 τῆς
1253 5327 1501 5395 υἱὸτητος
1539 5321 2015 5396 καὶ”κυμιότητος’
2067 5321 2354 5393 τέμνηται,

781 5404 1056 5463 postrema
1083 5396 1163 5448 sic
1195 5396 1467 5448 reddenda
1505 5408 1656 5462 sunt,
1684 5415 1744 5450 ne
1769 5408 2009 5450 secentur
2033 5411 2115 5453 ea.
2155 5410 2270 5463 qua:
2296 5395 2364 5442 ad

777 5465 1094 5532 ﬁliationem
1129 5475 1177 5518 et
1223 5468 1638 5521 dominationem
1687 5471 1966 5536 pertinent.
2005 5464 2168 5518 VetUs
2199 5467 2366 5516 inter-

781 5550 906 5602 pres
964 5553 977 5588 :
1039 5551 1201 5606 neque
1253 5537 1393 5604 quod
1438 5539 1718 5602 ﬁltationis
1765 5549 1820 5590 "et
1875 5538 2214 5606 proprietatis
2261 5539 2360 5606 es},

783 5617 1010 5677 secetur.
1050 5602 1123 5657 Ει
1157 5608 1209 5659 in
1245 5602 1365 5662 loco
1411 5606 1663 5677 Origenis
1700 5609 1755 5660 In
1799 5602 2075 5660 SXMatth.
2110 5604 2198 5658 Ill.
2229 5602 2358 5661 475.

783 5673 844 5726 Β.
878 5675 1138 5748 ubinunc
1163 5678 1392 5748 legitur.
1428 5673 1605 5747 σάρκα
1639 5680 1738 5748 μὲν
1771 5679 2066 5745 μιαίνουσι,
2111 5677 2363 5748 κυριδτα·

781 5761 874 5795 τον
913 5745 968 5818 δὲ
992 5744 1269 5805 άθετοῦσῐ,
1299 5747 1458 5812 δόξας
1493 5744 1549 5800 δὲ
1578 5744 1984 5818 βλασφημοῦσι,
2005 5746 2360 5818 scribendum

783 5816 1131 5888 nepte-{may
1175 5829 1304 5870 sunt
1336 5819 1480 5888 enim
1506 5815 1620 5888 ipsa
1655 5815 1819 5874 verba
1855 5817 2114 5886 Epistula:
2232 5815 2359 5872 Jud.

784 5898 839 5937 γ.
869 5884 923 5937 8.
953 5882 1108 5949 Quod
1151 5902 1329 5956 neque
1367 5882 1594 5942 Huctius
1645 5891 1698 5944 in
1756 5882 1999 5943 editione
2041 5888 2077 5941 l.
2122 5887 2244 5940 ἳῧὸ.
2297 5889 2358 5942 ϐ.

2474 4845 2768 4898 vertentes,
2801 4836 2978 4888 locum
3017 4838 3070 4888 in
3112 4837 3337 4902 \‘nlgata
3371 4837 3504 4887 bene
3548 4839 3817 4888 redditum
3853 4837 4043 4888 trado-

2473 4908 2645 4956 cendo
2667 4906 3179 4959 inobscuraverunl.
3205 4907 3276 4958 De
3305 4907 3533 4972 reliquis
3556 4906 4050 4974 significationibus

2472 4976 2625 5026 vocis
2660 4977 2918 5045 κυριότης
2980 4976 3091 5032 vid.
3153 4975 3509 5031 Sclileusner.
3566 4973 3625 5031 lu
3675 4975 3810 5028 Nov.
3856 4973 4048 5030 Tesut-

2474 5057 2642 5096 ment.
2670 5043 2708 5096 l.
2736 5043 2911 5100 71269.
2957 5047 3017 5098 Β.

2550 5115 2657 5182 (8').)
2694 5115 3025 5185 Adverliium
3059 5117 3446 5185 ἀνεπισφαλῶς
3481 5132 3591 5170 non
3612 5126 3693 5171 est
3721 5117 3775 5168 in
3813 5114 4048 5170 Lexicis.

2474 5183 2674 5237 Practer
2701 5183 2937 5241 Leonem
2979 5187 3066 5239 hic
3114 5196 3168 5239 et
3216 5183 3469 5254 superius
3503 5187 3586 5242 l9.
3625 5187 3682 5238 Β.
3721 5187 3810 5238 ‘26.
3847 5187 3905 5240 Β.
3957 5188 4048 5240 50.

2473 5258 2538 5326 Α.
2582 5256 2675 5310 51.
2711 5256 2770 5308 Β.
2817 5258 3056 5312 occurrit
3089 5258 3231 5326 apud
3275 5258 3332 5311 S.
3388 5257 3719 5311 Methodinm
3777 5256 4054 5310 Convivia

2474 5325 2657 5378 decem
2688 5327 2962 5395 virginum
2991 5325 3206 5380 £06.78.
3271 5330 3672 5396 Ἀνεπισιραλὴς
3724 5329 3890 5380 habet
3934 5329 4051 5380 cla-

2475 5397 2976 5519 ιοίδῗιιιί¹ἓοι3ιιιίε
3017 5399 3100 5452 vir
3151 5397 3521 5454 Schneiderus
3594 5400 3647 5450 in
3691 5396 4050 5459 Dictionario.

2475 5475 2528 5519 et
2603 5483 2666 5515 Pl)
2777 5509 2786 5519 .
2874 5507 2886 5519 .

2475 5475 2528 5519 et
2563 5468 2666 5517 Leo
2706 5468 2786 5519 16.
2826 5469 2886 5521 D.

2540 5537 2652 5605 ‘85)
2675 5535 2772 5592 Hic
2801 5540 2884 5592 vel
2926 5539 3079 5593 deest
3111 5540 3361 5605 verbum,
3393 5548 3451 5592 ut
3479 5539 3535 5593 in
3573 5538 3760 5590 notula
3794 5537 3862 5590 ad
3894 5552 4051 5591 oram

2465 5609 2777 5673 susmcatus
2810 5625 2955 5671 sum,
3013 5611 3094 5663 vel
3160 5609 3506 5665 referendum
3558 5618 3643 5661 est
3673 5608 3768 5660 καὶ
3810 5608 3888 5672 ὡς
3951 5609 4051 5660 οὐκ

2465 5677 2611 5744 ἄλλῳ
2646 5680 2709 5730 ad
2750 5681 2889 5731 κατά
2921 5680 3048 5750 ῥοῦν
3081 5681 3254 5750 αὐτῷ,
3279 5693 3336 5733 ιιι
3375 5679 3620 5749 expressi
3683 5680 4051 5750 iiijcrsione.

2540 5745 2952 5823 (8})_Similiti-r
2982 5745 3383 5823 Chalcoudylas
3418 5745 3492 5803 De
3525 5751 3691 5823 rebus
3747 5745 3916 5823 Ture.
3957 5749 4048 5801 δι.

2465 5819 2528 5871 Α.
2568 5819 2723 5870 είωθε
2745 5820 2807 5872 τὸ
2832 5821 2974 5872 Οείον
3014 5824 3078 5871 τὰ
3108 5825 3250 5874 πάνυ
3269 5818 3422 5888 ’μέγα
3455 5818 3757 5885 φρονοῦντα
3798 5820 3899 5871 καὶ
3948 5833 4051 5872 πε·-

2466 5893 2754 5957 φυσημένα
2780 5892 2964 5959 μειοῦν
2994 5891 3068 5951 ὡς
3099 5897 3164 5944 τὰ
3196 5892 3361 5945 πολλὰ
3395 5893 3487 5943 καὶ
3520 5888 3867 5958 σμικρύνειν.
