4184 6524
222 501 331 563 777

1459 485 1845 550 HISTORle
1886 484 2030 543 Lill.
2077 486 2142 543 ι’.

3392 480 3500 542 778

233 614 481 675 ’Δλωὲως
523 607 709 672 παῖδες
756 604 916 668 Ὦτος
944 606 1036 658 καὶ
1078 603 1390 674 Ἐφιάλτης,
1424 608 1505 668 είς
1543 607 1788 675 οὐρανοὺς

1910 598 2417 667 νίοἱεςῐιυιιὶιιὶέιιιιο
2467 599 2638 666 plenae
2671 607 2799 652 sunt
2844 611 2930 652 res
2961 593 3312 658 mortalium,
3353 599 3497 647 venit

220 705 366 760 κατὰ
395 706 485 759 τὸν
522 701 694 774 μῦθον
713 699 1046 770 πειρώμενοι
1085 698 1353 762 ἀνελθεῖν,
1405 699 1498 750 καὶ
1527 698 1802 766 Ναϐουχο-

218 797 497 865 δονόσορὸ
552 792 914 855 Βαϐυλώνιος,
954 792 1141 844 εἰκόνα
1199 789 1540 860 στησάμενος
1587 789 1802 852 ἑαυτοῦ,

214 890 314 941 καὶ
346 890 375 940 ὁ
400 886 667 939 Φιλίππου
698 881 1073 953 Ἀλέξανδρος,
1128 880 1426 950 ’Ἄμμωνος
1474 879 1590 940 υίὸς
1639 878 1806 942 ἀξιῶν

212 979 603 1049 ὀνομάζεσθαι.
660 977 896 1036 Εἰκότως
942 969 1036 1025 οὖν
1068 972 1278 1041 τρεπτά
1311 974 1403 1024 καὶ
1462 969 1809 1039 παλίντροπα

210 1074 518 1141 καθέστηκε
543 1071 654 1131 τοῖς
688 1067 992 1138 ἀνθρώποις
1022 1064 1090 1117 τὰ
1123 1066 1423 1135 πράγματα
1461 1057 1703 1134 (85),οἷα
1742 1064 1802 1132 δὴ

209 1164 311 1215 καὶ
353 1163 475 1214 τότε
523 1159 817 1230 Ῥωμαίοις
875 1157 1209 1219 συνέϐαινεν,
1273 1155 1610 1208 ἀποϐαλοῦσι
1654 1156 1793 1224 μετὰ

211 1241 413 1326 μικρὸν
441 1254 687 1325 ἡγεμόνα
717 1252 809 1304 τὸν
831 1251 1064 1313 ἑαυτῶν,
1096 1245 1208 1302 οἷον
1237 1249 1338 1300 οὐκ
1366 1246 1522 1318 ἔσχεν
1552 1248 1712 1301 ἄλλον
1760 1249 1791 1319 ἡ

218 1350 510 1419 Ῥωμαῖκὴ
543 1345 832 1400 δυναστεία
883 1344 946 1397 τὸ
1005 1342 1290 1413 πρότερον.
1325 1341 1387 1393 Εἰ
1429 1341 1538 1410 γὰρ
1593 1342 1667 1410 μὴ
1721 1344 1786 1412 τῇ

1905 702 2033 748 tunc
2067 706 2282 760 quoque
2334 688 2599 742 Romanis
2635 705 2733 743 usu
2784 690 2946 751 venit,
3002 701 3127 742 cum
3167 691 3291 754 post
3330 683 3495 754 paulo

1908 786 2209 856 principem
2255 784 2500 852 ipsorum
2543 781 2898 844 amitterent,
2951 781 3166 850 qualem
3216 791 3502 844 nunquam

1909 890 2070 934 antea
2123 876 2312 929 habuit
2366 875 2678 930 Romanum
2721 874 3033 942 imperium.
3063 872 3216 938 Quod
3253 872 3298 926 si
3333 870 3505 940 hujus

1908 971 2058 1027 ezede
2112 984 2219 1024 non
2277 978 2423 1022 retro
2478 984 2536 1023 se
2575 968 2792 1022 tulisset
2842 981 3039 1022 eorum
3085 966 3327 1027 fortuna.
3366 964 3506 1018 nihil

1915 1067 2124 1130 aberat,
2186 1066 2320 1136 quin
2369 1064 2459 1118 illo
2513 1065 2808 1133 superstite
2865 1065 3000 1118 lines
3046 1061 3269 1116 ditionis
3312 1075 3505 1115 versus

1914 1160 2179 1213 orientem
2211 1159 2381 1213 solem
2408 1158 2462 1211 in
2503 1155 2677 1218 India,
2707 1172 2900 1210 versus
2924 1155 3218 1209 obeuntem
3253 1152 3319 1205 ad
3353 1153 3504 1220 ipsos

1905 1250 2104 1304 mundi
2143 1250 2278 1304 fines
2324 1249 2750 1303 constituerent.
2797 1245 3000 1298 Verum
3047 1243 3358 1300 reducenda
3419 1251 3506 1298 est

1901 1344 2046 1397 unde
2071 1357 2101 1396 e
2128 1351 2388 1397 contextu
2427 1341 2724 1395 declinavit
2765 1339 2969 1394 oratio.

203 1444 402 1496 τούτου
456 1441 734 1511 ἀναιρέσει
758 1440 838 1500 είς
895 1436 957 1489 τὸ
1000 1435 1240 1505 ἔμπαλιν
1300 1437 1333 1505 ἡ
1389 1438 1528 1506 τύχη
1579 1435 1789 1498 τούτοις
1831 1436 2154 1507 ἀπέτρεχεν,
2222 1434 2396 1500 οὐδὲν,
2459 1434 2647 1498 ἐνέδει,
2676 1430 3021 1493 ὲπιὸιοῦντος
3053 1430 3287 1492 ἐκείνου,
3325 1427 3502 1498 μὴτά

202 1540 335 1605 ὅρια
367 1535 762 1605 πήξασθαιτῆς
787 1530 939 1601 σφῶν
967 1531 1324 1600 ἐπικρατείας
1349 1529 1485 1600 πρὸς
1545 1531 1835 1599 ἀνίσχοντα
1874 1529 2025 1600 ἥλιον
2103 1530 2246 1583 κατά
2301 1527 2401 1598 τὴν
2464 1526 2694 1596 Ἰνδικὴν
2727 1565 2740 1588 ,
2778 1525 2873 1578 καὶ
2938 1520 3092 1585 αὖθις
3146 1521 3502 1591 ὲπιδυόμενον

203 1630 344 1698 πρὸς
378 1628 519 1680 αὐτὰ
540 1626 642 1695 τῆς
674 1625 1002 1695 οἰκουμένης
1051 1626 1120 1676 τὰ
1179 1622 1450 1695 τέρματα.
1508 1624 1670 1678 Ἀλλὰ
1750 1625 1856 1694 γὰρ
1917 1624 2251 1680 ὲπανακτέον
2323 1624 2416 1677 τὸν
2478 1623 2658 1693 λόγον,

198 1724 331 1796 μοῧ.

274 1841 341 1894 δ’.
377 1842 441 1893 Oi
496 1842 593 1910 μὲν
631 1839 698 1910 δὴ
735 1839 913 1895 Μυσοὶ
952 1845 1145 1917 χεῖρας
1200 1841 1440 1906 ἱκέτιδας
1492 1842 1791 1912 ὲφήπλουν,

197 1934 486 2002 ἐπαμῦναί
517 1950 672 2002 σφισι
709 1934 1089 1997 δυσωποῦντες
1120 1935 1208 1988 τὸν
1243 1934 1648 2005 αὐτοκράτορα.
1707 1935 1795 1986 Ἐν

195 2020 241 2094 ᾧ
292 2025 352 2077 δὲ
406 2026 542 2094 πρὸς
602 2027 703 2094 τὴν
754 2026 1116 2096 ἐκστρατείαν
1157 2027 1563 2090 διεσκευάζετο,
1611 2027 1644 2096 ἠ
1697 2025 1794 2094 τῆς
1833 2061 1872 2115 Β

201 2119 454 2188 μεγάλης
492 2119 828 2188 Ἀντιοχείας
858 2119 1060 2178 ἅλωσις
1092 2117 1208 2189 (86)
1243 2119 1631 2190 ἐπηγγέλλετο,
1666 2120 1794 2189 ἄρτι

194 2209 344 2261 κατὰ
364 2210 462 2270 τὰς
485 2210 692 2260 ἐκείνου
718 2208 996 2280 ὑποθήκας
1023 2210 1247 2275 ἁλοῦσα,
1280 2209 1346 2272 ἃς
1380 2210 1442 2280 δὴ
1474 2213 1584 2274 τοῖς
1618 2228 1792 2264 κατα-

195 2301 470 2366 λειφθεῖσι
536 2298 675 2369 πρὸς
741 2299 907 2352 αὑτοῦ
975 2303 1057 2364 εἰς
1115 2301 1176 2353 τὸ
1245 2301 1451 2371 ταύτην
1503 2301 1785 2372 λεηλατεῖν

203 2391 573 2458 στρατιώταις
609 2391 946 2459 ἐπέσκηπτε.
985 2391 1220 2459 Λέγεται
1263 2392 1391 2462 γὰρ,
1428 2392 1526 2457 ὣς,
1561 2395 1793 2464 ἐπείπερ

199 2487 325 2544 ταῖς
382 2482 509 2534 καθ’
559 2483 774 2551 ἡμέραν
817 2481 1189 2552 καταδρομαῖς
1225 2485 1304 2546 είς
1348 2484 1658 2554 ἀμηχανίαν
1696 2485 1790 2536 καὶ

200 2576 404 2630 σπάνιν
443 2575 553 2626 τῶν
600 2573 916 2639 ἀναγκαίων
962 2574 1074 2642 (87)
1107 2575 1342 2644 ἐσχάτην
1394 2575 1789 2643 συνηλαύνετο,

197 2669 290 2719 τδιν
334 2664 631 2734 Πατρίκιον
673 2665 882 2734 Πέτρον
918 2665 1012 2717 καὶ
1050 2665 1558 2736 στρατοπεδάρχην,
1592 2666 1790 2734 τομίαν

201 2760 301 2826 μὲν
337 2757 470 2810 ὄντα
495 2756 630 2824 (88),
663 2756 861 2826 ῥέκτην
886 2756 942 2808 δὲ
975 2754 1060 2826 [Ρ.
1090 2754 1183 2826 50]
1215 2755 1493 2826 τηνάλλως
1556 2755 1649 2810 καὶ
1685 2758 1791 2826 ρω-

199 2849 579 2920 μαλεώτατον,
614 2848 1024 2918 κατατρέχοντα
1055 2848 1274 2919 Συρίαν,
1311 2849 1490 2900 ἐκεῖσε
1525 2847 1664 2917 μετὰ
1691 2849 1788 2916 τῆς

196 2944 487 3014 δυνάμεως
531 2940 850 3009 ἀφικέσθαι,
908 2941 1003 2992 καὶ
1054 2940 1274 3010 Μιχαὴλ
1313 2941 1540 3002 ἐκεῖνον,
1581 2941 1640 2992 ὲν
1689 2956 1785 2990 τα-

198 3039 448 3107 ξιάρχοις
466 3035 747 3098 τελοῦντα,
782 3029 825 3103 ᾧ
849 3034 1125 3106 Βούρτζης
1151 3035 1460 3105 ἐπώνυμον,
1490 3036 1584 3087 ἐπὶ
1619 3052 1789 3087 κατα-

198 3127 412 3198 σκοπὴν
474 3125 762 3195 ἐκπέμψαι
819 3127 919 3189 τῆς
972 3125 1198 3187 πόλεως.
1237 3125 1341 3177 Τὸν
1385 3126 1440 3178 δὲ
1499 3125 1639 3196 μετὰ
1697 3126 1789 3178 καὶ

195 3221 376 3274 ἄλλων
411 3219 655 3287 λογάδων
681 3218 856 3287 ἀγχοῦ
888 3218 1092 3285 ταύτης
1130 3218 1444 3286 γενόμενον,
1473 3218 1563 3272 τὸν
1595 3217 1786 3270 ἐπίϐα-

197 3313 348 3364 τον⁸⁰
383 3311 478 3364 τοῦ
508 3311 720 3380 τείχους
763 3309 1196 3379 περισκοπῆσαι,
1239 3311 1334 3362 καὶ
1378 3309 1785 3381 ὀπισεόρμητον

195 3403 581 3470 ἀπαλλαγῆναι
639 3401 777 3470 πρὸς
831 3401 890 3454 τὸ
943 3401 1330 3471 στρατοπεδον,
1394 3401 1670 3470 κλίμακάς
1724 3419 1784 3454 τε
1816 3423 1854 3478 C

197 3495 500 3558 ἀναλόγους
640 3492 763 3560 ὕψει
812 3492 923 3544 τῶν
963 3491 1189 3562 πύργων
1240 3492 1607 3560 τεκτήνασθαι
1632 3509 1644 3521 ·
1682 3495 1784 3546 κάν

197 3588 306 3646 τοῖς
355 3585 690 3654 ἀχθοφόροις
721 3584 882 3648 ζώοις
921 3585 1126 3646 ταύτας
1172 3585 1653 3654 ὲπιφορτίσασθαι,
1691 3586 1784 3640 καὶ

199 3677 339 3745 μετὰ
364 3676 634 3743 λεγεῶνος
656 3677 1056 3742 γενναιοτάτων
1086 3676 1438 3746 στρατιωτῶν
1467 3679 1567 3747 ἤδη
1604 3681 1782 3749 μέσων

200 3767 415 3818 νυκτῶν
451 3770 540 3818 τὸν
585 3767 682 3835 τῆς
732 3767 1060 3836 Ἀντιοχείας
1104 3765 1584 3835 περίϐολ.ονάὖοις
1615 3787 1782 3821 κατα-

196 3858 407 3923 λαϐεῖν,
461 3858 701 3927 ἥρεμά*¹¹
739 3875 798 3910 τε
845 3857 1048 3921 ταύτας
1099 3860 1454 3929 προσερεῖσαι
1499 3859 1576 3929 τῷ
1610 3860 1780 3930 τείχει

192 3952 284 4002 καὶ
325 3951 543 4004 ἀνιέναι
592 3948 682 4002 διὰ
728 3950 836 4002 τῶν
887 3950 1171 4019 κλιμάκων
1199 3967 1212 3980 ·
1252 3953 1377 4014 τοὺς
1425 3951 1481 4004 δὲ
1534 3952 1781 4021 φύλακας

194 4042 301 4094 τῶν
347 4042 692 4112 Ἀγαρηνῶν,
741 4041 894 4110 βαθεῖ
935 4041 1013 4112 τῷ
1049 4040 1201 4112 ὕπνῳ
1251 4042 1637 4108 καθεύδοντας,
1669 4048 1781 4107 τοῖς

197 4135 380 4200 ξίφεσι
411 4132 836 4202 διαχρήσασθαι.
877 4131 1200 4204 Ἐγκρατεῖς
1227 4133 1282 4186 δὲ
1317 4134 1426 4186 τῶν
1459 4136 1657 4205 τειχῶν
1687 4138 1779 4189 τὸν

195 4226 398 4294 τρόπον
443 4223 635 4275 τοῦτον
683 4222 990 4292 Ῥωμαίους
1034 4226 1436 4294 γεγενημένους
1472 4227 1778 4295 κατ²6ἧ’¹¹αί

194 4332 251 4367 τε
287 4316 400 4368 τῶν
447 4317 696 4383 πύργων,
731 4315 825 4367 καὶ
865 4316 1143 4386 τετραχῶς
1175 4317 1236 4368 τὺ
1266 4316 1402 4369 ἄστυ
1435 4318 1734 4386 πυρπολεῖν
1762 4337 1773 4349 ·

206 4407 502 4475 Ἀντιοχεῖς
542 4406 621 4468 δὲ,
653 4404 731 4474 τῷ
771 4405 1164 4478 ἀπροσδοκήτῳ
1195 4409 1668 4476 καταπλαγέντας,
1700 4413 1778 4475 είς

199 4498 446 4566 οἰμωγὰς
482 4498 575 4549 καὶ
605 4497 836 4568 θρήνους
869 4498 1144 4567 τραπῆναι
1189 4499 1284 4552 καὶ
1327 4500 1642 4570 ἀμηχανίαν
1671 4504 1778 4556 δει-

195 4588 309 4658 νὴν,
358 4588 857 4657 διενθυμουμένους
889 4587 916 4639 ὅ
967 4605 1020 4640 τι
1073 4588 1167 4642 καὶ
1211 4589 1490 4662 δράσαιεν.
1547 4593 1686 4664 Ἤδη
1721 4594 1776 4646 δὲ

195 4681 328 4749 πρὸς
365 4678 541 4748 ἀλκὴν
576 4680 755 4749 ὁρμᾷν
801 4679 1280 4752 διαλογιζομένων,
1331 4685 1425 4736 καὶ
1475 4684 1776 4753 ρωμαλέως

2737 1620 2858 1675 ὅθεν
2913 1618 3174 1676 ἀπέκλινε
3236 1615 3329 1669 τοῦ
3385 1615 3500 1687 είρ-

1977 1839 2033 1894 4.
2073 1838 2126 1893 In
2164 1839 2310 1895 hunc
2355 1838 2577 1894 modum
2616 1837 2773 1893 Μιεεὶ
2818 1850 3016 1892 manus
3051 1833 3326 1905 supplices
3364 1848 3500 1903 pan-

1907 1930 2127 1996 debant,
2177 1933 2528 1986 obsecrantes
2573 1929 2986 1999 imperatorem,
3029 1935 3090 1980 ut
3135 1925 3239 1980 sibi
3289 1924 3494 1978 subve-

1907 2023 2068 2077 niret.
2127 2022 2228 2088 Qui
2289 2023 2420 2076 dum
2489 2037 2549 2078 se
2604 2021 2674 2076 ad
2721 2019 3121 2088 expeditionem
3187 2025 3496 2087 comparat,

1914 2117 2220 2171 Antiochia;
2268 2131 2479 2185 magna:
2528 2113 2856 2184 expugnatio
2907 2112 3156 2166 nuntiata
3208 2119 3332 2176 est,
3381 2109 3492 2179 jam

1907 2209 2067 2278 juxta
2121 2207 2374 2262 mandata
2429 2207 2601 2276 ipsius
2647 2205 2810 2269 facta,
2843 2220 2968 2274 quae
3020 2203 3232 2258 relictis
3276 2217 3305 2256 a
3337 2218 3398 2257 se
3427 2201 3496 2256 ad

1905 2317 2022 2356 eam
2072 2301 2374 2355 vexandam
2428 2299 2694 2354 militibus
2743 2297 2990 2353 dederat.
3056 2296 3266 2351 Dicitur
3320 2296 3492 2359 enim,

1903 2408 2026 2447 cum
2059 2394 2398 2462 quotidianis
2446 2391 2877 2446 decursionibus
2928 2391 2982 2444 in
3013 2389 3320 2458 angustiam
3371 2388 3496 2444 ino-

1903 2484 2159 2552 piamque
2207 2486 2416 2546 rerumj
2449 2480 2891 2535 necessariarum
2928 2479 3178 2534 ultimam
3210 2480 3493 2549 compulsa

1902 2584 2069 2640 esset,
2099 2575 2316 2628 Petrum
2341 2574 2630 2641 patricium
2659 2576 2967 2640 castrisque
3005 2571 3345 2639 pra-fectum,
3372 2573 3490 2642 qui,

1903 2666 2156 2736 quamvis
2187 2666 2376 2736 spado,
2409 2676 2669 2720 strenuus
2701 2675 2879 2718 tamen
2915 2666 3115 2734 alioqui
3148 2676 3290 2720 esset
3323 2676 3489 2736 atque

1901 2758 2260 2824 fortissimus,
2316 2757 2528 2828 Syriam
2581 2759 2991 2828 pervadentem,
3037 2773 3102 2812 eo
3137 2772 3263 2812 cum
3315 2758 3490 2830 capiis

1898 2850 2235 2918 pervenisse,
2286 2848 2721 2918 Michaelcmque
2773 2850 2926 2904 illum
2975 2865 3041 2904 ex
3097 2851 3354 2912 tribunis.
3396 2852 3488 2906 cui

1900 2941 2113 2996 Burtzte
2131 2956 2455 3011 cognomen,
2481 2940 2548 2995 ad
2576 2941 2969 3010 explorandam
2995 2942 3185 2997 urbem
3215 2943 3488 3000 emisisse.

1903 3031 2216 3088 Michaelem
2274 3047 2377 3086 una
2423 3048 2545 3088 cum
2606 3033 2728 3088 aliis
2770 3033 2960 3089 electis
3005 3034 3342 3104 hominibus,
3395 3037 3488 3092 ubi

1898 3127 2122 3195 propius
2177 3126 2552 3191 accessisset,
2613 3142 2848 3182 ascensu
2908 3129 3054 3181 muri
3108 3129 3358 3199 inspecto
3428 3130 3484 3184 in

1898 3229 2074 3272 castra
2151 3219 2261 3289 82
2324 3235 2604 3274 reversum
2671 3221 2858 3292 scalas,
2911 3221 3190 3276 altitudini
3250 3224 3487 3278 turrium

1900 3309 2293 3378 respondentes
2327 3309 2667 3377 fabricasse;
2697 3312 2909 3382 hisque
2951 3313 3006 3367 in
3057 3313 3358 3368 sarcinaria
3395 3315 3487 3384 ju-

1900 3411 2082 3453 tnenta
2132 3400 2423 3466 impositis,
2459 3417 2581 3455 cum
2614 3402 2827 3471 legione
2866 3403 3301 3459 fortissimorum
3337 3407 3485 3461 mili-

1898 3501 2013 3546 tum
2037 3493 2150 3561 jnm
2185 3495 2363 3548 media
2411 3506 2570 3549 nocte
2600 3497 2665 3551 ad
2697 3497 3005 3554 Antiochia:
3045 3501 3249 3554 muenia
3281 3501 3481 3560 iterum

1897 3599 1956 3662 se
2007 3583 2328 3650 contulisse,
2370 3586 2646 3656 scalisque
2695 3588 2914 3644 silentio
2963 3591 3027 3644 ad
3062 3607 3248 3647 muros
3280 3593 3481 3662 positis

1892 3660 1986 3743 per
2023 3689 2118 3729 cas
2167 3675 2411 3730 evasisse
2460 3693 2474 3730 :
2521 3678 2874 3735 excubitores
2912 3679 3337 3751 Saracenorum,
3367 3686 3478 3739 alto

1891 3781 2085 3820 somno
2139 3769 2401 3836 sepultos,
2447 3768 2641 3838 gladiis
2687 3770 3014 3827 confecisse.
3078 3772 3153 3828 lta
3199 3773 3478 3833 Romanos

1892 3873 2176 3912 murorum
2206 3860 2310 3914 hoc
2341 3860 2504 3914 modo
2548 3863 2753 3930 potitos
2784 3864 3073 3920 demisisse
3100 3882 3220 3922 sese
3254 3883 3321 3923 ex
3354 3878 3471 3924 tur-

1893 3950 2068 4016 ribus,
2124 3952 2382 4020 Oppidum
2437 3951 2639 4023 ubique
2691 3955 2998 4012 incendisse
3035 3975 3048 4010 :
3081 3961 3472 4028 Antiochenos,

1892 4041 2191 4110 improviso
2220 4043 2364 4098 malo
2397 4045 2776 4112 conturbatos,
2813 4049 2879 4113 ad
2917 4050 3175 4118 gemitus,
3212 4051 3470 4122 ejulatus,

1895 4130 2336 4200 desperationem
2375 4150 2646 4190 summam
2685 4139 2920 4206 venisse,
2954 4143 3296 4210 quaesivisse,
3340 4145 3473 4216 quid

1885 4219 1998 4288 jam
2057 4221 2160 4274 sibi
2212 4231 2359 4277 esset
2410 4226 2702 4293 agendum.
2755 4225 2873 4281 Jam
2925 4246 3054 4286 vero
3112 4249 3236 4287 cum
3285 4238 3471 4292 animo

1889 4317 2211 4368 statuissent
2295 4315 2362 4370 ad
2440 4318 2695 4374 virtutem
2779 4323 3093 4392 confugere,
3160 4327 3470 4398 acriterque

1888 4403 2024 4471 pede
2068 4403 2268 4458 collato
2316 4406 2627 4475 obsistere,
2685 4411 2775 4464 ubi
2823 4428 2981 4468 mane
3019 4414 3230 4474 clarum
3278 4417 3469 4472 sublu-

1889 4494 2010 4557 xit,
2073 4495 2318 4562 praecidit
2390 4512 2580 4552 eorum
2650 4500 2914 4568 impetum
2990 4503 3191 4558 Petrus
3260 4517 3470 4568 castro-

1890 4602 2010 4641 rum
2055 4587 2364 4656 ptaefectus,
2409 4604 2533 4644 cum
2595 4593 2838 4646 exercitu
2889 4594 2944 4648 in
2978 4595 3168 4650 urbem
3210 4612 3306 4666 per
3341 4614 3470 4668 por-

1885 4689 1970 4734 tas
2029 4695 2088 4735 se
2155 4680 2432 4746 inferens,
2495 4698 2634 4754 quas
2702 4687 2857 4754 prius
2911 4688 3170 4756 oppidum
3236 4689 3467 4760 ingressi

192 4767 298 4828 tot;
346 4766 618 4829 ἐναντίοις
684 4767 957 4844 συστάδην
1003 4769 1510 4840 ἀντικαθίστασθαι,
1561 4774 1659 4840 τῆς
1703 4774 1778 4827 ἕω

1897 4773 2120 4828 Romani
2196 4775 2271 4829 illi
2330 4786 2675 4846 aperuerant.
2731 4781 3166 4847 Antiochenses;
3207 4798 3333 4839 cum
3377 4787 3469 4840 ad-

192 4856 484 4925 τηλαυγῶς
535 4856 985 4927 ὑπαυγαζούσης,
1042 4860 1356 4929 προέφθασε
1405 4861 1502 4932 τὴν
1553 4863 1777 4918 ἐκείνων

191 4951 366 5020 ὁρμὴν
415 4951 445 5002 ὁ
501 4949 983 5020 στρατοπεδάρχης
1031 4952 1256 5022 Πέτρος,
1306 4953 1446 5022 μετά
1492 4955 1588 5024 τῆς
1620 4954 1778 5009 δυνά·-

1887 4880 2079 4921 versus
2130 4875 2308 4922 tantas
2366 4870 2552 4938 cepias
2601 4884 2667 4924 ne
2726 4873 3003 4940 suspicere
3051 4875 3274 4945 quidem
3334 4891 3464 4947 pns-

1886 4967 2027 5022 sent,
2080 4958 2309 5027 abjectis
2363 4962 2533 5016 armis
2559 4962 2624 5017 ad
2668 4979 2861 5032 preces
2909 4967 3184 5037 supplices
3234 4984 3292 5025 se
3335 4986 3465 5024 eon-

1327 5107 1388 5162 C.
1435 5109 1491 5163 B.
1527 5107 1702 5164 I'IASII
1741 5109 2297 5208 ANNO'I'ATIONES.‘

259 5227 305 5259 '°
343 5224 625 5277 ἐπίϐατον.
678 5224 768 5278 Sic
797 5225 919 5279 cod.

257 5394 377 5460 (85)
409 5389 571 5443 Conf.
607 5390 870 5458 Agathias
897 5389 1017 5444 109.
1055 5391 1119 5443 Α.

260 5463 374 5531 (86)
415 5462 706 5515 Antiochia
730 5473 885 5534 capta
913 5473 994 5515 est
1029 5462 1271 5531 (opinor)
1311 5461 1621 5534 initio:anni
1650 5465 1774 5521 969.

193 5535 482 5586 Rationem
511 5540 820 5599 temporum
851 5531 1087 5586 fortasse
1125 5535 1368 5586 turbavit
1399 5531 1508 5590 Ced
1523 5553 1688 5591 renus
1709 5537 1774 5590 ll.

352 5604 422 5677 3A.
453 5601 555 5677 qui
582 5602 878 5677 attribuere
910 5603 1128 5677 videtur
1153 5616 1204 5654 a.
1255 5603 1380 5656 967.
1419 5607 1552 5662 \‘ide
1612 5623 1775 5677 supra

189 5675 314 5746 ειι.
355 5671 576 5746 υλειβ.
626 5672 692 5746 Α..
750 5671 889 5746 Quae
948 5671 1080 5746 inde
1110 5685 1413 5746 narrantur
1468 5694 1646 5746 usque
1681 5671 1774 5731 'ad

193 5741 527 5865 tinegttiglibri
587 5742 784 5809 quinti,
841 5742 1382 5811 comprehenduntur
1443 5741 1636 5802 eodem
1677 5765 1774 5802 au-

193 5829 257 5865 [ιο
402 5856 411 5865 .

189 5829 257 5866 no
289 5813 411 5866 969.

256 5884 368 5950 (87)
401 5882 641 5934 Emenda
680 5880 985 5936 Cedrenum
1010 5882 1071 5938 ll.
1098 5883 1223 5939 656.
1248 5887 1311 5941 A.
1337 5888 1766 5942 ἐπιλελοιπότων

192 5951 241 6004 δὲ
299 5954 393 6005 καὶ
442 5951 553 6004 τῶν
624 5952 944 6020 Ἀντιοχέων
988 5969 1001 5982 ·
1075 5957 1364 6026 scribeqnc
1429 5962 1536 6014 τῶν
1597 5962 1764 6026 ἀναγ-

509 6047 779 6109 ΡΑτιιοι..
826 6051 939 6109 GR.
975 6051 1215 6115 CXVII.

1024 5227 1064 5258 ⁸¹
1089 5227 1292 5298 ἤρεμα.
1328 5225 1417 5280 Sic
1448 5226 1570 5282 cod.
1604 5243 1701 5297 pro
1725 5229 1928 5301 ἡρέμα.

1884 5400 2078 5478 καίων,
2117 5400 2312 5478 ut__j_am
2345 5403 2657 5478 conjecerat
2702 5406 2994 5475 Xylander.
3057 5405 3246 5478 Neque
3301 5409 3460 5465 aliter

2171 5467 2822 5564 llistoriag'ptstegit'u'r
2882 5478 3010 5564 alibi
3042 5467 3456 5564 quoquemapg‘d

1884 5553 2145 5616 nostrum
2164 5542 2364 5616 σπᾲνις
2412 5546 2525 5616 τῶν
2557 5542 2873 5616 ἀναγκαίων
2901 5547 2991 5601 59.
3039 5542 3102 5603 C.
3129 5542 3188 5606 cf
3228 5542 3361 5606 106:
3389 5551 3450 5606 Β.

1889 5624 1952 5663 ex
1993 5613 2220 5682 Agalhia
2255 5615 2372 5668 151.
2418 5614 2480 5669 Ι).
2525 5613 2736 5673 158.1).

1958 5683 2069 5759 (88)
2093 5685 2371 5759 Cedrenns
2409 5685 2474 5759 _ll.
2510 5688 2633 5741 656.
2665 5689 2724 5743 C.
2760 5689 2966 5759 Πέτρον
2995 5689 3090 5743 Eva
3119 5692 3227 5746 τῶν
3253 5696 3450 5750 ἑαυτοῦ

1880 5753 2153 5829 εὐνουχων
2172 5755 2358 5829 δοῦλον
2398 5757 2739 5829 ὑπάρχοντα.
2771 5753 2887 5813 111ιῖ
2914 5760 3098 5813 δοῦλον
3139 5773 3195 5816 ιιι
3243 5776 3454 5824 antece-

1877 5823 2056 5899 dentis
2104 5826 2258 5899 vocis
2301 5823 2915 5899 glo.+satn"ejieiendam
2960 5832 3246 5887 arbitror:
3300 5823 3492 5894 certc'

1877 5909 1982 5948 non
2015 5895 2212 5964 legitur
2248 5895 2561 5969 inSeylitza
2589 5895 2692 5955 nis.

2936 6065 3015 6124 2-3
