4184 6524
732 406 838 467 7Ἱο

2027 422 2300 486 LEOle
2346 425 2656 488 DIACONI

3901 435 4012 506 780

735 538 1038 585 verterunt.
1067 529 1276 597 Quibus
1323 531 1377 587 in
1411 524 1732 592 servitutem
1763 537 1908 594 datis
1945 541 2311 614 reStinctoque

2427 563 2575 617 μεως
2605 545 2684 611 εἰς
2708 546 2808 618 τὴν
2838 547 2991 604 πόλιν
3008 546 3096 604 διὰ
3117 548 3228 606 τῶν
3257 549 3442 607 πυλῶν
3470 551 3758 617 εἰσελάσας
3777 548 3911 622 (89),
3940 551 4007 616 ἃς

734 617 1015 684 incendio,
1067 629 1287 690 praetor,
1337 625 1615 682 manubiis
1645 641 1675 682 e
1715 628 1898 698 praeda
1934 629 2184 696 delectis,
2219 647 2317 703 Op-

735 710 921 778 pidum
971 710 1020 763 vi
1054 713 1252 778 tenuit,
1295 712 1348 769 in
1380 717 1665 788 murisque
1697 719 1843 789 quod
1869 729 1988 777 erat
2016 721 2314 780 labefacta-

736 811 845 854 tum
882 803 1266 862 communivit.

2416 638 2468 692 οί
2501 641 2982 711 προκατασχόντες
3029 641 3092 697 τδ
3137 644 3274 700 ἄστυ
3317 645 3579 714 Ῥωμαῖοι
3615 642 3765 714 αὐτῷ
3804 642 4006 696 ἀνεπέ-

2420 746 2616 788 τασαν.
2663 730 2960 804 Ἀντιοχεῖς
3001 734 3059 789 δέ
3089 735 3231 805 πρὸς
3264 734 3536 804 τοσαύτην
3570 735 3833 804 στρατιὰν
3866 732 4006 806 μηδέ

2419 821 2698 881 ἀντωπείν
2725 824 3094 896 ἐξισχύοντες,
3151 825 3223 881 τὰ
3268 827 3410 881 ὅπλα
3455 826 3738 899 ῥίψαντες,
3772 827 3854 890 είς
3891 827 4007 880 ίκε·

731 897 884 993 τέξσον
957 901 1280 993 ξ’ξίῆἀξποντο·
1330 903 1438 967 Οὓς
1483 905 1512 957 ὃ
1595 909 2082 982 στρατοπεδάρχης
2124 913 2689 990 ἀνδραποδισάμενος,
2744 921 2840 975 καὶ
2895 921 2994 992 τὴν
3043 921 3324 993 πυρκαϊὰν
3370 897 3707 991 ἀποσϐέσας,
3757 920 3856 974 καὶ
3898 923 4009 974 τῶν

733 990 909 1044 σύλων
957 990 1157 1058 ἐξελὼν
1208 993 1277 1046 τὰ
1329 995 1658 1067 πρωτόλεια,
1703 999 1805 1069 τήν
1861 1017 1920 1053 τε
1968 1001 2123 1057 πόλιν
2174 1005 2317 1058 κατὰ
2351 1007 2553 1079 κράτος
2584 1015 2829 1083 κατεῖχε,
2877 990 2972 1067 καί
3039 990 3149 1067 τῶν
3211 1011 3408 1083 τειχῶν
3437 1012 3506 1068 τὰ
3530 990 3808 1084 ἐπισφαλῆ
3835 1012 4007 1080 ἐκρα-

730 1084 940 1141 τύνετο.

804 1205 856 1258 ὅ.
898 1204 1108 1261 Nobilis
1147 1216 1312 1279 atque
1352 1225 1546 1281 magna
1587 1212 1878 1270 Antiochia
1916 1215 2064 1272 hunc
2097 1217 2150 1272 in
2198 1233 2314 1273 mo-

729 1296 858 1349 dum
905 1312 934 1350 a
989 1295 1253 1355 Romanis
1309 1309 1467 1371 capta
1526 1312 1582 1358 et
1637 1315 1846 1361 vastata
1893 1317 1997 1363 est.
2031 1307 2204 1380 Cujus
2248 1311 2314 1365 de

731 1391 1134 1461 expugnatione
1179 1407 1303 1448 cum
1356 1395 1656 1466 imperator
1705 1399 1972 1464 audisset,
2026 1416 2142 1456 rem
2195 1402 2315 1458 late

728 1485 837 1554 83
868 1485 1011 1546 tulit,
1049 1487 1374 1555 numinique
1409 1491 1830 1559 gratulationem
1854 1492 2006 1548 fecit.
2041 1493 2315 1565 Forteque

728 1576 930 1639 evenit,
990 1584 1049 1629 ut
1101 1584 1233 1630 tunc
1273 1581 1594 1649 angelorum
1645 1584 1868 1654 synaxis
1913 1585 2310 1649 interveniret:

731 1667 804 1722 ibi
857 1667 1189 1722 monachum
1230 1670 1421 1725 dicunt
1449 1687 1513 1727 ex
1557 1674 1626 1730 iis
1666 1677 1762 1745 qui
1810 1677 1980 1732 vitam
2010 1679 2311 1735 solitariam

729 1772 917 1833 agunt,
951 1762 1237 1818 codicillos
1286 1765 1584 1822 tradidisse
1636 1763 1977 1838 imperatori,
2017 1773 2312 1828 continuo-

2495 1239 2521 1274 ε
2545 1264 2556 1274 .
2602 1220 2742 1274 Ἀλλ’
2772 1222 2916 1274 οὓτω
2952 1221 3052 1291 μὲν
3089 1221 3123 1291 ἡ
3175 1221 3484 1292 περιφανὴς
3511 1219 3607 1275 καὶ
3633 1220 3844 1290 μεγάλη
3888 1222 4008 1274 Ἀν-

2421 1312 2632 1381 τιόχεια
2665 1311 2800 1384 πρὸς
2830 1311 2940 1365 τῶν
2993 1311 3286 1384 Ῥωμαίων
3325 1311 3440 1382 ἥλω
3469 1327 3528 1364 τε
3572 1311 3668 1364 καὶ
3698 1311 4005 1382 ἐπορθήθη.

2423 1405 2536 1475 Τὴν
2587 1406 2721 1472 γοῦν
2769 1406 2975 1476 ταύτης
3024 1405 3053 1458 ό
3090 1406 3451 1476 αὐτοκράτωρ
3497 1402 3790 1467 διακούσας
3835 1405 4006 1458 κατά-

2425 1513 2631 1566 σχεσιν,
2663 1498 2924 1568 ἐγεγήθει
2961 1513 3022 1549 τε
3079 1496 3174 1549 καὶ
3201 1494 3280 1565 τῷ
3311 1495 3581 1566 κρείττονι
3611 1494 4008 1564 εὖχαριστήρια

2423 1588 2634 1644 ἔθυσεν.
2673 1588 2871 1657 Ἔτυχε
2908 1588 2966 1642 δὲ
2992 1588 3113 1640 τότε
3160 1587 3261 1658 τὴν
3306 1586 3416 1640 τῶν
3458 1586 3793 1655 Ἀσωμάτων
3835 1585 4010 1640 ἀπαυ-

2420 1683 2583 1751 τῆσαι
2635 1682 2879 1747 σύναξιν,
2918 1684 2974 1735 ἐν
3079 1681 3175 1733 καὶ
3226 1679 3466 1750 μοναχόν
3492 1695 3617 1731 τινα
3648 1677 3868 1746 λέγεται
3896 1679 4006 1730 τῶν

2421 1772 2707 1844 ἐρημικῶν
2746 1767 3338 1825 ἐπιστόλιονλέπιδόντα
3365 1766 3444 1836 τῷ
3486 1766 3714 1837 βασιλεῖ,
3760 1765 4007 1819 ἐκποδὼν

729 1871 835 1924 que
879 1870 908 1909 e
954 1864 1247 1927 conspectu
1294 1859 1606 1914 evanuisse.
1657 1859 1782 1915 Illos
1810 1860 1950 1929 [cum
1989 1863 2311 1933 explicasset

2418 1865 2652 1936 ἐξαυτῆς
2682 1865 2948 1936 οἴχεσθαι.
2989 1865 3094 1917 Τὸν
3133 1863 3190 1916 δὲ
3225 1859 3467 1925 ἀνελῖξαί
3497 1877 3558 1913 τε
3582 1860 3762 1926 τοῦτο,
3793 1860 3887 1913 καὶ
3912 1859 4007 1913 τὸν

730 1947 1066 2015 imperator,
1117 1960 1617 2021 argumentumque
1679 1951 2078 2023 intellexisset,
2144 1954 2316 2011 fuisse

729 2054 918 2094 eorum
969 2040 1427 2112 signiﬁcationem
1479 2042 1754 2113 ejusmodi
1797 2062 1811 2099 :
1851 2063 1869 2098 ι
1905 2044 2057 2114 Mihi,
2097 2047 2314 2104 tametsi

730 2134 934 2188 vermis
956 2149 1100 2200 sum,
1133 2150 1160 2188 a
1188 2136 1532 2204 providentia
1563 2139 1896 2208 patefactum
1924 2147 2039 2207 est,
2072 2141 2314 2208 domine,

729 2240 757 2279 a
789 2225 896 2278 vita
921 2234 974 2280 te
998 2241 1346 2282 recessurum
1379 2243 1569 2284 mense
1599 2230 1763 2285 tertio
1787 2240 1909 2302 post
1939 2231 2314 2302 Septembrem

731 2317 894 2372 modo
929 2320 1366 2391 praeterlapsum.
1409 2341 1426 2374 ›
1465 2322 1654 2393 Neque
1706 2325 2030 2394 imperator,
2060 2327 2314 2397 quamvis

731 2410 961 2466 multum
1003 2411 1368 2484 investigans,
1410 2416 1657 2485 reperire
1710 2418 1888 2488 potuit
1923 2420 2070 2475 hunc
2120 2435 2316 2475 mona-

729 2502 914 2556 chum.
951 2503 1127 2573 Atque
1151 2504 1274 2560 inde
1307 2504 1360 2559 in
1388 2521 1624 2562 mmrore
1659 2519 1908 2564 versatus
1933 2517 2018 2564 est
2054 2526 2117 2566 ac
2147 2527 2316 2582 squa-

730 2595 885 2662 lore;
933 2597 1270 2668 omninoque
1327 2598 1381 2652 in
1433 2599 1577 2655 lecto
1618 2600 1824 2657 cubare
1855 2615 1921 2656 eo
1967 2615 2034 2656 ex
2071 2612 2315 2674 tempore

730 2689 900 2742 noluit
934 2704 946 2741 :
978 2688 1072 2744 sed
1107 2705 1274 2760 super
1299 2691 1441 2760 pelle
1482 2691 1806 2761 pantherina
1843 2707 2146 2764 crassoque
2179 2710 2311 2750 coa-

727 2781 839 2835 ctili
867 2782 1094 2836 coccino
1133 2782 1286 2837 humi
1328 2784 1523 2839 stratis
1553 2784 1899 2853 dormiebat;
1932 2786 2099 2857 pallio
2129 2795 2312 2842 autem

728 2874 1012 2930 Michaelis
1068 2876 1364 2943 monachi,
1424 2879 1607 2948 patrui
1659 2878 1874 2949 ipsius,
1934 2880 2023 2936 cui
2078 2879 2313 2937 Maleino

727 2983 1031 3038 cognomen
1061 2969 1262 3036 fuerat,
1301 2984 1540 3039 superne
1568 2972 1894 3043 contegebat
1927 2975 2030 3030 sibi
2067 2989 2264 3044 corpus
2296 2992 2310 3030 :

725 3058 929 3128 quibus
977 3059 1032 3113 in
1085 3060 1252 3116 rebus
1291 3067 1618 3127 pernoctare
1647 3075 2030 3131 consueverat,
2062 3066 2305 3135 quoties,

729 3153 1056 3206 imniiuente
1103 3151 1389 3208 Dominica
1441 3154 1788 3210 solemnitate
1843 3156 2050 3228 aliqua,
2084 3158 2313 3214 inteme-

726 3247 862 3300 ratis
929 3245 1135 3301 Christi
1183 3247 1459 3317 mysteriis
1518 3249 1883 3304 constituerat
1927 3250 2058 3305 frui.
2115 3251 2310 3308 Iisdem

725 3355 896 3408 prope
925 3339 1120 3394 diebus
1160 3339 1383 3405 accidit,
1432 3350 1490 3394 ut
1536 3339 1744 3397 Bardas
1775 3341 1978 3408 Caesar,
2011 3343 2312 3415 Nicephori

731 3432 1078 3501 imperatoris
1139 3443 1311 3502 pater,
1353 3447 1421 3488 ex
1485 3434 1589 3490 hac
1654 3435 1763 3490 vita
1813 3436 2098 3506 migraret,
2147 3447 2312 3495 natus

727 3537 902 3578 annos
931 3522 1165 3593 amplius
1196 3525 1520 3595 nonaginta,
1555 3541 1680 3580 cum
1740 3527 1794 3579 in
1827 3529 2074 3584 numeris
2111 3529 2311 3584 milita-

728 3614 882 3666 ribus
913 3613 1003 3681 {ab
1048 3613 1162 3683 ipsa
1220 3613 1508 3683 pubertate
1548 3615 1950 3682 consenuisset,
1985 3619 2312 3689 {triumphos

728 3714 893 3774 atque
929 3705 1189 3758 victorias
1229 3705 1570 3760 facinoribus
1601 3706 1810 3762 bellicis
1843 3709 2154 3780 complures
2182 3711 2312 3766 ade-

730 3809 874 3867 ptus.
908 3796 1066 3850 llunc
1095 3797 1394 3868 imperator
1421 3807 1724 3862 mortuum,
1759 3809 1818 3853 ut
1844 3817 1941 3870 par
1964 3813 2102 3869 erat,
2138 3803 2308 3859 luxit:

727 3906 869 3961 eque
899 3891 1100 3960 palatio
1156 3907 1329 3962 usque
1373 3893 1438 3946 ad
1481 3893 1707 3947 domum
1761 3894 1902 3964 ejus,
1947 3895 1999 3950 in
2030 3906 2183 3966 parte
2214 3914 2312 3953 au-

729 3986 887 4040 strali
919 3985 1070 4040 urbis
1121 3987 1304 4053 sitam,
1335 3987 1388 4041 in
1422 3986 1565 4042 clivo
1603 3988 1704 4043 viae
1735 4003 1842 4058 qua
1869 3990 1935 4044 ad
1983 4005 2135 4046 mare
2179 3997 2306 4059 Itur,

729 4077 1058 4149 Sophimque
1097 4086 1288 4148 portus
1323 4077 1435 4150 84
1475 4079 1757 4150 panditur,
1791 4096 1990 4154 corpus
2024 4082 2142 4152 ejus
2180 4100 2311 4156 pro-

727 4179 952 4224 secutus
993 4177 1099 4236 est,
1150 4178 1203 4224 et
1255 4171 1310 4224 in
1362 4185 1489 4226 arca
1535 4175 1862 4242 composuit.
1916 4176 2140 4246 Aliquot
2191 4186 2314 4248 post

726 4262 949 4326 diebus,
983 4276 1109 4314 cum
1143 4270 1286 4316 esset
1321 4261 1604 4332 paululum
1637 4265 1815 4319 levata
1850 4267 2203 4337 imperatoris
2246 4269 2313 4324 de

729 4345 885 4423 patre
917 4351 1207 4423 aegritudo,
1233 4351 1570 4422 Theophane
1599 4355 1864 4426 Augusta,
1902 4359 2313 4428 opportunitate

727 4459 852 4509 usa,
898 4450 1111 4500 secreto
1144 4457 1267 4498 eum
1318 4444 1476 4508 adiit,
1509 4445 1852 4518 multamque
1896 4458 2230 4504 connectens
2257 4450 2310 4504 in

727 4533 910 4589 verbis
955 4530 1477 4601 suaviloquentiam,
1522 4548 1620 4604 pro
1657 4533 1870 4593 Joanne
1913 4537 2175 4609 Magistro
2217 4554 2311 4594 co-

2419 1961 2544 2015 νοῦν
2572 1960 2738 2015 αὑτοῦ
2769 1956 3175 2024 ἀναλέξασθαι·
3215 1953 3356 2009 εἶναι
3383 1954 3440 2008 δέ
3469 1956 3569 2026 τὴν
3600 1957 3791 2010 τούτου
3823 1955 4008 2026 ἐμφα-

2421 2069 2504 2106 σιν
2535 2052 2828 2120 τοιαύτην·
2871 2069 2890 2104 ι
2939 2049 3103 2120 Ἐμοὶ
3131 2048 3208 2120 τῷ
3240 2048 3486 2119 σκώληκι
3531 2046 3684 2116 παρὰ
3726 2049 3827 2116 τῆς
3871 2064 4011 2118 πρε-

2418 2146 2566 2210 νοίας
2611 2143 3000 2215 ἀπεκαλύφθη,
3045 2142 3291 2214 βασιλεῦ,
3349 2139 3754 2211 μεταναστῆναί
3797 2155 3856 2192 σε
3895 2140 4008 2190 τιίν

2418 2239 2546 2310 τῇδε
2585 2239 2664 2311 τῷ
2709 2237 2850 2309 μετὰ
2891 2236 2986 2291 τὸν
3026 2235 3369 2307 παρελθόντα
3415 2234 3794 2306 Σεπτέμϐριον
3833 2233 4008 2302 τρίτῳ

2421 2331 2572 2400 μηνί.
2633 2349 2651 2381 ι
2691 2329 2868 2384 Πολλὰ
2911 2328 3093 2383 τοίνυν
3141 2327 3582 2398 ἀναψηλαφήσας
3636 2329 3665 2380 ὁ
3728 2326 4008 2396 βασιλεὺς,

2417 2418 2515 2490 οὐχ
2553 2414 2677 2490 εὗρε
2705 2420 2797 2473 τὸν
2833 2419 3092 2490 μοναχόν.
3137 2418 3420 2473 Ἐντεῦθεν
3453 2420 3511 2472 ἐν
3542 2418 3818 2487 κατηφείᾳ
3849 2417 4003 2484 διῆγε

2418 2514 2514 2566 καὶ
2541 2513 2963 2585 σκυθρωπότητι
2987 2528 3000 2541 ·
3034 2511 3118 2583 [Ρ.
3167 2511 3260 2584 51]
3293 2511 3386 2565 ἐπὶ⁵
3413 2511 3602 2581 κλίνης
3641 2527 3700 2564 τε
3729 2511 3791 2563 τὸ
3820 2509 4006 2580 παραυ

2419 2624 2527 2659 παν
2563 2605 2749 2659 ἔκτοτε
2776 2607 2878 2658 οὐκ
2920 2603 3191 2676 ἐϐουλήθη
3221 2603 3724 2664 διαναπαύσασθαι,
3766 2601 3885 2654 ἀλλ’
3912 2603 4007 2653 ἐπ’

2417 2696 2652 2764 ἐδάφους
2684 2694 3118 2765 ὑποστρωννύων
3166 2693 3278 2766 (90)
3311 2693 3489 2765 δέρμα
3523 2689 3867 2762 παρδᾶλεως,
3910 2693 4006 2743 καὶ

2417 2788 2745 2859 κοκκοϐαφῆ
2761 2788 2808 2821 ⁸²
2839 2788 3020 2852 πῖλον,
3056 2787 3152 2840 ἐπὶ
3195 2785 3400 2840 τούτων
3448 2783 3731 2849 ἐκάθευδε,
3795 2781 4003 2851 μανδύῃ

2415 2881 2496 2953 τῷ
2546 2879 2640 2934 τοῦ
2674 2877 2910 2951 μοναχοῦ
2962 2878 3185 2950 Μιχαὴλ
3237 2879 3334 2931 καὶ
3371 2877 3516 2931 θείου
3566 2875 3758 2941 αὐτοῦ,
3789 2868 3833 2944 ᾧ
3874 2877 4002 2930 Μα-

2416 2975 2589 3039 λεῖνος
2606 2975 2652 3007 ”
2700 2973 3012 3044 ἐπώνυμον,
3056 2971 3264 3030 ἄνωθεν
3319 2973 3708 3026 ἐπικαλύπτων
3742 2971 3912 3024 αὐτοῦ
3943 2972 4005 3024 τὸ

2417 3065 2714 3136 σωμάτιονο
2751 3064 2808 3118 ἐν
2837 3059 2917 3127 οἷς
2946 3062 3150 3117 εἴθιστο
3181 3061 3486 3127 καθεύδειν,
3515 3060 3753 3132 ὁπηνίκα
3771 3061 3878 3112 τῶν
3908 3063 4006 3112 Δε-

2417 3158 2694 3212 σποτικῶν
2725 3157 2928 3230 ἑορτῶν
2968 3174 3052 3222 τις
3089 3157 3375 3227 εἰσήλαυνε
3407 3153 3652 3210 καὶιτῶν
3684 3151 4004 3223 μυστηρίων

2416 3249 2654 3322 Χριστοῦ
2672 3249 2778 3304 τῶν
2790 3250 3072 3320 ἁχράντων
3088 3248 3347 3316 ἠϐούλετο
3371 3248 3680 3318 μετασχεῖν.
3698 3246 3858 3299 Κατὰ
3883 3243 4006 3296 ταύ-

2417 3359 2514 3404 τας
2539 3342 2595 3394 δέ
2622 3341 2721 3404 τὰς
2752 3341 2968 3412 ἡμέρας
2998 3340 3195 3411 συνέϐη
3221 3341 3315 3392 καίΙ
3347 3340 3436 3392 τὸν
3470 3338 3726 3408 Καίσαρα
3764 3336 4003 3404 Βάρδαν.

2417 3431 2508 3487 τὸν
2557 3433 2651 3486 τοῦ
2689 3434 3089 3504 αὐτοκράτορος
3128 3431 3446 3502 Νικηφόρον
3489 3432 3702 3499 πατέρα
3736 3430 3871 3499 (91),
3907 3427 4003 3482 τοῦ

2417 3523 2533 3594 βίου
2584 3524 3027 3595 μεταναστῆναι,1
3054 3522 3195 3592 ὑπὲρ
3242 3522 3308 3575 τὰ
3358 3522 3685 3592 ἐνενήκοντα
3731 3519 3827 3591 Ιτη
3891 3519 4005 3572 δια-

2417 3617 2710 3681 ϐιώσαντα,
2738 3617 2841 3670 κὰν
2873 3619 2985 3679 τοῖς
3019 3618 3432 3688 στρατιωτικοῖς
3463 3614 3786 3684 καταλόγοις
3819 3612 3879 3676 ἐξ
3903 3613 3997 3666 αύ-

2414 3714 2512 3784 τῆς
2541 3712 2681 3782 ἥϐης
2713 3711 3201 3783 καταγηράσαντα,
3225 3711 3319 3763 καὶ
3344 3709 3513 3762 πολλὰ
3537 3709 3774 3779 τρόπαια
3802 3708 3900 3761 καὶ⁵
3935 3706 4008 3759 vi-

2416 3823 2516 3868 κας
2568 3808 2626 3859 ἐν
2657 3807 2773 3867 τοῖς
2813 3805 2954 3858 κατὰ
2999 3804 3238 3874 πόλεμον
3280 3803 3771 3873 ἀνδραγαθήμασιν
3799 3803 4006 3871 ἀναδη-

2418 3899 2655 3968 σάμενον
2685 3898 2821 3970 (9‘2).
2859 3899 2960 3950 Ὃν
2994 3897 3293 3966 ἐπένθησεν
3338 3897 3366 3948 ό
3396 3894 3650 3967 βασιλεὺς
3677 3895 4004 3964 τεθνηκότα,

2413 3989 2488 4054 ὡς
2532 3991 2592 4044 τὸ
2630 3991 2798 4056 εἰκὸς,
2831 3991 2894 4044 ἐκ
2933 3991 3042 4043 τῶν
3085 3989 3406 4058 ἀνακτόρων
3452 4005 3513 4041 τε
3560 3987 3654 4040 καὶ
3706 3989 3871 4057 μέχρι
3906 3987 4005 4056 τῆς

2416 4082 2603 4146 ἑστίας
2633 4081 2798 4135 αὑτοῦ
2828 4081 2973 4136 κατὰ
3001 4081 3352 4152 μεσημϐρίαν
3374 4079 3635 4149 κειμένης
3663 4078 3756 4131 τοῦ
3788 4080 4003 4140 ἄστεος,

2415 4173 2552 4244 πρὸς
2587 4173 2647 4226 τὸ
2680 4173 2950 4238 κάταντες
2980 4175 3081 4244 τῆς
3124 4172 3216 4226 ἐπὶ
3245 4173 3523 4226 θάλασσαν
3551 4170 3828 4240 φερούσης
3859 4171 4002 4231 ὁδοῦ,

2415 4265 2501 4317 ἵνα
2526 4265 2554 4317 ό
2583 4265 2679 4335 τῆς
2707 4264 2908 4335 Σοφίας
2937 4263 3102 4334 λιμὴν
3130 4262 3407 4335 ἦπλωται,
3445 4261 3536 4315 τὸν
3581 4261 3774 4314 τούτου
3806 4261 4004 4332 νεκρὸν

2415 4357 2768 4428 προέπεμψε,
2799 4359 2895 4411 καὶ
2923 4360 2990 4429 τῇ
3023 4354 3168 4427 σορῷ
3196 4353 3556 4425 περιέστειλε.
3581 4353 3735 4408 Μετὰ
3759 4352 3819 4407 δέ
3849 4371 4005 4416 τινας

2413 4450 2631 4520 ἡμέρας
2657 4449 2749 4504 τοῦ
2780 4450 2874 4504 ἐπὶ
2910 4448 2989 4520 τῷ
3021 4448 3190 4520 πατρὶ
3236 4447 3470 4512 πένθους
3503 4446 3579 4517 τῷ
3617 4445 3831 4515 βασιλεῖ
3866 4447 3998 4500 ὑπο-

2423 4542 2805 4614 λωφήσαντος,
2851 4542 3136 4612 εὐκαιρίας
3188 4542 3222 4611 ἡ
3253 4540 3538 4608 Δύγούστα
3577 4539 3840 4608 Θεοφανὼ
3877 4541 4010 4608 δρα-

1869 4738 1934 4795 C.
1967 4739 2029 4793 B.
2064 4739 2246 4796 HASII
2297 4739 2852 4800 ANNOTATION’ES.

795 4900 842 4928 θ’
876 4897 1205 4968 κοκκηϐαφῆ
1233 4898 1360 4955 cod.
1404 4897 1509 4954 Sed
1542 4899 1873 4970 κοκκοϐαφῆ
1917 4901 2058 4955 intra
2097 4903 2187 4957 53.
2218 4905 2285 4956 A.

2389 4903 2436 4934 ⁸³
2464 4901 2756 4967 Μαλεῖνος.
2788 4903 2880 4960 Sic
2905 4905 3005 4960 cod
3017 4944 3030 4956 .

797 5084 910 5162 (δε)
941 5083 1184 5162 Quarum
1245 5086 1568 5162 repagulaa
1593 5087 1829 5162 “purga
1859 5100 2016 5162 _epse
2068 5085 2304 5162 dissecta

2416 5089 2676 5162 scribitur
2707 5088 2978 5162 Mals't'yé;
3012 5105 3024 5118 '
3059 5088 3182 5143 vide
3203 5099 3385 5162 notam
3416 5089 3481 5143 ad
3508 5089 3628 5143 HS.
3673 5089 3734 5144 Β,
3775 5090 3997 5145 Κοκκο-

725 5170 847 5229 esse
867 5157 1152 5229 Cedrenus
1176 5169 1367 5229 auctor
1391 5157 1557 5211 cstll.
1586 5157 1713 5229 657.
1755 5155 1817 5211 D.
1859 5156 1933 5229 lbi
1980 5156 2167 5229 lin._9.
2211 5173 2306 5225 pro
2343 5155 2377 5162 ⁷
2413 5159 2620 5226 eam,
2657 5169 2850 5226 praeter
2887 5159 3068 5212 locum
3117 5176 3279 5227 quem
3337 5160 3391 5213 in
3445 5176 3540 5214 ora
3581 5161 3760 5221 attuli,
3806 5161 4004 5229 legitur

728 5225 899 5294 πόλην
953 5226 1078 5295 quis
1137 5241 1243 5279 non
1304 5227 1451 5281 videt
1487 5227 1772 5292 legendum
1806 5226 2005 5295 πύλην.
2055 5227 2214 5292 sicut,
2254 5229 2306 5280 in

728 5295 968 5367 _Schowii
1028 5296 1158 5367 edit.
1191 5296 1486 5367 Laurentii
1538 5295 1669 5367 Lydi
1720 5297 1797 5350 De
1841 5295 2122 5350 mensibus
2180 5297 2304 5351 124.

728 5365 825 5418 lin.
861 5367 928 5437 19
961 5385 971 5398 ο
1024 5366 1152 5419 item
1189 5365 1286 5437 lin.
1323 5367 1418 5420 ttll.
1471 5365 1717 5437 ejusdem
1746 5381 1870 5436 pag.
1902 5367 2306 5437 restituendum

726 5438 784 5487 ἐν
813 5436 1040 5506 αἰτίαις,
1067 5444 1122 5490 et
1146 5436 1270 5506 658.
1304 5437 1366 5490 Λ.
1394 5436 1574 5493 ιίηπὶ.
1602 5436 1917 5506 παρέσχενῖ

798 5505 914 5579 (90)
943 5505 1068 5562 Haec
1095 5506 1151 5579 in
1173 5505 1514 5579 Glossarium
1540 5505 1724 5579 retulit
1758 5505 2072 5579 Ducangius
2099 5507 2140 5562 l.
2167 5507 2302 5579 7867.

727 5576 790 5631 C.
821 5577 927 5662 sub
971 5593 1021 5629 v.
1092 5577 1368 5666 Μανδύας,
1428 5595 1602 5666 usque
1658 5578 1727 5666 ad
1777 5576 1971 5666 verba,
2022 5578 2189 5666 αὑτοῦ
2231 5581 2307 5660 ,τὸ

732 5649 1007 5717 σωμάτιον
1039 5663 1053 5676 ⁹
1090 5663 1186 5715 pro
1225 5649 1424 5716 quibus
1455 5651 1540 5702 ille
1573 5649 1741 5713 dedit,
1777 5649 1839 5702 τὸ
1881 5650 2042 5718 σῶμα
2091 5649 2260 5702 αὑτοῦ
2287 5667 2300 5682 ·

730 5732 829 5770 nec
857 5718 1067 5800 reliqua
1091 5719 1790 5800 _singula__diligentissime
1810 5780 1812 5784 τ
1832 5719 2151 5800 descripsit.
2183 5718 2305 5800 ρο-

728 5801 962 5858 gncrnen
983 5785 1284 5848 Michaelis.
1316 5785 1602 5846 Malciiius.
1635 5788 1689 5841 in
1715 5785 1938 5844 familiis
1989 5785 2306 5858 Byzantinis

735 5859 846 5912 119.
886 5855 926 5910 C
986 5873 1092 5911 non
1141 5870 1406 5915 memorat
1449 5858 1802 5930 Ducangius:
1860 5860 1994 5914 alias
2035 5855 2303 5925 agnam;

2410 5245 2630 5314 qyoqu‘e
2662 5230 2752 5283 74.
2790 5229 2849 5282 1).
2876 5230 3045 5314 _apud
3088 5229 3997 5314 ConstaptiInLPoﬂilrvrogenpet.

2410 5301 2532 5354 135.
2563 5301 2624 5353 C.
2664 5310 2716 5354 et
2745 5301 2888 5364 apud
2929 5299 3237 5356 Cedrenum
3271 5300 3337 5355 ll.
3371 5300 3498 5355 662.
3551 5301 3614 5355 Ο.
3652 5301 3854 5356 Hausit
3888 5301 3999 5357 Leo

2406 5369 2732 5455 θλβὶβέίὶιὲδ
2763 5369 2931 5455 90.21}.-
3279 5452 3287 5455 Α
3474 5452 3483 5455 _
3686 5444 3696 5453 .
3892 5447 3903 5455 .

2482 5438 2594 5511 (91)
2616 5438 2740 5514 _H_ic_
2755 5449 2840 5495 est
2863 5441 2953 5495 ille
2980 5456 3168 5514 senex,
3196 5452 3353 5496 natus
3370 5444 4003 5514 centumrquinquaginta

2409 5509 2582 5594 3.3m
2615 5509 2766 5594 [sic].
2822 5525 3072 5594 .quocum
3132 5513 3504 5594 Luitprandus
3576 5509 3705 5583 Leg.
3754 5509 3828 5594 ad
3850 5509 3998 5572 'Nic.

2407 5582 2595 5671 Phoci.n
2633 5581 2756 5637 1M.
2819 5581 2880 5635 υ.
2956 5599 3015 5636 se
3069 5581 3320 5639 cmnasSe
3383 5586 3461 5637 ait
3516 5581 3704 5640 mense
3742 5585 4002 5655 Augusto

2407 5653 2820 5794 a.(szlbisfli‘orma
2866 5723 3131 5796 dictionis
3182 5741 3248 5778 ex
3290 5723 3546 5796 Agatliia,
3598 5726 3688 5781 cui
3726 5725 4002 5796 frequens

2407 5805 2485 5850 est
2518 5813 2529 5848 :
2568 5797 2734 5852 veluti
2767 5797 2853 5850 27.
2893 5797 2956 5849 Α.
2987 5795 3072 5850 60.
3096 5794 3157 5848 (ἶ.
3186 5796 3273 5851 99.
3315 5795 3522 5850 0.140.
3556 5797 3621 5851 Α.
