4184 6524
208 544 306 603 ῖ81

1468 540 1859 601 ΙῘῙΞΤΟΒΙΛΞ
1899 537 2035 596 LIB.
2064 538 2127 594 ν.

3375 527 3480 588 782

213 659 449 727 ξαμένη,
509 659 759 726 πρόσεισι
810 657 985 726 τούτῳ
1044 656 1379 726 καταμόνας,
1416 656 1619 725 πολλὴν
1676 671 1801 707 συν-

1913 656 2204 719 gnomento
2259 645 2528 701 Tzimisec
2578 645 2856 715 deprecari
2914 641 3260 714 imploraudo
3320 650 3483 711 atque

212 748 440 817 είρουσα
500 748 675 815 λόγοιν
708 747 903 811 πειθὼ,
953 748 1209 818 Ἰωάννην
1249 766 1305 800 τε
1343 747 1432 799 τὸν
1474 746 1795 815 μάγιστρον,

213 836 259 909 ᾧ
291 842 603 910 Τζιμισκῆς
642 841 702 893 τὸ
741 840 1053 911 ἐπώνυμον,
1104 841 1203 893 οὐκ
1244 840 1370 910 ἀνίη
1418 838 1798 907 ἐξαιτουμένη,

214 934 672 1005 προσλιπαροῦσά
731 952 789 987 τε
845 937 940 987 καὶ
989 935 1358 1007 ποτνιωμένη.
1416 935 1524 989 Καὶ
1584 932 1800 986 δικαίαν

209 1028 375 1097 δῆθεν
424 1030 524 1099 τὴν
579 1028 782 1097 σκῆψιν
834 1027 1252 1100 προτεινομένη,
1296 1028 1405 1079 κα“.
1466 1044 1483 1075 ι
1526 1027 1643 1077 Ἵνα
1687 1024 1802 1077 ei“

212 1123 394 1175 πάντα
431 1124 617 1192 μέτρῳ
640 1124 733 1175 καὶ
768 1123 995 1192 σταθμῷ
1028 1120 1308 1192 ῥυθμίζων
1341 1121 1406 1173 τὰ
1432 1120 1520 1184 σά,
1551 1119 1795 1189 βασιλεῦ,

212 1216 291 1277 ὡς
332 1216 536 1285 ἀκριϐῆ
576 1215 825 1286 στάθμην
867 1213 1007 1268 εἷναί
1050 1233 1107 1268 σε
1156 1217 1251 1270 καὶ
1280 1215 1480 1268 κανόνα
1522 1211 1802 1285 σωφροσύ-

211 1322 311 1371 νης
367 1304 683 1371 εὐθύτατον,
728 1307 981 1376 παρορᾷς
1026 1305 1197 1376 ἄνδρα
1242 1306 1490 1373 γενναῖον
1529 1304 1671 1358 οὕτω
1707 1304 1802 1355 καὶ

211 1398 487 1460 νεανικὴν,
541 1399 822 1467 ἀριπρεπῆ
840 1397 889 1429 ⁸⁵
940 1414 999 1449 τε
1044 1397 1187 1451 κατά
1220 1398 1321 1461 τάς
1372 1397 1551 1466 μάχας
1598 1396 1804 1465 τυγχάο

212 1506 379 1542 νοντα
444 1490 541 1542 καὶ
614 1489 1099 1557 ἀκαταγὼνιστον,
1169 1487 1662 1557 ὲγκυλινδεῖεςθιιιθ⁸
1724 1486 1803 1555 τῷ

214 1582 466 1651 βορϐόρῳ
517 1583 626 1635 τῶν
657 1583 879 1653 ἡδονῶν,
921 1584 1015 1635 καὶ
1058 1584 1170 1653 βίον
1221 1582 1581 1652 μεταδιώκειν
1658 1598 1801 1651 παρ-

213 1674 590 1743 εξηυλημένον
627 1675 737 1743 (9'5)
774 1675 866 1727 καὶ
889 1674 1098 1737 ἄνετον,
1148 1675 1466 1746 σφριγῶντα
1513 1675 1604 1728 καὶ
1632 1675 1802 1745 αὐτὴν

212 1768 317 1835 τῆς
370 1766 589 1835 ἡλικίας
628 1766 833 1834 ἄγοντα
862 1767 962 1837 τὴν
992 1767 1198 1837 ἀκμὴν,
1246 1766 1541 1820 καὶταῦτα
1576 1767 1803 1819 αὐτανε-

210 1858 340 1927 ψιὸν
390 1858 482 1911 τοῦ
536 1858 629 1911 σοῦ
672 1860 953 1930 πεφηνότα
993 1860 1248 1929 κράτους,
1300 1859 1559 1929 λαμπράν
1598 1876 1657 1910 τε
1708 1857 1802 1909 τοῦ

209 1950 409 2015 γένους
440 1948 669 2003 ἕλκοντα
699 1951 797 2020 τὴν
833 1952 1053 2021 σειράν;
1107 1951 1270 2016 Ἀλλ’,
1308 1952 1357 2003 εί
1399 1951 1566 2014 δοκεῖ,
1606 1948 1801 2002 κέλευε

1903 740 2227 798 obtestando
2302 755 2410 794 non
2470 738 2784 792 intermisit.
2841 737 3163 807 Speciosam
3223 732 3482 788 nimirum

1903 852 2126 893 causam
2162 843 2481 906 praetexens,
2532 852 2549 885 ι
2588 831 2721 897 Cur,
2771 852 2789 883 ι
2821 832 3019 901 inquit,
3048 850 3066 881 ι
3104 840 3162 884 ιιι
3196 830 3288 899 qui
3323 829 3485 882 modo

1903 941 1957 987 et
1984 932 2195 985 ratione
2224 932 2411 983 omnia
2460 927 2616 991 facis,
2664 926 2921 989 Domine,
2959 924 3097 979 adeo
3136 930 3197 977 ut
3245 922 3323 977 sis
3351 936 3487 977 con-

1905 1031 2239 1078 summatum
2285 1020 2595 1088 exemplum
2629 1033 2693 1073 ac
2732 1030 2924 1073 norma
2963 1014 3232 1070 acerrima
3272 1019 3484 1083 tempe-

1905 1115 2117 1176 rantiae,
2152 1113 2305 1167 nullo
2352 1112 2472 1166 loco
2520 1125 2798 1175 numeras,
2845 1110 3023 1163 virum
3057 1116 3167 1163 tam
3202 1104 3400 1161 fortem
3432 1113 3487 1157 et

1905 1209 2235 1267 animosum,
2284 1206 2493 1260 clarum
2528 1204 2667 1259 bello
2710 1212 2875 1272 atque
2914 1202 3201 1266 invictum,
3246 1198 3482 1253 volutari

1908 1302 1959 1355 in
1985 1304 2102 1357 luto
2125 1303 2489 1371 voluptatum,
2507 1299 2787 1366 vitamque
2808 1305 3251 1366 agereextorrem
3274 1300 3329 1348 et
3346 1292 3487 1347 otio-

1906 1411 2021 1451 sam
2044 1396 2066 1447 ?
2087 1393 2151 1447 Et
2170 1401 2349 1446 tamen
2368 1391 2511 1461 viget
2526 1391 2615 1445 ille
2639 1390 2757 1459 ipso
2774 1389 2951 1443 aetatis
2971 1387 3306 1453 robore,tum
3319 1387 3485 1442 etiam

1906 1484 2273 1540 consobrinus
2325 1491 2429 1537 tua:
2468 1482 2774 1549 maiestatis
2818 1490 2927 1545 est,
2981 1480 3254 1535 illustrem
3317 1479 3488 1534 trahit

1907 1578 2123 1647 generis
2170 1577 2391 1631 seriem.
2455 1573 2681 1637 Verum,
2738 1573 2784 1627 si
2842 1573 3090 1636 videtur,
3141 1572 3274 1641 jube
3330 1572 3485 1627 illum

1906 1670 2341 1741 quamprimum,
2374 1684 2503 1723 rure
2537 1667 2629 1722 ubi
2676 1676 2762 1721 est
2793 1667 3005 1731 relicto,
3034 1667 3100 1720 ad
3143 1679 3245 1721 nos
3274 1664 3485 1728 venire,

1907 1771 1961 1817 et
1998 1776 2225 1817 uxorem
2258 1762 2500 1829 aliquam
2527 1775 2557 1814 e
2590 1758 2837 1828 patriciis
2870 1759 3090 1812 ducere.
3133 1756 3308 1823 Quam
3341 1757 3488 1811 enim

1908 1856 2061 1923 prius
2107 1853 2160 1907 in
2200 1852 2555 1906 matrimonio
2589 1850 2845 1915 habebat,
2899 1848 3119 1913 acerba,
3152 1857 3212 1903 ut
3261 1848 3391 1913 seis,
3425 1864 3489 1903 ac

1908 1947 2151 2001 membra
2183 1946 2401 2001 solvens
2428 1958 2575 1999 mors
2594 1943 2845 2013 perculit.
2865 1942 3005 1997 Cede
3026 1943 3191 2013 igitur
3212 1980 3229 2008 ,
3248 1942 3487 1997 domine.

210 2043 317 2111 τὴν
348 2043 633 2113 ταχίστην,
682 2043 793 2095 τῶν
839 2042 1034 2114 χώρων
1065 2045 1154 2098 ’ίνα
1190 2043 1455 2114 διατρίϐει
1488 2042 1800 2112 ἁπάραντα,

1913 2039 2062 2107 Quod
2097 2040 2321 2104 suadeo,
2355 2047 2561 2093 rectum
2590 2037 2847 2093 es:.Gere
2876 2038 3009 2091 milii
3042 2051 3269 2091 mtrem.
3302 2034 3382 2091 Ne
3406 2036 3491 2105 ja-

212 2133 517 2201 ἀφικέοθαι
545 2153 606 2187 τε
657 2135 795 2206 πρὸς
825 2138 975 2205 ἡμᾶς
1005 2136 1101 2189 καὶ
1151 2136 1373 2205 συζύγῳ
1413 2134 1521 2188 τῶν
1562 2134 1803 2203 εὐγενῶν

210 2225 583 2297 ἁρμοσθῆναι.
622 2227 734 2299 Τὴν
780 2229 887 2299 γὰρ
922 2228 1025 2299 ἠδη
1068 2228 1220 2299 νόμῳ
1258 2230 1441 2297 γάμου
1486 2244 1806 2298 προσαρμο-

214 2315 442 2369 σθεῖσαν
475 2318 625 2387 αὑτῷ
659 2321 686 2371 ὁ
717 2319 936 2391 πικρὸς,
980 2318 1055 2383 ὡς
1087 2314 1265 2380 οἶσθα,
1309 2319 1402 2371 καὶ
1440 2317 1733 2388 λυσιμελὴς
1756 2318 1799 2349 ⁸⁷

1910 2140 2031 2188 ceat
2063 2132 2129 2185 ad
2181 2131 2481 2186 ludibrium
2533 2142 2587 2184 et
2632 2130 2944 2184 irrisionem
2983 2130 3291 2198 linguarum
3327 2137 3490 2197 petu-

1908 2224 2138 2279 lantium
2176 2223 2269 2294 qui
2308 2234 2361 2276 et
2383 2237 2580 2293 genere
2616 2229 2669 2275 te
2696 2221 2935 2290 attingit,
2962 2231 3015 2277 et
3045 2222 3116 2275 ob
3140 2220 3332 2275 bellica
3360 2218 3491 2275 facio

1910 2332 2046 2372 nora
2081 2317 2150 2371 ab
2180 2316 2436 2372 omnibus
2474 2316 2823 2383 praedicatur.
2861 2332 2880 2365 ι

212 2410 494 2481 ἐξεθέρισε
544 2412 796 2477 θάνατος.
855 2408 1012 2479 Εἷξον
1086 2414 1293 2477 λοιπὸν,
1346 2412 1591 2483 βασιλεῦ,
1660 2411 1756 2467 καὶ
1816 2414 2189 2484 είσηγουμένῃ
2231 2412 2301 2465 τὰ
2337 2412 2527 2465 δέοντα
2572 2410 2846 2480 πείσθητι,
2874 2410 2970 2464 καὶ
3034 2409 3109 2480 μὴ
3178 2408 3493 2479 προκείσθω

212 2509 336 2569 ταῖς
364 2508 686 2572 ἀκολάστοις
718 2507 995 2575 γλώσσαις
1040 2508 1304 2577 κωμῳδία
1346 2508 1442 2561 καὶ
1480 2510 1804 2578 σαρκασμὸς
1842 2510 1870 2561 ὀ
1901 2510 1965 2561 ὲκ
1995 2508 2090 2561 τοῦ
2163 2505 2257 2558 σοῦ
2301 2506 2495 2573 γένους
2557 2502 2905 2573 ἀναδραμὼν,
2940 2502 3043 2555 κάν
3082 2502 3203 2564 ταῖς
3239 2499 3350 2553 τῶν
3394 2516 3495 2553 πο·

214 2602 401 2673 λέμων
460 2603 854 2673 ἀνδραγαθίαις
923 2603 1077 2673 παρά
1135 2603 1356 2656 πάντων
1426 2602 1971 2673 μεγαλαυχούμενος.
2028 2622 2045 2654 ι

288 2713 378 2787 [Ρ.
412 2712 508 2785 52]
552 2712 627 2778 ς’.
679 2714 904 2778 Τούτοις
932 2717 1043 2777 τοῖς
1085 2716 1266 2782 λόγοις
1330 2715 1666 2785 μετελθοῦσιν.
1709 2716 1800 2769 τὸν

220 2806 604 2875 αὐτοκράτορα
656 2808 769 2867 καὶ,
824 2806 900 2868 ὡς
958 2807 1018 2859 τὸ
1078 2808 1245 2873 είκδς,
1312 2808 1803 2879 καταγοητεύσασα

216 2898 462 2962 (εὔνοιαν
530 2898 639 2969 γὰρ
696 2899 838 2969 ὑπὲρ
886 2898 947 2951 τὸ
1004 2900 1280 2969 προσῆκον
1329 2902 1591 2970 παρεῖχεν
1642 2902 1801 2971 αὐτῇ,

219 2991 472 3055 ἐκτόπως
518 2992 617 3062 τῆς
667 2991 817 3063 ὧρας
861 2990 1063 3062 ταύτης
1105 2994 1465 3063 ἡττώμενος),
1520 2994 1806 3047 ἀνέπεισεν

219 3085 540 3136 εἰσκαλέσαι
570 3086 660 3137 τὸν
695 3085 973 3155 Ἰωάννην,
1004 3088 1098 3138 καὶ
1120 3087 1312 3139 θᾶττον
1334 3088 1644 3157 ἀπαντῆσαι
1668 3088 1806 3157 πρὸς

220 3176 280 3227 τὸ
309 3175 631 3239 Βυζάντιον.
681 3176 738 3229 Ὀ
769 3176 824 3229 δὲ
854 3178 991 3247 πρὸς
1031 3177 1131 3247 τὴν
1166 3178 1560 3248 βασιλεύουσαν
1594 3180 1805 3234 εἰσελά·

223 3285 321 3330 σας
346 3271 447 3320 καί
479 3268 556 3337 τῷ
593 3267 803 3337 βασιλεῖ
828 3270 1133 3340 παραστὰς,
1160 3272 1390 3343 ἐπείπερ
1418 3272 1741 3341 ἐπισκήψεις
1760 3273 1805 3305 ⁸⁸

1981 2717 2036 2772 ϐ.
2079 2715 2169 2769 llis
2206 2716 2430 2770 vocibus
2480 2714 2755 2768 insectans
2792 2712 3173 2782 imperatorem
3213 2723 3286 2778 et,
3322 2722 3379 2768 ut
3409 2712 3491 2778 iit,

1913 2807 2189 2862 fascinaus
2238 2806 2516 2877 (studebat
2545 2804 2655 2875 85
2689 2806 2833 2859 enim
2882 2806 3140 2875 Augusta!
3170 2806 3291 2874 plus
3328 2821 3489 2877 quam

1912 2899 2199 2963 attinebat,
2235 2907 2465 2967 eratque
2511 2897 2683 2953 forma
2717 2896 2837 2968 ejus
2882 2898 3206 2953 mirabiliter
3248 2901 3491 2969 captus).

1914 2994 2187 3064 persuasit
2220 2994 2291 3047 illi
2329 3002 2387 3046 ut
2416 2992 2684 3047 Joannem
2724 3001 3053 3055 accerseret,
3081 3010 3190 3063 quo
3221 2994 3495 3049 Constan-

1914 3085 2198 3154 tinopolim
2250 3085 2500 3148 protinus
2528 3084 2573 3138 is
2606 3098 2663 3139 se
2696 3083 2991 3139 conferret.
3029 3084 3106 3138 Eo
3140 3099 3263 3139 eum
3304 3099 3494 3154 pervco

1913 3177 2103 3237 nisset.
2153 3178 2219 3230 ad
2277 3176 2665 3247 imperatorem
2721 3178 3019 3242 admissus,
3078 3183 3271 3247 postea
3326 3192 3493 3246 quam

1913 3269 2113 3324 vetitus
2159 3268 2339 3323 fuerat
2372 3269 2608 3339 singulis
2654 3268 2846 3324 diebus
2881 3270 2933 3321 in
2993 3268 3250 3335 palatium
3286 3269 3493 3334 venire,

223 3362 450 3425 ἐδέξατο
496 3363 608 3423 τοῖς
645 3361 938 3428 βασιλείοις
992 3364 1269 3432 ὁσημέραι
1312 3366 1524 3434 φοιτᾷν,
1556 3366 1677 3417 τότε
1713 3366 1806 3433 μὲν

1917 3370 2045 3415 ιιιηο
2071 3360 2290 3430 quidem
2338 3360 2603 3431 cvestigio
2653 3361 2876 3416 domum
2909 3376 2968 3415 se
3001 3362 3208 3429 recepit
3252 3362 3493 3417 :deinde

225 3451 308 3518 ἐφ’
358 3450 547 3512 ἑστίας
592 3450 755 3511 εὐθὺς
787 3450 1166 3519 ἀπηλλάττετο
1188 3469 1199 3480 ·
1242 3453 1535 3521 μετέπειτα
1567 3454 1622 3506 δὲ
1657 3455 1807 3525 παρά

224 3543 323 3613 τὴν
362 3541 639 3611 βασίλειον
682 3542 852 3612 αύλὴν
893 3544 953 3595 οὐ
984 3543 1335 3614 διελίμπανεν
1367 3545 1553 3597 ἀνιών.
1590 3545 1721 3598 "Ars
1754 3546 1809 3598 δὲ

225 3636 576 3705 θερμουργός
609 3654 693 3698 τις
720 3637 859 3705 ἀνὴρ
893 3637 1175 3705 πεφυκὼς,
1207 3639 1299 3691 καὶ
1330 3639 1604 3707 τολμήσας
1628 3642 1672 3671 se
1697 3640 1806 3709 (9‘)

226 3730 273 3780 εἰ
310 3727 407 3781 καί
438 3744 523 3791 τις
550 3727 731 3791 ἄλλος,
761 3730 855 3781 καὶ
888 3730 1213 3799 πράγμασιν
1254 3730 1554 3799 ἐπιχειρεῖν
1591 3730 1811 3781 ἀλλοκό-

223 3836 335 3881 τοις
389 3818 876 3887 παραόολώτατος,
938 3820 1130 3891 ἐξεῦρε
1202 3824 1474 3890 μηχανὴν,
1531 3821 1673 3873 ὥστε
1726 3821 1812 3874 διά

223 3927 389 3964 τινων
425 3912 651 3980 ἀφανῶν
685 3911 904 3964 εἰσόδων
938 3913 1073 3982 πρὸς
1105 3913 1204 3982 τῆς
1241 3912 1558 3981 Αὑγούστης
1590 3914 1803 3982 ἑτοιμα-

228 4001 462 4057 σθεισῶν
505 4002 838 4055 ὑποδύεσθαί
864 4020 922 4054 τε
971 4004 1063 4055 καὶ
1091 4006 1169 4064 είς
1196 4004 1389 4071 λόγους
1423 4004 1594 4073 ταύτῃ
1621 4005 1812 4073 συνέρ-

226 4093 441 4160 χεσθαι,
475 4093 583 4161 ξκαὶ
628 4092 725 4163 τὴν
763 4092 858 4145 τοῦ
898 4093 1301 4165 αὐτοκράτορος
1345 4094 1661 4165 Νικηφόρον
1704 4095 1810 4145 τῶν

227 4185 552 4254 ἀνακτόρων
572 4186 617 4216 ⁸ο
665 4184 964 4254 μελετῆσαι
996 4186 1320 4256 καθαίρεσιν
1351 4187 1484 4255 (95).
1533 4186 1812 4238 Ἐντεῦθεν

1918 3460 2096 3506 tamen
2125 3454 2306 3506 aulam
2349 3452 2697 3522 frequentare
2729 3466 2835 3505 non
2866 3451 3177 3506 intermisit.
3209 3449 3342 3504 Nam
3368 3466 3494 3505 cum

1913 3554 2057 3598 esset
2096 3545 2179 3597 \‘ir
2210 3543 2416 3598 fervida
2466 3554 2683 3609 natura,
2717 3552 2769 3597 et
2798 3543 3101 3607 confidens,
3147 3544 3191 3597 si
3224 3543 3348 3612 quis
3394 3542 3497 3596 fuit

1917 3652 2182 3707 unquam,
2228 3649 2279 3691 et
2320 3638 2385 3691 ad
2448 3652 2534 3691 res
2586 3638 2853 3692 immanes
2922 3637 3204 3692 tentandas
3244 3637 3497 3692 audacis-

1916 3729 2111 3793 simus,
2162 3730 2383 3783 modum
2419 3730 2641 3797 reperit,
2676 3728 3137 3799 quemadmodum
3191 3743 3287 3797 per
3324 3742 3496 3797 quos—

1915 3822 2039 3874 dam
2091 3823 2343 3877 occultos
2395 3823 2591 3885 aditus,
2641 3824 2709 3875 ab
2782 3824 3025 3892 Augusta
3082 3830 3302 3892 paratos
3354 3821 3494 3876 clam

1916 3917 2185 3977 introiret.
2220 3918 2273 3970 in
2302 3918 2527 3987 ejusque
2568 3918 2777 3971 veniret
2828 3916 3183 3985 colloquium,
3215 3924 3270 3970 et
3324 3914 3499 3985 impe-

1918 4008 2116 4061 ratoris
2144 4008 2434 4077 Nicepltori
2465 4008 2823 4063 remotionem
2857 4022 2885 4061 a
2918 4008 3227 4077 principatu
3259 4008 3495 4061 medita-

1918 4106 2087 4149 retur.
2124 4095 2359 4151 Proinde
2393 4097 2647 4152 homines
2673 4097 2935 4151 robustos
2972 4110 3035 4149 ac
3064 4096 3205 4150 bello
3240 4105 3497 4150 strenuos

1919 4202 1982 4239 ex
2048 4188 2351 4241 intervallis
2406 4188 2469 4240 ad
2525 4189 2825 4257 Augustam
2884 4188 3161 4250 submisit,
3215 4202 3355 4258 quos
3406 4186 3496 4242 illa

1360 4366 1421 4419 C.
1459 4368 1516 4420 Β.
1561 4365 1742 4421 HAS"
1778 4367 2335 4423 ANNUTATIONES.

295 4528 343 4561 “
372 4529 461 4581 ἵνα
480 4526 554 4578 τί.
593 4526 816 4580 Videtur
840 4523 928 4578 hic
960 4523 1147 4578 deesse
1175 4522 1327 4593 φησί.

1405 4522 1451 4555 ⁸⁸
1474 4524 1745 4594 ἀριτρεπῆ
1775 4526 1899 4581 cod.

1975 4526 2020 4557 ⁸⁸
2058 4524 2492 4592 ἐγκαλινδεῖσθαι
2521 4526 2643 4581 cod.
2723 4527 2768 4559 ⁸⁷
2785 4526 3081 4595 λυσιμενῆς
3112 4524 3233 4580 cod.
3291 4528 3339 4559 ⁸³
3374 4529 3487 4586 Vel.

226 4594 901 4667 lmuﬁetaverlendum
942 4606 1025 4667 est
1053 4594 1661 4667 iiileftlictatvcldeest
1690 4603 1806 4667 post

1913 4595 2383 4667 cristatgnegatio
2411 4597 2484 4664 μή
2512 4611 2605 4649 seu
2633 4595 2750 4667 οὔχ.
2788 4594 3245 4650 Υἰ(1.ί(;ε‹1ιριιιιῐη
3275 4598 3399 4652 692.
3434 4602 3493 4657 Β.

228 4671 273 4702 ⁸⁸
306 4662 459 4723 Furi.
498 4665 815 4736 τολμητίας,
851 4674 909 4718 ιιι
936 4665 1024 4719 25.
1052 4664 1111 4720 C.
1145 4664 1232 4718 36.
1261 4662 1321 4715 Β.
1346 4664 1406 4720 C.
1484 4665 1529 4696 ’°
1557 4662 1705 4718 Fort;
1737 4666 1802 4717 ἀν

1913 4668 2098 4737 ορίων.
2132 4662 2249 4719 Vid.
2283 4662 2459 4721 notas.

297 4854 412 4923 (93)
449 4850 581 4923 Vini
631 4848 784 4923 vocis
846 4848 1084 4918 explicat
1128 4848 1389 4923 _illustris
1437 4846 1806 4904 Schneiderus

2040 4848 2098 4905 B.
2122 4848 2213 4903 60.
2333 4848 2418 4923 7Q.
2454 4848 2518 4923 ΛΑ.
2552 4848 2613 4905 Β.
2651 4848 2805 4923 quod
2834 4848 2961 4923 alibi
2988 4851 3172 4905 ἑστίαν
3204 4852 3303 4923 τὴν
3333 4854 3491 4922 βασί-

232 4918 434 4978 ιριιίρό
475 4921 604 4975 223.
633 4919 695 4973 D.
724 4918 985 4982 Leonem,
1028 4919 1193 4989 verba
1240 4934 1364 4973 rara
1417 4929 1806 4989 aucupantem,

229 4995 509 5046 invenisse
539 4992 872 5045 credendum
897 5000 977 5044 est
1004 4989 1056 5043 in
1099 4988 1378 5043 Glossario
1397 4988 1605 5058 aliquo,
1635 4991 1811 5057 Παρε-

229 5063 571 5131 ξηυλημένος
608 5078 620 5091 ·
673 5059 1089 5131 διεφθαρμένος,
1133 5060 1419 5131 ἀμυδρόςς
1490 5075 1613 5127 qua:
1650 5060 1813 5113 hodie

233 5130 511 5201 leguntur
557 5132 699 5200 apud
734 5130 1109 5201 Pltavoriuum
1149 5130 1305 5183 1M7.
1348 5130 1419 5183 25
1462 5132 1646 5198 (paulo
1694 5131 1814 5183 qu-

227 5200 344 5271 gior
380 5213 465 5257 est
496 5200 696 5256 Suidas
721 5201 811 5255 lli.
831 5202 919 5257 46.
940 5200 1050 5267 C.),
1075 5201 1286 5269 sibique
1314 5202 1655 5269 persuasisse
1688 5216 1815 5269 syn-

229 5288 427 5343 onyma
460 5286 593 5343 fesse
640 5273 772 5343 liaac
818 5275 1001 5326 omnia
1032 5310 1046 5333 ,
1103 5272 1407 5343 eodemque
1452 5286 1615 5343 sensu
1655 5286 1816 5343 usur-

232 5340 415 5411 paése.
444 5342 579 5406 Quae
606 5342 651 5396 si
694 5342 817 5410 quis
872 5344 1057 5395 minus
1102 5342 1314 5410 probet,
1358 5341 1562 5396 scribat
1606 5340 1814 5407 παρεξ-

232 5414 527 5483 τιλαμένος,
544 5430 571 5465 a
596 5412 1001 5483 παρεξελαύνω,
1020 5411 1166 5481 quod
1185 5413 1305 5466 vide
1325 5414 1375 5466 in
1400 5422 1535 5467 nott.
1557 5416 1622 5483 ad
1645 5411 1731 5464 94.
1752 5412 1812 5465 C.

298 5482 417 5550 (94)
466 5484 730 5552 l’roposui
775 5482 1095 5553 τολμητίας,
1151 5484 1317 5552 quod,
1353 5493 1547 5553 praeter
1597 5482 1713 5535 loca
1758 5483 1813 5535 in

233 5558 481 5623 margine
522 5555 708 5624 allata,
742 5554 936 5624 legitur
964 5552 1052 5605 75.
1102 5553 1163 5607 C.
1202 5564 1393 5608 mutuo
1421 5562 1701 5624 sumptum
1743 5568 1809 5605 ex

232 5628 463 5693 Agatliia
500 5624 589 5677 14.
627 5623 688 5677 ι).
726 5624 813 5677 42.
847 5623 905 5677 Β.
934 5624 1055 5677 157.
1090 5626 1151 5678 (ὲ.

302 5696 419 5763 (95)
459 5693 603 5747 Infra
641 5695 729 5747 70.
767 5695 823 5749 Β.
869 5695 968 5764 τὴν
996 5695 1088 5749 τοῦ
1147 5695 1397 5749 Ἰωάννου
1432 5694 1541 5747 τῶν
1582 5694 1814 5747 ἀνακτο-

238 5766 368 5834 ρίων
434 5764 779 5832 καθαίρεσιν.
847 5764 1036 5835 Neque
1111 5767 1247 5821 adeo
1304 5764 1559 5820 dissimili
1629 5764 1813 5834 plirasi

233 5838 319 5890 'il.
357 5836 421 5889 Β.
464 5836 575 5887 τῶν
606 5837 938 5906 τυραννείων
974 5840 1241 5901 κατιέναι,
1290 5837 1353 5889 de
1399 5838 1617 5905 imperio
1667 5836 1818 5888 dece-

235 5906 375 5960 dere.
425 5907 603 5961 Habet
658 5905 875 5977 quidem
928 5905 1037 5961 Leo
1080 5910 1216 5962 alias
1256 5924 1443 5961 vocem
1496 5907 1817 5974 ἀνάκτορον,

240 5980 326 6031 sed
365 5978 460 6044 ita,
489 5986 548 6031 ut
583 5979 842 6047 palatium
878 5979 1119 6046 denotet,
1158 5979 1238 6032 19.
1279 5980 1339 6032 (1.
1373 5979 1458 6030 59.
1513 5978 1570 6033 υ,
1622 5979 1709 6031 40.
1756 5978 1819 6030 Α.

1917 4920 2061 4994 λειον
2104 4936 2198 4994 seu
2231 4920 2544 4994 Δβασιλικήν
2571 4919 2932 4994 _vocat_(_vit1e
2974 4919 3348 4994 quoque189.
3400 4927 3493 4994 C.)

1920 4991 2040 5060 sive
2094 4990 2193 5056 τὴν
2226 4990 2492 5058 βασίλειον
2524 4990 2715 5060 αὐλήν,
2750 4990 2839 5043 50.
2872 4990 2936 5044 Λ.
2970 4992 3057 5044 5'2.
3091 4990 3155 5045 Α.
3191 4992 3253 5048 (Σ.
3291 4995 3381 5050 6⁸2.
3430 4990 3491 5051 Β.

1922 5059 2045 5112 alibi
2079 5062 2145 5112 τὰ
2180 5060 2445 5128 βασίλεια,
2472 5060 2561 5111 ‘20.
2603 5059 2659 5114 Β.
2702 5062 2790 5112 21.
2835 5064 2897 5113 Α.
2928 5060 3019 5116 ‘29.
3062 5062 3123 5115 Β.
3161 5064 3249 5117 52.
3299 5065 3364 5119 Α.
3402 5067 3491 5121 57.

1920 5130 1980 5202 C.
2016 5129 2103 5183 59.
2218 5129 2400 5202 60.13.
2429 5130 2522 5202 Δ90.
2662 5131 2782 5202 100.
2817 5130 2879 5202 Ι).
2918 5130 3033 5202 sive
3062 5132 3161 5202 τὴν
3200 5133 3496 5201 ἀνακτορι-

1925 5200 2023 5269 κὴν
2055 5200 2261 5265 ἑστίαν,
2304 5200 2392 5254 98.
2425 5200 2483 5252 Β.
2520 5200 2641 5253 102.
2680 5200 2744 5255 C.
2782 5200 2905 5257 110.
2940 5200 2999 5255 Β.
3053 5200 3135 5256 Τὰ
3184 5203 3307 5257 θεῖα
3360 5200 3497 5260 ἀνά·

1927 5288 2098 5339 κτορα
2142 5271 2363 5341 6οηοη
2396 5270 2670 5325 εεσιεεὶαηι
2697 5272 2946 5333 denotat,
2974 5272 3040 5327 de
3076 5289 3183 5341 qua
3220 5275 3498 5341 signiﬁca-

1916 5342 2067 5394 tione
2100 5343 2207 5395 viil.
2240 5340 2321 5395 Jo.
2352 5340 2612 5396 Wollium
2646 5344 2709 5396 ad
2744 5342 2996 5396 Pbotium
3030 5340 3233 5398 centra
3255 5340 3495 5402 ﬂaniclt.

1920 5412 2124 5469 Anecd.
2154 5412 2248 5467 Gr.
2283 5412 2342 5465 ΙΙ.
2369 5414 2496 5467 ‘213.
2522 5414 2582 5468 Ο.
2619 5412 2953 5482 Καθαίρεσις
2982 5424 3159 5467 autem
3187 5415 3276 5470 hic
3300 5418 3494 5473 eodem

1920 5498 2109 5546 sensu,
2169 5499 2279 5552 quo
2331 5483 2573 5537 καθελών
2627 5484 2769 5553 apud
2836 5485 2893 5536 S.
2954 5484 3219 5539 Atlianas.
3290 5486 3495 5542 llistor.

1919 5552 2108 5608 Arian.
2158 5552 2197 5607 1.
2246 5553 2371 5608 589.
2408 5555 2473 5607 Δ.
2510 5558 2656 5611 τρεῖς
2700 5555 2960 5611 βασιλεῖς.
3004 5555 3370 5611 Βοετανίωνα.
3404 5558 3499 5611 καὶ

1922 5555 2108 5608 Arian.
2158 5555 2197 5607 I.
2246 5555 2371 5608 589.
2408 5555 2473 5607 Δ.
2510 5558 2656 5635 τρεῖς
2700 5555 2960 5622 βασιλεῖς,
3004 5555 3370 5623 Βρετανίωνα,
3404 5558 3495 5611 καὶ

1922 5624 2282 5697 Ιξξαγνέντιον,
2320 5627 2439 5697 καί
2467 5626 2667 5678 Γάλλον
2711 5625 2981 5690 καθελών,
3033 5642 3152 5678 cum
3196 5636 3299 5680 tres
3329 5628 3495 5697 impp.

1935 5692 2329 5766 Vetranioucm,
2389 5696 2775 5766 Magnentium,
2819 5697 3034 5750 Gallum
3066 5697 3286 5762 imperio
3316 5692 3501 5752 delirr-

1928 5765 2138 5831 basset;
2174 5765 2627 5822 Montefaleomus
2687 5784 2699 5819 :
2752 5784 2872 5821 cum
2929 5778 3031 5821 tres
3076 5783 3241 5835 reges,
3297 5767 3358 5821 V.
3415 5768 3496 5823 Μ.

1928 5846 1976 5887 et
2003 5837 2092 5901 6.,
2116 5841 2242 5906 imp.
2278 5839 2593 5892 abdicasset.
2628 5836 2798 5892 Porro
2838 5839 3145 5905 καθαιρεῖν,
3195 5841 3335 5908 apud
3366 5841 3504 5894 scri-

1933 5919 2119 5972 plores
2195 5910 2601 5963 ecclesiasticos
2644 5910 2909 5969 solemne.
2984 5918 3145 5963 sonat
3220 5910 3499 5979 deponere,

1930 5993 2299 6044 exuurtm'ma',
2345 5980 2406 6031 ub
2466 5982 2629 6047 o/ﬁcio
2677 5997 2954 6035 removere.
3006 5980 3214 6037 Concil.
3274 5982 3502 6037 Chalce-
