4184 6524
248 498 357 559 785
1478 493 1863 555 HISTORIEE
1904 496 2049 555 LIB.
2090 496 2160 557 V.
3400 488 3505 551 786

250 602 440 655 τοῦτον
463 602 662 657 κλείσω
695 602 882 655 λοιπόν
939 621 957 652 ι
994 598 1182 655 Ταῦτα
1216 600 1590 673 προσειποῦσα
1620 599 1810 654 ἐκεῖθει

1940 602 2182 670 Deiparae
2240 607 2294 655 et
2348 600 2515 655 divini
2569 598 2937 655 Praecursoris
3006 604 3169 666 atque
3222 594 3510 662 praeconis,

250 694 422 763 ἐξῄει.
468 696 525 748 Ὀ
549 696 604 747 δὲ
633 695 887 765 βασιλεὺς
918 695 985 747 δι’
1025 695 1153 763 ὅλης
1184 694 1281 763 μὲν
1316 694 1415 763 τῆς
1451 693 1697 762 φυλακῆς
1726 694 1810 763 τῆς

1939 694 2112 759 humi,
2158 708 2323 765 super
2368 694 2504 762 pelle
2550 692 2875 765 pantherina
2908 701 2960 747 et
3000 688 3217 745 coactili
3258 687 3506 746 coccino,

248 785 444 846 νυκτὸς
485 785 585 848 τὰς
618 785 866 853 συνήθεις
900 785 1067 854 εὐχὰς
1116 784 1402 853 ἀνέπεμπε
1443 783 1519 854 τῷ
1550 782 1691 851 Θεῷ,
1734 784 1810 836 κα¹

1937 786 2107 854 quieti
2137 803 2194 841 se
2221 787 2461 840 tradidit.

248 880 311 947 τῇ
344 879 546 951 μελέτῃ
577 881 685 933 τῶν
715 879 877 932 θείων
910 878 1143 950 Γραιρῶν
1167 867 1538 949 διεσχόλαζεν.
1594 877 1747 931 Ἐπεὶ
1770 878 1827 931 δὲ
1900 880 1991 933 τὸν
2020 880 2188 934 ὕπνον
2214 886 2246 954 ἡ
2316 881 2478 951 φύσις
2509 883 2728 953 ἀπῄτει,
2766 880 2873 950 πρὸ
2898 879 3006 932 τῶν
3039 878 3251 931 σεπτῶν
3282 876 3505 929 είκόνων

246 970 345 1038 τῆς
387 986 447 1021 τε
499 970 826 1043 θεανδρικῆς
873 968 965 1021 τοῦ
1023 968 1258 1038 Χριστοῦ
1319 972 1552 1040 μορῳῆς,
1596 971 1689 1024 καὶ
1723 970 1820 1041 τῆς
1882 972 2243 1046 Θεομητορος,
2279 976 2373 1027 καὶ
2418 976 2511 1029 τοῦ
2567 974 2709 1027 θείου
2750 972 3073 1044 Προδρόμου
3123 971 3215 1024 καὶ
3242 974 3502 1042 κήρυκος.

246 1062 397 1132 παρὰ
422 1063 484 1115 τὸ
534 1062 859 1131 παρδάλεων
897 1062 1085 1134 δὲρρος
1128 1061 1221 1114 καὶ
1254 1062 1343 1114 τὸν
1373 1081 1411 1114 κ-
1449 1062 1690 1133 (κοϐαφῆ
1732 1063 1909 1130 πῖλον,
1933 1063 2021 1117 ἐπ’
2050 1066 2277 1135 ἐδάφους
2307 1066 2684 1123 διανεπαύετο.

315 1179 381 1243 ξ’.
415 1181 477 1232 Οἱ
503 1180 559 1232 δὲ
594 1180 727 1251 πρὸς
759 1180 856 1249 τῆς
903 1178 1221 1248 Αὐγούστης
1273 1178 1659 1250 ὑποδεχθέντες
1719 1178 1821 1231 ὐπ-

244 1276 440 1344 ηρέται
470 1274 564 1327 τοῦ
608 1273 877 1337 Ἰωάννου,
928 1274 1020 1325 τοῦ
1052 1273 1325 1343 δωματίου
1359 1274 1607 1342 ξιφήρεις
1644 1275 1819 1343 ἐκπη-

242 1367 529 1434 δήσαντες,
566 1366 664 1436 τὴν
696 1368 907 1418 ἐκείνου
942 1367 1127 1434 ἄφιξιν
1167 1366 1559 1436 προσεδέχοντο
1589 1367 1655 1432 ⁸³,
1688 1368 1819 1437 περὶ

241 1456 309 1507 τὰ
331 1455 574 1524 ὕπαιθρα
597 1455 704 1509 τῶν
736 1456 1022 1525 βασιλείων
1073 1454 1337 1527 ὑπερῴων
1368 1458 1820 1527 κατασκοπούμε-

239 1564 338 1599 vet.
377 1548 639 1616 Πέμπτην
674 1549 770 1616 τῆς
798 1548 990 1610 νυκτὸς
1030 1547 1178 1617 ὤραν
1204 1551 1230 1600 ὁ
1262 1547 1500 1616 γνώμων
1538 1551 1637 1619 ἤδη
1694 1567 1823 1602 κατ-

242 1638 619 1707 επηγγέλλετο
638 1656 648 1665 ·
667 1638 888 1708 δριμεῖα
905 1640 959 1691 δέ
982 1656 1064 1702 τις
1090 1638 1278 1709 βορέου
1304 1636 1445 1709 αὖρα
1464 1640 1524 1692 τὸ
1544 1641 1637 1693 τοῦ
1662 1640 1822 1709 ἀέρος

241 1734 428 1800 ἐπεῖχε
478 1731 827 1800 κατάστημα,
888 1733 979 1784 καὶ
1035 1733 1168 1801 χιὼν
1206 1733 1382 1801 ἐχεῖτο
1428 1732 1597 1801 πολλή
1628 1750 1640 1763 ·
1670 1734 1818 1785 καὶ¹ὀ

251 1828 505 1894 Ἰωάννης
578 1826 803 1893 ἀςίκετο
862 1826 910 1857 ³³
951 1827 1089 1897 μετὰ
1123 1827 1231 1880 τῶν
1266 1828 1635 1899 ’συνωμοτῶν
1664 1871 1677 1894 ,
1725 1830 1817 1881 ἐπὶ

237 1917 439 1985 λέμϐου
475 1916 567 1969 τὸν
595 1916 839 1983 αἰγιαλὸν
887 1895 1241 1988 παραπλέων,
1300 1920 1392 1971 καὶ
1418 1895 1517 1989 τῆς
1583 1920 1813 1989 ἠπείρου
1849 1895 1890 1949 Β

236 2009 675 2079 προσεπιδαίνων
703 2010 836 2079 (97),
891 2011 977 2062 ἵνα
1008 2014 1034 2063 ὀ
1067 2010 1264 2073 λίθινος
1304 2010 1443 2064 λέων
1482 2010 1573 2063 τὸν
1612 2012 1815 2081 ταῦρον

235 2099 439 2170 ζωγρεῖ
464 2100 847 2172 (Βουκολέοντα
860 2102 947 2153 τὸν
966 2102 1130 2154 τόπον
1154 2103 1424 2172 κέκληκεν
1450 2105 1483 2173 ἡ
1506 2104 1810 2174 συνήθεια.)⁸

233 2192 288 2254 ὃς
329 2195 442 2255 τοῖς
498 2192 704 2246 ἄνωθεν
762 2194 856 2246 ἐπὶ
900 2194 1007 2247 τῶν
1066 2196 1349 2266 ὑπαίθρων
1403 2196 1814 2266 προκόπτουσιν

235 2284 537 2354 ὑπηρέταις
589 2286 860 2356 συρίττων
926 2286 1350 2355 ὲπεγινώσκετο.
1402 2290 1657 2342 Τοιοῦτον
1704 2292 1811 2361 γὰρ

234 2379 343 2437 τοῖς
404 2378 769 2446 παλαμναίοις
818 2380 1023 2433 ἐδέδοτο
1089 2380 1360 2450 σύνθημα.
1426 2384 1662 2450 Κόφινον
1718 2383 1811 2437 οὗν

232 2467 517 2530 καλωδίοις
565 2469 935 2540 ἐξηρτημένον
996 2472 1330 2542 χαλάσαντες
1394 2472 1631 2539 ἄνωθεν,
1686 2476 1810 2529 καθ’

232 2557 325 2608 ἕνα
356 2558 486 2620 τοὺς
515 2561 833 2629 συνωμότας
874 2560 1137 2631 πρότερον
1172 2563 1420 2626 ἅπαντας
1450 2565 1807 2635 ἀνιμήσαντο,

230 2648 421 2702 ἔπειτα
449 2650 506 2704 δὲ
536 2653 627 2703 καὶ
663 2653 753 2703 τὸν
792 2652 1043 2723 Ἰωάννην
1094 2655 1276 2708 αὐτόν.
1344 2656 1687 2719 Ἀνελθόντες
1716 2652 1810 2710 οὖν

230 2744 380 2810 παρὰ
438 2745 618 2796 πᾶσαν
671 2745 1022 2816 ἀνθρωπίνην
1073 2749 1352 2813 ὑπόνοιαν,
1409 2750 1503 2804 καὶ
1555 2752 1623 2804 τὰ
1680 2751 1807 2822 ξίφη

230 2835 639 2905 γυμνώσαντες,
676 2839 755 2901 είς
791 2839 876 2891 τὸν
910 2840 1192 2909 βασιλικὸν
1229 2842 1606 2896 είσελαῦνουσι
1633 2843 1804 2898 θάλα-

234 2947 352 2996 μον,
387 2930 484 2983 καὶ
516 2930 615 3001 τὴν
647 2931 834 3001 κλίνην
866 2933 1277 3002 κατειληφότες,
1322 2935 1418 2986 καὶ
1447 2934 1657 3003 ταύτην
1711 2936 1806 2988 εὐ-

231 3023 416 3090 ρόντες
442 3025 604 3091 κενὴν
632 3025 725 3076 καλ⁴
761 3026 982 3093 μήτινα
1029 3028 1085 3077 ἐν
1120 3026 1257 3097 αὐτῇ
1306 3027 1804 3097 διαναπαυόμενον,

228 3113 584 3181 ἐπεπήγεσαν
630 3112 736 3164 ἀπὸ
796 3113 891 3165 τοῦ
955 3114 1129 3179 δέους,
1190 3114 1286 3167 καὶ
1334 3116 1805 3185 κατακρημνίζειν

2000 1180 2109 1251 87
2145 1180 2191 1234 7.
2227 1180 2367 1235 inter
2409 1179 2521 1235 haec
2564 1179 2794 1235 Joannis
2844 1178 3173 1243 administri,
3206 1193 3347 1249 quos
3395 1180 3505 1232 Au-

1930 1282 2083 1342 gusta
2114 1282 2409 1342 receperat,
2434 1289 2463 1327 e
2496 1274 2630 1328 cella
2671 1288 2796 1327 cum
2842 1274 3035 1344 gladiis
3076 1272 3277 1327 emersi
3306 1269 3505 1325 adven-

1930 1374 2042 1418 tum
2094 1364 2212 1432 ejus
2266 1366 2744 1435 praastolabantur,
2799 1380 2829 1419 e
2898 1366 3097 1421 solario
3161 1364 3504 1433 fastigiorum

1930 1456 2114 1527 palatii
2147 1457 2513 1526 speculantes.
2548 1456 2777 1528 Jamque
2820 1460 3072 1528 quintam
3106 1456 3282 1510 noctis
3310 1456 3502 1508 horam

1928 1564 2165 1618 gnomon
2198 1550 2471 1605 indicabat
2512 1570 2523 1605 :
2564 1552 2739 1619 gelida
2790 1551 3064 1622 aquilonis
3092 1565 3225 1604 aura
3256 1548 3507 1616 regiones

1920 1639 2402 1709 perﬂabataerias,
2443 1640 2534 1694 nix
2575 1651 2757 1696 autem
2814 1640 3166 1695 delabebatur
3215 1637 3449 1707 plurima
3489 1657 3499 1687 :

1920 1744 2041 1783 cum
2080 1730 2315 1785 Joannes
2361 1732 2576 1785 advenit
2624 1749 2748 1787 cum
2801 1730 3126 1801 conjuratis,
3162 1730 3215 1783 in
3250 1727 3500 1783 navicula

1920 1823 2070 1877 littus
2112 1823 2318 1893 legens,
2358 1834 2521 1893 atque
2554 1826 2645 1878 ubi
2685 1826 2771 1879 leo
2820 1826 3069 1895 lapideus
3106 1834 3326 1878 taurum
3356 1820 3503 1888 capit

1922 1914 2305 1985 (Bucoleonem
2336 1917 2516 1971 locum
2550 1925 2746 1972 vocant
2777 1919 2986 1988 vulgo),
3021 1917 3076 1972 in
3121 1925 3321 1970 terram
3353 1914 3500 1973 exit;

1919 2016 2109 2076 estque
2155 2007 2224 2061 ab
2266 2007 2631 2077 adjutoribus,
2667 2023 2901 2077 superne
2940 2022 2969 2061 e
3018 2006 3220 2061 solario
3253 2006 3497 2066 intentis,

1918 2100 2075 2153 sibilo
2116 2102 2352 2170 agnitus.
2402 2100 2680 2172 Ejusmodi
2734 2102 2877 2155 enim
2925 2099 3107 2169 impiis
3150 2100 3335 2154 datum
3383 2107 3503 2152 erat

1917 2190 2154 2261 signum.
2190 2191 2420 2248 Proinde
2468 2176 2654 2263 sporta
2700 2209 2794 2263 per
2839 2203 3011 2249 restes
3054 2192 3305 2261 alligatas
3336 2191 3499 2243 desu-

1916 2300 2082 2352 perne
2123 2287 2383 2350 demissa,
2422 2286 2598 2356 primo
2629 2288 2946 2354 conjuratos
2993 2300 3187 2341 omnes
3216 2284 3495 2353 sigillatint

1916 2386 2291 2442 attraxcrunt,
2347 2378 2544 2433 deinde
2584 2378 2760 2448 ipsum
2812 2394 3031 2449 quoque
3082 2376 3371 2431 Joannem.
3424 2376 3496 2429 lta

1915 2483 2036 2522 cum
2098 2479 2292 2537 praeter
2340 2484 2557 2523 omnem
2607 2470 2921 2538 Opinionem
2958 2471 3256 2523 humanam
3282 2470 3501 2522 ‘evasis-
3565 2491 3569 2495 -

1915 2570 2063 2623 sent,
2118 2562 2395 2617 destrictis
2443 2562 2644 2630 gladiis
2689 2562 3002 2630 irrumpunt
3048 2561 3102 2614 in
3151 2560 3499 2629 imperatoris

1916 2655 2245 2717 cubiculum,
2280 2653 2592 2723 lectumque
2644 2653 2910 2707 invadunt
2955 2673 2967 2708 :
3013 2669 3175 2724 quem
3210 2670 3335 2708 cum
3376 2655 3496 2708 ina—

1914 2763 2037 2802 nem
2068 2748 2425 2811 invenissent,
2460 2763 2637 2818 neque
2677 2762 3008 2817 quemquam
3040 2747 3092 2801 in
3119 2763 3183 2802 eo
3209 2748 3498 2817 quiescen-

1914 2848 2043 2905 tem,
2094 2842 2450 2910 obriguerunt
2498 2855 2719 2910 pavore,
2773 2856 3004 2909 seseque
3045 2840 3388 2909 praecipitare
3441 2841 3495 2894 in

1912 2946 2064 2985 mare
2116 2933 2295 2987 conati
2338 2941 2485 2987 sunt.
2543 2930 2743 2986 Verum
2814 2931 3112 2986 homuncio
3175 2933 3375 2999 aliquis
3430 2932 3497 2985 de

1912 3023 2115 3077 scurris
2159 3038 2189 3076 e
2232 3037 2507 3094 gynaeceo,
2552 3025 2644 3093 qui
2694 3038 2786 3077 eos
2836 3023 3086 3087 duxerat,
3119 3023 3498 3077 submonstrat

1912 3114 1979 3168 iis
2024 3115 2411 3184 imperatorem
2448 3116 2813 3170 dormientem
2850 3132 2863 3168 :
2897 3130 3059 3185 quem
3113 3115 3165 3167 in
3216 3115 3346 3169 orbe
3386 3114 3495 3169 cir-

228 3204 428 3265 αὑτοὺς
457 3204 762 3274 ἐπειρῶντο
792 3206 927 3275 πρὸς
974 3204 1272 3258 θάλασσανο
1328 3206 1469 3258 Ἀλλ’
1513 3208 1803 3278 ἀνδράριόν

1910 3215 2243 3262 cumstantes
2265 3208 2494 3277 pedibus
2521 3206 3038 3276 feriunt,supraque
3061 3222 3186 3261 eum
3221 3207 3489 3259 insiliunt.

228 3311 275 3346 τι
309 3296 418 3348 τῶν
444 3297 508 3348 ὲκ
538 3299 636 3365 τῆς
681 3297 1123 3365 γυναικωνίτιδος
1171 3297 1403 3365 ίταμῶν,
1452 3299 1631 3351 αὐτῶν
1672 3301 1807 3370 ἡγη-

230 3388 486 3456 σάμενον,
533 3388 875 3441 ὑποδεικνύει
933 3389 1025 3440 τὸν
1071 3388 1298 3457 βασιλέα
1360 3389 1715 3454 καθεύδοντα,
1746 3392 1806 3444 ὃν

229 3481 411 3549 κύκλῳ
466 3480 824 3550 περιστάντες
876 3481 1095 3532 ἔνυττον
1150 3484 1257 3544 τοῖς
1302 3482 1461 3534 ποσὶν
1517 3482 1807 3550 ἐναλλόμε-

228 3591 304 3625 νοι
343 3574 413 3627 ’³.
447 3573 842 3627 Διυπνισθέντα
867 3573 924 3626 δὲ
963 3573 1153 3628 τοῦτον
1181 3574 1276 3626 καὶ
1307 3573 1404 3643 τὴν
1436 3577 1687 3645 κεφαλὴν
1714 3576 1802 3627 ἐπ’

229 3667 472 3732 ἀγκῶνος
504 3668 812 3738 ἐρείσαντα,
851 3667 997 3735 ξίφει
1026 3665 1213 3736 βιαίως
1268 3668 1422 3721 παίει
1462 3670 1614 3722 Λέων
1642 3672 1669 3722 ὁ
1694 3671 1799 3721 Βα-

228 3758 423 3828 λαντης
447 3760 870 3829 ὀνομαζόμενος.
917 3759 975 3811 'U
1020 3761 1076 3812 δὲ
1120 3761 1499 3831 περιαλγήσας
1528 3763 1605 3831 τῷ
1639 3764 1807 3831 τραύ-

233 3868 355 3916 ματι
389 3850 577 3920 (μέχρι
609 3852 653 3882 “
680 3851 780 3919 τῆς
817 3850 1021 3921 ὀφρύος
1064 3854 1158 3904 καὶ
1182 3852 1283 3921 τῆς
1315 3854 1635 3925 βλεφαρίδος
1667 3856 1711 3887 ⁹⁷
1744 3854 1805 3908 τὸ

229 3937 376 4006 ξίςος
405 3940 683 4004 καθίκετο,
712 3942 1003 4010 ἀπαράξαν
1035 3942 1133 4013 μὲν
1151 3944 1210 3996 τὸ
1240 3945 1454 4009 ὀστοῦν,
1489 3947 1563 4015 μὴ
1594 3947 1803 4016 πλῆξαν

227 4030 280 4082 δὲ
298 4032 386 4084 τὸν
406 4032 756 4101 ἐγκέφαλον),
785 4053 800 4084 ι
824 4034 1075 4098 Θεοτόκε,
1115 4034 1322 4107 βοήθει,
1351 4056 1368 4088 ›
1409 4039 1680 4107 ἐκέκραγε
1706 4056 1803 4107 γε-

229 4124 504 4195 γωνοτέρᾳ
530 4128 715 4195 φωνῇ·
746 4127 961 4195 ἐρρεῖτο
1007 4126 1064 4178 δὲ
1118 4127 1457 4197 πανταχόθεν
1504 4129 1582 4200 τῷ
1610 4130 1804 4199 αἵματι

228 4215 313 4265 xxi
351 4215 820 4283 κατεφοινίσσετο.
860 4216 918 4268 Ὀ
943 4216 998 4267 δὲ
1037 4217 1313 4287 Ἰωάννης,
1346 4219 1436 4269 ἐπὶ
1460 4220 1562 4288 τῆς
1602 4220 1805 4289 βασιλι-

228 4304 323 4373 κῆς
353 4306 589 4369 καθίσας
621 4307 933 4376 στρωμνῆς,
978 4308 1194 4361 ἑλκύειν
1233 4310 1307 4373 ὡς
1338 4311 1497 4364 αὑτὸν
1526 4312 1618 4365 τὸν
1647 4312 1798 4381 βασι-

227 4398 315 4452 λέα
347 4401 810 4471 παρεκελεύσατο.
853 4405 949 4454 Ὃν
1013 4403 1362 4469 έλκυσθέντα,
1405 4406 1706 4468 ὀκλάζοντά
1744 4424 1803 4459 τε

228 4491 311 4544 καὶ
346 4493 438 4544 ἐπὶ
467 4492 529 4545 τὸ
552 4492 744 4561 ἔδαφος
777 4493 1098 4563 διαῤῥέοντα
1128 4494 1270 4564 (οὐδὲ
1317 4498 1425 4567 γὰρ
1471 4491 1583 4561 οἶός
1637 4515 1693 4552 τε
1730 4497 1799 4572 ἦν

1909 3299 2215 3354 Excitatum
2248 3316 2313 3354 ex
2347 3315 2541 3354 somno
2573 3309 2628 3353 et
2675 3310 2838 3369 caput
2890 3300 3077 3354 cubito
3129 3298 3492 3353 sustinentem

1905 3390 2034 3457 Leo,
2068 3393 2287 3445 nomine
2316 3392 2592 3455 Balantes,
2624 3393 2975 3445 vehementer
3016 3392 3198 3460 gladio
3232 3393 3490 3459 percutit.

1904 3483 2151 3538 Percitus
2174 3484 2363 3539 dolore
2401 3485 2515 3553 88
2543 3485 2786 3539 vulneris
2816 3486 2961 3554 (nam
2996 3497 3168 3549 usque
3199 3482 3264 3536 ad
3299 3498 3493 3551 super-

1906 3576 2029 3629 cilia
2107 3588 2161 3631 et
2226 3576 2515 3645 palpebras
2583 3577 2797 3645 gladius
2865 3583 3268 3645 penetraverat,
3321 3590 3492 3640 usque

1906 3666 2225 3730 resciderat,
2279 3668 2449 3723 illaesa
2487 3676 2667 3722 tamen
2719 3669 2990 3737 cerebrO),
3037 3668 3311 3722 clamabat
3351 3667 3490 3721 elata

1906 3776 2056 3827 voce,
2086 3780 2102 3812 ι
2163 3760 2412 3831 Dcipara,
2453 3762 2583 3831 juva
2633 3778 2646 3815 :
2709 3780 2726 3813 ι
2782 3760 3034 3817 difﬂuens
3083 3762 3324 3831 undique
3367 3776 3490 3816 san-

1906 3854 2069 3924 guine
2097 3863 2149 3908 et
2183 3864 2462 3909 cruentus.
2492 3855 2560 3908 At
2586 3853 2849 3920 Joannes,
2878 3855 2968 3924 qui
2999 3854 3053 3908 in
3089 3864 3323 3923 augusto
3351 3854 3489 3909 lecto

1906 3946 2247 4008 consederat,
2271 3946 2410 3999 trahi
2434 3947 2498 4000 ad
2523 3962 2580 4000 se
2603 3947 2988 4011 imperatorem
3017 3947 3205 4015 jussit.
3228 3946 3488 4015 Raptum,

1907 4052 2029 4091 cum
2077 4038 2272 4093 solutis
2307 4039 2569 4095 membris
2612 4040 2678 4092 ad
2724 4039 2904 4093 solum
2957 4037 3324 4093 collaberetur
3368 4038 3490 4106 (nec

1906 4132 2050 4185 enim
2098 4146 2241 4200 genu
2278 4131 2376 4185 niti
2423 4140 2659 4199 poterat,
2691 4131 2889 4201 insigni
2938 4132 3061 4201 ejus
3094 4132 3291 4185 robore
3334 4130 3487 4200 plaga

1908 4223 2070 4291 gladii
2133 4223 2349 4291 fracto),
2409 4225 2710 4294 interrogat
2774 4238 2894 4277 cum
2957 4222 3143 4288 minis,
3179 4232 3281 4277 et:
3329 4241 3347 4273 ι
3394 4221 3489 4275 Dic

1908 4316 2063 4380 mihi,
2109 4335 2127 4368 ι
2167 4317 2364 4386 inquit,
2407 4335 2425 4367 ι
2458 4317 2652 4371 stolide
2683 4325 2736 4369 et
2787 4315 2967 4370 invide
3017 4325 3266 4385 tyranne,
3306 4327 3488 4367 annon

1908 4425 2002 4477 per
2037 4424 2124 4462 me
2154 4410 2444 4463 ascendisti
2475 4411 2540 4464 ad
2572 4409 2937 4479 principatum
2984 4409 3339 4475 Romanum”?
3371 4407 3490 4461 Non

1910 4518 2001 4571 per
2032 4516 2118 4555 me
2154 4503 2256 4557 hoc
2307 4512 2518 4557 tantum
2556 4504 2843 4573 imperium
2877 4502 3205 4573 suscepisti?
3242 4502 3346 4567 Qui
3385 4500 3488 4571 igi-

1373 4684 1435 4739 C.
1469 4684 1528 4738 B.
1572 4681 1750 4740 HAS"
1787 4683 2341 4741 ANNOTATIONES.

292 4815 336 4885 '_'
365 4815 727 4885 προσεδέχετο
771 4819 891 4871 cod.

228 4881 269 4913 "
299 4881 445 4941 Fort.
486 4881 653 4956 μέχρι
683 4887 810 4955 γάρ.
887 4890 931 4920 ’⁷
963 4881 1302 4967 βλεφαρίδος]
1342 4881 1676 4968 ῲλεὸαρίδοξ
1691 4900 1811 4951 cod.

296 5072 401 5152 (9_7)_
441 5073 1159 5152 _V:erbum_1rpooem61:'j.w
1216 5082 1381 5152 (qqu
1438 5099 1543 5139 non
1601 5096 1684 5140 est
1738 5086 1789 5140 in

233 5141 454 5222 Exigis)
481 5144 597 5222 ΒΑΘ-ο
618 5147 773 5222 modo
791 5141 915 5222 cum
936 5150 1172 5217 genitivo
1194 5141 1483 5219 c‘o'nstruit,
1504 5156 1651 5209 velut
1675 5157 1781 5222 hic,

230 5212 307 5285 90.
336 5213 391 5265 Β.
420 5226 475 5268 et
506 5215 603 5267 97.
636 5213 699 5269 1).
730 5219 891 5269 modo
925 5212 1047 5271 eum
1083 5222 1283 5285 dativo,
1326 5233 1383 5277 ut
1410 5212 1480 5277 6(
1503 5224 1560 5278 Β.
1594 5226 1683 5280 42.
1720 5212 1785 5280 C'.

233 5281 423 5336 Eodem
463 5299 604 5358 casu
653 5295 753 5358 est
786 5287 928 5355 apud
983 5281 1443 5358 Theophvlactum
1498 5294 1651 5349 Orat.
1723 5300 1787 5351 de

234 5363 408 5406 sancta
452 5354 632 5434 Qruce
919 5353 1355 5434 npgserriﬁaiivwv
1386 5366 1450 5433 τῇ
1490 5369 1580 5434 γῇ.
1619 5366 1789 5420 Usur-

234 5434 380 5490 patur
424 5426 593 5478 etiam
637 5440 667 5477 a
716 5426 941 5482 Philone
988 5428 1061 5483 De
1096 5426 1563 5489 tetnulentia'th.
1604 5436 1663 5489 E.
1696 5440 1791 5489 καὶ

232 5495 673 5575 προσεπιϐαίνειν
701 5498 948 5575 ἠξίωσεν,
987 5500 1077 5552 ubi
1116 5503 1401 5575 exponitur
1428 5492 1788 5571 prwvaricarr'.

238 5564 462 5641 "Alterius
515 5564 1441 5641 decompositi,rnpocanépﬁtvw,
1496 5578 1791 5629 secundam

234 5633 622 5715 figuratamque
654 5633 1127 5715 significationem,
1155 5633 1373 5715 insulto,
1398 5633 1613 5715 ihideo,
1636 5661 1790 5715 :eque

239 5706 298 5781 in.
332 5706 655 5784 novissimis
715 5706 1047 5784 ontimisque
1091 5709 1305 5784 Lexicis
1360 5714 1519 5768 video
1567 5706 1790 5784 praeter-

237 5776 469 5852 missam.
496 5776 848 5852 Quanquam
873 5776 978 5832 non
1006 5781 1185 5852 desint
1221 5784 1384 5852 hujus
1428 5776 1789 5840 usus-aucto-

239 5846 408 5921 ritates
459 5846 1022 5921 idonerenb‘aJuann.
1065 5846 1487 5921 Chrysostomus
1520 5855 1670 5912 Orat.
1724 5873 1786 5915 ιι.

242 5912 286 5966 iu
315 5910 500 5973 Lazar.
537 5918 601 5973 V.
630 5916 756 5973 ΞΗ.
786 5919 854 5973 28
910 5921 983 5991 μὴ
1025 5910 1587 5997 προσέπεμῦαίνωμεν
1623 5910 1785 5983 αὕτδῦ

988 4819 1033 4897 ξδ
1064 4820 1301 4897 ἀφίκετο
1338 4826 1472 4882 Cod.
1523 4826 2089 4897 plusquamperfecto,
2136 4829 2352 4894 ἀφῖκτο,
2390 4836 2445 4881 ιιι
2474 4826 2609 4881 infra
2642 4826 2728 4882 69.
2768 4829 2824 4879 B.

2905 4829 2947 4859 ³⁵
2974 4830 3329 4896 ἐναλλόμενον
3355 4832 3476 4883 cod.

1824 5088 2016 5155 υταίς
2081 5088 2410 5155 συμφοραῖς.
2461 5084 2880 5155 Olympiodorus
2942 5087 3146 5139 Catena
3216 5087 3269 5139 in
3330 5085 3476 5140 beat.

1894 5154 1994 5209 Job
2023 5156 2145 5209 529.
2176 5156 2237 5208 C.
2266 5156 2404 5207 κατὰ
2425 5154 2716 5221 πρόσωπον
2744 5155 3029 5224 λοιδορεῖτὲ
3065 5172 3152 5222 με,
3177 5156 3271 5209 καὶ
3300 5172 3474 5224 προσ-

1895 5226 2254 5293 επεμδαίνετέ
2312 5242 2423 5295 μοι.
2465 5224 2619 5295 Qute
2654 5226 2791 5285 loca,
2832 5235 2923 5278 aut
2954 5226 3173 5288 similia,
3208 5226 3477 5294 Hesychia

1897 5298 2184 5350 obversata
2233 5294 2380 5356 sunt,
2431 5311 2554 5350 cum
2602 5294 2640 5347 Ι.
2688 5296 2843 5348 10H.
2896 5295 2955 5349 Β.
2992 5295 3471 5363 Προσεπεμδαίνει

1899 5365 2287 5432 interpretatus
2346 5375 2430 5418 est
2486 5365 2835 5428 ἐπιτωθὰζει,
2898 5366 3145 5434 ἐπιγελᾷ.
3225 5363 3468 5419 Verbum

1900 5435 2216 5503 ὲπεμϐαίνω
2258 5436 2423 5489 simili
2456 5452 2619 5489 sensu
2654 5445 2968 5504 usurpatur,
3014 5446 3073 5489 ut
3102 5436 3211 5489 duo
3252 5436 3369 5490 loca
3403 5451 3471 5490 ex

1900 5507 2089 5559 multis
2120 5506 2418 5564 nominem,
2468 5507 2521 5558 in
2560 5506 2726 5573 Epist.
2780 5508 2999 5559 nomine
3045 5508 3225 5560 concil
3257 5504 3464 5559 Nicaan.

1901 5578 2123 5644 scripta,
2168 5577 2309 5641 apud
2357 5577 2570 5629 Socrat.
2623 5575 2760 5629 Hist.
2806 5577 3013 5631 Eccles.
3046 5576 3137 5630 28.
3184 5579 3250 5629 A.
3279 5576 3407 5629 item
3440 5591 3471 5630 a

1897 5645 2157 5717 Cedreno
2190 5646 2418 5717 l|._670_.
2456 5646 2516 5699 υ.
2572 5645 2856 5709 ὲπιδαίνω,
2907 5649 3047 5701 idem
3100 5646 3467 5717 signiﬁcante,

1899 5716 2152 5784 copiosus
2181 5714 2231 5770 J.
2268 5715 2470 5770 Tobias
2515 5716 2782 5770 Krebsius
2825 5717 2878 5769 in
2919 5714 3468 5771 Decretis'llomano-

1900 5802 2019 5839 rum
2054 5802 2151 5856 pro
2179 5786 2381 5841 Judaeis
2424 5786 2580 5841 factis
2616 5787 2704 5840 25.
2736 5787 2818 5853 ιι,
2850 5787 3253 5850 demonstrans,
3281 5789 3473 5841 omnia

1902 5857 2013 5910 fere
2062 5856 2306 5911 veniendi
2337 5857 2499 5910 verba
2537 5874 2658 5911 cum
2695 5857 2808 5917 ἐπί,
2864 5860 3121 5928 adjuncto
3159 5874 3289 5913 casu
3348 5875 3470 5928 νοτε

1901 5942 2069 5998 suum,
2103 5932 2378 5984 notionem
2418 5929 2632 5985 hostilis
2662 5928 2961 5985 invasiunis
2998 5927 3224 5985 habere.
