4184 6524
174 480 277 544 730

1413 484 1800 543 IIISTORl/E
1840 485 1984 546 LIB.
2019 486 2083 546 V.

3338 479 3446 541 790

176 590 267 657 τῆς
293 588 439 659 ζωῆς
465 588 656 659 χρόνον
688 590 1026 658 πεντήκοντα
1053 592 1145 643 καὶ
1178 590 1317 644 ἑπτὰ
1354 592 1449 662 ἐτη
1483 593 1752 657 διαϐιοὺς,

1887 603 1969 649 ate
1998 594 2117 649 sine
2147 591 2522 649 controversia
2572 595 2929 657 antecellens,
2956 607 3173 649 summa
3198 591 3252 644 in
3288 592 3442 645 hellis

173 681 231 745 ἓξ
258 681 316 734 δὲ
351 680 445 734 καὶ
474 681 669 751 μόνους
694 681 979 745 ἐνιαυτοὺς
1011 686 1147 753 πρὸς
1185 684 1320 753 μησὶ
1356 683 1617 753 τέσσαρσι
1656 686 1754 754 τὴν

174 770 269 841 τῆς
307 771 584 842 βασιλείας
622 772 809 839 rem;
839 774 1018 845 ἀρχήν
1040 792 1052 805 ο
1087 776 1229 846 ἀνὴρ
1260 776 1484 847 ἀνδρείᾳ
1512 778 1607 829 καὶ
1646 777 1751 829 σώ-

180 881 348 934 ματος
380 864 543 935 ῥώμῃ
572 866 754 919 πᾶσαν
786 867 1056 937 ἀδηρίτως
1089 866 1437 936 ὑπερϐαίνων
1490 870 1590 939 τὴν
1632 870 1755 922 κατ’

178 959 334 1012 αὐτὸν
382 958 599 1028 γενεὰν,
650 960 1048 1033 ἐμπειρότατος
1082 978 1143 1014 τε
1178 962 1275 1016 καὶ
1311 960 1758 1035 δραστικώτατος

180 1052 243 1103 τά
269 1051 531 1121 πολέμια,
565 1053 660 1107 καὶ
698 1055 833 1123 πρὸς
862 1055 1043 1107 πᾶσαν
1067 1054 1209 1108 ἰδέαν
1243 1055 1373 1107 πόνει
1399 1074 1420 1109 ν
1453 1056 1759 1121 ἀνένδοτος,

179 1142 271 1193 καὶ
299 1141 553 1214 σώματος
584 1145 905 1214 ἀμείλικτος
951 1147 1047 1199 καὶ
1094 1148 1463 1212 ἀκολάκ;υτος
1510 1148 1759 1220 ἡδοναῖς·

178 1235 540 1307 μεγαλόφρων
578 1254 637 1289 τε
666 1239 761 1291 καὶ
791 1239 1138 1309 μεγαλοφυὴς
1171 1238 1241 1293 τά
1294 1240 1568 1307 πολιτικὰ,
1608 1243 1761 1295 two-

182 1328 407 1397 μώτατα
432 1328 690 1395 δικάζων,
745 1331 837 1384 καὶ
872 1332 1181 1401 νομοθετῶν
1209 1332 1494 1403 ἀσφαλῶς,
1528 1336 1624 1387 καὶ
1662 1352 1766 1405 μη·

177 1421 327 1485 δενος
352 1422 460 1473 τῶν
490 1424 548 1476 ἐν
577 1424 789 1488 τούτοις
821 1425 1267 1496 κατατριϐέντων
1302 1425 1620 1496 ἡττώμενος
1651 1444 1664 1457 ·
1709 1428 1767 1479 ὲν

176 1512 229 1565 δὲ
256 1516 377 1577 ταῖς
406 1514 591 1586 εὐχαῖς
615 1520 705 1569 καὶ
742 1520 863 1580 ταῖς
901 1518 1194 1588 παννύχοις
1224 1518 1359 1587 πρὸς
1395 1518 1529 1571 Θεὸν
1572 1521 1769 1574 στάσε-

180 1622 263 1657 σιν
289 1606 575 1677 ἄκαμπτος
608 1626 666 1662 τε
698 1612 792 1663 καὶ
840 1611 1227 1680 ἀδαμάντινος,
1263 1612 1677 1681 ἁμετεώριστον
1712 1614 1769 1667 ὲν

180 1699 297 1759 ταῖς
320 1698 619 1767 ὑμνῳδίαις
643 1701 733 1753 τὶν
766 1700 890 1754 νοῦν
920 1702 1226 1771 συντηρῶν,
1263 1705 1360 1755 καὶ
1403 1702 1541 1773 πρὸς
1568 1704 1637 1757 τὰ
1668 1702 1770 1772 μά-

178 1807 304 1842 ταια
368 1792 614 1861 μηδόλως
665 1792 1029 1864 ῥεμϐόμενον.
1081 1794 1167 1867 [Ρ.
1200 1796 1291 1867 55]
1339 1796 1662 1866 Ἐλάττωμα
1713 1796 1769 1849 δὲ

180 1880 335 1933 τοῦτο
364 1882 681 1953 προσῆπτον
715 1884 764 1936 οἱ
801 1883 989 1937 πολλοὶ
1010 1885 1089 1957 τῷ
1120 1886 1299 1956 ἀνδρὶ,
1324 1888 1406 1940 δτι
1435 1904 1495 1939 τε
1520 1888 1770 1957 ἀπαρεγο

1862 700 1985 739 cum
2016 684 2210 753 peritia
2241 692 2354 737 tum
2382 683 2679 747 alacritate,
2705 684 2769 735 τιτι
2804 698 2966 737 omne
2991 697 3164 752 genus
3194 680 3445 734 laborum

1863 777 2163 840 obdurans,
2216 774 2588 844 voluptatibus
2657 774 2908 844 corpm-is
2980 775 3337 837 incorruptus
3395 776 3449 823 et

1864 866 2254 933 indelectatus;
2301 865 2544 921 liberalis
2596 875 2856 936 praeterea
2906 873 2961 919 et
3010 862 3336 933 magnificus
3392 860 3447 913 in

1865 961 2337 1017 administratione
2368 960 2535 1028 civili,
2570 960 2737 1031 judex
2778 957 3147 1029 justissimus.
3172 955 3452 1025 legislator

1867 1055 2081 1117 firmus,
2112 1070 2287 1125 neque
2336 1055 2429 1109 ulli
2471 1070 2689 1118 eorum,
2715 1053 2807 1123 qui
2845 1052 2927 1107 his
2965 1050 3019 1105 in
3051 1049 3219 1105 rebus
3251 1047 3451 1104 versati

1870 1156 2018 1213 sunt,
2050 1146 2483 1217 postponendus.
2526 1146 2585 1201 ln
2636 1144 2897 1216 precibus
2943 1151 3127 1197 autem
3177 1139 3454 1211 pernocti-

1870 1238 2081 1308 bnsque
2111 1246 2236 1292 ante
2263 1236 2478 1292 Numen
2508 1238 2841 1292 stationibus
2870 1248 3096 1291 severus
3139 1241 3260 1288 erat
3290 1239 3457 1302 atque

1870 1328 2275 1394 adamantinos,
2322 1327 2657 1382 inturbatam
2716 1326 2770 1381 in
2798 1326 3028 1380 canticis
3074 1332 3308 1377 mentem
3341 1335 3457 1377 ser-

1871 1436 2029 1485 vans,
2058 1419 2123 1473 ad
2169 1421 2437 1475 vanitates
2479 1418 2908 1489 haudquaquam
2955 1416 3320 1471 delabentem.
3362 1411 3459 1467 Ni-

1870 1514 2169 1570 hilominus
2215 1514 2319 1568 hoc
2362 1514 2553 1568 vitium
2606 1510 3013 1583 exprobrabant
3054 1509 3108 1564 in
3153 1509 3246 1563 illo
3273 1508 3458 1575 vulgo.

1871 1607 2019 1677 quod
2046 1607 2113 1661 ab
2157 1606 2415 1661 omnibus
2454 1606 2827 1674 incorruptam
2862 1602 2973 1672 90
3017 1602 3273 1657 virtutem
3331 1597 3461 1661 coli,

1874 1714 2049 1769 neque
2075 1699 2302 1752 omnino
2328 1714 2356 1751 a
2382 1712 2595 1752 summa
2621 1696 2878 1767 aequitate
2900 1694 3080 1749 recedi
3111 1692 3290 1747 vellet.
3317 1689 3465 1756 Quo-

1875 1792 2019 1845 circa
2052 1790 2407 1845 inexorabilis
2437 1796 2555 1843 erat
2593 1790 2646 1842 in
2706 1786 3057 1849 vindicando,
3091 1781 3465 1852 delinquenti-

1875 1885 2088 1954 busque
2108 1883 2280 1937 durus
2313 1882 2602 1937 videbatur
2647 1892 2813 1951 atque
2856 1878 3061 1950 gravis,
3091 1875 3466 1940 molestusque

178 1972 431 2042 χείρητον
460 1973 713 2028 ἐϐούλετο
744 1976 883 2046 πρὸς
925 1977 1184 2032 ἀπάντων
1245 1980 1635 2051 συντηρεῖσθαι
1668 1979 1765 2050 τὴν

1897 1978 2001 2039 llis.
2050 1978 2143 2047 qui
2201 1976 2513 2031 liberiorem
2572 1974 2735 2029 vitam
2788 1987 2951 2043 agere
3010 1967 3324 2040 cupiebant.
3354 1962 3469 2033 Ego

180 2064 403 2133 ἀρετὴν,
454 2066 656 2137 καὶμὴ
702 2068 1226 2139 παραχαράττεσθαι
1274 2070 1372 2141 τὴν
1411 2070 1505 2123 τοῦ
1552 2069 1764 2123 δικαίου

182 2156 491 2226 ἀκρίϐειαν.
526 2159 617 2212 Διὸ
642 2160 735 2213 καὶ
768 2162 1149 2233 ἀπαραίτητος
1182 2158 1250 2234 ἦν
1280 2164 1362 2226 εἰς
1411 2163 1511 2234 τὴν
1562 2163 1768 2217 τούτων

182 2249 487 2319 ἐκδίκησιν,
526 2253 619 2304 καὶ
656 2256 768 2315 τοῖς
820 2254 1221 2309 ὀλισθαίνουσιν
1267 2255 1625 2327 ἀδυσώπητος
1676 2258 1769 2311 καὶ

182 2342 441 2412 φορτικὸς
471 2342 665 2406 ἐδόκει,
704 2347 794 2398 καὶ
818 2345 1063 2416 ἐπαχθὴς
1092 2348 1207 2411 τοῖς
1226 2346 1519 2417 ἀδιάφορον
1552 2348 1767 2402 ἀντλεῖν

183 2433 270 2486 τὸν
292 2435 408 2504 βίον
434 2435 729 2492 ἐθέλουσιν.
768 2437 909 2506 Ἐγὼ
935 2439 992 2492 δέ.
1026 2456 1191 2510 φημι,
1224 2438 1299 2503 ὡς
1322 2442 1371 2493 εί
1408 2442 1483 2512 μή
1514 2458 1598 2504 τις
1632 2442 1772 2496 κατά

186 2526 313 2595 ρυὖν
348 2530 668 2599 φερομένοις
701 2532 746 2563 ⁸³
772 2533 883 2595 τοῖς
909 2532 1199 2603 πράγμασι
1226 2532 1498 2603 βάσκανος
1533 2535 1773 2604 νεμεσή-

190 2635 330 2674 σασα
352 2622 489 2693 τύχη
523 2622 613 2676 τὸν
636 2623 804 2693 ἄνδρα
827 2625 1017 2679 τοῖτον
1042 2626 1178 2695 ταχὺ
1209 2624 1305 2677 τοῦ
1341 2624 1457 2695 βίου
1492 2626 1771 2694 ἀπήγαγε,

192 2714 454 2783 μεγίστην
478 2713 544 2768 ἂν
567 2716 600 2784 ἡ
632 2715 739 2768 τῶν
778 2715 1067 2786 Ῥωμαίων
1094 2717 1365 2788 ἡγεμονία
1395 2717 1489 2769 καὶ
1520 2718 1639 2770 οἷαν
1674 2718 1774 2770 ούκ

1874 2087 2001 2125 vero
2031 2071 2174 2135 dico,
2203 2070 2307 2125 nisi
2341 2069 2506 2124 rebus
2554 2069 2630 2122 sic
2680 2065 2921 2122 secundo
2950 2079 3119 2119 cursu
3167 2059 3471 2115 ﬂuentibus

1876 2180 1969 2232 per
1996 2164 2255 2217 invidiam
2290 2160 2566 2230 indignata
2598 2160 2818 2214 fortuna
2853 2158 3001 2212 hunc
3044 2155 3224 2209 virum
3255 2151 3419 2208 citius
3442 2163 3471 2203 e

1873 2260 1982 2312 vita
2014 2256 2667 2322 sustulisset,maximum
2694 2252 3042 2323 Splendorem
3079 2264 3164 2304 res
3196 2245 3472 2308 Romana,

1873 2361 1921 2405 et
1955 2351 2171 2420 qualem
2204 2363 2483 2419 nunquam
2528 2347 2684 2410 alias,
2722 2344 3069 2399 obtinuisset.
3114 2340 3220 2396 Sed
3282 2334 3474 2392 Provi-

1880 2443 2091 2506 dentia,
2124 2440 2293 2497 duros
2322 2450 2487 2511 atque
2522 2439 2695 2495 elatos
2730 2436 3019 2493 hominum
3074 2435 3289 2489 animos
3334 2428 3476 2484 male

1881 2550 1998 2600 osa,
2026 2532 2229 2604 frangit
2281 2532 2713 2601 comminuitque
2755 2545 2849 2585 eos
2899 2529 2965 2583 ad
3006 2525 3350 2595 nihilumque
3387 2536 3477 2576 re-

1882 2626 2038 2698 digit,
2070 2624 2712 2697 incomprehensibilibus
2732 2666 2746 2689 ,
2786 2637 2907 2693 quae
2936 2622 3103 2689 novit,
3133 2618 3357 2691 judiciis
3412 2612 3477 2669 ad

1882 2717 2170 2773 commoda
2200 2726 2388 2773 nostra
2420 2717 2670 2788 cymbam
2698 2715 2819 2769 vitae
2853 2713 3119 2784 dirigens.

188 2804 376 2858 ἄλλοτε
407 2805 658 2861 εὔκλειαν
686 2808 1056 2879 ἀπηνέγκατο.
1102 2808 1265 2861 Ἀλλά
1300 2809 1469 2880 γὰρὴ
1527 2810 1771 2879 πρόνοια,
1814 2809 1880 2863 τά
1948 2810 2163 2881 σκληρὰ
2202 2810 2299 2863 καὶ
2370 2810 2658 2880 ὑπέραυχα
2710 2806 2822 2860 τῶν
2872 2803 3181 2877 ἀνθρώπων
3236 2800 3480 2853 ἀποστυ-

188 2896 359 2965 γούσα
396 2899 748 2969 φρονήματα,
799 2900 1011 2954 κολούει
1050 2918 1109 2954 τε
1157 2902 1249 2955 καὶ
1296 2900 1640 2973 περιστέλλει
1672 2902 1765 2955 καὶ
1805 2904 1884 2966 είς
1930 2903 1989 2956 τὸ
2028 2903 2194 2973 μηδὲν
2232 2902 2485 2967 συνωθεῖ,
2562 2895 2641 2964 οἷς
2706 2895 2846 2956 οἶδεν
2897 2896 3210 2968 ἀνεφίκτοις
3244 2893 3478 2965 κρίμασι

186 3015 323 3083 πρὸς
350 3014 415 3068 τὸ
443 3016 721 3087 συμφέρον
754 3019 815 3071 τὸ
845 3018 938 3071 τοῦ
965 3018 1079 3087 βίου
1108 3020 1403 3091 πορθμεῖον
1436 3019 1757 3074 εύθύνουσα.

256 3108 323 3163 θ’.
373 3110 433 3161 Ὀ
459 3109 514 3163 δέ
537 3127 601 3178 γε
649 3112 925 3181 Ἰωάννης,
957 3116 1082 3168 ἐπεὶ
1112 3115 1171 3169 τὸ
1195 3114 1436 3169 τοιοῦτον
1480 3113 1776 3183 θεοστυγὲς

188 3202 281 3255 καὶ
311 3203 530 3256 ἀνόσιον
565 3202 735 3273 μῦσος
763 3205 1077 3274 εἰργάσατο,
1102 3208 1193 3260 ἐπὶ
1224 3208 1314 3261 τὸν
1338 3207 1591 3277 λαμπρὸν
1624 3201 1777 3259 οἷκον

1961 3115 2014 3171 9.
2048 3113 2308 3181 Joannes,
2342 3125 2553 3185 patrato
2583 3112 2851 3183 ejusmodi
2880 3110 3103 3166 Numini
3124 3123 3292 3164 exoso
3321 3117 3486 3177 atque

1893 3209 2060 3278 impio
2091 3206 2353 3273 facinore,
2389 3207 2739 3276 magniﬁcum
2770 3218 2927 3260 mcon
2976 3202 3165 3273 palatii
3200 3202 3487 3273 ingressus

186 3295 288 3364 τῆς
320 3295 612 3365 βασιλικῆς
632 3296 819 3359 ἑστίας
841 3298 1130 3368 παρελθὼν
1174 3298 1655 3371 (Χρυσοτρίκλινον
1687 3298 1780 3353 τδν

1892 3299 2426 3371 (Chrysotriclinium
2456 3299 2507 3354 id
2540 3298 2798 3355 conclave
2824 3295 3070 3367 vocant),
3110 3295 3489 3350 caleeamenta

187 3388 356 3457 δόμον
388 3389 874 3458 κατονομάζουσι),
899 3391 958 3444 τό
989 3408 1046 3444 τε
1080 3391 1294 3445 πέδιλον
1321 3392 1380 3445 τὸ
1404 3390 1636 3463 ἐρυθρὸν
1669 3393 1783 3455 τοῖς

192 3482 354 3533 ποσὶν
387 3480 759 3550 ἐνηρμόσατο,
797 3482 893 3535 καὶ
954 3482 1105 3553 παρά
1152 3482 1243 3536 τὸν
1288 3481 1480 3552 θρόνον
1519 3481 1784 3535 κεκάθικε

190 3572 283 3623 τὸν
338 3570 644 3641 βασιλικὸν,
715 3574 810 3625 καὶ
862 3571 1135 3643 περὶτῶν
1185 3572 1383 3625 κοινῶν
1438 3573 1787 3641 πραγμάτων

193 3662 549 3734 ἐφρόντιζεν,
582 3664 732 3726 ὅπως
754 3662 963 3717 τούτων
990 3661 1271 3734 ἐγκρατής
1326 3679 1384 3715 τε
1427 3660 1660 3731 γένοιτο,
1695 3660 1790 3715 καὶ

195 3758 269 3828 μή
297 3774 385 3821 τις
405 3756 556 3827 αύτῷ
582 3757 955 3811 διαστασιάσοι
985 3755 1094 3810 τῶν
1127 3754 1185 3821 εξ
1215 3756 1446 3826 αἵματος
1474 3755 1787 3826 προσηκόν-

192 3866 303 3902 των
333 3850 419 3919 τῷ
449 3850 840 3921 αὐτοκράτορι.
877 3851 941 3903 Οἱ
966 3848 1025 3903 δὲ
1057 3848 1152 3902 τοῦ
1180 3848 1502 3919 Νικηφόρον
1543 3849 1791 3901 ὑπασπι-

193 3942 341 4007 σταὶ,
381 3941 481 4009 6ιῖιέ
521 3958 649 3995 ποτε
679 3941 777 4013 τὴν
814 3940 1095 4012 ἀναίρεσιν
1140 3940 1331 3994 τούτου
1379 3938 1790 4004 ὲνωτισθέντες,

192 4034 474 4106 ὥρμησαν
523 4035 803 4106 ἐπαμῦναι
836 4035 1007 4105 αὐτῷ,
1045 4035 1507 4103 ὑποτοπάζοντες,
1565 4036 1621 4088 ὲν
1681 4036 1794 4097 τοῖς

194 4128 369 4192 ζῶσιν
426 4129 508 4182 ἔτι
555 4132 827 4200 περιεῖναι
874 4128 967 4182 τὸν
1004 4129 1198 4199 ἄνδρα,
1246 4130 1345 4183 καὶ
1382 4128 1484 4191 τάς
1536 4127 1795 4197 σιδηρέας

195 4220 376 4281 πύλας
407 4220 425 4250 ¹
460 4218 625 4273 παντὶ
646 4220 821 4274 σθένει
842 4220 1235 4291 ἀναμοχλεύειν
1265 4219 1587 4289 ἐπειρῶντο.
1634 4218 1796 4271 Ἀλλά

192 4312 219 4362 ὁ
259 4312 529 4382 Ἰωάννης
578 4310 677 4383 τὴν
729 4312 976 4383 κεφαλὴν
1015 4313 1301 4383 ἐνεχθῆναι
1346 4312 1439 4365 τοῦ
1475 4312 1795 4381 Νικηφόρου

194 4405 619 4469 ἐνεκελεύσατο,
657 4407 753 4457 καὶ
788 4405 997 4475 ταύτην
1041 4406 1426 4476 ὑποδειχθῆναι
1457 4404 1546 4458 διὰ
1582 4420 1799 4475 τρυμα-

194 4497 316 4559 λιᾶς
344 4498 471 4559 τοῖς
500 4496 712 4549 ἐκείνου
749 4498 1192 4567 σωματοφύλαξι.
1238 4497 1535 4567 Παρελθὼν
1592 4497 1648 4550 δέ
1688 4513 1794 4560 τις,

206 4590 725 4661 Ἀτζυποθεόδωρος
762 4591 1119 4660 καλούμενος,
1151 4591 1375 4662 ἐξέτεμε
1404 4608 1462 4643 τε
1490 4589 1589 4661 τὴν
1624 4606 1799 4658 κεφα-

193 4686 315 4756 λὴν,
351 4686 457 4739 καὶ
489 4689 605 4749 τοῖς
666 4685 1050 4750 στασιάζουσιν
1096 4686 1470 4739 ὑπεδείκνυεν.
1526 4686 1589 4738 Ut
1620 4684 1697 4747 δὲ,
1737 4684 1796 4735 τὸ

195 4779 497 4833 ἀλλόκοτον
528 4777 626 4831 καὶ
656 4778 884 4832 ἄπιστον
935 4779 1274 4848 ἀθρήσαντες
1340 4778 1542 4848 θέαμα,
1603 4778 1674 4830 τά
1730 4792 1788 4828 τε

198 4870 327 4939 ξίφη
356 4871 477 4923 τῶν
503 4869 709 4939 χειρῶν
744 4869 1014 4939 μεθῆκαν,
1050 4871 1147 4923 καὶ
1172 4870 1503 4941 παλινῳδίαν
1522 4864 1662 4940 ᾖσαν
1692 4866 1793 4937 (‘2),

198 4964 290 5017 καὶ
318 4964 418 5017 τὸν
469 4963 727 5033 Ἰωάννην
754 4963 1133 5033 αὑτοκ;.ἀτορα
1174 4962 1465 5033 Ῥωμαίων
1500 4958 1799 5030 ὁμοφώνως

199 5056 541 5126 ἐκήρυττον.
606 5054 666 5107 '0
704 5054 760 5108 δὲ
821 5053 915 5108 τοῦ
954 5054 1270 5126 Νικηφόρον
1324 5053 1517 5121 νεκρὸς
1574 5049 1715 5104 κατά
1746 5048 1806 5100 τὸ

1893 3390 2054 3445 rubra
2100 3391 2331 3460 pedibus
2378 3390 2607 3461 aptavit,
2656 3389 2710 3443 in
2762 3388 3015 3459 solioque
3072 3388 3271 3444 sedens
3314 3386 3491 3456 impe-

1894 3483 2099 3538 ratorio
2139 3483 2203 3537 ad
2238 3498 2510 3539 summam
2552 3496 2735 3537 rerum
2770 3482 3016 3535 animum
3052 3477 3347 3544 convertit,
3376 3491 3489 3548 quo

1895 3584 2053 3643 pacto
2085 3590 2145 3629 ea
2177 3574 2467 3645 potiretur,
2508 3572 2955 3642 seditionemque
2998 3586 3189 3627 eorum
3222 3569 3491 3639 praveni-

1897 3678 1996 3730 ret,
2030 3666 2122 3735 qui
2167 3667 2549 3735 imperatorem
2579 3664 2912 3735 cognatione
2945 3663 3311 3734 attingebant.
3344 3663 3489 3717 Inter

1898 3759 2012 3814 haec
2054 3758 2345 3829 Nicephori
2390 3768 2751 3828 pratectores,
2805 3758 2915 3813 fato
2975 3757 3097 3829 ejus
3143 3757 3353 3812 tardius
3399 3770 3493 3811 co-

1894 3852 2068 3924 gnito,
2095 3853 2159 3907 ad
2187 3867 2343 3922 opem
2375 3852 2653 3908 ferendam
2697 3860 3085 3923 proruperunt,
3124 3850 3269 3920 quod
3298 3863 3493 3918 super-

1902 3947 2083 4000 stitem
2116 3946 2434 4003 etiamnunc
2463 3962 2586 4003 esse
2608 3961 2733 4000 eum
2760 3945 3208 4015 suspicabantur,
3234 3941 3495 4011 ontnique

1902 4038 1951 4089 vi
1980 4037 2191 4097 emoliri
2226 4035 2436 4095 ferreas
2463 4039 2646 4093 conati
2678 4046 2863 4107 portas
2896 4045 3045 4092 sunt.
3084 4034 3222 4088 Tum
3251 4032 3495 4088 Joannes

1902 4125 2407 4195 caput,Nicephori
2475 4126 2733 4197 proferri,
2789 4140 2995 4197 perque
3063 4124 3168 4196 91
3248 4122 3495 4178 foramen

1901 4220 2304 4289 protectoribus
2348 4223 2561 4277 ostendi
2601 4222 2790 4291 jussit.
2827 4219 2905 4276 lta
2958 4219 3232 4275 accedens
3274 4216 3493 4287 aliquis.

1903 4312 2416 4383 Atzypotheodorus
2468 4314 2713 4381 nomine,
2765 4314 2816 4367 id
2878 4312 3144 4383 praecidit,
3178 4320 3233 4367 et
3292 4310 3497 4364 tumul—

1905 4406 2186 4461 tuantibus
2212 4407 2452 4461 exhibet.
2479 4406 2583 4473 Qui
2618 4406 2832 4477 objecta
2862 4405 3089 4460 immani
3116 4412 3282 4474 atque
3312 4400 3495 4471 inapi-

1906 4506 2030 4551 nata
2087 4500 2270 4568 specie
2328 4500 2542 4570 gladios
2623 4500 2926 4554 emiserunt
2980 4498 3046 4552 de
3104 4496 3382 4561 manibus,
3442 4503 3496 4547 et

1909 4597 2113 4642 mutata
2146 4590 2256 4658 jam
2301 4606 2434 4646 voce
2482 4590 2753 4644 Joannem
2794 4590 3182 4659 imperatorem
3214 4587 3495 4642 Romano-

1907 4698 2027 4736 rum
2058 4698 2167 4737 una
2210 4684 2577 4739 consensione
2620 4684 3095 4738 renuntiaverunt.
3130 4682 3189 4735 In
3231 4682 3359 4735 nive
3400 4694 3492 4733 an-

1905 4786 2015 4831 tem
2051 4775 2153 4830 sub
2175 4776 2299 4830 divo
2338 4774 2512 4846 jaeuit
2553 4774 2843 4844 Nicephori
2883 4789 3086 4845 corpus
3128 4782 3242 4829 toto
3279 4787 3346 4828 eo
3388 4772 3495 4834 die,

1910 4869 2004 4938 qui
2038 4867 2155 4922 dies
2193 4878 2312 4924 erat
2346 4868 2669 4924 undecimus
2704 4868 3040 4932 Decembris,
3071 4865 3314 4925 Sabbato
3349 4882 3363 4919 :
3399 4864 3500 4917 do-

1914 4976 2015 5016 nec
2058 4960 2133 5014 illi
2171 4962 2239 5016 ad
2283 4963 2513 5016 multum
2550 4977 2839 5033 vesperum
2878 4960 3120 5017 Joannes
3160 4962 3310 5031 justa
3366 4959 3505 5014 solvi

1914 5053 2098 5122 jussit.
2131 5049 2209 5106 lta
2239 5051 2293 5107 in
2329 5052 2510 5109 loculo
2537 5054 2720 5124 ligneo
2758 5054 2956 5124 raptim
2994 5052 3142 5109 facto
3173 5062 3232 5107 nt
3267 5067 3413 5109 unus
3438 5051 3506 5107 de

1392 5230 1452 5285 C.
1496 5229 1554 5284 Β.
1598 5228 1782 5287 HAS]!
1827 5230 2385 5289 ANNOTATIONES.

267 5374 315 5406 "
349 5371 673 5442 φερόμενος
698 5370 818 5425 cod.

202 5441 444 5516 χάλκεος
472 5441 656 5504 οὐδός.

206 5635 391 5691 denuo
436 5634 500 5688 in
546 5629 835 5685 historiam
886 5632 1094 5691 recepit
1150 5630 1432 5686 Cedrenns
1477 5628 1541 5685 ll.
1579 5631 1690 5687 663
1742 5632 1803 5688 D.

206 5705 409 5762 Omisit
456 5710 652 5757 autem
684 5702 983 5757 senariolos
1010 5700 1239 5756 Joannis
1268 5700 1661 5769 Melitenensis,
1690 5706 1806 5759 sive

207 5779 351 5845 quod
400 5775 586 5847 paulo
624 5772 897 5841 longiores
928 5774 975 5828 ei
1028 5780 1248 5896 avereor
1278 5787 1344 5825 ne
1386 5772 1551 5826 etiam
1590 5773 1804 5843 lectori)

209 5848 567 5896 viderentur.
618 5842 733 5896 sive
770 5844 915 5896 nuod
968 5844 1020 5896 lu
1065 5859 1127 5896 ns
1164 5843 1345 5896 notius
1396 5843 1597 5896 ingenii
1640 5862 1804 5896 nuam

209 5842 567 5905 viderentur,
618 5842 733 5897 sive
770 5844 915 5910 quod
968 5842 1127 5896 ludus
1150 5843 1345 5913 potius
1396 5843 1597 5912 ingenii
1640 5862 1805 5913 quam

211 5934 334 5974 vera
377 5932 535 5973 arcte
586 5914 891 5983 inscriptio.
940 5914 1099 5970 Certe
1136 5912 1377 5968 Joannes
1410 5912 1806 5978 Melitene’nsis.

901 5372 915 5401 ¹
954 5370 1207 5441 σιδηρέας
1250 5372 1442 5434 πύλας.
1480 5369 1553 5423 Ex
1595 5368 1780 5428 Home!

1889 5382 1949 5428 ut
1988 5384 2142 5443 puto,
2169 5374 2324 5430 Iliad.
2361 5376 2424 5431 Θ.
2472 5376 2553 5431 l5.
2584 5376 2712 5429 ἔνθα
2768 5376 3040 5449 σιδήρειαί
3071 5393 3129 5430 τε
3186 5377 3351 5430 πύλαι
3411 5377 3506 5431 καὶ

1913 5638 1957 5693 si
1992 5638 2037 5691 is
2078 5648 2161 5693 est
2218 5638 2285 5693 de
2343 5654 2451 5708 quo
2503 5637 2747 5707 Lequicn
2795 5636 3004 5694 Orient.
3054 5637 3257 5693 Christ.
3298 5640 3338 5694 Ι.
3376 5639 3503 5695 MS.

1912 5709 1973 5765 C.
2018 5710 2152 5780 vixit
2206 5710 2355 5764 circa
2390 5725 2442 5763 a.
2503 5709 2665 5773 1027,
2717 5710 2837 5780 plus
2883 5710 3286 5780 quinquaginta
3340 5714 3505 5766 annis

1915 5790 2040 5850 post
2066 5778 2429 5850 Nicephorum
2474 5781 2526 5833 in
2560 5778 2744 5836 arcam
2770 5778 3074 5836 conditum.

1986 5850 2062 5923 (ε)
2091 5851 2352 5923 Agatltias
2386 5852 2473 5907 89.
2517 5851 2577 5905 ιι.
