4184 6524
232 471 334 533 793

1476 471 1865 532 HISTORIA!
1900 471 2047 531 LIB.
2088 469 2190 532 VI.

3404 464 3512 531 794

232 585 518 655 βασιλείας
548 586 703 657 ήνίας
745 586 999 655 Ἰωάννης
1021 628 1033 649 ,
1074 587 1103 639 ὁ
1145 588 1268 639 κατ’
1298 585 1589 655 ἐπίκλησιν
1621 587 1788 655 Τζιμι

1922 599 2041 649 nes,
2079 590 2450 653 cognomento
2484 582 2815 647 Tzimisces,
2857 582 3122 653 suscepit.
3165 579 3284 635 Jam
3316 592 3510 652 quarta

229 678 405 745 σκῆς,
439 675 837 741 ὑποζώννυται.
877 676 1016 746 Ἤδη
1058 677 1116 729 δὲ
1147 679 1417 745 τετάρτης
1458 679 1535 747 (5)
1572 676 1817 745 φυλακῆς

225 770 328 839 τῆς
369 768 563 829 νυκτὸς
602 768 947 837 ἀρχομένης,
987 767 1222 837 ἑϐδόμης
1262 768 1478 838 ἡμέρας
1524 767 1818 837 διαφανού-

226 877 331 930 σης
349 862 394 923 δ,
439 860 735 929 ἑνδεκάτης
784 859 1050 930 τελούσης
1098 859 1195 913 τοῦ
1230 860 1568 930 Δεκεμϐρίου
1608 860 1814 930 μηνὸς,

225 954 372 1006 κατὰ
399 954 501 1023 τὴν
540 955 1005 1023 τρισκαιδεκάτην
1052 955 1287 1007 ῐνδικτον
1324 954 1419 1008 τοῦ
1454 954 1816 1023 ἑξακισχιλιο-

226 1046 357 1098 ατοῦ
405 1046 862 1117 τετρακοσιοστοῦ
917 1047 1325 1117 ἑϐδομηκοποῦ
1377 1049 1565 1101 (ᾅ-δόου
1625 1048 1810 1111 ἔτους,

220 1138 468 1206 λογάδων
502 1139 713 1206 ἀνδρῶν
744 1142 954 1207 στῖφος,
988 1140 1077 1193 διά
1106 1140 1214 1193 τῶν
1239 1140 1450 1208 ἀγυιῶν
1479 1140 1572 1191 τοῦ
1603 1139 1814 1202 ἄστεως

220 1229 599 1298 διερχόμενον,
633 1230 1018 1299 αὐτοκράτορα
1072 1230 1363 1299 Ῥωμαίων
1405 1230 1497 1283 τὸν
1558 1230 1813 1299 Ἰωάννην

221 1323 323 1374 σὺν
371 1322 483 1384 τοῖς
525 1320 618 1373 τοῦ
665 1322 766 1391 ήδη
812 1321 1234 1392 βασιλεύσαντος
1290 1320 1571 1391 Ῥωμανοῦ
1621 1321 1812 1374 παισὶν

219 1410 560 1481 ἀνηγόρευον
579 1425 592 1439 ⁸
625 1405 707 1474 οἷς
734 1413 801 1465 ὲκ
841 1392 1212 1482 διαστήματος
1236 1413 1493 1480 ἐφείπετο
1534 1412 1812 1475 Βασίλειος

215 1503 247 1554 ὁ
280 1501 477 1567 Νόθος,
517 1502 795 1571 Ῥωμανοῦ
826 1503 921 1555 τοῦ
948 1503 1115 1556 πάλαι
1142 1502 1548 1573 αὐτοκράτορος
1573 1504 1638 1556 ὲκ
1669 1504 1809 1555 Σκυ-

215 1594 365 1657 θίδος
390 1594 525 1657 υίὸς,
553 1594 631 1664 τῷ
658 1594 754 1647 τοῦ
796 1595 1061 1665 προέδρου
1096 1595 1482 1666 ὲκδιαπρέπων
1517 1594 1807 1665 ἀξιώματι.

213 1686 535 1755 Νικηφόρος
560 1686 638 1747 δὲ,
668 1686 830 1756 μόνος
857 1686 966 1741 τῶν
995 1687 1201 1740 λοιπῶν
1229 1688 1530 1752 σεϐαστῶν,
1556 1690 1614 1751 ἐς
1640 1689 1809 1759 γέρας

210 1776 293 1845 τῷ
314 1775 471 1847 ἀνδρὶ
500 1775 707 1845 ταύτην
740 1778 1140 1848 ὲκαινοτόμησε
1167 1779 1268 1848 τὴν
1300 1779 1467 1848 τιμήν
1490 1780 1589 1849 (6)·
1614 1780 1807 1849 ὅσπερ,

210 1869 261 1919 εἰ
294 1866 392 1918 καὶ
421 1868 683 1934 ἐκτομίας
713 1870 1031 1939 ἐτύγχανεν,
1066 1870 1203 1923 ἀλλά
1253 1870 1536 1940 τηνάλλως
1567 1871 1805 1940 δραστή-

1922 676 2099 730 noctis
2147 675 2327 744 vigilia
2390 675 2634 737 ineunte,
2678 674 2917 729 Sabbato
2962 675 3332 729 dilucescente
3359 715 3373 738 ,
3421 674 3511 729 die

1920 765 2127 819 mensis
2181 766 2493 821 Decembris
2538 765 2827 820 undecimo
2855 806 2869 829 ,
2950 766 3252 820 indictione
3298 764 3508 819 decima

1917 855 2077 909 tertia
2110 856 2239 909 anni
2278 858 2459 913 sexies
2510 856 2788 910 millesimi
2845 857 3378 926 quadringentesimi
3412 872 3505 911 se-

1914 947 2242 1017 ptuagesimi
2288 946 2486 1011 octavi,
2526 948 2795 1001 lectorum
2848 948 3095 1001 virorum
3128 961 3338 1002 cuneus
3363 986 3377 1011 ,
3414 963 3509 1017 per

1916 1040 2068 1093 urbis
2092 1038 2330 1107 compita
2377 1039 2859 1103 circumcursans,
2895 1037 3163 1092 Joannem
3201 1040 3502 1107 imperato-

1915 1150 2029 1187 rem
2063 1132 2175 1203 94
2211 1132 2610 1194 Romanorum,
2660 1132 2935 1202 adjunctis
2965 1131 3199 1188 Romani
3232 1132 3378 1186 haud
3431 1134 3507 1188 ita

1914 1226 2125 1293 pridem
2162 1225 2395 1294 Augusti
2427 1223 2617 1278 liberis
2644 1263 2659 1288 ,
2713 1226 3065 1279 renuntiabat
3098 1243 3112 1278 :
3146 1239 3286 1292 quos
3321 1238 3386 1278 ex
3422 1224 3510 1279 in—

1914 1316 2142 1370 tervallo
2187 1316 2632 1384 subsequebatur
2680 1316 2914 1369 Basilius
2968 1316 3218 1382 Nothus,
3270 1315 3507 1371 Romani

1914 1408 2190 1477 quondam
2222 1407 2454 1477 Augusti
2496 1423 2561 1461 ex
2604 1408 2860 1479 Scythica
2902 1408 3101 1461 femina
3164 1409 3330 1473 filius,
3368 1422 3511 1477 prat-

1912 1500 2047 1555 sidis
2075 1499 2339 1569 dignitate
2379 1499 2694 1554 decoratus.
2742 1499 2856 1555 Hoc
2900 1515 3099 1554 munus
3154 1498 3507 1569 Nicephorus

1912 1593 2123 1661 primus
2151 1594 2399 1647 omnium
2443 1593 2836 1661 imperatorum
2876 1594 2930 1647 in
2960 1593 3227 1646 honorem
3264 1592 3505 1651 hominis

1910 1693 2193 1739 creaverat
2224 1703 2237 1738 :
2272 1684 2407 1754 qui,
2442 1685 2697 1753 quamvis
2746 1684 2949 1752 spado,
3003 1684 3142 1739 alias
3194 1685 3503 1739 industrius

1909 1786 1965 1829 et
1998 1776 2319 1844 ingeniosus
2346 1783 2464 1828 erat
2496 1774 2598 1840 vir,
2630 1776 3003 1844 negotiorum‘
3034 1790 3133 1843 pro
3162 1776 3504 1844 temporibus

1913 1870 2049 1923 bene
2073 1882 2289 1937 gerens.
2319 1866 2417 1922 Hic
2452 1883 2575 1922 cum
2616 1866 2826 1921 Joanne
2861 1868 3306 1936 conspiraverat;
3347 1884 3469 1923 sum

212 1957 332 2027 ριός
372 1974 432 2010 τε
473 1959 567 2010 καὶ⁵
607 1958 865 2027 ἀγχίνους
915 1962 1162 2032 ὑπῆρχεν
1196 1960 1368 2031 ἀνὴρ,
1410 1961 1661 2029 εύφυῶς⁸
1691 1963 1791 2023 τοῖς

1909 1974 1996 2013 ma
2028 1958 2435 2013 necessitudine
2462 1959 2509 2013 ei
2540 1957 2833 2027 adjunctus
2856 1998 2870 2021 ,
2926 1960 3277 2028 primumque
3324 1961 3500 2016 simu-

206 2050 536 2119 πράγμασιν
566 2052 623 2103 ἐν
653 2054 1045 2122 περιστάσεσιν
1080 2054 1512 2124 ἁρμοττόμενος.
1546 2054 1801 2122 Συνωμό-

205 2157 310 2209 της
335 2142 393 2192 δὲ
422 2139 501 2193 ῶν
539 2142 786 2212 Ἰωάννῃ,
824 2146 920 2197 καὶ
953 2144 1073 2197 λίαν
1113 2145 1360 2210 ἐκτόπως
1392 2147 1543 2217 αὐτῷ
1574 2146 1800 2215 φιλικῶς

204 2234 579 2299 διακείμενος,
625 2236 932 2306 ἐσκήπτετο
980 2237 1252 2308 πρότερον
1300 2242 1509 2304 νοσεῖν,
1563 2239 1799 2292 κᾶπειτα

205 2326 468 2395 πονήρως
496 2321 632 2396 εἶχε,
659 2328 751 2379 καὶ
776 2328 1101 2397 κλινοπετὴς
1125 2325 1210 2401 ἦν.
1240 2329 1441 2399 Νύχιον
1464 2330 1556 2384 οὖν
1579 2329 1677 2398 τὴν
1702 2330 1797 2382 τοῦ

202 2416 529 2488 Νικηφόρου
580 2419 918 2490 μεμαθηκὼς
962 2422 1283 2493 ἀναίρεσιν,
1323 2423 1401 2493 τῷ
1440 2425 1798 2495 προειληφότι

203 2510 389 2578 στίφει
428 2512 567 2580 μετά
620 2512 854 2583 σπείρας
892 2515 1159 2580 γενναίων
1212 2517 1514 2570 νεανίσκων
1563 2516 1795 2569 ἐπισπό-

204 2619 396 2671 μενος,
451 2603 716 2657 σεϐαστὸν
772 2606 1005 2676 βασιλέα
1055 2608 1345 2677 Ῥωμαίων
1393 2609 1486 2661 τὸν
1539 2610 1795 2679 Ἰωάννην

199 2695 609 2763 ἀνεκήρυττενυ
645 2698 725 2758 είς
758 2696 828 2749 τὰ
876 2696 1126 2766 βασίλειά
1162 2716 1219 2751 τε
1254 2699 1414 2762 αὖθις
1468 2700 1659 2771 ἀνῄει,
1702 2702 1794 2755 καὶ

198 2784 333 2853 περὶ
390 2784 501 2836 τῶν
551 2785 746 2838 κοινῶν
813 2786 1035 2857 Ἰωάννῃ
1094 2791 1469 2859 συνέπραττε,
1538 2792 1637 2858 τὴν
1694 2788 1790 2843 τοῦ

199 2878 716 2946 παρακοιμωμένου
748 2879 883 2948 πρὸς
913 2881 1123 2933 ἐκείνου
1164 2882 1329 2953 τιμὴν
1359 2880 1621 2951 εἰληφώς.
1654 2881 1791 2950 Περὶ

197 2967 306 3020 τῶν
352 2967 715 3031 ξυνοισόντων
744 2966 837 3023 οὖν
869 2972 1055 3035 αὐτοῖς
1089 2971 1518 3043 βουλευσάμενοι
1544 3013 1558 3037 ,
1595 2974 1787 3027 ἐντάλ-

202 3076 351 3126 ματα
387 3059 485 3111 ut
530 3060 935 3131 προστάγματα
972 3062 1062 3114 διὰ
1094 3064 1297 3127 παντὸς
1330 3063 1424 3117 τοῦ
1456 3064 1649 3127 ἄστεος
1689 3064 1788 3118 αὕ-

196 3149 376 3218 θωρον
412 3150 690 3215 ἔστελλον,
730 3151 806 3222 μὴ
850 3150 1051 3217 ἐξεῖναι
1084 3171 1188 3208 τινι
1215 3158 1525 3225 νεωτεριεῖν
1555 3156 1651 3225 ’,ἢ
1691 3158 1785 3208 ἐπὶ

1906 2050 2013 2103 lata
2030 2049 2337 2103 valetudine
2361 2056 2553 2117 postea
2580 2056 2821 2117 aegrotus
2843 2056 2981 2112 erat,
3013 2049 3264 2118 lectoque
3281 2048 3495 2105 afﬁxus.

1903 2142 1978 2210 ls,
2012 2150 2071 2195 ut
2096 2152 2258 2196 noctu
2283 2141 2350 2195 dc
2372 2140 2661 2210 Nicephori
2708 2140 2855 2196 caede
2882 2150 3239 2210 cognoverat,
3273 2153 3495 2198 antece-

1901 2235 2118 2288 dentem
2179 2233 2465 2288 cohortem
2510 2248 2635 2287 cum
2693 2234 2855 2305 globo
2914 2242 3269 2289 strenuorum
3320 2234 3504 2290 adole-

1901 2324 2173 2381 scentium
2214 2324 2517 2390 insecutus,
2559 2322 2827 2378 Joannem
2850 2324 3158 2394 Augustum
3202 2324 3503 2393 imperato-

1900 2432 2013 2472 rem
2044 2416 2416 2471 Romanorum
2462 2415 2803 2471 renuntiavit
2855 2433 2868 2469 :
2908 2431 3018 2486 quo
3064 2416 3207 2470 facto
3252 2418 3305 2470 in
3350 2416 3497 2486 pala-

1901 2510 2036 2564 tium
2109 2510 2311 2573 rediit,
2377 2524 2765 2578 summamque
2819 2524 3002 2565 rerum
3093 2525 3219 2563 cum
3287 2510 3499 2565 Joanne

1898 2604 2324 2669 administravit,
2353 2619 2383 2658 a
2406 2620 2516 2674 quo
2550 2604 2929 2673 praefecturam
2983 2607 3221 2661 cubiculi
3264 2608 3495 2677 accepit.

1897 2696 2028 2767 Ipsi,
2054 2698 2123 2753 de
2157 2698 2242 2752 his
2294 2712 2417 2768 quae
2449 2714 2479 2753 e
2526 2713 2583 2752 re
2629 2713 2726 2752 sua
2766 2696 3367 2755 forentvdeliberatione
3394 2701 3493 2756 ha-

1897 2790 2033 2853 bita,
2090 2790 2347 2844 mandata
2406 2800 2461 2845 et
2526 2790 2705 2845 edicta
2758 2805 2854 2859 per
2900 2797 3071 2847 totam
3113 2792 3306 2846 urbem
3351 2793 3496 2848 illico

1893 2882 2174 2947 emittunt,
2209 2900 2228 2934 ι
2269 2883 2465 2937 turbas
2492 2882 2660 2947 ciere,
2689 2882 3051 2952 direptionem
3084 2883 3267 2939 facere
3297 2886 3392 2939 ulli
3425 2902 3493 2941 ne

1891 2970 2119 3025 liceret:
2148 2971 2294 3039 quod
2327 2971 2374 3026 si
2396 2972 2521 3041 quis
2543 2971 2814 3042 ejusmodi
2849 2972 3056 3042 aliquid
3089 2989 3255 3029 ausus
3296 2974 3487 3030 fuerit.

1892 3077 2055 3131 ptena
2086 3071 2227 3127 esto,
2258 3072 2319 3117 ut
2348 3073 2513 3133 caput
2541 3065 2587 3117 ei
2627 3073 2967 3133 amputetur.
2996 3084 3013 3116 ι
3054 3065 3211 3130 Quod
3242 3067 3484 3121 edictum

1893 3169 2003 3208 non
2088 3157 2419 3210 mediocrem
2507 3165 2774 3211 terrorem
2851 3158 3485 3227 Constantinopolitanis

192 3240 515 3312 διαρπαγὰς
563 3242 908 3297 ἀποκλίνειν·
961 3245 1208 3298 κίνδυνον
1254 3247 1365 3316 γάρ
1398 3242 1539 3300 εἶναι
1573 3246 1659 3319 [Ρ.
1691 3247 1783 3320 58]

1896 3246 2103 3316 injecit,
2130 3262 2231 3302 nec
2265 3248 2562 3318 quisquam
2590 3258 2781 3304 contra
2836 3250 3156 3303 mandatum
3218 3250 3287 3304 ad
3347 3266 3488 3305 nova

192 3332 267 3401 τῷ
316 3334 737 3404 τοιουτότροπόν
777 3351 830 3386 τι
869 3335 1246 3407 τολμήσαντι,
1301 3339 1657 3407 ἀφαιρεῖσθαι
1690 3340 1791 3409 τῆς

1898 3338 2131 3393 consilia
2159 3340 2407 3393 animum
2440 3340 2702 3395 inducere
2733 3349 2817 3396 est
2856 3356 3045 3395 ausus.
3075 3340 3210 3394 Nam
3238 3342 3492 3397 solebant

191 3424 465 3493 κεφαλῆς.
492 3423 664 3477 Τοῦτο
684 3424 744 3479 τὸ
770 3426 1144 3497 παράγγελμα
1164 3428 1428 3491 ἐπιεικῶς
1456 3430 1790 3494 Βυζαντίους

1896 3430 1951 3484 in
1991 3431 2309 3501 hujusmodi
2349 3447 2531 3487 rerum
2583 3434 2983 3489 mutationibus
3018 3450 3085 3488 ex
3120 3436 3277 3505 plebe
3312 3436 3492 3491 bomi-

191 3516 621 3585 ἐξεδειμάτωσε,
657 3519 751 3586 καὶ
780 3519 955 3580 οὐδεὶς
983 3519 1189 3591 ἐτόλμα
1218 3520 1531 3590 νεοχμῶσαξ
1555 3540 1605 3575 τι
1640 3525 1791 3595 παρὰ

1896 3534 2012 3586 nes,
2037 3524 2151 3575 otio
2179 3532 2537 3593 egestateque
2576 3526 2796 3595 perditi,
2826 3528 2890 3581 ad
2926 3527 3285 3594 expilationes
3316 3525 3490 3584 bono-

188 3610 251 3661 τὸ
303 3608 674 3679 προσταχθέν.
726 3609 1005 3663 Εἰώθεσαν
1055 3612 1159 3681 γάρ
1214 3612 1273 3663 ἐν
1327 3616 1449 3676 ταῖς
1502 3615 1786 3680 τοιαύταις

1896 3630 2016 3669 rum
2070 3616 2449 3687 domuumque
2496 3620 2817 3673 eversiones
2872 3621 3117 3675 converti
3147 3661 3161 3683 .
3212 3621 3486 3675 interdum

190 3702 526 3773 μεταϐολαῖς
556 3704 604 3755 οί
633 3702 797 3772 ἀργοὶ
827 3703 921 3756 τοῦ
945 3704 1145 3773 δήμου,
1181 3705 1274 3758 καὶ
1300 3706 1516 3777 ἄποροι,
1550 3709 1605 3770 ἐς
1631 3708 1781 3780 διαρ-

1896 3722 2112 3777 quoque
2140 3708 2207 3762 ad
2243 3710 2446 3763 civium
2475 3708 2583 3779 95
2625 3711 2851 3776 eaedem,
2888 3720 2948 3766 ut
2992 3713 3048 3765 in
3080 3714 3488 3768 renuntiatione

188 3795 374 3863 παγάς
415 3794 718 3865 χρημάτων
768 3795 863 3848 καί⁵
899 3797 1261 3865 κατασκαφάς
1304 3798 1470 3851 οίκων
1495 3839 1507 3861 ,
1542 3798 1655 3852 ἔσθ’
1690 3803 1779 3854 ὅτε

1896 3798 2175 3871 Nicephori
2242 3802 2476 3871 Augusti
2546 3812 2825 3857 evenerat.
2874 3805 2979 3859 Sed
3043 3807 3187 3860 hunc
3249 3807 3486 3861 forensis

187 3887 284 3939 καὶ
320 3884 432 3939 τῶν
463 3885 754 3955 ὁμοφύλων
788 3886 1009 3956 σφαγὰς
1034 3888 1358 3959 τρέπεσθαι,
1387 3888 1531 3943 καθά
1556 3907 1659 3943 που
1683 3893 1779 3945 καὶ

1896 3894 2141 3949 colluviei
2170 3910 2383 3950 caecum
2430 3896 2695 3965 impetum
2724 3894 2956 3952 Joannis
2993 3896 3232 3952 edictum
3272 3912 3481 3967 praevo-

184 3979 242 4029 ὲν
264 3980 335 4048 τῇ
374 3978 675 4049 ἀναρρήσει
710 3977 803 4031 τοῦ
837 3980 1244 4049 αὐτοκράτορος
1283 3979 1603 4051 Νικηφόρον
1636 4000 1775 4052 συμο

1888 3986 2091 4041 niendo
2144 3988 2495 4057 compressit.

184 4071 446 4141 ϐέϐηκεν.
482 4069 641 4124 Ἀλλά
662 4069 761 4143 τὴν
781 4070 1040 4141 τοιαύτην
1062 4071 1368 4127 ἀκάθεκτον
1390 4074 1486 4127 τοῦ
1546 4075 1811 4148 ἀγοραίου
1853 4076 2014 4148 ὄχλου
2058 4082 2234 4150 φοράν
2282 4081 2609 4152 προφθάσας
2676 4079 2955 4135 ἀνέστειλε
2997 4080 3059 4134 τὸ
3089 4080 3183 4137 τοῦ
3231 4084 3481 4137 Ἰωάννου

183 4165 519 4235 διάγγελμα.

252 4262 323 4334 β’.
396 4263 487 4316 Ἔν
543 4261 755 4325 τούτοις
810 4261 919 4316 τῶν
971 4264 1317 4334 πραγμάτων
1365 4266 1774 4337 ῂωρημένων’¹,

179 4358 336 4410 Λέων
370 4353 831 4423 Κουροπαλάτης,
854 4354 882 4407 ὀ
908 4353 999 4407 τοῦ
1024 4355 1341 4426 Νικηφόρου
1374 4357 1660 4429 σύναιμος,
1690 4360 1778 4429 ἐφ’

180 4449 373 4511 ἑστίας
410 4445 716 4511 καθεύδων,
750 4447 852 4516 τήν
882 4445 981 4500 τοῦ
1008 4447 1243 4516 ἀδελφοῦ
1280 4449 1495 4519 σφαγὴν
1523 4451 1777 4522 διενηχη-

180 4540 316 4603 θεὶς,
347 4539 472 4593 δέον
495 4537 666 4607 αὐτῷ,
693 4538 897 4608 χρυσοῦ
924 4538 1236 4610 θησαυροὺς
1261 4542 1586 4613 κεκτημένῳ
1614 4544 1778 4596 πολυ-

1947 4271 2003 4326 2.
2038 4271 2222 4327 Rebus
2255 4272 2326 4327 ita
2366 4276 2654 4346 suspensis
2682 4318 2697 4342 ,
2749 4274 2858 4332 Leo
2885 4276 3286 4346 Curopalates,
3318 4275 3480 4332 Nice-

1890 4363 2048 4434 pbori
2073 4364 2265 4432 frater,
2298 4366 2447 4420 domi
2478 4367 2782 4433 dormiens,
2804 4384 2930 4423 cum
2968 4369 3275 4435 debuisset,
3310 4367 3478 4424 simul

1884 4467 1945 4510 ut
1974 4456 2038 4510 de
2066 4456 2215 4512 caede
2250 4457 2441 4513 fratris
2479 4459 2791 4526 audiverat,
2838 4462 2959 4516 auri
2992 4462 3309 4525 thesauros,
3336 4476 3477 4531 quos

1878 4548 2214 4617 pergrandes
2260 4548 2513 4616 habebat,
2538 4567 2634 4620 per
2661 4553 2804 4606 viam
2836 4568 3115 4623 spargere,
3148 4552 3476 4622 plebemque

177 4631 481 4693 ταλάντους
511 4668 526 4693 ,
558 4632 704 4684 κατὰ
750 4629 989 4701 ἄμφοδον
1022 4631 1383 4703 διασπείρειν,
1433 4634 1528 4687 καὶ
1571 4635 1781 4697 τούτοις

1896 4639 2195 4703 urbanam,
2241 4655 2304 4694 ea
2344 4656 2403 4694 re
2440 4644 2753 4708 excitatam,
2794 4644 2861 4697 ad
2883 4644 3143 4698 ultionem
3188 4644 3243 4698 in
3290 4652 3477 4715 tyran-

176 4727 307 4787 τοὺς
335 4724 600 4786 ἀστικοὺς
625 4722 969 4792 δεξιούμενον
995 4764 1011 4788 ,
1044 4726 1126 4787 είς
1160 4725 1443 4793 ἐκδίκησιν
1493 4725 1635 4778 κατά
1661 4727 1771 4779 τῶν

175 4814 464 4884 τυράννων
503 4813 847 4883 παρακαλεῖν
877 4813 969 4880 (εί
1004 4814 1115 4885 γὰρ
1146 4814 1289 4867 οὕτω
1332 4814 1604 4887 διενοήθη,
1648 4818 1769 4887 τάχ’

176 4911 242 4963 ἂν
267 4908 552 4979 ἀναιμωτὶ
577 4909 670 4963 τὸν
707 4909 965 4977 Ἰωάννην
989 4908 1098 4962 τῶν
1123 4908 1361 4979 ἀρχείων
1395 4911 1765 4963 κατέσπασενο

172 5003 252 5055 ὅτι
284 5018 347 5054 τε
381 5001 435 5053 οί
463 5000 565 5063 τὰς
594 5001 691 5070 τῆς
723 5000 1001 5063 πολιτείας
1042 5002 1513 5072 ὲγκεχειρισμένοι
1538 5002 1559 5034 ⁸
1590 5003 1768 5072 ἀρχάς

174 5100 311 5166 πρὸς
334 5093 433 5147 τοῦ
456 5094 774 5165 Νικηφόρου
797 5094 1000 5157 ταύτας
1028 5096 1345 5166 είλήφεσανο
1378 5092 1472 5147 καὶ
1495 5096 1577 5147 ὅτι
1602 5112 1767 5166 στραο

172 5186 433 5239 τιωτικον
458 5184 757 5255 ἀξιόχρεων
796 5186 906 5238 τῶν
948 5186 1041 5238 ὑπ’
1078 5189 1273 5257 ἐκείνῳ
1303 5187 1655 5255 τεταγμένων
1688 5186 1766 5256 τῷ

173 5276 457 5347 Βυζαντίῳ
486 5278 861 5347 ὲπεχωρίαζεν
886 5296 900 5309 ·
922 5279 972 5332 οἳ
1008 5280 1210 5343 πάντες
1235 5278 1385 5349 αὐτῷ
1412 5278 1756 5350 βουληθέντι,

1886 4746 1988 4786 nos
2043 4730 2324 4801 impellere
2370 4733 2539 4802 (quod
2590 4733 2636 4788 si
2699 4734 2892 4791 inisset
2929 4736 3251 4802 consilium,
3291 4736 3474 4790 forsan

1879 4820 2001 4874 sine
2052 4822 2339 4892 sanguinis
2378 4822 2645 4879 eﬂ‘nsione
2675 4824 2943 4883 Joannem
2992 4828 3222 4896 imperio
3274 4828 3475 4897 pellere

1878 4912 2193 4980 potuisset:
2230 4915 2374 4982 quod
2407 4915 2501 4983 qui
2539 4924 2671 4971 tunc
2703 4917 3060 4986 magistratus
3093 4922 3330 4984 majores
3376 4934 3474 4989 ge-

1876 5003 2090 5067 rebant,
2112 5019 2207 5058 eos
2230 5020 2260 5058 a
2292 5003 2603 5075 Nicephoro
2625 5020 2957 5078 acceperant
2985 5028 2998 5064 :
3033 5020 3147 5064 tum
3173 5011 3303 5080 quia
3326 5010 3471 5065 haud

1874 5097 2252 5163 aspernandus
2274 5096 2431 5150 miles
2452 5098 2501 5151 ei
2533 5098 2790 5155 subditus
2809 5100 3287 5172 Constantinopoli
3309 5115 3429 5157 erat
3454 5121 3469 5156 :

1873 5186 1963 5253 qui
1989 5187 2268 5251 universi,
2296 5188 2598 5245 dummodo
2632 5192 2925 5247 consilium
2978 5204 3210 5264 capere,
3245 5196 3470 5263 acrique

1872 5278 2056 5332 animo
2096 5295 2183 5335 res
2226 5296 2397 5336 novas
2436 5284 2617 5338 moliri
2670 5285 2960 5351 voluisset,
3010 5289 3060 5343 ei
3102 5297 3305 5357 praesto
3340 5286 3471 5345 fuis—

1336 5414 1398 5471 C.
1438 5417 1499 5473 Β.
1539 5415 1722 5471 HAS"
1758 5414 2328 5472 ANNOTATIONES.

257 5532 282 5565 ⁵
312 5531 450 5599 Leg.
490 5530 887 5599 διαφαυούσης,
948 5541 1007 5586 ιιι
1054 5533 1144 5586 25.
1185 5533 1251 5587 Α.

172 5602 192 5633 ς
226 5601 575 5673 ηωθημένων
600 5602 722 5655 cod.
820 5601 842 5632 ⁸
875 5602 1283 5674 ὲγχειρισμένοι
1318 5605 1443 5660 cod.

240 5744 318 5811 (5)
370 5741 504 5797 Haec
546 5758 719 5810 usque
764 5744 830 5797 ad
876 5745 966 5799 vb.
1006 5744 1341 5816 ἀνηγόρευον
1384 5746 1755 5803 Combcﬂsius

172 5828 254 5871 an.
289 5816 430 5871 Patr.
468 5813 557 5867 IV.
590 5814 682 5867 22!.

173 5828 254 5879 :p.
289 5828 430 5883 Pag.
468 5828 557 5867 IV.
590 5828 682 5867 zz.

242 5888 318 5956 (ti)
351 5887 636 5942 Cedrcnus
674 5884 737 5942 ll.
790 5886 914 5941 665.
952 5884 1011 5938 Ι).
1069 5888 1237 5957 μήπω
1291 5888 1556 5960 πρότερον
1604 5889 1753 5954 ὄντος

1357 5533 1663 5606 δΜειιάοεε
1726 5534 1932 5605 εύφυῦς
1988 5537 2113 5606 (sic)
2155 5536 2278 5590 cod.

2407 5536 2791 5611 σνεωτεριεῐν.
2855 5538 2983 5595 Vid.
3044 5539 3186 5596 infra
3255 5542 3345 5598 7i.
3400 5543 3462 5599 ι).

1867 5748 1970 5825 τοῦ.
1994 5747 2331 5825 ἀξιώματος,
2368 5749 2595 5825 πρῶτον
2620 5751 2665 5803 δ’
2683 5752 2831 5825 μαύτδ
2868 5752 3027 5825 τοῦτο
3068 5755 3461 5825 ὲφευρηκότος,

1866 5818 2149 5895 Sei‘l_lcg.‘
2186 5818 2424 5895 πρώτου
2443 5821 2487 5873 δ’
2539 5822 2732 5887 αὑτοῦ,
2785 5840 2903 5895 εφη
2934 5824 3064 5895 ipse
3111 5818 3342 5895 printer,
3394 5818 3463 5885 εκ

1865 5890 2025 5946 codd.
2060 5894 2344 5961 omnibus,
2380 5908 2544 5950 sensu
2570 5909 2791 5965 quoque
2826 5890 3124 5965 ﬂagitante.
