4184 6524
673 441 780 502 795

1985 442 2182 503 LEON
2191 443 2262 502 IS
2296 443 2573 504 DIACON
2583 446 2608 504 Ι

3857 449 3965 511 796

681 552 824 618 sent)
867 571 879 605 :
920 552 1040 619 ille,
1085 553 1158 608 ob
1217 551 1644 623 magnitudinem
1709 553 2040 611 calamitatis
2087 565 2271 611 mente

2399 559 2471 611 ιαὶ
2509 558 2647 630 πρὸς
2693 558 2869 629 ἀλκὴν
2907 561 3002 614 καὶ
3041 558 3413 631 νεωτερισμὸν
3468 559 3788 630 ὡρμηκότι,
3835 577 3967 612 συν-

681 646 957 711 turbatus,
991 646 1125 700 nihil
1161 645 1266 698 tale
1313 661 1380 699 ne
1418 646 1606 700 animo
1653 647 1874 717 quidem
1923 651 2268 720 complexus,

681 753 847 808 quam
905 738 1072 807 potuit
1109 739 1532 794 contentissimo
1568 756 1734 796 cursu
1764 743 1818 797 in
1853 743 2091 798 nobilem
2126 744 2273 798 divi-

687 843 771 882 nae
807 828 1106 896 Sapientiae
1157 829 1444 897 ecclesiam
1495 846 1555 885 se
1590 832 1847 901 conjecit,
1903 832 2138 890 fortuna:
2183 851 2272 890 ra-

685 919 884 988 suique
912 920 1026 974 haec
1046 923 1421 976 committens.
1441 923 1653 977 Interea
1674 924 1940 993 Joannes,
1975 935 2271 998 antequam

686 1013 832 1066 clare
891 1013 944 1066 in
997 1021 1198 1068 terram
1250 1015 1434 1068 radios
1478 1015 1564 1070 sol
1593 1007 1907 1085 diffuderat,
1939 1020 2006 1074 ad
2031 1034 2276 1075 summas

687 1104 903 1174 imperii
935 1106 1232 1176 dignitates
1257 1122 1388 1163 suos
1418 1109 1671 1165 homines
1692 1112 1934 1180 extollit;
1967 1124 2275 1183 praetorem,

687 1197 844 1253 oﬂicii
886 1199 1146 1253 maritimi
1199 1201 1590 1271 drungarium,
1630 1204 1858 1275 vigilum
1895 1205 2276 1276 praepositum,

689 1301 743 1344 et
769 1307 930 1358 quem
975 1292 1151 1345 noctis
1198 1292 1516 1362 prmfectum
1560 1306 1781 1364 vocant,
1817 1284 2275 1367 Nicepliorianos,

689 1378 757 1431 ab
789 1377 922 1447 Rep.
971 1391 1219 1436 removet
1264 1401 1276 1435 :
1311 1382 1433 1446 hos,
1463 1395 1516 1439 et
1550 1388 1870 1456 quicunque
1924 1387 2001 1441 illi
2061 1389 2284 1458 propin-

689 1471 993 1542 quitatibus
1032 1473 1145 1544 96
1195 1477 1475 1545 conjuncti
1508 1487 1698 1546 erant,
1744 1480 1811 1534 ad
1861 1481 2064 1550 praedia
2091 1495 2278 1537 eorum

691 1564 916 1626 rustica,
947 1575 1006 1617 ut
1042 1565 1114 1618 ibi
1147 1567 1434 1636 degerent,
1479 1571 1759 1627 amandat.
1820 1573 2065 1628 Fratrem
2124 1575 2283 1628 Nice-

688 1653 882 1721 phori,
929 1655 1165 1710 Leonem
1213 1659 1635 1730 Cnropalatam,
1667 1673 1722 1718 et
1760 1663 2126 1735 Nicephorum
2183 1666 2284 1722 Pa-

691 1747 933 1812 tricium,
986 1747 1180 1806 Leonis
1223 1749 1310 1814 F.,
1346 1753 1411 1808 ile
1455 1756 1708 1824 corporis
1756 1758 2136 1815 incolumitate
2180 1760 2284 1815 fide

690 1835 842 1898 data,
884 1836 1275 1910 Methymnam,
1315 1847 1461 1913 quod
1492 1853 1575 1900 est
1604 1846 1654 1900 in
1701 1846 1877 1904 Lesbo
1904 1851 2085 1906 insula
2120 1853 2282 1923 oppi-

691 1927 844 1992 dum,
912 1932 1116 2003 relegat

692 2021 946 2086 devocat,
981 2041 1111 2079 suos
1139 2026 1388 2083 homines
1427 2029 1480 2084 in
1531 2045 1722 2086 eorum
1762 2035 1940 2090 locum
1974 2039 2281 2094 substituit.

698 2111 1010 2182 Eodemque
1040 2124 1286 2185 tempore
1311 2117 1542 2175 Barilam
1572 2163 1586 2188 ,
1619 2124 1851 2178 alterum
1877 2125 2074 2185 Leonis
2104 2130 2287 2184 (Suro-

698 2201 889 2270 palata:
926 2202 1010 2268 F.,
1049 2220 1079 2259 e
1137 2208 1491 2275 patriciorum
1531 2228 1792 2280 numero,
1821 2214 1978 2271 ducis
2029 2218 2290 2288 dignitate

695 2305 978 2360 ornatum,
1030 2305 1269 2368 tuncque
1319 2303 1459 2370 apud
1507 2303 1822 2361 Chaldaeum
1865 2308 2090 2365 limitem
2123 2327 2287 2381 agen-

699 2402 828 2450 tem,
871 2389 1089 2459 dempto
1120 2392 1315 2448 ordine
1338 2396 1693 2463 diseinctum,
1719 2400 1996 2456 Amasiam
2039 2402 2096 2456 in
2132 2404 2281 2458 exsi-

696 2477 832 2533 lium
867 2480 1051 2535 tnittit.
1107 2481 1241 2537 Cum
1291 2500 1422 2555 ergo
1451 2495 1566 2542 tum
1597 2490 1740 2555 sibi,
1777 2499 1892 2545 tum
1939 2493 2102 2549 rebus
2147 2495 2286 2560 suis,

699 2573 830 2627 satis
854 2577 1248 2644 prospexisset,
1279 2594 1344 2634 ac
1391 2583 1658 2653 quidquid
1705 2594 2021 2655 suspectum
2072 2587 2292 2642 videba-

701 2676 808 2732 tur,
842 2683 871 2721 e
899 2669 1118 2724 civitate
1146 2673 1405 2730 amolitus
1438 2686 1607 2743 esset,
1634 2679 1684 2731 in
1719 2679 1922 2748 palatio
1949 2680 2290 2734 morabatur.

701 2759 915 2814 Annum
945 2769 1056 2815 tum
1106 2767 1284 2820 aetatis
1309 2768 1506 2837 agebat
1554 2769 1806 2838 quintum
1850 2786 2018 2840 supra
2054 2771 2294 2842 quadra-

703 2851 996 2918 gesimum,
1035 2869 1159 2911 cum
1192 2872 1375 2913 rerum
1413 2876 1689 2915 summam
1719 2863 2032 2931 capessivit.

704 2941 1096 3014 ἀνακαθάρας,
1149 2947 1206 3000 ὲν
1249 2951 1360 3012 τοῖς
1398 2950 1694 3020 βασιλείοις
1737 2952 2000 3022 διέτριϐε.
2036 2953 2297 3026 Πέμπτον

705 3033 807 3103 τῆς
841 3034 1115 3104 βασιλείου
1151 3038 1320 3110 ἐπέϐη
1347 3041 1543 3111 ἀρχῆς.

778 3151 829 3204 ὅ.
858 3149 1013 3215 Quod
1065 3151 1132 3206 ad
1201 3158 1439 3225 speciem
1491 3157 1612 3227 ejus
1673 3159 1902 3229 attinet,
1958 3161 2083 3217 talis
2128 3171 2296 3218 erat:

2375 651 2584 720 ἡραντο
2614 652 2737 722 ἀν)·
2773 651 2909 705 ἀλλά
2948 652 3078 723 γὰρ,
3109 652 3188 722 τῷ
3217 650 3437 724 μεγέθει
3477 651 3574 703 τοῦ
3617 650 3824 716 πάθους
3871 650 3972 711 τὰς

2375 745 2579 814 φρένας
2607 745 2951 814 ὲκθροηθεὶς,
2976 744 3138 799 τοῦτο
3164 745 3263 816 μὲν
3289 744 3400 798 οὐδ’
3430 731 3525 798 ἐπ).
3549 743 3675 798 νοῦν
3702 742 3898 796 ἔλαϐεν
3921 745 3969 808 ⁸,

2375 838 2451 901 ὡς
2486 835 2600 908 εἶχε
2645 839 2702 892 δὲ
2751 839 2970 910 δρόμων
3006 840 3096 893 τὸν
3145 838 3484 911 περίπυστον
3533 841 3633 909 τῆς
3690 836 3785 890 τοῦ
3830 835 3971 890 Θεοῦ

2378 933 2578 1000 Σοφίας
2610 931 3025 1003 καταλαμϐάνει
3062 931 3252 1003 σηκὸν,
3300 934 3368 1002 τῇ
3412 930 3552 1001 τύχη
3585 932 3680 983 καὶ
3721 931 3788 1000 τῇ
3825 929 3974 998 φορᾷ

2378 1023 2488 1076 τῶν
2520 1025 2865 1094 πραγμάτων
2897 1025 3072 1079 ταῦτα
3105 1023 3450 1078 καταλιπών.
3497 1024 3552 1076 '0
3582 1022 3638 1078 δέ
3670 1039 3733 1090 γε
3779 1019 3968 1073 Ἰωάν-

2380 1133 2499 1187 νηςν
2535 1119 2666 1187 πρὶν
2697 1117 2986 1188 τηλανγῶς
3013 1122 3080 1190 τῇ
3105 1120 3176 1190 γῇ
3203 1118 3298 1181 τὰς
3320 1119 3550 1179 ἀκτῖνας
3571 1113 3978 1184 προσυφαπλῶ·

2383 1224 2474 1261 σαι
2502 1207 2594 1261 τὸν
2624 1209 2806 1279 ἥλιον,
2837 1213 2960 1274 ταῖς
2995 1210 3283 1278 μεγίσταις
3329 1208 3428 1278 τῆς
3460 1205 3738 1270 πολιτείας
3775 1205 3979 1274 ἀρχαῖς

2382 1301 2618 1365 οἰκείους
2661 1301 2867 1372 ἄνδρας
2911 1300 3344 1370 ἀποκαθίστησι,
3381 1298 3708 1370 πραίτωρα,
3742 1295 3839 1349 καὶ
3877 1294 3976 1346 τοῦ

2393 1393 2642 1464 πλωΐμου
2672 1394 3062 1466 δρουγγάριον,
3095 1394 3194 1463 τῆς
3215 1409 3275 1446 τε
3305 1391 3522 1462 βίγλης,
3549 1388 3646 1443 καὶ
3663 1389 3724 1442 ὃν
3747 1387 3978 1440 καλοῦσι

2385 1489 2791 1559 νυκτέπαρχον,
2817 1489 2946 1551 τοὺς
2968 1488 3063 1541 τοῦ
3085 1485 3431 1557 Νικηφόρου,
3462 1481 3975 1552 παραιτησάμενος·

2385 1583 2478 1644 οὓς
2512 1581 2631 1650 ἅμα
2669 1584 2783 1644 τοῖς
2819 1581 2880 1646 ἐξ
2927 1581 3163 1650 αἵματος
3197 1578 3408 1632 ἐκείνου
3443 1575 3742 1644 ἀνήκουσιν
3770 1572 3828 1623 ὲν
3865 1571 3982 1631 τοῖς

2387 1676 2675 1746 σφετέροις
2709 1675 2900 1746 ἀγροῖς
2933 1672 3236 1743 διατρίϐειν
3268 1667 3624 1737 παρέπεμψε.
3659 1663 3876 1723 Πίστεις
3918 1676 3981 1710 τε

2385 1767 2465 1837 τῷ
2487 1766 2581 1819 τοῦ
2612 1766 3018 1840 αὐτοκράτορος
3050 1764 3368 1835 Νικηφόρον
3397 1759 3659 1830 ὁμαίμονι
3688 1755 3878 1809 Λέοντι
3900 1751 3982 1820 τῷ

2391 1859 2812 1930 Κουροπαλάτῃ,
2849 1859 2945 1912 καὶ
2974 1857 3276 1927 Νικηφόρῳ
3321 1853 3608 1924 Πατρικίῳ
3637 1847 3715 1917 τῷ
3749 1845 3851 1914 υἱῷ
3884 1843 3979 1896 τοῦ

1172 1953 1184 1990 :
1243 1935 1530 2004 praefectos
1567 1942 1814 1995 omnium
1873 1945 2280 2012 provinciarum

2399 1948 2634 2003 τοιούτου
2677 1950 2929 2014 Λέοντος,
2963 1949 3093 2020 περ).
3118 1949 3160 2005 *θ
3193 1947 3302 2000 τῶν
3334 1963 3484 2013 σφων
3519 1942 3791 2010 σωμάτων
3832 1939 3984 1991 ἀπα-

2393 2042 2542 2106 Θείας
2582 2041 2727 2105 δοὺς,
2779 2043 2837 2105 ἐς
2886 2041 3220 2111 Μήθυμναν,
3269 2041 3370 2109 τὴν
3401 2041 3461 2090 ἐν
3497 2034 3693 2104 Λέσϐῳ
3735 2033 3800 2102 τῇ
3830 2029 3985 2097 νήσῳ

2393 2133 2839 2204 κατῳκισμένην,
2895 2132 3222 2203 περιορίζει·
3269 2130 3396 2192 τούς
3439 2144 3497 2180 τε
3541 2124 3825 2192 τοπάρχας
3870 2119 3984 2171 τῶν

2394 2222 2589 2295 χώρων
2607 2224 2865 2277 ἀπάντων
2892 2223 3202 2293 μεθίστησι,
3235 2222 3330 2275 καὶ
3355 2219 3590 2279 οίκείους
3615 2216 3729 2269 ἀντ’
3757 2210 3988 2266 ἐκείνων

2394 2316 2823 2386 ἀποκαθίστησι.
2858 2317 3001 2370 Τότε
3027 2315 3092 2387 δὴ
3121 2315 3214 2368 καὶ
3241 2313 3454 2386 Βάρδαν
3475 2352 3488 2375 ,
3522 2311 3613 2363 τὸν
3644 2307 3740 2361 τοῦ
3773 2306 3988 2373 Κουρο-

2390 2409 2634 2463 παλάτου
2669 2409 2904 2472 Λέοντος
2940 2409 3058 2462 υίὸν
3082 2449 3095 2473 ,
3130 2409 3189 2460 ὲν
3221 2405 3536 2476 πατρικίοις
3567 2398 3859 2458 τελοῦντα,
3892 2394 3992 2446 καί

2404 2501 2502 2572 τὴν
2540 2501 2636 2556 τοῦ
2683 2503 2875 2566 δουκὸς
2917 2502 3076 2568 ἀξίαν
3107 2499 3536 2569 ὑπεζωσμένον,
3589 2495 3692 2548 κάν
3738 2493 3850 2553 τοῖς
3887 2489 3989 2558 τῆς

2395 2595 2668 2659 Χαλδαίας
2702 2595 2873 2664 ὁρίοις
2902 2592 3273 2664 διατρίϐοντα,
3305 2594 3405 2662 τῆς
3428 2587 3606 2660 ἀρχῆς
3626 2580 3989 2652 παγανώσας,

2395 2689 2473 2750 είς
2515 2688 2818 2758 ’Λμάσειαν
2851 2686 3184 2759 περιορίζει.
3228 2685 3445 2752 Ἱκανὴν
3489 2678 3584 2734 οὖν
3623 2680 3699 2749 (7)
3733 2671 3993 2729 ἐντεῦθεν

2399 2776 2482 2849 [Ρ.
2526 2776 2617 2850 59]
2665 2778 2970 2848 ἀσφάλειαν
3017 2777 3195 2848 ἐαυτῷ
3243 2793 3300 2828 τε
3353 2774 3449 2828 καὶ
3502 2775 3613 2834 τοῖς
3668 2767 3995 2837 πράγμασιν

2402 2870 2814 2942 ὲπιϐραϐεὑσας
2834 2913 2848 2937 ,
2885 2874 2978 2925 καὶ
3011 2871 3159 2925 ᾶπαν
3199 2869 3259 2922 τὸ
3290 2868 3534 2920 ὕποπτον
3577 2865 3676 2933 τῆς
3709 2857 3994 2916 πολιτείας

2366 2963 2463 3014 καὶ
2510 2963 2955 3034 τεσσαρακοστὸν
3026 2963 3146 3026 ἔτος
3174 2957 3244 3032 ἦν
3289 2960 3442 3030 αὑτῷ
3485 2960 3584 3030 τῆς
3613 2958 3832 3026 ἡλικίας
3856 2995 3868 3016 ι
3900 2952 3995 3006 δυ

2479 3165 2550 3234 γ’.
2594 3165 2706 3237 Τὴν
2746 3165 2801 3218 δὲ
2846 3164 2992 3218 ίδὲαν
3039 3161 3246 3216 τοιόσδε
3277 3156 3346 3231 ἦν
3389 3158 3490 3232 (8)·
3533 3157 3727 3221 λευκὸς
3762 3155 3861 3226 μὲν
3893 3156 3998 3225 τὴν

708 3245 894 3300 vultus
924 3248 1212 3314 candidus,
1237 3250 1391 3318 probi
1425 3252 1626 3309 coloris
1660 3273 1672 3308 :
1719 3269 1876 3309 coma
1899 3254 2108 3311 flavens
2129 3299 2143 3324 ,
2173 3271 2295 3311 rara

2409 3260 2553 3329 ὄψιν,
2610 3259 2708 3312 καὶ
2761 3257 3023 3329 εὔχρους,
3059 3256 3158 3326 τὴν
3194 3255 3374 3325 κόμην
3421 3253 3604 3321 φέρων
3655 3250 3853 3320 ξανθὴν
3902 3253 4002 3302 καὶ

711 3356 806 3409 per
834 3339 1070 3396 frontem
1111 3362 1123 3397 :
1160 3347 1303 3400 oculi
1346 3361 1500 3402 acres
1523 3387 1536 3411 ,
1574 3350 1793 3404 caerulei
1824 3367 1839 3404 :
1884 3364 2054 3406 nasus
2081 3352 2301 3421 gracilis

710 3433 950 3502 ctjustze
1007 3437 1401 3507 magnitudinis
1446 3462 1456 3494 :
1500 3440 1667 3495 barba
1715 3442 1768 3494 in
1823 3442 2108 3512 superiore
2152 3443 2304 3498 labro

714 3525 832 3578 rufa
890 3535 940 3581 et
971 3527 1038 3581 ad
1071 3527 1215 3584 latus
1245 3530 1418 3585 nimio
1469 3532 1591 3602 plus
1616 3532 1899 3602 depressa,
1952 3533 2005 3588 in
2041 3534 2305 3589 inferiore

719 3620 873 3674 bonae
907 3623 1396 3692 convenientisque
1422 3639 1700 3680 mensura:
1731 3665 1745 3689 ,
1782 3625 1918 3680 nihil
1953 3626 2303 3681 decurtatum

717 3713 944 3768 habens.
971 3713 1128 3780 Quod
1166 3716 1235 3770 ad
1278 3725 1570 3782 staturam,
1606 3728 1826 3787 pectore
1867 3719 1996 3772 licet
2039 3729 2094 3774 et
2139 3719 2306 3775 dorso

720 3807 858 3859 bene
883 3805 1031 3871 latis,
1065 3807 1299 3876 pusillus
1357 3819 1539 3863 tamen
1569 3809 1859 3865 videbatur
1896 3826 1909 3862 :
1945 3811 2041 3866 sed
2083 3820 2203 3864 erat
2250 3811 2306 3866 in

719 3897 942 3951 homine
983 3899 1294 3970 giganteum
1345 3900 1549 3966 robur,
1588 3902 1642 3956 in
1687 3903 1945 3958 manibus
1991 3902 2207 3973 agilitas
2256 3911 2310 3958 et

718 3990 801 4044 vis
836 3991 1108 4060 quaedam,
1143 4002 1332 4047 contra
1363 4009 1530 4064 quam
1558 3996 1811 4052 resistere
1849 4012 2050 4052 vanum
2077 3996 2306 4052 fuisset:

719 4085 857 4149 haec,
893 4093 1045 4139 tanta
1069 4097 1274 4156 quanta
1300 4089 1354 4143 in
1387 4088 1648 4144 heroibus
1674 4088 1845 4145 fuisse
1875 4091 2100 4158 dicitur,
2126 4092 2311 4146 animo

719 4179 842 4246 ejus
871 4176 1124 4242 admista,
1168 4190 1314 4236 metu
1344 4196 1564 4246 carens,
1605 4183 1853 4238 adversis
1897 4183 2006 4256 97
2060 4185 2308 4247 immota,

723 4270 1100 4325 incredibilem
1159 4273 1214 4326 in
1271 4283 1378 4328 tam
1428 4274 1630 4343 exiguo
1681 4288 1910 4344 corpore
1960 4276 2209 4346 pariebat
2252 4279 2310 4329 li-

721 4364 983 4418 dentiam.
1019 4366 1077 4418 In
1109 4365 1416 4422 confertam
1449 4369 1690 4423 hostium
1727 4369 1963 4425 frontem
2007 4385 2118 4423 non
2149 4370 2313 4424 timc-

725 4455 817 4510 bat
864 4458 1017 4513 solus
1065 4459 1414 4529 irrumpere,
1459 4463 1950 4534 compluribusque
2007 4462 2316 4519 interfectis

2409 3353 2611 3422 ἀραιὰν
2651 3352 2744 3405 ἐπὶ
2778 3352 3050 3421 μέτωπον·
3079 3350 3352 3420 ὀφθαλμοὶ
3373 3345 3552 3415 τούτῳ
3580 3343 3870 3413 ἀνδρώδεις
3901 3343 4003 3395 καὶ

2408 3444 2690 3515 χαρωποί’
2735 3444 2822 3515 ῥὶς
2864 3443 3040 3513 λεπτή
3092 3460 3152 3496 τε
3204 3439 3298 3495 καὶ
3347 3437 3701 3506 σύμμετρος·
3749 3433 3911 3500 γένυς
3966 3434 4000 3499 ἡ

2408 3536 2617 3591 ἀνωθεν
2653 3535 2838 3607 πυρσὴ
2862 3575 2876 3600 ,
2911 3535 3009 3587 καὶ
3046 3536 3124 3594 εἰς
3161 3532 3412 3586 πλαίσιον
3439 3526 3739 3597 καθειμένη
3768 3525 3810 3556 ¹¹
3847 3525 4007 3594 τεαρᾶ

2409 3631 2470 3684 τὸ
2503 3629 2749 3698 μέτριον,
2785 3630 2816 3698 ἡ
2849 3627 2905 3681 δὲ
2938 3626 3184 3680 κάτωθεν
3212 3642 3275 3695 με
3289 3620 3607 3695 μετρημένη
3636 3619 3711 3682 ὡς
3738 3617 3800 3669 τὸ
3829 3616 4004 3677 εἰκὸς,

2411 3726 2504 3777 καὶ
2538 3724 2670 3794 μήτι
2706 3721 2899 3785 ὲνδεῶς
2932 3720 3151 3792 ἔχουσα.
3191 3718 3302 3789 Τὴν
3333 3717 3390 3770 δὲ
3421 3714 3638 3786 ἠλικίαν
3674 3711 3879 3781 βραχύς
3921 3726 4007 3770 τις

2410 3811 2480 3886 ἦν
2502 3855 2516 3880 ,
2550 3817 2598 3867 εί
2633 3813 2729 3866 καὶ
2766 3813 2991 3882 στέρνον
3029 3812 3161 3881 εὐρὺ
3196 3809 3294 3864 καὶ
3340 3807 3682 3879 μετάφρενον
3721 3798 3870 3873 εἶχε⁸
3922 3818 4012 3868 γι·-

2413 3906 2696 3978 γαντὼδης
2728 3906 2784 3960 δὲ
2814 3904 2990 3976 τούτῳ
3021 3904 3150 3974 ἐνῆν
3185 3903 3338 3972 ἰσχὺς
3357 3944 3370 3967 ,
3413 3899 3508 3953 καὶ
3534 3900 3653 3957 ταῖς
3683 3894 3874 3965 χερσὶν
3918 3893 4015 3945 εὖ·

2417 4001 2654 4070 αγωγία,
2689 4001 2785 4053 καὶ
2821 4000 2960 4067 ἀλκή
2994 4014 3075 4060 τις
3104 3992 3601 4062 ἀνανταγώνιστος
3648 3986 3864 4058 ἡρωῖκὴ
3896 3984 4014 4055 γὰρ

2415 4093 2566 4164 αὐτῷ
2607 4093 2682 4164 (9)
2727 4091 3095 4161 ἀνεκέκρατο,
3134 4089 3298 4155 ἀδεής
3330 4104 3390 4138 τε
3425 4085 3518 4138 καὶ
3556 4083 4009 4147 ἀκατάπληκτος.

2417 4188 2474 4239 ὲν
2513 4185 2658 4238 οὕτω
2690 4184 2881 4254 βραχεῖ
2903 4182 3117 4251 σώματι
3143 4177 3573 4247 ἀποδεδειγμένη
3602 4173 3812 4242 τόλμαν
3838 4172 4018 4238 ὑπερ-

2419 4281 2548 4348 φυῆ.
2589 4279 2678 4338 Ἐς
2705 4277 2834 4344 ὅλην
2857 4276 2965 4344 γὰρ
2993 4273 3288 4327 ἀντίπαλον
3317 4271 3574 4339 φάλαγγα
3603 4269 3702 4319 οὑκ
3727 4265 4016 4317 άπεδειλία

2419 4371 2583 4440 μόνος
2635 4369 2848 4439 ὁρμᾷν,
2900 4367 3189 4429 πλείστους
3228 4383 3287 4417 τε
3336 4359 3713 4415 κατακταίνων
3743 4358 3806 4420 η,
3844 4358 4021 4408 ἀπτε-

2425 4463 2580 4534 ρὼτῳ
2626 4462 2779 4530 τάχει
2840 4459 2978 4530 πρὸς
3028 4458 3123 4510 τὸν
3173 4458 3374 4510 οἰκεῖον
3420 4453 3576 4512 αὗθις
3631 4447 4018 4514 συνασπισμὸν

727 4549 989 4618 ρι’ωείρὶιί
1029 4550 1307 4606 celeritate
1357 4552 1423 4606 ad
1457 4568 1683 4608 suorum
1720 4555 1894 4609 aciem
1931 4553 2227 4609 incolumis
2257 4571 2295 4609 sc

2420 4555 2816 4622 διανὲκαμπτε,
2848 4551 3035 4604 κακῶν
3063 4550 3313 4617 ἀπαθής’
3348 4549 3405 4598 tv
3435 4546 3642 4614 ἅλματι
3664 4541 3776 4611 (10)
3805 4540 3884 4602 δὲ,
3917 4539 4022 4591 καὶ

726 4643 1058 4715 recipiebat:
1093 4645 1259 4699 saltu.
1287 4645 1981 4717 pila,jaculatione,arcus
2015 4646 2295 4701 intentiom

2427 4645 2810 4714 σφαιρισμοῖς,
2848 4644 2943 4694 καὶ
2988 4642 3372 4709 ἀκοντισμοῖς,
3415 4637 3510 4690 καὶ
3543 4634 3716 4699 τόξων
3764 4631 4024 4686 ἐντάσεσι

1921 4852 1986 4909 c.
2020 4853 2076 4909 Β.
2119 4849 2303 4907 ηΑειι
2360 4811 2926 4906 Al‘lNOTATlONES.

817 4995 839 5026 °
865 4990 1263 5064 E‘AaGsvaFort.
1318 4991 1532 5045 ἔϐαλεν.
1557 4991 1766 5064 Odyss.
1825 4994 1888 5048 Α.
1934 4994 2063 5056 20f,
2095 4994 2222 5057 203,
2254 4995 2295 5045 ὼ

2399 4995 2446 5047 vi.
2477 4993 2635 5064 θυμῷ
2676 4993 2966 5064 Ἀθάνατοι
3025 4992 3300 5061 βάλλουσι.

726 5069 848 5130 τῆς.
928 5065 969 5096 ¹¹
1010 5063 1297 5132 καθημένη
1336 5064 1457 5116 eod.

728 5135 954 5206 ἀπτέρῳ
986 5134 1045 5188 δὲ
1072 5136 1228 5204 τάχει
1258 5134 1323 5188 70
1361 5132 1423 5187 Β.

804 5328 881 5398 (7)
914 5329 1133 5383 Exitum
1183 5329 1347 5398 hujus
1392 5328 1588 5399 capitis
1624 5328 1990 5386 Combeﬁsius
2039 5331 2204 5385 vertit
2229 5344 2317 5401 ap.

735 5400 861 5465 Paeg.
906 5401 992 5454 IV.
1028 5401 1118 5456 2'2.

807 5470 884 5545 (8)
909 5471 1031 5545 llaec
1057 5489 1122 5526 ex
1165 5478 1431 5545 scriptore
1449 5483 1645 5545 nostro
1698 5472 1997 5545 contraxit,
2030 5469 2319 5545 Scylitzcs,

740 5543 1128 5610 subjunxitque
1176 5547 1228 5600 in
1271 5542 1494 5599 historia
1546 5558 1648 5596 ms.
1701 5543 2001 5597 narrationi
2053 5542 2120 5596 de
2149 5555 2323 5596 morte

741 5611 1059 5671 Τιίιηὶςντιες
1094 5629 1212 5682 qum
1245 5616 1572 5670 Ierminatur
1605 5616 1705 5676 sic,
1749 5615 1845 5665 καὶ
1904 5616 2319 5665 Κωνσταντίνον

738 5686 865 5755 τ-οὒς
886 5684 1080 5746 παῖδας
1111 5688 1204 5738 τοῦ
1248 5685 1555 5755 Ῥιυμανοῦ.
1586 5682 1720 5738 Vide
1749 5684 1982 5755 Ccdren.
2011 5683 2075 5737 II.
2103 5684 2226 5738 684.
2259 5684 2320 5755 B.

739 5753 1016 5808 Cvtlrcnus
1051 5766 1255 5816 autem,
1289 5753 1410 5809 (‘Ulll
1468 5756 1652 5808 omnia
1706 5754 1927 5808 minima
1978 5755 2214 5808 maxima
2257 5754 2324 5808 ad

743 5825 974 5895 verbum
1005 5841 1034 5878 c
1074 5825 1306 5895 Scylitza
1344 5826 1396 5878 in
1430 5826 1600 5893 ipsius
1637 5825 2032 5892 (Iompcndium
2069 5825 2326 5895 historia-

746 5909 865 5949 rum
893 5893 1350 5966 refcrrct,_tamcn
1384 5897 1497 5953 haec
1521 5896 1586 5954 de
1605 5897 1778 5951 forma
1819 5911 1882 5952 ac
1915 5896 2092 5966 specie
2119 5893 2326 5951 Tzimi-

3408 4993 3453 5024 ¹⁰
3486 4993 3636 5061 περί.
3668 4991 3846 5044 Malim
3886 4993 4027 5061 περὶ

1551 5063 1592 5093 ¹²
1623 5060 2019 5132 κατακταίνων,
2055 5065 2295 5135 ἀπτερώπ

2407 5066 2498 5122 Sic
2531 5060 2653 5121 cod.
2693 5063 2842 5117 Fort.
2882 5060 3289 5130 κατακτέννων,
3314 5064 3541 5135 ἀπτέρῳ
3566 5060 3649 5133 ⁷τῴ
3678 5064 3854 5133 τάχει.
3923 5060 4022 5116 Sic

2432 5345 2538 5386 sca:
2567 5330 2751 5384 nescio
2804 5343 2976 5399 quare
3029 5325 3407 5397 prmtermisit,
3450 5335 3509 5379 ut
3537 5327 3700 5396 Igitur
3737 5323 3789 5379 in
3838 5323 4030 5380 Leone

2431 5402 2770 5470 duntaxatet
2796 5400 2851 5454 in
2887 5399 3118 5470 Scylitza
3157 5413 3258 5470 ms.
3289 5406 3522 5470 exstent.

2505 5472 2579 5542 (9)
2614 5466 3208 5542 Scylilzarrailtlittlviulﬁ.
3237 5483 3308 5542 _ac
3339 5466 3571 5542 fortasse
3591 5467 3680 5542 _sic
3703 5466 4025 5542 legendum.

2430 5537 2773 5618 Paul'o‘post,
2813 5541 2900 5594 97.
2934 5541 3030 5618 lin.
3065 5541 3098 5592 5
3130 5538 3363 5609 Seylitza
3393 5538 3553 5618 habet
3581 5540 3810 5618 an:qu
3838 5537 4030 5606 τάχει,

2430 5613 2576 5668 unde
2600 5607 2849 5688 ﬁrmatur
2880 5607 3218 5688 conjectura
3244 5623 3364 5663 mea
3407 5608 3656 5688 ad‘oram
3701 5607 3848 5688 (vide
3884 5625 4030 5688 qut;-

2431 5700 2538 5755 que
2558 5699 2723 5755 supra
2753 5682 2846 5755 50.
2879 5681 2941 5735 D.
2992 5683 3088 5735 lin.
3143 5679 3524 5751 antepenult.),
3573 5686 3647 5742 et,
3704 5678 3840 5748 πρὸς
3898 5678 4034 5740 τοὶς

2431 5753 2666 5813 οἰκείους
2691 5753 3118 5822 διανέκαμπτεν.

2506 5825 2619 5898 (I0)
2643 5825 2900 5896 Scylilza,
2941 5823 3165 5894 ἅλματι.
