4184 6524
179 443 283 513 797

1424 453 1813 517 HISTORLE
1855 456 2001 520 LIB.
2039 458 2140 520 VI;

3366 456 3474 523 793

183 562 280 615 καὶ
316 558 534 633 βολαῖς,
586 559 809 617 πάντων
855 561 1265 634 κατηυμεγέθει
1317 563 1429 619 τῶν
1482 564 1627 621 κατὰ
1678 564 1777 638 τὴν

1889 578 1934 624 et
1963 568 2137 639 jactu,
2169 582 2365 626 omnes
2397 568 2543 627 illius
2587 568 2768 627 astatis
2812 567 3131 640 superabat.
3168 567 3239 627 Ut
3268 567 3466 632 fertur.

181 652 357 721 αὐτὴν
377 652 572 722 γενεάν
599 652 733 726 (li).
766 653 1022 723 Λέγεται,
1052 653 1127 719 ὼς
1158 655 1390 727 κέλητας
1422 656 1624 722 ἵππους
1658 657 1782 711 τέτ-

183 761 359 815 ταρας
389 744 668 816 στοιχηδὸν
710 745 885 813 ίστάς,
919 748 983 800 ὲκ
1015 745 1110 800 τοῦ
1146 745 1379 819 θατέρου
1424 749 1622 820 μέρους
1648 750 1783 804 καθ-

186 836 525 905 αλλόμενος,
572 838 666 890 ἐπὶ
732 836 825 890 τὸν
876 836 1136 908 πύματον⁴
1174 838 1286 909 (12)
1322 838 1399 903 ὥς
1449 858 1535 903 τις
1580 841 1784 912 πτηνὸς

182 928 434 996 ἐφίζανε.
469 928 636 992 Βέλος
687 947 747 982 τε
793 930 977 998 ἀφιεὶς
1010 929 1156 985 οὕτω
1196 934 1633 1003 κατεστοχάξετο
1687 931 1781 987 τοῦ

184 1019 400 1077 σκοποῦ
436 1063 451 1087 ,
483 1022 559 1085 ὡς
601 1022 688 1075 διὰ
736 1024 1028 1078 δακτυλίου
1072 1026 1211 1096 ὀπῆς
1263 1028 1392 1082 ίένα
1452 1028 1782 1082 ἀπευθύνειν

184 1114 351 1168 αὑτό·
396 1115 651 1170 τοσοῦτον
694 1117 1042 1188 ὑπερέὸαλλε
1092 1122 1188 1174 καὶ
1224 1123 1318 1176 τὸν
1350 1124 1483 1193 παρ’
1538 1123 1782 1193 Ὀμήρου

189 1207 715 1280 μεγαλαυχούμενον
744 1210 1059 1282 νησιώτην,
1097 1213 1190 1266 τὸν
1227 1213 1317 1267 διά
1354 1215 1463 1267 τῶν
1508 1214 1783 1268 πελέκεων

188 1303 282 1353 τὸν
322 1302 504 1356 ὀϊστὸν
529 1302 572 1333 ¹³
608 1301 984 1357 διευθύναντα.
1033 1305 1289 1377 Σφαῖραν
1332 1323 1391 1359 τε
1440 1308 1505 1360 ὲκ
1551 1307 1783 1371 σκύτους

188 1393 673 1464 κατειργασμένην
696 1392 906 1447 ὑελίνου
940 1394 1184 1464 σκύφους
1207 1399 1266 1449 ὲν
1291 1396 1369 1465 τῷ
1396 1396 1629 1468 πυθμένι
1658 1400 1782 1452 ὲπιο

186 1482 386 1546 τιθεὶς,
421 1482 607 1552 μύωπί
636 1500 693 1536 τε
717 1483 808 1536 τὸν
826 1485 994 1537 ἵππον
1018 1484 1318 1556 κεντρίζων
1345 1489 1439 1540 κατ⁸
1470 1488 1562 1540 τὸν
1582 1489 1781 1559 δρόμον

188 1575 570 1644 ἐπιταχύνων,
605 1577 789 1647 ῥάϐδῳ
824 1576 1003 1631 παίων
1031 1578 1131 1649 τὴν
1167 1582 1438 1649 σφαῖραν,
1477 1580 1648 1651 αὐτὴν
1680 1581 1779 1649 μὲν

187 1664 570 1734 ἀναθρώσκει-ν
604 1670 699 1721 καὶ
743 1669 1014 1722 πέτεσθαι
1062 1670 1461 1740 κατειργάξετο
1485 1685 1498 1698 ·
1531 1671 1591 1725 τὸ
1619 1672 1676 1725 δὲ
1712 1673 1777 1742 δὴ

190 1755 406 1823 σκῦφος
449 1758 854 1831 ἀμετακίνητον
895 1761 988 1814 καὶ
1039 1760 1349 1831 ἄθραυστον
1396 1762 1538 1816 κατά
1590 1762 1775 1832 χώραν

188 1849 381 1917 μένειν
413 1849 702 1920 ὲλίμπανε.
739 1853 1135 1924 Μεγαλόδωρός
1167 1853 1279 1925 (15)
1312 1872 1372 1907 τε
1421 1856 1516 1908 καὶ
1544 1855 1770 1923 φιλοδω-

1885 660 2046 733 cquis
2100 661 2420 719 desultoriis
2473 678 2525 717 ιν
2563 670 2777 734 aequata
2812 661 2993 719 fronte
3041 660 3345 727 collocatis,
3405 663 3472 717 ab

1886 770 1995 809 una
2054 765 2208 823 parte
2258 756 2526 821 emicans,
2568 755 2621 809 in
2672 754 2995 819 novissimo,
3041 753 3135 824 qui
3195 752 3250 807 in
3298 752 3472 806 altera

1884 852 2039 914 parte
2072 853 2212 907 erat,
2240 854 2499 915 tanquam
2545 845 2785 900 volucris
2813 843 3013 913 aliquis
3044 842 3310 897 subsedit.
3342 841 3472 911 Spi-

1883 938 2067 993 culum
2102 938 2358 993 emitteus
2394 939 2468 993 ita
2506 936 2824 993 collimabat
2853 937 2906 991 in
2959 948 3189 1005 scopum
3214 972 3229 997 ,
3277 941 3339 987 ut
3378 948 3476 1002 per

1884 1030 2072 1084 annuli
2106 1032 2353 1085 foramen
2383 1030 2513 1085 illud
2538 1031 2816 1100 trajiceret
2846 1046 2859 1082 :
2891 1036 3041 1083 tanto
3070 1026 3369 1096 superabat
3388 1026 3474 1080 vel

1884 1121 2187 1178 insularem
2220 1123 2375 1177 illum
2419 1123 2490 1178 ab
2520 1121 2759 1178 Homero
2777 1122 3135 1184 celebratum,
3174 1135 3270 1189 per
3290 1118 3471 1173 ascias

1884 1214 2135 1285 sagittam
2177 1215 2663 1271 transmittentem.
2696 1214 2929 1270 Globum
2960 1229 3026 1267 ex
3075 1213 3227 1267 corio
3266 1209 3473 1266 factum

1885 1308 1938 1361 in
1969 1307 2126 1363 vitrei
2165 1308 2355 1380 scyphi
2400 1307 2634 1363 fundum
2668 1308 2947 1377 deponens
2999 1307 3295 1375 calcarque
3329 1318 3474 1373 equo

1884 1399 2210 1468 subjiciens,
2244 1400 2415 1455 citato
2437 1415 2604 1455 cursu
2648 1408 3063 1471 praetervectus,
3096 1397 3316 1466 globum
3345 1394 3473 1465 qui-

1880 1490 2027 1554 dem,
2082 1489 2283 1544 bacillo
2315 1505 2677 1559 percussum,
2725 1489 3071 1560 impellebat,
3118 1490 3179 1541 ut
3207 1487 3274 1541 de
3306 1485 3478 1539 fundo

1880 1581 2142 1637 exsiliens
2170 1596 2263 1651 per
2281 1596 2462 1637 aerem
2514 1582 2750 1636 ferretur
2804 1599 2818 1636 :
2856 1581 3123 1651 scyphum
3167 1580 3476 1642 immotum,

1880 1672 2079 1728 nedum
2102 1673 2454 1740 incolumem,
2472 1673 2525 1727 in
2548 1674 2737 1729 eodem
2762 1674 2885 1729 loco
2908 1680 3217 1726 manentem
3233 1668 3479 1725 reliquit.

1880 1767 2051 1821 Donis
2064 1766 2456 1837 magniﬁcuset
2477 1766 2767 1822 muniﬁcus
2779 1781 2943 1835 supra
2956 1778 3147 1819 omnes
3159 1771 3305 1818 erat:
3327 1758 3480 1831 quis.

1883 1861 2010 1931 quis
2055 1861 2201 1917 enim
2228 1861 2298 1916 ab
2333 1876 2400 1917 eo
2430 1862 2697 1931 petiisset,
2734 1876 2830 1931 spe
2861 1874 3142 1929 nunquam
3183 1845 3482 1911 trustratus

188 1942 422 2014 ρῦτατος
454 1944 608 2014 παρά
643 1946 850 2008 πάντας
881 1942 950 2017 ἦν
974 1962 987 1976 ·
1022 1922 1197 2010 οὐδεὶς
1222 1922 1331 2017 γάρ
1363 1948 1525 2001 αὐτὸν
1558 1949 1782 2019 αἰτησά-

1889 1922 2094 2005 abibat.
2127 1950 2204 2005 lta
2231 1922 2446 2007 cunctis
2490 1922 2725 2021 benigne
2753 1922 2817 2005 ac
2846 1922 3097 2004 hilariter
3120 1944 3482 2002 humanitatis

189 2050 356 2104 μενος
414 2033 524 2088 τῶν
575 2035 808 2091 ἐλπίδων
861 2037 1019 2102 κενὸς
1072 2038 1473 2107 ἀπηλλάττετο.
1528 2040 1670 2093 nam
1726 2040 1784 2092 δὲ

187 2126 507 2195 φιλαγάθως
530 2128 626 2181 καὶ
648 2128 851 2199 ἱλαρῶς
868 2129 1404 2200 ἐφιλανθρωπεύετο,
1432 2130 1785 2201 προφητικῶς

186 2220 246 2270 τὸ
272 2218 455 2272 ἔλαιον
476 2221 575 2289 τῆς
598 2220 846 2285 εὐποιίας
874 2223 1083 2291 κιχρῶν
1106 2223 1170 2253 ’δ’
1206 2223 1301 2275 καὶ
1327 2225 1376 2276 εἰ
1405 2223 1481 2293 μὴ
1505 2222 1785 2287 Βασίλειος

188 2311 215 2362 ὁ
240 2310 745 2380 παρακοιμώμενος
779 2311 943 2368 αὐτὸν
978 2313 1165 2382 ἐπεῖχε
1198 2313 1298 2383 τῆς
1337 2314 1619 2384 ἀπλήστου
1653 2315 1782 2385 περ)⁹

187 2406 249 2458 τὸ
273 2405 588 2477 εὐεργετεῖν
614 2408 741 2470 τοὺς
764 2401 1070 2479 ὁμοφύλους
1106 2409 1279 2477 ῥοπῆς
1305 2450 1320 2474 ,
1350 2410 1453 2463 κᾶν
1476 2409 1604 2474 τοὺς
1630 2410 1788 2481 βασι·-

188 2496 380 2560 λικοὺς
420 2496 730 2570 θησαυροὺς
782 2501 863 2563 είς
912 2500 1013 2570 τὴν
1051 2501 1160 2553 τῶν
1198 2501 1470 2571 δεομένων
1523 2503 1787 2573 διανομὴν

186 2589 392 2643 θᾶττον
422 2590 876 2660 συνεξεφόρησεν.
920 2591 1247 2661 Ἐλάττωμα
1276 2592 1334 2645 δὲ
1376 2592 1599 2667 Ἰωάννῃ
1626 2593 1787 2648 τοῦτο

192 2683 431 2753 προσῆν,
466 2685 548 2736 ὅτι
576 2700 636 2736 τε
663 2683 791 2753 περὶ
819 2684 1017 2747 πότους
1039 2684 1187 2738 ἔστιν
1224 2686 1313 2739 ὅτε
1344 2688 1496 2755 παρά
1523 2687 1584 2739 τὸ
1612 2704 1787 2759 προσ-

190 2776 327 2844 ῆκον
353 2773 470 2845 (Η)
507 2773 792 2846 ἐκώμαζε,
818 2775 914 2829 καὶ
978 2777 1108 2847 περὶ
1138 2776 1237 2840 τὰς
1258 2777 1353 2831 τοῦ
1382 2778 1637 2849 σώματος
1667 2780 1766 2849 ἡδο

191 2866 291 2928 νὰς
321 2865 617 2932 διεπτόητο
647 2865 789 2935 (15).

264 2977 357 3052 [Ρ.
388 2976 481 3050 60]
504 2976 568 3033 δ’.
604 2978 747 3032 Ἀλλ’
777 2978 922 3031 οὕτω
952 2979 1051 3049 μὲν
1079 2980 1138 3033 ὲν
1160 2980 1398 3052 ἡμέραις
1424 2980 1568 3035 ἑπτὰ
1594 2981 1663 3037 τὰ
1692 2982 1791 3052 τῆς

192 3072 478 3133 παλιτείας
510 3071 950 3142 διοικησάμενος,
983 3072 1079 3125 καὶ
1106 3072 1206 3143 τὴν
1242 3074 1419 3145 ἀρχὴν
1448 3074 1626 3145 ἐαυτῷ
1649 3092 1787 3147 κρα-

194 3166 539 3231 τυνάμενος,
577 3163 671 3215 καὶ
701 3162 778 3225 ὡς
820 3163 920 3216 οὐκ
963 3164 1028 3219 ἀν
1060 3181 1145 3227 τις
1175 3165 1330 3236 ᾠήθη
1386 3167 1516 3220 ποτὲ
1548 3168 1642 3238 (ὲν
1680 3170 1789 3240 γὰρ

1886 2044 2060 2099 ollicia
2093 2045 2410 2114 praestabat,
2449 2044 2728 2113 praphetaa
2758 2042 2921 2096 modo
2948 2042 3127 2095 oleum
3171 2038 3482 2093 beneﬁcen-

1887 2138 1975 2192 tia:
2008 2137 2417 2192 commodans:
2462 2152 2527 2191 ac
2564 2136 2668 2190 nisi
2715 2134 2955 2189 Basilius
3001 2132 3239 2188 cubiculi
3289 2129 3482 2199 prmle-

1886 2238 2010 2285 ctus
2042 2227 2406 2284 insatiabilem
2446 2227 2598 2280 illum
2657 2225 2922 2294 impetum
2978 2225 3125 2279 cives
3167 2218 3480 2277 demerendi

1889 2320 2244 2381 retardasset.
2272 2320 2420 2389 ipsos
2442 2333 2663 2389 quoque
2706 2318 2918 2386 imperii
2950 2316 3242 2371 thesauros
3288 2326 3485 2380 eroga-

1888 2413 2037 2469 tione
2086 2413 2140 2467 in
2183 2426 2388 2482 egenos
2418 2411 2674 2466 celeriter
2726 2408 3092 2465 exhausisset.
3126 2404 3242 2460 Hoc
3284 2402 3483 2459 Joauni

1888 2507 2082 2562 vitium
2117 2505 2383 2570 haerebat,
2415 2504 2531 2574 98
2562 2502 2711 2573 quod
2746 2503 3007 2556 nimirum
3040 2499 3283 2569 potibus,
3319 2496 3480 2549 vino-

1889 2615 1996 2672 que
2024 2614 2089 2654 ac
2120 2597 2618 2655 comessatiouibus
2656 2596 2988 2665 quandoque
3036 2593 3157 2663 plus
3201 2605 3359 2660 atquo
3399 2587 3485 2641 in-

1890 2693 2170 2766 dulgebat,
2201 2690 2563 2762 corporisque
2588 2686 2960 2757 voluptatibus
3015 2684 3173 2741 avide
3203 2680 3480 2738 inhiabat.

1962 2980 2017 3035 4.
2051 2977 2256 3033 Verum
2287 2976 2369 3032 sic
2398 2975 2616 3046 quidem
2639 2982 2848 3043 septem
2872 2970 3088 3026 dierum
3123 2967 3301 3035 spatio
3332 2978 3488 3019 com-

1892 3076 2071 3148 posita
2130 3073 2210 3127 illi
2266 3071 2426 3142 Rep.,
2482 3078 2806 3138 assertoque
2849 3063 3118 3134 imperio,
3168 3073 3277 3130 qua
3319 3071 3485 3111 nemo

1894 3169 2105 3224 ratione
2155 3179 2395 3236 unquam
2446 3161 2726 3234 putaverit
2755 3158 2902 3230 (cum
2951 3156 3095 3211 enim
3129 3153 3183 3207 in
3231 3148 3487 3205 maximis

191 3258 316 3319 ταῖς
347 3254 639 3325 μεγίσταις
670 3253 778 3309 τῶν
806 3256 1151 3325 πραγμάτων
1185 3257 1529 3327 μεταϐολαῖς,
1563 3260 1785 3330 πολλῆς,

1894 3276 2076 3316 rerum
2126 3257 2529 3312 mutationibus
2574 3268 2772 3323 magna
2817 3252 3144 3322 plerumque
3186 3244 3386 3300 seditio
3434 3250 3489 3296 et

192 3349 269 3410 ὼς
304 3348 493 3413 εἰκὸς,
541 3348 785 3412 στάσεως
832 3348 1340 3420 ἀναρριπιζομένης
1388 3354 1481 3405 καὶ
1518 3355 1785 3425 ταραχῆς,

195 3440 353 3503 τότε,
404 3438 507 3493 οὐκ
552 3434 650 3493 οἵδ’
683 3440 865 3504 ὅπως,
923 3441 1239 3511 παρατυχὸν
1269 3442 1539 3512 εὐκοσμία
1571 3461 1654 3507 τις
1694 3446 1789 3497 καὶ

198 3532 394 3594 βαθεῖα
434 3530 563 3603 σιγὴ
590 3531 683 3584 τὸν
715 3531 886 3601 δῆμον
932 3532 1168 3602 κατέσχε
1191 3571 1208 3598 ,
1240 3532 1337 3586 τοῦ
1385 3535 1790 3606 αὐτοκράτορος

198 3625 520 3696 Νικηφόρου
546 3623 951 3696 ἀναιρεθέντος,
986 3624 1080 3679 καί
1101 3640 1249 3689 τινος
1279 3626 1397 3689 ἑνὸς
1419 3624 1526 3679 τῶν
1549 3627 1790 3681 ὑπασπι-

200 3719 341 3771 στῶν
369 3717 561 3788 ἑτέρου
594 3717 822 3787 μηδενὸς
854 3717 957 3771 κᾶν
993 3718 1086 3771 ἐπὶ
1117 3718 1322 3789 κόρρης
1350 3719 1634 3790 εἰληφότος
1668 3722 1791 3773 κόν-

197 3807 404 3878 δυλον),
435 3810 491 3872 ὲς
516 3809 609 3861 τὸν
640 3807 783 3862 θεῖον
823 3809 918 3862 καὶ
952 3804 1127 3879 μέγαν
1152 3810 1250 3878 τῆς
1288 3807 1383 3862 τοῦ
1411 3809 1545 3862 Θεοῦ
1587 3809 1791 3878 Σοφίας

200 3902 370 3968 σηκὸν
404 3901 658 3973 εἰσφοιτᾷ
687 3900 821 3972 (16),
855 3900 932 3963 ὡς
966 3901 1103 3972 πρὸς
1135 3899 1231 3953 τοῦ
1270 3900 1613 3973 πατριάρχου
1648 3900 1792 3955 κατά

198 3994 257 4045 τὸ
277 3992 593 4062 εἰθισμένον
624 3993 702 4064 τῷ
736 3993 995 4066 βασιλείῳ
1024 3993 1316 4065 διαδήματι
1355 3992 1792 4064 ταινιωθησὸμε-

200 4099 311 4151 νος.
333 4084 587 4141 Εῖθισται
608 4085 717 4159 γὰρ
739 4089 866 4151 τοὺς
882 4087 1001 4142 νέον
1023 4087 1123 4160 τῆς
1151 4086 1469 4160 Ῥωμαῖκῆς
1493 4087 1791 4159 ἡγεμονίας

200 4176 732 4251 προσεπιδαίνοντας
776 4180 867 4233 ιπί
914 4195 975 4234 τε
1015 4179 1104 4236 τὸν
1132 4179 1366 4253 ἀμϐωνα
1396 4179 1492 4235 τοῦ
1523 4178 1629 4234 νεὼ
1656 4179 1791 4251 ι(17)

199 4269 441 4335 ἀνιέναι,
472 4271 567 4326 καὶ
598 4270 736 4344 πρὸς
766 4269 862 4327 τοῦ
902 4271 1046 4328 κατὰ
1084 4272 1312 4347 καιροὺς
1343 4272 1600 4347 ιεράρχου
1636 4272 1791 4327 εὐλο-

200 4360 418 4431 γεῐοθαί
446 4377 539 4428 τε.
582 4364 679 4420 καὶ
706 4363 785 4435 τῷ
813 4361 1071 4437 βασιλείῳ
1105 4364 1295 4438 στέφει
1323 4363 1662 4421 ταινιοῦσθαι
1692 4362 1791 4437 τὴν

199 4456 469 4530 κεφαλήν.
526 4452 587 4511 '0
628 4455 685 4512 δὲ
735 4454 1076 4519 Πολύευκτος
1120 4456 1213 4513 τὸν
1262 4456 1364 4529 τῆς
1417 4456 1792 4529 πατριαρχίας

196 4551 320 4605 τότε
359 4548 555 4621 θρόνον
583 4549 825 4621 κατεῖχε.
855 4548 1011 4615 Θεῖός
1053 4549 1113 4604 τέ
1154 4566 1239 4613 τις
1277 4548 1353 4604 ὣν
1395 4548 1491 4606 καὶ
1538 4548 1677 4617 ζιων
1714 4547 1792 4622 τῷ

1894 3349 2133 3406 turbatio
2199 3346 2512 3412 suscitetur,
2545 3352 2698 3408 tunc,
2733 3342 2950 3395 fortuna
2980 3336 3166 3393 nescio
3204 3348 3333 3404 qua,
3366 3346 3491 3385 mo-

1890 3444 2061 3498 destia
2096 3441 2377 3508 altumque
2409 3436 2691 3492 silentium
2721 3433 2984 3505 populum
3014 3428 3228 3492 tenuit,
3264 3424 3489 3481 sublate

1890 3534 2200 3602 Nicephoro
2266 3532 2556 3601 Augusto,
2610 3542 2739 3583 cum
2803 3534 3069 3595 praeterea
3114 3534 3279 3575 nemo
3343 3514 3487 3569 alius

1892 3625 2188 3684 satellitum
2244 3622 2328 3677 vcl
2378 3621 2431 3675 in
2496 3633 2693 3690 genam
2725 3631 2967 3688 pugnum
3022 3611 3375 3681 accepisset),
3416 3607 3485 3661 ad

1904 3723 2154 3778 divinum
2183 3728 2555 3785 magnumque
2589 3712 2688 3768 Dei
2747 3708 3042 3781 Sapientiae
3080 3705 3369 3763 delubrum
3397 3713 3496 3754 ve-

1893 3815 1994 3880 nit,
2027 3821 2089 3868 ut
2122 3827 2153 3866 a
2184 3808 2500 3881 patriarcha
2541 3822 2610 3862 ex
2650 3819 2805 3860 more
2841 3802 3152 3859 diademate
3178 3803 3344 3866 caput
3369 3793 3459 3849 cin

1892 3917 2133 3978 geretur.
2160 3904 2238 3959 lta
2260 3902 2407 3959 enim
2439 3900 2691 3955 moribus
2719 3904 3029 3964 receptum,
3069 3900 3131 3945 ut
3161 3890 3256 3960 qui
3283 3888 3488 3941 Roma-

1894 4013 2025 4053 num
2051 3994 2344 4065 imperium
2382 3991 2614 4057 adeant,
2654 3990 2710 4044 in
2747 3986 2933 4057 templi
2970 3985 3260 4039 amhonem
3290 3993 3485 4034 ascen-

1893 4089 2046 4155 dant,
2083 4086 2228 4143 etab
2255 4098 2323 4141 eo
2346 4082 2442 4156 qui
2474 4097 2577 4154 pro
2604 4092 2851 4148 tempore
2880 4074 3056 4133 sacris
3093 4078 3313 4144 praeest,
3348 4068 3489 4124 bene

1893 4178 2030 4251 ipsis
2087 4185 2401 4251 apprecato,
2443 4174 2694 4232 diadema
2749 4169 2916 4241 capiti
2976 4165 3297 4238 impositum
3339 4160 3489 4216 acci-

1894 4272 2067 4343 plaut.
2097 4269 2427 4344 Polyeuctus
2469 4274 2600 4324 tunc
2640 4263 2825 4322 sedem
2870 4255 3292 4334 patriarchalem
3336 4259 3490 4344 tene-

1894 4341 2008 4424 bat.
2042 4362 2115 4433 ls,
2144 4341 2227 4419 vir
2254 4375 2390 4419 sane
2422 4359 2643 4417 dlviuus
2670 4362 2725 4414 et
2745 4354 2942 4429 spiritu
2970 4350 3212 4417 fervens,
3238 4341 3492 4420 quamvis

1892 4463 2051 4514 etate
2084 4452 2324 4525 auratus,
2359 4447 2679 4523 lmperatorl
2721 4444 3037 4512 denuntiat,
3083 4454 3191 4498 non
3223 4437 3277 4495 el
3326 4435 3491 4492 llcere

1894 4546 1948 4602 in
2001 4544 2293 4603 ecclesiam
2352 4541 2587 4614 ingredi,
2642 4538 2747 4595 nisi
2817 4542 2977 4593 antea
3006 4532 3307 4604 Augustam
3363 4525 3490 4584 aula

200 4642 501 4708 πνεύματι,
531 4641 578 4695 sl
606 4641 700 4697 καὶ
725 4641 822 4715 τὴν
852 4641 1074 4715 ἠλικίαν
1117 4642 1321 4715 ιξωρος
1345 4637 1437 4716 ἦν,
1475 4643 1553 4715 μὴ
1579 4640 1785 4711 εξεῖναί

1892 4635 2179 4710 expulerit,
2240 4650 2316 4704 ac,
2347 4632 2640 4705 Nicephori
2688 4625 3037 4701 imperatoris
3082 4631 3485 4716 percussorem,

197 4734 247 4787 ei
270 4733 468 4804 ἐδήλου
504 4730 584 4802 τῷ
610 4731 821 4802 βασιλεῖ
848 4735 906 4796 ὲς
947 4733 1009 4787 τὸ
1047 4734 1193 4805 ἱερὸν
1231 4733 1609 4799 είσελαύνεινι,
1652 4734 1784 4804 πρὶν

1892 4730 2149 4801 quisquis
2175 4729 2255 4784 illi
2284 4736 2475 4792 esset,
2516 4723 2819 4782 ostenderit
2851 4738 2866 4775 :
2900 4719 2979 4774 'ad
3029 4717 3136 4773 hoc
3157 4753 3172 4781 ,
3208 4714 3485 4768 decretum

1422 4909 1485 4965 C.
1529 4909 1589 4964 Β.
1633 4906 1818 4963 HASII
1874 4903 2434 4963 ANNOTATIONES.

273 5052 323 5087 ⁸⁸
352 5049 556 5106 ὀϊστόν.
586 5049 733 5104 ἱστόν
762 5049 887 5107 cod.
964 5050 1008 5081 ¹⁸
1039 5051 1264 5121 κιχρῶν.
1294 5050 1452 5108 Conl'.
1486 5051 1549 5106 Ill
1588 5050 1718 5124 Reg.
1756 5064 1893 5114 xvn,
1924 5049 2010 5105 l6.

270 5242 667 5366 ὣέηριὶοτ
693 5242 882 5299 eadem
904 5240 1123 5312 phrasis
1153 5256 1321 5313 supra
1350 5241 1443 5297 50.
1472 5241 1539 5297 A.
1573 5240 1666 5296 ubi
1691 5257 1792 5295 κα-

199 5331 499 5369 τευμεγευε
510 5331 547 5369 ι.

270 5332 666 5455 ἷῗξῖεὲἕζιῖἰιεα
702 5397 883 5447 secus,
918 5383 1013 5455 ἐπὶ
1036 5382 1129 5436 τὸν
1150 5382 1423 5454 πέμπτον,
1454 5380 1791 5452 calligrapho

204 5453 397 5511 vocem
452 5454 836 5510 obsoletiorem
893 5453 1142 5525 πύματος
1180 5453 1255 5526 ιη,
1282 5455 1457 5524 magis
1484 5463 1691 5517 notam,
1733 5461 1793 5507 ut

205 5526 281 5589 ﬁt,
331 5532 725 5580 commutante.

274 5596 390 5665 (13)
442 5595 573 5650 Haec
620 5610 795 5664 usque
855 5593 921 5649 ad
988 5592 1359 5665 pag.41007.7:
1392 5592 1562 5662 τῦφον
1616 5592 1791 5657 τιθεὶς

204 5610 390 5720 Cotto)
442 5610 573 5676 Haec
620 5610 795 5678 usque
855 5610 921 5649 au
988 5610 1268 5718 paqquu.

282 5666 572 5720 mbeﬁsrus
600 5674 762 5718 vertit
788 5678 874 5733 ap.
908 5665 1036 5727 Pag.
1103 5664 1164 5721 ν.
1190 5664 1280 5718 22.

275 5735 390 5803 (14)
418 5735 693 5806 ᾼεαιῑιίιιε
737 5736 882 5806 πέρα
918 5735 1013 5806 τοῦ
1048 5736 1443 5806 προσήκοντος,
1466 5734 1553 5788 8L
1580 5733 1641 5787 Β.

269 5805 379 5873 (l5)
413 5805 693 5862 Hactenus
719 5804 840 5878 qua
865 5820 930 5862 ex
959 5804 1137 5863 Leone
1159 5804 1392 5877 scylitza
1423 5805 1703 5861 transtulit
1734 5805 1785 5861 in

210 5875 491 5928 his'oriam
523 5890 632 5928 ms.

248 5879 491 5936 ieioriam
523 5890 632 5932 ms.

1970 5237 2085 5306 (l6)
2138 5234 2420 5306 Cedrenus
2463 5228 2762 5306 Histor._ll.
2817 5226 2945 5306 (ὅθ-ξ.
3002 5225 3061 5306 Βἒ
3115 5224 3301 5306 ἄπεισι
3364 5218 3489 5306 μετῖ

1896 5296 2105 5380 ὀλίῖγων
2162 5308 2191 5359 ὀ
2224 5305 2506 5380 βασιλεὺς-
2526 5304 2608 5365 εξς
2631 5299 2731 5380 τῂν
2761 5298 3005 5380 μεγάλη-ν
3026 5296 3366 5380 ἐκκλησίαν,
3392 5296 3493 5350 uh'r

1900 5366 2193 5450 Xylander,
2220 5366 2379 5450 secus
2418 5366 2633 5442 opinor,
2674 5366 2868 5440 legisse
2895 5366 3108 5449 videtur
3131 5367 3250 5450 μετ’
3272 5366 3492 5447 Οὐλίγον.

1896 5438 2023 5503 nam
2056 5438 2219 5503 vertit
2253 5447 2412 5516 paulo
2440 5438 2553 5513 post
2607 5457 2704 5512 pro
2734 5438 2883 5491 'cum
2928 5439 3109 5507 paucis
3151 5455 3168 5492 :
3201 5438 3487 5505 deinceps.

1895 5519 1958 5580 C.
1994 5521 2088 5574 lin.
2122 5519 2175 5574 5.
2209 5515 2500 5573 manifesto
2530 5513 2732 5569 mendo
2764 5510 2969 5565 editum
3028 5520 3112 5564 est
3146 5507 3482 5575 άπολογισα-

1946 5562 1958 5574 .
1994 5527 2088 5574 lin.
2122 5527 2175 5574 5.
2209 5527 2500 5573 manifesto
2530 5527 2732 5569 mendo
2764 5527 2969 5565 cauum
3028 5527 3112 5564 εει
3146 5527 3482 5574 anulumqu-

1898 5593 2062 5663 μένου
2102 5604 2200 5657 pro
2246 5588 2550 5655 ἀπολογησ.
3156 5649 3167 5661 _
3456 5648 3467 5660 .

1902 5731 1918 5734 Α
1948 5658 2470 5734 (17)-[ηαΗςᾱετὶςί
2499 5654 2723 5734 _l_.e_xieo
2791 5650 3030 5734 manuali
3082 5648 3473 5734 editaErn‘esti

1897 5720 2329 5803 Ιιίρεί1768ζ-8.Δ
2353 5729 2464 5803 col.
2493 5727 2648 5803 l37l.
2677 5720 3160 5803 isngenitivusveds
3191 5720 3480 5803 scribitur,

1896 5787 2201 5928 Βξὶρὲταιιι.
2232 5799 2368 5859 Vide
2420 5796 2685 5856 Maittaire
2724 5787 2800 5850 D'c
2852 5793 3098 5850 dialectis
3153 5790 3239 5847 ed.
3294 5787 3481 5845 Sturs.
