  <div class='ocr_page' id='page_1' title='image "/cluster/home/n/w/nwhite01/storage/ocr_20150623/117/nnc1.0046980202/411.png"; bbox 0 0 4184 6524; ppageno 0'>
   <div class='ocr_carea' id='block_1_1' title="bbox 725 479 831 541">
    <p class='ocr_par' dir='ltr' id='par_1_1' title="bbox 725 479 831 541">
     <span class='ocr_line' id='line_1_1' title="bbox 725 479 831 541; baseline 0.019 -3"><span class='ocrx_word' id='word_1_1' title='bbox 725 479 831 541; x_wconf 78' lang='lat'><strong>803</strong></span> 
     </span>
    </p>
   </div>
   <div class='ocr_carea' id='block_1_2' title="bbox 2050 471 2671 534">
    <p class='ocr_par' dir='ltr' id='par_1_2' title="bbox 2050 471 2671 534">
     <span class='ocr_line' id='line_1_2' title="bbox 2050 471 2671 534; baseline -0.003 0"><span class='ocrx_word' id='word_1_2' title='bbox 2050 474 2325 534; x_wconf 71' lang='lat' dir='ltr'>LEONIS</span> <span class='ocrx_word' id='word_1_3' title='bbox 2357 471 2671 534; x_wconf 67' lang='lat' dir='ltr'><strong>DIACONI</strong></span> 
     </span>
    </p>
   </div>
   <div class='ocr_carea' id='block_1_3' title="bbox 3894 465 4003 529">
    <p class='ocr_par' dir='ltr' id='par_1_3' title="bbox 3894 465 4003 529">
     <span class='ocr_line' id='line_1_3' title="bbox 3894 465 4003 529; baseline -0.037 0"><span class='ocrx_word' id='word_1_4' title='bbox 3894 465 4003 529; x_wconf 65' lang='lat' dir='ltr'><strong>sas</strong></span> 
     </span>
    </p>
   </div>
   <div class='ocr_carea' id='block_1_4' title="bbox 723 580 2328 655">
    <p class='ocr_par' dir='ltr' id='par_1_4' title="bbox 723 582 2319 655">
     <span class='ocr_line' id='line_1_4' title="bbox 723 582 2319 655; baseline -0.003 -12"><span class='ocrx_word' id='word_1_5' title='bbox 723 589 1043 654; x_wconf 77' lang='lat' dir='ltr'><strong>accedens,</strong></span> <span class='ocrx_word' id='word_1_6' title='bbox 1105 599 1301 641; x_wconf 81' lang='lat' dir='ltr'><strong>aurum</strong></span> <span class='ocrx_word' id='word_1_7' title='bbox 1357 584 1659 655; x_wconf 79' lang='lat' dir='ltr'><strong>erogabat,</strong></span> <span class='ocrx_word' id='word_1_8' title='bbox 1717 583 2077 654; x_wconf 90' lang='lat' dir='ltr'><strong>ulcerosaque</strong></span> <span class='ocrx_word' id='word_1_9' title='bbox 2151 582 2319 654; x_wconf 87' lang='lat' dir='ltr'><strong>atque</strong></span> 
     </span>
    </p>
   </div>
   <div class='ocr_carea' id='block_1_5' title="bbox 2434 580 4009 655">
    <p class='ocr_par' dir='ltr' id='par_1_5' title="bbox 2434 580 4009 653">
     <span class='ocr_line' id='line_1_5' title="bbox 2434 580 4009 653; baseline -0.001 -17"><span class='ocrx_word' id='word_1_10' title='bbox 2434 583 2662 653; x_wconf 81' lang='grc' dir='ltr'>Ξιριθμὺν</span> <span class='ocrx_word' id='word_1_11' title='bbox 2716 581 3187 648; x_wconf 77' lang='grc' dir='ltr'>πολυτιλασιάσας,</span> <span class='ocrx_word' id='word_1_12' title='bbox 3244 581 3410 635; x_wconf 85' lang='grc' dir='ltr'>ἀνιών</span> <span class='ocrx_word' id='word_1_13' title='bbox 3445 598 3505 634; x_wconf 89' lang='grc' dir='ltr'><strong>τε</strong></span> <span class='ocrx_word' id='word_1_14' title='bbox 3542 583 3634 635; x_wconf 69' lang='grc' dir='ltr'><strong>καὶ</strong></span> <span class='ocrx_word' id='word_1_15' title='bbox 3684 583 3759 645; x_wconf 84' lang='grc' dir='ltr'>ὡς</span> <span class='ocrx_word' id='word_1_16' title='bbox 3805 580 4009 642; x_wconf 75' lang='grc' dir='ltr'>αὐτοὺς</span> 
     </span>
    </p>
   </div>
   <div class='ocr_carea' id='block_1_6' title="bbox 723 676 2306 748">
    <p class='ocr_par' dir='ltr' id='par_1_6' title="bbox 723 676 2306 748">
     <span class='ocr_line' id='line_1_6' title="bbox 723 676 2306 748; baseline -0.003 -12"><span class='ocrx_word' id='word_1_17' title='bbox 723 683 919 738; x_wconf 88' lang='lat' dir='ltr'><strong>morbo</strong></span> <span class='ocrx_word' id='word_1_18' title='bbox 962 679 1210 736; x_wconf 75' lang='lat' dir='ltr'><strong>confecta</strong></span> <span class='ocrx_word' id='word_1_19' title='bbox 1259 694 1451 734; x_wconf 88' lang='lat' dir='ltr'><strong>eorum</strong></span> <span class='ocrx_word' id='word_1_20' title='bbox 1507 678 1753 733; x_wconf 82' lang='lat' dir='ltr'><strong>membra</strong></span> <span class='ocrx_word' id='word_1_21' title='bbox 1789 676 1992 744; x_wconf 82' lang='lat' dir='ltr'><strong>fovere,</strong></span> <span class='ocrx_word' id='word_1_22' title='bbox 2033 687 2306 748; x_wconf 89' lang='lat' dir='ltr'><strong>quatenus</strong></span> 
     </span>
    </p>
   </div>
   <div class='ocr_carea' id='block_1_7' title="bbox 727 767 2309 840">
    <p class='ocr_par' dir='ltr' id='par_1_7' title="bbox 727 767 2309 840">
     <span class='ocr_line' id='line_1_7' title="bbox 727 767 2309 840; baseline -0.003 -13"><span class='ocrx_word' id='word_1_23' title='bbox 727 775 941 836; x_wconf 78' lang='lat' dir='ltr'><strong>licebat,</strong></span> <span class='ocrx_word' id='word_1_24' title='bbox 972 788 1079 826; x_wconf 92' lang='lat' dir='ltr'><strong>non</strong></span> <span class='ocrx_word' id='word_1_25' title='bbox 1125 772 1451 838; x_wconf 87' lang='lat' dir='ltr'><strong>recusabat;</strong></span> <span class='ocrx_word' id='word_1_26' title='bbox 1482 769 1646 840; x_wconf 88' lang='lat' dir='ltr'><strong>idque</strong></span> <span class='ocrx_word' id='word_1_27' title='bbox 1677 785 1801 824; x_wconf 89' lang='lat' dir='ltr'><strong>cum</strong></span> <span class='ocrx_word' id='word_1_28' title='bbox 1838 769 2075 824; x_wconf 80' lang='lat' dir='ltr'><strong>maxime</strong></span> <span class='ocrx_word' id='word_1_29' title='bbox 2106 767 2309 824; x_wconf 82' lang='lat' dir='ltr'><strong>delica-</strong></span> 
     </span>
    </p>
   </div>
   <div class='ocr_carea' id='block_1_8' title="bbox 727 862 2310 934">
    <p class='ocr_par' dir='ltr' id='par_1_8' title="bbox 727 862 2310 934">
     <span class='ocr_line' id='line_1_8' title="bbox 727 862 2310 934; baseline -0.003 -15"><span class='ocrx_word' id='word_1_30' title='bbox 727 877 835 931; x_wconf 86' lang='lat' dir='ltr'><strong>tus,</strong></span> <span class='ocrx_word' id='word_1_31' title='bbox 870 866 1162 934; x_wconf 88' lang='lat' dir='ltr'><strong>lautusque</strong></span> <span class='ocrx_word' id='word_1_32' title='bbox 1190 866 1514 934; x_wconf 77' lang='lat' dir='ltr'><strong>cumprimis</strong></span> <span class='ocrx_word' id='word_1_33' title='bbox 1540 871 1707 918; x_wconf 88' lang='lat' dir='ltr'><strong>esset.</strong></span> <span class='ocrx_word' id='word_1_34' title='bbox 1729 862 1902 918; x_wconf 91' lang='lat' dir='ltr'><strong>Tanta</strong></span> <span class='ocrx_word' id='word_1_35' title='bbox 1923 864 2181 917; x_wconf 85' lang='lat' dir='ltr'><strong>nimirum</strong></span> <span class='ocrx_word' id='word_1_36' title='bbox 2205 863 2310 915; x_wconf 89' lang='lat' dir='ltr'><strong>mi-</strong></span> 
     </span>
    </p>
   </div>
   <div class='ocr_carea' id='block_1_9' title="bbox 726 954 2310 1025">
    <p class='ocr_par' dir='ltr' id='par_1_9' title="bbox 726 954 2310 1025">
     <span class='ocr_line' id='line_1_9' title="bbox 726 954 2310 1025; baseline -0.002 -15"><span class='ocrx_word' id='word_1_37' title='bbox 726 957 1001 1011; x_wconf 89' lang='lat' dir='ltr'><strong>seratione</strong></span> <span class='ocrx_word' id='word_1_38' title='bbox 1034 955 1362 1020; x_wconf 80' lang='lat' dir='ltr'><strong>ducebatur,</strong></span> <span class='ocrx_word' id='word_1_39' title='bbox 1396 955 1776 1025; x_wconf 86' lang='lat' dir='ltr'><strong>laborantique</strong></span> <span class='ocrx_word' id='word_1_40' title='bbox 1817 964 2025 1009; x_wconf 68' lang='lat' dir='ltr'><strong>natura:</strong></span> <span class='ocrx_word' id='word_1_41' title='bbox 2051 954 2310 1009; x_wconf 84' lang='lat' dir='ltr'><strong>condole-</strong></span> 
     </span>
    </p>
   </div>
   <div class='ocr_carea' id='block_1_10' title="bbox 729 1049 2310 1120">
    <p class='ocr_par' dir='ltr' id='par_1_10' title="bbox 729 1049 2310 1120">
     <span class='ocr_line' id='line_1_10' title="bbox 729 1049 2310 1120; baseline 0.002 -20"><span class='ocrx_word' id='word_1_42' title='bbox 729 1051 838 1113; x_wconf 86' lang='lat' dir='ltr'><strong>hat,</strong></span> <span class='ocrx_word' id='word_1_43' title='bbox 864 1052 908 1104; x_wconf 89' lang='lat' dir='ltr'><strong>si</strong></span> <span class='ocrx_word' id='word_1_44' title='bbox 929 1051 1150 1120; x_wconf 81' lang='lat' dir='ltr'><strong>quando</strong></span> <span class='ocrx_word' id='word_1_45' title='bbox 1183 1051 1288 1103; x_wconf 88' lang='lat' dir='ltr'><strong>illis</strong></span> <span class='ocrx_word' id='word_1_46' title='bbox 1304 1057 1636 1114; x_wconf 82' lang='lat' dir='ltr'><strong>occurreret,</strong></span> <span class='ocrx_word' id='word_1_47' title='bbox 1663 1049 2233 1118; x_wconf 79' lang='lat' dir='ltr'><strong>majestatemimperii</strong></span> <span class='ocrx_word' id='word_1_48' title='bbox 2255 1058 2310 1103; x_wconf 88' lang='lat' dir='ltr'><strong>et</strong></span> 
     </span>
    </p>
   </div>
   <div class='ocr_carea' id='block_1_11' title="bbox 728 1137 2314 1208">
    <p class='ocr_par' dir='ltr' id='par_1_11' title="bbox 728 1137 2314 1208">
     <span class='ocr_line' id='line_1_11' title="bbox 728 1137 2314 1208; baseline 0.001 -17"><span class='ocrx_word' id='word_1_49' title='bbox 728 1137 930 1192; x_wconf 80' lang='lat' dir='ltr'><strong>fastum</strong></span> <span class='ocrx_word' id='word_1_50' title='bbox 965 1154 1218 1208; x_wconf 74' lang='lat' dir='ltr'><strong>purpura:</strong></span> <span class='ocrx_word' id='word_1_51' title='bbox 1244 1137 1396 1192; x_wconf 83' lang='lat' dir='ltr'><strong>ﬂocci</strong></span> <span class='ocrx_word' id='word_1_52' title='bbox 1420 1138 1682 1207; x_wconf 89' lang='lat' dir='ltr'><strong>pendens.</strong></span> <span class='ocrx_word' id='word_1_53' title='bbox 1712 1137 2062 1208; x_wconf 76' lang='lat' dir='ltr'><strong>Vectigalium</strong></span> <span class='ocrx_word' id='word_1_54' title='bbox 2094 1153 2314 1208; x_wconf 90' lang='lat' dir='ltr'><strong>quoque</strong></span> 
     </span>
    </p>
   </div>
   <div class='ocr_carea' id='block_1_12' title="bbox 731 1230 2314 1286">
    <p class='ocr_par' dir='ltr' id='par_1_12' title="bbox 731 1230 2314 1286">
     <span class='ocr_line' id='line_1_12' title="bbox 731 1230 2314 1286; baseline 0.003 -5"><span class='ocrx_word' id='word_1_55' title='bbox 731 1231 1131 1283; x_wconf 89' lang='lat' dir='ltr'><strong>immunitatem</strong></span> <span class='ocrx_word' id='word_1_56' title='bbox 1199 1230 1587 1284; x_wconf 80' lang='lat' dir='ltr'><strong>Armeniorum</strong></span> <span class='ocrx_word' id='word_1_57' title='bbox 1654 1230 1879 1285; x_wconf 89' lang='lat' dir='ltr'><strong>themati</strong></span> <span class='ocrx_word' id='word_1_58' title='bbox 1943 1231 2093 1286; x_wconf 88' lang='lat' dir='ltr'><strong>dedit</strong></span> <span class='ocrx_word' id='word_1_59' title='bbox 2139 1249 2150 1282; x_wconf 89' lang='lat'><strong>:</strong></span> <span class='ocrx_word' id='word_1_60' title='bbox 2190 1231 2314 1285; x_wconf 91' lang='lat' dir='ltr'><strong>inde</strong></span> 
     </span>
    </p>
   </div>
   <div class='ocr_carea' id='block_1_13' title="bbox 725 1321 2306 1393">
    <p class='ocr_par' dir='ltr' id='par_1_13' title="bbox 725 1321 2306 1393">
     <span class='ocr_line' id='line_1_13' title="bbox 725 1321 2306 1393; baseline 0.002 -20"><span class='ocrx_word' id='word_1_61' title='bbox 725 1323 871 1375; x_wconf 74' lang='lat' dir='ltr'><strong>enim</strong></span> <span class='ocrx_word' id='word_1_62' title='bbox 913 1322 1183 1376; x_wconf 85' lang='lat' dir='ltr'><strong>oriundus</strong></span> <span class='ocrx_word' id='word_1_63' title='bbox 1220 1330 1362 1376; x_wconf 88' lang='lat' dir='ltr'><strong>erat.</strong></span> <span class='ocrx_word' id='word_1_64' title='bbox 1395 1321 1646 1391; x_wconf 81' lang='lat' dir='ltr'><strong>Cumque</strong></span> <span class='ocrx_word' id='word_1_65' title='bbox 1685 1337 1817 1392; x_wconf 80' lang='lat' dir='ltr'><strong>roga</strong></span> <span class='ocrx_word' id='word_1_66' title='bbox 1857 1323 2110 1384; x_wconf 87' lang='lat' dir='ltr'><strong>instaret.</strong></span> <span class='ocrx_word' id='word_1_67' title='bbox 2143 1339 2306 1393; x_wconf 91' lang='lat' dir='ltr'><strong>quam</strong></span> 
     </span>
    </p>
   </div>
   <div class='ocr_carea' id='block_1_14' title="bbox 733 1413 2313 1484">
    <p class='ocr_par' dir='ltr' id='par_1_14' title="bbox 733 1413 2313 1484">
     <span class='ocr_line' id='line_1_14' title="bbox 733 1413 2313 1484; baseline 0.002 -19"><span class='ocrx_word' id='word_1_68' title='bbox 733 1423 956 1466; x_wconf 79' lang='lat' dir='ltr'><strong>senatus</strong></span> <span class='ocrx_word' id='word_1_69' title='bbox 986 1427 1049 1466; x_wconf 91' lang='lat' dir='ltr'><strong>ac</strong></span> <span class='ocrx_word' id='word_1_70' title='bbox 1082 1413 1395 1482; x_wconf 69' lang='lat' dir='ltr'><strong>reipublica:</strong></span> <span class='ocrx_word' id='word_1_71' title='bbox 1433 1413 1644 1468; x_wconf 89' lang='lat' dir='ltr'><strong>nobiles</strong></span> <span class='ocrx_word' id='word_1_72' title='bbox 1681 1429 2046 1484; x_wconf 88' lang='lat' dir='ltr'><strong>proceresque</strong></span> <span class='ocrx_word' id='word_1_73' title='bbox 2095 1431 2158 1468; x_wconf 79' lang='lat' dir='ltr'><strong>ex</strong></span> <span class='ocrx_word' id='word_1_74' title='bbox 2210 1416 2313 1468; x_wconf 92' lang='lat' dir='ltr'><strong>im-</strong></span> 
     </span>
    </p>
   </div>
   <div class='ocr_carea' id='block_1_15' title="bbox 729 1505 2316 1577">
    <p class='ocr_par' dir='ltr' id='par_1_15' title="bbox 729 1505 2316 1577">
     <span class='ocr_line' id='line_1_15' title="bbox 729 1505 2316 1577; baseline 0.004 -23"><span class='ocrx_word' id='word_1_75' title='bbox 729 1505 1002 1573; x_wconf 77' lang='lat' dir='ltr'><strong>peratoris</strong></span> <span class='ocrx_word' id='word_1_76' title='bbox 1051 1521 1214 1560; x_wconf 91' lang='lat' dir='ltr'><strong>manu</strong></span> <span class='ocrx_word' id='word_1_77' title='bbox 1253 1515 1532 1574; x_wconf 88' lang='lat' dir='ltr'><strong>reportare</strong></span> <span class='ocrx_word' id='word_1_78' title='bbox 1571 1507 1781 1572; x_wconf 87' lang='lat' dir='ltr'><strong>solent,</strong></span> <span class='ocrx_word' id='word_1_79' title='bbox 1814 1509 2072 1561; x_wconf 89' lang='lat' dir='ltr'><strong>omnibus</strong></span> <span class='ocrx_word' id='word_1_80' title='bbox 2099 1509 2188 1577; x_wconf 94' lang='lat' dir='ltr'><strong>qui</strong></span> <span class='ocrx_word' id='word_1_81' title='bbox 2225 1507 2316 1561; x_wconf 90' lang='lat' dir='ltr'><strong>illa</strong></span> 
     </span>
    </p>
   </div>
   <div class='ocr_carea' id='block_1_16' title="bbox 729 1596 2316 1669">
    <p class='ocr_par' dir='ltr' id='par_1_16' title="bbox 729 1596 2316 1669">
     <span class='ocr_line' id='line_1_16' title="bbox 729 1596 2316 1669; baseline 0.003 -20"><span class='ocrx_word' id='word_1_82' title='bbox 729 1597 1018 1667; x_wconf 81' lang='lat' dir='ltr'><strong>largitione</strong></span> <span class='ocrx_word' id='word_1_83' title='bbox 1049 1596 1442 1667; x_wconf 79' lang='lat' dir='ltr'><strong>dignabantur,</strong></span> <span class='ocrx_word' id='word_1_84' title='bbox 1472 1607 1667 1666; x_wconf 87' lang='lat' dir='ltr'><strong>sponte</strong></span> <span class='ocrx_word' id='word_1_85' title='bbox 1702 1615 1890 1669; x_wconf 78' lang='lat' dir='ltr'><strong>regam</strong></span> <span class='ocrx_word' id='word_1_86' title='bbox 1925 1601 2098 1662; x_wconf 81' lang='lat' dir='ltr'><strong>auxit,</strong></span> <span class='ocrx_word' id='word_1_87' title='bbox 2131 1600 2316 1654; x_wconf 84' lang='lat' dir='ltr'><strong>animo</strong></span> 
     </span>
    </p>
   </div>
   <div class='ocr_carea' id='block_1_17' title="bbox 729 1690 1867 1759">
    <p class='ocr_par' dir='ltr' id='par_1_17' title="bbox 729 1690 1867 1759">
     <span class='ocr_line' id='line_1_17' title="bbox 729 1690 1867 1759; baseline 0 -15"><span class='ocrx_word' id='word_1_88' title='bbox 729 1692 913 1759; x_wconf 69' lang='lat' dir='ltr'><strong>gloria:</strong></span> <span class='ocrx_word' id='word_1_89' title='bbox 948 1699 1004 1745; x_wconf 92' lang='lat' dir='ltr'><strong>et</strong></span> <span class='ocrx_word' id='word_1_90' title='bbox 1041 1690 1258 1745; x_wconf 79' lang='lat' dir='ltr'><strong>virtutis</strong></span> <span class='ocrx_word' id='word_1_91' title='bbox 1297 1691 1548 1745; x_wconf 88' lang='lat' dir='ltr'><strong>studioso</strong></span> <span class='ocrx_word' id='word_1_92' title='bbox 1588 1691 1867 1746; x_wconf 82' lang='lat' dir='ltr'><strong>inductus.</strong></span> 
     </span>
    </p>
   </div>
   <div class='ocr_carea' id='block_1_18' title="bbox 802 1939 2393 2028">
    <p class='ocr_par' dir='ltr' id='par_1_18' title="bbox 802 1939 2393 2028">
     <span class='ocr_line' id='line_1_18' title="bbox 802 1939 2393 2028; baseline 0.007 -22"><span class='ocrx_word' id='word_1_93' title='bbox 802 1951 856 2006; x_wconf 90' lang='lat'><strong>6.</strong></span> <span class='ocrx_word' id='word_1_94' title='bbox 890 1952 1178 2008; x_wconf 85' lang='lat' dir='ltr'><strong>Antiochia</strong></span> <span class='ocrx_word' id='word_1_95' title='bbox 1205 1969 1396 2022; x_wconf 75' lang='lat' dir='ltr'><strong>magna</strong></span> <span class='ocrx_word' id='word_1_96' title='bbox 1424 1955 1489 2008; x_wconf 82' lang='lat' dir='ltr'><strong>ad</strong></span> <span class='ocrx_word' id='word_1_97' title='bbox 1509 1953 1769 2010; x_wconf 87' lang='lat' dir='ltr'><strong>Orontem</strong></span> <span class='ocrx_word' id='word_1_98' title='bbox 1811 1974 1838 2009; x_wconf 75' lang='grc' dir='ltr'><strong>ιι</strong></span> <span class='ocrx_word' id='word_1_99' title='bbox 1863 1956 2172 2028; x_wconf 84' lang='lat' dir='ltr'><strong>Nicephoro</strong></span> <span class='ocrx_word' id='word_1_100' title='bbox 2210 1961 2321 2016; x_wconf 82' lang='lat' dir='ltr'><strong>Au-</strong></span> <span class='ocrx_word' id='word_1_101' title='bbox 2353 1939 2393 1992; x_wconf 72' lang='grc' dir='ltr'><strong>Β</strong></span> 
     </span>
    </p>
   </div>
   <div class='ocr_carea' id='block_1_19' title="bbox 732 2047 2321 2124">
    <p class='ocr_par' dir='ltr' id='par_1_19' title="bbox 732 2047 2321 2124">
     <span class='ocr_line' id='line_1_19' title="bbox 732 2047 2321 2124; baseline 0.009 -30"><span class='ocrx_word' id='word_1_102' title='bbox 732 2054 890 2111; x_wconf 80' lang='lat' dir='ltr'><strong>gusto</strong></span> <span class='ocrx_word' id='word_1_103' title='bbox 907 2055 1061 2115; x_wconf 84' lang='lat' dir='ltr'><strong>capta</strong></span> <span class='ocrx_word' id='word_1_104' title='bbox 1080 2059 1204 2098; x_wconf 90' lang='lat' dir='ltr'><strong>cum</strong></span> <span class='ocrx_word' id='word_1_105' title='bbox 1223 2057 1365 2099; x_wconf 88' lang='lat' dir='ltr'><strong>esset</strong></span> <span class='ocrx_word' id='word_1_106' title='bbox 1380 2047 1621 2101; x_wconf 90' lang='lat' dir='ltr'><strong>antistite</strong></span> <span class='ocrx_word' id='word_1_107' title='bbox 1635 2063 1918 2103; x_wconf 89' lang='lat' dir='ltr'><strong>sacrorum</strong></span> <span class='ocrx_word' id='word_1_108' title='bbox 1933 2052 2150 2105; x_wconf 79' lang='lat' dir='ltr'><strong>viduata</strong></span> <span class='ocrx_word' id='word_1_109' title='bbox 2173 2054 2321 2124; x_wconf 89' lang='lat' dir='ltr'><strong>(nam</strong></span> 
     </span>
    </p>
   </div>
   <div class='ocr_carea' id='block_1_20' title="bbox 734 2136 2315 2203">
    <p class='ocr_par' dir='ltr' id='par_1_20' title="bbox 734 2136 2315 2203">
     <span class='ocr_line' id='line_1_20' title="bbox 734 2136 2315 2203; baseline 0.006 -15"><span class='ocrx_word' id='word_1_110' title='bbox 734 2136 824 2203; x_wconf 84' lang='lat' dir='ltr'><strong>qui</strong></span> <span class='ocrx_word' id='word_1_111' title='bbox 867 2149 992 2191; x_wconf 87' lang='lat' dir='ltr'><strong>ante</strong></span> <span class='ocrx_word' id='word_1_112' title='bbox 1031 2137 1083 2190; x_wconf 92' lang='lat' dir='ltr'><strong>in</strong></span> <span class='ocrx_word' id='word_1_113' title='bbox 1120 2153 1182 2191; x_wconf 89' lang='lat' dir='ltr'><strong>ea</strong></span> <span class='ocrx_word' id='word_1_114' title='bbox 1218 2138 1533 2192; x_wconf 89' lang='lat' dir='ltr'><strong>dominatus</strong></span> <span class='ocrx_word' id='word_1_115' title='bbox 1570 2150 1684 2191; x_wconf 81' lang='lat' dir='ltr'><strong>erat</strong></span> <span class='ocrx_word' id='word_1_116' title='bbox 1722 2141 2033 2198; x_wconf 85' lang='lat' dir='ltr'><strong>Saracenus</strong></span> <span class='ocrx_word' id='word_1_117' title='bbox 2063 2143 2315 2200; x_wconf 85' lang='lat' dir='ltr'><strong>Christo-</strong></span> 
     </span>
    </p>
   </div>
   <div class='ocr_carea' id='block_1_21' title="bbox 736 2229 2326 2299">
    <p class='ocr_par' dir='ltr' id='par_1_21' title="bbox 736 2229 2326 2299">
     <span class='ocr_line' id='line_1_21' title="bbox 736 2229 2326 2299; baseline 0.009 -21"><span class='ocrx_word' id='word_1_118' title='bbox 736 2230 967 2296; x_wconf 75' lang='lat' dir='ltr'><strong>phorum</strong></span> <span class='ocrx_word' id='word_1_119' title='bbox 999 2229 1366 2296; x_wconf 83' lang='lat' dir='ltr'><strong>patriarcham</strong></span> <span class='ocrx_word' id='word_1_120' title='bbox 1390 2271 1402 2295; x_wconf 90' lang='lat'><strong>,</strong></span> <span class='ocrx_word' id='word_1_121' title='bbox 1440 2233 1800 2299; x_wconf 81' lang='lat' dir='ltr'><strong>apostolicum</strong></span> <span class='ocrx_word' id='word_1_122' title='bbox 1837 2249 1901 2287; x_wconf 85' lang='lat' dir='ltr'><strong>ac</strong></span> <span class='ocrx_word' id='word_1_123' title='bbox 1957 2235 2203 2291; x_wconf 82' lang='lat' dir='ltr'><strong>divinum</strong></span> <span class='ocrx_word' id='word_1_124' title='bbox 2245 2238 2326 2292; x_wconf 79' lang='lat' dir='ltr'><strong>vi-</strong></span> 
     </span>
    </p>
   </div>
   <div class='ocr_carea' id='block_1_22' title="bbox 737 2322 2323 2392">
    <p class='ocr_par' dir='ltr' id='par_1_22' title="bbox 737 2322 2323 2392">
     <span class='ocr_line' id='line_1_22' title="bbox 737 2322 2323 2392; baseline 0.008 -20"><span class='ocrx_word' id='word_1_125' title='bbox 737 2338 885 2386; x_wconf 90' lang='lat' dir='ltr'><strong>rum,</strong></span> <span class='ocrx_word' id='word_1_126' title='bbox 920 2322 1028 2389; x_wconf 76' lang='lat' dir='ltr'><strong>pilo</strong></span> <span class='ocrx_word' id='word_1_127' title='bbox 1086 2338 1180 2388; x_wconf 86' lang='lat' dir='ltr'><strong>per</strong></span> <span class='ocrx_word' id='word_1_128' title='bbox 1214 2331 1404 2390; x_wconf 89' lang='lat' dir='ltr'><strong>pectus</strong></span> <span class='ocrx_word' id='word_1_129' title='bbox 1458 2325 1652 2378; x_wconf 81' lang='lat' dir='ltr'><strong>adacto</strong></span> <span class='ocrx_word' id='word_1_130' title='bbox 1700 2325 2069 2392; x_wconf 82' lang='lat' dir='ltr'><strong>interfecerat,</strong></span> <span class='ocrx_word' id='word_1_131' title='bbox 2105 2329 2323 2385; x_wconf 90' lang='lat' dir='ltr'><strong>crimini</strong></span> 
     </span>
    </p>
   </div>
   <div class='ocr_carea' id='block_1_23' title="bbox 736 2413 2326 2489">
    <p class='ocr_par' dir='ltr' id='par_1_23' title="bbox 736 2413 2326 2489">
     <span class='ocr_line' id='line_1_23' title="bbox 736 2413 2326 2489; baseline 0.008 -25"><span class='ocrx_word' id='word_1_132' title='bbox 736 2415 782 2465; x_wconf 70' lang='lat' dir='ltr'><strong>ei</strong></span> <span class='ocrx_word' id='word_1_133' title='bbox 826 2413 964 2468; x_wconf 84' lang='lat' dir='ltr'><strong>dans</strong></span> <span class='ocrx_word' id='word_1_134' title='bbox 996 2414 1252 2483; x_wconf 87' lang='lat' dir='ltr'><strong>pietatem</strong></span> <span class='ocrx_word' id='word_1_135' title='bbox 1309 2417 1359 2468; x_wconf 88' lang='lat' dir='ltr'><strong>in</strong></span> <span class='ocrx_word' id='word_1_136' title='bbox 1406 2415 1751 2471; x_wconf 77' lang='lat' dir='ltr'><strong>Serratorem</strong></span> <span class='ocrx_word' id='word_1_137' title='bbox 1803 2418 2151 2489; x_wconf 82' lang='lat' dir='ltr'><strong>Christum),</strong></span> <span class='ocrx_word' id='word_1_138' title='bbox 2181 2423 2326 2478; x_wconf 86' lang='lat' dir='ltr'><strong>illius</strong></span> 
     </span>
    </p>
   </div>
   <div class='ocr_carea' id='block_1_24' title="bbox 739 2507 2327 2582">
    <p class='ocr_par' dir='ltr' id='par_1_24' title="bbox 739 2507 2327 2582">
     <span class='ocr_line' id='line_1_24' title="bbox 739 2507 2327 2582; baseline 0.005 -22"><span class='ocrx_word' id='word_1_139' title='bbox 739 2507 998 2577; x_wconf 81' lang='lat' dir='ltr'><strong>conjugio</strong></span> <span class='ocrx_word' id='word_1_140' title='bbox 1061 2508 1349 2562; x_wconf 87' lang='lat' dir='ltr'><strong>consulere</strong></span> <span class='ocrx_word' id='word_1_141' title='bbox 1409 2509 1672 2577; x_wconf 86' lang='lat' dir='ltr'><strong>cupiens,</strong></span> <span class='ocrx_word' id='word_1_142' title='bbox 1724 2508 1966 2567; x_wconf 81' lang='lat' dir='ltr'><strong>Joannes</strong></span> <span class='ocrx_word' id='word_1_143' title='bbox 2031 2513 2327 2582; x_wconf 85' lang='lat' dir='ltr'><strong>imperator</strong></span> 
     </span>
    </p>
   </div>
   <div class='ocr_carea' id='block_1_25' title="bbox 737 2601 2330 2677">
    <p class='ocr_par' dir='ltr' id='par_1_25' title="bbox 737 2601 2330 2677">
     <span class='ocr_line' id='line_1_25' title="bbox 737 2601 2330 2677; baseline 0.006 -26"><span class='ocrx_word' id='word_1_144' title='bbox 737 2616 937 2670; x_wconf 75' lang='lat' dir='ltr'><strong>magno</strong></span> <span class='ocrx_word' id='word_1_145' title='bbox 968 2601 1146 2655; x_wconf 87' lang='lat' dir='ltr'><strong>studio</strong></span> <span class='ocrx_word' id='word_1_146' title='bbox 1179 2602 1245 2654; x_wconf 89' lang='lat' dir='ltr'><strong>ad</strong></span> <span class='ocrx_word' id='word_1_147' title='bbox 1275 2602 1326 2655; x_wconf 87' lang='lat' dir='ltr'><strong>id</strong></span> <span class='ocrx_word' id='word_1_148' title='bbox 1360 2603 1729 2668; x_wconf 89' lang='lat' dir='ltr'><strong>incumbebat,</strong></span> <span class='ocrx_word' id='word_1_149' title='bbox 1757 2615 1814 2658; x_wconf 95' lang='lat' dir='ltr'><strong>ut</strong></span> <span class='ocrx_word' id='word_1_150' title='bbox 1841 2605 2078 2674; x_wconf 83' lang='lat' dir='ltr'><strong>aliquem</strong></span> <span class='ocrx_word' id='word_1_151' title='bbox 2107 2608 2330 2677; x_wconf 83' lang='lat' dir='ltr'><strong>amplis-</strong></span> 
     </span>
    </p>
   </div>
   <div class='ocr_carea' id='block_1_26' title="bbox 737 2690 2321 2761">
    <p class='ocr_par' dir='ltr' id='par_1_26' title="bbox 737 2690 2321 2761">
     <span class='ocr_line' id='line_1_26' title="bbox 737 2690 2321 2761; baseline 0.008 -20"><span class='ocrx_word' id='word_1_152' title='bbox 737 2691 879 2742; x_wconf 69' lang='lat' dir='ltr'><strong>simo</strong></span> <span class='ocrx_word' id='word_1_153' title='bbox 922 2690 1049 2743; x_wconf 87' lang='lat' dir='ltr'><strong>huic</strong></span> <span class='ocrx_word' id='word_1_154' title='bbox 1083 2691 1393 2744; x_wconf 87' lang='lat' dir='ltr'><strong>sacerdotio</strong></span> <span class='ocrx_word' id='word_1_155' title='bbox 1426 2691 1650 2761; x_wconf 83' lang='lat' dir='ltr'><strong>dignum</strong></span> <span class='ocrx_word' id='word_1_156' title='bbox 1687 2693 1978 2748; x_wconf 87' lang='lat' dir='ltr'><strong>inveniret.</strong></span> <span class='ocrx_word' id='word_1_157' title='bbox 2012 2695 2130 2760; x_wconf 86' lang='lat' dir='ltr'><strong>Qua</strong></span> <span class='ocrx_word' id='word_1_158' title='bbox 2163 2698 2228 2751; x_wconf 90' lang='lat' dir='ltr'><strong>de</strong></span> <span class='ocrx_word' id='word_1_159' title='bbox 2264 2713 2321 2753; x_wconf 90' lang='lat' dir='ltr'><strong>re</strong></span> 
     </span>
    </p>
   </div>
   <div class='ocr_carea' id='block_1_27' title="bbox 739 2783 2326 2854">
    <p class='ocr_par' dir='ltr' id='par_1_27' title="bbox 739 2783 2326 2854">
     <span class='ocr_line' id='line_1_27' title="bbox 739 2783 2326 2854; baseline 0.006 -20"><span class='ocrx_word' id='word_1_160' title='bbox 739 2797 861 2834; x_wconf 88' lang='lat' dir='ltr'><strong>cum</strong></span> <span class='ocrx_word' id='word_1_161' title='bbox 898 2784 1130 2837; x_wconf 86' lang='lat' dir='ltr'><strong>multum</strong></span> <span class='ocrx_word' id='word_1_162' title='bbox 1169 2783 1373 2853; x_wconf 88' lang='lat' dir='ltr'><strong>diuque</strong></span> <span class='ocrx_word' id='word_1_163' title='bbox 1422 2785 1741 2854; x_wconf 84' lang='lat' dir='ltr'><strong>cogitasset,</strong></span> <span class='ocrx_word' id='word_1_164' title='bbox 1775 2791 1924 2840; x_wconf 78' lang='lat' dir='ltr'><strong>venit</strong></span> <span class='ocrx_word' id='word_1_165' title='bbox 1969 2787 2016 2840; x_wconf 91' lang='lat' dir='ltr'><strong>ei</strong></span> <span class='ocrx_word' id='word_1_166' title='bbox 2065 2788 2118 2842; x_wconf 91' lang='lat' dir='ltr'><strong>in</strong></span> <span class='ocrx_word' id='word_1_167' title='bbox 2171 2805 2326 2844; x_wconf 86' lang='lat' dir='ltr'><strong>men-</strong></span> 
     </span>
    </p>
   </div>
   <div class='ocr_carea' id='block_1_28' title="bbox 740 2874 2325 2947">
    <p class='ocr_par' dir='ltr' id='par_1_28' title="bbox 740 2874 2325 2947">
     <span class='ocr_line' id='line_1_28' title="bbox 740 2874 2325 2947; baseline 0.006 -20"><span class='ocrx_word' id='word_1_168' title='bbox 740 2882 847 2928; x_wconf 87' lang='lat' dir='ltr'><strong>tem</strong></span> <span class='ocrx_word' id='word_1_169' title='bbox 895 2874 1222 2931; x_wconf 85' lang='lat' dir='ltr'><strong>Theodorus</strong></span> <span class='ocrx_word' id='word_1_170' title='bbox 1268 2877 1636 2942; x_wconf 85' lang='lat' dir='ltr'><strong>Coloniensis,</strong></span> <span class='ocrx_word' id='word_1_171' title='bbox 1670 2878 1754 2931; x_wconf 82' lang='lat' dir='ltr'><strong>vir</strong></span> <span class='ocrx_word' id='word_1_172' title='bbox 1788 2879 1879 2947; x_wconf 91' lang='lat' dir='ltr'><strong>qui</strong></span> <span class='ocrx_word' id='word_1_173' title='bbox 1913 2895 1940 2933; x_wconf 90' lang='lat' dir='ltr'><strong>a</strong></span> <span class='ocrx_word' id='word_1_174' title='bbox 1979 2882 2182 2935; x_wconf 87' lang='lat' dir='ltr'><strong>teneris</strong></span> <span class='ocrx_word' id='word_1_175' title='bbox 2220 2898 2325 2936; x_wconf 84' lang='lat' dir='ltr'><strong>un-</strong></span> 
     </span>
    </p>
   </div>
   <div class='ocr_carea' id='block_1_29' title="bbox 741 2969 2331 3040">
    <p class='ocr_par' dir='ltr' id='par_1_29' title="bbox 741 2969 2331 3040">
     <span class='ocr_line' id='line_1_29' title="bbox 741 2969 2331 3040; baseline 0.005 -18"><span class='ocrx_word' id='word_1_176' title='bbox 741 2969 1008 3039; x_wconf 69' lang='lat' dir='ltr'><strong>gniculis,</strong></span> <span class='ocrx_word' id='word_1_177' title='bbox 1049 2971 1293 3024; x_wconf 88' lang='lat' dir='ltr'><strong>solitaria</strong></span> <span class='ocrx_word' id='word_1_178' title='bbox 1364 2985 1428 3025; x_wconf 91' lang='lat' dir='ltr'><strong>ac</strong></span> <span class='ocrx_word' id='word_1_179' title='bbox 1497 2971 1681 3040; x_wconf 85' lang='lat' dir='ltr'><strong>quieta</strong></span> <span class='ocrx_word' id='word_1_180' title='bbox 1746 2972 1856 3025; x_wconf 82' lang='lat' dir='ltr'><strong>vita</strong></span> <span class='ocrx_word' id='word_1_181' title='bbox 1889 2973 2100 3034; x_wconf 83' lang='lat' dir='ltr'><strong>eleeta.</strong></span> <span class='ocrx_word' id='word_1_182' title='bbox 2140 2975 2331 3031; x_wconf 91' lang='lat' dir='ltr'><strong>multis</strong></span> 
     </span>
    </p>
   </div>
   <div class='ocr_carea' id='block_1_30' title="bbox 740 3063 2323 3133">
    <p class='ocr_par' dir='ltr' id='par_1_30' title="bbox 740 3063 2323 3133">
     <span class='ocr_line' id='line_1_30' title="bbox 740 3063 2323 3133; baseline 0.005 -19"><span class='ocrx_word' id='word_1_183' title='bbox 740 3064 994 3116; x_wconf 85' lang='lat' dir='ltr'><strong>asccticis</strong></span> <span class='ocrx_word' id='word_1_184' title='bbox 1045 3063 1338 3117; x_wconf 82' lang='lat' dir='ltr'><strong>sudoribus</strong></span> <span class='ocrx_word' id='word_1_185' title='bbox 1387 3063 1554 3117; x_wconf 89' lang='lat' dir='ltr'><strong>animi</strong></span> <span class='ocrx_word' id='word_1_186' title='bbox 1587 3064 1951 3133; x_wconf 88' lang='lat' dir='ltr'><strong>appetitiones</strong></span> <span class='ocrx_word' id='word_1_187' title='bbox 1983 3068 2323 3122; x_wconf 86' lang='lat' dir='ltr'><strong>edomuerat.</strong></span> 
     </span>
    </p>
   </div>
   <div class='ocr_carea' id='block_1_31' title="bbox 739 3153 2327 3227">
    <p class='ocr_par' dir='ltr' id='par_1_31' title="bbox 739 3153 2327 3227">
     <span class='ocr_line' id='line_1_31' title="bbox 739 3153 2327 3227; baseline 0.006 -22"><span class='ocrx_word' id='word_1_188' title='bbox 739 3153 929 3207; x_wconf 74' lang='lat' dir='ltr'><strong>Cilicia</strong></span> <span class='ocrx_word' id='word_1_189' title='bbox 969 3155 1112 3208; x_wconf 89' lang='lat' dir='ltr'><strong>enim</strong></span> <span class='ocrx_word' id='word_1_190' title='bbox 1155 3155 1379 3211; x_wconf 89' lang='lat' dir='ltr'><strong>indutus</strong></span> <span class='ocrx_word' id='word_1_191' title='bbox 1426 3157 1578 3227; x_wconf 77' lang='lat'><strong>101</strong></span> <span class='ocrx_word' id='word_1_192' title='bbox 1625 3156 1904 3222; x_wconf 88' lang='lat' dir='ltr'><strong>tunicula,</strong></span> <span class='ocrx_word' id='word_1_193' title='bbox 1948 3159 2090 3214; x_wconf 91' lang='lat' dir='ltr'><strong>hanc</strong></span> <span class='ocrx_word' id='word_1_194' title='bbox 2144 3159 2327 3225; x_wconf 79' lang='lat' dir='ltr'><strong>ferro,</strong></span> 
     </span>
    </p>
   </div>
   <div class='ocr_carea' id='block_1_32' title="bbox 741 3246 2328 3322">
    <p class='ocr_par' dir='ltr' id='par_1_32' title="bbox 741 3246 2328 3322">
     <span class='ocr_line' id='line_1_32' title="bbox 741 3246 2328 3322; baseline 0.006 -25"><span class='ocrx_word' id='word_1_195' title='bbox 741 3246 890 3315; x_wconf 84' lang='lat' dir='ltr'><strong>quod</strong></span> <span class='ocrx_word' id='word_1_196' title='bbox 913 3249 976 3301; x_wconf 87' lang='lat' dir='ltr'><strong>ad</strong></span> <span class='ocrx_word' id='word_1_197' title='bbox 1005 3248 1362 3303; x_wconf 88' lang='lat' dir='ltr'><strong>cruciandum</strong></span> <span class='ocrx_word' id='word_1_198' title='bbox 1393 3264 1596 3318; x_wconf 88' lang='lat' dir='ltr'><strong>corpus</strong></span> <span class='ocrx_word' id='word_1_199' title='bbox 1627 3249 1855 3316; x_wconf 78' lang='lat' dir='ltr'><strong>ferebat,</strong></span> <span class='ocrx_word' id='word_1_200' title='bbox 1877 3253 2328 3322; x_wconf 86' lang='lat' dir='ltr'><strong>superinjectam,</strong></span> 
     </span>
    </p>
   </div>
   <div class='ocr_carea' id='block_1_33' title="bbox 742 3341 2328 3412">
    <p class='ocr_par' dir='ltr' id='par_1_33' title="bbox 742 3341 2328 3412">
     <span class='ocr_line' id='line_1_33' title="bbox 742 3341 2328 3412; baseline 0.004 -19"><span class='ocrx_word' id='word_1_201' title='bbox 742 3341 1019 3411; x_wconf 84' lang='lat' dir='ltr'><strong>deponere</strong></span> <span class='ocrx_word' id='word_1_202' title='bbox 1045 3358 1152 3396; x_wconf 91' lang='lat' dir='ltr'><strong>non</strong></span> <span class='ocrx_word' id='word_1_203' title='bbox 1177 3342 1406 3406; x_wconf 88' lang='lat' dir='ltr'><strong>solebat,</strong></span> <span class='ocrx_word' id='word_1_204' title='bbox 1436 3342 1760 3412; x_wconf 87' lang='lat' dir='ltr'><strong>priusquam</strong></span> <span class='ocrx_word' id='word_1_205' title='bbox 1792 3345 2018 3398; x_wconf 90' lang='lat' dir='ltr'><strong>omnino</strong></span> <span class='ocrx_word' id='word_1_206' title='bbox 2043 3344 2328 3412; x_wconf 83' lang='lat' dir='ltr'><strong>dimueret,</strong></span> 
     </span>
    </p>
   </div>
   <div class='ocr_carea' id='block_1_34' title="bbox 745 3432 2331 3504">
    <p class='ocr_par' dir='ltr' id='par_1_34' title="bbox 745 3432 2331 3504">
     <span class='ocr_line' id='line_1_34' title="bbox 745 3432 2331 3504; baseline 0.005 -19"><span class='ocrx_word' id='word_1_207' title='bbox 745 3432 810 3485; x_wconf 83' lang='lat' dir='ltr'><strong>ad</strong></span> <span class='ocrx_word' id='word_1_208' title='bbox 845 3433 1187 3504; x_wconf 85' lang='lat' dir='ltr'><strong>nihilumque</strong></span> <span class='ocrx_word' id='word_1_209' title='bbox 1219 3435 1578 3503; x_wconf 83' lang='lat' dir='ltr'><strong>redigeretur.</strong></span> <span class='ocrx_word' id='word_1_210' title='bbox 1613 3435 1760 3490; x_wconf 84' lang='lat' dir='ltr'><strong>Idem</strong></span> <span class='ocrx_word' id='word_1_211' title='bbox 1791 3436 1994 3490; x_wconf 88' lang='lat' dir='ltr'><strong>dicitur</strong></span> <span class='ocrx_word' id='word_1_212' title='bbox 2025 3441 2331 3495; x_wconf 90' lang='lat' dir='ltr'><strong>monachus</strong></span> 
     </span>
    </p>
   </div>
   <div class='ocr_carea' id='block_1_35' title="bbox 747 3522 2330 3599">
    <p class='ocr_par' dir='ltr' id='par_1_35' title="bbox 747 3522 2330 3599">
     <span class='ocr_line' id='line_1_35' title="bbox 747 3522 2330 3599; baseline 0.006 -24"><span class='ocrx_word' id='word_1_213' title='bbox 747 3522 1054 3593; x_wconf 75' lang='lat' dir='ltr'><strong>Nicephoro</strong></span> <span class='ocrx_word' id='word_1_214' title='bbox 1092 3526 1353 3596; x_wconf 88' lang='lat' dir='ltr'><strong>primum,</strong></span> <span class='ocrx_word' id='word_1_215' title='bbox 1378 3527 1575 3581; x_wconf 85' lang='lat' dir='ltr'><strong>deinde</strong></span> <span class='ocrx_word' id='word_1_216' title='bbox 1611 3525 1837 3593; x_wconf 82' lang='lat' dir='ltr'><strong>Joanni,</strong></span> <span class='ocrx_word' id='word_1_217' title='bbox 1868 3528 2156 3597; x_wconf 91' lang='lat' dir='ltr'><strong>imperium</strong></span> <span class='ocrx_word' id='word_1_218' title='bbox 2192 3546 2330 3599; x_wconf 70' lang='lat' dir='ltr'><strong>pra:-</strong></span> 
     </span>
    </p>
   </div>
   <div class='ocr_carea' id='block_1_36' title="bbox 745 3617 2329 3690">
    <p class='ocr_par' dir='ltr' id='par_1_36' title="bbox 745 3617 2329 3690">
     <span class='ocr_line' id='line_1_36' title="bbox 745 3617 2329 3690; baseline 0.006 -22"><span class='ocrx_word' id='word_1_219' title='bbox 745 3617 971 3671; x_wconf 79' lang='lat' dir='ltr'><strong>dixisse.</strong></span> <span class='ocrx_word' id='word_1_220' title='bbox 1011 3619 1189 3684; x_wconf 84' lang='lat' dir='ltr'><strong>Hunc,</strong></span> <span class='ocrx_word' id='word_1_221' title='bbox 1233 3635 1355 3672; x_wconf 89' lang='lat' dir='ltr'><strong>cum</strong></span> <span class='ocrx_word' id='word_1_222' title='bbox 1421 3628 1552 3673; x_wconf 91' lang='lat' dir='ltr'><strong>tunc</strong></span> <span class='ocrx_word' id='word_1_223' title='bbox 1616 3620 2099 3690; x_wconf 88' lang='lat' dir='ltr'><strong>Constantinopoli</strong></span> <span class='ocrx_word' id='word_1_224' title='bbox 2162 3632 2329 3688; x_wconf 80' lang='lat' dir='ltr'><strong>esset,</strong></span> 
     </span>
    </p>
   </div>
   <div class='ocr_carea' id='block_1_37' title="bbox 744 3706 2330 3779">
    <p class='ocr_par' dir='ltr' id='par_1_37' title="bbox 744 3706 2330 3779">
     <span class='ocr_line' id='line_1_37' title="bbox 744 3706 2330 3779; baseline 0.003 -19"><span class='ocrx_word' id='word_1_225' title='bbox 744 3706 986 3763; x_wconf 71' lang='lat' dir='ltr'><strong>Joannes</strong></span> <span class='ocrx_word' id='word_1_226' title='bbox 1048 3709 1270 3763; x_wconf 84' lang='lat' dir='ltr'><strong>adducit</strong></span> <span class='ocrx_word' id='word_1_227' title='bbox 1324 3709 1390 3762; x_wconf 87' lang='lat' dir='ltr'><strong>ad</strong></span> <span class='ocrx_word' id='word_1_228' title='bbox 1453 3708 1975 3779; x_wconf 83' lang='lat' dir='ltr'><strong>Polyeuctumzqui</strong></span> <span class='ocrx_word' id='word_1_229' title='bbox 2040 3723 2148 3763; x_wconf 92' lang='lat' dir='ltr'><strong>una</strong></span> <span class='ocrx_word' id='word_1_230' title='bbox 2204 3724 2330 3764; x_wconf 89' lang='lat' dir='ltr'><strong>cum</strong></span> 
     </span>
    </p>
   </div>
   <div class='ocr_carea' id='block_1_38' title="bbox 745 3801 2336 3870">
    <p class='ocr_par' dir='ltr' id='par_1_38' title="bbox 745 3801 2336 3870">
     <span class='ocr_line' id='line_1_38' title="bbox 745 3801 2336 3870; baseline 0.004 -18"><span class='ocrx_word' id='word_1_231' title='bbox 745 3801 1019 3869; x_wconf 78' lang='lat' dir='ltr'><strong>cpisc0pis</strong></span> <span class='ocrx_word' id='word_1_232' title='bbox 1048 3801 1102 3854; x_wconf 91' lang='lat' dir='ltr'><strong>in</strong></span> <span class='ocrx_word' id='word_1_233' title='bbox 1132 3804 1265 3855; x_wconf 92' lang='lat' dir='ltr'><strong>urbe</strong></span> <span class='ocrx_word' id='word_1_234' title='bbox 1300 3801 1664 3870; x_wconf 82' lang='lat' dir='ltr'><strong>praesentibus</strong></span> <span class='ocrx_word' id='word_1_235' title='bbox 1699 3802 1802 3856; x_wconf 78' lang='lat' dir='ltr'><strong>viri</strong></span> <span class='ocrx_word' id='word_1_236' title='bbox 1862 3803 2145 3856; x_wconf 89' lang='lat' dir='ltr'><strong>scientiam</strong></span> <span class='ocrx_word' id='word_1_237' title='bbox 2202 3819 2336 3858; x_wconf 81' lang='lat' dir='ltr'><strong>exa-</strong></span> 
     </span>
    </p>
   </div>
   <div class='ocr_carea' id='block_1_39' title="bbox 748 3893 2335 3963">
    <p class='ocr_par' dir='ltr' id='par_1_39' title="bbox 748 3893 2335 3963">
     <span class='ocr_line' id='line_1_39' title="bbox 748 3893 2335 3963; baseline 0.003 -17"><span class='ocrx_word' id='word_1_238' title='bbox 748 3893 987 3957; x_wconf 79' lang='lat' dir='ltr'><strong>uzinans,</strong></span> <span class='ocrx_word' id='word_1_239' title='bbox 1026 3895 1116 3948; x_wconf 88' lang='lat' dir='ltr'><strong>ubi</strong></span> <span class='ocrx_word' id='word_1_240' title='bbox 1156 3894 1514 3950; x_wconf 65' lang='lat' dir='ltr'><strong>saeCularibus</strong></span> <span class='ocrx_word' id='word_1_241' title='bbox 1553 3894 1771 3963; x_wconf 90' lang='lat' dir='ltr'><strong>quidem</strong></span> <span class='ocrx_word' id='word_1_242' title='bbox 1812 3894 2009 3949; x_wconf 91' lang='lat' dir='ltr'><strong>litteris</strong></span> <span class='ocrx_word' id='word_1_243' title='bbox 2065 3896 2210 3950; x_wconf 89' lang='lat' dir='ltr'><strong>haud</strong></span> <span class='ocrx_word' id='word_1_244' title='bbox 2260 3896 2335 3951; x_wconf 91' lang='lat' dir='ltr'><strong>ita</strong></span> 
     </span>
    </p>
   </div>
   <div class='ocr_carea' id='block_1_40' title="bbox 744 3984 2336 4051">
    <p class='ocr_par' dir='ltr' id='par_1_40' title="bbox 744 3984 2336 4051">
     <span class='ocr_line' id='line_1_40' title="bbox 744 3984 2336 4051; baseline 0.002 -14"><span class='ocrx_word' id='word_1_245' title='bbox 744 3984 1047 4051; x_wconf 79' lang='lat' dir='ltr'><strong>excultum,</strong></span> <span class='ocrx_word' id='word_1_246' title='bbox 1097 3985 1150 4038; x_wconf 90' lang='lat' dir='ltr'><strong>in</strong></span> <span class='ocrx_word' id='word_1_247' title='bbox 1183 3985 1383 4038; x_wconf 80' lang='lat' dir='ltr'><strong>divinis</strong></span> <span class='ocrx_word' id='word_1_248' title='bbox 1422 3999 1552 4038; x_wconf 79' lang='lat' dir='ltr'><strong>vero</strong></span> <span class='ocrx_word' id='word_1_249' title='bbox 1583 3993 1636 4038; x_wconf 90' lang='lat' dir='ltr'><strong>et</strong></span> <span class='ocrx_word' id='word_1_250' title='bbox 1695 3985 1900 4040; x_wconf 90' lang='lat' dir='ltr'><strong>nostris</strong></span> <span class='ocrx_word' id='word_1_251' title='bbox 1933 3985 2336 4041; x_wconf 84' lang='lat' dir='ltr'><strong>studiosissime</strong></span> 
     </span>
    </p>
   </div>
   <div class='ocr_carea' id='block_1_41' title="bbox 747 4075 2332 4146">
    <p class='ocr_par' dir='ltr' id='par_1_41' title="bbox 747 4075 2332 4146">
     <span class='ocr_line' id='line_1_41' title="bbox 747 4075 2332 4146; baseline 0.005 -21"><span class='ocrx_word' id='word_1_252' title='bbox 747 4075 1106 4129; x_wconf 80' lang='lat' dir='ltr'><strong>exercitatum</strong></span> <span class='ocrx_word' id='word_1_253' title='bbox 1179 4076 1418 4141; x_wconf 84' lang='lat' dir='ltr'><strong>invenit,</strong></span> <span class='ocrx_word' id='word_1_254' title='bbox 1467 4085 1755 4131; x_wconf 90' lang='lat' dir='ltr'><strong>consecrat</strong></span> <span class='ocrx_word' id='word_1_255' title='bbox 1794 4091 1918 4130; x_wconf 89' lang='lat' dir='ltr'><strong>eum</strong></span> <span class='ocrx_word' id='word_1_256' title='bbox 1965 4078 2332 4146; x_wconf 87' lang='lat' dir='ltr'><strong>patriarcham</strong></span> 
     </span>
    </p>
   </div>
   <div class='ocr_carea' id='block_1_42' title="bbox 746 4165 2339 4238">
    <p class='ocr_par' dir='ltr' id='par_1_42' title="bbox 746 4165 2339 4238">
     <span class='ocr_line' id='line_1_42' title="bbox 746 4165 2339 4238; baseline 0.003 -18"><span class='ocrx_word' id='word_1_257' title='bbox 746 4165 1068 4222; x_wconf 64' lang='lat' dir='ltr'><strong>Antiochiae.</strong></span> <span class='ocrx_word' id='word_1_258' title='bbox 1105 4165 1276 4220; x_wconf 85' lang='lat' dir='ltr'><strong>Porro</strong></span> <span class='ocrx_word' id='word_1_259' title='bbox 1316 4166 1678 4238; x_wconf 87' lang='lat' dir='ltr'><strong>Polyeuctus&#39;,</strong></span> <span class='ocrx_word' id='word_1_260' title='bbox 1715 4183 1841 4221; x_wconf 92' lang='lat' dir='ltr'><strong>cum</strong></span> <span class='ocrx_word' id='word_1_261' title='bbox 1901 4183 2108 4236; x_wconf 91' lang='lat' dir='ltr'><strong>paucos</strong></span> <span class='ocrx_word' id='word_1_262' title='bbox 2149 4168 2269 4222; x_wconf 90' lang='lat' dir='ltr'><strong>dies</strong></span> <span class='ocrx_word' id='word_1_263' title='bbox 2307 4183 2339 4224; x_wconf 88' lang='lat' dir='ltr'><strong>a</strong></span> 
     </span>
    </p>
   </div>
   <div class='ocr_carea' id='block_1_43' title="bbox 750 4255 2340 4328">
    <p class='ocr_par' dir='ltr' id='par_1_43' title="bbox 750 4255 2340 4328">
     <span class='ocr_line' id='line_1_43' title="bbox 750 4255 2340 4328; baseline 0.004 -19"><span class='ocrx_word' id='word_1_264' title='bbox 750 4255 1023 4310; x_wconf 87' lang='lat' dir='ltr'><strong>Theodori</strong></span> <span class='ocrx_word' id='word_1_265' title='bbox 1055 4258 1399 4312; x_wconf 89' lang='lat' dir='ltr'><strong>ordinatione</strong></span> <span class='ocrx_word' id='word_1_266' title='bbox 1429 4269 1710 4328; x_wconf 88' lang='lat' dir='ltr'><strong>superstes</strong></span> <span class='ocrx_word' id='word_1_267' title='bbox 1740 4259 1952 4323; x_wconf 80' lang='lat' dir='ltr'><strong>fuisset,</strong></span> <span class='ocrx_word' id='word_1_268' title='bbox 1983 4274 2049 4312; x_wconf 80' lang='lat' dir='ltr'><strong>ex</strong></span> <span class='ocrx_word' id='word_1_269' title='bbox 2082 4258 2340 4316; x_wconf 88' lang='lat' dir='ltr'><strong>humanis</strong></span> 
     </span>
    </p>
   </div>
   <div class='ocr_carea' id='block_1_44' title="bbox 752 4349 2340 4419">
    <p class='ocr_par' dir='ltr' id='par_1_44' title="bbox 752 4349 2340 4419">
     <span class='ocr_line' id='line_1_44' title="bbox 752 4349 2340 4419; baseline 0.003 -20"><span class='ocrx_word' id='word_1_270' title='bbox 752 4349 985 4418; x_wconf 79' lang='lat' dir='ltr'><strong>migrat,</strong></span> <span class='ocrx_word' id='word_1_271' title='bbox 1012 4365 1109 4419; x_wconf 92' lang='lat' dir='ltr'><strong>pro</strong></span> <span class='ocrx_word' id='word_1_272' title='bbox 1145 4359 1501 4406; x_wconf 88' lang='lat' dir='ltr'><strong>monumento</strong></span> <span class='ocrx_word' id='word_1_273' title='bbox 1542 4351 1790 4406; x_wconf 71' lang='lat' dir='ltr'><strong>ecclesiae</strong></span> <span class='ocrx_word' id='word_1_274' title='bbox 1813 4353 2077 4406; x_wconf 79' lang='lat' dir='ltr'><strong>virtutum</strong></span> <span class='ocrx_word' id='word_1_275' title='bbox 2116 4352 2340 4406; x_wconf 84' lang='lat' dir='ltr'><strong>simula-</strong></span> 
     </span>
    </p>
   </div>
   <div class='ocr_carea' id='block_1_45' title="bbox 748 4441 2334 4514">
    <p class='ocr_par' dir='ltr' id='par_1_45' title="bbox 748 4441 2334 4514">
     <span class='ocr_line' id='line_1_45' title="bbox 748 4441 2334 4514; baseline 0.006 -23"><span class='ocrx_word' id='word_1_276' title='bbox 748 4441 859 4494; x_wconf 79' lang='lat' dir='ltr'><strong>cris</strong></span> <span class='ocrx_word' id='word_1_277' title='bbox 884 4480 899 4503; x_wconf 93' lang='lat'><strong>,</strong></span> <span class='ocrx_word' id='word_1_278' title='bbox 932 4441 1238 4512; x_wconf 78' lang='lat' dir='ltr'><strong>divinaeque</strong></span> <span class='ocrx_word' id='word_1_279' title='bbox 1273 4453 1327 4498; x_wconf 90' lang='lat' dir='ltr'><strong>et</strong></span> <span class='ocrx_word' id='word_1_280' title='bbox 1367 4443 1621 4499; x_wconf 75' lang='lat' dir='ltr'><strong>humana:</strong></span> <span class='ocrx_word' id='word_1_281' title='bbox 1659 4445 1942 4514; x_wconf 63' lang='lat' dir='ltr'><strong>sapientiae</strong></span> <span class='ocrx_word' id='word_1_282' title='bbox 1979 4444 2334 4512; x_wconf 66' lang='lat' dir='ltr'><strong>scientiaeque</strong></span> 
     </span>
    </p>
   </div>
   <div class='ocr_carea' id='block_1_46' title="bbox 750 4534 2336 4608">
    <p class='ocr_par' dir='ltr' id='par_1_46' title="bbox 750 4534 2336 4608">
     <span class='ocr_line' id='line_1_46' title="bbox 750 4534 2336 4608; baseline 0.001 -21"><span class='ocrx_word' id='word_1_283' title='bbox 750 4534 1080 4606; x_wconf 72' lang='lat' dir='ltr'><strong>iz0titia,qua</strong></span> <span class='ocrx_word' id='word_1_284' title='bbox 1099 4536 1166 4591; x_wconf 87' lang='lat' dir='ltr'><strong>ad</strong></span> <span class='ocrx_word' id='word_1_285' title='bbox 1183 4552 1459 4593; x_wconf 92' lang='lat' dir='ltr'><strong>summum</strong></span> <span class='ocrx_word' id='word_1_286' title='bbox 1485 4538 1738 4593; x_wconf 83' lang='lat' dir='ltr'><strong>excultus</strong></span> <span class='ocrx_word' id='word_1_287' title='bbox 1768 4537 1889 4602; x_wconf 76' lang='lat' dir='ltr'><strong>fuit,</strong></span> <span class='ocrx_word' id='word_1_288' title='bbox 1920 4537 2146 4593; x_wconf 84' lang='lat' dir='ltr'><strong>relictis.</strong></span> <span class='ocrx_word' id='word_1_289' title='bbox 2176 4537 2336 4608; x_wconf 84' lang='lat' dir='ltr'><strong>Poly-</strong></span> 
     </span>
    </p>
   </div>
   <div class='ocr_carea' id='block_1_47' title="bbox 2415 671 4009 744">
    <p class='ocr_par' dir='ltr' id='par_1_47' title="bbox 2415 671 4009 744">
     <span class='ocr_line' id='line_1_47' title="bbox 2415 671 4009 744; baseline -0.001 -18"><span class='ocrx_word' id='word_1_290' title='bbox 2415 674 2882 744; x_wconf 82' lang='grc' dir='ltr'><strong>παραγινόμενος,</strong></span> <span class='ocrx_word' id='word_1_291' title='bbox 2914 674 3131 744; x_wconf 81' lang='grc' dir='ltr'>διένεμέ</span> <span class='ocrx_word' id='word_1_292' title='bbox 3182 690 3241 727; x_wconf 87' lang='grc' dir='ltr'><strong>τε</strong></span> <span class='ocrx_word' id='word_1_293' title='bbox 3270 673 3484 736; x_wconf 79' lang='grc' dir='ltr'><strong>τούτοις</strong></span> <span class='ocrx_word' id='word_1_294' title='bbox 3549 673 3772 744; x_wconf 78' lang='grc' dir='ltr'>χρυσὸν,</span> <span class='ocrx_word' id='word_1_295' title='bbox 3805 673 3904 725; x_wconf 77' lang='grc' dir='ltr'>καὶ</span> <span class='ocrx_word' id='word_1_296' title='bbox 3937 671 4009 725; x_wconf 83' lang='grc' dir='ltr'>τὰ</span> 
     </span>
    </p>
   </div>
   <div class='ocr_carea' id='block_1_48' title="bbox 2423 761 4009 836">
    <p class='ocr_par' dir='ltr' id='par_1_48' title="bbox 2423 761 4009 836">
     <span class='ocr_line' id='line_1_48' title="bbox 2423 761 4009 836; baseline -0.003 -19"><span class='ocrx_word' id='word_1_297' title='bbox 2423 765 2721 836; x_wconf 73' lang='grc' dir='ltr'><strong>ἡλκωμένα</strong></span> <span class='ocrx_word' id='word_1_298' title='bbox 2797 766 2893 817; x_wconf 69' lang='grc' dir='ltr'><strong>καὶ</strong></span> <span class='ocrx_word' id='word_1_299' title='bbox 2949 768 3015 836; x_wconf 82' lang='grc' dir='ltr'>τῇ</span> <span class='ocrx_word' id='word_1_300' title='bbox 3077 764 3219 833; x_wconf 85' lang='grc' dir='ltr'>νόσῳ</span> <span class='ocrx_word' id='word_1_301' title='bbox 3270 764 3716 836; x_wconf 80' lang='grc' dir='ltr'><strong>κατειργασμένα</strong></span> <span class='ocrx_word' id='word_1_302' title='bbox 3794 761 4009 815; x_wconf 88' lang='grc' dir='ltr'>τούτων</span> 
     </span>
    </p>
   </div>
   <div class='ocr_carea' id='block_1_49' title="bbox 2417 855 4008 928">
    <p class='ocr_par' dir='ltr' id='par_1_49' title="bbox 2417 855 4008 928">
     <span class='ocr_line' id='line_1_49' title="bbox 2417 855 4008 928; baseline -0.004 -17"><span class='ocrx_word' id='word_1_303' title='bbox 2417 859 2556 928; x_wconf 82' lang='grc' dir='ltr'><strong>μέλη</strong></span> <span class='ocrx_word' id='word_1_304' title='bbox 2634 859 2734 911; x_wconf 74' lang='grc' dir='ltr'><strong>οὐκ</strong></span> <span class='ocrx_word' id='word_1_305' title='bbox 2788 857 3023 926; x_wconf 79' lang='grc' dir='ltr'><strong>ἀπηξίου</strong></span> <span class='ocrx_word' id='word_1_306' title='bbox 3103 857 3436 928; x_wconf 78' lang='grc' dir='ltr'><strong>θεραπεύειν</strong></span> <span class='ocrx_word' id='word_1_307' title='bbox 3524 857 3669 910; x_wconf 75' lang='grc' dir='ltr'>κατὰ</span> <span class='ocrx_word' id='word_1_308' title='bbox 3729 855 3791 908; x_wconf 80' lang='grc' dir='ltr'>τὸ</span> <span class='ocrx_word' id='word_1_309' title='bbox 3862 855 4008 918; x_wconf 72' lang='grc' dir='ltr'>ὲνδν,</span> 
     </span>
    </p>
   </div>
   <div class='ocr_carea' id='block_1_50' title="bbox 2415 945 4009 1017">
    <p class='ocr_par' dir='ltr' id='par_1_50' title="bbox 2415 945 4009 1017">
     <span class='ocr_line' id='line_1_50' title="bbox 2415 945 4009 1017; baseline -0.001 -17"><span class='ocrx_word' id='word_1_310' title='bbox 2415 949 2595 1002; x_wconf 88' lang='grc' dir='ltr'>καίτοι</span> <span class='ocrx_word' id='word_1_311' title='bbox 2636 948 2938 1017; x_wconf 79' lang='grc' dir='ltr'>ἁϐρότατος</span> <span class='ocrx_word' id='word_1_312' title='bbox 2971 949 3045 1001; x_wconf 83' lang='grc' dir='ltr'>ὢν</span> <span class='ocrx_word' id='word_1_313' title='bbox 3078 950 3173 1002; x_wconf 67' lang='grc' dir='ltr'>καὶ</span> <span class='ocrx_word' id='word_1_314' title='bbox 3207 947 3329 1001; x_wconf 87' lang='grc' dir='ltr'>λίαν</span> <span class='ocrx_word' id='word_1_315' title='bbox 3375 947 3694 1016; x_wconf 84' lang='grc' dir='ltr'><strong>φιλόκαλος.</strong></span> <span class='ocrx_word' id='word_1_316' title='bbox 3731 945 4009 1000; x_wconf 79' lang='grc' dir='ltr'><strong>Τοσοῦτον</strong></span> 
     </span>
    </p>
   </div>
   <div class='ocr_carea' id='block_1_51' title="bbox 2417 1037 4008 1112">
    <p class='ocr_par' dir='ltr' id='par_1_51' title="bbox 2417 1037 4008 1112">
     <span class='ocr_line' id='line_1_51' title="bbox 2417 1037 4008 1112; baseline -0.003 -18"><span class='ocrx_word' id='word_1_317' title='bbox 2417 1037 2533 1112; x_wconf 75' lang='grc' dir='ltr'>εἶχε</span> <span class='ocrx_word' id='word_1_318' title='bbox 2563 1041 2624 1093; x_wconf 78' lang='grc' dir='ltr'><strong>τὸ</strong></span> <span class='ocrx_word' id='word_1_319' title='bbox 2660 1041 2934 1109; x_wconf 79' lang='grc' dir='ltr'>φίλοικτόν</span> <span class='ocrx_word' id='word_1_320' title='bbox 2958 1059 3018 1094; x_wconf 87' lang='grc' dir='ltr'><strong>τε</strong></span> <span class='ocrx_word' id='word_1_321' title='bbox 3048 1041 3144 1094; x_wconf 72' lang='grc' dir='ltr'><strong>καὶ</strong></span> <span class='ocrx_word' id='word_1_322' title='bbox 3177 1040 3462 1110; x_wconf 80' lang='grc' dir='ltr'>συμπαθὲς</span> <span class='ocrx_word' id='word_1_323' title='bbox 3496 1039 3633 1111; x_wconf 72' lang='grc' dir='ltr'>πρὸς</span> <span class='ocrx_word' id='word_1_324' title='bbox 3676 1040 3737 1094; x_wconf 74' lang='grc' dir='ltr'>τὸ</span> <span class='ocrx_word' id='word_1_325' title='bbox 3792 1040 4008 1108; x_wconf 82' lang='grc' dir='ltr'>κάμνον</span> 
     </span>
    </p>
   </div>
   <div class='ocr_carea' id='block_1_52' title="bbox 2416 1133 4009 1204">
    <p class='ocr_par' dir='ltr' id='par_1_52' title="bbox 2416 1133 4009 1204">
     <span class='ocr_line' id='line_1_52' title="bbox 2416 1133 4009 1204; baseline -0.002 -17"><span class='ocrx_word' id='word_1_326' title='bbox 2416 1135 2518 1202; x_wconf 69' lang='grc' dir='ltr'>τῆς</span> <span class='ocrx_word' id='word_1_327' title='bbox 2554 1134 2792 1201; x_wconf 77' lang='grc' dir='ltr'>φύσεως,</span> <span class='ocrx_word' id='word_1_328' title='bbox 2818 1135 2968 1204; x_wconf 74' lang='grc' dir='ltr'>παρὰ</span> <span class='ocrx_word' id='word_1_329' title='bbox 2991 1133 3216 1202; x_wconf 79' lang='grc' dir='ltr'>φαῦλον,</span> <span class='ocrx_word' id='word_1_330' title='bbox 3248 1135 3336 1186; x_wconf 83' lang='grc' dir='ltr'>ὅτε</span> <span class='ocrx_word' id='word_1_331' title='bbox 3366 1150 3482 1195; x_wconf 85' lang='grc' dir='ltr'><strong>πως</strong></span> <span class='ocrx_word' id='word_1_332' title='bbox 3507 1133 3722 1195; x_wconf 84' lang='grc' dir='ltr'><strong>τούτοις</strong></span> <span class='ocrx_word' id='word_1_333' title='bbox 3761 1133 4009 1202; x_wconf 83' lang='grc' dir='ltr'>ἀπήντα.</span> 
     </span>
    </p>
   </div>
   <div class='ocr_carea' id='block_1_53' title="bbox 2417 1223 4019 1299">
    <p class='ocr_par' dir='ltr' id='par_1_53' title="bbox 2417 1223 4019 1299">
     <span class='ocr_line' id='line_1_53' title="bbox 2417 1223 4019 1299; baseline -0.005 -17"><span class='ocrx_word' id='word_1_334' title='bbox 2417 1230 2508 1282; x_wconf 90' lang='grc' dir='ltr'><strong>τόν</strong></span> <span class='ocrx_word' id='word_1_335' title='bbox 2533 1245 2593 1280; x_wconf 87' lang='grc' dir='ltr'><strong>τε</strong></span> <span class='ocrx_word' id='word_1_336' title='bbox 2627 1231 2725 1298; x_wconf 82' lang='grc' dir='ltr'>τῆς</span> <span class='ocrx_word' id='word_1_337' title='bbox 2758 1227 3037 1299; x_wconf 79' lang='grc' dir='ltr'>βασιλείας</span> <span class='ocrx_word' id='word_1_338' title='bbox 3068 1228 3233 1296; x_wconf 75' lang='grc' dir='ltr'>δγκον</span> <span class='ocrx_word' id='word_1_339' title='bbox 3265 1228 3360 1280; x_wconf 75' lang='grc' dir='ltr'><strong>καὶ</strong></span> <span class='ocrx_word' id='word_1_340' title='bbox 3412 1228 3502 1280; x_wconf 70' lang='grc' dir='ltr'><strong>τὸν</strong></span> <span class='ocrx_word' id='word_1_341' title='bbox 3533 1227 3598 1278; x_wconf 84' lang='grc' dir='ltr'><strong>ἐκ</strong></span> <span class='ocrx_word' id='word_1_342' title='bbox 3636 1229 3734 1296; x_wconf 81' lang='grc' dir='ltr'><strong>τῆς</strong></span> <span class='ocrx_word' id='word_1_343' title='bbox 3763 1223 4019 1294; x_wconf 81' lang='grc' dir='ltr'>ἁλουργί-</span> 
     </span>
    </p>
   </div>
   <div class='ocr_carea' id='block_1_54' title="bbox 2416 1315 4001 1390">
    <p class='ocr_par' dir='ltr' id='par_1_54' title="bbox 2416 1315 4001 1390">
     <span class='ocr_line' id='line_1_54' title="bbox 2416 1315 4001 1390; baseline -0.005 -18"><span class='ocrx_word' id='word_1_344' title='bbox 2416 1321 2503 1382; x_wconf 87' lang='grc' dir='ltr'><strong>δος</strong></span> <span class='ocrx_word' id='word_1_345' title='bbox 2541 1320 2970 1388; x_wconf 81' lang='grc' dir='ltr'>ἁποτικτόμενον</span> <span class='ocrx_word' id='word_1_346' title='bbox 3004 1317 3176 1388; x_wconf 80' lang='grc' dir='ltr'>τῦφον</span> <span class='ocrx_word' id='word_1_347' title='bbox 3205 1317 3396 1381; x_wconf 85' lang='grc' dir='ltr'>τιθείς.</span> <span class='ocrx_word' id='word_1_348' title='bbox 3431 1319 3619 1390; x_wconf 84' lang='grc' dir='ltr'>Φόρων</span> <span class='ocrx_word' id='word_1_349' title='bbox 3653 1333 3713 1369; x_wconf 90' lang='grc' dir='ltr'><strong>τε</strong></span> <span class='ocrx_word' id='word_1_350' title='bbox 3743 1315 4001 1370; x_wconf 77' lang='grc' dir='ltr'><strong>ἀτέλειαν</strong></span> 
     </span>
    </p>
   </div>
   <div class='ocr_carea' id='block_1_55' title="bbox 2417 1409 4016 1482">
    <p class='ocr_par' dir='ltr' id='par_1_55' title="bbox 2417 1409 4016 1482">
     <span class='ocr_line' id='line_1_55' title="bbox 2417 1409 4016 1482; baseline -0.003 -18"><span class='ocrx_word' id='word_1_351' title='bbox 2417 1412 2496 1482; x_wconf 84' lang='grc' dir='ltr'><strong>τῷ</strong></span> <span class='ocrx_word' id='word_1_352' title='bbox 2527 1411 2635 1464; x_wconf 82' lang='grc' dir='ltr'><strong>τῶν</strong></span> <span class='ocrx_word' id='word_1_353' title='bbox 2679 1412 3064 1482; x_wconf 80' lang='grc' dir='ltr'><strong>Ἀρμενιακῶν</strong></span> <span class='ocrx_word' id='word_1_354' title='bbox 3088 1411 3286 1481; x_wconf 81' lang='grc' dir='ltr'>θέματι</span> <span class='ocrx_word' id='word_1_355' title='bbox 3311 1411 3590 1482; x_wconf 83' lang='grc' dir='ltr'>παρέσχεν</span> <span class='ocrx_word' id='word_1_356' title='bbox 3612 1427 3626 1440; x_wconf 89' lang='grc'><strong>·</strong></span> <span class='ocrx_word' id='word_1_357' title='bbox 3656 1410 3868 1463; x_wconf 85' lang='grc' dir='ltr'>ἐκεῖθεν</span> <span class='ocrx_word' id='word_1_358' title='bbox 3902 1409 4016 1478; x_wconf 79' lang='grc' dir='ltr'><strong>γὰρ</strong></span> 
     </span>
    </p>
   </div>
   <div class='ocr_carea' id='block_1_56' title="bbox 2421 1502 4015 1576">
    <p class='ocr_par' dir='ltr' id='par_1_56' title="bbox 2421 1502 4015 1576">
     <span class='ocr_line' id='line_1_56' title="bbox 2421 1502 4015 1576; baseline -0.004 -17"><span class='ocrx_word' id='word_1_359' title='bbox 2421 1507 2667 1576; x_wconf 82' lang='grc' dir='ltr'>ὥρμητο.</span> <span class='ocrx_word' id='word_1_360' title='bbox 2700 1506 2809 1576; x_wconf 79' lang='grc' dir='ltr'><strong>Τῆς</strong></span> <span class='ocrx_word' id='word_1_361' title='bbox 2837 1505 2893 1557; x_wconf 84' lang='grc' dir='ltr'><strong>δὲ</strong></span> <span class='ocrx_word' id='word_1_362' title='bbox 2919 1508 3086 1576; x_wconf 82' lang='grc' dir='ltr'>ρόγας</span> <span class='ocrx_word' id='word_1_363' title='bbox 3120 1506 3411 1574; x_wconf 80' lang='grc' dir='ltr'>ἐνστάσης,</span> <span class='ocrx_word' id='word_1_364' title='bbox 3458 1505 3526 1573; x_wconf 79' lang='grc' dir='ltr'>ἡν</span> <span class='ocrx_word' id='word_1_365' title='bbox 3546 1505 3580 1573; x_wconf 77' lang='grc' dir='ltr'>ἦ</span> <span class='ocrx_word' id='word_1_366' title='bbox 3603 1519 3660 1555; x_wconf 90' lang='grc' dir='ltr'><strong>τε</strong></span> <span class='ocrx_word' id='word_1_367' title='bbox 3701 1502 4015 1570; x_wconf 78' lang='grc' dir='ltr'>σύγκλητος</span> 
     </span>
    </p>
   </div>
   <div class='ocr_carea' id='block_1_57' title="bbox 2419 1591 4015 1665">
    <p class='ocr_par' dir='ltr' id='par_1_57' title="bbox 2419 1591 4015 1665">
     <span class='ocr_line' id='line_1_57' title="bbox 2419 1591 4015 1665; baseline -0.005 -15"><span class='ocrx_word' id='word_1_368' title='bbox 2419 1598 2604 1650; x_wconf 80' lang='grc' dir='ltr'>καὶτὸ</span> <span class='ocrx_word' id='word_1_369' title='bbox 2640 1597 2736 1665; x_wconf 78' lang='grc' dir='ltr'>τῆς</span> <span class='ocrx_word' id='word_1_370' title='bbox 2784 1596 3062 1658; x_wconf 83' lang='grc' dir='ltr'>πολιτείας</span> <span class='ocrx_word' id='word_1_371' title='bbox 3118 1594 3338 1662; x_wconf 80' lang='grc' dir='ltr'>εὐγενὲς</span> <span class='ocrx_word' id='word_1_372' title='bbox 3387 1594 3482 1646; x_wconf 76' lang='grc' dir='ltr'><strong>καὶ</strong></span> <span class='ocrx_word' id='word_1_373' title='bbox 3533 1594 3822 1662; x_wconf 72' lang='grc' dir='ltr'>ἐλλόγιμον</span> <span class='ocrx_word' id='word_1_374' title='bbox 3857 1591 4015 1661; x_wconf 69' lang='grc' dir='ltr'>παρὰ</span> 
     </span>
    </p>
   </div>
   <div class='ocr_carea' id='block_1_58' title="bbox 2422 1688 3808 1760">
    <p class='ocr_par' dir='ltr' id='par_1_58' title="bbox 2422 1688 3808 1760">
     <span class='ocr_line' id='line_1_58' title="bbox 2422 1688 3808 1760; baseline -0.004 -17"><span class='ocrx_word' id='word_1_375' title='bbox 2422 1691 2523 1759; x_wconf 85' lang='grc' dir='ltr'>τῆς</span> <span class='ocrx_word' id='word_1_376' title='bbox 2555 1688 2842 1760; x_wconf 81' lang='grc' dir='ltr'>βασιλικῆς</span> <span class='ocrx_word' id='word_1_377' title='bbox 2874 1691 3056 1760; x_wconf 66' lang='grc' dir='ltr'>χειρὸς</span> <span class='ocrx_word' id='word_1_378' title='bbox 3110 1688 3474 1757; x_wconf 76' lang='grc' dir='ltr'>ἀποφέρεται,</span> <span class='ocrx_word' id='word_1_379' title='bbox 3535 1688 3669 1740; x_wconf 78' lang='grc' dir='ltr'>πᾶσι</span> <span class='ocrx_word' id='word_1_380' title='bbox 3694 1688 3808 1748; x_wconf 85' lang='grc' dir='ltr'>τοῖς</span> 
     </span>
    </p>
   </div>
   <div class='ocr_carea' id='block_1_59' title="bbox 2432 1777 4018 1852">
    <p class='ocr_par' dir='ltr' id='par_1_59' title="bbox 2432 1777 4018 1852">
     <span class='ocr_line' id='line_1_59' title="bbox 2432 1777 4018 1852; baseline -0.004 -18"><span class='ocrx_word' id='word_1_381' title='bbox 2432 1783 2615 1852; x_wconf 84' lang='grc' dir='ltr'>μένοις</span> <span class='ocrx_word' id='word_1_382' title='bbox 2646 1782 2881 1850; x_wconf 74' lang='grc' dir='ltr'>ταυτησὶ</span> <span class='ocrx_word' id='word_1_383' title='bbox 2909 1782 3004 1850; x_wconf 84' lang='grc' dir='ltr'>τῆς</span> <span class='ocrx_word' id='word_1_384' title='bbox 3025 1781 3257 1851; x_wconf 81' lang='grc' dir='ltr'>δωρεᾶς,</span> <span class='ocrx_word' id='word_1_385' title='bbox 3288 1782 3493 1850; x_wconf 85' lang='grc' dir='ltr'>προῖκα</span> <span class='ocrx_word' id='word_1_386' title='bbox 3513 1780 3612 1848; x_wconf 79' lang='grc' dir='ltr'>τὴν</span> <span class='ocrx_word' id='word_1_387' title='bbox 3642 1779 3809 1847; x_wconf 79' lang='grc' dir='ltr'>ρόγαν</span> <span class='ocrx_word' id='word_1_388' title='bbox 3837 1777 4018 1847; x_wconf 75' lang='grc' dir='ltr'>ὲπήυο</span> 
     </span>
    </p>
   </div>
   <div class='ocr_carea' id='block_1_60' title="bbox 2427 1868 3925 1944">
    <p class='ocr_par' dir='ltr' id='par_1_60' title="bbox 2427 1868 3925 1944">
     <span class='ocr_line' id='line_1_60' title="bbox 2427 1868 3925 1944; baseline -0.002 -19"><span class='ocrx_word' id='word_1_389' title='bbox 2427 1875 2578 1944; x_wconf 83' lang='grc' dir='ltr'>ξησε,</span> <span class='ocrx_word' id='word_1_390' title='bbox 2613 1873 2882 1943; x_wconf 77' lang='grc' dir='ltr'>φιλοτίμῳ</span> <span class='ocrx_word' id='word_1_391' title='bbox 2917 1872 3011 1925; x_wconf 71' lang='grc' dir='ltr'><strong>καὶ</strong></span> <span class='ocrx_word' id='word_1_392' title='bbox 3041 1871 3327 1941; x_wconf 76' lang='grc' dir='ltr'>φιλαγάοῳ</span> <span class='ocrx_word' id='word_1_393' title='bbox 3356 1869 3554 1943; x_wconf 84' lang='grc' dir='ltr'>γνώμῃ</span> <span class='ocrx_word' id='word_1_394' title='bbox 3580 1868 3925 1937; x_wconf 80' lang='grc' dir='ltr'>κινούμενος.</span> 
     </span>
    </p>
   </div>
   <div class='ocr_carea' id='block_1_61' title="bbox 2504 1957 4016 2033">
    <p class='ocr_par' dir='ltr' id='par_1_61' title="bbox 2504 1957 4016 2033">
     <span class='ocr_line' id='line_1_61' title="bbox 2504 1957 4016 2033; baseline -0.004 -16"><span class='ocrx_word' id='word_1_395' title='bbox 2504 1965 2582 2027; x_wconf 83' lang='grc' dir='ltr'>ς’.</span> <span class='ocrx_word' id='word_1_396' title='bbox 2616 1963 2755 2033; x_wconf 81' lang='grc' dir='ltr'>’Ἤδη</span> <span class='ocrx_word' id='word_1_397' title='bbox 2785 1964 2839 2016; x_wconf 75' lang='grc' dir='ltr'><strong>δὲ</strong></span> <span class='ocrx_word' id='word_1_398' title='bbox 2860 1963 2958 2032; x_wconf 81' lang='grc' dir='ltr'>τῆς</span> <span class='ocrx_word' id='word_1_399' title='bbox 2991 1963 3127 2032; x_wconf 66' lang='grc' dir='ltr'>πρὸς</span> <span class='ocrx_word' id='word_1_400' title='bbox 3171 1962 3399 2032; x_wconf 79' lang='grc' dir='ltr'><strong>Ὀρόντῃ</strong></span> <span class='ocrx_word' id='word_1_401' title='bbox 3431 1960 3543 2030; x_wconf 73' lang='lat'><strong>(‘26)</strong></span> <span class='ocrx_word' id='word_1_402' title='bbox 3590 1959 3834 2030; x_wconf 69' lang='grc' dir='ltr'>μεγάλης</span> <span class='ocrx_word' id='word_1_403' title='bbox 3891 1957 4016 2011; x_wconf 78' lang='grc' dir='ltr'><strong>Ἀν-</strong></span> 
     </span>
    </p>
   </div>
   <div class='ocr_carea' id='block_1_62' title="bbox 2431 2051 4016 2127">
    <p class='ocr_par' dir='ltr' id='par_1_62' title="bbox 2431 2051 4016 2127">
     <span class='ocr_line' id='line_1_62' title="bbox 2431 2051 4016 2127; baseline -0.006 -17"><span class='ocrx_word' id='word_1_404' title='bbox 2431 2057 2668 2127; x_wconf 81' lang='grc' dir='ltr'>τιοχείας</span> <span class='ocrx_word' id='word_1_405' title='bbox 2703 2057 2839 2125; x_wconf 73' lang='grc' dir='ltr'>πρὸς</span> <span class='ocrx_word' id='word_1_406' title='bbox 2857 2056 2950 2108; x_wconf 78' lang='grc' dir='ltr'>τοῦ</span> <span class='ocrx_word' id='word_1_407' title='bbox 2968 2055 3374 2126; x_wconf 76' lang='grc' dir='ltr'>αὐτοκράτορος</span> <span class='ocrx_word' id='word_1_408' title='bbox 3401 2053 3718 2123; x_wconf 66' lang='grc' dir='ltr'>Νικηφόρον</span> <span class='ocrx_word' id='word_1_409' title='bbox 3751 2051 4016 2120; x_wconf 83' lang='grc' dir='ltr'>ἁλούσης,</span> 
     </span>
    </p>
   </div>
   <div class='ocr_carea' id='block_1_63' title="bbox 2433 2145 4021 2219">
    <p class='ocr_par' dir='ltr' id='par_1_63' title="bbox 2433 2145 4021 2219">
     <span class='ocr_line' id='line_1_63' title="bbox 2433 2145 4021 2219; baseline -0.003 -18"><span class='ocrx_word' id='word_1_410' title='bbox 2433 2151 2526 2202; x_wconf 68' lang='grc' dir='ltr'><strong>καὶ</strong></span> <span class='ocrx_word' id='word_1_411' title='bbox 2559 2148 2652 2202; x_wconf 79' lang='grc' dir='ltr'>τοῦ</span> <span class='ocrx_word' id='word_1_412' title='bbox 2709 2146 3094 2219; x_wconf 81' lang='grc' dir='ltr'>ἱεραρχοῦντος</span> <span class='ocrx_word' id='word_1_413' title='bbox 3128 2147 3474 2218; x_wconf 83' lang='grc' dir='ltr'>χηρευούσης</span> <span class='ocrx_word' id='word_1_414' title='bbox 3504 2145 3550 2217; x_wconf 88' lang='lat'>(6</span> <span class='ocrx_word' id='word_1_415' title='bbox 3583 2145 3687 2218; x_wconf 84' lang='grc' dir='ltr'>γὰρ</span> <span class='ocrx_word' id='word_1_416' title='bbox 3715 2145 3777 2198; x_wconf 81' lang='grc' dir='ltr'>τὸ</span> <span class='ocrx_word' id='word_1_417' title='bbox 3818 2145 4021 2215; x_wconf 81' lang='grc' dir='ltr'>πρότε-</span> 
     </span>
    </p>
   </div>
   <div class='ocr_carea' id='block_1_64' title="bbox 2435 2237 4017 2310">
    <p class='ocr_par' dir='ltr' id='par_1_64' title="bbox 2435 2237 4017 2310">
     <span class='ocr_line' id='line_1_64' title="bbox 2435 2237 4017 2310; baseline -0.003 -19"><span class='ocrx_word' id='word_1_418' title='bbox 2435 2257 2527 2308; x_wconf 90' lang='grc' dir='ltr'><strong>ρον</strong></span> <span class='ocrx_word' id='word_1_419' title='bbox 2560 2240 2854 2310; x_wconf 79' lang='grc' dir='ltr'>κατάρχων</span> <span class='ocrx_word' id='word_1_420' title='bbox 2889 2239 3094 2307; x_wconf 78' lang='grc' dir='ltr'>ταύτης</span> <span class='ocrx_word' id='word_1_421' title='bbox 3160 2237 3465 2308; x_wconf 76' lang='grc' dir='ltr'>Ἀγαρηνὺς</span> <span class='ocrx_word' id='word_1_422' title='bbox 3513 2237 3606 2289; x_wconf 73' lang='grc' dir='ltr'>τὸν</span> <span class='ocrx_word' id='word_1_423' title='bbox 3663 2237 4017 2307; x_wconf 74' lang='grc' dir='ltr'>πατριάρχην</span> 
     </span>
    </p>
   </div>
   <div class='ocr_carea' id='block_1_65' title="bbox 2434 2325 4016 2398">
    <p class='ocr_par' dir='ltr' id='par_1_65' title="bbox 2434 2325 4016 2398">
     <span class='ocr_line' id='line_1_65' title="bbox 2434 2325 4016 2398; baseline -0.003 -17"><span class='ocrx_word' id='word_1_424' title='bbox 2434 2327 2831 2398; x_wconf 79' lang='grc' dir='ltr'>Χριστοφόρον,</span> <span class='ocrx_word' id='word_1_425' title='bbox 2869 2327 3229 2381; x_wconf 77' lang='grc' dir='ltr'>ἁποστολικὸν</span> <span class='ocrx_word' id='word_1_426' title='bbox 3257 2327 3428 2398; x_wconf 82' lang='grc' dir='ltr'>ἄνδρα</span> <span class='ocrx_word' id='word_1_427' title='bbox 3461 2345 3520 2380; x_wconf 88' lang='grc' dir='ltr'><strong>τε</strong></span> <span class='ocrx_word' id='word_1_428' title='bbox 3575 2325 3668 2380; x_wconf 75' lang='grc' dir='ltr'>καὶ</span> <span class='ocrx_word' id='word_1_429' title='bbox 3701 2327 4016 2391; x_wconf 80' lang='grc' dir='ltr'>Θεσπέσιον,</span> 
     </span>
    </p>
   </div>
   <div class='ocr_carea' id='block_1_66' title="bbox 2436 2417 4018 2488">
    <p class='ocr_par' dir='ltr' id='par_1_66' title="bbox 2436 2417 4018 2488">
     <span class='ocr_line' id='line_1_66' title="bbox 2436 2417 4018 2488; baseline -0.003 -14"><span class='ocrx_word' id='word_1_430' title='bbox 2436 2420 2667 2485; x_wconf 80' lang='grc' dir='ltr'>ἀνεῖλεν,</span> <span class='ocrx_word' id='word_1_431' title='bbox 2715 2419 2967 2474; x_wconf 85' lang='grc' dir='ltr'>ἀκόντιον</span> <span class='ocrx_word' id='word_1_432' title='bbox 3007 2421 3150 2472; x_wconf 79' lang='grc' dir='ltr'>κατᾶ</span> <span class='ocrx_word' id='word_1_433' title='bbox 3205 2419 3316 2472; x_wconf 82' lang='grc' dir='ltr'>τῶν</span> <span class='ocrx_word' id='word_1_434' title='bbox 3354 2420 3596 2488; x_wconf 83' lang='grc' dir='ltr'>στέρνων</span> <span class='ocrx_word' id='word_1_435' title='bbox 3627 2417 3793 2470; x_wconf 82' lang='grc' dir='ltr'>αὑτοῦ</span> <span class='ocrx_word' id='word_1_436' title='bbox 3834 2417 4018 2471; x_wconf 73' lang='grc' dir='ltr'><strong>διελὰ⁹</strong></span> 
     </span>
    </p>
   </div>
   <div class='ocr_carea' id='block_1_67' title="bbox 2438 2499 4020 2580">
    <p class='ocr_par' dir='ltr' id='par_1_67' title="bbox 2438 2499 4020 2580">
     <span class='ocr_line' id='line_1_67' title="bbox 2438 2499 4020 2580; baseline -0.003 -16"><span class='ocrx_word' id='word_1_437' title='bbox 2438 2529 2560 2575; x_wconf 80' lang='grc' dir='ltr'>σας,</span> <span class='ocrx_word' id='word_1_438' title='bbox 2619 2510 2873 2580; x_wconf 78' lang='grc' dir='ltr'>ἔγκλημα</span> <span class='ocrx_word' id='word_1_439' title='bbox 2935 2509 3123 2580; x_wconf 69' lang='grc' dir='ltr'>τάνδρὶ</span> <span class='ocrx_word' id='word_1_440' title='bbox 3153 2510 3231 2572; x_wconf 79' lang='grc' dir='ltr'><strong>είς</strong></span> <span class='ocrx_word' id='word_1_441' title='bbox 3285 2508 3449 2560; x_wconf 80' lang='grc' dir='ltr'>τὸν¹⁹</span> <span class='ocrx_word' id='word_1_442' title='bbox 3506 2499 4020 2577; x_wconf 66' lang='grc' dir='ltr'>ΣωτῆραοΧριστὶν</span> 
     </span>
    </p>
   </div>
   <div class='ocr_carea' id='block_1_68' title="bbox 2435 2601 4019 2673">
    <p class='ocr_par' dir='ltr' id='par_1_68' title="bbox 2435 2601 4019 2673">
     <span class='ocr_line' id='line_1_68' title="bbox 2435 2601 4019 2673; baseline -0.003 -16"><span class='ocrx_word' id='word_1_443' title='bbox 2435 2605 2658 2672; x_wconf 80' lang='grc' dir='ltr'><strong>ἐπάγων</strong></span> <span class='ocrx_word' id='word_1_444' title='bbox 2691 2603 3022 2673; x_wconf 73' lang='grc' dir='ltr'>εὐσέϐειαν),</span> <span class='ocrx_word' id='word_1_445' title='bbox 3054 2601 3263 2671; x_wconf 88' lang='grc' dir='ltr'>ταύτης</span> <span class='ocrx_word' id='word_1_446' title='bbox 3318 2601 3408 2654; x_wconf 72' lang='grc' dir='ltr'>τὸν</span> <span class='ocrx_word' id='word_1_447' title='bbox 3435 2602 3785 2672; x_wconf 76' lang='grc' dir='ltr'>συνοικισμὸν</span> <span class='ocrx_word' id='word_1_448' title='bbox 3805 2602 4019 2672; x_wconf 83' lang='grc' dir='ltr'>προύρ-</span> 
     </span>
    </p>
   </div>
   <div class='ocr_carea' id='block_1_69' title="bbox 2434 2693 4022 2767">
    <p class='ocr_par' dir='ltr' id='par_1_69' title="bbox 2434 2693 4022 2767">
     <span class='ocr_line' id='line_1_69' title="bbox 2434 2693 4022 2767; baseline -0.003 -19"><span class='ocrx_word' id='word_1_449' title='bbox 2434 2696 2712 2767; x_wconf 87' lang='grc' dir='ltr'>γιαίτερον</span> <span class='ocrx_word' id='word_1_450' title='bbox 2773 2698 2799 2748; x_wconf 94' lang='lat'><strong>6</strong></span> <span class='ocrx_word' id='word_1_451' title='bbox 2861 2694 3118 2764; x_wconf 64' lang='grc' dir='ltr'>βασιλεὺς</span> <span class='ocrx_word' id='word_1_452' title='bbox 3189 2693 3446 2762; x_wconf 77' lang='grc' dir='ltr'><strong>Ἰωάννης</strong></span> <span class='ocrx_word' id='word_1_453' title='bbox 3506 2693 3858 2763; x_wconf 75' lang='grc' dir='ltr'>ποιούμενος,</span> <span class='ocrx_word' id='word_1_454' title='bbox 3932 2693 4022 2746; x_wconf 73' lang='grc' dir='ltr'>διὰ</span> 
     </span>
    </p>
   </div>
   <div class='ocr_carea' id='block_1_70' title="bbox 2438 2781 4024 2858">
    <p class='ocr_par' dir='ltr' id='par_1_70' title="bbox 2438 2781 4024 2858">
     <span class='ocr_line' id='line_1_70' title="bbox 2438 2781 4024 2858; baseline -0.002 -17"><span class='ocrx_word' id='word_1_455' title='bbox 2438 2789 2675 2856; x_wconf 78' lang='grc' dir='ltr'>σπουδῆς</span> <span class='ocrx_word' id='word_1_456' title='bbox 2711 2783 2824 2856; x_wconf 74' lang='grc' dir='ltr'>εἶχε</span> <span class='ocrx_word' id='word_1_457' title='bbox 2853 2787 2948 2839; x_wconf 70' lang='grc' dir='ltr'><strong>καὶ</strong></span> <span class='ocrx_word' id='word_1_458' title='bbox 2989 2787 3156 2849; x_wconf 72' lang='grc' dir='ltr'>πολὺς</span> <span class='ocrx_word' id='word_1_459' title='bbox 3206 2781 3274 2856; x_wconf 84' lang='grc' dir='ltr'>ἦν</span> <span class='ocrx_word' id='word_1_460' title='bbox 3301 2786 3644 2854; x_wconf 76' lang='grc' dir='ltr'>ἐγκείμενος,</span> <span class='ocrx_word' id='word_1_461' title='bbox 3679 2787 3777 2854; x_wconf 75' lang='grc' dir='ltr'>τῆς</span> <span class='ocrx_word' id='word_1_462' title='bbox 3833 2787 4024 2858; x_wconf 79' lang='grc' dir='ltr'>ίεραρ-</span> 
     </span>
    </p>
   </div>
   <div class='ocr_carea' id='block_1_71' title="bbox 2437 2877 4023 2953">
    <p class='ocr_par' dir='ltr' id='par_1_71' title="bbox 2437 2877 4023 2953">
     <span class='ocr_line' id='line_1_71' title="bbox 2437 2877 4023 2953; baseline -0.001 -21"><span class='ocrx_word' id='word_1_463' title='bbox 2437 2881 2559 2953; x_wconf 79' lang='grc' dir='ltr'>χίας</span> <span class='ocrx_word' id='word_1_464' title='bbox 2591 2881 2796 2951; x_wconf 84' lang='grc' dir='ltr'>ταύτης</span> <span class='ocrx_word' id='word_1_465' title='bbox 2825 2878 2914 2932; x_wconf 81' lang='grc' dir='ltr'><strong>τὸν</strong></span> <span class='ocrx_word' id='word_1_466' title='bbox 2945 2878 3095 2942; x_wconf 76' lang='grc' dir='ltr'>ἄξιον</span> <span class='ocrx_word' id='word_1_467' title='bbox 3134 2879 3340 2949; x_wconf 80' lang='grc' dir='ltr'>εὑρεῖν.</span> <span class='ocrx_word' id='word_1_468' title='bbox 3401 2877 3646 2930; x_wconf 76' lang='grc' dir='ltr'>Ἀλύοντι</span> <span class='ocrx_word' id='word_1_469' title='bbox 3668 2879 3724 2931; x_wconf 79' lang='grc' dir='ltr'>δὲ</span> <span class='ocrx_word' id='word_1_470' title='bbox 3753 2879 3799 2910; x_wconf 83' lang='grc'><strong>¹⁰</strong></span> <span class='ocrx_word' id='word_1_471' title='bbox 3844 2879 4023 2947; x_wconf 86' lang='grc' dir='ltr'>τούτῳ</span> 
     </span>
    </p>
   </div>
   <div class='ocr_carea' id='block_1_72' title="bbox 2439 2965 4023 3042">
    <p class='ocr_par' dir='ltr' id='par_1_72' title="bbox 2439 2965 4023 3042">
     <span class='ocr_line' id='line_1_72' title="bbox 2439 2965 4023 3042; baseline -0.003 -14"><span class='ocrx_word' id='word_1_472' title='bbox 2439 2976 2532 3028; x_wconf 77' lang='grc' dir='ltr'><strong>καὶ</strong></span> <span class='ocrx_word' id='word_1_473' title='bbox 2563 2965 2994 3042; x_wconf 80' lang='grc' dir='ltr'>γνωματεύοντι,</span> <span class='ocrx_word' id='word_1_474' title='bbox 3029 2971 3122 3024; x_wconf 73' lang='grc' dir='ltr'><strong>ἐπὶ</strong></span> <span class='ocrx_word' id='word_1_475' title='bbox 3178 2969 3303 3025; x_wconf 75' lang='grc' dir='ltr'>νοῦν</span> <span class='ocrx_word' id='word_1_476' title='bbox 3359 2966 3521 3040; x_wconf 74' lang='grc' dir='ltr'>ἦλθεν</span> <span class='ocrx_word' id='word_1_477' title='bbox 3556 2972 3582 3023; x_wconf 89' lang='lat'><strong>6</strong></span> <span class='ocrx_word' id='word_1_478' title='bbox 3617 2972 3680 3022; x_wconf 81' lang='grc' dir='ltr'>ὲκ</span> <span class='ocrx_word' id='word_1_479' title='bbox 3706 2972 4023 3035; x_wconf 80' lang='grc' dir='ltr'>Κολωνείας</span> 
     </span>
    </p>
   </div>
   <div class='ocr_carea' id='block_1_73' title="bbox 2436 3061 4021 3134">
    <p class='ocr_par' dir='ltr' id='par_1_73' title="bbox 2436 3061 4021 3134">
     <span class='ocr_line' id='line_1_73' title="bbox 2436 3061 4021 3134; baseline 0.001 -19"><span class='ocrx_word' id='word_1_480' title='bbox 2436 3064 2732 3134; x_wconf 78' lang='grc' dir='ltr'>Θεόδωρος,</span> <span class='ocrx_word' id='word_1_481' title='bbox 2763 3063 2904 3131; x_wconf 76' lang='grc' dir='ltr'>ἀνὴρ</span> <span class='ocrx_word' id='word_1_482' title='bbox 2943 3063 3000 3126; x_wconf 72' lang='grc' dir='ltr'>ἐξ</span> <span class='ocrx_word' id='word_1_483' title='bbox 3027 3061 3234 3130; x_wconf 78' lang='grc' dir='ltr'>ὀνύχων</span> <span class='ocrx_word' id='word_1_484' title='bbox 3270 3061 3361 3114; x_wconf 82' lang='grc' dir='ltr'>τὸν</span> <span class='ocrx_word' id='word_1_485' title='bbox 3405 3061 3670 3131; x_wconf 75' lang='grc' dir='ltr'>ὲρημικδν</span> <span class='ocrx_word' id='word_1_486' title='bbox 3705 3063 3800 3114; x_wconf 77' lang='grc' dir='ltr'><strong>καὶ</strong></span> <span class='ocrx_word' id='word_1_487' title='bbox 3834 3064 4021 3133; x_wconf 74' lang='grc' dir='ltr'>ἀπρά-</span> 
     </span>
    </p>
   </div>
   <div class='ocr_carea' id='block_1_74' title="bbox 2439 3153 4024 3228">
    <p class='ocr_par' dir='ltr' id='par_1_74' title="bbox 2439 3153 4024 3228">
     <span class='ocr_line' id='line_1_74' title="bbox 2439 3153 4024 3228; baseline -0.001 -18"><span class='ocrx_word' id='word_1_488' title='bbox 2439 3174 2619 3228; x_wconf 84' lang='grc' dir='ltr'>γμονα</span> <span class='ocrx_word' id='word_1_489' title='bbox 2691 3156 2805 3224; x_wconf 88' lang='grc' dir='ltr'>βίον</span> <span class='ocrx_word' id='word_1_490' title='bbox 2863 3155 3305 3225; x_wconf 79' lang='grc' dir='ltr'>αἱρετισάμενος,</span> <span class='ocrx_word' id='word_1_491' title='bbox 3373 3155 3468 3207; x_wconf 64' lang='grc' dir='ltr'><strong>καὶ</strong></span> <span class='ocrx_word' id='word_1_492' title='bbox 3534 3153 3752 3218; x_wconf 78' lang='grc' dir='ltr'>πολλοῖς</span> <span class='ocrx_word' id='word_1_493' title='bbox 3801 3155 4024 3226; x_wconf 74' lang='grc' dir='ltr'>ἱδρῶσιν</span> 
     </span>
    </p>
   </div>
   <div class='ocr_carea' id='block_1_75' title="bbox 2439 3249 4022 3322">
    <p class='ocr_par' dir='ltr' id='par_1_75' title="bbox 2439 3249 4022 3322">
     <span class='ocr_line' id='line_1_75' title="bbox 2439 3249 4022 3322; baseline -0.003 -15"><span class='ocrx_word' id='word_1_494' title='bbox 2439 3253 2762 3322; x_wconf 85' lang='grc' dir='ltr'>ἁσκητικοῖς</span> <span class='ocrx_word' id='word_1_495' title='bbox 2793 3249 2855 3302; x_wconf 84' lang='grc' dir='ltr'><strong>τὸ</strong></span> <span class='ocrx_word' id='word_1_496' title='bbox 2890 3249 3115 3320; x_wconf 81' lang='grc' dir='ltr'>σαρκίον</span> <span class='ocrx_word' id='word_1_497' title='bbox 3149 3249 3567 3318; x_wconf 79' lang='grc' dir='ltr'>καταδαμάσας.</span> <span class='ocrx_word' id='word_1_498' title='bbox 3616 3251 3877 3318; x_wconf 80' lang='grc' dir='ltr'>Τρίκινον</span> <span class='ocrx_word' id='word_1_499' title='bbox 3915 3251 4022 3320; x_wconf 80' lang='grc' dir='ltr'>γὰρ</span> 
     </span>
    </p>
   </div>
   <div class='ocr_carea' id='block_1_76' title="bbox 2443 3339 4025 3414">
    <p class='ocr_par' dir='ltr' id='par_1_76' title="bbox 2443 3339 4025 3414">
     <span class='ocr_line' id='line_1_76' title="bbox 2443 3339 4025 3414; baseline -0.001 -19"><span class='ocrx_word' id='word_1_500' title='bbox 2443 3344 2610 3414; x_wconf 79' lang='grc' dir='ltr'>ῥάκος</span> <span class='ocrx_word' id='word_1_501' title='bbox 2637 3341 3107 3409; x_wconf 72' lang='grc' dir='ltr'>ὲνδιδυσκόμενος,</span> <span class='ocrx_word' id='word_1_502' title='bbox 3146 3341 3240 3392; x_wconf 74' lang='grc' dir='ltr'>καὶ</span> <span class='ocrx_word' id='word_1_503' title='bbox 3268 3339 3442 3409; x_wconf 83' lang='grc' dir='ltr'>τούτῳ</span> <span class='ocrx_word' id='word_1_504' title='bbox 3475 3342 3904 3410; x_wconf 79' lang='grc' dir='ltr'>περικαλύπτων</span> <span class='ocrx_word' id='word_1_505' title='bbox 3935 3343 4025 3394; x_wconf 70' lang='grc' dir='ltr'><strong>τὸν</strong></span> 
     </span>
    </p>
   </div>
   <div class='ocr_carea' id='block_1_77' title="bbox 2428 3433 4024 3505">
    <p class='ocr_par' dir='ltr' id='par_1_77' title="bbox 2428 3433 4024 3505">
     <span class='ocr_line' id='line_1_77' title="bbox 2428 3433 4024 3505; baseline -0.001 -17"><span class='ocrx_word' id='word_1_506' title='bbox 2428 3436 2685 3505; x_wconf 74' lang='grc' dir='ltr'>ισίδηρον,</span> <span class='ocrx_word' id='word_1_507' title='bbox 2715 3435 2774 3487; x_wconf 86' lang='grc' dir='ltr'>ὃν</span> <span class='ocrx_word' id='word_1_508' title='bbox 2799 3434 2961 3503; x_wconf 72' lang='grc' dir='ltr'>ἔφερε</span> <span class='ocrx_word' id='word_1_509' title='bbox 2999 3433 3284 3502; x_wconf 81' lang='grc' dir='ltr'>τυραννῶν</span> <span class='ocrx_word' id='word_1_510' title='bbox 3322 3434 3382 3485; x_wconf 80' lang='grc' dir='ltr'><strong>τὸ</strong></span> <span class='ocrx_word' id='word_1_511' title='bbox 3410 3433 3705 3502; x_wconf 78' lang='grc' dir='ltr'>σωμάτιον,</span> <span class='ocrx_word' id='word_1_512' title='bbox 3736 3436 3796 3487; x_wconf 84' lang='grc' dir='ltr'><strong>ού</strong></span> <span class='ocrx_word' id='word_1_513' title='bbox 3826 3437 4024 3504; x_wconf 84' lang='grc' dir='ltr'>πρότε-</span> 
     </span>
    </p>
   </div>
   <div class='ocr_carea' id='block_1_78' title="bbox 2445 3525 4021 3598">
    <p class='ocr_par' dir='ltr' id='par_1_78' title="bbox 2445 3525 4021 3598">
     <span class='ocr_line' id='line_1_78' title="bbox 2445 3525 4021 3598; baseline 0 -19"><span class='ocrx_word' id='word_1_514' title='bbox 2445 3544 2535 3598; x_wconf 88' lang='grc' dir='ltr'><strong>ρον</strong></span> <span class='ocrx_word' id='word_1_515' title='bbox 2574 3527 2705 3579; x_wconf 80' lang='grc' dir='ltr'>αὐτὸ</span> <span class='ocrx_word' id='word_1_516' title='bbox 2743 3525 3173 3587; x_wconf 74' lang='grc' dir='ltr'>ἀπεσκευάζετο,</span> <span class='ocrx_word' id='word_1_517' title='bbox 3220 3525 3349 3594; x_wconf 70' lang='grc' dir='ltr'>πρὶν</span> <span class='ocrx_word' id='word_1_518' title='bbox 3394 3525 3460 3578; x_wconf 82' lang='grc' dir='ltr'><strong>ἂν</strong></span> <span class='ocrx_word' id='word_1_519' title='bbox 3497 3526 3722 3597; x_wconf 77' lang='grc' dir='ltr'>διερρύη</span> <span class='ocrx_word' id='word_1_520' title='bbox 3776 3544 3835 3579; x_wconf 88' lang='grc' dir='ltr'><strong>τε</strong></span> <span class='ocrx_word' id='word_1_521' title='bbox 3881 3528 4021 3594; x_wconf 81' lang='grc' dir='ltr'>ὅλον,</span> 
     </span>
    </p>
   </div>
   <div class='ocr_carea' id='block_1_79' title="bbox 2441 3617 4025 3686">
    <p class='ocr_par' dir='ltr' id='par_1_79' title="bbox 2441 3617 4025 3686">
     <span class='ocr_line' id='line_1_79' title="bbox 2441 3617 4025 3686; baseline -0.001 -14"><span class='ocrx_word' id='word_1_522' title='bbox 2441 3620 2536 3673; x_wconf 74' lang='grc' dir='ltr'><strong>καὶ</strong></span> <span class='ocrx_word' id='word_1_523' title='bbox 2569 3620 2647 3682; x_wconf 79' lang='grc' dir='ltr'>εἰς</span> <span class='ocrx_word' id='word_1_524' title='bbox 2678 3618 2830 3670; x_wconf 78' lang='grc' dir='ltr'>οὐδὲν</span> <span class='ocrx_word' id='word_1_525' title='bbox 2876 3617 3236 3686; x_wconf 76' lang='grc' dir='ltr'>ἐχρημάτιζε.</span> <span class='ocrx_word' id='word_1_526' title='bbox 3285 3617 3516 3684; x_wconf 79' lang='grc' dir='ltr'>Λέγεται</span> <span class='ocrx_word' id='word_1_527' title='bbox 3548 3619 3627 3682; x_wconf 78' lang='grc' dir='ltr'>δὲ,</span> <span class='ocrx_word' id='word_1_528' title='bbox 3657 3620 3750 3670; x_wconf 84' lang='grc' dir='ltr'>τὸν</span> <span class='ocrx_word' id='word_1_529' title='bbox 3781 3619 4025 3672; x_wconf 77' lang='grc' dir='ltr'>τοιοῦτον</span> 
     </span>
    </p>
   </div>
   <div class='ocr_carea' id='block_1_80' title="bbox 2445 3710 4024 3784">
    <p class='ocr_par' dir='ltr' id='par_1_80' title="bbox 2445 3710 4024 3784">
     <span class='ocr_line' id='line_1_80' title="bbox 2445 3710 4024 3784; baseline -0.001 -19"><span class='ocrx_word' id='word_1_530' title='bbox 2445 3713 2718 3784; x_wconf 75' lang='grc' dir='ltr'>μοναστὴν</span> <span class='ocrx_word' id='word_1_531' title='bbox 2747 3711 3049 3781; x_wconf 68' lang='grc' dir='ltr'>Νικηφὸρῳ</span> <span class='ocrx_word' id='word_1_532' title='bbox 3077 3728 3135 3762; x_wconf 91' lang='grc' dir='ltr'><strong>τε</strong></span> <span class='ocrx_word' id='word_1_533' title='bbox 3167 3711 3455 3780; x_wconf 81' lang='grc' dir='ltr'>πρότερον,</span> <span class='ocrx_word' id='word_1_534' title='bbox 3489 3711 3582 3764; x_wconf 66' lang='grc' dir='ltr'><strong>καὶ</strong></span> <span class='ocrx_word' id='word_1_535' title='bbox 3635 3710 3793 3774; x_wconf 81' lang='grc' dir='ltr'>αὖθις</span> <span class='ocrx_word' id='word_1_536' title='bbox 3836 3713 4024 3764; x_wconf 75' lang='grc' dir='ltr'>Ἰωάν-</span> 
     </span>
    </p>
   </div>
   <div class='ocr_carea' id='block_1_81' title="bbox 2439 3801 4027 3876">
    <p class='ocr_par' dir='ltr' id='par_1_81' title="bbox 2439 3801 4027 3876">
     <span class='ocr_line' id='line_1_81' title="bbox 2439 3801 4027 3876; baseline 0.001 -19"><span class='ocrx_word' id='word_1_537' title='bbox 2439 3821 2528 3876; x_wconf 86' lang='grc' dir='ltr'>νῃ,</span> <span class='ocrx_word' id='word_1_538' title='bbox 2552 3804 2650 3874; x_wconf 82' lang='grc' dir='ltr'>τὴν</span> <span class='ocrx_word' id='word_1_539' title='bbox 2671 3804 2769 3873; x_wconf 76' lang='grc' dir='ltr'><strong>τῆς</strong></span> <span class='ocrx_word' id='word_1_540' title='bbox 2803 3802 3078 3872; x_wconf 76' lang='grc' dir='ltr'>βασιλείας</span> <span class='ocrx_word' id='word_1_541' title='bbox 3102 3801 3460 3872; x_wconf 83' lang='grc' dir='ltr'>θεοκλυτῆσαι</span> <span class='ocrx_word' id='word_1_542' title='bbox 3481 3804 3801 3874; x_wconf 71' lang='grc' dir='ltr'>ἀνάῤῥησιν.</span> <span class='ocrx_word' id='word_1_543' title='bbox 3822 3804 4027 3859; x_wconf 70' lang='grc' dir='ltr'>Τοῧτον</span> 
     </span>
    </p>
   </div>
   <div class='ocr_carea' id='block_1_82' title="bbox 2446 3894 4026 3966">
    <p class='ocr_par' dir='ltr' id='par_1_82' title="bbox 2446 3894 4026 3966">
     <span class='ocr_line' id='line_1_82' title="bbox 2446 3894 4026 3966; baseline 0.001 -18"><span class='ocrx_word' id='word_1_544' title='bbox 2446 3896 2526 3965; x_wconf 83' lang='grc' dir='ltr'>τῷ</span> <span class='ocrx_word' id='word_1_545' title='bbox 2562 3894 2843 3963; x_wconf 77' lang='grc' dir='ltr'>Βυζαντίῳ</span> <span class='ocrx_word' id='word_1_546' title='bbox 2875 3896 2994 3948; x_wconf 88' lang='grc' dir='ltr'>τότε</span> <span class='ocrx_word' id='word_1_547' title='bbox 3029 3896 3469 3964; x_wconf 75' lang='grc' dir='ltr'>παρουσιάζοντα</span> <span class='ocrx_word' id='word_1_548' title='bbox 3492 3898 3519 3948; x_wconf 87' lang='lat'><strong>6</strong></span> <span class='ocrx_word' id='word_1_549' title='bbox 3567 3896 3823 3965; x_wconf 78' lang='grc' dir='ltr'>Ἰωάννης</span> <span class='ocrx_word' id='word_1_550' title='bbox 3857 3914 4026 3966; x_wconf 80' lang='grc' dir='ltr'>προσο</span> 
     </span>
    </p>
   </div>
   <div class='ocr_carea' id='block_1_83' title="bbox 2441 3984 4028 4057">
    <p class='ocr_par' dir='ltr' id='par_1_83' title="bbox 2441 3984 4028 4057">
     <span class='ocr_line' id='line_1_83' title="bbox 2441 3984 4028 4057; baseline -0.003 -15"><span class='ocrx_word' id='word_1_551' title='bbox 2441 3988 2567 4055; x_wconf 87' lang='grc' dir='ltr'>άγει</span> <span class='ocrx_word' id='word_1_552' title='bbox 2607 3988 2684 4057; x_wconf 81' lang='grc' dir='ltr'>τῷ</span> <span class='ocrx_word' id='word_1_553' title='bbox 2717 3987 3074 4056; x_wconf 83' lang='grc' dir='ltr'>Πολυεύκτῳ·</span> <span class='ocrx_word' id='word_1_554' title='bbox 3111 3988 3138 4038; x_wconf 87' lang='lat'><strong>6</strong></span> <span class='ocrx_word' id='word_1_555' title='bbox 3165 3988 3240 4050; x_wconf 85' lang='grc' dir='ltr'>δὲ,</span> <span class='ocrx_word' id='word_1_556' title='bbox 3279 3987 3398 4056; x_wconf 77' lang='grc' dir='ltr'><strong>ἅμα</strong></span> <span class='ocrx_word' id='word_1_557' title='bbox 3424 3989 3535 4050; x_wconf 83' lang='grc' dir='ltr'>τοῖς</span> <span class='ocrx_word' id='word_1_558' title='bbox 3578 3984 3872 4056; x_wconf 74' lang='grc' dir='ltr'>ἑνδημούσι</span> <span class='ocrx_word' id='word_1_559' title='bbox 3921 3989 4028 4040; x_wconf 82' lang='grc' dir='ltr'>τῶν</span> 
     </span>
    </p>
   </div>
   <div class='ocr_carea' id='block_1_84' title="bbox 2439 4077 4029 4150">
    <p class='ocr_par' dir='ltr' id='par_1_84' title="bbox 2439 4077 4029 4150">
     <span class='ocr_line' id='line_1_84' title="bbox 2439 4077 4029 4150; baseline -0.001 -17"><span class='ocrx_word' id='word_1_560' title='bbox 2439 4079 2753 4133; x_wconf 82' lang='grc' dir='ltr'>ἐπισκόπων</span> <span class='ocrx_word' id='word_1_561' title='bbox 2773 4078 2863 4130; x_wconf 80' lang='grc' dir='ltr'><strong>τὸν</strong></span> <span class='ocrx_word' id='word_1_562' title='bbox 2895 4079 3063 4150; x_wconf 78' lang='grc' dir='ltr'>ἄνδρα</span> <span class='ocrx_word' id='word_1_563' title='bbox 3093 4077 3394 4148; x_wconf 72' lang='grc' dir='ltr'>ἐξητακὼς,</span> <span class='ocrx_word' id='word_1_564' title='bbox 3427 4078 3672 4149; x_wconf 77' lang='grc' dir='ltr'>ὲφευρών</span> <span class='ocrx_word' id='word_1_565' title='bbox 3693 4097 3749 4132; x_wconf 87' lang='grc' dir='ltr'><strong>τε</strong></span> <span class='ocrx_word' id='word_1_566' title='bbox 3770 4080 3871 4150; x_wconf 75' lang='grc' dir='ltr'><strong>τὴν</strong></span> <span class='ocrx_word' id='word_1_567' title='bbox 3931 4080 4029 4149; x_wconf 81' lang='grc' dir='ltr'><strong>μὲν</strong></span> 
     </span>
    </p>
   </div>
   <div class='ocr_carea' id='block_1_85' title="bbox 2438 4169 4030 4242">
    <p class='ocr_par' dir='ltr' id='par_1_85' title="bbox 2438 4169 4030 4242">
     <span class='ocr_line' id='line_1_85' title="bbox 2438 4169 4030 4242; baseline 0 -17"><span class='ocrx_word' id='word_1_568' title='bbox 2438 4171 2674 4241; x_wconf 84' lang='grc' dir='ltr'>θύραθεν</span> <span class='ocrx_word' id='word_1_569' title='bbox 2706 4170 2952 4223; x_wconf 81' lang='grc' dir='ltr'>παιδείαν</span> <span class='ocrx_word' id='word_1_570' title='bbox 2985 4171 3046 4222; x_wconf 83' lang='grc' dir='ltr'><strong>ού</strong></span> <span class='ocrx_word' id='word_1_571' title='bbox 3077 4170 3216 4222; x_wconf 86' lang='grc' dir='ltr'>πάνυ</span> <span class='ocrx_word' id='word_1_572' title='bbox 3260 4169 3346 4240; x_wconf 83' lang='grc' dir='ltr'><strong>[Ρ.</strong></span> <span class='ocrx_word' id='word_1_573' title='bbox 3371 4169 3462 4241; x_wconf 67' lang='grc'><strong>62]</strong></span> <span class='ocrx_word' id='word_1_574' title='bbox 3485 4169 3834 4240; x_wconf 77' lang='grc' dir='ltr'>ἡκριόωκότα</span> <span class='ocrx_word' id='word_1_575' title='bbox 3867 4170 3984 4242; x_wconf 72' lang='lat'><strong>(27)</strong></span> <span class='ocrx_word' id='word_1_576' title='bbox 4011 4210 4030 4238; x_wconf 82' lang='lat'><strong>,</strong></span> 
     </span>
    </p>
   </div>
   <div class='ocr_carea' id='block_1_86' title="bbox 2436 4262 4027 4334">
    <p class='ocr_par' dir='ltr' id='par_1_86' title="bbox 2436 4262 4027 4334">
     <span class='ocr_line' id='line_1_86' title="bbox 2436 4262 4027 4334; baseline 0.001 -18"><span class='ocrx_word' id='word_1_577' title='bbox 2436 4266 2626 4334; x_wconf 82' lang='grc' dir='ltr'>τήνγε</span> <span class='ocrx_word' id='word_1_578' title='bbox 2670 4263 2776 4333; x_wconf 82' lang='grc' dir='ltr'><strong>μὴν</strong></span> <span class='ocrx_word' id='word_1_579' title='bbox 2827 4262 2977 4316; x_wconf 83' lang='grc' dir='ltr'>θείαν</span> <span class='ocrx_word' id='word_1_580' title='bbox 3006 4262 3100 4314; x_wconf 76' lang='grc' dir='ltr'><strong>καὶ</strong></span> <span class='ocrx_word' id='word_1_581' title='bbox 3149 4262 3423 4333; x_wconf 75' lang='grc' dir='ltr'>ἡμετέραν</span> <span class='ocrx_word' id='word_1_582' title='bbox 3471 4264 3844 4334; x_wconf 78' lang='grc' dir='ltr'>ἐξησκημένον</span> <span class='ocrx_word' id='word_1_583' title='bbox 3877 4264 4027 4334; x_wconf 73' lang='grc' dir='ltr'>φιλο-</span> 
     </span>
    </p>
   </div>
   <div class='ocr_carea' id='block_1_87' title="bbox 2435 4353 4024 4426">
    <p class='ocr_par' dir='ltr' id='par_1_87' title="bbox 2435 4353 4024 4426">
     <span class='ocr_line' id='line_1_87' title="bbox 2435 4353 4024 4426; baseline 0.003 -19"><span class='ocrx_word' id='word_1_584' title='bbox 2435 4354 2724 4424; x_wconf 81' lang='grc' dir='ltr'>τιμότατα,</span> <span class='ocrx_word' id='word_1_585' title='bbox 2758 4353 2904 4424; x_wconf 81' lang='grc' dir='ltr'>χρίει</span> <span class='ocrx_word' id='word_1_586' title='bbox 2949 4354 3109 4406; x_wconf 75' lang='grc' dir='ltr'>αὐτὸν</span> <span class='ocrx_word' id='word_1_587' title='bbox 3167 4354 3516 4425; x_wconf 79' lang='grc' dir='ltr'>πατριάρχην</span> <span class='ocrx_word' id='word_1_588' title='bbox 3567 4356 3923 4426; x_wconf 84' lang='grc' dir='ltr'>Ἀντιοχείας.</span> <span class='ocrx_word' id='word_1_589' title='bbox 3970 4359 4024 4412; x_wconf 88' lang='grc' dir='ltr'><strong>Ὀ</strong></span> 
     </span>
    </p>
   </div>
   <div class='ocr_carea' id='block_1_88' title="bbox 2433 4446 4025 4521">
    <p class='ocr_par' dir='ltr' id='par_1_88' title="bbox 2433 4446 4025 4521">
     <span class='ocr_line' id='line_1_88' title="bbox 2433 4446 4025 4521; baseline 0.002 -20"><span class='ocrx_word' id='word_1_590' title='bbox 2433 4447 2488 4502; x_wconf 84' lang='grc' dir='ltr'>δὲ</span> <span class='ocrx_word' id='word_1_591' title='bbox 2515 4447 2852 4510; x_wconf 87' lang='grc' dir='ltr'>Πολύευκτος</span> <span class='ocrx_word' id='word_1_592' title='bbox 2878 4446 3014 4518; x_wconf 70' lang='grc'>(28),</span> <span class='ocrx_word' id='word_1_593' title='bbox 3042 4446 3245 4516; x_wconf 79' lang='grc' dir='ltr'>μικρὰς</span> <span class='ocrx_word' id='word_1_594' title='bbox 3268 4447 3736 4518; x_wconf 75' lang='grc' dir='ltr'>ἠμέραςὲπιὸιοὺς</span> <span class='ocrx_word' id='word_1_595' title='bbox 3763 4451 3904 4520; x_wconf 78' lang='grc' dir='ltr'>μετὰ</span> <span class='ocrx_word' id='word_1_596' title='bbox 3929 4451 4025 4521; x_wconf 75' lang='grc' dir='ltr'><strong>τὴν</strong></span> 
     </span>
    </p>
   </div>
   <div class='ocr_carea' id='block_1_89' title="bbox 2446 4536 4020 4610">
    <p class='ocr_par' dir='ltr' id='par_1_89' title="bbox 2446 4536 4020 4610">
     <span class='ocr_line' id='line_1_89' title="bbox 2446 4536 4020 4610; baseline 0.002 -20"><span class='ocrx_word' id='word_1_597' title='bbox 2446 4537 2724 4608; x_wconf 80' lang='grc' dir='ltr'>Θεοδώρου</span> <span class='ocrx_word' id='word_1_598' title='bbox 2752 4537 3095 4608; x_wconf 78' lang='grc' dir='ltr'>προχείρισιν</span> <span class='ocrx_word' id='word_1_599' title='bbox 3118 4537 3160 4567; x_wconf 76' lang='grc'>⁸⁸</span> <span class='ocrx_word' id='word_1_600' title='bbox 3193 4536 3329 4606; x_wconf 76' lang='lat'><strong>(9.9),</strong></span> <span class='ocrx_word' id='word_1_601' title='bbox 3374 4537 3732 4608; x_wconf 83' lang='grc' dir='ltr'>μεταλλάττει</span> <span class='ocrx_word' id='word_1_602' title='bbox 3766 4540 3859 4593; x_wconf 75' lang='grc' dir='ltr'><strong>τὸν</strong></span> <span class='ocrx_word' id='word_1_603' title='bbox 3887 4541 4020 4610; x_wconf 77' lang='grc' dir='ltr'>βίον,</span> 
     </span>
    </p>
   </div>
   <div class='ocr_carea' id='block_1_90' title="bbox 3885 1684 4017 1749">
    <p class='ocr_par' dir='ltr' id='par_1_90' title="bbox 3885 1684 4017 1749">
     <span class='ocr_line' id='line_1_90' title="bbox 3885 1684 4017 1749; baseline 0.008 -13"><span class='ocrx_word' id='word_1_604' title='bbox 3885 1684 4017 1749; x_wconf 78' lang='grc' dir='ltr'>ξιω·</span> 
     </span>
    </p>
   </div>
   <div class='ocr_carea' id='block_1_91' title="bbox 1909 4714 2894 4775">
    <p class='ocr_par' dir='ltr' id='par_1_91' title="bbox 1909 4714 2894 4775">
     <span class='ocr_line' id='line_1_91' title="bbox 1909 4714 2894 4775; baseline -0.002 -1"><span class='ocrx_word' id='word_1_605' title='bbox 1909 4718 1972 4774; x_wconf 88' lang='lat' dir='ltr'><strong>C.</strong></span> <span class='ocrx_word' id='word_1_606' title='bbox 2005 4718 2067 4773; x_wconf 85' lang='grc' dir='ltr'>Β.</span> <span class='ocrx_word' id='word_1_607' title='bbox 2109 4714 2293 4775; x_wconf 83' lang='lat' dir='ltr'><strong>HASII</strong></span> <span class='ocrx_word' id='word_1_608' title='bbox 2338 4716 2894 4774; x_wconf 71' lang='lat' dir='ltr'><strong>ANNOTATIONES.</strong></span> 
     </span>
    </p>
   </div>
   <div class='ocr_carea' id='block_1_92' title="bbox 821 4853 2033 4927">
    <p class='ocr_par' dir='ltr' id='par_1_92' title="bbox 821 4853 2033 4927">
     <span class='ocr_line' id='line_1_92' title="bbox 821 4853 2033 4927; baseline 0.005 -21"><span class='ocrx_word' id='word_1_609' title='bbox 821 4853 865 4888; x_wconf 81' lang='grc'><strong>¹’</strong></span> <span class='ocrx_word' id='word_1_610' title='bbox 893 4855 971 4917; x_wconf 84' lang='grc' dir='ltr'>εἰς</span> <span class='ocrx_word' id='word_1_611' title='bbox 991 4854 1102 4908; x_wconf 70' lang='grc' dir='ltr'>τιν.</span> <span class='ocrx_word' id='word_1_612' title='bbox 1134 4853 1226 4910; x_wconf 87' lang='lat' dir='ltr'><strong>Sic</strong></span> <span class='ocrx_word' id='word_1_613' title='bbox 1257 4855 1378 4911; x_wconf 84' lang='lat' dir='ltr'><strong>cod.</strong></span> <span class='ocrx_word' id='word_1_614' title='bbox 1411 4855 1559 4913; x_wconf 86' lang='lat' dir='ltr'><strong>Fort.</strong></span> <span class='ocrx_word' id='word_1_615' title='bbox 1593 4856 1682 4910; x_wconf 91' lang='lat' dir='ltr'><strong>hic</strong></span> <span class='ocrx_word' id='word_1_616' title='bbox 1727 4855 1880 4912; x_wconf 90' lang='lat' dir='ltr'><strong>deest</strong></span> <span class='ocrx_word' id='word_1_617' title='bbox 1911 4858 2033 4927; x_wconf 79' lang='grc' dir='ltr'>τήν.</span> 
     </span>
    </p>
   </div>
   <div class='ocr_carea' id='block_1_93' title="bbox 2137 4854 2596 4928">
    <p class='ocr_par' dir='ltr' id='par_1_93' title="bbox 2137 4854 2596 4928">
     <span class='ocr_line' id='line_1_93' title="bbox 2137 4854 2596 4928; baseline 0.004 -18"><span class='ocrx_word' id='word_1_618' title='bbox 2137 4855 2182 4888; x_wconf 75' lang='grc' dir='ltr'>ιο</span> <span class='ocrx_word' id='word_1_619' title='bbox 2221 4855 2303 4914; x_wconf 76' lang='grc' dir='ltr'>δέ.</span> <span class='ocrx_word' id='word_1_620' title='bbox 2333 4854 2482 4911; x_wconf 89' lang='lat' dir='ltr'><strong>Fort.</strong></span> <span class='ocrx_word' id='word_1_621' title='bbox 2510 4857 2596 4928; x_wconf 82' lang='grc' dir='ltr'>δή.</span> 
     </span>
    </p>
   </div>
   <div class='ocr_carea' id='block_1_94' title="bbox 2697 4853 3292 4927">
    <p class='ocr_par' dir='ltr' id='par_1_94' title="bbox 2697 4853 3292 4927">
     <span class='ocr_line' id='line_1_94' title="bbox 2697 4853 3292 4927; baseline 0 -18"><span class='ocrx_word' id='word_1_622' title='bbox 2697 4859 2740 4888; x_wconf 75' lang='grc' dir='ltr'>’ί</span> <span class='ocrx_word' id='word_1_623' title='bbox 2777 4855 3138 4927; x_wconf 82' lang='grc' dir='ltr'>προχείρησιν</span> <span class='ocrx_word' id='word_1_624' title='bbox 3168 4853 3292 4909; x_wconf 91' lang='lat' dir='ltr'><strong>cod.</strong></span> 
     </span>
    </p>
   </div>
   <div class='ocr_carea' id='block_1_95' title="bbox 821 5017 2328 5089">
    <p class='ocr_par' dir='ltr' id='par_1_95' title="bbox 821 5018 2326 5089">
     <span class='ocr_line' id='line_1_95' title="bbox 821 5018 2326 5089; baseline 0.003 -19"><span class='ocrx_word' id='word_1_625' title='bbox 821 5018 936 5088; x_wconf 72' lang='lat'><strong>(26)</strong></span> <span class='ocrx_word' id='word_1_626' title='bbox 957 5019 1081 5074; x_wconf 83' lang='lat' dir='ltr'><strong>llaec</strong></span> <span class='ocrx_word' id='word_1_627' title='bbox 1105 5029 1158 5074; x_wconf 87' lang='lat' dir='ltr'><strong>et</strong></span> <span class='ocrx_word' id='word_1_628' title='bbox 1181 5019 1463 5086; x_wconf 83' lang='lat' dir='ltr'><strong>sequentia</strong></span> <span class='ocrx_word' id='word_1_629' title='bbox 1485 5035 1550 5074; x_wconf 79' lang='lat' dir='ltr'><strong>ex</strong></span> <span class='ocrx_word' id='word_1_630' title='bbox 1575 5019 1756 5073; x_wconf 87' lang='lat' dir='ltr'><strong>Leone</strong></span> <span class='ocrx_word' id='word_1_631' title='bbox 1780 5019 2064 5074; x_wconf 91' lang='lat' dir='ltr'><strong>transtulit</strong></span> <span class='ocrx_word' id='word_1_632' title='bbox 2093 5018 2326 5089; x_wconf 83' lang='lat' dir='ltr'><strong>Scylitza</strong></span> 
     </span>
    </p>
   </div>
   <div class='ocr_carea' id='block_1_96' title="bbox 2434 5017 2747 5089">
    <p class='ocr_par' dir='ltr' id='par_1_96' title="bbox 2437 5022 2747 5089">
     <span class='ocr_line' id='line_1_96' title="bbox 2437 5022 2747 5089; baseline 0 -14"><span class='ocrx_word' id='word_1_633' title='bbox 2437 5022 2747 5089; x_wconf 76' lang='grc' dir='ltr'>διαφυγεῖν.</span> 
     </span>
    </p>
   </div>
   <div class='ocr_carea' id='block_1_97' title="bbox 747 5079 2332 5161">
    <p class='ocr_par' dir='ltr' id='par_1_97' title="bbox 747 5079 2332 5161">
     <span class='ocr_line' id='line_1_97' title="bbox 747 5079 2332 5161; baseline 0.003 -19"><span class='ocrx_word' id='word_1_634' title='bbox 747 5079 1362 5161; x_wconf 24' lang='lat' dir='ltr'><strong>in‘Chroniconimsq</strong></span> <span class='ocrx_word' id='word_1_635' title='bbox 1421 5092 1564 5144; x_wconf 90' lang='lat' dir='ltr'><strong>unde</strong></span> <span class='ocrx_word' id='word_1_636' title='bbox 1620 5090 1913 5160; x_wconf 81' lang='lat' dir='ltr'><strong>exscripsit</strong></span> <span class='ocrx_word' id='word_1_637' title='bbox 1971 5079 2184 5161; x_wconf 48' lang='lat' dir='ltr'><strong>partim&#39;</strong></span> <span class='ocrx_word' id='word_1_638' title='bbox 2231 5091 2332 5147; x_wconf 84' lang='lat' dir='ltr'><strong>Ce-</strong></span> 
     </span>
    </p>
   </div>
   <div class='ocr_carea' id='block_1_98' title="bbox 749 5159 1255 5213">
    <p class='ocr_par' dir='ltr' id='par_1_98' title="bbox 749 5159 1255 5213">
     <span class='ocr_line' id='line_1_98' title="bbox 749 5159 1255 5213; baseline 0.004 -3"><span class='ocrx_word' id='word_1_639' title='bbox 749 5161 907 5213; x_wconf 84' lang='lat' dir='ltr'><strong>dren.</strong></span> <span class='ocrx_word' id='word_1_640' title='bbox 952 5159 1012 5212; x_wconf 92' lang='lat' dir='ltr'><strong>ll.</strong></span> <span class='ocrx_word' id='word_1_641' title='bbox 1041 5162 1163 5213; x_wconf 79' lang='lat'><strong>665.</strong></span> <span class='ocrx_word' id='word_1_642' title='bbox 1197 5160 1255 5212; x_wconf 83' lang='grc' dir='ltr'>Β.</span> 
     </span>
    </p>
   </div>
   <div class='ocr_carea' id='block_1_99' title="bbox 823 5230 2327 5299">
    <p class='ocr_par' dir='ltr' id='par_1_99' title="bbox 823 5230 2327 5299">
     <span class='ocr_line' id='line_1_99' title="bbox 823 5230 2327 5299; baseline 0.005 -19"><span class='ocrx_word' id='word_1_643' title='bbox 823 5230 934 5296; x_wconf 74' lang='lat'><strong>(‘27)</strong></span> <span class='ocrx_word' id='word_1_644' title='bbox 975 5230 1374 5284; x_wconf 84' lang='lat' dir='ltr'><strong>Dissuadebant</strong></span> <span class='ocrx_word' id='word_1_645' title='bbox 1423 5233 1579 5287; x_wconf 90' lang='lat' dir='ltr'><strong>multi</strong></span> <span class='ocrx_word' id='word_1_646' title='bbox 1627 5233 1679 5287; x_wconf 89' lang='lat' dir='ltr'><strong>in</strong></span> <span class='ocrx_word' id='word_1_647' title='bbox 1735 5231 1964 5299; x_wconf 67' lang='lat' dir='ltr'><strong>Graecia,</strong></span> <span class='ocrx_word' id='word_1_648' title='bbox 2017 5241 2131 5287; x_wconf 91' lang='lat' dir='ltr'><strong>tum</strong></span> <span class='ocrx_word' id='word_1_649' title='bbox 2180 5235 2327 5288; x_wconf 91' lang='lat' dir='ltr'><strong>omni</strong></span> 
     </span>
    </p>
   </div>
   <div class='ocr_carea' id='block_1_100' title="bbox 749 5301 2330 5374">
    <p class='ocr_par' dir='ltr' id='par_1_100' title="bbox 749 5301 2330 5374">
     <span class='ocr_line' id='line_1_100' title="bbox 749 5301 2330 5374; baseline 0.004 -22"><span class='ocrx_word' id='word_1_650' title='bbox 749 5301 932 5354; x_wconf 88' lang='lat' dir='ltr'><strong>medio</strong></span> <span class='ocrx_word' id='word_1_651' title='bbox 969 5316 1113 5374; x_wconf 71' lang='lat' dir='ltr'><strong>aevo,</strong></span> <span class='ocrx_word' id='word_1_652' title='bbox 1134 5309 1250 5374; x_wconf 86' lang='lat' dir='ltr'><strong>tum</strong></span> <span class='ocrx_word' id='word_1_653' title='bbox 1282 5304 1516 5374; x_wconf 85' lang='lat' dir='ltr'><strong>maxime</strong></span> <span class='ocrx_word' id='word_1_654' title='bbox 1548 5304 1651 5358; x_wconf 92' lang='lat' dir='ltr'><strong>hoc</strong></span> <span class='ocrx_word' id='word_1_655' title='bbox 1686 5307 1906 5370; x_wconf 60' lang='lat' dir='ltr'><strong>saculo,</strong></span> <span class='ocrx_word' id='word_1_656' title='bbox 1952 5304 2213 5374; x_wconf 79' lang='lat' dir='ltr'><strong>profanas</strong></span> <span class='ocrx_word' id='word_1_657' title='bbox 2243 5307 2330 5358; x_wconf 86' lang='lat' dir='ltr'><strong>lit-</strong></span> 
     </span>
    </p>
   </div>
   <div class='ocr_carea' id='block_1_101' title="bbox 750 5372 2332 5441">
    <p class='ocr_par' dir='ltr' id='par_1_101' title="bbox 750 5372 2332 5441">
     <span class='ocr_line' id='line_1_101' title="bbox 750 5372 2332 5441; baseline 0.006 -20"><span class='ocrx_word' id='word_1_658' title='bbox 750 5380 896 5422; x_wconf 84' lang='lat' dir='ltr'><strong>teras</strong></span> <span class='ocrx_word' id='word_1_659' title='bbox 930 5389 942 5424; x_wconf 93' lang='lat'>:</span> <span class='ocrx_word' id='word_1_660' title='bbox 978 5372 1118 5438; x_wconf 86' lang='lat' dir='ltr'><strong>quod</strong></span> <span class='ocrx_word' id='word_1_661' title='bbox 1154 5373 1244 5441; x_wconf 92' lang='lat' dir='ltr'><strong>qui</strong></span> <span class='ocrx_word' id='word_1_662' title='bbox 1280 5373 1344 5425; x_wconf 90' lang='lat' dir='ltr'><strong>iis</strong></span> <span class='ocrx_word' id='word_1_663' title='bbox 1385 5389 1413 5426; x_wconf 89' lang='lat' dir='ltr'><strong>a</strong></span> <span class='ocrx_word' id='word_1_664' title='bbox 1452 5383 1642 5428; x_wconf 87' lang='lat' dir='ltr'><strong>tenero</strong></span> <span class='ocrx_word' id='word_1_665' title='bbox 1678 5374 1872 5428; x_wconf 89' lang='lat' dir='ltr'><strong>imbuti</strong></span> <span class='ocrx_word' id='word_1_666' title='bbox 1905 5372 2111 5438; x_wconf 81' lang='lat' dir='ltr'><strong>essent,</strong></span> <span class='ocrx_word' id='word_1_667' title='bbox 2139 5375 2202 5426; x_wconf 85' lang='lat' dir='ltr'><strong>ad</strong></span> <span class='ocrx_word' id='word_1_668' title='bbox 2242 5391 2332 5430; x_wconf 87' lang='lat' dir='ltr'><strong>ve-</strong></span> 
     </span>
    </p>
   </div>
   <div class='ocr_carea' id='block_1_102' title="bbox 752 5441 2333 5512">
    <p class='ocr_par' dir='ltr' id='par_1_102' title="bbox 752 5441 2333 5512">
     <span class='ocr_line' id='line_1_102' title="bbox 752 5441 2333 5512; baseline 0.004 -20"><span class='ocrx_word' id='word_1_669' title='bbox 752 5441 968 5493; x_wconf 87' lang='lat' dir='ltr'><strong>ritatem</strong></span> <span class='ocrx_word' id='word_1_670' title='bbox 999 5441 1120 5494; x_wconf 87' lang='lat' dir='ltr'><strong>tidei</strong></span> <span class='ocrx_word' id='word_1_671' title='bbox 1149 5443 1404 5498; x_wconf 82' lang='lat' dir='ltr'><strong>caeciores</strong></span> <span class='ocrx_word' id='word_1_672' title='bbox 1432 5453 1778 5512; x_wconf 88' lang='lat' dir='ltr'><strong>putarentur.</strong></span> <span class='ocrx_word' id='word_1_673' title='bbox 1799 5444 1874 5499; x_wconf 84' lang='lat' dir='ltr'><strong>Ita</strong></span> <span class='ocrx_word' id='word_1_674' title='bbox 1895 5445 1953 5500; x_wconf 91' lang='lat' dir='ltr'><strong>S.</strong></span> <span class='ocrx_word' id='word_1_675' title='bbox 1976 5445 2333 5511; x_wconf 73' lang='lat' dir='ltr'><strong>Nicephorus,</strong></span> 
     </span>
    </p>
   </div>
   <div class='ocr_carea' id='block_1_103' title="bbox 747 5512 2337 5585">
    <p class='ocr_par' dir='ltr' id='par_1_103' title="bbox 747 5512 2337 5585">
     <span class='ocr_line' id='line_1_103' title="bbox 747 5512 2337 5585; baseline 0.005 -25"><span class='ocrx_word' id='word_1_676' title='bbox 747 5513 816 5585; x_wconf 64' lang='lat' dir='ltr'><strong>de</strong></span> <span class='ocrx_word' id='word_1_677' title='bbox 869 5525 978 5585; x_wconf 84' lang='lat' dir='ltr'><strong>quo</strong></span> <span class='ocrx_word' id='word_1_678' title='bbox 1016 5527 1194 5585; x_wconf 71' lang='lat' dir='ltr'><strong>~supra</strong></span> <span class='ocrx_word' id='word_1_679' title='bbox 1242 5512 1379 5585; x_wconf 55' lang='lat'><strong>2‘25.</strong></span> <span class='ocrx_word' id='word_1_680' title='bbox 1416 5515 1479 5569; x_wconf 70' lang='grc'><strong>(3.</strong></span> <span class='ocrx_word' id='word_1_681' title='bbox 1538 5515 1592 5567; x_wconf 90' lang='lat' dir='ltr'><strong>in</strong></span> <span class='ocrx_word' id='word_1_682' title='bbox 1639 5514 1758 5569; x_wconf 79' lang='lat' dir='ltr'><strong>Vita</strong></span> <span class='ocrx_word' id='word_1_683' title='bbox 1791 5531 1897 5569; x_wconf 91' lang='lat' dir='ltr'><strong>ms.</strong></span> <span class='ocrx_word' id='word_1_684' title='bbox 1939 5517 2199 5585; x_wconf 73' lang='lat' dir='ltr'><strong>magistro</strong></span> <span class='ocrx_word' id='word_1_685' title='bbox 2243 5517 2337 5568; x_wconf 83' lang='grc' dir='ltr'>τοῦ</span> 
     </span>
    </p>
   </div>
   <div class='ocr_carea' id='block_1_104' title="bbox 750 5579 2335 5655">
    <p class='ocr_par' dir='ltr' id='par_1_104' title="bbox 750 5579 2335 5655">
     <span class='ocr_line' id='line_1_104' title="bbox 750 5579 2335 5655; baseline 0.004 -24"><span class='ocrx_word' id='word_1_686' title='bbox 750 5579 1043 5655; x_wconf 46' lang='grc' dir='ltr'>Μω-σελλοῦ</span> <span class='ocrx_word' id='word_1_687' title='bbox 1079 5579 1212 5655; x_wconf 82' lang='lat' dir='ltr'><strong>puer</strong></span> <span class='ocrx_word' id='word_1_688' title='bbox 1245 5583 1297 5655; x_wconf 79' lang='lat' dir='ltr'><strong>in</strong></span> <span class='ocrx_word' id='word_1_689' title='bbox 1331 5584 1675 5655; x_wconf 82' lang='lat' dir='ltr'><strong>disciplinam</strong></span> <span class='ocrx_word' id='word_1_690' title='bbox 1710 5586 1943 5639; x_wconf 89' lang='lat' dir='ltr'><strong>traditus</strong></span> <span class='ocrx_word' id='word_1_691' title='bbox 1983 5579 2207 5649; x_wconf 58' lang='lat' dir='ltr'><strong>di&#39;citur,</strong></span> <span class='ocrx_word' id='word_1_692' title='bbox 2237 5590 2335 5655; x_wconf 77' lang='grc' dir='ltr'>τὴν</span> 
     </span>
    </p>
   </div>
   <div class='ocr_carea' id='block_1_105' title="bbox 750 5649 2342 5726">
    <p class='ocr_par' dir='ltr' id='par_1_105' title="bbox 750 5649 2342 5726">
     <span class='ocr_line' id='line_1_105' title="bbox 750 5649 2342 5726; baseline 0.004 -26"><span class='ocrx_word' id='word_1_693' title='bbox 750 5649 907 5718; x_wconf 75' lang='grc' dir='ltr'>ἱερὰν</span> <span class='ocrx_word' id='word_1_694' title='bbox 923 5652 1168 5726; x_wconf 57' lang='grc' dir='ltr'>-Γραφὴν</span> <span class='ocrx_word' id='word_1_695' title='bbox 1200 5652 1366 5726; x_wconf 68' lang='grc' dir='ltr'>μόνην</span> <span class='ocrx_word' id='word_1_696' title='bbox 1403 5649 1924 5726; x_wconf 82' lang='grc' dir='ltr'>παίδευθησόμενος,</span> <span class='ocrx_word' id='word_1_697' title='bbox 1953 5657 2054 5708; x_wconf 84' lang='grc' dir='ltr'><strong>ούκ</strong></span> <span class='ocrx_word' id='word_1_698' title='bbox 2080 5649 2342 5723; x_wconf 77' lang='grc' dir='ltr'><strong>ἀνεχομὲ-</strong></span> 
     </span>
    </p>
   </div>
   <div class='ocr_carea' id='block_1_106' title="bbox 751 5721 2341 5796">
    <p class='ocr_par' dir='ltr' id='par_1_106' title="bbox 751 5721 2341 5796">
     <span class='ocr_line' id='line_1_106' title="bbox 751 5721 2341 5796; baseline 0.006 -28"><span class='ocrx_word' id='word_1_699' title='bbox 751 5737 856 5796; x_wconf 63' lang='grc' dir='ltr'><strong>νων</strong></span> <span class='ocrx_word' id='word_1_700' title='bbox 881 5721 1332 5796; x_wconf 26' lang='grc' dir='ltr'>τῶνβπροστατ-ῶν</span> <span class='ocrx_word' id='word_1_701' title='bbox 1359 5725 1418 5776; x_wconf 80' lang='grc' dir='ltr'>τὺ</span> <span class='ocrx_word' id='word_1_702' title='bbox 1435 5721 1667 5796; x_wconf 75' lang='grc' dir='ltr'>γνήσιον</span> <span class='ocrx_word' id='word_1_703' title='bbox 1679 5721 1771 5779; x_wconf 62' lang='grc' dir='ltr'><strong>καὶ</strong></span> <span class='ocrx_word' id='word_1_704' title='bbox 1796 5727 2022 5796; x_wconf 78' lang='grc' dir='ltr'>γόνιμον</span> <span class='ocrx_word' id='word_1_705' title='bbox 2039 5729 2136 5796; x_wconf 78' lang='grc' dir='ltr'>τῆς</span> <span class='ocrx_word' id='word_1_706' title='bbox 2161 5721 2341 5795; x_wconf 59' lang='grc' dir='ltr'>ψυχῆς</span> 
     </span>
    </p>
   </div>
   <div class='ocr_carea' id='block_1_107' title="bbox 754 5788 2334 5867">
    <p class='ocr_par' dir='ltr' id='par_1_107' title="bbox 754 5788 2334 5867">
     <span class='ocr_line' id='line_1_107' title="bbox 754 5788 2334 5867; baseline 0.007 -29"><span class='ocrx_word' id='word_1_707' title='bbox 754 5788 846 5867; x_wconf 63' lang='grc' dir='ltr'><strong>τοῦ</strong></span> <span class='ocrx_word' id='word_1_708' title='bbox 880 5788 1068 5867; x_wconf 78' lang='grc' dir='ltr'>παιδὸς</span> <span class='ocrx_word' id='word_1_709' title='bbox 1091 5793 1382 5867; x_wconf 53' lang='grc' dir='ltr'>ἐκσπόροις</span> <span class='ocrx_word' id='word_1_710' title='bbox 1405 5788 1756 5867; x_wconf 63' lang='grc' dir='ltr'>ὲμϐὀμὸῆσαι</span> <span class='ocrx_word' id='word_1_711' title='bbox 1776 5788 2126 5867; x_wconf 68' lang='grc' dir='ltr'>μαθήμασιν·</span> 
     </span>
    </p>
   </div>
   <div class='ocr_carea' id='block_1_108' title="bbox 752 5857 2335 5935">
    <p class='ocr_par' dir='ltr' id='par_1_108' title="bbox 752 5857 2335 5935">
     <span class='ocr_line' id='line_1_108' title="bbox 752 5857 2335 5935; baseline 0.007 -29"><span class='ocrx_word' id='word_1_712' title='bbox 752 5857 1149 5935; x_wconf 33' lang='grc' dir='ltr'>δυνατρνητοῦς</span> <span class='ocrx_word' id='word_1_713' title='bbox 1181 5857 1386 5935; x_wconf 74' lang='grc' dir='ltr'>τύπους</span> <span class='ocrx_word' id='word_1_714' title='bbox 1417 5857 1513 5934; x_wconf 77' lang='grc' dir='ltr'><strong>τῆς</strong></span> <span class='ocrx_word' id='word_1_715' title='bbox 1532 5857 2335 5935; x_wconf 59' lang='grc' dir='ltr'>τερατολογίαξ’προτυπωθένξ</span> 
     </span>
    </p>
   </div>
   <div class='ocr_carea' id='block_1_109' title="bbox 756 5932 2336 6007">
    <p class='ocr_par' dir='ltr' id='par_1_109' title="bbox 756 5932 2336 6007">
     <span class='ocr_line' id='line_1_109' title="bbox 756 5932 2336 6007; baseline -0.027 25"><span class='ocrx_word' id='word_1_716' title='bbox 909 5932 1191 6000; x_wconf 53' lang='grc' dir='ltr'>ἀναλεῖέαι</span> <span class='ocrx_word' id='word_1_717' title='bbox 1253 5932 1478 6003; x_wconf 54' lang='lat' dir='ltr'><strong>Paete:</strong></span> <span class='ocrx_word' id='word_1_718' title='bbox 1534 5932 1692 6006; x_wconf 64' lang='grc' dir='ltr'>εειτ.</span> <span class='ocrx_word' id='word_1_719' title='bbox 1734 5937 1793 6006; x_wconf 73' lang='grc' dir='ltr'>ῆι</span> <span class='ocrx_word' id='word_1_720' title='bbox 1981 5932 2078 6006; x_wconf 63' lang='grc' dir='ltr'>έὴιι</span> <span class='ocrx_word' id='word_1_721' title='bbox 2136 5937 2336 6007; x_wconf 69' lang='grc' dir='ltr'>πρὸξεν</span> 
     </span>
    </p>
   </div>
   <div class='ocr_carea' id='block_1_110' title="bbox 2509 5087 4024 5163">
    <p class='ocr_par' dir='ltr' id='par_1_110' title="bbox 2509 5087 4024 5163">
     <span class='ocr_line' id='line_1_110' title="bbox 2509 5087 4024 5163; baseline 0.004 -19"><span class='ocrx_word' id='word_1_722' title='bbox 2509 5087 2628 5163; x_wconf 68' lang='lat'><strong>(‘28)</strong></span> <span class='ocrx_word' id='word_1_723' title='bbox 2645 5093 2767 5163; x_wconf 72' lang='lat' dir='ltr'><strong>llaec</strong></span> <span class='ocrx_word' id='word_1_724' title='bbox 2790 5105 2966 5163; x_wconf 80' lang='lat' dir='ltr'><strong>usque</strong></span> <span class='ocrx_word' id='word_1_725' title='bbox 2989 5091 3052 5145; x_wconf 91' lang='lat' dir='ltr'><strong>ad</strong></span> <span class='ocrx_word' id='word_1_726' title='bbox 3073 5091 3238 5148; x_wconf 82' lang='lat' dir='ltr'><strong>ﬁnem</strong></span> <span class='ocrx_word' id='word_1_727' title='bbox 3261 5090 3429 5160; x_wconf 82' lang='lat' dir='ltr'><strong>hujus</strong></span> <span class='ocrx_word' id='word_1_728' title='bbox 3449 5089 3644 5159; x_wconf 88' lang='lat' dir='ltr'><strong>capitis</strong></span> <span class='ocrx_word' id='word_1_729' title='bbox 3659 5087 4024 5150; x_wconf 74' lang='lat' dir='ltr'><strong>Combeﬁsius</strong></span> 
     </span>
    </p>
   </div>
   <div class='ocr_carea' id='block_1_111' title="bbox 2439 5161 3020 5229">
    <p class='ocr_par' dir='ltr' id='par_1_111' title="bbox 2439 5161 3020 5229">
     <span class='ocr_line' id='line_1_111' title="bbox 2439 5161 3020 5229; baseline -0.007 -11"><span class='ocrx_word' id='word_1_730' title='bbox 2439 5161 2620 5226; x_wconf 67' lang='lat' dir='ltr'><strong>vertit,</strong></span> <span class='ocrx_word' id='word_1_731' title='bbox 2653 5161 2781 5229; x_wconf 71' lang='lat' dir='ltr'><strong>Pagi</strong></span> <span class='ocrx_word' id='word_1_732' title='bbox 2813 5161 2903 5216; x_wconf 86' lang='lat' dir='ltr'><strong>IV.</strong></span> <span class='ocrx_word' id='word_1_733' title='bbox 2927 5161 3020 5215; x_wconf 75' lang='grc'><strong>24.</strong></span> 
     </span>
    </p>
   </div>
   <div class='ocr_carea' id='block_1_112' title="bbox 2511 5230 4023 5306">
    <p class='ocr_par' dir='ltr' id='par_1_112' title="bbox 2511 5230 4023 5306">
     <span class='ocr_line' id='line_1_112' title="bbox 2511 5230 4023 5306; baseline 0.001 -19"><span class='ocrx_word' id='word_1_734' title='bbox 2511 5233 2623 5304; x_wconf 70' lang='lat'><strong>(29)</strong></span> <span class='ocrx_word' id='word_1_735' title='bbox 2649 5233 2829 5287; x_wconf 78' lang='lat' dir='ltr'><strong>Codex</strong></span> <span class='ocrx_word' id='word_1_736' title='bbox 2871 5233 3287 5306; x_wconf 42' lang='lat' dir='ltr'><strong>ﬂpoxeipnow;</strong></span> <span class='ocrx_word' id='word_1_737' title='bbox 3312 5230 3522 5306; x_wconf 66' lang='lat' dir='ltr'><strong>mutayj</strong></span> <span class='ocrx_word' id='word_1_738' title='bbox 3568 5231 3873 5306; x_wconf 76' lang='lat' dir='ltr'><strong>secundum</strong></span> <span class='ocrx_word' id='word_1_739' title='bbox 3906 5246 4023 5306; x_wconf 55' lang='grc' dir='ltr'><strong>ριγ-</strong></span> 
     </span>
    </p>
   </div>
   <div class='ocr_carea' id='block_1_113' title="bbox 2440 5298 4020 5374">
    <p class='ocr_par' dir='ltr' id='par_1_113' title="bbox 2440 5298 4020 5374">
     <span class='ocr_line' id='line_1_113' title="bbox 2440 5298 4020 5374; baseline -0.001 -15"><span class='ocrx_word' id='word_1_740' title='bbox 2440 5298 2733 5374; x_wconf 61' lang='lat' dir='ltr'><strong>melogiam</strong></span> <span class='ocrx_word' id='word_1_741' title='bbox 2760 5318 2788 5374; x_wconf 86' lang='lat' dir='ltr'><strong>a</strong></span> <span class='ocrx_word' id='word_1_742' title='bbox 2810 5298 3450 5374; x_wconf 60' lang='grc' dir='ltr'>νθτὶιοπρογξειρίζομαι.</span> <span class='ocrx_word' id='word_1_743' title='bbox 3470 5298 3634 5374; x_wconf 75' lang='lat' dir='ltr'><strong>_\&#39;ocis</strong></span> <span class='ocrx_word' id='word_1_744' title='bbox 3654 5298 4020 5372; x_wconf 71' lang='grc' dir='ltr'>προχεξρισξς,</span> 
     </span>
    </p>
   </div>
   <div class='ocr_carea' id='block_1_114' title="bbox 2441 5370 4018 5440">
    <p class='ocr_par' dir='ltr' id='par_1_114' title="bbox 2441 5370 4018 5440">
     <span class='ocr_line' id='line_1_114' title="bbox 2441 5370 4018 5440; baseline 0.001 -11"><span class='ocrx_word' id='word_1_745' title='bbox 2441 5370 2622 5429; x_wconf 79' lang='lat' dir='ltr'><strong>adhuc</strong></span> <span class='ocrx_word' id='word_1_746' title='bbox 2657 5375 2709 5427; x_wconf 94' lang='lat' dir='ltr'><strong>in</strong></span> <span class='ocrx_word' id='word_1_747' title='bbox 2758 5373 2972 5426; x_wconf 83' lang='lat' dir='ltr'><strong>Lexicis</strong></span> <span class='ocrx_word' id='word_1_748' title='bbox 3026 5370 3268 5432; x_wconf 61' lang='lat' dir='ltr'><strong>omissae,</strong></span> <span class='ocrx_word' id='word_1_749' title='bbox 3312 5370 3654 5440; x_wconf 77' lang='lat' dir='ltr'><strong>signiﬁcatus</strong></span> <span class='ocrx_word' id='word_1_750' title='bbox 3691 5370 3821 5426; x_wconf 83' lang='lat' dir='ltr'><strong>sunt</strong></span> <span class='ocrx_word' id='word_1_751' title='bbox 3851 5370 3960 5428; x_wconf 83' lang='lat' dir='ltr'><strong>duo</strong></span> <span class='ocrx_word' id='word_1_752' title='bbox 4004 5395 4018 5430; x_wconf 89' lang='lat'><strong>:</strong></span> 
     </span>
    </p>
   </div>
   <div class='ocr_carea' id='block_1_115' title="bbox 2441 5441 4021 5513">
    <p class='ocr_par' dir='ltr' id='par_1_115' title="bbox 2441 5441 4021 5513">
     <span class='ocr_line' id='line_1_115' title="bbox 2441 5441 4021 5513; baseline 0 -14"><span class='ocrx_word' id='word_1_753' title='bbox 2441 5447 2578 5499; x_wconf 88' lang='lat' dir='ltr'><strong>alter</strong></span> <span class='ocrx_word' id='word_1_754' title='bbox 2611 5443 2755 5512; x_wconf 89' lang='lat' dir='ltr'><strong>apud</strong></span> <span class='ocrx_word' id='word_1_755' title='bbox 2813 5443 3195 5513; x_wconf 89' lang='lat' dir='ltr'><strong>philosophos,</strong></span> <span class='ocrx_word' id='word_1_756' title='bbox 3235 5444 3372 5497; x_wconf 89' lang='lat' dir='ltr'><strong>alter</strong></span> <span class='ocrx_word' id='word_1_757' title='bbox 3420 5441 3474 5494; x_wconf 91' lang='lat' dir='ltr'><strong>in</strong></span> <span class='ocrx_word' id='word_1_758' title='bbox 3515 5441 3802 5513; x_wconf 85' lang='lat' dir='ltr'><strong>scriptorr.</strong></span> <span class='ocrx_word' id='word_1_759' title='bbox 3843 5445 4021 5499; x_wconf 75' lang='lat' dir='ltr'><strong>eccle-</strong></span> 
     </span>
    </p>
   </div>
   <div class='ocr_carea' id='block_1_116' title="bbox 2443 5512 4022 5585">
    <p class='ocr_par' dir='ltr' id='par_1_116' title="bbox 2443 5512 4022 5585">
     <span class='ocr_line' id='line_1_116' title="bbox 2443 5512 4022 5585; baseline -0.003 -16"><span class='ocrx_word' id='word_1_760' title='bbox 2443 5517 2704 5570; x_wconf 83' lang='lat' dir='ltr'><strong>siasticis.</strong></span> <span class='ocrx_word' id='word_1_761' title='bbox 2738 5512 2895 5583; x_wconf 79' lang='lat' dir='ltr'><strong>Apud</strong></span> <span class='ocrx_word' id='word_1_762' title='bbox 2921 5514 3044 5570; x_wconf 89' lang='lat' dir='ltr'><strong>illos</strong></span> <span class='ocrx_word' id='word_1_763' title='bbox 3066 5524 3224 5568; x_wconf 84' lang='lat' dir='ltr'><strong>sonat</strong></span> <span class='ocrx_word' id='word_1_764' title='bbox 3249 5522 3418 5585; x_wconf 74' lang='lat' dir='ltr'><strong>actus,</strong></span> <span class='ocrx_word' id='word_1_765' title='bbox 3449 5512 3709 5585; x_wconf 81' lang='lat' dir='ltr'><strong>operatio,</strong></span> <span class='ocrx_word' id='word_1_766' title='bbox 3745 5528 3854 5585; x_wconf 78' lang='lat' dir='ltr'><strong>qua</strong></span> <span class='ocrx_word' id='word_1_767' title='bbox 3877 5518 4022 5585; x_wconf 72' lang='lat' dir='ltr'><strong>eugi-</strong></span> 
     </span>
    </p>
   </div>
   <div class='ocr_carea' id='block_1_117' title="bbox 2445 5583 4022 5653">
    <p class='ocr_par' dir='ltr' id='par_1_117' title="bbox 2445 5583 4022 5653">
     <span class='ocr_line' id='line_1_117' title="bbox 2445 5583 4022 5653; baseline 0.001 -14"><span class='ocrx_word' id='word_1_768' title='bbox 2445 5594 2552 5639; x_wconf 88' lang='lat' dir='ltr'><strong>tata</strong></span> <span class='ocrx_word' id='word_1_769' title='bbox 2604 5592 3063 5653; x_wconf 66' lang='lat' dir='ltr'><strong>repraesentantur</strong></span> <span class='ocrx_word' id='word_1_770' title='bbox 3088 5625 3102 5648; x_wconf 95' lang='lat'><strong>,</strong></span> <span class='ocrx_word' id='word_1_771' title='bbox 3133 5584 3620 5653; x_wconf 68' lang='lat' dir='ltr'><strong>perducuntur-que</strong></span> <span class='ocrx_word' id='word_1_772' title='bbox 3646 5584 3710 5635; x_wconf 85' lang='lat' dir='ltr'><strong>ad</strong></span> <span class='ocrx_word' id='word_1_773' title='bbox 3744 5583 4022 5640; x_wconf 76' lang='lat' dir='ltr'><strong>effectum.</strong></span> 
     </span>
    </p>
   </div>
   <div class='ocr_carea' id='block_1_118' title="bbox 2447 5649 4024 5726">
    <p class='ocr_par' dir='ltr' id='par_1_118' title="bbox 2447 5649 4024 5726">
     <span class='ocr_line' id='line_1_118' title="bbox 2447 5649 4024 5726; baseline 0.001 -18"><span class='ocrx_word' id='word_1_774' title='bbox 2447 5649 2776 5726; x_wconf 79' lang='lat' dir='ltr'><strong>Porphyrius</strong></span> <span class='ocrx_word' id='word_1_775' title='bbox 2793 5656 3038 5726; x_wconf 74' lang='lat' dir='ltr'><strong>Sentent.</strong></span> <span class='ocrx_word' id='word_1_776' title='bbox 3067 5649 3442 5726; x_wconf 46' lang='lat' dir='ltr'><strong>ad&#39;inlelligib:</strong></span> <span class='ocrx_word' id='word_1_777' title='bbox 3471 5649 3693 5726; x_wconf 67' lang='lat' dir='ltr'><strong>ducent.</strong></span> <span class='ocrx_word' id='word_1_778' title='bbox 3714 5653 3841 5708; x_wconf 66' lang='lat'><strong>225.</strong></span> <span class='ocrx_word' id='word_1_779' title='bbox 3869 5658 3933 5708; x_wconf 79' lang='grc' dir='ltr'>Α.</span> <span class='ocrx_word' id='word_1_780' title='bbox 3960 5659 4024 5710; x_wconf 76' lang='lat' dir='ltr'><strong>de</strong></span> 
     </span>
    </p>
   </div>
   <div class='ocr_carea' id='block_1_119' title="bbox 2446 5721 4022 5794">
    <p class='ocr_par' dir='ltr' id='par_1_119' title="bbox 2446 5721 4022 5794">
     <span class='ocr_line' id='line_1_119' title="bbox 2446 5721 4022 5794; baseline -0.003 -16"><span class='ocrx_word' id='word_1_781' title='bbox 2446 5721 2649 5786; x_wconf 59' lang='lat' dir='ltr'><strong>anima,</strong></span> <span class='ocrx_word' id='word_1_782' title='bbox 2676 5726 2888 5794; x_wconf 79' lang='grc' dir='ltr'>ἐνεργεῖ</span> <span class='ocrx_word' id='word_1_783' title='bbox 2922 5725 2978 5778; x_wconf 79' lang='grc' dir='ltr'>δὲ</span> <span class='ocrx_word' id='word_1_784' title='bbox 3018 5724 3139 5777; x_wconf 87' lang='grc' dir='ltr'>κατ’</span> <span class='ocrx_word' id='word_1_785' title='bbox 3165 5725 3381 5794; x_wconf 71' lang='grc' dir='ltr'>αὐτοὺς,</span> <span class='ocrx_word' id='word_1_786' title='bbox 3414 5721 3445 5790; x_wconf 78' lang='grc' dir='ltr'><strong>ἢ</strong></span> <span class='ocrx_word' id='word_1_787' title='bbox 3478 5721 3568 5794; x_wconf 76' lang='grc' dir='ltr'>ὑπ’</span> <span class='ocrx_word' id='word_1_788' title='bbox 3594 5722 3862 5794; x_wconf 55' lang='grc' dir='ltr'>ἄλλονεὴ</span> <span class='ocrx_word' id='word_1_789' title='bbox 3893 5742 4022 5794; x_wconf 57' lang='lat' dir='ltr'><strong>«pr.-</strong></span> 
     </span>
    </p>
   </div>
   <div class='ocr_carea' id='block_1_120' title="bbox 2446 5793 4023 5912">
    <p class='ocr_par' dir='ltr' id='par_1_120' title="bbox 2446 5793 4023 5912">
     <span class='ocr_line' id='line_1_120' title="bbox 2446 5793 4023 5912; baseline 0.001 -64"><span class='ocrx_word' id='word_1_790' title='bbox 2446 5796 2694 5865; x_wconf 80' lang='grc' dir='ltr'>χείρησιν</span> <span class='ocrx_word' id='word_1_791' title='bbox 2733 5793 2792 5866; x_wconf 83' lang='grc' dir='ltr'><strong>[Ι.</strong></span> <span class='ocrx_word' id='word_1_792' title='bbox 2834 5793 3194 5912; x_wconf 81' lang='grc' dir='ltr'>προχείρισιν]</span> <span class='ocrx_word' id='word_1_793' title='bbox 3235 5793 3631 5859; x_wconf 75' lang='grc' dir='ltr'>ἐκκαλουμένη,</span> <span class='ocrx_word' id='word_1_794' title='bbox 3686 5793 3768 5846; x_wconf 64' lang='lat' dir='ltr'><strong>vel</strong></span> <span class='ocrx_word' id='word_1_795' title='bbox 3813 5796 3879 5848; x_wconf 76' lang='lat' dir='ltr'><strong>ab</strong></span> <span class='ocrx_word' id='word_1_796' title='bbox 3919 5793 4023 5849; x_wconf 63' lang='lat' dir='ltr'><strong>uno</strong></span> 
     </span>
     <span class='ocr_line' id='line_1_121' title="bbox 2448 5863 4023 5912; baseline 0 0"><span class='ocrx_word' id='word_1_797' title='bbox 2448 5867 2514 5912; x_wconf 83' lang='lat' dir='ltr'><strong>nd</strong></span> <span class='ocrx_word' id='word_1_798' title='bbox 2547 5883 2674 5912; x_wconf 71' lang='lat' dir='ltr'><strong>onus</strong></span> <span class='ocrx_word' id='word_1_799' title='bbox 2711 5867 2963 5912; x_wconf 73' lang='lat' dir='ltr'><strong>excitata-</strong></span> <span class='ocrx_word' id='word_1_800' title='bbox 2999 5866 3017 5912; x_wconf 98' lang='lat' dir='ltr'><strong>I</strong></span> <span class='ocrx_word' id='word_1_801' title='bbox 3048 5875 3066 5912; x_wconf 81' lang='grc' dir='ltr'><strong>ι</strong></span> <span class='ocrx_word' id='word_1_802' title='bbox 3112 5865 3236 5912; x_wconf 77' lang='lat' dir='ltr'><strong>idm</strong></span> <span class='ocrx_word' id='word_1_803' title='bbox 3272 5863 3536 5912; x_wconf 72' lang='lat' dir='ltr'><strong>erraverit</strong></span> <span class='ocrx_word' id='word_1_804' title='bbox 3583 5863 3878 5912; x_wconf 78' lang='lat' dir='ltr'><strong>Kusterus-</strong></span> <span class='ocrx_word' id='word_1_805' title='bbox 3916 5867 4023 5912; x_wconf 34' lang='lat' dir='ltr'><strong>haec</strong></span> 
     </span>
    </p>
   </div>
   <div class='ocr_carea' id='block_1_121' title="bbox 2448 5863 4023 5926">
    <p class='ocr_par' dir='ltr' id='par_1_121' title="bbox 2448 5863 4023 5926">
     <span class='ocr_line' id='line_1_122' title="bbox 2448 5863 4023 5926; baseline 0.002 -8"><span class='ocrx_word' id='word_1_806' title='bbox 2448 5863 2514 5918; x_wconf 63' lang='lat' dir='ltr'><strong>ad</strong></span> <span class='ocrx_word' id='word_1_807' title='bbox 2541 5863 2674 5926; x_wconf 70' lang='lat' dir='ltr'><strong>opus</strong></span> <span class='ocrx_word' id='word_1_808' title='bbox 2711 5863 2963 5918; x_wconf 29' lang='lat' dir='ltr'><strong>e‘xcita’ta.</strong></span> <span class='ocrx_word' id='word_1_809' title='bbox 2999 5863 3066 5920; x_wconf 77' lang='lat' dir='ltr'><strong>lit</strong></span> <span class='ocrx_word' id='word_1_810' title='bbox 3112 5863 3236 5918; x_wconf 64' lang='lat' dir='ltr'><strong>ideo</strong></span> <span class='ocrx_word' id='word_1_811' title='bbox 3272 5863 3536 5918; x_wconf 75' lang='lat' dir='ltr'><strong>erraverit</strong></span> <span class='ocrx_word' id='word_1_812' title='bbox 3583 5863 3878 5924; x_wconf 84' lang='lat' dir='ltr'><strong>Kusterus,</strong></span> <span class='ocrx_word' id='word_1_813' title='bbox 3916 5867 4023 5921; x_wconf 56' lang='lat' dir='ltr'><strong>ha‘c</strong></span> 
     </span>
    </p>
   </div>
   <div class='ocr_carea' id='block_1_122' title="bbox 2450 5931 4019 6006">
    <p class='ocr_par' dir='ltr' id='par_1_122' title="bbox 2450 5931 4019 6006">
     <span class='ocr_line' id='line_1_123' title="bbox 2450 5931 4019 6006; baseline -0.001 -18"><span class='ocrx_word' id='word_1_814' title='bbox 2450 5936 2629 5990; x_wconf 70' lang='lat' dir='ltr'><strong>Suidac</strong></span> <span class='ocrx_word' id='word_1_815' title='bbox 2669 5935 2706 5992; x_wconf 94' lang='grc' dir='ltr'>Ι.</span> <span class='ocrx_word' id='word_1_816' title='bbox 2746 5937 2870 5991; x_wconf 72' lang='lat'><strong>830.</strong></span> <span class='ocrx_word' id='word_1_817' title='bbox 2907 5938 2970 5990; x_wconf 79' lang='grc' dir='ltr'>Α.</span> <span class='ocrx_word' id='word_1_818' title='bbox 3025 5938 3058 6006; x_wconf 77' lang='grc' dir='ltr'><strong>ἦ</strong></span> <span class='ocrx_word' id='word_1_819' title='bbox 3092 5935 3214 5989; x_wconf 79' lang='grc' dir='ltr'>καθ’</span> <span class='ocrx_word' id='word_1_820' title='bbox 3253 5934 3366 5997; x_wconf 72' lang='grc' dir='ltr'>ἕξιν</span> <span class='ocrx_word' id='word_1_821' title='bbox 3402 5931 3434 6000; x_wconf 83' lang='grc' dir='ltr'>ἦ</span> <span class='ocrx_word' id='word_1_822' title='bbox 3471 5932 3610 5985; x_wconf 65' lang='grc' dir='ltr'>κατὰ</span> <span class='ocrx_word' id='word_1_823' title='bbox 3663 5935 4019 6004; x_wconf 71' lang='grc' dir='ltr'>προχείριτιν,</span> 
     </span>
    </p>
   </div>
  </div>
