4184 6524
756 434 861 499 815

2060 435 2334 497 LEOle
2374 436 2683 500 DIACON’I

3892 439 4007 504 816

752 548 972 614 satione
1028 547 1268 614 periisset
1296 544 1534 614 reginam
1564 547 1811 611 urbium,
1862 547 1978 616 ipse
2015 548 2312 603 domestica

2434 550 2523 603 λον
2553 551 2799 619 θέμενος,
2835 549 2930 601 σὺν
2967 549 3188 617 μεγάλῳ
3222 552 3481 620 κινήματι
3507 552 3598 605 καὶ
3628 551 3842 621 μυρίοις
3869 554 4006 607 ard.

755 637 928 692 cladis
958 637 1181 690 nuntius
1217 635 1417 699 factus,
1456 651 1601 706 aegre
1656 653 1777 692 cum
1817 638 2082 693 naviculis
2138 639 2322 694 decem

706 800 711 803 _
750 729 818 783 ad
853 726 1203 781 Cimmerium
1231 726 1533 795 Bosporum
1582 738 1666 783 est
1727 743 2000 783 reversus.
2055 730 2324 784 Praetereo

751 820 1056 874 luctuosum
1086 818 1522 887 cjusinteritum,
1548 835 1673 872 cum
1705 820 1843 873 bello
1865 818 2149 874 Germanis
2179 822 2323 874 illato

748 914 816 967 ab
841 902 971 982 ipsis
993 923 1184 982 captus
1202 924 1303 978 est,
1326 914 1389 966 ad
1419 914 1791 983 arborumque
1820 923 2042 969 truncos
2072 915 2323 981 alligatus

746 1021 812 1061 ac.
845 1007 896 1059 in
925 1006 1063 1059 duas
1086 1016 1265 1074 partes
1289 1006 1615 1074 discerptus.
1641 1005 1824 1074 Neque
1856 1006 2105 1073 teipsum,
2134 1007 2175 1059 si
2215 1005 2322 1055 lto-

748 1112 966 1150 manam
1023 1106 1353 1152 armaturam
1401 1078 1593 1152 contra
1643 1107 1692 1151 te
1731 1099 2000 1167 prolicisci
2053 1112 2317 1166 conger-.5.

744 1188 966 1244 domum
1019 1195 1531 1255 reversurumﬁsse
1586 1203 1729 1250 reor,
1788 1190 1881 1242 sed
1940 1191 1993 1242 in
2063 1188 2152 1241 illa
2205 1190 2317 1257 ipsa

742 1281 967 1347 regione
997 1296 1101 1333 una
1134 1297 1256 1335 cum
1285 1280 1538 1335 omnibus
1573 1281 1745 1349 ecpiis
1775 1280 2008 1334 deletum
2056 1280 2119 1333 iri
2162 1280 2316 1338 adeo.

745 1382 800 1425 ut
839 1387 903 1425 ne
950 1386 1055 1425 una
1114 1373 1332 1440 quidem
1381 1370 1608 1440 ignifera
1648 1372 1802 1424 navis
1850 1374 1900 1423 in
1938 1370 2215 1442 Scythiam
2251 1375 2320 1426 sit

742 1462 1032 1531 elapsura,
1096 1478 1214 1531 qnte
1275 1462 1425 1517 diros
1484 1478 1646 1517 casus
1724 1473 1934 1516 vestros
1994 1455 2228 1516 nuntiet.
2294 1481 2311 1511 ι

745 1552 1209 1623 Spltendoslabus,
1253 1554 1624 1608 stomachatus
1652 1552 1747 1605 tali
1807 1568 2092 1621 responso,
2123 1552 2318 1605 barba-

739 1649 964 1716 ricoque
1005 1645 1187 1700 lurore
1213 1655 1371 1714 atque
1405 1646 1612 1700 insania
1667 1646 1943 1714 abreptus,
1996 1646 2064 1699 ita
2098 1660 2318 1714 respon-

739 1740 819 1792 dit
851 1756 863 1791 :
906 1759 923 1790 ι
960 1736 1171 1791 Nullam
1200 1738 1448 1806 equidem
1484 1736 1863 1791 necessitatem
1896 1738 2055 1789 rideo
2086 1738 2317 1803 impera-

740 1840 912 1885 torem
950 1830 1322 1883 llomanorum
1380 1837 1691 1896 cogentem,
1737 1838 1793 1881 ut
1848 1827 1915 1880 ad
1969 1843 2065 1882 nos
2100 1830 2309 1893 veniat;

2428 657 2552 709 φεσι
2587 640 2729 692 κατά
2766 640 2865 708 τῆς
2905 638 3298 709 βασιλευούσης
3334 641 3662 704 ἐκπλεύσας,
3706 644 3859 712 μόλις
3906 646 4007 697 σὺν

2423 732 2553 783 δέκα
2584 730 2802 799 λέμδοις
2839 732 2896 793 ὲς
2938 731 3031 785 τὸν
3080 733 3387 803 Κιμμέριον
3424 733 3651 801 ἀφίκετο
3701 735 4003 805 Βόσπορον,

2423 822 2754 888 αὐτάγγελος
2810 822 2919 874 τῶν
2972 824 3188 876 οίκείων
3231 824 3469 892 γεγονὼς
3529 827 3843 894 συμφορῶν.
3890 828 4005 879 Καὶ

2423 913 2661 983 παρίημι
2708 914 2800 967 τὸν
2860 910 3016 979 αὖθις
3042 916 3314 968 οἴκτιστον
3368 918 3532 988 μόρον
3566 920 3800 981 ἐκείνου,
3852 920 4005 988 παρὰ

2422 1002 2546 1063 τοὺς
2598 1002 2911 1071 Γερμανοὺς
2958 1004 3472 1075 ἐκστρατεύσαντος,
3516 1008 3611 1059 καὶ
3671 1010 3811 1076 πρὸς
3860 1009 4007 1060 ὲκεί-

2422 1106 2526 1142 νων
2576 1089 2907 1161 ληφθέντος,
2961 1094 3056 1144 καὶ
3123 1095 3305 1160 φυτῶν
3342 1095 3615 1166 στελέχεσι
3677 1098 4006 1167 προσδεθέν-

2421 1200 2549 1245 τος,
2613 1183 2709 1235 καὶ
2774 1185 2850 1246 εἰς
2906 1184 2999 1235 δύο
3050 1185 3494 1255 διαμερισθέντος
3546 1192 3826 1258 τμήματα.
3888 1190 4003 1242 Καὶ

2396 1272 2485 1324 οσὲ
2533 1272 2664 1339 γοῦν
2718 1274 2818 1325 οὐκ
2876 1270 3031 1343 οἶμαι
3099 1276 3237 1345 πρὸς
3304 1278 3401 1346 τὴν
3460 1278 3556 1350 σὴν
3631 1281 4000 1345 ἐπαναζείξαι

2422 1364 2676 1434 πατρίδα,
2719 1363 2773 1415 εἴ
2822 1381 2884 1433 γε
2942 1366 3043 1435 τὴν
3098 1366 3413 1438 Ῥωμαϊκὴν
3488 1376 3819 1439 παντευχίαν
3855 1374 4001 1425 κατα

2421 1458 2516 1512 σοῦ
2566 1463 2763 1530 χωρεῖν
2812 1461 3186 1529 ἀναγκάσειας
3225 1503 3239 1525 ,
3276 1465 3390 1517 ἀλλ’
3435 1467 3624 1519 αὐτόθι
3687 1468 4000 1540 διαφθαρή-

2420 1550 2607 1602 σεσθαι
2683 1552 2984 1615 πανσυδεὶ,
3036 1554 3113 1615 ὡς
3186 1555 3321 1623 μηδὲ
3383 1559 3665 1627 πυρφόρον
3720 1561 3778 1621 ἐς
3857 1561 4001 1613 Exa-

2415 1640 2538 1693 θίαν
2569 1641 2882 1707 ἀφικέσθαι,
2919 1643 3017 1704 τὰς
3048 1646 3424 1714 κατασχούσας
3448 1649 3590 1716 ὑμᾶς
3628 1652 4000 1713 ἀπευκταίους

2418 1733 2832 1800 ἀπαγγελοῦντα
2861 1734 3049 1804 τύχας.
3098 1756 3115 1787 ι
3163 1738 3220 1790 '0
3242 1738 3297 1790 δὲ
3327 1739 3743 1807 Σφενδοσλάεος,
3767 1745 3857 1795 ἐπὶ
3875 1750 4001 1807 ταῖς

2416 1824 2695 1889 τοιαύταις
2721 1828 3044 1896 ἀποκρίσεσι
3092 1831 3432 1899 σχετλιάσας,
3474 1836 3537 1904 τῇ
3564 1851 3622 1885 τε
3681 1836 3995 1907 βαρϐαρικῇ

728 1934 1070 1994 quapropter
1096 1938 1161 1975 ne
1188 1920 1534 1990 defetigetur,
1570 1921 1621 1972 in
1665 1921 1804 1972 hanc
1838 1929 2035 1971 terram
2066 1920 2312 1988 proﬁcis-

2422 1916 2590 1986 μανία
2646 1918 2741 1968 καὶ
2797 1919 3025 1989 ἀπονοίᾳ
3070 1923 3543 1990 παραφερόμενος,
3575 1924 3823 1989 ἀντέλεΞε
3885 1944 3999 1978 τοι-

736 2028 869 2067 cens
906 2031 918 2068 :
958 2025 1192 2080 namque
1220 2010 1317 2078 ipsi
1347 2025 1471 2061 ntox
1506 2008 1572 2061 ad
1601 2008 1841 2079 Byzantii
1870 2019 2049 2077 portas
2073 2010 2309 2064 colloca-

739 2104 919 2157 bimus
956 2103 1323 2167 tabernacula,
1365 2102 1578 2154 munito
1610 2100 1750 2153 vallo
1779 2102 1967 2155 urbem
2008 2102 2311 2171 cingemus,

736 2195 913 2264 ipsum
943 2202 1339 2263 erumpentem,
1369 2194 1411 2247 si
1436 2191 1604 2260 pergit
1642 2201 1807 2244 tantre
1835 2207 2090 2245 aerumna:
2122 2192 2314 2257 obniti,

736 2284 951 2342 fortiter
975 2288 1325 2355 excipietntts,
1354 2283 1616 2351 factisque
1642 2282 1797 2351 107
1824 2283 1949 2350 ipsis
1979 2284 2314 2346 docebimus,

741 2395 849 2435 non
872 2394 939 2433 ex
976 2377 1104 2432 faece
1140 2377 1541 2431 sellulariorum
1570 2377 1931 2442 manibusque
1961 2374 2315 2429 tictitantium

733 2490 835 2530 nos
860 2489 998 2538 esse,
1032 2474 1123 2527 sed
1155 2472 1299 2526 viros
1333 2470 1635 2539 sanguinis,
1665 2470 1833 2523 armis
1857 2471 2037 2523 hostes
2055 2470 2321 2523 debellan-
2349 2482 2353 2487 ‘

736 2579 819 2623 tes
841 2585 856 2633 ;
877 2567 919 2620 si
946 2566 1160 2635 quidem
1194 2565 1293 2618 iste
1324 2580 1419 2633 per
1440 2562 1859 2633 imprudentiam
1883 2577 1948 2615 ex
1983 2563 2317 2619 mulierculis

731 2675 827 2730 per
856 2658 1175 2714 umbracula
1224 2658 1561 2711 latitantibus
1590 2655 1880 2710 [lussicum
1915 2658 2079 2711 robur
2120 2658 2315 2713 existi-

732 2759 863 2812 mat,
903 2757 1069 2816 utque
1098 2747 1360 2802 lactentes
1419 2762 1617 2816 pueros
1648 2746 1814 2799 larvis
1875 2746 2062 2801 nescio
2088 2748 2311 2818 quibus,

731 2840 1044 2911 bujnsmodi
1076 2856 1176 2895 nos
1209 2841 1370 2895 minis
1399 2850 1600 2894 terrere
1628 2846 1821 2895 tentat.
1859 2857 1878 2889 ι

730 2935 1147 3005 ταγωνιξόμενοι
1182 2949 1196 2965 ο
1229 2935 1275 2985 εἰ
1327 2933 1421 2986 καὶ
1477 2932 1637 2994 αύτδς
1680 2934 1737 2998 ἐξ
1772 2932 1995 3000 ἀγνοίας
2041 2931 2182 2986 κατά
2249 2933 2312 2985 τά
2357 2936 2797 3003 σκιατραιροῦντα
2838 2937 3033 3003 γύναια
3082 2938 3180 3007 τὴν
3240 2940 3543 3010 Ῥωσσικὴν

2417 2008 2556 2062 αὔτα
2591 2027 2603 2039 ·
2656 2030 2673 2062 ι
2710 2011 2979 2081 Ούδεμίαν
3029 2014 3275 2083 ἀνάγκην
3318 2018 3408 2068 τδν
3438 2018 3817 2087 αὐτοκράτορα
3853 2020 3995 2072 Ῥω-

2420 2103 2597 2171 μαίων
2628 2102 2702 2165 ὡς
2732 2104 2876 2171 ἡμᾶς
2908 2106 3201 2171 ἀφικέσθαι
3238 2107 3349 2175 όρῶ
3392 2109 3824 2176 κατεπείγουσιν
3857 2126 3871 2140 ⁸
3911 2111 3998 2163 διὸ

2420 2193 2494 2263 μὴ
2520 2194 2685 2264 κάμῃ,
2728 2196 2890 2265 μέχρι
2924 2196 3082 2278 τῆσδε
3135 2199 3232 2267 τῆς
3298 2202 3401 2269 γῆς
3445 2202 3775 2271 ἀφικόμενος
3820 2202 3938 2272 (39)
3981 2220 3994 2233 '

2418 2287 2571 2338 αὐτοὶ
2601 2288 2709 2357 γάρ
2738 2288 2862 2341 ὅσον
2894 2288 3045 2341 οὔπω
3074 2292 3178 2360 πρὸ
3208 2292 3314 2344 τῶν
3348 2292 3442 2346 τοῦ
3479 2295 3773 2360 Βυζαντίου
3803 2298 3994 2348 πυλῶν

2419 2379 2705 2449 πηξόμεθα
2736 2381 2836 2444 τὰς
2875 2386 3099 2451 σκηνάς,
3142 2386 3234 2435 καὶ
3268 2387 3533 2456 καρτερὸν
3563 2390 3780 2459 χάρακα
3818 2387 3996 2460 ταύτῃ

2421 2471 2843 2541 περιδαλοῦμεν,
2869 2471 3080 2536 ἐξιόντα
3116 2491 3175 2526 τε
3196 2475 3406 2540 τοῦτον,
3448 2480 3501 2529 ετ
3530 2496 3591 2547 γε
3648 2480 3743 2531 καὶ
3789 2497 3994 2549 καρτε-

2420 2563 2576 2632 ρήσει
2636 2565 2772 2633 πρδς
2801 2565 3071 2617 τοσούτων
3112 2567 3285 2618 πόνων
3317 2569 3361 2600 ²⁶
3387 2568 3831 2636 διαγωνίσασθαι,
3866 2588 3998 2637 γινο

2414 2656 2575 2718 ναίως
2604 2656 2972 2726 ύποδεξὸμεθα
3002 2659 3283 2730 διδάξομεν
3314 2680 3371 2714 τε
3405 2667 3515 2725 τοῖς
3549 2664 3730 2733 ἔργοις
3785 2667 3975 2726 αὐτοῖς

2409 2747 2484 2811 ὡς
2512 2748 2571 2799 ού
2614 2748 2869 2818 βάναυσοί
2901 2752 2943 2780 ²⁷
2974 2767 3118 2814 τινες
3144 2754 3616 2824 ἀποχειροϐίωτοι,
3651 2756 3766 2808 ἀλλ’
3820 2758 3995 2825 αἱμά-

2407 2857 2515 2892 των
2542 2842 2732 2911 ἄνδρες
2763 2844 3123 2915 τυγχάνομεν,
3163 2849 3274 2910 τοῖς
3311 2848 3499 2912 ὅπλοις
3517 2848 3575 2901 τὸ
3602 2848 3863 2917 δυσμενὲς
3889 2867 3989 2903 κατ

3638 2943 3852 3011 ἡγεῖται
3888 2940 3990 2993 ἀλα

731 3026 855 3099 κήν,
893 3025 1107 3093 κα“ι,ὦς
1157 3042 1279 3079 τινα
1355 3026 1528 3096 νήπια
1588 3024 1870 3095 ὑπομάζια
1929 3022 2347 3096 μορμολυκείοις
2385 3026 2518 3091 τισὶ,
2553 3025 2779 3089 ταύταις
2818 3030 2938 3091 ταῖς
2995 3030 3265 3097 ἀπειλαῖς,
3300 3032 3452 3102 ἡμᾶς
3505 3034 3765 3103 πειρᾶται
3818 3034 3991 3088 δεδίτ-

730 3120 940 3175 τεσθαι.
983 3139 999 3171 ι

804 3259 890 3313 Η.
940 3258 1258 3325 Imperator,
1308 3272 1429 3311 cum
1461 3258 1610 3312 illius
1647 3267 1754 3312 tam
1790 3273 2053 3313 vesanum
2086 3274 2311 3328 respon-
2338 3266 2380 3323 c

733 3366 850 3404 sum
872 3350 1101 3404 auribus
1125 3350 1447 3418 accepisset,
1479 3352 1765 3413 intellexit,
1799 3367 1905 3405 non
1938 3353 2307 3406 cunctandum

732 3457 873 3506 esse,
899 3442 991 3497 sed
1024 3458 1237 3497 summo
1259 3444 1437 3497 studio
1480 3429 1661 3497 omnia
1716 3445 1780 3497 ad
1816 3444 2010 3497 bellum
2049 3446 2308 3513 paranda,

731 3546 791 3589 ιιι
831 3535 975 3589 illius
1010 3535 1345 3589 invasionem
1383 3536 1724 3604 praeveniret.
1760 3536 1918 3605 eique
1941 3537 2145 3589 aditum
2177 3552 2311 3604 prir-

732 3627 976 3681 cluderet
1015 3628 1079 3681 ad
1110 3629 1351 3694 reginam
1402 3628 1636 3681 urbium.
1685 3626 1877 3682 Statim
1932 3639 2106 3682 tttrma
2141 3644 2308 3698 geneo

732 3736 981 3775 rosorum
1040 3720 1464 3774 adolescentium
1530 3721 1787 3791 eligitur;
1830 3722 1928 3775 hos
1972 3722 2308 3775 immortales

735 3812 1026 3864 nominat:
1069 3812 1135 3864 ad
1198 3812 1337 3866 latus
1396 3810 1498 3866 sibi
1555 3821 1755 3881 prtesto
1784 3827 1904 3866 esse
1948 3812 2119 3880 jubet.
2179 3813 2305 3865 Dein

733 3902 1049 3968 Magistrum
1087 3904 1291 3958 militia:
1316 3903 1565 3967 Bardam,
1605 3904 1690 3957 eui
1730 3902 1949 3957 Sclerns
1983 3918 2304 3971 cognomen,

732 3994 953 4048 fratrem
988 3996 1189 4059 Mariae,
1223 4010 1343 4064 qua:
1372 3994 1682 4064 imperatori
1709 4003 1873 4061 nupta
1908 4002 2029 4047 ante
2053 3995 2307 4047 decesse-

732 4098 834 4151 rat,
880 4090 1067 4142 ηνὶτιιιη
1120 4098 1403 4141 strenuum
1463 4085 1723 4153 singulari
1777 4087 2021 4139 virtute:
2061 4086 2207 4139 hunc
2255 4096 2307 4138 et

732 4178 950 4234 Petrum
985 4180 1295 4240 Patricium,
1322 4178 1427 4247 iam
1460 4192 1488 4229 a
1508 4174 1815 4243 Nicephoro
1839 4176 2079 4242 Augusto
2104 4175 2171 4226 ob
2189 4173 2307 4242 ejus

731 4272 985 4325 virtutem
1037 4270 1511 4339 pulcherrimaqne
1569 4270 1620 4321 in
1654 4268 1808 4322 bellis
1859 4268 2003 4321 edita
2064 4266 2305 4321 facinora

730 4364 928 4417 castris
984 4362 1295 4430 pra-fectum
1352 4364 1523 4430 (nam,
1563 4376 1683 4414 cum
1740 4360 1958 4429 Scythis
2017 4359 2304 4413 Thraciam

732 4455 1136 4509 incursantibus
1182 4468 1309 4507 cum
1378 4452 1587 4519 legione
1645 4466 1743 4505 sua
1801 4450 2012 4512 Petrus,
2057 4450 2305 4519 quamvis

732 4547 925 4616 spado,
953 4562 1012 4601 se
1037 4546 1352 4613 obiecisset,
1384 4544 1705 4613 Scytharum
1734 4544 1863 4603 dux,
1896 4545 2056 4596 homo
2082 4543 2302 4595 imo-.aui

2487 3263 2576 3309 ια’.
2614 3256 2831 3309 Τούτων
2860 3257 2967 3310 τῶν
2994 3258 3445 3327 ἀπονενοημένων
3464 3258 3556 3312 τοῦ
3584 3261 3791 3314 ἐκεῖθεν
3809 3262 3991 3331 λόγων

2412 3350 2439 3400 ὁ
2476 3348 2730 3414 βασιλεὺς
2778 3350 3117 3420 διενηχηθεὶς
3177 3352 3319 3419 ἔγνω
3352 3353 3427 3422 μὴ
3492 3353 3821 3422 διαμέλλειν,
3851 3357 3989 3409 ἀλλά

2414 3439 2561 3509 πάσῃ
2598 3441 2798 3509 σπουδῇ
2836 3443 2903 3494 τά
2927 3444 2981 3504 ἐς
3015 3442 3107 3495 τὸν
3135 3442 3368 3512 πόλεμον
3396 3442 3786 3513 ἐξαρτύεσθαι,
3810 3448 3886 3509 ὡς
3923 3449 3989 3501 ἂν

2414 3535 2744 3601 προτερήσοι
2774 3534 2873 3601 τὴν
2908 3534 3041 3602 πρὸς
3071 3536 3278 3587 ἐκεῖνον
3323 3534 3526 3602 ἄφιξιν,
3570 3538 3894 3607 ὲπιτειχίσοι
3929 3558 3987 3594 τε

2412 3622 2584 3693 τούτῳ
2609 3624 2705 3693 τὴν
2738 3624 2878 3676 κατὰ
2904 3626 3000 3694 τῆς
3030 3624 3421 3695 βασιλευούσης
3486 3627 3753 3680 ἐπίθεσιν.
3811 3631 3989 3692 Εὐθὺς

2410 3715 2502 3767 οὖν
2534 3718 2652 3785 ίλην
2674 3718 2934 3783 γενναίων
2962 3717 3338 3770 καὶνεανικῶν
3368 3720 3579 3790 ἀνδρῶν
3604 3720 3987 3790 ἐκλεξάμενος,

2412 3805 2712 3869 ἀθανάτους
2745 3825 2801 3859 τε
2839 3806 3061 3871 τούτους
3092 3812 3493 3879 κατονομάσας,
3525 3813 3653 3882 περὶ
3709 3814 3872 3867 αὑτὸν
3907 3814 3988 3867 εἷ-

2411 3916 2496 3951 ναι
2518 3899 2917 3953 διεκελεύσατο.
2959 3899 3239 3953 Ἐντεῦθεν
3268 3901 3360 3952 τὸν
3398 3902 3713 3969 Μάγιστρον
3746 3904 3986 3973 Βάρδαν,

2409 3984 2453 4057 ᾧ
2480 3992 2722 4062 Σκληρὸς
2762 3994 2793 4061 ἡ
2842 3991 3151 4060 ἐπίκλησις,
3176 3994 3449 4063 όμαίμονα
3466 3997 3560 4064 τῆς
3616 3998 3990 4065 ἀποιχομένης

2410 4082 2647 4151 Μαρίας,
2670 4082 2769 4148 τῆς
2821 4080 2913 4133 τού
2960 4080 3197 4133 τοιούτου
3241 4080 3502 4149 βασιλέως
3552 4080 3829 4145 συνεύνου,
3858 4100 3991 4149 τυγ-

2411 4172 2657 4241 χάνοντα,
2683 4172 3008 4241 δραστήριον
3029 4171 3197 4240 ἄνδρα
3237 4173 3329 4223 καὶ
3378 4173 3477 4240 τὴν
3520 4172 3692 4241 ἀλκὴν
3733 4175 3989 4240 γενναιόο

2408 4279 2566 4315 τατον
2599 4280 2611 4292 ·
2642 4265 2731 4314 καὶ
2762 4262 2850 4314 τὸν
2887 4264 3177 4331 Πατρίκιον
3210 4264 3435 4332 Πέτρον,
3458 4265 3551 4315 τὸν
3587 4266 3721 4333 πρὶς
3767 4264 3862 4317 τοῦ
3893 4268 3992 4319 αύ-

2408 4353 2735 4422 τοκράτορος
2791 4354 3107 4422 Νικηφόρου
3170 4355 3645 4424 στρατοπεδάρχην
3698 4373 3986 4425 προχειρι-

2411 4445 2605 4498 σθέντα
2638 4445 2730 4498 διά
2775 4462 2831 4498 τε
2877 4445 2973 4515 τὴν
3002 4446 3310 4515 προσοῦσαν
3339 4447 3487 4516 αὐτῷ
3518 4448 3742 4518 ἀρετὴν,
3781 4450 3875 4501 καὶ
3916 4450 3989 4500 τά.

2409 4537 2551 4588 κατα
2566 4536 2690 4597 τοὺς
2715 4536 2976 4605 πολέμους
2992 4536 3452 4606 ἀνδραγαθήματα
3473 4538 3707 4608 (λέγεται
3721 4540 3830 4607 γάρ
3854 4556 3989 4591 ποτα

729 4652 980 4703 corpore,
1007 4637 1143 4691 bene
1182 4634 1461 4701 loricatus,
1516 4635 1777 4688 trabalem
1829 4636 2036 4688 hastam
2084 4644 2300 4687 contor-

2414 4627 2630 4679 Σκυθῶν
2673 4628 2772 4697 τὴν
2805 4628 3025 4699 Θρᾴκην
3056 4630 3537 4699 καταδραμόντων,
3572 4630 3695 4681 ἐπΞὶ
3749 4631 3807 4693 ἐξ
3840 4634 3993 4685 ἀντι-

730 4745 926 4799 quens,
960 4731 1012 4783 in
1044 4728 1280 4782 medium
1315 4729 1455 4781 intra
1486 4728 1625 4781 duas
1663 4729 1810 4781 acies
1835 4742 1975 4796 equo
2027 4726 2300 4795 profectus

728 4822 793 4873 ad
824 4836 1057 4891 pugnam
1092 4836 1417 4889 provocasse
1447 4821 1669 4886 dicitur,
1697 4822 1788 4889 qui
1842 4836 1966 4875 cum
2028 4821 2187 4890 108
2234 4836 2300 4875 eo

728 4913 984 4981 congredi
1006 4911 1167 4965 vellet
1192 4926 1204 4960 :
1238 4911 1479 4974 Petrum,
1501 4911 1694 4963 robore
1711 4920 1994 4978 assumpto
2023 4912 2299 4979 animique

728 5001 1121 5068 magnitudine,
1142 5016 1261 5070 qua:
1290 5000 1533 5053 omnium
1556 5000 2015 5068 exspectationem
2034 5000 2297 5063 vinceret,

727 5090 1035 5145 calcaribus
1086 5104 1227 5159 equo
1262 5089 1461 5143 acriter
1502 5087 1733 5142 admotis
1770 5097 1822 5141 et
1861 5088 2047 5141 lancea
2089 5087 2300 5141 fortiter

728 5183 959 5242 vibrata.
1002 5181 1263 5235 ambabus
1289 5194 1408 5233 eam
1465 5178 1718 5233 manibus
1754 5179 1806 5232 in
1852 5178 2064 5248 Scytha:
2112 5187 2299 5245 pectus

730 5274 1016 5342 adegisse;
1048 5274 1231 5340 itaque
1253 5271 1489 5326 validum
1525 5269 1692 5324 fuisse
1718 5271 1913 5334 ictum,
1940 5278 1998 5323 ut
2025 5268 2300 5337 perforato

2410 4721 2581 4773 πάλου
2612 4722 2701 4773 τὶν
2725 4720 2946 4789 Πέτρον,
2967 4721 3142 4773 καίτοι
3172 4720 3366 4790 τομίαν
3390 4722 3539 4783 ὄντα,
3562 4724 3701 4791 μετὰ
3731 4722 3826 4774 τοῦ
3854 4741 3987 4777 συν-

2413 4811 2683 4878 επομένου
2744 4811 2967 4879 στίφους
2996 4810 3306 4874 ξυνέῦαινεν
3330 4814 3512 4875 αὐτοῖς
3542 4814 3984 4874 ἀντιτάττεσθαι,

2411 4902 2493 4973 [Ρ.
2528 4901 2620 4971 ϐϐἶ
2646 4902 2737 4955 τὸν
2759 4902 2866 4955 τῶν
2896 4902 3118 4955 Σκυθῶν
3146 4904 3300 4970 ἀγὸν,
3335 4903 3603 4972 πελώριον
3646 4904 3817 4974 ἄνδρα
3839 4948 3852 4968 ,
3888 4910 3987 4959 καὶ

2407 4995 2466 5057 ἐς
2496 4996 2558 5047 τὸ
2579 4994 2821 5061 ἀσφαλὲς
2851 4994 3347 5064 τεθωρακισμένον,
3370 4998 3518 5066 παρὰ
3560 4996 3622 5047 τὸ
3660 4998 3988 5065 μεταίχμιον

2407 5085 2840 5151 ἐξιππάσασθαι,
2872 5088 3060 5139 κοντὸν
3093 5088 3342 5157 ἐπιμήκη
3376 5088 3759 5158 κραδαίνοντα,
3809 5106 3987 5158 προσ.

2410 5178 2691 5231 καλεῖσθαί
2719 5179 2764 5210 ’⁸
2808 5196 2867 5232 τε
2923 5179 3014 5232 τὸν
3051 5180 3447 5251 βεϐουλημένον
3471 5180 3619 5252 αύτῷ
3666 5182 3991 5235 ἀντιτάττεο

2410 5268 2570 5321 σθαιο
2600 5269 2691 5321 τὸν
2719 5268 2776 5322 δὲ
2828 5269 3055 5340 Πέτρον,
3087 5270 3260 5338 ἀλκῆς
3300 5273 3395 5324 καὶ
3429 5272 3627 5342 μένους
3672 5272 3805 5343 παρ’
3852 5272 3991 5326 ὑπό-

1920 5443 1982 5497 C.
2017 5443 2075 5497 Β.
2112 5442 2292 5498 llASll
2317 5439 2871 5499 ANNOTATIONES.

794 5633 842 5666 “
874 5632 998 5701 Leg.
1036 5626 1287 5679 τοσούτω
1329 5629 1509 5681 πόνον.
1587 5628 1628 5657 ⁸⁷
1663 5627 1924 5680 κάναυσοι
1947 5624 2066 5677 cod.

740 5796 741 5799 Ἴ
796 5836 903 5903 ὶ39)
938 5834 1178 5885 Zonaras
1211 5830 1270 5883 11.
1300 5830 1423 5893 209,
1454 5830 1515 5883 D.

2147 5623 2191 5655 “
2232 5621 2377 5677 Fort.
2417 5622 2829 5691 προκαλεῖσθαί.
