4184 6524
202 481 302 550 817

1441 483 1840 544 ΠΙΞἸὈΒΙΕ
1863 485 2010 544 LIB.
2057 485 2153 544 VI.

3346 482 3452 546 8l8

201 607 348 644 νοιαν
382 588 817 659 ὑποπλησθέντα,
860 589 950 640 τὸν
982 589 1149 641 ἵππον
1180 607 1237 641 τι
1280 591 1523 659 σφοδρῶς
1555 591 1771 658 κεντρί-

1895 607 2104 660 :orpore
2137 591 2321 659 cuspis
2351 589 2418 642 ad
2458 587 2682 642 dersum
2717 591 3046 658 perrolaret,
3082 588 3264 643 hamis
3322 603 3456 641 cen-

205 696 291 732 σαι
312 681 424 740 τοῖς
469 677 674 747 μύωψι,
708 679 803 732 καὶ
836 678 896 730 τὸ
919 678 1048 746 δόρυ
1083 680 1360 746 κραταιῶς
1407 679 1768 748 διαγκυλησά-

206 788 387 840 μενον,
412 771 748 840 ἀμφοτέραις
776 764 916 822 ὦσαι
949 771 1091 822 κατὰ
1117 771 1209 822 τοῦ
1241 772 1464 838 στέρνου
1513 772 1604 823 τὸν
1638 772 1777 824 Σκύ-

204 865 304 932 θην
337 878 352 892 ⁸
387 862 530 915 οὓτω
554 862 611 915 δὲ
657 863 909 930 γενέσθαι
949 865 1047 930 τὴν
1100 856 1409 931 ἀντέρεισιν
1478 867 1775 936 καρτερὰν,

203 957 279 1017 ὼς
306 955 675 1023 ἁντιτορῇσαι,
708 957 800 1006 καὶ
820 955 1120 1026 διαμπερὲς
1157 957 1298 1007 κατὰ
1332 957 1391 1007 τὸ
1438 959 1776 1026 μετάφρενον

203 1047 498 1113 ἂαπτῆναι
537 1048 600 1107 ³³,
636 1047 709 1115 μὴ
741 1049 1058 1115 ἀντισχόντα
1094 1049 1183 1099 τὸν
1208 1049 1383 1101 ἁλυσιὲ
1422 1052 1534 1101 πον
1553 1051 1774 1119 θώρακα

207 1138 320 1189 ἀλλ’
369 1138 595 1190 ἄναυδον
623 1139 712 1189 τὸν
749 1139 1014 1208 πελώριον
1067 1143 1272 1192 ἐκεῖνον
1321 1143 1775 1211 προσαραχθῆναι

203 1231 267 1298 τῇ
293 1232 362 1298 γῇ
399 1245 412 1258 ⁸
439 1231 531 1281 καὶ
563 1229 736 1298 τούτῳ
769 1230 844 1296 τῷ
874 1231 1046 1301 καινῷ
1097 1233 1188 1283 καὶ
1220 1233 1352 1301 ξένῳ
1397 1233 1628 1301 θεάματι
1680 1251 1780 1285 κα-

205 1320 550 1387 ταπλαγῆναί
582 1338 640 1372 τε
678 1322 801 1383 τοὺς
837 1321 1064 1384 Σκύθας,
1097 1324 1189 1374 καὶ
1237 1324 1371 1391 προς
1421 1325 1598 1392 φυγὴν
1655 1324 1780 1376 ἀπι-

204 1409 339 1478 δεῖν)
376 1427 390 1438 ·
421 1411 632 1472 τούτοις
661 1413 772 1473 τοῖς
809 1415 1137 1481 στρατηγοῖς
1168 1412 1538 1481 παρήγγειλεν
1567 1415 1594 1465 ὁ
1633 1413 1784 1482 βασι-

203 1500 350 1566 λεὺς,
393 1504 490 1565 τὰς
536 1503 792 1571 δυνάμεις
827 1505 1182 1573 ἀνειληφότας
1217 1504 1308 1556 ἐπὶ
1339 1506 1436 1572 τὴν
1469 1506 1663 1574 ὅμορον
1695 1508 1785 1557 καὶ

205 1595 575 1663 ἀγχιτέρμονα
598 1595 699 1662 τῆς
727 1596 939 1658 Μυσίας
969 1596 1259 1650 διαϐαίνειν
1286 1615 1298 1627 ·
1331 1599 1450 1649 ἐκεῖ
1488 1615 1545 1650 τε
1583 1597 1785 1667 διαχει-

209 1686 420 1754 μάζειν.
453 1688 546 1738 καὶ
577 1687 875 1756 γυμνάζειν
903 1688 998 1758 τὴν
1034 1690 1312 1759 στρατιάν,
1346 1691 1439 1742 καὶ
1481 1690 1571 1743 τὸν
1605 1692 1781 1758 χῶρον

207 1780 515 1846 περιέπειν,
551 1780 625 1842 ὠς
649 1783 720 1850 μή
749 1798 833 1842 τις
863 1783 948 1850 εἴη
971 1781 1146 1851 τούτῳ
1170 1781 1317 1851 λώὁη
1346 1786 1462 1845 ταῖς
1487 1783 1778 1852 ἐκδρομαῖς

1875 694 2016 738 serta
2043 682 2208 736 lorica
2269 683 2692 752 haudquaquam
2746 682 3044 750 prohibita,
3093 677 3466 749 immanisth

1879 775 2049 828 hornis
2108 775 2253 827 nulla
2288 790 2416 828 voce
2463 774 2662 828 emissa
2723 773 2874 826 humi
2932 783 3267 826 sterneretur
3304 786 3318 823 :
3349 783 3460 837 quo

1881 881 2023 919 novo
2072 865 2320 934 miroque
2365 865 2677 933 spectaculo
2721 862 2945 916 territos
2988 861 3219 931 Scythas
3276 859 3459 928 fugant

1879 958 2202 1028 respexisse)
2236 975 2249 1010 :
2285 959 2382 1010 hos
2415 958 2581 1010 duces
2621 957 2916 1024 imperator
2953 954 3120 1021 jussit
3152 951 3464 1019 assumptis

1883 1053 2127 1107 numeris
2159 1052 2210 1105 in
2252 1052 2429 1105 vicina
2488 1061 2542 1104 et
2577 1049 2802 1102 finitima
2862 1046 3194 1102 descendere
3240 1041 3462 1108 Maesia,

1886 1147 2060 1215 iisque
2106 1146 2159 1199 in
2215 1145 2349 1199 locis
2398 1144 2623 1198 hiberna
2675 1143 3049 1197 constituere:
3099 1137 3284 1206 copias
3341 1133 3466 1187 dili-

1889 1248 2073 1305 genter
2095 1246 2428 1301 exercerent,
2472 1237 2689 1290 obirent
2738 1234 3036 1303 regionem,
3071 1248 3135 1286 ne
3167 1230 3294 1300 quid
3323 1227 3467 1282 cala-

1891 1330 2095 1383 mitatis
2127 1344 2194 1382 ex
2225 1327 2528 1381 Russorum
2578 1324 2986 1380 incursionibus
3029 1325 3296 1391 acciperet
3333 1338 3345 1374 :
3375 1334 3469 1389 per

1892 1420 2158 1473 Stationes
2189 1426 2245 1474 et
2273 1419 2387 1472 loca
2442 1418 2676 1471 hostium
2734 1418 2882 1472 viros
2908 1426 3194 1480 utramque
3226 1413 3466 1480 linguam

1890 1511 2145 1564 callentes
2176 1511 2484 1565 emitterent
2510 1509 2762 1578 Scythico
2806 1523 2958 1560 more
2998 1506 3248 1564 vestitos,
3277 1502 3368 1570 qui
3406 1501 3471 1553 de

1887 1618 2074 1656 eorum
2103 1603 2351 1656 consiliis
2397 1611 2811 1670 cognoscerent,
2853 1600 2994 1652 unde
3041 1613 3102 1652 ea
3157 1593 3474 1666 patefierent

1886 1694 2222 1764 imperatori.
2285 1693 2563 1761 Ejusmodi
2613 1691 2885 1745 mandatis
2919 1692 2985 1742 ab
3016 1691 3345 1758 imperatore
3387 1700 3473 1738 ac-

1884 1788 2076 1854 ceptis,
2114 1786 2388 1854 Europam
2414 1786 2576 1854 legati
2609 1785 3010 1854 ingrediuntur.
3289 1787 3297 1792 '

208 1873 313 1925 15w
345 1871 566 1924 Σκυθῶν
593 1891 606 1904 ο
641 1874 696 1935 ἐς
734 1891 790 1925 τε
824 1874 922 1936 τὰς
950 1873 1205 1937 ἐπαύλεις
1244 1875 1336 1926 καὶ
1374 1876 1443 1928 τά
1502 1875 1606 1946 ἢθη
1631 1876 1673 1907 ³ο
1703 1877 1809 1928 τῶν
1850 1879 2133 1948 δυσμενῶν
2158 1879 2492 1947 διγλώσσους
2561 1878 2756 1946 ἄνδρας
2839 1876 3148 1944 ἐκπέμπειν
3211 1867 3476 1924 Σκυθικὸν

207 1967 661 2036 ἡμπισχημένους
713 1969 1025 2038 ἱματισμὸν,
1049 1968 1124 2031 ὡς
1163 1971 1232 2023 τά
1294 1988 1442 2040 σφων
1493 1971 1770 2026 διαϐούλια
1809 1977 2007 2044 γνοῖεν,
2042 1977 2136 2028 καὶ
2192 1975 2402 2045 βασιλεῖ
2443 1973 2615 2027 ταῦτα
2681 1972 2982 2042 κατάφωρα
3012 1969 3305 2038 γίγνοιντο.
3362 1964 3474 2035 Τὴν

209 2058 468 2128 τοιαύτην
506 2055 598 2130 οὖν
624 2060 786 2128 φάσιν
833 2064 968 2128 πρὸς
1030 2061 1121 2114 τοῦ
1166 2063 1430 2130 βασιλέως
1477 2063 1780 2132 εἰληφότες,
1820 2067 1920 2136 τὴν
1949 2067 2218 2138 Εὐρώπην
2249 2066 2783 2136 καταλαμϐάνουσιν.

282 2201 370 2270 ιβ’.
396 2201 895 2272 Ταυροσοκύθαιδὲ,
917 2200 1014 2274 τὴν
1031 2199 1236 2257 τούτων
1268 2201 1648 2265 ἐνωτισθέντες
1675 2203 1791 2258 διά-
1827 2211 1866 2266 Β

210 2295 388 2357 εασιν,
433 2295 741 2363 ἀπόμοιραν
801 2295 897 2363 τῆς
941 2296 1208 2366 σφετέρας
1265 2299 1522 2367 στρατιᾶς
1580 2294 1789 2364 διαιρὲ-

211 2399 427 2447 σαντες,
465 2383 681 2436 Οὓννων
706 2399 763 2434 τε
798 2383 891 2435 καὶ
928 2383 1128 2436 Μυσῶν
1165 2381 1368 2451 πλῆθος
1415 2383 1588 2453 ταύτῃ
1619 2397 1790 2452 προσ·

209 2475 616 2544 εταιρξσαντες,
702 2475 844 2527 κατὰ
916 2474 1201 2543 Ῥωμαίων
1251 2477 1448 2543 χωρεῖν
1506 2476 1789 2543 ὲκπεπόμ-

211 2582 407 2632 φεσαν.
447 2568 605 2634 Ἀρτι
636 2565 693 2618 δὲ
729 2567 824 2636 την
855 2566 1061 2619 τούτων
1098 2566 1362 2636 ὲπήλυσιν
1391 2567 1417 2618 ὁ
1473 2565 1788 2634 Μάγιστρος

214 2656 426 2725 Βάρδας
456 2658 798 2724 αἰσθόμενος,
832 2659 925 2710 καὶ
962 2658 1139 2721 ἄλλως
1177 2660 1422 2725 γενναῖος
1451 2675 1507 2709 τε
1548 2660 1638 2710 καὶ
1698 2658 1788 2726 ρέ-

212 2765 349 2816 κτης
378 2749 663 2817 τυγχάνων
691 2749 852 2816 ἀνὴρ,
886 2750 1005 2800 τότε
1053 2749 1109 2801 δὲ
1170 2749 1458 2816 οψαδάζων
1481 2750 1637 2818 θυμῷ
1695 2753 1784 2802 καὶ

214 2841 407 2909 ῥώμης
430 2843 598 2908 ὁρμῇ,
633 2842 759 2902 τοὺς
803 2841 939 2909 ἀμφ’
968 2841 1127 2892 αὑτὸν
1158 2841 1200 2872 ³⁸
1249 2842 1480 2908 λογάδας
1545 2842 1790 2910 συνειλη-

214 2930 351 2997 φὼς,
397 2931 531 2999 πρὸς
553 2930 648 2999 τὴν
688 2929 796 2983 τῶν
826 2932 1087 2983 ἐναντίων
1131 2930 1394 2999 ἠπείγετο
1446 2930 1788 3001 συμπλοκήν.

215 3023 325 3075 Καὶ
354 3023 418 3090 δὴ
461 3023 710 3092 Ἰωάννην
733 3023 823 3074 τὸν
886 3023 1090 3075 Ἀλακᾶ
1151 3023 1260 3093 (40)
1317 3024 1658 3086 εἰσκαλέσας,
1707 3025 1789 3087 εἰς

213 3115 564 3183 κατασκοπὴν
592 3116 928 3179 ἀπέστειλεν,
984 3115 1251 3184 ἁνθρῆσαί
1285 3117 1327 3146 ³²
1371 3133 1430 3168 τε
1486 3117 1608 3178 τοὺς
1656 3117 1796 3168 Σκύ-

214 3209 311 3268 θας
338 3207 476 3275 (41),
502 3208 594 3259 καὶ
629 3209 688 3259 τὸ
716 3209 809 3260 τοῦ
828 3208 1064 3277 πλήθους
1086 3211 1304 3262 εἰκάσαι
1332 3209 1496 3260 πόσον
1529 3209 1665 3277 (42),
1696 3211 1791 3262 καὶ

213 3301 333 3350 καθ’
368 3299 430 3350 ὃν
465 3297 763 3362 αὐλίζοιντο
800 3301 982 3364 τόπον,
1017 3302 1107 3352 καὶ
1153 3303 1180 3354 ὅ
1219 3318 1271 3352 τι
1307 3300 1622 3369 πράττοιεν·
1658 3302 1796 3370 πέμ-

213 3407 336 3441 πειν
360 3407 420 3442 τε
444 3391 540 3457 τὴν
569 3391 830 3458 ταχίστην
865 3391 940 3452 ὠς
974 3393 1158 3455 αὑτὸν,
1188 3395 1282 3444 καὶ
1339 3396 1516 3445 πάντα
1547 3394 1797 3462 διαγγέλο

213 3481 348 3545 λειν,
377 3482 455 3544 ὡς
486 3482 830 3543 συσκευάσοι,
873 3484 967 3534 καὶ
994 3483 1208 3547 ὲκτάξοι
1235 3484 1334 3552 τὴν
1368 3485 1630 3552 στρατιὰν
1655 3486 1794 3554 πρὸς

3109 2113 3134 2152 Ἰ

1966 2205 2052 2260 12.
2122 2204 2309 2269 Russi,
2371 2219 2494 2259 cum
2545 2201 2613 2257 de
2658 2213 2848 2255 eorum
2913 2197 3147 2252 transitu
3192 2195 3480 2250 audissent

1891 2307 2100 2369 partem
2157 2298 2452 2361 exercitus,
2489 2294 2577 2350 cui
2617 2292 2943 2348 llunnorum
3002 2288 3472 2358 Bulgatorumque

1893 2390 2298 2446 multitudinem
2350 2388 2739 2458 adiunxerant,
2785 2387 2836 2439 in
2897 2382 3174 2436 Romanos
3235 2378 3474 2447 praemit-

1893 2493 2029 2538 tunt.
2064 2480 2264 2535 Audito
2292 2493 2483 2533 eorum
2519 2472 3006 2540 adventu,Bardas
3035 2469 3295 2539 magister
3329 2469 3477 2522 mili-

1892 2584 2030 2635 tum,
2059 2587 2180 2627 cum
2216 2578 2272 2624 et
2322 2568 2458 2623 alias
2491 2568 2670 2620 virum
2719 2573 3002 2620 strenuum
3061 2562 3368 2630 fortemque
3418 2575 3479 2616 se

1892 2664 2252 2727 exhibuisset,
2329 2671 2442 2715 tum
2489 2659 2727 2712 maxime
2767 2671 2829 2710 ea
2908 2655 3199 2710 occasione
3279 2668 3480 2723 magno

1892 2753 2071 2807 animo
2091 2753 2400 2820 impetuque
2422 2748 2699 2810 incitatus,
2723 2757 2909 2801 coacto
2928 2745 3226 2799 electorum
3247 2743 3394 2799 circa
3419 2759 3480 2798 se

1894 2844 2129 2915 agmine,
2154 2843 2306 2913 signa
2326 2841 2517 2903 movit,
2541 2839 2701 2908 109
2724 2848 2778 2892 ut
2797 2852 2919 2892 cum
2944 2836 3194 2891 hostibus
3213 2835 3476 2890 decerne-

1898 2947 1996 2990 ret.
2025 2934 2401 3004 Joannemque
2424 2933 2588 2988 Alaca
2615 2925 2938 2986 advocatum
2971 2928 3283 2999 speculandi
3309 2927 3480 2995 gratia

1897 3045 2022 3085 cum
2075 3027 2345 3081 mandatis
2401 3024 2709 3094 praemisit:
2760 3023 3076 3077 observaret
3134 3020 3480 3091 Scythas,da

1897 3137 2087 3176 eorum
2121 3132 2349 3173 numero
2390 3114 3019 3185 conjecturamfaceret,
3053 3121 3108 3166 et
3133 3125 3244 3182 quo
3281 3112 3336 3166 in
3359 3111 3480 3164 loco

1899 3212 2302 3272 consedissent,
2325 3208 2568 3280 quidque
2619 3217 2841 3276 agerent
2871 3224 2885 3259 :
2916 3205 3118 3274 quibus
3155 3204 3481 3272 perspectis.

1899 3307 2316 3372 mitteretquam
2337 3302 2621 3356 celerrime
2642 3298 2708 3353 ad
2735 3315 2814 3361 se,
2843 3311 3070 3366 remque
3095 3310 3308 3349 omnem
3341 3308 3484 3348 nun-

1902 3398 2084 3458 tiaret,
2117 3404 2176 3448 ut
2213 3396 2326 3462 ipse
2356 3391 2711 3446 conclamatis
2746 3390 2892 3442 vasis
2930 3393 3148 3456 pararet
3176 3383 3485 3439 exercitum

1902 3489 1967 3542 ad
2018 3484 2349 3541 conﬂictum.
2398 3482 2635 3538 Joannes
2673 3481 2967 3550 assumptis
3018 3478 3227 3541 electis,
3262 3477 3355 3545 qui
3395 3490 3483 3528 se-

211 3576 301 3626 τδν
338 3575 600 3643 πόλεμον.
645 3578 896 3646 Ἰωάννης
927 3576 1003 3640 δὲ,
1041 3577 1167 3638 τοὺς
1209 3576 1513 3643 ἑπομένους
1565 3578 1793 3643 λογάδας

1901 3579 2228 3648 quebantur,
2265 3577 2513 3631 celeriter
2541 3575 2608 3629 ad
2640 3574 2872 3642 Scythas
2903 3572 3184 3642 adequitat
3216 3586 3230 3622 :
3279 3568 3482 3638 postri-

213 3665 547 3734 ἀνειληφὼς,
583 3668 718 3719 κατὰ
747 3669 908 3736 τάχος
939 3668 1029 3719 ἐπὶ
1058 3667 1184 3729 τοὺς
1218 3666 1429 3729 Σκύθας
1475 3668 1747 3719 ἱππάσατο
1779 3681 1790 3693 ·

213 3758 276 3824 τῇ
317 3757 375 3809 δὲ
421 3758 686 3826 ὑστεραία
729 3758 878 3825 παρὰ
909 3758 998 3808 τὸν
1030 3757 1348 3826 Μάγιστρον
1410 3757 1640 3822 στέλλει,
1671 3760 1792 3809 ἐπι-

215 3845 471 3897 σπεύδων
501 3845 689 3897 τοῦτον
711 3845 923 3897 ἱκέσθαι
945 3845 1082 3914 μετὰ
1105 3845 1197 3897 τοῦ
1221 3845 1478 3913 πλήθους
1509 3845 1581 3914 μὴ
1608 3847 1796 3915 πόρρω

214 3936 343 4006 γὰρ,
377 3936 499 3989 ἀλλ’
529 3937 779 4003 ἐγγύθεν.
810 3938 934 3999 τοὺς
960 3938 1170 3998 Σκύθας
1209 3937 1515 3998 αὐλίζεσθκ·
1739 3938 1798 3991 Ὀ

213 4029 289 4091 δὲ,
317 4029 432 4081 τῶν
481 4029 739 4080 τοιούτων
771 4029 944 4096 λόγων
966 4028 1278 4090 διακούσας,
1315 4031 1477 4100 τριχῆ
1536 4031 1794 4095 διατάξας

213 4123 308 4190 τὴν
339 4121 627 4188 φάλαγγα,
662 4123 726 4190 τῇ
766 4120 864 4188 μὲν
912 4120 1210 4188 ἐφέπεσθαι
1255 4121 1593 4190 παρήγγειλε
1651 4123 1795 4174 κατὰ

215 4213 498 4279 μέτωπον,
529 4216 646 4274 ταῖς
679 4213 734 4264 δὲ
763 4212 901 4263 κατὰ
937 4215 1063 4274 τοὺς
1094 4214 1421 4281 ὲγκαρσίους
1456 4213 1795 4282 προλοχίζειν

213 4304 481 4373 Epopea":
509 4303 593 4375 [P.
624 4302 1025 4374 ϐητηνικαῦτα
1050 4304 1105 4356 δὲ
1135 4304 1234 4372 τῆς
1261 4305 1483 4374 ἐνέδρας
1504 4306 1790 4372 διεκθέειν,

214 4395 454 4464 ὁπηνίκα.
483 4397 583 4463 τῆς
614 4396 932 4462 σάλπιγγος,
961 4393 1020 4447 τὸ
1050 4395 1291 4448 ἐνυάλιον
1312 4397 1647 4466 ἐπηχούσης,
1681 4399 1795 4450 διαο

215 4487 496 4538 κούσαιεν.
555 4486 739 4536 Ταῦτα
778 4487 887 4546 τοῖς
935 4485 1186 4553 λοχαγοῖς
1224 4489 1796 4555 παρακελευσάμενος,

216 4577 353 4628 κατὰ
384 4576 570 4643 στόμα
603 4577 715 4637 τοῖς
743 4573 973 4635 Σκύθαις
996 4575 1275 4644 ἀντεπῄει,
1309 4577 1584 4644 κραταιῶς
1607 4577 1801 4643 διαγω-

215 4669 521 4736 νιζόμενος.
567 4667 936 4720 Ἐπλεονέκτει
956 4666 1013 4719 δὲ
1043 4667 1234 4735 πλήθει
1260 4667 1320 4719 τὸ
1348 4671 1661 4738 στράτευμα
1690 4671 1799 4723 τῶν

213 4764 476 4816 ἁναντίων
506 4762 650 4830 ὑπὲρ
676 4763 798 4824 τοὺς
830 4762 1187 4832 τρισμυρίους
1242 4760 1429 4814 τελοῦν
1458 4781 1470 4794 ·
1495 4765 1543 4816 οἱ
1571 4763 1680 4833 γάρ
1725 4765 1802 4832 τῷ

1903 3671 1990 3725 die
2019 3671 2138 3738 ejus
2160 3668 2264 3722 diei
2292 3669 2357 3721 ad
2407 3667 2722 3734 Magistrum
2755 3665 2984 3718 militum
3035 3661 3204 3716 mittit
3236 3677 3250 3715 :
3294 3659 3482 3713 horta-

1905 3772 2032 3817 tur:
2071 3759 2259 3814 Veniat
2308 3777 2431 3813 cum
2467 3763 2514 3811 vi
2563 3759 2721 3823 belli;
2757 3773 2862 3811 non
2909 3758 3066 3826 longe
3098 3755 3290 3808 abesse
3339 3752 3484 3806 lius-

1904 3868 2030 3918 sos;
2064 3852 2317 3922 preprius
2349 3861 2525 3905 castra
2557 3850 2774 3903 habere.
2820 3848 3027 3914 Quibus
3058 3845 3281 3908 auditis,
3324 3857 3487 3896 exer-

1904 3945 2073 4000 citum
2124 3943 2430 4010 tripertitur
2488 3941 2730 3996 Bardas:
2781 3953 2985 4010 partem
3057 3939 3236 3993 medio
3289 3937 3483 3990 itinere

1903 4036 2058 4103 sequi
2110 4050 2168 4090 se
2193 4033 2368 4104 jubet,
2424 4035 2560 4088 duas
2615 4035 2812 4087 alteras
2863 4048 2956 4099 per
2985 4045 3209 4085 nemora
3253 4045 3280 4081 a
3314 4028 3486 4081 latere

1903 4127 2112 4196 objecta
2173 4128 2316 4181 locat
2363 4143 2376 4177 :
2416 4126 2597 4187 edicit,
2654 4140 2720 4177 ex
2776 4125 2986 4178 insidiis
3039 4128 3348 4190 erumpant,
3406 4117 3486 4174 si-

1906 4220 2016 4272 mul
2056 4233 2121 4272 ac
2150 4219 2310 4284 tubae,
2344 4219 2632 4272 classicum
2685 4216 2951 4279 canentis,
3003 4213 3244 4269 sonitum
3295 4210 3480 4266 audis-

1901 4319 2042 4364 sent.
2112 4309 2246 4374 Qn;e
2303 4325 2427 4362 cum
2498 4309 2739 4362 tribunis
2796 4308 3157 4370 mandasset,
3223 4314 3372 4359 recta
3425 4303 3482 4356 in

1909 4404 2114 4458 [iussos
2140 4405 2284 4458 va-lit
2319 4421 2330 4456 :
2370 4402 2577 4458 fortiter
2607 4403 2852 4472 przelium
2879 4400 3193 4455 committit.
3238 4397 3480 4466 Supera-

1896 4495 2350 4550 batmultitudine
2400 4496 2612 4549 hostilis
2653 4493 2966 4558 exercitus;
3011 4492 3214 4562 quippe
3259 4490 3313 4543 in
3371 4505 3482 4556 quo

1895 4601 2056 4651 supra
2099 4585 2316 4653 triginta
2382 4586 2548 4639 millia
2612 4587 2938 4639 bellatorum
3003 4590 3479 4637 numerarentur:

1898 4675 2084 4730 Bard-ae
2113 4677 2334 4741 milites,
2368 4693 2492 4730 cum
2526 4677 2609 4730 his
2637 4677 2732 4746 qui
2766 4677 2818 4729 in
2875 4676 3088 4730 insidiis
3117 4675 3380 4737 latebant,
3412 4674 3478 4727 ad

1896 4767 2078 4822 decies
2111 4769 2258 4823 mille
2299 4779 2476 4828 erant,
2513 4783 2609 4822 nec
2667 4769 2922 4836 amplius.
2975 4765 3093 4821 Jam
3146 4769 3284 4821 inter
3340 4767 3479 4819 duas

1411 4943 1470 4998 C.
1501 4945 1558 4999 Β.
1599 4944 1778 5002 llASIl
1814 4942 2372 5001 ANNOTATlONES.

279 5135 325 5169 ⁸⁸
355 5131 682 5207 διαπτῆναι.
705 5134 796 5207 _Es
823 5133 976 5207 Iliad.
998 5132 1074 5207 _E.
1094 5135 1231 5207 99.“
1261 5136 1387 5203 ἢθη.
1408 5133 1601 5207 Possis
1626 5152 1793 5207 quoqt

1899 5138 2106 5194 cribere
2137 5136 2223 5190 hic
2256 5134 2453 5207 πλήθη,
2485 5137 2629 5206 quod
2661 5145 2744 5191 est
2771 5135 2910 5191 infra
2946 5135 3008 5188 Ι).
3048 5134 3145 5188 lin.
3181 5138 3230 5189 1.
3269 5134 3417 5189 Tann
3442 5156 3483 5190 υ.

218 5206 346 5259 nihil
380 5205 622 5259 mutavi.
701 5203 742 5236 ⁸⁸
769 5205 861 5271 ἀφ’
893 5204 1054 5257 αὑτὸν
1079 5205 1204 5262 cod.
1279 5207 1322 5237 ”
1359 5206 1609 5275 ἁϐροῖσαί
1645 5203 1768 5261 cod:

281 5362 401 5444 (ιο),
425 5360 736 5444 ~Cetlren'us
763 5357 825 5444 ll.
863 5357 1017 5444 667..
1045 5358 1106 5412 C.
1160 5359 1486 5444 ςΑλακασέα.
1517 5359 1797 5444 “Scylitzes
1827 5386 1876 5444 ι)

215 5448 310 5486 ms.
360 5430 740 5485 Ὰλακασσέα.
791 5431 836 5482 ls
865 5429 1112 5496 quaedam
1144 5429 1210 5483 de
1259 5430 1359 5480 hoc
1404 5430 1794 5552 prmliotquod

215 5504 480 5552 accidisse
529 5502 750 5551 videtur
800 5500 851 5551 in
899 5510 1163 5552 autumno
1213 5516 1262 5552 τι.
1315 5499 1463 5552 970.l
1499 5515 1562 5551 ex
1665 5516 1794 5552 eone

215 5504 480 5556 accidisse
529 5502 750 5551 videtur
800 5500 851 5551 in
899 5510 1163 5552 autumno
1213 5516 1262 5552 τι.
1315 5499 1463 5566 970.)
1499 5515 1562 5551 ex
1619 5499 1796 5554 Leone

218 5573 412 5631 hausit,
463 5571 583 5623 alia
619 5584 686 5622 ex
723 5569 872 5622 fonte
922 5571 1126 5636 ignoto.
1173 5569 1348 5622 Mendi
1399 5570 1657 5622 editionis
1697 5573 1798 5622 (Ic-

215 5642 359 5694 drt-n.
399 5640 463 5698 Il,
507 5639 638 5693 667.
681 5641 772 5690 litt.
816 5641 866 5691 8.
903 5640 1048 5691 ὲνδόν
1078 5656 1133 5691 τε
1163 5640 1285 5705 (sic)
1311 5642 1423 5702 τοῖς
1458 5640 1641 5701 ἵπποις
1673 5642 1796 5699 τοὺς

219 5712 485 5776 χιλινούέ,
531 5709 717 5762 facilis
747 5710 1012 5762 medicina
1042 5725 1055 5762 :
1095 5710 1345 5768 ἐνδόντας
1375 5713 1486 5770 τοῖς
1519 5710 1634 5778 ἴμτ.
1671 5728 1721 5778 χ.

283 5781 392 5848 (tl)
449 5780 576 5848 Sic,
610 5779 830 5848 mutavi
864 5781 1187 5846 scripturam
1247 5778 1462 5834 Codicis
1523 5777 1788 5846 sapam.

221 5847 382 5917 Supra
423 5853 506 5903 ll.
547 5847 608 5900 Β.
647 5847 1041 5916 περιαθρήσας,

280 5920 381 5986 (4'2;
419 5919 714 5991 Evprcssit
741 5919 1018 5988 Agathiam
1057 5918 1142 5973 58.
1179 5918 1240 5973 C.

1977 5361 2088 5431 (45)
2125 5361 2327 5431 Nempe
2356 5362 2422 5416 ad
2443 5362 2871 5427 Arcadiopolim,
2897 5361 3211 5415 auctoribus
3245 5361 3479 5430 Scylitn

1905 5433 2139 5488 Historia
2172 5450 2299 5496 ηις..
2333 5442 2385 5486 et
2407 5433 2652 5486 Cedreno
2682 5432 2722 5485 ll
2771 5432 2894 5485 666.
2931 5432 2990 5484 D.
3026 5431 3195 5498 ἀγχοῦ
3226 5448 3328 5482 που
3365 5432 3473 5482 τῶν

1905 5503 2098 5571 τειχῶν
2140 5503 2652 5571 Ἀρκαδιουπόλεως,
2675 5519 2793 5571 qum
2815 5511 2931 5556 erat
2955 5503 3209 5568 oppidum
3234 5500 3472 5554 vicinum

1906 5574 2236 5639 Druziparae,
2287 5574 2466 5625 medio
2518 5574 2712 5625 itinere
2767 5575 2906 5625 inter
2962 5571 3367 5637 Adrianopolim
3423 5580 3477 5624 rt

1905 5644 2265 5696 Heracleam:
2317 5642 2426 5695 vid.
2478 5641 2553 5695 Le
2608 5642 2779 5706 Quieti
2828 5641 3035 5695 Orieut.
3091 5639 3390 5694 Christian.
3434 5639 3475 5693 l.

1910 5714 2061 5766 1156.
2090 5712 2148 5764 Β.
2185 5711 2474 5782 Xylantlcr,
2505 5729 2662 5780 prope
2687 5728 2860 5782 muros
2884 5711 3257 5778 Adrianopolis
3283 5727 3300 5763 :
3330 5713 3474 5778 quod

1902 5786 1944 5837 si
1979 5796 2060 5906 eist
2098 5780 2245 5838 veta
2271 5785 2446 5846 lectio,
2502 5793 2643 5837 certe
2675 5780 2859 5836 Graeca
2906 5782 3136 5834 fulSat'ltl
3167 5796 3322 5849 aque
3355 5799 3478 5833 ιιιυ-

1905 5867 2010 5906 tan:
2034 5873 2082 5906 :l.

1905 5867 2082 5908 Ianua.
