4184 6524
747 391 853 455 819

2052 406 2329 465 LEONIS
2363 407 2676 468 DIACONI

3889 408 3997 471 820

747 522 795 558 a.
817 507 894 559 ies
920 508 1170 563 cominus
1224 525 1309 563 res
1335 514 1644 580 gerebatur,
1670 516 1817 570 caede
1843 516 2129 571 fortiorum
2160 517 2320 582 facta,

2449 520 2726 589 νίαγίστρῳ
2765 521 3216 589 συνεφεπόμενοι,
3237 522 3376 592 μετά
3399 521 3507 575 τῶν
3535 520 3729 589 λόχων,
3759 519 3819 572 οὐ
3854 519 4011 572 πλέο·

746 611 874 650 cum
906 596 1207 653 Russorntn
1228 601 1430 671 aliquis
1468 603 1570 672 (sic
1596 603 1741 660 fama
1785 605 2080 675 perhibet),
2116 606 2325 660 viribus

744 690 1111 758 vastitateque
1158 694 1403 762 corporis
1432 695 1588 761 lisus,
1614 697 1855 751 admisso
1872 712 2014 766 equo
2052 714 2118 752 cx
2144 708 2324 752 turma

747 798 843 834 sua
895 796 1247 851 procurrens,
1289 787 1492 855 impetu
1532 787 1583 840 in
1631 786 1861 842 Bardam
1923 788 2068 843 facto
2116 791 2322 860 galeam

745 873 864 940 ejus
894 873 1074 940 gladio
1098 874 1221 930 ferit
1247 891 1260 930 :
1289 878 1380 930 sed
1413 878 1593 932 inanis
1626 879 1813 933 evadit
1844 879 2006 946 ictus,
2043 882 2244 936 lamina
2269 885 2325 936 in

745 964 960 1020 casside
987 966 1146 1035 110
1179 977 1384 1030 retusa,
1418 977 1472 1022 et
1497 970 1567 1023 ob
1594 969 1715 1038 ejus
1747 972 2000 1028 duritiem
2035 973 2141 1028 alia
2179 982 2330 1043 parte

744 1055 1046 1111 tlelaloenle.
1087 1057 1159 1113 At
1188 1060 1580 1115 Constantinus
1613 1079 1644 1116 e
1676 1064 2031 1131 patriciorum
2079 1081 2330 1129 numero,

745 1147 935 1202 Bardae
973 1148 1160 1216 frater,
1185 1150 1297 1219 jam
1341 1152 1514 1220 prima
1549 1153 1806 1223 lanugine
1864 1156 2037 1209 malas
2084 1157 2329 1219 fuscatis,

746 1239 936 1307 grandi
959 1254 1189 1309 corpore
1221 1243 1561 1305 adolescens.
1595 1244 1939 1314 viribusque,
1965 1247 2086 1300 vict
2119 1247 2326 1317 impetu

747 1332 928 1385 omnia
956 1331 1202 1398 vincens,
1239 1335 1431 1389 stricto
1457 1350 1721 1391 mucrone
1758 1337 1968 1391 invadit
2017 1338 2276 1409 Scytham
2311 1355 2324 1391 :

747 1423 818 1487 is,
851 1422 1000 1479 illius
1050 1425 1266 1495 plagam
1321 1428 1710 1492 extimescens,
1759 1443 1988 1498 corpore
2037 1432 2102 1483 ad
2143 1432 2332 1486 clunes

745 1512 874 1581 equi
923 1517 1260 1586 resupinato,
1335 1518 1472 1573 vitat
1521 1519 1712 1574 ictum.
1775 1518 1932 1574 Hunc
1981 1535 2156 1590 equus
2191 1523 2332 1576 collo

746 1605 965 1676 accipit,
1025 1610 1169 1677 quod
1213 1620 1383 1665 totum
1431 1621 1753 1666 resecatur:
1813 1611 2034 1682 Scytha,
2073 1629 2179 1667 una
2207 1629 2330 1669 cum

747 1709 887 1763 equo
925 1695 1076 1752 humi
1105 1715 1290 1766 ruens,
1322 1717 1352 1755 a
1384 1701 1746 1756 Constantino
1776 1703 2081 1764 coniicitur.

2427 627 2521 672 νες
2555 611 2663 662 τῶν
2687 611 2898 682 μυρίων
2927 613 3228 682 ἐτύγχανον
3259 613 3395 683 (44).
3436 614 3547 682 Τῆς
3569 612 3627 665 δὲ
3681 611 4006 680 συμπλοκῆς

2431 703 2730 772 γενομένης
2776 705 2907 772 παρ’
2955 705 3303 776 ἀμφοτέρων,
3340 703 3568 757 ἔπιπτον
3611 705 3662 755 οἱ
3692 701 4014 754 νεανικώτε-

2432 807 2535 860 ροι.
2605 791 2868 844 Ἐνταῦθα
2910 794 2974 862 δὴ
3029 795 3251 862 λέγεται
3306 795 3414 847 τῶν
3444 811 3569 846 τινα
3608 793 3842 846 Σκυθῶν
3873 792 4012 861 ἀλκῇ

2429 883 2527 936 καὶ
2584 884 2836 953 σώματος
2884 885 3034 955 ὄγκῳ
3081 887 3482 957 γαυρούμενον,
3533 886 3630 954 τῆς
3681 886 3816 953 ἀμφ’
3854 883 4016 936 αὐτὸν

2433 974 2799 1042 ἀποκριθέντα
2831 975 3108 1046 φάλαγγος
3146 975 3471 1040 ὲξιππεῦσαί
3511 991 3571 1026 τε
3601 978 3694 1025 καὶ
3735 972 3810 1040 τῷ
3835 969 4019 1040 Βάρδᾳ

2432 1066 2777 1135 ἐπιδραμεῖν.
2821 1068 2916 1120 καὶ
2953 1067 3098 1136 ξίφει
3141 1068 3329 1121 τοῦτον
3361 1065 3561 1135 πλῆξαι
3584 1063 3740 1134 κατὰ,
3771 1063 3870 1131 τῆς
3922 1063 4014 1115 κό-

2437 1157 2616 1228 ρυθος·
2661 1159 2824 1228 κενὴν
2853 1160 2907 1212 δὲ
2950 1160 3197 1228 γενέσθαι
3228 1159 3324 1230 τὴν
3346 1160 3440 1212 τοῦ
3462 1159 3648 1226 ξίφους
3678 1153 4019 1223 καταιροράν,

2437 1244 2531 1298 τοῦ
2569 1246 2765 1318 ἀθέρος
2799 1248 3286 1319 ἀναγναμφθέντος
3314 1250 3379 1317 τῇ
3416 1250 3575 1315 κυνῇ,
3609 1245 3704 1298 καὶ
3756 1241 4022 1311 ἀλλαχόσε

2433 1342 2500 1409 τῇ
2519 1340 2721 1410 ταύτης
2745 1341 3099 1411 στεγανότητι
3151 1340 3673 1409 περιολισθὴσαντος
3703 1334 3840 1405 (45).
3869 1335 4022 1386 Κων-

2438 1435 2713 1493 σταντῖνος
2737 1433 2794 1485 δὲ
2822 1433 2850 1484 ὁ
2869 1435 3178 1502 πατρίκιος,
3206 1432 3466 1501 σύναιμος
3497 1429 3575 1500 τῷ
3615 1427 3798 1496 Βάρδᾳ
3825 1423 4023 1488 τελῶν,

2438 1523 2562 1594 ἄρτι
2595 1523 2672 1594 τῷ
2709 1524 2870 1594 ίούλῳ
2903 1525 3001 1595 τὴν
3028 1527 3190 1593 γένυν
3241 1523 3605 1594 ὲπιχνοάζων,
3637 1518 3912 1588 πελώριός
3964 1532 4025 1568 τε

2438 1618 2699 1684 πεφυκὼς
2726 1617 2805 1686 τῷ
2840 1617 3052 1687 σώματι
3079 1620 3172 1670 καὶ
3200 1618 3299 1684 τὴν
3335 1617 3488 1684 ἰσχὺν
3519 1613 3908 1670 δυσεκϐίαστος
3931 1607 4026 1660 καὶ

2441 1708 2900 1778 ἀκαταγώνιστος,
2933 1709 2995 1762 τὸ
3034 1709 3186 1776 ξίφος
3217 1707 3566 1775 σπασάμενος
3601 1704 3739 1756 ἵεται
3766 1703 3856 1753 τὸν
3890 1696 4024 1751 Σκύ.

748 1787 847 1856 θην
879 1786 1092 1857 βαλεῖνο
1121 1794 1149 1846 ὁ
1195 1793 1258 1866 δὴ
1293 1794 1389 1866 τὴν
1421 1795 1594 1866 φοράν
1627 1796 1794 1850 αὐτοῦ
1818 1796 2188 1867 ὑπειδόμενος,
2215 1799 2455 1853 εκκλίνει
2513 1803 2613 1871 τὴν
2681 1802 2917 1872 πληγὴν,
2959 1805 3078 1856 κατ’
3115 1801 3282 1871 ἰσχίον
3367 1798 3638 1857 ὐπτιάσας
3701 1792 3797 1846 τοῦ
3827 1791 4026 1842 ἵππου-

747 1885 972 1955 Δέχεται
997 1888 1052 1941 δὲ
1088 1886 1292 1958 ταύτην
1320 1889 1471 1957 παρὰ
1498 1891 1590 1942 τὸν
1613 1888 1816 1960 αὐχένα
1845 1891 1874 1942 ὁ
1905 1890 2092 1956 ἵππος,
2159 1891 2217 1944 ὃν
2281 1892 2584 1966 διαμπερὲς
2623 1897 2988 1968 ἀποτέμνεται
3012 1911 3027 1927 °
3110 1897 3140 1949 ό
3172 1894 3228 1948 δὲ
3296 1891 3532 1961 Σκύθης,
3583 1889 3700 1958 ἅμα
3752 1885 3828 1954 τῷ
3877 1883 4027 1948 ἵππῳ

749 1977 1113 2048 κατενεχθεὶς,
1139 1977 1273 2046 πρὸς
1295 1977 1388 2030 τοῦ
1419 1978 1829 2032 Κωνσταντίνου
1847 1982 2340 2051 ὲναποσφάττεται.

823 2069 912 2121 15.
972 2067 1092 2122 Jam
1153 2070 1453 2123 certamine
1496 2071 1659 2126 modo
1721 2073 1826 2128 huc
1877 2075 2042 2128 modo
2099 2074 2228 2128 illuc
2287 2076 2420 2134 seB

751 2160 1068 2222 inclinante,
1099 2160 1457 2230 crebriusque
1498 2173 1749 2218 mutante
1804 2166 2101 2235 utrobique
2127 2166 2336 2220 variam

751 2251 1052 2319 fortunam,
1105 2253 1396 2308 classicum
1442 2254 1648 2310 Bardas
1689 2257 1812 2310 cani
1860 2256 2037 2327 jubet,
2083 2268 2340 2329 tympana

751 2345 865 2398 ictu
915 2345 1110 2399 crebro
1193 2346 1446 2413 pulsari:
1509 2348 1797 2417 consurgit
1849 2349 1928 2416 (id
2014 2361 2344 2406 convenerat

754 2436 975 2504 signum
1004 2451 1070 2490 ex
1090 2436 1306 2492 insidiis
1339 2439 1506 2498 acies.
1541 2437 1984 2510 Scytharumque
2011 2450 2160 2512 terga
2189 2443 2344 2496 inva-

755 2528 858 2593 dit,
910 2529 1028 2598 qui,
1067 2530 1262 2584 timore
1311 2531 1568 2599 perculsi,
1629 2531 1684 2584 in
1724 2533 2140 2588 conversionem
2188 2536 2346 2589 incli-

753 2632 909 2676 nant.
944 2620 1186 2677 Necdum
1215 2633 1333 2676 crat
1363 2624 1658 2679 manifesta
1688 2623 1812 2693 fuga
1845 2643 1970 2679 cum
2023 2629 2221 2684 nobilis
2255 2630 2349 2682 ali-

754 2714 880 2781 quis
932 2712 1163 2776 Russus,
1225 2716 1597 2784 magnitudine
1655 2717 1904 2785 corporis
1959 2727 2013 2772 et
2067 2735 2347 2774 armorum

756 2804 967 2873 fulgore
1001 2816 1198 2876 praeter
1233 2809 1371 2862 alios
1427 2809 1726 2876 excellens,
1769 2811 1910 2865 inter
1960 2811 2154 2866 infesta
2189 2814 2342 2883 signa

758 2899 1240 2963 circumcursaret,
1275 2902 1340 2954 ad
1375 2903 1632 2957 virtutem
1661 2918 1791 2958 suos
1837 2905 2154 2960 cohortans.
2204 2905 2344 2963 Huic

757 2987 964 3043 Bardas
997 2991 1221 3044 Sclerus
1253 2991 1579 3060 adequitans
1610 3002 1776 3062 caput
1828 2995 2123 3062 percussit,
2161 2994 2342 3064 adque

757 3079 998 3133 cinctum
1019 3096 1190 3149 usque
1204 3080 1444 3149 gladium
1465 3081 1666 3152 adegit,
1685 3097 1859 3152 neque
1872 3084 2024 3154 galea
2040 3101 2164 3140 eum
2184 3088 2356 3156 repel-

744 3169 925 3230 lente,
959 3185 1133 3238 neque
1152 3171 1372 3224 thorace
1394 3187 1588 3227 manus
1611 3174 1782 3228 robur
1797 3174 2105 3241 cohibente,
2124 3176 2357 3246 gladiive

759 3272 1055 3314 seeturam.
1084 3261 1203 3327 Quo
1226 3262 1476 3317 bifariam
1530 3265 1768 3320 discisso
1817 3266 2074 3337 humique
2111 3268 2348 3338 dejecto,

759 3355 1228 3423 cenclamantpraa
1244 3356 1440 3424 gaudio
1467 3355 1721 3423 Romani,
1743 3360 2066 3429 animosque
2082 3372 2307 3415 sumunt
2335 3375 2354 3414 :

759 3445 926 3498 [tussi
955 3461 1095 3500 novo
1127 3447 1228 3501 hoc
1269 3457 1692 3518 portentosoque
1742 3450 1850 3504 ictu
1878 3452 2076 3517 territi,
2134 3453 2344 3507 ululatu

761 3540 975 3593 sublato
998 3541 1179 3609 ιιι,
1211 3542 1402 3596 solutis
1428 3543 1709 3597 ordinibus
1739 3542 1878 3612 fuga:
1906 3559 2027 3599 sese
2059 3547 2340 3600 mandant.

761 3632 909 3696 Quos
927 3633 1194 3701 persecuti
1212 3632 1440 3688 Romani
1463 3635 1529 3688 ad
1550 3651 1730 3690 serum
1759 3652 1932 3706 usque
1956 3639 2341 3707 crepusculum

765 3725 884 3778 sine
913 3725 1284 3780 misericordia
1312 3727 1645 3782 ceciderunt.
1679 3728 1845 3782 Fama
1874 3737 1977 3792 est,
2022 3729 2128 3784 hoc
2151 3730 2341 3799 praalio

764 3836 792 3868 (ι
827 3816 1088 3871 Romanis
1121 3828 1372 3873 mortuos
1403 3835 1526 3874 esse
1564 3820 1763 3874 milites
1785 3821 2028 3890 quinque
2073 3831 2126 3876 et
2173 3823 2341 3892 quin-

765 3909 1046 3979 quaginta,
1079 3912 1360 3965 sauciatos
1377 3926 1539 3979 quam
1577 3911 1802 3977 multos,
1835 3927 2108 3982 equorum
2133 3914 2342 3981 pleros—

765 4017 872 4068 que
901 4001 1186 4057 confossos
1222 4002 1588 4072 :Scyt'mvum
1639 4004 1762 4072 plus
1797 4004 1991 4073 viginti
2050 4005 2219 4060 millia
2252 4021 2344 4074 pe-

765 4096 947 4150 riisse.
977 4095 1129 4148 Hunc
1160 4096 1320 4148 tinem
1357 4095 1546 4148 habuit
1569 4095 1942 4150 Romanorum
1971 4111 2096 4151 cum
2148 4095 2344 4153 Russis

766 4199 901 4242 tunc
961 4189 1256 4242 commissa
1295 4203 1494 4256 pugna.
1533 4187 1597 4242 Et
1640 4189 1754 4258 jam
1792 4188 2020 4258 urgebat
2074 4189 2345 4245 Asiaticos

770 4295 1030 4334 numeros
1060 4279 1298 4332 Joannes
1323 4279 1600 4349 Augustus
1630 4280 1685 4334 in
1711 4279 1984 4350 Europam
2006 4296 2104 4350 per
2140 4282 2344 4337 Helles-

769 4380 998 4438 pontum
1066 4372 1416 4440 trajieiendos
1466 4389 1480 4424 :
1519 4372 1824 4427 hiemarent
1859 4388 1954 4444 per
1987 4374 2234 4428 Thraciae
2290 4384 2346 4429 et

768 4463 1102 4518 Macedoniae
1153 4473 1383 4527 tractus,
1425 4463 1772 4533 quotidieque
1810 4479 1870 4518 se
1906 4464 1965 4518 in
1997 4465 2166 4520 armis
2193 4479 2347 4518 exer-

770 4565 982 4622 cerent,
1016 4571 1105 4617 ne,
1145 4555 1481 4608 ineumheuti
1507 4555 1792 4610 certamini
1827 4556 2008 4610 minus
2037 4556 2244 4622 idonei,
2279 4557 2346 4610 ab

771 4646 1024 4700 hostibus
1052 4645 1106 4697 in
1135 4660 1311 4711 pugna
1339 4643 1698 4698 funderentur
1723 4661 1738 4698 :
1762 4660 2104 4714 vernumque
2132 4656 2346 4715 tempus

2526 2080 2614 2140 ιγ’.
2660 2074 2772 2142 Τῆς
2806 2074 2864 2127 δὲ
2895 2073 3074 2143 μάχης
3101 2071 3230 2140 τῇδε
3264 2071 3489 2122 κάκεῖσε
3539 2064 4028 2136 μετακλινομένης,

2444 2167 2540 2219 καὶ
2573 2165 2769 2235 συχνάς
2803 2165 2900 2218 καὶ
2949 2163 3390 2234 ἀμφιταλάντους
3435 2154 3876 2229 μεταϐαλλούσης
3933 2156 4028 2222 po-

2444 2257 2552 2320 σιὰς
2597 2257 2682 2324 ἐφ’
2750 2257 3008 2327 ἑκάτερα,
3067 2255 3129 2309 τὸ
3180 2254 3484 2308 ὲνυάλιονὸ
3531 2250 3747 2319 Βάρδας
3810 2249 4030 2316 ἐνηχεῖν

2443 2349 2814 2418 ὲγκελεύεται,
2845 2349 2912 2402 τά
2950 2365 3009 2401 τε
3047 2349 3311 2416 τύμπανα
3341 2343 3546 2414 θαμινά
3579 2342 3847 2408 παταγεῖν
3877 2354 3890 2367 ·
3924 2340 4029 2407 τῆς

2444 2444 2500 2498 δὲ
2530 2445 2808 2512 φάλαγγος
2833 2445 2896 2495 ἐκ
2916 2442 3026 2496 τῶν
3055 2441 3226 2511 λόχων
3257 2438 3627 2505 ἐξαναστάσης
3653 2436 3794 2488 κατὰ
3814 2433 3874 2484 τὸ
3906 2430 4029 2484 σύνο

2449 2535 2623 2605 θημα,
2658 2535 2750 2586 καὶ
2791 2533 2933 2586 κατά
2956 2531 3126 2585 νώτου
3152 2531 3261 2583 τῶν
3285 2529 3507 2582 Σκυθῶν
3558 2522 3880 2595 γενομένης,
3911 2522 4031 2581 δέος

2449 2644 2509 2679 τε
2539 2628 2721 2688 αὐτοῖς
2774 2623 2946 2694 εἰσῄει
3001 2623 3095 2674 καὶ
3144 2619 3282 2690 πρὸς
3335 2617 3636 2686 φυγαδείαν
3698 2611 4031 2666 ἀπέκλιναν.

2449 2718 2637 2786 Μήπω
2687 2716 2743 2768 δὲ
2783 2713 3159 2782 γεγενημένης
3186 2711 3445 2780 λαμπράς
3476 2708 3573 2776 τῆς
3619 2704 3879 2770 διώξεως,
3921 2702 4034 2753 τῶν

2452 2809 2732 2877 ἐπιφανῶν
2762 2825 2846 2871 τις
2888 2806 3132 2868 Σκυθῶν,
3171 2803 3391 2875 μεγέθει
3441 2801 3688 2870 σώματος
3720 2798 3814 2850 καὶ
3852 2795 3942 2847 ὄπ)
3959 2811 4034 2846 ων

2452 2903 2800 2972 λαμπρότητι
2825 2898 3087 2968 πεφυκὼς
3113 2898 3221 2950 τῶν
3249 2896 3423 2950 ἄλλων
3445 2891 3782 2964 ἀριπρεπὴς,
3800 2888 3945 2942 κατά
3976 2887 4033 2936 τὸ

2459 2994 2783 3066 μεταίχμιον
2815 2994 3054 3068 περιῄει,
3087 2990 3175 3043 ἐπ’
3229 2989 3401 3055 ἀλκὴν
3434 2988 3560 3048 τοὺς
3584 2983 3836 3053 ἑταίρους
3871 2981 4033 3049 ὲπιῤ-

2463 3091 2689 3162 ρωννύς,
2731 3087 2931 3140 Τοῦτον
2979 3071 3187 3155 Βάρδας
3219 3085 3247 3136 ὁ
3295 3080 3536 3150 Σκληρὸς
3587 3075 4033 3141 ἐξιππασάμενος

2457 3184 2610 3236 παίει
2639 3181 2779 3234 κατά
2812 3179 2911 3249 τῆς
2955 3175 3202 3244 κεφαλῆς
3257 3177 3351 3226 καὶ
3385 3173 3546 3242 μέχρι
3607 3165 3701 3221 τοῦ
3753 3166 4034 3232 ζωστῆρος

2459 3273 2519 3326 τὸ
2542 3273 2693 3340 ξίφος
2712 3269 2957 3338 διήλασε,
2991 3268 3127 3337 μήτε
3180 3264 3277 3317 τοῦ
3305 3263 3537 3333 κράνους
3589 3258 3737 3327 αὐτῷ
3793 3254 4032 3322 ὲπαρκέσ

2465 3381 2674 3427 σαντος,
2711 3363 2848 3432 μήτε
2870 3359 2962 3412 τοῦ
3009 3359 3256 3428 θώρακος
3286 3357 3384 3423 τὴν
3426 3354 3524 3422 τῆς
3571 3350 3752 3420 χειρὸς
3777 3345 4035 3413 ἐπισχένο

2457 3474 2545 3519 τος
2574 3457 2744 3524 ἰσχὺν,
2783 3453 2815 3522 ἢ
2850 3452 2950 3521 τὴν
2980 3449 3074 3503 τοῦ
3127 3449 3316 3515 ξίφους
3356 3447 3554 3515 τομήν.
3587 3441 3720 3511 Διχῆ
3752 3441 3808 3492 δὲ
3840 3440 4036 3490 τούτου

2454 3547 2844 3618 διατμηθέντος
2885 3544 2980 3598 καὶ
3011 3538 3610 3613 -προσαραχθέντοςτῇ
3638 3539 3732 3604 γῇ,
3773 3533 4037 3601 Ῥωμαῖοι

2457 3644 2557 3712 μὲν
2605 3643 2693 3710 ὐφ’
2724 3641 2917 3710 ἡδονῆς
2944 3635 3314 3705 ἐπηλάλαξαν,
3357 3634 3456 3687 καὶ
3493 3632 3628 3699 πρὸς
3660 3627 3834 3695 ἀλκὴν
3866 3627 4037 3693 ἐπερ-

2457 3736 2743 3807 ρώσθησαν
2784 3749 2798 3761 ⁸
2831 3730 3033 3784 Σκύθαι
3074 3731 3130 3782 δὲ
3152 3728 3227 3792 τῷ
3263 3725 3432 3794 καινῷ
3482 3725 3576 3776 καὶ
3605 3721 3880 3787 ἀλλοκότῳ
3940 3717 4039 3784 τῆς

2456 3827 2670 3896 πληγῆς
2703 3823 3176 3883 ἀποδειλιάσαντες
3238 3820 3335 3871 σὺν
3375 3817 3588 3886 οἰμωγῇ
3616 3814 3705 3864 τὸν
3763 3826 4039 3861 συνασπι-

2458 3922 2594 3989 σμὸν
2625 3918 2994 3980 διαλύσαντες,
3023 3916 3101 3979 είς
3137 3913 3431 3981 φυγαδείαν
3464 3909 3782 3977 ἐτράποντο.
3818 3903 3907 3975 [Ρ.
3942 3903 4041 3973 68]

2456 4013 2562 4074 Οὓς
2609 4010 2964 4077 ἐπισπόμενοι
3010 4006 3266 4073 Ῥωμαῖοι
3318 4002 3484 4070 μέχρι
3529 3995 4041 4069 βαθείας’ὲσπὲρας

2455 4101 2690 4171 ἀνῄρουν
2713 4099 2978 4168 ἀνηλεῶς.
3012 4097 3168 4149 Κατὰ
3191 4094 3379 4148 τοῦτον
3395 4095 3457 4162 δὴ
3480 4092 3698 4158 λέγεται
3728 4089 3818 4140 τὸν
3847 4087 4043 4153 ἀγῶνα

2457 4196 2794 4265 πεντήκοντα
2822 4192 2917 4244 καὶ
2963 4191 3127 4242 πέντε
3201 4187 3488 4257 Ῥωμαίων
3521 4185 3718 4255 ἄνδρας
3743 4181 3858 4251 (46)
3916 4180 4043 4231 τεθ-

2455 4288 2628 4351 νάναι,
2675 4283 3012 4356 τραυματίας
3050 4282 3106 4334 δὲ
3150 4279 3402 4346 γενέσθαι
3435 4277 3684 4346 συχνοὺς,
3717 4273 3814 4325 καὶ
3849 4272 4045 4323 ἵππων

2457 4375 2945 4443 κατακοντισθῆναι
2968 4375 3093 4434 τούς
3127 4371 3357 4431 πλέονας
3383 4384 3399 4400 ⁸
3429 4366 3653 4420 Σκυθῶν
3671 4380 3731 4415 τε
3750 4362 3892 4430 ὑπὲρ
3907 4362 4044 4422 τοὺς

2458 4469 2774 4538 δισμυρίους
2801 4464 3182 4534 διαφθαρῆναι.
3218 4461 3356 4514 Ἀλλ’
3384 4463 3418 4530 ἡ
3450 4460 3547 4527 μὲν
3584 4457 3720 4526 πρὸς
3747 4455 3874 4516 τοὺς
3894 4451 4045 4504 Σκύ-

2461 4560 2558 4621 θας
2577 4558 2918 4627 γεγενημένη
2939 4555 3061 4608 τότε
3097 4553 3388 4620 Ῥωμαίων
3412 4549 3654 4618 διαμάχη
3684 4550 3764 4609 είς
3789 4545 4043 4598 τοιοῦτον

2459 4649 2714 4703 ἐτελεύτα
2743 4649 2802 4700 τὸ
2836 4648 3006 4708 τέλος.
3058 4645 3312 4712 Ἰωάννης
3359 4641 3415 4693 δὲ
3445 4642 3472 4693 ὁ
3522 4638 3884 4706 αὐτοκράτωρ
3939 4635 4045 4697 τὰς

769 4745 1174 4805 exspectarent.
1219 4735 1321 4789 Ubi
1349 4735 1493 4789 enim
1524 4743 1649 4803 post
1677 4734 1892 4790 hiberni
1925 4736 2049 4790 caeli
2071 4737 2342 4792 tristitiam

2470 4743 2656 4804 Ἀσίας
2692 4741 2950 4810 δυνάμεις
2983 4741 3062 4800 εἰς
3089 4739 3187 4807 τὴν
3222 4734 3492 4806 Εὐρώπην
3512 4733 3600 4786 διὰ
3635 4731 3730 4783 τοῦ
3784 4730 4022 4797 Ἑλλησ-

771 4845 868 4883 ver
899 4843 1185 4896 emergens
1235 4827 1286 4880 in
1336 4835 1679 4881 constantem
1717 4827 2064 4881 serenitatem
2107 4837 2344 4882 mutaret

773 4919 958 4973 mundi
1026 4917 1242 4980 faciem,
1295 4919 1679 4986 imperatorem
1723 4917 1902 4986 ipsum
1968 4918 2177 4982 adfore,
2229 4934 2350 4973 cum

769 5011 1042 5066 universis
1071 5012 1163 5078 qui
1199 5009 1519 5063 comitatum
1587 5018 1963 5078 sequerentur,
2020 5025 2346 5083 omnemque

773 5103 895 5158 belli
922 5104 1116 5160 molem
1152 5103 1204 5155 in
1247 5101 1477 5173 Scythas
1518 5116 1828 5159 versurum.

2455 4831 2653 4885 πόντου
2682 4828 3040 4900 περαιοῦσθαι
3078 4827 3438 4894 κατήπειγεν,
3473 4824 3529 4885 ές
3563 4823 3696 4873 τάπὶ
3725 4820 3951 4889 Θρᾴκης
3977 4834 4042 4870 τε

2455 4926 2550 4975 καὶ
2579 4921 2920 4980 Μακεδονίας
2949 4917 3322 4987 διαχειμάζειν
3343 4919 3540 4984 χωρία,
3575 4913 3670 4964 καὶ
3700 4914 3814 4972 τοῖς
3844 4909 4045 4969 ὅπλοις

2455 5015 2722 5085 ὁσημέραι
2753 5009 3145 5079 γυμνάζεσθαι,
3181 5008 3257 5070 ῶς
3317 5007 3392 5076 μὴ
3461 5004 3736 5073 ἀπόμαχοι
3767 4997 3880 5052 εἶεν
3941 5001 4043 5052 ἐπὶ

2454 5109 2544 5160 τον
2566 5106 2671 5159 τῶν
2700 5103 2926 5172 ἀγώνων
2952 5101 3162 5173 καιρὸν,
3196 5095 3639 5170 μειονεκτοῦντες
3673 5097 3728 5146 ὲν
3763 5095 3832 5162 τῇ
3879 5091 4041 5162 μάχῃ

1947 5217 2009 5272 C.
2045 5219 2104 5272 Β.
2144 5218 2323 5274 HASII
2358 5215 2916 5275 ANNOTATIONES.

846 5337 958 5406 (ιι)
992 5336 1091 5406 Εἰς
1116 5334 1322 5406 δώδεκα
1351 5331 1610 5406 χιλιάδας.
1638 5330 1799 5406 juxta
1835 5328 2126 5398 Scylitzatn
2161 5343 2213 5384 et
2240 5333 2343 5406 (Ie-

774 5400 1002 5462 drenum
1050 5403 1110 5459 ll.
1168 5404 1293 5458 667.
1345 5400 1406 5455 Α.
1445 5401 1721 5470 copiosius
1774 5400 1887 5470 haec
1935 5413 2240 5455 narrantes.
2288 5403 2343 5455 ln

773 5480 1019 5536 (ludi-eno
1051 5474 1174 5529 667.
1208 5475 1270 5526 A.
1301 5473 1395 5525 lin.
1426 5469 1606 5525 lie:
1635 5470 1738 5523 fide
1761 5469 2024 5522 Codicum
2052 5487 2150 5539 pro
2188 5473 2348 5524 Βουλ-

776 5551 964 5616 γάροις
1002 5545 1118 5613 lege
1164 5542 1489 5616 Βαρόἀροιςο
1525 5552 1577 5616 et
1616 5539 1962 5616 deincepsf.
1996 5540 2089 5594 lin.
2207 5552 2259 5594 et

777 5608 1099 5684 interpung—e
1147 5608 1256 5678 sic;
1296 5608 1506 5682 τείχους
1553 5611 1698 5684 ξνδον
1731 5609 1831 5670 τὰς
1882 5608 2197 5680 Ῥωμαϊκὰς
2246 5613 2348 5679 φά-

778 5681 1010 5753 λαγγας,
1040 5681 1360 5748 ἓπεξελθεῐν
1496 5681 1727 5753 τολμῶν.

851 5751 962 5827 (65)
997 5756 1120 5808 Haec
1143 5757 1277 5827 item
1323 5753 1431 5805 fere
1463 5753 1525 5803 ad
1545 5751 1784 5827 verbum
1813 5752 2094 5827 Cedrenus
2218 5751 2340 5827 Q68.

781 5821 976 5882 Cfnisi
1014 5825 1155 5896 quod
1190 5823 1351 5878 habet
1401 5821 1917 5892 παρολισθήσαντος.
1958 5821 2062 5876 Sed
2109 5822 2342 5892 Scylitza

2454 5350 2557 5387 ms.
2585 5331 2792 5400 περιολ.
2837 5341 2895 5383 ιιι
2927 5330 3052 5400 Leo.
3082 5327 3275 5400 Ambo
3295 5322 3807 5400 Burdam_S_cl_erum
3841 5332 4044 5386 agre-$-

2455 5418 2632 5456 sorem
2660 5394 2858 5469 'ipsius
2899 5416 3008 5454 uno
3038 5399 3164 5469 ictu
3195 5396 3447 5469 bifariam
3481 5394 3752 5469 divisisse
3768 5404 4046 5469 _narrant_

2454 5461 2875 5524 Constantinum
2921 5486 3025 5522 non
3075 5467 3261 5536 hujus,
3298 5467 3390 5536 sed
3444 5465 3582 5517 alius
3620 5461 3851 5536 Scythae
3894 5476 4054 5528 equo

2452 5543 2651 5595 collum
2701 5552 3034 5608 amputasse,
3083 5535 3280 5608 deinde
3326 5535 3938 5608 ipsiAbcythznraput,
3975 5538 4051 5601 τῇ

2452 5612 2595 5682 χειρὶ
2619 5611 2718 5676 τῆς
2737 5602 3012 5676 γενειάδος
3028 5602 3395 5682 δραξάμενος.
3425 5603 3517 5682 §ic
3535 5602 3698 5682 enini
3719 5602 4054 5670 legendum,

2452 5673 2557 5736 iion
2589 5673 2904 5747 δεξάμενος,
2940 5689 2996 5731 ut
3027 5673 3228 5732 habent
3261 5677 3393 5747 edd.
3535 5673 3723 5747 lin.”8.

2522 5751 2641 5820 (-56)
2661 5739 2875 5818 Viginti
2894 5739 3142 5819 quinque
3177 5747 3316 5815 apud
3358 5744 3589 5800 Cedren.
3624 5743 3690 5795 ll.
3732 5739 3860 5795 660.
3903 5741 3970 5794 Α.
