4184 6524
740 406 845 467 823

2051 408 2326 469 LEONIS
2352 410 2633 470 01ΑοοΝ
2638 410 2662 467 I

3879 404 3991 469 εει

738 524 907 575 rubra
938 523 1196 591 evestigio
1226 522 1460 585 induxit,
1484 537 1625 592 aque
1647 522 1978 591 conspiratis
2004 523 2305 590 imperator

2423 522 2495 574 ιδν
2524 526 2553 575 ό
2584 521 2797 591 Βάρδας
2827 523 2954 592 περὶ
2993 522 3159 574 αὐτὸν
3185 520 3332 590 ἑώρα
3364 524 3550 588 στῖφος
3595 520 3990 590 συνερρυηκὸς,

737 616 1107 669 Romanorum
1157 614 1513 668 renuntiatus
1562 622 1749 680 aperte
1800 622 1900 667 est.
1934 610 2166 681 Jamque
2214 628 2306 677 pe~

736 708 910 760 cnniae
936 705 1350 760 distributiones
1374 704 1754 773 pollicebatur,
1778 702 2096 757 conferebat
2131 704 2304 757 Itono-

739 812 825 851 res
847 796 1173 860 ciliciorum,
1200 794 1469 856 tribunos,
1492 795 1681 859 duces,
1707 793 2058 863 magistratus
2083 793 2306 861 amplis-

735 889 904 941 simos
926 886 1378 960 creabat,~quales
1407 887 1703 952 imperator
1741 895 2104 939 consueverat
2135 885 2309 939 ﬁdeli-

734 978 833 1029 bus
858 976 1153 1030 liberalirer
1168 975 1386 1030 offerre.
1406 974 1827 1029 Obsecundabat
1864 978 1988 1028 item
2008 976 2134 1030 huic
2160 970 2305 1031 sedi-

736 1069 869 1121 tioni
907 1070 1013 1122 Leo
1044 1067 1419 1136 Curopalatcs,
1444 1066 1606 1138 114
1638 1068 1824 1121 Bardae
1851 1077 2025 1136 pater,
2047 1068 2099 1121 in
2130 1058 2304 1123 insula

735 1160 910 1212 Lesbo
942 1160 1263 1213 custoditus.
1294 1158 1342 1212 Is
1369 1174 1464 1227 per
1494 1160 1849 1229 Stephanum,
1884 1161 2058 1231 Abydi
2087 1164 2302 1230 cpisco-

732 1265 887 1318 pum,
924 1248 1313 1304 Macedonibus
1349 1253 1610 1320 pecunias
1648 1252 2048 1321 dignitatesque
2099 1253 2305 1321 promi-

734 1352 903 1406 serat,
933 1342 1206 1406 hortatus,
1236 1353 1294 1395 ut
1328 1358 1448 1396 sese
1492 1358 1555 1396 ex
1600 1343 1777 1397 insula
1818 1344 2061 1413 elapsum
2097 1345 2307 1413 recipe-

735 1443 879 1496 rent,
925 1435 1239 1503 pariterque
1276 1436 1567 1488 rebellione
1606 1436 1751 1489 facta
1791 1437 1856 1489 ad
1901 1436 2304 1490 exturbandum

736 1527 968 1594 imperio
994 1524 1257 1581 Joannem
1294 1542 1514 1595 operam
1548 1526 1884 1581 conferrent.

2412 614 2488 677 ὡς
2515 610 2626 668 οἷόν
2651 632 2711 669 τε
2738 610 2876 667 εἶναι
2920 616 3013 667 καὶ
3039 616 3120 678 είς
3151 616 3525 685 συνασπισμὸν
3555 618 3775 685 άρῤαγη
3804 631 3992 681 παρα-

2413 704 2725 769 τάττεσθαι,
2760 705 2818 771 ἐξ
2870 706 3171 759 ἀντιπάλου
3200 724 3258 758 τε
3291 705 3680 774 διαμιλλᾶσθαι
3736 708 3847 767 τοῖς
3890 707 3991 757 ἁν-

2411 798 2749 859 τιπίπτουσι,
2807 800 2870 851 τὸ
2917 800 3271 868 μελαμϐαφὲς
3322 801 3799 869 παραιτησάμενος
3837 800 3992 852 πέδι-

2414 887 2523 953 λον,
2556 888 2639 959 [Ρ.
2674 888 2762 961 70]
2797 891 2857 943 τὸ
2889 892 3119 962 ἐρυθρὸν
3169 893 3487 962 παραυτίκα
3536 894 3985 962 μετημφιάσατο,

2414 982 2509 1032 καὶ
2572 980 2858 1049 Ῥωμαίων
2918 984 3274 1052 αὐτοκράτωρ
3335 985 3640 1051 ἀναφανδὸν
3700 984 3983 1053 ἀνερρήθη

2415 1073 2553 1142 πρὸς
2607 1074 2715 1125 τῶν
2758 1075 3163 1132 συστασιωτῶν.
3224 1077 3539 1147 Χρημάτων
3590 1072 3684 1129 οὖν
3725 1075 3989 1144 διανομὰς

2413 1165 2746 1232 ὑπισχνεῖτο,
2811 1168 2905 1217 καὶ
2962 1166 3290 1234 ἀξιωμάτων
3340 1169 3570 1234 παρεῖχε
3618 1166 3823 1235 τιμὰς,
3886 1183 3989 1217 τα-

2416 1253 2667 1322 ξιάρχους
2719 1256 2815 1307 καὶ
2877 1257 3217 1325 στρατηγοὺς
3277 1257 3758 1327 προϐαλλόμενος,
3812 1257 3990 1325 ἀρχάς

2411 1363 2470 1397 τε
2517 1345 2611 1408 τὰς
2674 1347 2937 1411 εὐκλεεῖς,
2993 1348 3122 1410 ὃσας
3170 1351 3265 1401 καὶ
3325 1348 3580 1419 βασιλεὺς
3620 1346 3805 1399 εἰώθει
3865 1348 3985 1408 τοῖς

2412 1440 2585 1504 εὔνοις
2633 1442 2930 1510 φιλοτίμως
2980 1443 3385 1511 προτείνεσθαι.
3418 1443 3741 1508 Συνεκρὸτει
3784 1440 3841 1491 δὲ
3885 1440 3990 1508 τὴν

2412 1534 2752 1585 ἀποστασίαν
2818 1532 2914 1585 καὶ
3009 1533 3161 1585 Λέων
3232 1532 3666 1603 Κουροπαλάτης
3702 1574 3715 1596 ,
3771 1534 3799 1583 ὁ
3879 1528 3980 1580 τοῦ

736 1592 916 1689 Βάρδα
940 1621 1152 1684 τοκεὺς,
1182 1621 1238 1681 ἐς
1321 1592 1419 1687 μὲν
1480 1622 1580 1688 τὴν
1627 1621 1788 1688 νῆσον
1835 1617 2041 1670 Λέσϐον
2096 1592 2521 1691 φρουρούμενος,
2553 1624 2643 1677 διὰ.
2727 1625 2999 1691 Στεφάνου
3087 1625 3163 1689 δὲ,
3221 1624 3317 1678 τοῦ
3355 1592 3675 1676 ’ἐπισκόπου
3704 1592 3986 1685 γἈϐύδου,

734 1715 849 1775 τοῖς
900 1712 1171 1765 Μακεδόσι
1203 1712 1463 1781 χρήματα
1506 1714 1598 1766 καὶ
1633 1713 1799 1781 τιμάς
1858 1710 2334 1780 ὑπισχνούμενος,

2415 1718 2510 1766 καὶ
2599 1716 2851 1786 δέχεσθαι
2906 1717 3066 1769 αὐτὸν
3120 1717 3185 1768 ἐκ
3237 1717 3353 1785 ,τῆς
3414 1717 3578 1784 νήσου
3651 1716 3993 1782 ἀναγόμενον

739 1803 1181 1874 προτρεπόμενος
1243 1805 1338 1855 καὶ
1391 1803 1853 1871 συνεπιτίθεσθαι,
1905 1806 1999 1858 καὶ
2048 1801 2476 1873 συνεργάζεσθαι
2526 1807 2674 1879 αὐτῷ
2713 1809 2811 1878 τὴν
2874 1808 2969 1861 τοῦ
3020 1807 3395 1862 Ἶωάννουτῶν
3423 1808 3762 1877 ἀκτακτορίων
3794 1807 3995 1860 καθαί··

744 1916 915 1969 ρεσιν.

810 1989 863 2042 2.
909 1993 977 2044 At
1035 1991 1328 2059 imperator
1374 2030 1389 2052 ,
1445 1991 1720 2045 intellecto
1781 1990 2051 2059 ejusmodi
2114 2000 2304 2057 motu,

2486 1992 2547 2060 β’.
2600 1996 2658 2046 Ὀ
2692 1994 2747 2045 δὲ
2790 1993 3060 2059 βασιλεὺς,
3093 1993 3184 2046 τὸν
3231 1992 3474 2045 τοιοῦτον
3520 1991 3683 2059 γνοὺς
3736 2008 3997 2060 νεωτερι-

738 2083 1101 2135 conturbatus
1134 2090 1190 2133 ut
1221 2097 1318 2149 par
1345 2090 1485 2145 erat,
1526 2080 1833 2135 incredibili
1869 2083 2147 2136 celeritate
2187 2082 2310 2135 Ste-

742 2173 979 2240 phanum
1013 2174 1355 2240 episcopum,
1394 2172 1584 2242 Abydo
1622 2181 1859 2240 raptum,
1890 2173 2115 2241 judiciis
2150 2174 2314 2227 tradi-

742 2265 838 2318 dit.
870 2263 1115 2331 Enmque
1152 2265 1381 2317 crimine
1407 2264 1744 2329 convictum,
1775 2264 1827 2317 in
1870 2265 2045 2317 lucem
2086 2266 2313 2333 prolatis

742 2356 904 2419 dolis,
945 2356 1009 2407 ad
1042 2355 1305 2423 synodum
1358 2356 1735 2422 episcoporum
1767 2356 2089 2420 transmisit,
2131 2365 2189 2409 ut
2240 2356 2312 2408 ibi

741 2446 1050 2499 mcerdotio
1112 2456 1439 2502 moveretur.
1493 2446 1727 2500 Leonem
1777 2447 2156 2516 (inropalatcm
2213 2462 2313 2499 au-

746 2534 1372 2605 tem,Nicepbornmque
1413 2534 1575 2603 hujus
1614 2535 1805 2597 filium,
1840 2536 2033 2602 capitis
2060 2551 2089 2587 a
2114 2536 2315 2603 judici-

744 2628 846 2680 bus
867 2626 1280 2691 condemnatos,
1307 2626 1626 2695 imperator,
1658 2627 1723 2681 ad
1751 2626 2028 2681 lenitatem
2063 2638 2315 2680 revocata

745 2729 943 2781 mente,
976 2735 1081 2772 non
1118 2719 1411 2781 interfecit,
1455 2719 1869 2787 luminibusque
1909 2719 2172 2772 duntaxat
2204 2733 2314 2771 ant-

742 2811 862 2871 bos,
892 2808 1101 2862 Lesbon
1148 2809 1447 2879 ablegatos.
1489 2811 1721 2865 orbavit.
1752 2809 2070 2880 llujttsmodi
2107 2810 2314 2863 exitum

742 2902 935 2955 habuit
990 2901 1333 2968 (Inropalatm
1385 2911 1515 2955 tunc
1576 2902 1871 2957 meditatus
1922 2903 1976 2956 in
2037 2900 2315 2969 Europam

745 2993 1032 3060 trajectus,
1084 3002 1142 3045 ut
1198 3007 1323 3046 cum
1384 2993 1486 3061 ipsi
1541 2994 1701 3047 talem
1754 3008 1971 3063 pmnam
2012 2993 2312 3056 induceret,

742 3084 1048 3137 tumeliam
1091 3084 1297 3137 amicos
1329 3085 1496 3148 illius,
1538 3085 1847 3152 complures
1894 3100 2043 3143 sane.
2077 3084 2315 3139 fortunis

741 3177 1108 3245 domibusque
1138 3177 1475 3238 exturbaret,
1505 3177 1550 3231 si
1586 3178 1677 3246 qui
1712 3178 1925 3231 consilii
1955 3179 2074 3245 ejus
2104 3180 2168 3231 de
2214 3178 2317 3229 im-

742 3278 995 3337 peratore
1072 3268 1312 3321 tollendo
1391 3267 1625 3321 fuissent
1706 3267 2017 3337 participes.
2098 3268 2314 3321 Atenim

742 3334 972 3425 bardus,
999 3359 1165 3413 semel
1192 3358 1259 3412 ad
1296 3357 1648 3412 rebellionem
1676 3334 1981 3427 prolapsus,
2018 3358 2316 3412 fortissime
2346 3334 2388 3387 (ί

744 3454 802 3506 in
836 3465 897 3504 ea
933 3451 1355 3518 perseverabat;
1406 3450 1699 3518 elatusque.
1745 3450 2097 3504 multitudine
2141 3452 2317 3504 homi-

743 3558 876 3595 num
932 3540 1077 3593 circa
1136 3555 1193 3593 se
1232 3548 1442 3603 coacta,
1477 3539 1717 3594 conlisus
1772 3541 1968 3609 copiis,
2024 3541 2316 3594 instantem

746 3632 1150 3699 possessionem
1194 3632 1409 3701 imperii
1454 3633 1785 3686 somniabat.
1825 3632 1902 3685 lta
1955 3633 2140 3686 Asiam
2192 3648 2320 3701 per-

745 3724 973 3785 vadens,
1001 3723 1276 3777 domicilia
1311 3723 1599 3791 cujusque,
1639 3724 1732 3791 qui
1773 3724 1825 3775 in
1861 3723 2019 3776 fidem
2054 3725 2171 3790 ejus
2208 3740 2316 3777 non

746 3823 993 3877 venerat,
1037 3814 1160 3884 igne
1196 3814 1413 3868 subdito
1467 3813 1707 3883 praedam
1772 3812 2046 3883 Mysorum
2107 3814 2318 3868 habuit.

750 3902 910 3972 115
950 3902 1183 3971 Scripsit
1222 3912 1401 3957 autem
1429 3904 1495 3956 ad
1524 3917 1649 3956 eum
1682 3903 1985 3971 imperator
2009 3905 2082 3956 ita
2112 3923 2124 3958 :
2162 3923 2180 3954 ι
2212 3904 2320 3958 Co-

747 4003 1073 4064 gnoscentes
1097 3995 1162 4049 de
1181 4004 1329 4049 motu
1360 4009 1455 4063 per
1482 3992 1758 4049 Orientem
1801 4010 1972 4063 nuper
2007 3994 2173 4059 facto,
2212 4011 2321 4050 non

751 4104 859 4139 iam
908 4088 983 4139 tui
1037 4088 1254 4140 consilii
1294 4101 1407 4140 rem
1460 4086 1815 4149 arbitramur,
1847 4102 2013 4155 quam
2066 4088 2322 4143 amentia:

750 4177 1127 4246 barbarimque
1170 4179 1442 4232 sociorum
1494 4186 1733 4241 tuorum,
1787 4178 1901 4245 qui,
1934 4181 2156 4248 penitus
2204 4180 2323 4234 dira

748 4269 1047 4324 stoliditate
1078 4270 1241 4338 capti,
1286 4271 1341 4323 in
1374 4279 1584 4324 tantum
1628 4270 1927 4340 periculurn
1961 4269 2162 4325 inferre
2202 4286 2323 4326 sese

748 4376 859 4414 non
904 4360 1295 4416 dubitaverunt
1327 4380 1340 4415 :
1384 4362 1543 4433 quasi
1582 4376 1713 4416 vero
1760 4362 2030 4431 ignorent,
2065 4363 2172 4418 illis
2203 4365 2321 4432 qui,

747 4454 915 4507 rebus
944 4454 1102 4506 novis
1132 4452 1435 4517 studentes,
1481 4454 1532 4506 in
1575 4454 1725 4520 ipsos
1765 4453 2140 4509 Romanorum
2171 4456 2324 4524 prin-

749 4547 898 4615 cipes
925 4547 1175 4600 infestam
1222 4562 1441 4600 manum
1470 4548 1811 4609 sustulerint,
1848 4548 2054 4601 nullam
2090 4548 2325 4616 relinqui

2420 2085 2574 2151 σμὸν,
2601 2085 2924 2154 διεταράχθη
2963 2086 3079 2153 μὲν,
3104 2085 3178 2146 ὡς
3207 2083 3266 2136 τὸ
3294 2084 3464 2145 είκδς,
3488 2084 3714 2153 ἁπτέρῳ
3743 2082 3799 2134 δὲ
3827 2084 3989 2150 τάχει

2416 2176 2506 2226 τὸν
2540 2176 2837 2227 ἐπίσκοπον
2878 2176 3148 2243 Στέφανον
3188 2178 3249 2227 ὲκ
3274 2174 3374 2242 τῆς
3418 2174 3639 2226 ’Λϐὐδου
3670 2173 3994 2239 ἀναγαγὼν,

2417 2268 2527 2328 τοῖς
2560 2266 2931 2337 δικαστηρίοις
2964 2267 3213 2318 ἐκδίδωσι
3242 2281 3257 2297 ·
3289 2266 3397 2319 τῶν
3423 2266 3479 2318 δὲ
3508 2267 3851 2335 πραγμάτων
3883 2266 4000 2328 ag:-

2417 2358 2474 2409 λε
2488 2357 2754 2427 γχθέντων
2779 2359 2868 2412 καὶ
2898 2356 3245 2426 καταφανοῦς
3267 2359 3551 2425 γεγονότος
3579 2358 3671 2411 τοῦ
3695 2360 3997 2427 δράματος,

2417 2448 2509 2499 τὸν
2548 2448 2646 2516 μὲν
2672 2452 2737 2517 τῇ
2786 2450 2987 2519 συνόδῳ
3040 2448 3149 2501 τῶν
3202 2452 3515 2502 ἐπισκόπων
3569 2449 3946 2517 παρέπεμψεν
3980 2491 3994 2509 ,

2418 2541 2692 2593 ἔκπτωσιν
2722 2541 2822 2608 τῆς
2877 2541 3178 2610 ἱερωσύνης
3214 2540 3675 2611 ὑποστησόμενοι).
3706 2540 3914 2592 Λέοντα
3939 2539 3997 2591 δὲ

2418 2633 2507 2684 τὴν
2539 2632 2995 2701 Κουροπαλάτην,
3028 2635 3122 2686 καὶ
3151 2634 3492 2703 Νικηφόρον,
3517 2634 3609 2686 τὸν
3636 2632 3827 2684 τούτου
3855 2634 3996 2696 υἱον,

2417 2726 2483 2793 τῇ
2515 2725 2606 2776 τοῦ
2651 2724 2881 2778 θανάτου
2916 2726 3312 2795 ὑπαγαγόντων
3344 2727 3513 2795 ψήφῳ
3554 2725 3665 2777 τῶν
3694 2725 3999 2789 δικαστῶν,

2418 2817 2447 2869 ὁ
2481 2816 2757 2885 βασιλεὺς,
2792 2819 2928 2888 πρὸς
2967 2819 3030 2872 τὸ
3084 2818 3602 2888 φιλανθρωπότερον
3671 2817 3997 2877 ἀποκλίνας.

2420 2908 2521 2960 οὐκ
2575 2907 2783 2960 ἔκτεινε
2816 2923 2828 2935 ·
2874 2908 2973 2969 τὰς
3023 2908 3080 2960 δὲ
3130 2908 3283 2976 ὄψεις
3328 2908 3674 2979 ἀμφοτέρων,
3705 2905 3849 2958 κατὰ
3900 2906 4001 2972 τὴν

2422 2997 2628 3049 Λέσϐον
2666 2997 2902 3060 στείλας,
2937 2999 3214 3067 ὲπήρωσε.
3245 2998 3355 3049 Καὶ
3392 2999 3424 3066 ἠ
3461 2997 3560 3066 μὲν
3603 2997 3679 3065 τῷ
3704 2998 4000 3064 Κουροπα-

2420 3089 2557 3159 λάτῃ
2591 3090 2728 3160 πρὸς
2760 3089 2857 3159 τὴν
2887 3088 3155 3159 Εὐρώπην
3188 3090 3311 3141 τότε
3352 3088 3709 3158 μελετηθεῐσα
3744 3088 4001 3150 διάϐασις

2423 3183 2480 3242 ὲς
2503 3180 2661 3232 τοῦτο
2693 3181 2753 3232 τὸ
2783 3181 2934 3243 τέλος
2984 3180 3269 3248 κατέληξε,
3298 3178 3557 3246 τοιαύτην
3589 3179 3687 3247 μὲν
3718 3178 3867 3245 αὐτῷ
3896 3178 4001 3247 τὴν

2424 3272 2614 3342 ποινὴν
2645 3272 3043 3341 προξενήσασα,
3086 3270 3316 3339 συχνοὺς
3346 3271 3402 3322 δὲ
3431 3271 3541 3321 τῶν
3583 3270 3751 3337 φίλων
3780 3272 4003 3339 χρημά-

2420 3381 2531 3417 των
2565 3367 2659 3416 καὶ
2682 3364 2847 3416 οἴκων
2874 3364 3208 3432 στερήσασα,
3236 3363 3351 3413 ὅσοι
3384 3360 3484 3424 τὴν
3512 3361 3721 3413 ἐκείνου
3757 3361 4005 3429 συμϐου-

2420 3456 2518 3525 λὴν
2544 3456 2637 3507 ἐπὶ
2694 3455 3011 3525 καθαιρέσει
3038 3452 3134 3505 τοῦ
3171 3453 3433 3522 βασιλέως
3459 3454 3827 3521 προσήκαντο.
3866 3450 3925 3502 Ὀ
3948 3452 4006 3503 δὲ

2422 3548 2650 3616 Βάρδας,
2684 3547 2831 3610 ἅπαξ
2890 3544 3189 3605 ἀποκλίνας
3230 3547 3308 3606 είς
3340 3544 3653 3613 τυραννίδα,
3688 3542 3863 3611 ἀπρὶξ
3922 3542 4004 3593 εῖ-

2422 3657 2546 3707 χετο
2598 3637 2824 3706 ταύτης,
2864 3640 2930 3703 τῇ
2955 3654 3017 3689 τε
3050 3637 3179 3707 περὶ
3209 3637 3371 3690 αὐτὸν
3414 3637 3734 3706 πολυχειρίᾳ
3766 3636 3982 3704 γαυρούν

2426 3748 2609 3800 μενος,
2650 3733 2741 3781 καὶ
2790 3731 2912 3791 ταῖς
2960 3729 3195 3796 φάλαγξι
3250 3728 3670 3798 βρενθυόμενος,
3723 3730 3818 3778 καὶ
3879 3728 4007 3777 ὅσον

2422 3821 2574 3874 οὔπω
2622 3824 2720 3891 τὴν
2748 3822 2845 3890 τῆς
2893 3821 3170 3890 βασιλείας
3210 3822 3545 3890 κατάσχεσιν
3606 3818 4003 3889 ὀνειροπολῶν.

2424 3917 2535 3968 Καὶ
2564 3916 2697 3985 δῆτα
2741 3914 2839 3985 τὴν
2888 3914 3075 3967 Ἀσίαν
3104 3914 3479 3983 κατατρέχων,
3508 3913 3615 3965 τῶν
3652 3913 3728 3982 μὴ
3781 3913 4011 3964 σπενῶ-

2429 4006 2605 4074 μένων
2632 4004 2783 4073 αὑτῷ
2828 4003 3124 4073 πυρπολῶν
3156 4003 3254 4066 τὰς
3289 4004 3467 4063 οἰκίας
3508 4001 3657 4053 λείαν
3687 4002 3856 4052 ἐτίθει
3885 4000 4008 4052 Μυ-

2429 4097 2558 4151 σῶν.
2585 4098 2843 4160 Βασιλεὺς
2868 4097 2925 4149 δὲ
2970 4097 3106 4166 πρὸς
3137 4096 3299 4150 αὐτὸν
3350 4096 3551 4164 γράφει
3595 4095 3797 4147 ταῦτα·
3842 4114 3859 4143 ι
3904 4094 4011 4144 Τὸν

2427 4191 2655 4257 ἔναγχος
2684 4187 3052 4257 γεγενημένον
3098 4187 3234 4258 πρὸς
3272 4187 3346 4238 ’ἐω
3371 4188 3737 4255 νεωτερισμὸν
3768 4185 4012 4249 ἀκηκοό-

2427 4299 2540 4345 τες,
2576 4282 2638 4333 οὑ
2673 4282 2770 4349 τῆς
2802 4280 2900 4349 σῆς
2941 4280 3165 4349 γνώμης
3199 4279 3362 4347 ἔργον
3392 4277 3646 4329 τοσοῦτον
3699 4274 4010 4343 ἡγούμεθα,

2427 4371 2550 4423 ὅσον
2593 4371 2693 4437 τῆς
2750 4368 2859 4421 τῶν
2899 4369 3293 4437 συναραμένων
3348 4384 3430 4420 σοι
3469 4366 3727 4427 ἀπονοίας
3761 4366 3852 4415 καὶ
3888 4364 4017 4431 τρό-

2429 4482 2552 4527 που,
2608 4461 2967 4533 βαρϐαρικοῦ,
3004 4461 3055 4513 οῖ
3106 4477 3169 4527 γε
3221 4460 3435 4519 πάντως
3493 4457 3597 4510 ὑπό
3662 4454 4015 4516 θεοϐλαϐείας

2429 4555 2958 4624 παρακροτούμενοι,
2985 4556 3041 4615 ὲς
3066 4550 3321 4605 τοσοῦτον
3359 4550 3604 4601 κίνδυνον
3640 4550 3867 4608 ἑαυτοὺς
3918 4549 4017 4613 ἑμ-

749 4638 1124 4693 excusationis
1159 4641 1395 4703 veniam,
1434 4641 1652 4709 quando
1681 4642 1849 4696 armis
1875 4642 2000 4694 victi
2035 4642 2320 4709 traditique

2435 4647 2620 4700 ϐαλεῖν
2650 4649 2751 4698 οὐκ
2798 4646 3111 4714 ἐνάρκησαν
3133 4658 3147 4673 ·
3177 4644 3273 4695 καὶ
3321 4640 3498 4694 ταῦτα
3534 4640 3754 4701 εἰδότες,
3790 4639 3865 4699 ὡς
3899 4641 4018 4701 τοῖς

748 4745 943 4799 prunas
996 4734 1247 4783 subeant.
1306 4729 1437 4794 Nos,
1492 4730 1562 4783 nti
1614 4730 1809 4795 Barda,
1876 4731 2023 4785 civili
2063 4732 2329 4800 sanguine

751 4832 953 4873 terram
986 4831 1275 4874 cruentare
1305 4837 1575 4876 verentur.
1611 4822 1751 4889 Quin
1785 4824 1828 4876 si
1866 4825 2128 4878 vellemus
2154 4826 2328 4879 armis

755 4913 811 4965 in
869 4912 1160 4966 seditiosos
1189 4912 1646 4977 animadvertere,
1685 4914 1805 4967 sine
1837 4930 1988 4966 mora
2024 4925 2179 4983 {pace
2218 4912 2330 4965 Nu-

754 5002 917 5055 minis
949 5003 1198 5072 dixerim)
1233 5004 1299 5057 ad
1330 5004 1585 5057 acerbum
1617 5019 1710 5059 eos
1740 5005 2020 5059 interitum
2055 5006 2329 5073 redigere-

753 5110 896 5148 mus:
928 5094 1136 5148 Etenim
1172 5097 1296 5166 quis
1320 5107 1402 5153 est
1433 5109 1538 5152 tam
1562 5101 1839 5167 pervicax,
1870 5108 1927 5151 ut
1960 5099 2067 5151 vim
2102 5100 2330 5167 impres-

756 5188 1146 5243 sionisuostrze
1175 5191 1646 5260 sustineat,ncque
1670 5193 1851 5246 statim
1874 5193 2059 5245 animo
2088 5192 2328 5246 demisso

755 5277 937 5345 fugant
987 5283 1229 5346 Spei-tet!
1280 5280 1513 5335 Proinde
1563 5284 1846 5336 hortantur
1894 5297 2011 5342 vos,
2071 5299 2100 5335 a
2153 5283 2331 5351 perni-

756 5370 924 5423 ciosis
958 5373 1202 5426 consiliis
1235 5375 1309 5426 uti
1342 5375 1409 5427 ad
1440 5374 1699 5428 salutaria
1728 5388 1822 5427 vos
1852 5374 2219 5438 transferatis,
2251 5384 2326 5438 et,

757 5462 882 5512 dum
918 5461 1141 5516 relictus
1183 5465 1493 5519 remissioni
1529 5466 1681 5520 locus
1728 5477 1831 5525 est,
1875 5465 2103 5534 abjcctis
2134 5467 2326 5531 armis,

758 5553 1008 5618 potentia:
1069 5555 1278 5611 cedatis
1331 5556 1627 5625 Majestatis
1683 5567 1900 5621 nostrae,
1956 5558 2331 5626 impunitatem

1874 5675 1938 5727 C.
1974 5672 2034 5727 Β.
2062 5672 2238 5728 HASII

754 5756 1219 5883 b_"gcwuptefv.

802 5854 813 5878 Ι
828 5864 840 5876 ο
920 5866 937 5881 ο

802 5854 840 5878 '-
874 5854 937 5881 υ.

2434 4742 2740 4810 νεωτεριεῖν
2775 4738 2817 4769 ³⁷
2875 4737 3238 4806 ἀνῃρημένοις
3294 4734 3391 4787 καὶ
3441 4730 3739 4785 ἀντίπαλον
3795 4727 3856 4791 ἐξ
3915 4730 4017 4781 αὐ-

2440 4832 2660 4893 Θαδείας
2676 4833 2849 4899 αἴρειν
2884 4832 3042 4899 χεῖρα
3091 4826 3380 4895 Ῥωμαίων
3420 4824 3606 4884 αὐτοῖς
3636 4821 4019 4889 αὐτοκράτορ.

2440 4939 2548 4985 σιν,
2572 4922 2796 4991 οὐδεμία
2824 4938 2908 4982 τις
2962 4922 3039 4981 εἰς
3071 4918 3405 4987 παραίτησιν
3452 4915 3841 4966 ὑπολέλειπται
3878 4912 4019 4979 πρό-

2438 5032 2623 5082 φασις,
2646 5013 2883 5080 ὁπηνίκα
2910 5013 3022 5073 τοῖς
3048 5011 3230 5071 ὅπλοις
3258 5006 3777 5074 καταγωνισθέντες,
3806 5001 3892 5074 [Ρ.
3921 5001 4019 5073 71]

2439 5105 2644 5159 ἔκδοτοι
2676 5105 2793 5163 ταῖς
2813 5100 3187 5168 ποινῃλασίαις
3218 5098 3539 5165 ὑπάγονται.
3583 5097 3771 5161 Ἡμεῖς
3794 5110 4019 5159 τοιγαρ-

2439 5198 2533 5249 οὐν
2577 5194 2826 5263 ἐμφυλίῳ
2856 5193 3047 5262 αἵματι
3108 5192 3297 5255 μιᾶναι
3331 5190 3429 5257 τὴν
3478 5189 3579 5255 γῆν
3611 5185 4021 5253 εὑλαϐοὐμεθα.

2441 5290 2502 5341 ΕΞ
2521 5287 2628 5355 γὰρ
2666 5284 3139 5354 βουληθῶμεντοῖς
3168 5280 3350 5342 ὅπλοις
3381 5279 3506 5339 τούς
3531 5278 3845 5339 ἀποστάτας
3866 5277 4020 5345 ἀμύ-

2438 5380 2645 5441 νεσθαι,
2679 5378 2779 5429 οὐκ
2810 5377 2875 5429 ἂν
2904 5375 3200 5444 φθάνοιμεν
3232 5372 3353 5443 (σὺν
3391 5370 3510 5439 θεῴ
3540 5370 3596 5422 δὲ
3628 5368 3914 5439 εἰρήσθω),
3944 5371 4025 5421 οἰ-

2436 5470 2614 5537 κτρῶς
2632 5468 2823 5529 αὐτοὺς
2840 5466 3281 5526 κατακαίνοντες.
3300 5462 3396 5525 Τίς
3423 5461 3530 5529 γὰρ
3551 5462 3857 5531 άτὲραμνος
3876 5459 4029 5512 οὕτω

2443 5560 2802 5629 καθέστηκεν,
2835 5560 2909 5621 ὡς
2950 5556 3249 5621 ὑποστῆναι
3274 5554 3372 5623 τὴν
3406 5553 3579 5623 ῥοπὴν
3614 5551 3708 5603 τοῦ
3740 5552 4021 5618 ἡμετέρα

2301 5671 2850 5729 ANNOTATIONES.

1283 5762 1507 5818 Videtur
1565 5764 1615 5819 id
1654 5780 1772 5818 esse
1807 5766 1945 5833 apud
2011 5765 2243 5821 Leonem
2291 5766 2589 5822 infinitivus
2648 5766 2929 5835 praesentis
2992 5764 3273 5832 cujusdam
3341 5761 3638 5830 νεωτεριίω
3700 5760 3842 5829 (sic).
3902 5758 4029 5817 κῆρι.
