4184 6524
188 446 296 508 829

1448 432 1837 515 HISTOIUE
1877 458 2024 516 LIB.
2062 460 2190 520 v11.

3345 466 3453 528 830

190 563 502 631 ταξιάρχων
541 563 634 615 καὶ
683 564 1008 632 στρατηγῶν
1063 565 1156 615 καὶ
1207 564 1514 632 πατρικίων
1589 569 1766 633 τιμαί.

1886 582 2041 631 rerat.
2086 574 2202 639 qui,
2256 576 2572 642 pmuitentia
2641 576 2820 635 ducti.
2868 583 3162 643 spretoque
3220 579 3438 643 tyranni

192 652 415 716 Τούτοις
460 653 918 722 ἐγκελευσάμενος
974 652 1282 718 δεξιοῦσθαι
1330 656 1458 717 τοὺς
1488 671 1771 723 γνωσιμα·

194 744 450 813 χοῦντας,
514 747 608 797 καὶ
659 745 985 805 άθετοῦντας
1014 746 1112 813 τὴν
1142 743 1234 796 τοῦ
1293 746 1556 815 τυράννου
1582 749 1775 799 αύθεν-

192 840 339 899 τίαν,
376 837 472 890 καὶ
512 838 646 905 πρὸς
672 837 770 905 τὴν
794 836 887 888 τοῦ
936 835 1199 905 βασιλέως
1222 836 1613 901 ἀποκλίνοντας
1660 838 1775 890 δού-

193 931 377 982 λωσιν.
420 930 478 981 '0
513 928 569 980 δὲ
610 928 988 999 στρατηλάτης
1037 927 1301 996 Σκληρὸς,
1347 927 1439 978 τὸν
1497 928 1772 997 Βόσπορον

194 1022 526 1092 περαιωθεὶς
566 1021 661 1073 καὶ
694 1018 1039 1088 κατειληφὼς
1076 1019 1137 1071 τὸ
1176 1018 1493 1089 Δορύλαικν,
1539 1020 1773 1071 ἐνταῦθα

196 1115 291 1169 τὸν
326 1114 555 1181 στρατὸν
596 1111 933 1175 ἀνεκαλεῖτο,
968 1112 1064 1165 καὶ
1112 1113 1167 1173 ὲς
1209 1112 1465 1177 φάλαγγα
1515 1110 1772 1178 καθίστη,

197 1207 300 1260 καὶ
330 1210 450 1267 ταῖς
488 1204 608 1257 καθ’
642 1204 856 1274 ἡμέραν
895 1203 1146 1272 μελέταις
1192 1200 1532 1270 ἐγύμναζεν·
1562 1202 1661 1271 ἤδη
1718 1202 1776 1255 δὲ

196 1296 297 1350 καὶ
323 1295 653 1366 ἀποχρῶσαν
686 1296 829 1364 ὀρῶν
857 1296 956 1360 τὴν
990 1293 1447 1364 ἐπισυναχθεῖσαν
1490 1294 1773 1362 στρατιὰν,

198 1388 275 1450 ὡς
318 1384 461 1440 εἷναι
499 1388 690 1457 ἱκανὴν
742 1388 785 1416 ⁸⁸
844 1387 901 1451 ἐξ
960 1386 1257 1438 ἀντιπάλου
1314 1386 1629 1453 παρατυχὸν
1667 1388 1778 1446 τοῖς

199 1482 468 1543 ἐναντίοις
499 1478 934 1547 συμπλέκεσθαι,
972 1477 1050 1547 τῷ
1097 1480 1259 1529 Δουκὶ
1294 1475 1476 1546 Βάρδᾳ
1516 1478 1609 1528 καὶ
1645 1493 1778 1543 συγ-

1872 658 2176 723 dominatu,
2211 664 2263 716 in
2311 665 2659 734 imperatoris
2705 667 2863 719 fidem
2908 680 2967 717 se
3007 664 3342 718 conferrent.
3373 664 3450 716 Ita

1873 747 2093 803 Sclerus
2136 751 2409 822 Magister,
2440 773 2564 810 cum
2612 756 2938 810 transmisso
2982 756 3227 823 Bosporo
3272 753 3444 822 Dory-

1871 840 2029 893 laemu
2065 847 2422 910 pervenisset,
2455 864 2521 901 eo
2554 849 2738 917 c0pias
2782 857 2992 913 evocat,
3038 848 3093 899 in
3143 861 3451 915 unmnque—

1872 942 2182 989 contractas
2248 939 2586 1004 quotidianis
2649 938 3142 993 exercitationibus
3208 937 3435 1005 subigil.

1884 1024 2189 1092 P0stremo,
2238 1029 2329 1082 ubi
2382 1032 2532 1093 vidit,
2581 1032 2830 1085 idoneam
2885 1032 3031 1084 circa
3074 1046 3132 1083 se
3166 1029 3446 1081 collectam

1878 1132 2123 1177 manum,
2167 1134 2288 1187 quae
2325 1119 2439 1188 jam
2486 1131 2689 1190 posset,
2731 1123 3020 1174 occasione
3050 1120 3253 1181 oblata,
3291 1119 3449 1186 signa

1877 1223 1999 1260 eum
2025 1209 2354 1264 adversariis
2390 1211 2659 1275 conferre,
2703 1211 2864 1279 118
2894 1211 3080 1263 Bardae
3124 1208 3273 1269 duci,
3302 1206 3450 1260 amni

1877 1311 1979 1351 suo
2003 1299 2226 1368 (quippe
2254 1316 2495 1355 sororem
2526 1304 2721 1356 PIIOCIB
2750 1302 3138 1355 Constantinus
3167 1298 3457 1356 Patricius.

1878 1388 2049 1444 Scleri
2075 1390 2266 1455 frater,
2297 1393 2348 1447 in
2384 1393 2801 1447 matrimonium
2843 1393 3121 1460 duxerat),
3154 1392 3264 1444 lta'c
3294 1389 3462 1459 signi-

1881 1479 2041 1535 ﬂeat:

197 1572 439 1641 κηδεστῇ
497 1571 754 1642 (ἀδελφὴν
812 1572 919 1641 γὰρ
968 1571 1063 1623 τού
1110 1572 1272 1622 (Din
1332 1570 1740 1631 Κωνσταντίνος
1797 1571 2116 1642 Πατρίκιος,
2172 1575 2200 1626 ὁ
2247 1574 2338 1628 τοῦ
2393 1574 2639 1645 Σκληροῦ
2689 1573 2974 1644 σύναιμος,
3047 1572 3280 1639 σύζυγον
3324 1564 3459 1645 εἶχε)

195 1667 348 1737 δηλοῖ
364 1667 557 1720 ταῦτα*

243 1762 332 1815 ’δ’.
378 1780 395 1811 ι
453 1757 797 1826 Ἐπισοραλῶς
855 1755 1158 1808 ἐϐουλεύσω
1196 1758 1287 1806 καὶ
1320 1754 1437 1806 λίαν
1491 1752 1769 1807 ἐπικινδύ-

197 1868 329 1916 νως,
354 1849 578 1918 ἀναίδην
615 1847 759 1901 κατὰ
784 1847 891 1899 τῶν
938 1845 1287 1915 κρατούντων
1328 1844 1776 1913 ἁπαυθαδισάμε-

200 1955 313 2000 νος,
379 1936 475 1988 καὶ
526 1934 623 2005 τὴν
667 1935 907 2003 ὀλέθριον
946 1933 1247 2005 μελετήσας
1294 1934 1618 2003 τυραννίδα,
1683 1936 1777 1986 καὶ

197 2030 343 2083 ὅπλα
371 2030 513 2082 κατὰ
545 2029 654 2081 τῶν
694 2027 980 2095 ὁμοφύλων
1025 2029 1319 2097 ἀράμενος,
1354 2029 1445 2079 καὶ
1502 2026 1779 2095 καταμιά-

197 2140 299 2185 νας
338 2122 501 2191 ἱερῶν
529 2121 692 2172 οἴκων
721 2120 815 2187 έδη
872 2124 991 2182 ταῖς
1040 2119 1151 2171 τῶν
1206 2118 1549 2182 ἀπαιδεύτων
1609 2135 1781 2170 συνω-

204 2216 391 2284 μοτῶν
424 2216 747 2283 προνομαῖς.
793 2214 882 2274 Εἰς
923 2212 1075 2263 κενὸν
1133 2212 1443 2280 ὴπατήθης,
1496 2210 1777 2279 Πατρίκιε,

201 2309 394 2358 Low-ra
425 2306 633 2357 νύσσων
680 2304 1045 2372 κοιμώμενον,
1085 2304 1176 2355 τὸν
1216 2305 1483 2373 ἀήττητον
1509 2304 1781 2373 αὐτοκρά-

200 2416 360 2468 τορα.
415 2391 577 2458 Οἶδας
611 2396 742 2465 γὰρ,
780 2396 852 2457 ὡς
888 2397 945 2447 ἐν
974 2397 1093 2456 ταῖς
1130 2397 1331 2465 μάχαις
1366 2396 1656 2462 ἐπιφανεὶς
1691 2389 1780 2447 οὗ·

201 2507 316 2551 το,,
348 2488 753 2556 πολυάνθρωπα
798 2485 1139 2555 στρατόπεδα
1187 2488 1248 2536 ὲκ
1284 2485 1384 2553 τῆς
1451 2487 1639 2553 φήμης
1686 2484 1781 2535 καὶ

207 2582 377 2648 μόνης
430 2577 715 2648 ἐτρέψατο.
772 2576 895 2638 Πῶς
949 2571 1064 2641 οὖν,
1104 2573 1516 2645 διεφθαρμένων
1574 2572 1780 2643 ἀνδρῶν

206 2669 567 2739 συμϐουλίαις
606 2666 978 2728 ἀναπεισθεὶς,
1040 2667 1117 2729 είς
1161 2665 1401 2718 τοιοῦτον
1427 2664 1639 2716 ὄλισθον
1697 2666 1780 2715 ἐν·

206 2764 462 2821 σέσεικας
493 2760 744 2824 σεαυτόν;
786 2757 949 2822 Ἀλλ’,
984 2760 1032 2809 εἰ
1067 2758 1233 2821 δοκεῖ,
1274 2749 1527 2824 πείσθητί
1562 2773 1671 2824 μοι,
1706 2754 1780 2817 ὡς

205 2850 574 2920 συγκηδεστῇ,
620 2851 711 2901 καὶ
740 2849 1003 2917 φιλοῦντι,
1062 2850 1155 2903 καὶ
1184 2850 1253 2901 τὰ
1300 2846 1474 2917 λῴονα
1549 2845 1784 2915 συμϐου-

207 2943 424 2995 λεύοντι
450 2956 464 2970 ·
523 2943 617 2992 καὶ
652 2940 872 2994 ἁπώθου
905 2943 1005 3011 τὴν
1038 2941 1303 3009 κακίστην
1343 2938 1657 3009 τυραννίδα,
1690 2938 1784 2990 καὶ

202 3033 303 3099 τῆς
338 3031 617 3099 σωτηρίας
641 3030 951 3094 ἁντιλαὸοὖ,
992 3030 1322 3100 συγγνώμην
1351 3031 1443 3082 τοῦ
1472 3029 1784 3099 σφάλματος

205 3124 578 3193 αἰτησάμενος
630 3123 763 3191 (ἐγὼ
810 3123 865 3175 δὲ
912 3124 1074 3185 αὐτὸς
1135 3122 1439 3191 ἐγγυῶμαι,
1501 3122 1668 3192 μηδὲν
1726 3137 1785 3173 σε

208 3215 501 3268 πείσεσθαι
528 3215 633 3267 τῶν
678 3215 877 3283 ἀηδῶν,
930 3214 1054 3266 οὗτε
1099 3216 1233 3284 πρὸς
1280 3213 1373 3266 τοῦ
1431 3212 1783 3282 κρατοῦντος,

207 3308 331 3361 οὔτε
357 3308 498 3376 πρὶς
528 3306 691 3361 ἄλλου
725 3308 892 3372 τινὸς,
930 3306 1067 3360 ἀλλὰ
1096 3308 1191 3359 καὶ
1219 3306 1297 3376 τῷ
1323 3307 1671 3375 συνεπομένη)
1700 3323 1780 3357 σοι

209 3400 390 3467 στίφει
413 3400 720 3469 ἁμνηστεία
740 3400 836 3468 τῆς
865 3398 1193 3468 προπετείας
1222 3397 1529 3467 δοθήσεται)
1552 3412 1564 3425 ·
1599 3394 1780 3467 [P33]

208 3494 302 3542 καὶ
337 3491 415 3557 μὴ
446 3488 712 3558 βουληθῇς
742 3490 832 3540 τὸν
867 3488 1036 3557 θυμὸν
1069 3488 1347 3554 ἐξοπλίσαι
1381 3488 1521 3539 κατὰ
1562 3487 1655 3538 σοῦ
1693 3488 1784 3539 τὶν

210 3580 518 3649 βασλικον,
556 3580 614 3643 ὃς
650 3579 1023 3649 ἀπαραίτητός
1086 3581 1200 3632 ἐστι
1253 3582 1364 3641 τοῖς
1422 3567 1785 3648 εὐγνωμονεῖν

206 3676 309 3725 ούκ
341 3672 611 3724 ἐθέλουσι.
655 3672 777 3723 Τῶν
817 3672 1046 3725 σεαυτοῦ
1078 3672 1265 3723 λοιπον
1301 3670 1591 3739 γενόμενος
1640 3670 1787 3734 λογι-

210 3766 366 3834 σμῶν
398 3765 474 3833 μὴ
510 3766 647 3834 προῇ
670 3763 716 3794 ⁸¹
747 3763 845 3833 τὴν
880 3765 1115 3833 ἐσχάτην
1165 3762 1432 3831 ἄγκυραν,
1501 3760 1635 3823 ἀλλ’,
1683 3760 1787 3823 ἓως

205 3859 265 3910 τὸ
316 3857 703 3925 φιλάνθρωπον
757 3856 1068 3925 πρόκειται,
1128 3855 1373 3906 ἄσπασαί
1428 3852 1608 3916 τοῦτο,
1648 3854 1784 3920 ὅπερ

210 3951 458 4011 εἰσαῦθις
490 3948 763 4018 ἐπιζητῶν
799 3949 897 4016 οὐχ
928 3949 1205 4017 εὑρήσεις,
1238 3947 1332 3999 καὶ
1386 3946 1559 3999 πολλὰ
1618 3962 1787 3997 κατα-

209 4043 528 4111 θρηνήσεις,
574 4041 766 4093 σαυτὸν
799 4042 897 4109 τῆς
922 4040 1178 4101 άόουλίας
1245 4041 1615 4107 μεμφόμενος.
1664 4056 1683 4087 ι
1731 4038 1789 4090 '0

208 4134 264 4185 δὲ
298 4134 497 4193 Φωκεῖς
553 4133 788 4200 Βάρδας,
817 4132 914 4200 τὴν
949 4131 1181 4200 δύναμιν
1235 4131 1637 4197 ἀναλεξάμενος
1690 4131 1789 4197 τῆς

209 4218 453 4287 γραφῆς,
486 4218 777 4287 ἀμείϐεται
805 4218 1006 4270 ταῦτα·
1047 4237 1064 4269 t
1120 4217 1349 4283 Ἀγαθὸν
1378 4235 1430 4269 τι
1460 4218 1649 4286 χρῆμα
1696 4218 1791 4269 καὶ

211 4308 353 4360 θεῖον
412 4304 687 4377 εἶναιτὴν
750 4308 1060 4377 συμϐουλὴν
1090 4307 1475 4375 ἐξεπίσταμαι,
1547 4307 1792 4359 παλαιῶν

212 4398 435 4467 βίϐλους
474 4400 855 4467 παραναγνοὺς
890 4399 984 4451 καὶ
1022 4398 1216 4460 αὑτός·
1265 4397 1471 4466 ἰσχύειν
1504 4399 1560 4450 δὲ
1586 4400 1791 4467 ταύτην

209 4492 515 4562 τηνικαῦτα
560 4491 865 4558 λογίζομαι,
900 4490 1134 4559 ὁπηνίκα
1168 4490 1468 4559 θεραπείαν
1526 4490 1595 4543 τὰ
1646 4490 1792 4560 πρά-

211 4600 400 4655 γματα
436 4584 707 4653 δέχονται.
741 4584 908 4637 Ὅταν
934 4584 991 4637 δὲ
1023 4585 1153 4655 περὶ
1180 4585 1318 4636 αὐτὰ
1355 4584 1423 4635 τά
1455 4584 1643 4653 καίρια
1675 4600 1782 4635 κιν-

1895 4590 2001 4643 lam
2064 4604 2151 4642 res
2203 4589 2514 4642 admittunt.

209 4676 477 4730 δυνεύωσι
505 4678 601 4728 καὶ
646 4678 724 4737 εἰς
756 4677 823 4728 τά
855 4676 1081 4744 πύματα
1133 4674 1282 4728 δεινὰ
1332 4674 1785 4738 συνελαύνωνται,

213 4772 303 4821 ἶσα
325 4770 420 4820 καὶ
443 4767 524 4837 τῷ
548 4768 716 4837 μηδὲν
736 4767 940 4838 ἰσχύειν
962 4762 1116 4836 οἶμαι
1147 4767 1244 4837 τὴν
1274 4766 1606 4835 συμϐουλήν.
1644 4767 1787 4834 Ἐγὼ

213 4861 320 4929 γὰρ
354 4858 832 4927 ἀναλογιζόμενος,
867 4860 942 4922 είς
982 4860 1097 4921 οῖας
1126 4858 1293 4927 τύχας
1332 4859 1359 4909 ό
1411 4858 1627 4919 ἀνόσιος
1690 4858 1784 4909 καὶ

213 4953 559 5019 παλαμναῖος
605 4951 857 5019 Ἰωάννης
889 4951 950 5003 τὺ
980 4949 1110 5018 ἐμὸν
1148 4950 1460 5002 συνέκλεισε
1491 4949 1665 5017 γένος,
1697 4947 1788 5000 τὸν

216 5044 314 5113 μὲν
339 5045 724 5112 αὐτοκράτορα
758 5044 852 5095 καὶ
890 5042 1030 5094 θεῖον
1061 5044 1214 5107 ἐμὸν,
1247 5041 1543 5110 εὐεργέτην
1578 5040 1635 5092 δὲ
1688 5042 1785 5092 αύ-

210 5139 326 5204 τοῦ,
382 5138 728 5208 κοιμώμενον
776 5138 963 5191 λέοντα
1003 5139 1219 5198 κτείνας
1272 5134 1537 5205 ἀνηλεῶς,
1576 5137 1677 5206 ἐμὲ
1731 5133 1788 5189 δὲ

214 5232 393 5302 μάτην
417 5232 761 5301 περιορίσας,
784 5233 873 5286 τόν
898 5249 954 5284 τε
976 5233 1150 5299 φύντα
1166 5232 1261 5285 καὶ
1277 5232 1654 5300 τὸνὸμαίμονα
1674 5229 1789 5297 (55)

282 5412 328 5441 ⁸¹
364 5411 438 5474 ὡς
471 5409 529 5474 ἐξ
566 5410 751 5480 ἱκανὴν
777 5410 833 5477 ἐξ
856 5411 973 5463 cod.

1050 5410 1096 5441 “
1127 5412 1284 5480 πρόει
1318 5410 1442 5466 cod.
1484 5409 1633 5465 Fort.
1668 5410 1854 5479 πρόες.

1951 1752 2003 1805 4.
2043 1771 2060 1803 ‹
2119 1751 2419 1810 Consilium
2472 1755 2640 1809 iniisti
2686 1755 3040 1810 temerarium
3079 1765 3132 1809 et
3176 1756 3464 1827 insigniter

1878 1844 2265 1913 periculosum,
2301 1847 2543 1916 quando,
2574 1848 2919 1916 impudenter
2950 1848 3004 1901 iu
3040 1848 3298 1903 dominos
3332 1865 3464 1903 con-

1880 1942 2089 1999 tumax;
2130 1938 2510 1992 calamitosam
2544 1940 2898 1992 rebellionem
2943 1940 3259 2005 meditatus,
3304 1941 3464 1996 motis

1881 2026 2169 2083 adversum
2224 2032 2371 2085 cives
2429 2032 2599 2085 armis
2660 2046 2942 2086 sacrarum
2998 2034 3196 2086 mdium
3231 2034 3464 2089 delubra

1882 2119 2202 2172 immanium
2256 2121 2672 2187 coniuratorum
2728 2121 3133 2189 direptionibus
3193 2124 3465 2177 contami-

1881 2212 2047 2264 nasti.
2101 2207 2258 2265 Falsa
2314 2226 2408 2280 spe
2449 2212 2725 2277 inductus,
2781 2210 3006 2276 Patrici,
3065 2214 3277 2266 leonem
3336 2214 3466 2268 dor-

1882 2300 2160 2361 mientem,
2213 2302 2473 2353 invictum
2531 2301 2853 2370 principem,
2919 2303 3168 2356 irritasti.
3218 2301 3336 2356 Non
3407 2320 3468 2358 es

1883 2391 2121 2453 nescius,
2154 2389 2302 2441 illum
2347 2390 2400 2441 in
2449 2390 2652 2457 praeliis
2709 2400 3061 2458 apparentem
3094 2391 3467 2459 amplissimos

1881 2481 2154 2534 exercitus
2188 2480 2271 2534 vel
2319 2480 2434 2534 sola
2483 2478 2628 2532 fama
2666 2483 2718 2532 in
2750 2480 2933 2549 fugam
2966 2482 3325 2535 convertisse.
3361 2480 3468 2546 Qui

1883 2572 2048 2640 igimr
2096 2573 2174 2637 lit,
2227 2582 2307 2637 ut,
2362 2572 2701 2641 perditorum
2751 2572 3036 2625 hominum
3083 2572 3330 2626 consiliis
3371 2573 3469 2625 ob-

1883 2674 2216 2732 temperans,
2247 2664 2299 2715 in
2341 2662 2612 2729 ejusmodi
2660 2661 2882 2730 laqueOs
2932 2671 2982 2714 te
3026 2664 3140 2729 ipse
3191 2662 3469 2715 indueris?

1885 2754 2011 2817 Sed,
2044 2752 2087 2806 si
2130 2752 2362 2811 videtur,
2392 2752 2525 2804 mihi
2558 2734 2739 2816 crede,
2778 2759 2834 2803 ut
2879 2749 3043 2813 amni,
3078 2762 3134 2804 ut
3181 2751 3381 2816 amico,
3414 2763 3470 2805 ut

1883 2860 1944 2897 ea
1979 2844 2251 2910 suadenti,
2288 2859 2408 2912 qua:
2462 2844 2556 2895 tibi
2610 2842 2848 2896 maxime
2888 2843 3198 2895 conducant
3238 2860 3251 2896 :
3308 2844 3470 2911 rejice

1885 2954 1913 2990 a
1953 2948 2003 2991 te
2049 2939 2189 2990 lianc
2234 2935 2501 2990 nefariam
2546 2936 2918 3000 rebellionem,
2955 2951 3182 3005 capesse
3214 2937 3470 3001 salutem,

1886 3030 2066 3083 delicti
2114 3029 2269 3081 venia
2329 3028 2566 3097 expetita
2622 3032 2741 3096 (ego
2782 3027 2884 3083 hoc
2929 3028 3022 3080 tibi
3068 3028 3329 3096 spondeo,
3362 3042 3469 3080 non

1885 3120 2061 3174 solum
2124 3122 2257 3173 nihil
2310 3131 2359 3173 te
2407 3120 2511 3173 diri
2571 3136 2886 3189 passurum,
2942 3135 3118 3188 neque
3173 3134 3203 3172 a
3248 3120 3471 3174 domino

1892 3224 2100 3277 nostro,
2131 3227 2307 3281 neque
2345 3215 2411 3265 ab
2448 3214 2555 3265 alio
2603 3227 2901 3281 quoquam,
2944 3228 3130 3265 verum
3163 3212 3330 3265 etiam
3360 3228 3471 3266 ma-

1891 3305 2005 3367 nui,
2037 3319 2159 3371 (μιαί
2213 3315 2390 3358 tecum
2443 3304 2533 3365 sit,
2571 3304 2950 3372 impunitatem
2992 3304 3472 3358 iuconsiderantia:

1885 3396 2068 3449 datum
2118 3396 2206 3459 iri)
2238 3413 2252 3447 :
2286 3411 2461 3463 neque
2517 3396 2651 3449 velis
2685 3396 2737 3449 in
2772 3405 2823 3450 te
2868 3411 3086 3449 armare
3141 3395 3472 3465 indignatio-

1889 3505 2008 3541 ueni
2036 3488 2465 3555 imperatoriam,
2494 3487 2888 3541 inexorabilem
2938 3503 3167 3556 prorsus
3213 3487 3344 3552 illis,
3378 3489 3473 3556 qui

1888 3595 2034 3633 same
2087 3580 2286 3633 mentis
2316 3595 2437 3633 esse
2479 3580 2693 3633 nolunt.
2726 3577 2868 3632 Redi
2904 3578 3068 3648 igitur
3099 3581 3164 3632 ad
3197 3580 3473 3648 ingenium

1890 3680 2063 3735 tuum,
2107 3671 2216 3723 noli
2273 3670 2548 3725 dimittere
2613 3669 2859 3724 ultimam
2915 3685 3207 3733 ancoram,
3240 3680 3314 3735 et,
3346 3672 3474 3724 dum

1890 3764 1943 3817 in
2004 3772 2258 3832 promptu
2306 3772 2388 3817 est
2450 3763 2858 3825 misericordia,
2918 3762 3250 3831 amplectere
3304 3763 3473 3824 illam,

1889 3872 2051 3926 quem
2112 3856 2342 3925 posthac
2391 3857 2676 3925 requirens
2723 3855 2883 3920 {haud
2943 3856 3254 3919 obtinebis,
3318 3865 3475 3924 teque

1893 3952 2068 4016 ipsum
2097 3958 2248 4013 tunc,
2281 3950 2513 3999 multum
2543 3956 2904 4016 conquestus,
2941 3946 3267 3999 temeritatis
3304 3962 3475 4000 accu-

1893 4041 2060 4094 sabis.
2098 4059 2116 4090 ι
2162 4039 2329 4107 Cujus
2378 4038 2538 4107 119
2582 4040 2827 4108 epistolae
2875 4040 3335 4108 significationrm
3384 4039 3476 4093 ubi

1892 4129 2103 4183 Pliocas
2142 4131 2348 4183 Bardas
2390 4131 2684 4198 perspexit,
2725 4132 3003 4199 respondit
3049 4130 3117 4184 ad
3161 4134 3309 4185 hunc
3359 4145 3475 4184 mo-

1892 4222 2062 4275 dum:
2100 4238 2119 4271 ι
2163 4221 2465 4275 Consilium
2503 4236 2616 4273 rem
2644 4236 2768 4275 esse
2806 4223 3071 4286 optimam
3123 4230 3288 4289 atque
3337 4222 3477 4275 dii-i-

1894 4330 2018 4367 uam
2046 4316 2212 4383 probe
2245 4314 2392 4377 novi,
2424 4328 2548 4367 nam
2591 4314 2871 4367 volumina
2908 4318 2978 4368 ab
3012 4316 3259 4384 antiquis
3295 4314 3476 4368 homi-

1896 4406 2058 4458 nibus
2107 4407 2420 4473 conscripta
2471 4408 2584 4473 ipse
2627 4418 2848 4473 quoque
2891 4406 2991 4475 legi
3022 4423 3036 4458 :
3069 4405 3287 4459 tametsi
3343 4406 3477 4459 illud

1896 4497 2115 4566 quidem
2148 4505 2280 4551 tunc
2328 4497 2492 4551 modo
2525 4496 2704 4551 valere
2749 4496 3006 4564 arbitror,
3037 4499 3259 4567 quando
3301 4498 3477 4552 mede-

2590 4586 2828 4651 Verum,
2885 4589 3103 4656 quoties
3169 4598 3477 4642 extremum

1896 4681 2196 4749 periculum
2240 4680 2510 4744 imminet,
2551 4692 2745 4749 eSique
2778 4680 2977 4749 aliquis
3009 4681 3075 4734 ad
3106 4681 3247 4734 mala
3290 4682 3477 4735 ultima

1893 4771 2228 4840 compulsus,
2274 4779 2483 4824 tantum
2534 4771 2751 4839 pondus
2799 4771 3001 4824 habere
3057 4772 3293 4826 arbitror
3343 4787 3479 4825 con-

1892 4864 2096 4929 silium,
2122 4878 2427 4933 quamqua:
2456 4863 2767 4918 minimum.
2795 4862 2907 4933 Ego
2940 4879 3153 4917 mecum
3192 4873 3476 4932 reputans,

1894 4956 1960 5010 ad
2001 4970 2135 5024 quas
2170 4954 2418 5008 fortunas
2463 4954 2664 5022 impius
2709 4963 2873 5021 atque
2921 4954 3187 5009 scelestus
3236 4954 3477 5008 Joannes

1896 5064 2072 5101 meam
2121 5046 2383 5100 familiam
2434 5045 2722 5115 redegerit,
2775 5060 2899 5099 eum
2958 5054 3012 5099 et
3062 5045 3475 5113 imperatorem,

1899 5146 2150 5207 patruum
2182 5153 2385 5202 meum,
2416 5138 2823 5192 benefactorem
2874 5151 3063 5201 suum,
3090 5145 3150 5191 ut
3198 5137 3479 5190 dormien-

1899 5239 2005 5283 tem
2036 5230 2246 5285 leonem
2298 5230 2596 5285 crudeliter
2638 5229 3023 5296 obtruncasse,
3057 5239 3106 5283 et
3153 5244 3238 5283 me
3272 5238 3478 5284 temere

1297 5568 1360 5624 C.
1402 5568 1462 5621 Β.
1497 5568 1679 5624 HASll
1740 5566 2297 5625 ANNOTATIONES.

281 5713 399 5781 (55)
441 5708 729 5781 Mauifcsto
777 5726 962 5766 errore
998 5710 1104 5766 Leo
1147 5720 1259 5766 tum
1307 5711 1395 5765 liic
1429 5718 1543 5765 tuin
1599 5711 1688 5771 99.
1721 5711 1779 5765 Β.

213 5780 503 5836 confundit
537 5780 784 5847 ιρύσαντα
842 5791 896 5835 et
942 5782 1135 5849 φύντα,
1177 5796 1407 5851 quorum
1456 5782 1559 5836 lioc
1611 5783 1781 5848 ﬁlium

214 5854 545 5923 significare,
597 5867 704 5904 non
756 5861 981 5920 patrem,
1043 5854 1124 5905 \'t'l
1184 5852 1366 5921 pueris
1426 5860 1610 5905 uelum
1678 5864 1777 5906 est.

1890 5710 2173 5779 Euripides
2195 5707 2496 5779 Heraclidis
2525 5707 2629 5779 336
2657 5725 2685 5779 _:

2273 5777 2343 5842 ἐξ
2375 5777 2615 5834 ἐσθλῶν
2643 5776 2711 5829 δὲ
2740 5778 2880 5846 φὺς,

2036 5851 2225 5905 Οὐδὲν
2254 5849 2477 5901 κακίων
2511 5844 2825 5917 τυγχάνεις
2858 5845 3044 5918 γεγὼς
3076 5844 3327 5914 πατρός.
