4184 6524
758 378 865 442 839

2066 383 2340 443 LEONIS
2377 383 2684 444 DIACONI

3915 382 4024 444 840

760 489 909 542 modi
963 503 1124 544 voces
1181 489 1333 544 flocci
1373 505 1482 544 non
1529 490 1761 551 faciens,
1805 491 2028 559 prepius
2079 494 2334 553 accessit,

2449 496 2607 557 Ξαντα
2642 499 2921 566 στρατιᾶς.
2970 496 3027 550 '0
3057 497 3133 560 δὲ,
3173 497 3329 550 ὕθλον
3377 496 3652 568 τηνάλλως
3675 498 3800 556 τοὺς
3841 499 4023 549 τοιού-

765 582 928 638 terire
955 598 1176 637 conans.
1209 581 1345 635 Tum
1376 583 1604 647 Bardas,
1664 595 1878 653 arrepta
1930 583 2144 638 casside
2173 601 2336 653 quam

764 690 1083 743 suspensam
1132 675 1380 744 gerebat,
1419 677 1606 728 subito
1641 689 1941 730 conversus
1979 676 2254 729 hominem
2285 678 2337 728 in

765 770 969 837 galeam
1023 768 1330 834 percussit;
1399 769 1465 830 is,
1524 767 1790 836 perfracta
1861 768 2026 822 simul
2085 777 2139 821 et
2189 770 2338 836 galea

763 867 814 907 et
853 858 1110 918 calvaria,
1142 873 1272 911 voce
1310 859 1452 910 nulla
1487 859 1676 918 missa,
1724 858 1779 910 in
1816 867 2013 912 terram
2047 860 2291 914 defertur
2328 879 2339 913 :

764 946 975 1000 Phoras
1038 948 1179 1002 hunc
1243 949 1295 1002 in
1364 949 1583 1001 modum
1619 950 1672 1002 in
1714 951 1996 1004 castellum
2053 953 2342 1006 incolumis

764 1041 1030 1104 pervenit.
1072 1038 1226 1104 Quod
1281 1054 1405 1092 cum
1473 1039 1718 1103 Bardas,
1753 1041 1860 1094 dux
1925 1053 1976 1095 et
2047 1045 2338 1111 magister,

763 1133 1005 1184 exercitu
1053 1132 1524 1195 rireumtledissct,
1579 1135 1752 1189 suasit
1780 1136 1994 1196 Pbocm,
2029 1146 2086 1190 ut
2118 1138 2183 1190 ad
2230 1138 2340 1190 rle-

767 1224 1024 1274 mcutiam
1076 1223 1341 1291 princjpis
1383 1225 1742 1294 confugeret,
1797 1225 1972 1294 deque
2040 1228 2344 1280 munitione

764 1313 1166 1381 quamprimum
1207 1315 1400 1368 exiret.
1435 1315 1516 1379 ls,
1558 1315 1648 1368 ubi
1675 1326 1792 1370 erat
1839 1318 1906 1371 ad
1952 1333 2195 1372 summas
2248 1335 2345 1373 an-

763 1406 972 1470 gustias
1044 1421 1405 1475 magnamque
1469 1423 1653 1460 rerum
1729 1409 1965 1477 inopiam
2039 1410 2340 1474 redactus,

761 1498 949 1549 inultis
991 1497 1212 1562 agitatis
1280 1499 1674 1567 perpensisque
1739 1500 2061 1564 sententiis,
2105 1501 2344 1556 fortunae

761 1587 954 1640 cedere
1016 1589 1246 1654 statuit,
1305 1588 1823 1658 dominantibusque
1880 1591 2151 1659 subjicere
2200 1607 2340 1657 sese,

764 1677 1333 1743 modoimpunitatem,
1351 1693 1472 1731 cum
1495 1691 1672 1743 suam,
1687 1689 1796 1731 tum
1816 1679 2101 1742 charorum
2117 1697 2341 1736 suorum

763 1767 1098 1834 impetraret.
1130 1766 1204 1821 lla
1235 1769 1498 1836 evestigio
1527 1771 1629 1822 fide
1662 1771 1967 1838 postulata,
2002 1788 2067 1827 ne
2093 1774 2223 1843 quid
2259 1775 2344 1826 iu-

761 1861 1034 1912 commodi
1069 1868 1309 1928 caperet,
1335 1861 1424 1914 ubi
1465 1863 1603 1914 hanc
1631 1877 1659 1914 a
1688 1861 1872 1917 Sclero
1896 1875 2202 1933 acceperat,
2235 1883 2340 1920 una

761 1967 886 2005 cum
927 1967 1091 2005 uxore
1116 1967 1179 2004 ac
1212 1952 1400 2006 liberis
1437 1953 1503 2006 de
1534 1955 1760 2007 castello
1801 1956 2098 2009 descendit.
2144 1957 2188 2010 ls
2246 1975 2340 2013 eos

761 2052 1010 2109 receptos
1063 2044 1222 2113 126
1279 2043 1579 2099 incolumes
1611 2057 1896 2100 asservat:
1943 2049 2010 2101 de
2062 2051 2234 2117 pactis
2273 2051 2341 2105 ad

762 2134 1060 2202 principem
1099 2134 1262 2187 refert
1297 2137 1466 2205 :quid
1517 2152 1655 2206 opus
1705 2139 1777 2192 sit
1823 2139 1965 2194 facto
2017 2140 2338 2212 interrogat.

764 2227 1068 2294 Rescripsit
1114 2225 1352 2282 Joannes
1419 2228 1748 2298 imperator,
1790 2231 2020 2287 Bardam
2077 2232 2340 2297 Phocam,

762 2316 1021 2369 cleriium
1064 2316 1263 2369 factum
1319 2318 1860 2391 circumtonsumque
1887 2363 1902 2386 ,
1954 2338 2079 2377 cum
2113 2326 2344 2395 conjuge

762 2420 926 2477 atque
977 2410 1162 2463 liberis
1224 2410 1275 2462 in
1307 2410 1500 2464 Chium
1530 2413 1762 2467 insulam
1795 2417 2116 2470 amandaret
2152 2435 2166 2471 :
2204 2419 2340 2488 ipse,

765 2502 1019 2554 abductis
1071 2502 1282 2570 copiis,
1350 2501 1400 2554 in
1461 2503 1736 2572 Europam
1774 2521 1869 2574 per
1932 2505 2341 2574 Hellespontum

765 2592 1105 2659 transjicerct
1137 2632 1151 2655 ,
1207 2595 1258 2646 in
1304 2593 1701 2664 hibernisque,
1753 2612 1875 2665 qua:
1927 2613 2024 2668 per
2076 2602 2195 2653 loca
2251 2600 2342 2653 illa

761 2687 894 2747 sint,
929 2684 1244 2739 hibernaret
1278 2700 1292 2738 :
1325 2701 1449 2741 nam
1507 2689 1690 2756 primo
1731 2704 1859 2744 vere
1889 2690 2070 2762 ipsum
2106 2693 2343 2762 impera-

762 2786 936 2830 torem
989 2791 1112 2830 cum
1161 2779 1363 2834 scholis
1397 2780 1452 2832 in
1484 2777 1718 2849 Scythas
1769 2790 2094 2837 moturum:
2150 2799 2341 2838 eorum

762 2870 1082 2926 rﬂrcnatam
1119 2871 1465 2927 insolentiam
1521 2873 1756 2928 tolerare
1781 2874 1989 2932 diutius
2016 2889 2078 2931 se
2104 2877 2271 2933 nolle.

834 3161 887 3215 9.
931 3160 1140 3214 Etenim
1203 3160 1434 3230 Scythze,
1491 3162 1557 3216 de
1594 3161 1782 3217 Bardae
1832 3163 1988 3217 ducis
2021 3179 2088 3218 ex
2123 3165 2340 3235 Europa
2369 3186 2412 3244 ο

762 3254 1006 3309 discessu
1051 3254 1311 3306 certiores
1351 3251 1499 3317 facti,
1533 3255 1624 3322 qui
1665 3256 1736 3309 ob
1776 3255 2066 3310 excitatam
2111 3257 2274 3312 modo
2313 3272 2342 3310 a

766 3347 935 3400 Barda
970 3347 1145 3399 Phoea
1181 3348 1503 3401 seditionem
1560 3347 1614 3400 in
1657 3347 1846 3402 Asiam
1903 3349 1972 3402 ab
2012 3348 2347 3418 imperatore

763 3452 878 3492 orat
939 3440 1169 3502 missus,
1209 3450 1268 3493 ut
1309 3439 1421 3506 jam
1467 3440 1672 3493 dictum
1720 3450 1804 3492 est
1836 3455 1865 3493 a
1896 3455 2000 3501 me,
2049 3440 2344 3510 plurimum

767 3530 1041 3581 Romanos
1105 3533 1420 3591 vexabant,
1483 3527 2003 3596 incursionibusque
2055 3529 2348 3599 derepente

767 3622 924 3676 f-etis
986 3622 1230 3689 improbe
1287 3621 1618 3689 diripiebant
1655 3621 2054 3690 vastabantque
2095 3621 2346 3676 Macedo-

766 3711 908 3764 niam
944 3731 956 3763 :
994 3712 1138 3779 quod
1191 3708 1430 3764 Joannes
1472 3709 1762 3779 Magister,
1799 3722 2159 3780 cognomento
2209 3712 2350 3766 Cur-

763 3817 918 3864 rnas,
947 3803 1033 3854 eui
1069 3801 1352 3870 copiarum
1384 3802 1436 3854 in
1466 3801 1574 3854 illis
1612 3802 1862 3870 partibus
1901 3803 2193 3857 commissa
2233 3812 2350 3858 erat

763 3909 916 3958 cura,
975 3893 1200 3947 desidia:
1255 3901 1418 3962 atquc
1470 3894 1839 3962 potationibus
1896 3903 2092 3963 praeter
2125 3896 2346 3950 modum

763 3986 862 4035 ded
891 3993 1002 4047 tus,
1068 3985 1318 4052 imperite
1346 3994 1510 4052 atque
1565 3981 1939 4052 imprudenter
1995 3999 2081 4036 res
2118 3985 2352 4038 admini-

765 4075 1006 4138 sti-nbat;
1051 4090 1113 4128 ex
1140 4090 1248 4142 quo
1280 4073 1346 4126 ad
1391 4074 1760 4142 arrogantiam
1813 4073 2180 4142 ﬁduciamque
2211 4075 2353 4127 Rus-

765 4181 950 4218 sorum
978 4183 1034 4218 se
1068 4174 1365 4220 erexi-rant
1396 4165 1586 4218 animi.
1635 4164 1882 4230 Quorum
1932 4166 2220 4234 superbam
2272 4167 2354 4219 in—

764 4258 1050 4310 solentiam
1070 4269 1123 4310 et
1149 4258 1468 4311 manifestas
1487 4258 1853 4312 contumelias
1883 4274 2006 4312 cum
2052 4273 2157 4312 non
2190 4259 2354 4313 ferret

767 4347 1083 4412 imperator,
1123 4346 1269 4398 omni
1304 4346 1354 4398 vi
1395 4346 1658 4415 repellere
1697 4355 1751 4398 et
1803 4346 2043 4414 dejicere
2089 4362 2353 4415 propera-

767 4434 879 4494 bat,
908 4435 1094 4500 proelio
1123 4435 1334 4489 collatis
1361 4437 1537 4504 signis
1560 4435 1722 4490 facto.
1749 4435 1984 4491 Proinde
2003 4447 2057 4491 et
2089 4439 2352 4507 igniferas

2441 602 2567 648 τους
2599 586 2790 654 λόγους
2820 586 3129 653 τιθέμενος,
3175 588 3565 657 πλησιέστερον
3599 587 3706 656 ᾔει,
3758 586 4024 654 πλήττειν

2443 676 2802 745 πειρώμενος.
2848 677 2904 728 'U
2928 677 2982 729 δὲ
3020 673 3254 744 Βάρδας,
3293 676 3387 747 τὴν
3445 675 3895 747 παρῃωρημένην
3928 693 4025 727 κο-

2445 765 2612 834 ρύνην
2657 766 3214 834 μεταχειρισάμενος,
3265 765 3527 832 αἰφνίδιόν
3553 782 3612 815 τε
3665 765 4024 831 συστραφεὶς,

2382 866 2388 872 ·
2445 857 2583 908 κατὰ
2645 857 2740 922 τῆς
2780 856 3010 925 κόρυθος
3048 855 3197 909 παίει
3225 857 3317 908 τὸν
3355 855 3676 923 ἄνθρωπονο
3708 857 3735 906 ό
3767 856 3847 916 δὲ,
3882 856 4024 923 αὐτῇ

2443 952 2578 1015 κυνῇ
2633 948 2926 1014 κατεαγεὶς
2969 948 3028 998 τὸ
3063 948 3307 1017 κρανίον,
3353 947 3581 1009 ἄναυδος
3625 950 3692 1016 τῇ
3740 950 3810 1015 γῇ
3851 964 4026 1014 προσ-

2444 1038 2762 1105 αράσσεται·
2788 1038 2880 1088 καὶ
2903 1037 3072 1099 οὕτως
3109 1041 3164 1100 ἐς
3191 1038 3250 1089 τὸ
3275 1036 3534 1105 φρούριον
3555 1039 3581 1088 ὀ
3604 1037 3793 1096 Φωκᾶς
3821 1036 4026 1086 διασώο

2445 1127 2614 1191 ζεται.
2652 1129 2861 1199 Βάρδας
2902 1129 2979 1190 δὲ,
3040 1131 3068 1181 ό
3115 1129 3490 1198 στρατηλάτης
3544 1129 3637 1178 καὶ
3678 1128 4022 1196 Μάγιστρος,

2444 1221 2504 1272 τὸ
2528 1222 2784 1290 φρούριον
2803 1207 3246 1288 κυκλωσάμενος,
3270 1217 3504 1289 παρῄνει
3521 1218 3595 1286 τῷ
3629 1219 3790 1285 Φωκᾷ
3817 1218 4025 1287 Βάρδςι,

2444 1312 2541 1382 τὴν
2571 1315 2858 1382 εὐμένειαν
2881 1312 2977 1365 τοῦ
3029 1312 3357 1383 κρατοῦντος
3398 1310 3752 1379 αἰτήσασθαι,
3787 1311 3884 1360 καὶ
3931 1309 4025 1360 τοῦ

2444 1405 2644 1473 τειχίου
2675 1403 2922 1456 κατιέναι
2952 1405 3028 1466 ὡς
3065 1405 3318 1472 τάχιστα.
3361 1402 3419 1454 Ὀ
3456 1402 3531 1462 δὲ,
3563 1401 3684 1452 ἐπεὶ
3715 1404 3770 1461 ἐς
3800 1403 4026 1469 ἀμηχαο

2446 1495 2565 1548 νίαν
2594 1495 2828 1564 ἐσχάτην
2857 1496 2949 1547 καὶ
2977 1493 3157 1564 δεινὴν
3181 1494 3415 1562 ἀπορίαν
3445 1492 3789 1561 συνείληπτο,
3847 1491 4024 1542 πολλα

2447 1588 2842 1656 γνωματεύσας
2891 1588 2986 1640 καὶ
3033 1587 3423 1655 λογισάμενος,
3478 1586 3618 1648 ἔγνω
3677 1584 3922 1635 ἐνδοῦναι
3957 1587 4024 1650 τῇ

2446 1677 2602 1747 τύχῃ,
2638 1678 2733 1730 καὶ
2769 1674 2908 1741 εἶξαι
2951 1681 3064 1739 τοῖς
3111 1675 3425 1746 κρατοῦσιν,
3456 1677 3504 1728 εἰ
3549 1676 3821 1728 ἀπάθειαν
3856 1671 4027 1726 αὑτοῦ

2445 1787 2503 1822 τε
2536 1770 2763 1821 καὶτῶν
2797 1769 3067 1836 φιλτάτων
3097 1771 3210 1839 (64)
3268 1770 3509 1840 λήψοιτο,
3570 1767 3892 1836 Παραυτίκα
3933 1761 4030 1817 οὖν

2445 1863 2655 1924 πίστεις
2689 1860 3138 1930 ἐξαιτησάμενος,
3180 1862 3255 1924 ὼς
3285 1861 3436 1914 οὐδέν
3467 1879 3516 1912 τι
3547 1861 3653 1912 τῶν
3685 1859 3868 1928 ἀηδῶν
3905 1860 4031 1909 πεί-

2447 1969 2617 2016 σεται,
2648 1955 2741 2005 καὶ
2759 1953 2958 2016 ταύτας
2983 1954 3118 2024 πρὸς
3142 1952 3236 2006 τοῦ
3250 1951 3495 2022 Σκληροῦ
3526 1949 3784 2020 εἰληφὼς,
3811 1953 4031 2004 κάτεισι

2444 2046 2537 2098 τοῦ
2565 2046 2823 2116 φρουρίου
2856 2049 2953 2099 σὺν
2980 2048 3200 2114 γυναικὶ
3240 2046 3334 2100 καὶ
3362 2047 3590 2106 τέκνοις.
3633 2045 3689 2096 Ὀ
3716 2044 3769 2094 δὲ
3803 2043 4032 2104 τούτους

2445 2138 2735 2206 δεξάμενος
2769 2138 2993 2201 ἀλύπως
3058 2139 3339 2208 ἐφρούρει,
3379 2139 3641 2208 ἀναφέρει
3688 2138 3756 2189 τὰ
3805 2137 3852 2168 ⁸⁸
3903 2137 4030 2200 ξυνα

2445 2231 2676 2299 αχθέντα
2707 2233 2851 2302 πρὸς
2907 2231 3149 2299 βασιλέα,
3204 2231 3461 2300 ἐρόμενος
3491 2232 3536 2262 ⁸⁷
3605 2232 3633 2283 ὅ
3691 2248 3744 2282 τι
3803 2230 3886 2282 δεῖ
3935 2229 4032 2280 καὶ

2446 2324 2640 2374 ποιεῖν.
2691 2320 2749 2372 '0
2786 2320 2840 2372 δὲ
2865 2321 3220 2390 αὐτοκράτωρ
3255 2320 3504 2390 Ἰωάννης
3545 2318 3757 2386 ἐδήλου,
3791 2317 3885 2368 τὸν
3931 2317 4032 2384 μὲν

2445 2413 2536 2467 τοῦ
2570 2415 2734 2467 Φωκᾶ
2767 2413 3004 2484 Βάρδαν,
3057 2413 3319 2482 κληρικὸν
3369 2414 3740 2481 ἀποκαρέντα,
3781 2408 3899 2477 ἅμα
3935 2423 4032 2458 συ-

2448 2506 2598 2576 ζύγῳ
2629 2509 2720 2559 καὶ
2750 2507 2958 2569 τέκνοις
2987 2509 3044 2560 ἐν
3073 2509 3140 2576 τῇ
3175 2507 3324 2576 νήσῳ
3341 2506 3457 2574 Χίῳ
3483 2504 3793 2574 περιορίσαι
3816 2519 3830 2531 ο
3865 2503 4034 2554 αύτὸν

2446 2597 2523 2660 δὲ,
2555 2599 2653 2660 τὰς
2713 2599 2973 2668 δυνάμεις
3023 2598 3374 2666 ἀνειληφότα,
3405 2601 3462 2658 ἐς
3507 2596 3604 2665 τὴν
3643 2592 3914 2664 Εὐρώπην
3943 2593 4034 2644 διὰ

2446 2688 2538 2742 τοῦ
2591 2689 2985 2758 Ἑλλησπόντου
3033 2689 3319 2759 διαπερᾷν,
3356 2685 3741 2758 χειμεριοῦντα
3789 2686 3927 2755 πρὸς
3961 2687 4033 2736 τά

2447 2780 2626 2834 ἐκεῖσε
2648 2781 2906 2852 χειμάδια
2925 2797 2942 2815 ο
2976 2779 3076 2847 ὥς,
3106 2776 3244 2852 ἦρος
3279 2780 3441 2842 εὐθὺς
3472 2778 3879 2848 ἐπιγινομένου,
3936 2780 4034 2829 καὶ

2445 2873 2611 2928 αὐτὸν
2640 2875 2875 2928 Βασιλέα
2907 2874 3045 2944 μετά
3070 2874 3177 2925 τῶν
3227 2872 3586 2926 ὑπασπιστῶν
3618 2871 4033 2941 ἐκστρατεύσας

2448 2969 2589 3020 κατά
2647 2968 2902 3020 Σκυθῶν·
2967 2968 3101 3036 μηδὲ
3159 2966 3270 3036 γὰρ
3319 2965 3418 3035 τὴν
3469 2964 3676 3017 τούτων
3718 2964 4031 3017 ἀκάθεκτον

2449 3059 2606 3130 ὓϐριν
2629 3061 2967 3130 καρτερῆσαι
2997 3059 3202 3112 λοιπόν.

2521 3153 2585 3205 θ’.
2631 3149 2790 3205 Οὗτοι
2816 3152 2944 3221 γὰρ,
2984 3153 3083 3218 τὴν
3108 3150 3215 3204 άπὸ
3238 3151 3334 3218 τῆς
3376 3149 3646 3218 Εὐρώπης
3682 3149 3777 3200 τοῦ
3832 3165 4035 3217 στρατ-

2452 3245 2656 3315 ηλάτου
2685 3244 2866 3314 Βάρδα
2921 3244 3232 3308 διαγνόντες
3283 3243 3562 3312 ἄπαρσιν,
3617 3243 3672 3302 ἐς
3702 3241 3800 3309 τὴν
3851 3241 4037 3290 Ἀσίαν

2453 3338 2605 3406 ποιρά
2631 3337 2894 3407 βασιλέως
2947 3336 3230 3398 σταλέντος
3259 3336 3345 3387 διὰ
3387 3336 3480 3388 τὸν
3537 3334 3762 3402 ἔναγχος
3808 3334 4036 3402 ἀναρρι-

2449 3431 2716 3482 πισθέντα
2747 3430 2880 3496 πρὸς
2903 3427 2996 3479 τοῦ
3027 3429 3191 3480 Φωκᾶ
3236 3427 3415 3494 Βάρδα
3471 3425 3837 3493 νεωτερισμὸν
3863 3466 3876 3486 ,
3938 3443 4034 3476 καο

2451 3523 2626 3592 θάπερ
2678 3539 2767 3591 μοι
2817 3523 2916 3591 ιδη
2973 3521 3220 3590 tmen.

2451 3613 2711 3675 ἐσίνοντο,
2741 3612 3039 3678 αἰφνιδίους
3069 3610 3416 3674 ἐπεξελάσεις
3449 3609 3787 3676 ποιούμειοι,
3822 3609 3914 3659 καί
3934 3608 4035 3677 τὴν

2449 3703 2556 3754 τῶν
2599 3703 2927 3757 Μακεδόνων
2959 3701 3272 3770 ληϊζόμενοι
3327 3699 3424 3750 καὶ
3476 3698 3726 3768 δῃοῦντες
3757 3699 3994 3765 ἀφειδῶς
4019 3714 4032 3727 ·

2453 3794 2549 3848 τοῦ
2580 3796 2679 3864 τὴν
2709 3794 3032 3845 ἐπιστασίαν
3059 3794 3154 3860 τῆς
3201 3790 3435 3844 ἐνταῦθα
3469 3792 3727 3860 στρατιᾶς
3761 3791 4038 3859 ἐγχειρισ-

2452 3887 2637 3946 θεντος
2680 3886 2923 3937 Ἰωάννου
2942 3884 3282 3952 Μαγίστρου,
3309 3875 3352 3950 ᾧ
3383 3883 3700 3948 Κουρκούας
3722 3881 4036 3950 ἐπώνυμον,

2453 3978 2510 4040 ἐς
2538 3977 2820 4048 ῥᾳστώνην
2849 3977 2945 4028 καὶ
2979 3975 3197 4040 πότους,
3224 3975 3377 4043 παρὰ
3414 3975 3474 4026 τὸ
3506 3975 3674 4038 είκὶς,
3707 3975 4038 4027 ἀποκλίνειν.

2454 4084 2543 4128 τος
2577 4067 2714 4134 (65),
2761 4067 3001 4136 ἀπείρως
3047 4083 3109 4116 τε
3141 4067 3234 4118 καὶ
3270 4064 3498 4134 ἀμαθῶς
3549 4068 3895 4134 κεχρημένου
3925 4069 4039 4127 τοῖς

2457 4159 2780 4228 πράγμασιο
2814 4159 2890 4226 τῷ
2923 4175 3004 4212 τοι
3032 4160 3126 4210 καὶ
3161 4159 3217 4220 ἐς
3264 4156 3557 4210 αὐθάδειαν
3598 4158 3692 4207 καὶ
3727 4157 3928 4224 θράσος
3973 4159 4040 4208 τά

2467 4251 2707 4303 Ῥωσικά
2741 4250 2955 4320 ἐπήρθη
2991 4251 3332 4320 φρονήματα.
3367 4250 3475 4317 Τὴν
3507 4249 3816 4317 ὑπέραυχον
3848 4265 4039 4314 τοιγα⁹

2460 4342 2588 4412 ροῦν
2615 4342 2936 4406 ἀλαζονείαν
2975 4341 3176 4406 αὐτῶν,
3207 4341 3301 4392 καὶ
3347 4341 3437 4392 τὸν
3461 4340 3722 4407 ἀντικρὺς
3751 4340 4039 4409 προπηλα-

2459 4435 2655 4503 κισμὸν
2690 4433 2764 4503 μὴ
2794 4434 3002 4501 στέγων
3030 4435 3057 4486 ό
3084 4431 3361 4501 βασιλεὺς,
3389 4431 3550 4481 παντὶ
3575 4430 3748 4482 σθένει
3792 4429 4040 4482 κολούειν

3296 3521 3362 3572 τὰ
3421 3519 3654 3586 μέγιστα
3721 3519 4035 3586 Ῥωμαίους

767 4525 1018 4576 triremes
1051 4525 1266 4577 onerari
1291 4525 1475 4592 jussit,
1503 4535 1558 4579 et
1579 4531 1910 4595 comportari
1939 4528 2346 4597 Adrianopolim

2463 4527 2554 4578 καὶ
2601 4525 2890 4594 κατασπᾷν
2931 4524 3193 4592 ἠπείγετο
3249 4524 3313 4573 ἐκ
3371 4520 3465 4573 τοῦ
3511 4521 3780 4588 συστάδην
3828 4521 4038 4583 τούτοις

766 4614 829 4665 ττι
858 4615 1142 4668 mental-iis
1183 4615 1337 4685 127
1365 4617 1594 4670 navibus
1623 4627 1991 4672 commeatum
2026 4619 2344 4688 plurimum,

767 4705 1007 4772 itemque
1039 4704 1295 4772 pabulum
1324 4704 1614 4772 jumentis,
1654 4715 1709 4758 et
1753 4721 2034 4760 armorum
2085 4719 2348 4776 quantum

765 4806 850 4847 sat
873 4811 992 4848 esse
1019 4795 1306 4856 militibus,
1331 4810 1398 4848 ne
1420 4795 1550 4864 quid
1565 4810 1753 4849 earum
1777 4810 1956 4850 rerum
1984 4796 2352 4852 dimicationis

768 4897 1008 4956 tempore
1083 4887 1346 4940 Romanis
1406 4888 1642 4942 deesset.
1702 4886 1824 4941 Haac
1879 4887 2008 4942 dum
2067 4897 2349 4956 parantur,

767 4976 1149 5038 Theodoram,
1238 4977 1591 5030 Constantini
1683 4977 2130 5049 Porphyrogen‘ti
2217 4979 2348 5048 imp.

2461 4613 2895 4683 συμπλέκεσθαι.
2925 4609 3205 4664 Ἐντεῦθεν
3237 4611 3451 4670 καὶτὰς
3483 4610 3762 4678 ἐμπύρους
3791 4613 4040 4679 τριήρεις

2459 4703 2776 4773 ἐρματίζειν
2802 4706 3154 4772 προσέταττε,
3187 4701 3282 4750 καὶ⁵
3324 4696 3407 4770 [Ρ.
3443 4697 3530 4769 78]
3562 4697 3710 4750 σίτου
3753 4699 3960 4767 πλῆθος
3983 4702 4041 4762 ἐς

2455 4794 2555 4863 τὴν
2593 4792 2686 4844 τοῦ
2732 4789 3013 4860 Ἀδριανοῦ
3067 4791 3220 4841 πόλιν
3266 4789 3352 4841 διὰ
3411 4787 3518 4840 τῶν
3552 4789 3792 4856 σιτηγῶν
3840 4789 4041 4843 πλοίων

2458 4881 2725 4948 κομίζειν,
2760 4881 2850 4931 καί
2880 4878 3234 4948 χορτάσματα
3265 4876 3372 4929 τῶν
3413 4876 3742 4943 ὑποζυγίων,
3778 4877 3874 4929 καὶ
3903 4879 4039 4929 ἀπο-

2460 4976 2672 5045 χρῶντα
2699 4972 2836 5025 ὅπλα
2883 4975 2947 5023 τῆ
2982 4971 3234 5038 στρατιᾷ,
3275 4969 3350 5032 ῶς
3383 4970 3456 5038 μή
3485 4986 3626 5030 τινος
3655 4969 3865 5022 τούτων
3901 4972 4040 5022 κατὰ

1927 5115 1990 5169 C.
2025 5115 2084 5170 Β.
2126 5115 2307 5169 [MSII
2345 5113 2883 5170 ANNOTATIONES

842 5231 886 5260 ⁵⁶
919 5229 1066 5280 Fort.
1106 5227 1371 5296 ἀναφέρει
1398 5243 1481 5278 τε.
1557 5228 1600 5258 ⁵⁷
1636 5228 1923 5298 αἰρόμενος
1951 5230 2074 5281 cod.

843 5365 954 5434 (65)
988 5365 1068 5416 Ti
1104 5364 1331 5430 φίλτατα
1357 5375 1483 5418 sunt
1512 5365 1682 5427 liberi,
1719 5374 1777 5418 ut
1815 5366 1866 5418 in
1901 5376 2026 5418 nota
2062 5367 2354 5428 locutione,

774 5436 1212 5504 Z'J‘DIEL'JEWHTZI-Zp‘.
1259 5436 1569 5501 φιλτάτοις,
1620 5435 1962 5488 Wernsdorf.
2016 5439 2080 5488 ad
2145 5436 2348 5490 llimer.

772 5509 893 5561 δτι.
939 5505 1000 5558 C.
1042 5503 1158 5555 νῆά.
1192 5521 1410 5572 quoque
1459 5520 1620 5571 supra
1671 5506 1722 5557 8.
1757 5505 1818 5557 Ο.
1865 5507 1991 5558 Item
2029 5506 2349 5558 Valtkenar.

773 5580 836 5629 ad
888 5576 1156 5626 Plueniss.
1201 5576 1319 5625 193.
1358 5573 1481 5626 169..
1531 5587 1583 5626 et
1619 5579 1793 5627 virum
1835 5576 1886 5627 in
1925 5577 2118 5628 litteris
2149 5575 2355 5628 Gnecis

775 5649 1070 5709 pt'unt‘ttvt‘m
1103 5647 1332 5710 August.
1366 5645 1562 5697 Baet-kh
1601 5645 1660 5696 In
1693 5645 1828 5695 i‘lal.
1864 5646 2092 5697 Minoem
2140 5647 2258 5696 t25.
2295 5645 2352 5696 B.

778 5715 1014 5767 lt-ddidi.
1036 5713 1311 5764 clmrornm
1330 5730 1562 5778 suorum,
1585 5715 1832 5779 exemplo
1854 5713 2119 5766 Lactantii
2139 5714 2209 5767 De
2232 5730 2359 5767 vero

773 5789 917 5838 Ctiitll
943 5785 1064 5836 5-50.
1091 5785 1177 5834 ‘25.
1206 5800 1256 5834 se
1281 5785 1462 5835 charos
1489 5802 1607 5836 suos
1634 5785 1732 5836 Deo
1773 5787 2082 5850 relinquere.
2119 5785 2218 5836 Alii
2245 5800 2359 5836 ver-

2469 5376 2640 5418 terunt
2676 5367 2988 5418 charissima
3023 5368 3258 5433 pignora,
3285 5365 3520 5420 utHenr.
3557 5365 3801 5420 Valesius
3831 5369 3895 5419 ad
3933 5368 4040 5421 Eu-

2456 5443 2568 5488 sch.
2616 5436 2752 5488 Ilist.
2795 5438 2940 5489 [ἱνα-Ι.
2979 5439 3104 5490 555.
3161 5439 3220 5490 υ.
3269 5435 3602 5496 Vulcanius,
3648 5455 3763 5504 qua:
3817 5440 4042 5490 habetat

2454 5508 2769 5558 charissima
2803 5550 2812 5562 .
2851 5510 2913 5558 a-.|
2950 5510 3146 5574 Agatll.
3187 5509 3300 5559 157.
3345 5511 3406 5558 Α.
3449 5507 3827 5559 Eodemsensu
3861 5513 3925 5559 τά
3963 5527 4041 5558 τί.

2459 5579 2704 5649 μιώτα-τα
2734 5579 2948 5629 videtur
2975 5580 3080 5630 diei
3115 5581 3256 5646 apud
3284 5576 3632 5646 Byzanbinos.
3665 5576 3950 5632 Ceilrenus
3974 5576 4040 5630 ll.

2457 5646 2939 5834 ϊῗῧὶὸῖλετιιιιίτιε
2973 5715 3054 5768 l9.
3090 5712 3149 5767 C.
3190 5713 3392 5767 Confer
3426 5724 3685 5782 prreterea
3719 5713 3960 5769 Leonem
3988 5719 4039 5772 4.

2514 5828 2523 5834 .
2575 5801 2613 5834 ι.
2699 5824 2710 5834 .

2514 5828 2523 5838 .
2575 5801 2710 5837 4.3.
