4178 6522
654 441 765 504 939

1911 426 2338 491 NICEPHORI
2395 425 2686 486 PHOCE.

3836 409 3948 472 940

653 556 845 621 agunt,
881 547 974 602 sed
1018 547 1180 600 etiam
1232 558 1355 614 quae
1409 541 1629 613 longius
1679 539 1836 612 193
1871 540 2090 605 absunt,
2137 539 2248 595 cito

2360 536 2623 610 λήψεσθαι
2654 536 2861 607 χώραν.
2900 531 3112 595 Ἄλλως
3139 546 3197 583 τε
3218 527 3274 583 δὲ
3298 527 3393 582 καὶ
3417 525 3486 581 τὰ
3511 522 3620 580 τῶν
3653 523 3950 593 Ῥωμαίων

654 647 1057 712 congregantur
1089 654 1102 690 ε
1129 648 1472 705 numeroque
1499 641 1767 704 quantum
1803 639 2022 701 oportet
2066 638 2243 684 auct-ee

653 744 798 791 recte
837 730 1030 787 instrui
1073 744 1136 785 ac
1187 729 1369 799 parari
1401 727 1466 782 ad
1491 726 1693 780 bellum
1731 732 1987 796 possunt.
2019 722 2084 777 Et
2113 732 2244 776 tunc

653 829 852 897 potius,
881 823 1347 895 quemadmodum
1381 820 1588 874 dictum
1633 826 1737 883 est,
1769 818 1850 873 vel
1883 815 2118 872 interdiu
2157 814 2242 869 vel

654 928 814 977 nocte
867 919 1226 974 commissum
1282 929 1406 970 cum
1469 912 1580 967 illis
1631 911 1882 983 pratlium
1936 909 2242 964 indubitata

653 1010 884 1065 victoria
925 1013 1316 1076 consequetur.
1352 1002 1724 1069 Quamobrem
1761 1001 1870 1056 dux
1903 1000 1972 1053 ab
2021 997 2129 1052 illis
2158 1010 2243 1050 re-

650 1102 950 1159 deuntibus
972 1099 1246 1154 facessere
1287 1110 1570 1166 nunquam
1603 1094 1783 1149 debet.
1812 1092 2038 1152 Contra.
2068 1089 2242 1144 hosti-

653 1198 757 1252 bus
792 1191 1232 1262 irrumpentibus
1290 1203 1585 1245 occurrere
1638 1187 1692 1242 in
1745 1183 2022 1256 angustiis
2078 1182 2238 1248 velle,

654 1303 852 1343 manus
908 1285 1266 1342 conserendae
1317 1297 1512 1346 causa,
1571 1281 1760 1336 minus
1805 1276 2146 1334 conveniens
2184 1275 2239 1330 id

650 1379 873 1450 quidem
933 1387 1038 1441 est,
1073 1383 1240 1444 atque
1303 1373 1522 1429 eveniet
1571 1371 1832 1435 fortasse,
1872 1378 1934 1425 ut
1985 1378 2131 1424 totus
2178 1365 2246 1422 ad

653 1472 870 1526 irritqu
905 1469 1064 1522 radat
1098 1467 1256 1521 labor
1292 1484 1306 1520 :
1335 1465 1482 1537 quod
1520 1480 1628 1518 non
1659 1472 1769 1518 tam
1798 1463 1905 1517 cito
1937 1476 2242 1532 paucorum

651 1565 866 1619 dierum
933 1562 1112 1632 spatio
1191 1559 1314 1628 cogi
1389 1558 1644 1628 justeque
1703 1554 1900 1611 instrui
1972 1555 2245 1625 peditatus

651 1665 856 1724 potest.
883 1654 1129 1718 Accedit,
1165 1650 1312 1720 quod
1359 1649 1586 1704 maximi
1619 1647 1880 1702 momenti
1913 1655 2016 1712 est,
2051 1646 2240 1700 hostes

656 1764 806 1814 tunc,
839 1757 900 1802 ut
943 1747 1188 1814 integros
1229 1743 1464 1798 necdum
1498 1741 1670 1796 armis
1702 1741 2014 1802 destitutos,
2045 1736 2240 1792 diﬂici-

653 1844 760 1897 lius
797 1839 1135 1912 impugnari.
1177 1839 1254 1891 Ex
1310 1837 1482 1890 altera
1529 1845 1710 1889 autem
1745 1844 1899 1903 parte
1949 1832 2242 1886 utilitatem

2355 633 2746 707 στρατεύματα
2793 632 2852 684 ὲν
2899 631 2966 701 τῇ
3018 628 3130 682 τῶν
3177 624 3404 699 ἡμερῶν
3456 619 3763 692 παρατάσει
3791 617 3838 649 ⁸⁸
3883 616 3950 669 οὐ

2355 728 2518 797 μόνον
2543 729 2608 779 τὰ
2638 722 2868 794 πλησίον
2901 721 3011 776 τῶν
3044 719 3383 790 κλεισουρῶν
3412 716 3598 786 τάχιον
3633 708 3950 780 ἐπισωρεύ-

2351 838 2522 884 ονται,
2556 817 2691 872 ἀλλὰ
2717 816 2812 872 καὶ
2841 817 2911 870 τὰ
2939 815 3130 888 πόρρω
3161 812 3521 883 τυγχάνοντα·
3557 807 3652 861 καὶ
3687 807 3767 868 εις
3801 803 3951 872 πλῆ·

2353 912 2444 975 θος
2473 911 2921 966 ὲπισυνίστανται
2950 907 3134 961 ἱκανὸν
3155 948 3168 970 ,
3205 907 3299 959 καὶ
3327 900 3507 965 καλῶς
3535 900 3675 971 πρὸς
3706 897 3952 964 πόλεμον

2353 1003 2707 1075 ἐξαρτύονται
2736 1003 2831 1056 καὶ
2863 998 3404 1072 παρασκευάζονται.
3433 993 3544 1047 Καὶ
3565 992 3686 1045 τότε
3719 987 3950 1059 μᾶλλον,

2352 1098 2605 1169 καθάπερ
2650 1097 2997 1168 προέφημεν,
3044 1093 3139 1147 καὶ
3191 1094 3248 1146 έν
3293 1089 3480 1161 ἡμέρᾳ.
3512 1086 3608 1140 καὶ
3638 1085 3697 1138 ὲν
3727 1079 3888 1135 νυκτὶ
3921 1081 3952 1130 ὁ

2353 1193 2478 1248 κατ’
2512 1191 2692 1246 αὐτῶν
2727 1189 2965 1258 πόλεμος
2998 1186 3323 1240 ἀδίστακτον
3356 1182 3469 1252 ἔχει
3503 1177 3602 1249 τὴν
3636 1176 3813 1244 νίκην.
3856 1171 3952 1223 Διὸ

2352 1285 2459 1356 χρὴ
2493 1285 2586 1338 τὸν
2619 1281 2928 1355 στρατηγὸν
2965 1278 3195 1350 μηδέπω
3225 1277 3282 1329 ὲν
3311 1278 3379 1345 τῇ
3414 1269 3731 1341 ὑποστροφῇ
3773 1280 3952 1356 κατα-

2353 1355 2672 1450 λιμπάνειν.
2730 1376 2804 1428 Τὸ
2848 1374 2904 1427 δὲ
2963 1373 3021 1425 ὲν
3073 1373 3140 1441 τῇ
3183 1365 3460 1434 ἐξελεύσει
3507 1363 3616 1415 τῶν
3672 1355 3954 1426 πολεμίων

2356 1467 2880 1543 παρασκευάζεσθαι
2908 1463 3303 1537 προσυπαντᾷν
3333 1459 3529 1520 αὐτοὺς
3551 1453 3687 1526 πρὸς
3709 1451 3953 1518 πόλεμον

2355 1567 2413 1618 ὲν
2441 1565 2554 1625 τοῖς
2586 1559 2932 1630 πενὼμασιν
2953 1597 2969 1621 ,
3007 1552 3516 1623 ἀνεπιτηδειότερον
3552 1545 3650 1617 μὲν
3682 1543 3818 1606 ἔστι,
3854 1541 3954 1591 καὶ

2354 1657 2434 1718 εἰς
2467 1654 2645 1725 μάτην
2686 1652 2818 1717 ἴσως
2848 1652 2940 1704 τὸν
2968 1649 3138 1704 κόπον
3175 1643 3373 1714 συνέϐη
3402 1637 3720 1710 γίγνεσθαι·
3765 1630 3954 1725 etii—.2:

2358 1746 2432 1818 μὴ
2473 1724 2662 1808 οὕτως
2718 1743 3000 1814 συντόμως
3049 1741 3120 1793 δι’
3167 1738 3368 1805 ὀλίγων
3417 1730 3645 1804 ἡμερῶν
3686 1724 3952 1781 δύνασθαι

2354 1839 2414 1891 τδ
2448 1837 2676 1901 πεζικὸν
2723 1832 3182 1904 ωναθροισθῆναι
3218 1827 3571 1898 στράτευμα,
3624 1820 3720 1874 καὶ
3765 1815 3954 1876 καλῶς

651 1909 1216 2002 commoditatetnque
1256 1929 1420 1984 habet
1474 1927 1646 1986 illam.
1678 1935 1737 1980 ut
1770 1924 1944 1979 timidi
1987 1926 2139 1988 (iant,
2173 1923 2244 1987 si,

2360 1926 2904 1999 παρασκευασθῆναι.
2955 1922 3166 1985 Ἀλλως
3220 1937 3279 1973 τε
3327 1918 3386 1971 δὲ
3431 1917 3526 1970 καὶ
3577 1915 3629 1966 οἱ
3674 1909 3948 1979 πολέμιοι,

653 2026 1096 2097 quotiescunque
1147 2034 1440 2090 erumpere
1494 2018 1698 2081 velint,
1747 2015 2015 2087 angustia:
2073 2016 2244 2070 armis

656 2129 972 2185 teneantur,
1009 2127 1179 2187 utque
1205 2115 1357 2170 brevi
1383 2113 1678 2168 continuas
1707 2112 1760 2165 in
1795 2110 2109 2181 provincias
2137 2107 2246 2161 [lo-

654 2230 846 2270 mnnas
869 2211 1225 2268 incursiones
1245 2207 1634 2262 intermittant.

2353 2020 2602 2088 ἀκμῆτες
2632 2018 2786 2080 ὄντες
2828 2017 2923 2070 καὶ
2961 2011 3365 2085 ἀπαρόπλιστοι
3399 2008 3512 2079 (9),
3541 1999 3954 2069 δυσκαταγώνι-

2356 2127 2473 2164 στοι
2518 2111 2756 2163 ἔσονται.
2803 2107 2963 2160 Κατὰ
3008 2105 3167 2159 τοῦτο
3207 2105 3264 2157 δὲ
3309 2103 3370 2155 τὸ
3401 2099 3675 2169 ὠφέλιμον
3707 2095 3822 2164 ἔχει
3855 2091 3955 2144 καὶ

2357 2205 2631 2274 χρήσιμον
2653 2245 2668 2266 ,
2697 2201 2832 2255 καθὸ
2861 2197 3137 2270 έμφόὸους
3169 2197 3370 2258 αὐτοὺς
3409 2191 3726 2263 γίγνεσθαι.
3758 2186 3954 2245 ὁσάκις

651 2313 716 2364 ἂν
753 2307 1091 2380 βουληθῶσιν
1126 2302 1384 2370 ἐξελθεῖν,
1421 2304 1486 2371 τῇ
1524 2297 1858 2369 κατασχέσει
1894 2297 2003 2351 τῶν
2049 2294 2432 2365 στενωμάτων,
2466 2297 2561 2349 καὶ
2591 2295 2691 2366 τὴν
2751 2292 2868 2364 μετ’
2929 2291 3112 2361 ὀλίγον
3178 2290 3436 2344 ἑκκοπεῖν
3465 2283 3609 2340 κατὰ
3670 2283 3780 2336 τῶν
3817 2279 3951 2332 Ῥω-

656 2405 872 2477 μαϊκῶν
898 2402 1152 2472 θεμάτων
1191 2397 1390 2466 συνεχῆ
1418 2396 1715 2462 ὲξέλευσιν.

653 2524 781 2578 (in.
831 2519 893 2575 ν.
931 2517 1010 2572 De
1041 2515 1504 2587 prwoccupatione
1549 2525 1812 2580 aquarum
1855 2510 1910 2562 in
1955 2506 2244 2579 angustiis.

732 2699 947 2767 Quibus
982 2708 1168 2754 autem
1207 2695 1341 2752 locis
1366 2692 1744 2764 angustiarum
1776 2698 1832 2746 et
1865 2688 2107 2744 faucium
2139 2685 2251 2740 dux

655 2798 858 2853 bellqu
889 2793 1137 2856 instruit,
1177 2791 1222 2846 si
1255 2791 1324 2846 iis
1360 2789 1414 2843 iu
1448 2789 1584 2842 locis
1612 2786 1741 2840 fons
1776 2792 1862 2840 est
1891 2797 2093 2853 aquam
2126 2796 2254 2835 eru-

656 2901 834 2956 ctans,
867 2903 992 2942 eum
1034 2886 1103 2940 ab
1150 2884 1396 2939 exercitu
1433 2880 1812 2950 occupandum
1857 2889 2036 2941 curet,
2073 2885 2134 2931 ut
2169 2875 2253 2930 sui

658 2981 785 3035 inde
841 2980 1042 3035 milites
1097 2977 1290 3048 aquari
1339 2975 1572 3046 possint.
1625 2973 1686 3028 Si
1741 2973 1986 3027 tenuiter
2040 2980 2250 3035 manat,

655 3091 876 3147 operam
904 3075 994 3129 det
1028 3089 1094 3127 ne
1124 3073 1393 3135 turbetur,
1423 3069 1569 3122 unde
1602 3065 2036 3121 incommoditas
2063 3077 2255 3117 neces-

657 3171 908 3240 sitasque
959 3167 1102 3222 haud
1137 3180 1305 3235 parva
1339 3162 1600 3217 exercitui
1654 3159 1920 3215 obvenire
1953 3164 2156 3229 potest.
2198 3154 2256 3211 Si

2350 2505 2510 2558 ΚΕΦ.
2561 2503 2640 2556 E'.
2691 2499 2830 2568 Περὶ
2867 2493 3416 2568 προκατασχέσεῳς
3447 2491 3704 2557 ὑδάτων,
3736 2486 3859 2542 τῶν
3881 2488 3957 2542 ἐν

2755 2564 2882 2637 τοῖς
2907 2564 3300 2637 στενώμασιν
3339 2564 3551 2617 ὄντων.

2441 2684 2529 2736 Ἐν
2563 2677 2645 2746 οἷς
2680 2683 2738 2734 δὲ
2784 2681 2972 2742 τόποις
3015 2678 3128 2731 τῶν
3161 2676 3526 2747 στενωμάτων
3568 2674 3661 2727 καὶ
3701 2673 3958 2726 κλεισου-

2357 2777 2468 2848 ρῶν
2515 2776 2653 2845 πρὸς
2701 2774 2941 2844 πόλεμον
2988 2774 3015 2825 ὁ
3059 2771 3370 2842 στρατηγὸς
3426 2769 3956 2840 παρασκευάζεται,

2361 2873 2520 2940 εἴπερ
2543 2871 2600 2922 ὲν
2634 2869 2846 2931 τούτοις
2877 2867 3030 2937 πηγή
3063 2868 3210 2919 ἐστιν
3243 2863 3389 2932 ὕδωρ
3419 2861 3684 2933 βρύουσα,
3727 2860 3833 2914 ὑπὸ
3860 2860 3957 2912 τοῦ

2366 2964 2500 3016 ἰδίου
2532 2961 2662 3016 λαοῦ
2697 2960 2902 3031 ταύτην
2938 2959 3214 3029 σπουδάσῃ
3251 2956 3690 3026 κατασχεθῆναι,
3722 2952 3865 3006 ὥστε
3896 2951 3961 3004 τὸ

2363 3053 2572 3106 ἐκεῖθεν
2607 3050 2751 3122 ὕδωρ
2781 3051 2870 3103 τὺν
2910 3050 3039 3103 λαὸν
3075 3049 3444 3119 άπαρύεσθαι.
3480 3045 3542 3099 Εἰ
3577 3046 3633 3098 δὲ
3667 3044 3806 3114 τύχῃ
3847 3043 3954 3094 ὀλι-

2365 3147 2562 3216 γοστὸν
2593 3143 2755 3212 εἶναι,
2787 3143 3068 3211 σπουδὰσῃ
3100 3142 3174 3213 μὴ
3204 3138 3586 3194 ὲπιθολοῦσθαι
3619 3137 3780 3190 τοῦτο
3805 3178 3818 3198 ,
3859 3137 3959 3188 καὶ

660 3279 766 3316 nnn
803 3219 1008 3316 subest
1063 3257 1189 3312 forts
1246 3254 1583 3326 propinquis
1638 3252 1797 3316 locis,
1852 3219 1997 3304 unde
2061 3257 2248 3317 potum

2360 3242 2436 3304 ὼς
2467 3239 2540 3311 μὴ
2567 3239 2627 3292 οὐ
2663 3237 2836 3309 μικρὰ
2868 3238 2931 3290 ὲκ
2954 3235 3148 3290 τούτου
3178 3235 3325 3305 λύπη
3347 3233 3436 3287 τὸν
3464 3231 3593 3285 λαὸν
3619 3231 3713 3284 καὶ
3735 3231 3955 3300 ἀνάγκη

659 3354 1247 3424 reirigerationemque
1313 3345 1474 3418 194
1512 3346 1715 3400 milites
1773 3344 2009 3413 capiant,
2062 3341 2251 3395 zestivo

659 3446 964 3517 prwsc-rtim
1026 3455 1307 3512 tempore,
1363 3440 1555 3510 jubeat
1607 3437 1660 3490 in
1693 3435 1940 3506 qualibet
2000 3433 2250 3487 centuria

659 3551 810 3595 utres
834 3553 954 3594 esse
978 3538 1187 3598 decem,
1213 3533 1415 3604 quibus
1439 3538 1686 3602 portetur
1711 3543 1875 3598 aqua,
1899 3534 2252 3595 temporeque

661 3649 853 3706 pugnae
884 3631 951 3686 iis
974 3629 1068 3700 qui
1097 3629 1150 3682 in
1185 3627 1300 3681 acie
1325 3631 1642 3687 versantur,
1678 3633 1840 3691 potus
1869 3619 2252 3690 refrigeriique

659 3741 826 3781 causa
858 3722 1248 3778 distribuatur.
1290 3715 1492 3772 Verum
1523 3716 1591 3770 de
1627 3717 1717 3780 iis,
1745 3729 1866 3783 qua:
1898 3714 1950 3766 in
1983 3712 2252 3781 angustiis

660 3815 922 3872 constitui
974 3811 1272 3866 dimicandi
1315 3824 1482 3863 causa
1526 3807 1747 3871 debent,
1800 3806 1916 3859 haec
1956 3801 2250 3858 sutliciant.

659 3910 864 3978 ρης).Ιεὶ
924 3907 1091 3962 etiam
1158 3913 1324 3956 noctu
1375 3902 1426 3955 in
1468 3897 1741 3970 ejusmodi
1793 3898 1928 3952 locis
1978 3894 2255 3964 impeditis

664 4012 882 4056 manum
913 4011 1204 4054 conserere
1236 4003 1508 4064 oporteat,
1537 4008 1600 4047 ea
1629 3992 1743 4061 ipsa
1776 3990 1932 4044 utilia
1956 3987 2250 4043 admodum

660 4110 783 4150 esse
845 4098 1123 4162 poterunt.
1182 4086 1384 4141 Verum
1436 4085 1502 4138 de
1559 4081 1918 4138 dimicatione
1985 4087 2254 4134 nocturna

660 4199 934 4256 exponam
984 4182 1095 4236 alio
1127 4180 1325 4249 capite.
1373 4175 1530 4230 Nunc
1559 4190 1667 4245 qua
1698 4175 1915 4228 ratione
1945 4169 2252 4227 consectari

663 4282 849 4334 hostes
894 4275 1122 4339 debeas,
1160 4272 1345 4326 dicere
1377 4270 1598 4324 ordiar:
1631 4282 1752 4338 qua:
1782 4266 1919 4321 ratio
1955 4273 2015 4319 ut
2043 4263 2256 4335 peruti-

664 4373 728 4424 lis
781 4384 846 4423 ac
895 4365 1209 4421 necessaria
1244 4373 1350 4430 est,
1396 4360 1702 4426 ita-eilicit,
1737 4369 1797 4414 ut
1831 4359 2055 4430 parvula
2102 4356 2256 4411 infir-

664 4476 866 4532 maque
905 4458 1118 4527 objecta
1140 4473 1307 4510 manu
1340 4456 1531 4525 ingens
1555 4455 1795 4509 hostium
1825 4453 2118 4508 multitudo
2147 4468 2252 4506 non

2361 3332 2822 3403 ὲπισυμϐήσεται.
2857 3331 3048 3401 Πηγῆς
3081 3329 3138 3382 δὲ
3174 3328 3402 3396 ἔγγιστα
3444 3327 3520 3397 μὴ
3567 3324 3730 3393 οὔσης
3751 3365 3766 3389 ,
3799 3323 3858 3387 ἐξ
3889 3319 3958 3393 ἧς

2360 3431 2460 3491 τὴν
2490 3428 2650 3481 πόσιν
2683 3428 2777 3480 καλ⁷
2807 3424 3089 3496 ἀναψυχὴν
3124 3423 3213 3496 [Ρ.
3247 3420 3372 3494 HS]
3406 3424 3433 3475 ὁ
3469 3420 3596 3482 λαὸς
3625 3418 3956 3488 ὲφευρίσκῃ,

2361 3523 2456 3576 καὶ
2504 3519 2742 3590 μάλιστα
2771 3520 2828 3571 ἐν
2856 3517 3035 3588 καιρῷ
3077 3516 3272 3587 θέρους
3293 3556 3308 3581 ,
3341 3514 3543 3576 ἀσκοὺς
3573 3511 3870 3582 διορισάτω
3901 3511 3958 3561 ἐν

2363 3615 2568 3683 ἑκάστῃ
2601 3609 3000 3680 ἑκατονταρχία
3030 3607 3163 3660 δέκα
3190 3605 3549 3676 ἐπιφέρεσθαι
3575 3645 3590 3668 ,
3625 3602 3720 3654 καὶ
3751 3601 3820 3654 δι’
3852 3601 3955 3654 αὒ-

2360 3706 2470 3759 τῶν
2511 3705 2568 3757 τὺ
2600 3703 2745 3773 ὕδωρ
2777 3698 3201 3770 ὲπικομέξεσθαι
3224 3740 3236 3764 ,
3270 3697 3364 3750 καὶ
3397 3698 3453 3749 ὲν
3481 3695 3600 3766 ὥρα
3631 3694 3729 3763 τῆς
3775 3694 3958 3762 μάχης

2365 3805 2445 3866 εις
2475 3803 2634 3855 πόσιν
2663 3800 2758 3852 καὶ
2781 3797 3065 3867 ἀναψυχὴν
3095 3797 3208 3856 τοῖς
3243 3797 3302 3848 ὲν
3325 3793 3404 3862 τῷ
3433 3793 3657 3862 πολέμῳ
3689 3791 3960 3858 ἀγωνιζο-

2369 3895 2550 3966 μένοις
2585 3889 3059 3962 ὲπιχορηγεῖσθαι.
3109 3887 3273 3940 Ἀλλὰ
3305 3887 3433 3956 περὶ
3472 3885 3570 3956 μὲν
3609 3883 3717 3936 τῶν
3749 3884 3808 3936 ὲν
3847 3885 3960 3944 τοῖς

2366 3985 2676 4056 στενὼμασι
2721 3984 3029 4055 μελλόντων
3079 3981 3217 4051 πρὸς
3273 3978 3510 4048 πόλεμον
3555 3975 3959 4046 ἐξαρτύεσθαι.

2368 4081 2568 4142 ἱκανῶς
2608 4077 2870 4150 εἰρήσθω.
2909 4078 2971 4130 Et
3005 4077 3061 4130 δὲ
3093 4076 3188 4130 καὶ
3222 4073 3630 4142 νυκτοπόλεμον
3665 4070 3852 4139 δεήσει
3901 4068 3962 4118 ὲν

2364 4177 2486 4236 ταῖς
2512 4172 2788 4234 τοιαύταις
2827 4169 3158 4239 δυσχωρίαις
3184 4166 3466 4235 γενέσθαι,
3499 4164 3591 4216 καὶ
3619 4160 3780 4214 τοῦτο
3817 4159 3958 4212 πάνυ

2364 4265 2661 4335 ὠφέλιμον.
2703 4262 2864 4316 ’Λλλὰ
2892 4261 3021 4331 περὶ
3056 4260 3153 4330 μὲν
3184 4257 3392 4312 τούτων
3424 4260 3481 4308 ὲν
3512 4255 3676 4324 ἑτέρα
3701 4252 3960 4321 διηγήσει

2364 4359 2613 4429 δηλώσω.
2642 4358 2754 4427 Τῆς
2781 4357 2838 4409 δὲ
2866 4354 3230 4428 παραδρομῆς
3252 4352 3489 4424 ἄρξομαι
3517 4349 3615 4418 τὴν
3642 4349 3959 4417 εἰσήγησιν·

2364 4453 2486 4523 ἣτις
2521 4449 2811 4520 ἐπωφελὴς
2846 4450 2940 4503 καὶ
2966 4447 3242 4515 ἀναγκαία
3272 4445 3643 4514 τυγχάνουσα,
3673 4440 3741 4493 δι’
3774 4439 3960 4505 ὀλίγον

663 4530 829 4607 modo
876 4550 1014 4606 nihil
1080 4549 1354 4619 proﬁciat,
1404 4547 1502 4602 sed
1567 4547 1736 4602 etiam
1781 4547 2108 4615 plerumque
2159 4543 2248 4598 Dei

2367 4542 2461 4594 καὶ
2501 4539 2877 4610 εὐαριθμήτου
2922 4537 3053 4590 λαοῦ
3105 4535 3277 4590 πολλὰ
3320 4536 3428 4587 τῶν
3463 4532 3742 4600 πολεμίων
3776 4530 3958 4600 πλήθη

2375 4636 2386 4647 α
2620 4635 2640 4647 ς
3029 4629 3085 4647 Iv
3216 4626 3348 4647 n-_",
3416 4625 3467 4647 91
3522 4624 3696 4647 -.-Α---
3761 4622 3836 4647 -².-
3894 4624 3958 4647 -L

666 4647 890 4702 numine
914 4645 1179 4700 fundatur
1211 4643 1562 4712 fugeturque.

2363 4635 2670 4703 ἀπρακτεῖν
2722 4629 3173 4702 παρασκευάζει,
3215 4626 3351 4681 Θεοῦ
3412 4625 3469 4678 δὲ
3522 4624 3702 4676 νεύσει
3759 4622 3836 4685 ὡς
3894 4624 3960 4674 τὰ

2362 4726 2533 4780 πολλὰ
2565 4727 2657 4779 καὶ
2691 4724 3148 4793 καταγωνίζεται.

666 4852 797 4907 ιλιι).
827 4849 917 4903 \‘l.
954 4848 1028 4902 [te
1060 4845 1410 4901 consectando
1441 4841 1671 4912 equestri
1693 4855 1925 4910 agmme,
1956 4838 2103 4918 quod
2119 4855 2248 4918 prae-

2363 4844 2526 4918 ΚΕΦἶ
2569 4841 2660 4909 εἶ’.
2709 4841 2850 4908 Περὶ
2892 4836 3296 4918 παραδρομῆς
3338 4836 3459 4917 τῷν
3493 4834 3955 4918 μοῖοκΟὐριῖωικ

735 4928 923 4974 datum
963 4921 1226 4984 incurrat,
1274 4928 1321 4971 et
1365 4931 1467 4986 quo
1500 4923 1657 4984 pacto
1709 4928 1990 4965 numerum
2031 4911 2263 4964 militum

735 4993 849 5060 ejus
881 4994 1016 5044 inire
1039 4992 1237 5057 possis.

738 5105 1073 5160 Praedatoria
1134 5102 1354 5174 agmina
1407 5101 1671 5162 hostium,
1737 5112 1861 5166 quze
1921 5111 2251 5151 monocursa

669 5209 936 5252 vocantur
968 5207 1021 5252 et
1073 5196 1277 5266 absque
1329 5193 1577 5263 peditatu
1619 5207 1648 5246 e
1685 5191 1800 5245 suis
1847 5189 2051 5244 ﬁnibus
2075 5205 2262 5243 erum-

2435 4914 2532 4967 καὶ
2564 4905 2920 4982 στοχασμοῦ
2963 4905 3071 4978 τῆς
3101 4905 3216 4962 τοῦ
3252 4907 3409 4962 λαοῦ
3443 4905 3643 4960 αὐτῶν
3687 4905 3955 4970 ποσότη-

3097 4997 3220 5043 τος.

2436 5096 2517 5149 Τὰ
2572 5095 2680 5148 τῶν
2737 5095 3013 5164 πολεμῖων
3073 5093 3284 5164 κοῦρσα
3335 5095 3406 5146 τε
3465 5091 3734 5159 λεγόμενα
3796 5088 3957 5156 μονό-

2371 5204 2580 5258 κουρσα
2603 5187 2712 5257 (10)
2745 5187 2854 5241 ἀπὸ
2879 5189 2975 5256 τῆς
3008 5187 3140 5250 ἰδίας
3167 5185 3352 5256 χώρας
3381 5184 3737 5253 ἐξερχόμενα.
3775 5180 3958 5242 πξζττιν

1898 5335 1960 5388 C.
2001 5334 2061 5388 Β.
2093 5332 2274 5388 HAS"
2308 5332 2868 5389 ANNOTATIONES.

737 5496 782 5526 ’⁸
815 5487 1298 5564 παραστάσειοεοᾱ.

751 5629 827 5701 (9)
863 5625 1204 5701 Vocabulum
1238 5621 1486 5701 nondum
1530 5627 1815 5701 receptum
1870 5615 2207 5701 innlzcxica,
2239 5632 2271 5671 a

673 5686 1017 5771 παροπλίζω,
1059 5711 1300 5771 cacarmo,
1342 5691 1489 5763 quod
1536 5686 1726 5745 notum
1782 5699 1884 5744 est.
1941 5686 2073 5742 Vide
2122 5688 2266 5741 intra

668 5772 734 5826 C.
759 5769 1220 5838 ’παριππαράτοφ

747 5830 866 5909 (10)’
887 5830 1266 5908 Μονόκουρσα,
1293 5844 1350 5909 ut
1369 5843 1601 5909 patetcx
1628 5832 1768 5909 serie
1793 5830 2076 5909 orationis,
2105 5837 2253 5909 sunt,

672 5901 894 5982 quando
928 5901 1164 5966 hostium
1199 5901 1414 5977 equites
1445 5906 1570 5974 soli,
1610 5906 1816 5975 absque
1847 5901 2115 5972 peditatu.
2170 5901 2254 5956 iu-

2382 5616 2700 5673 cursionem
2737 5614 2969 5670 faciunt.
3003 5613 3099 5670 Est
3130 5615 3279 5671 enim
3310 5614 3564 5682 κοῦρσος,
3590 5629 3685 5668 seu
3719 5614 3960 5686 κοῦρσον

2379 5687 2991 5758 impressiosubitaria.
3025 5686 3182 5751 Quod
3220 5686 3628 5758 nonqintellexit
3681 5686 3959 5758 interpres

2371 5756 2652 5813 Achmetis
2677 5756 2932 5812 Onirocr.
2969 5757 3094 5814 261.
3131 5758 3196 5811 A.
3233 5756 3509 5809 ἐλεύσεται
3567 5757 3760 5825 ἐχθρὸς
3796 5756 3960 5828 δίκην

2371 5829 2629 5901 κούρσου,
2661 5829 2892 5901 ridicule
2927 5839 3162 5890 vertens.
3198 5829 3373 5881 instar
3405 5829 3719 5881 animalculi
3761 5830 3960 5884 ritibus

2366 5900 2568 5969 infami,
2601 5900 2736 5972 quod
2759 5915 2959 5954 cert-um
3001 5909 3211 5955 vocant.
