4178 6522
705 428 766 486 94
779 430 810 487 3

704 555 868 600 tatem
912 542 1089 597 facere
1119 537 1429 595 introeundi

705 639 840 693 lines
899 644 1114 691 nostros
1181 631 1557 702 adjacentibus
1625 642 1914 702 praesunt,
1975 634 2272 688 amicitiam

702 729 1025 786 contrahere
1057 744 1069 779 :
1101 725 1343 780 scribere
1382 725 1447 778 ad
1484 724 1628 788 illos,
1661 724 1910 780 homines
1957 740 2080 780 cum
2116 726 2276 780 donis

703 825 914 877 mittere
944 838 957 873 :
986 829 1041 873 ut
1071 818 1156 873 his
1181 819 1347 872 variis
1373 817 1679 873 actionibus
1709 833 1831 872 cum
1855 818 2081 873 consilia
2112 826 2276 887 atque

698 915 1053 984 cogitationes
1111 911 1392 971 hostium,
1449 919 1564 964 tum
1642 924 1930 965 numerum
1991 911 2272 980 copiarum

695 1005 1035 1076 equestrium
1081 1013 1135 1059 et
1176 1002 1509 1073 pedestrium
1565 1018 1686 1072 qua:
1729 1013 2012 1073 cogantur,
2048 1004 2275 1074 pmice-

697 1110 892 1169 tusquc
926 1111 1136 1159 earum,
1169 1103 1224 1150 et
1281 1095 1336 1149 in
1371 1111 1508 1164 quas
1536 1096 1850 1166 provincias
1900 1097 2270 1150 incursionem

695 1192 875 1246 facere
906 1189 1264 1252 instituerint,
1290 1189 1449 1258 plane
1479 1189 1588 1242 dux
1636 1189 1932 1256 perdiscat.
1961 1189 2039 1243 lta
2069 1190 2272 1244 certior

696 1284 894 1350 lactus,
925 1297 1049 1336 cum
1077 1282 1144 1336 de
1166 1289 1312 1335 motu
1344 1282 1640 1345 exercitus,
1674 1288 1790 1334 tum
1818 1280 1885 1334 de
1916 1280 2130 1346 itinere,
2164 1296 2273 1350 quo

693 1379 746 1430 in
781 1380 912 1431 lines
935 1373 1368 1444 populilllomani
1389 1382 1700 1442 trrupturus
1729 1383 1832 1438 est,
1856 1373 2034 1438 debet,
2066 1375 2270 1430 coactis

692 1468 969 1533 munibus,
999 1465 1171 1534 copiis
1193 1465 1501 1534 adlimitem
1527 1466 1798 1535 progredi.
1820 1474 1873 1518 et
1898 1466 2011 1520 sive
2035 1476 2272 1519 turmar-

690 1558 848 1610 i-ltam
881 1556 1298 1626 peritissimum,
1333 1554 1491 1624 197
1525 1555 1639 1608 sive
1675 1554 1910 1624 aliquem
1955 1569 2021 1608 ex
2057 1557 2270 1625 magnis

694 1650 1047 1718 probatisque
1069 1646 1334 1718 praefectis
1352 1646 1701 1716 praemittere,
1723 1647 1816 1715 qui
1841 1661 1965 1700 cum
1995 1648 2270 1716 equitibus

694 1742 924 1795 delectis
962 1739 1220 1793 ‘bostibus
1262 1747 1535 1797 occurrat.
1569 1746 1860 1808 antequam
1912 1737 2269 1807 irruptionem

689 1833 741 1884 in
780 1830 1085 1901 provincias
1139 1837 1359 1885 nostras
1405 1827 1635 1884 fecerint
1679 1839 1785 1884 :ut
1813 1839 1865 1884 et
1908 1829 2270 1900 insequantur

1959 431 2384 494 NICEPHORI
2427 434 2690 494 Pl—lOCE

1477 558 1490 594 :
1535 554 1658 595 cum
1692 542 1902 607 amiris,
1938 543 2032 612 qui
2071 543 2264 612 oppidi:

2387 544 2774 610 ἀποστέλλειν,
2813 546 2930 615 ἦτοι
2971 544 3040 599 τά
3077 546 3366 602 τασινάκια
3389 590 3402 614 ,
3443 547 3536 601 καὶ
3576 547 3962 612 κατασκόπους

3857 433 3964 499 9ξ4

2381 637 2668 700 πλείστους
2702 637 2812 689 τῶν
2854 638 3141 708 χρησίμων
3193 641 3288 693 καὶ
3329 641 3555 693 πιστῶν.
3598 643 3963 713 Παραχωρείν

2378 730 2434 782 δὲ
2467 731 2560 782 καὶ
2599 731 3032 799 πραγματευτάς
3057 733 3424 802 είσέρχεσθαιο
3455 734 3868 803 προσποιεῖσθαι
3904 735 3963 787 δὲ

2381 823 2475 875 καὶ
2500 821 2679 890 φιλίαν
2707 821 2842 890 πρὸς
2872 824 3000 887 τοὺς
3025 823 3364 892 κρατοῦντας
3385 825 3680 896 ἀμηράδας
3706 826 3817 878 τῶν
3838 829 3965 889 ταῖς

2377 914 2578 981 ἄκραις
2616 912 2772 982 ήμῶν
2803 915 3230 984 παρακειμένων
3257 917 3544 987 κάστρων·
3593 920 3689 971 καὶ
3725 919 3965 988 γράφειν

2377 1003 2514 1073 πρὸς
2540 1005 2738 1069 αὐτοὺς
2763 1046 2778 1071 ,
2807 1007 2902 1059 καὶ
2943 1008 3267 1077 ἀνθρώπους
3297 1008 3434 1078 μετά
3479 1010 3780 1062 κανισκίων
3822 1010 3966 1062 ἀπο-

2379 1093 2652 1147 στέλλειν⁶
2699 1097 2848 1160 ὅπως
2891 1096 2981 1150 διὰ
3021 1099 3124 1167 τῆς
3173 1098 3492 1157 πολυειδοῦς
3535 1099 3740 1168 ταύτης
3792 1099 3964 1150 πολυ-

2377 1188 2775 1258 πραγμοσύνης
2798 1189 3003 1262 δυνηθῇ
3035 1191 3226 1264 σαφῶς
3255 1191 3705 1245 ἀναδιδάσκεσθαι
3733 1191 3828 1253 τὰς
3851 1192 3965 1242 τῶν

2375 1277 2650 1347 πολεμίων
2691 1279 2884 1349 βουλὰς
2931 1282 3024 1334 καὶ
3073 1282 3335 1350 μελέτας,
3389 1282 3484 1334 καὶ
3514 1280 3582 1332 τὰ
3614 1279 3796 1349 πλήθη
3845 1280 3961 1332 τῶν

2378 1369 2461 1441 [Ρ.
2495 1370 2620 1443 1Ξ7]
2653 1373 3142 1445 ἐπισωρευομένων
3187 1373 3492 1442 φωσσάτων
3525 1371 3740 1424 ἱππέων
3766 1387 3827 1423 τε
3864 1371 3963 1422 καὶ

2375 1463 2577 1528 πεζῶν,
2619 1465 2712 1517 καὶ
2753 1466 2877 1530 τοὺς
2926 1465 3133 1520 τούτων
3172 1465 3473 1535 ἀρχηγοὺς,
3523 1465 3619 1516 καὶ
3660 1463 3718 1513 ἐν
3772 1461 3963 1524 ποίαις

2373 1555 2580 1625 χώραις
2612 1557 2711 1626 τὴν
2735 1557 3018 1610 ἐπέλευσιν
3051 1559 3224 1610 ποιεῖν
3255 1558 3560 1627 βούλονται.
3588 1556 3932 1627 Καταμηνυό
3952 1584 3965 1594 ο

2376 1664 2534 1716 μενος
2580 1647 2635 1701 δέ
2677 1650 2776 1717 τὴν
2827 1649 2924 1701 τοῦ
2971 1650 3263 1719 φωσσάτου
3327 1652 3676 1718 ἀποκίνησιν,
3723 1651 3819 1700 καὶ
3867 1647 3958 1698 διὰ

2373 1738 2531 1802 ποίας
2560 1739 2679 1792 ὁδοῦ
2707 1740 2807 1811 τὴν
2841 1742 3115 1805 ὲξέλευσιν
3148 1743 3290 1795 κατά
3333 1743 3648 1812 Ῥωμανίας
3681 1742 3960 1796 ποιεῖσθαι

2375 1831 2577 1899 μέλλει,
2634 1833 2992 1900 ἐπισυνάγειν
3027 1833 3246 1888 ἅπαντα
3288 1835 3358 1886 τά
3403 1835 3816 1906 στρατεύματα,
3862 1836 3961 1885 καὶ

687 1924 829 1988 illos,
866 1931 920 1977 et
941 1921 1317 1991 spcculentur,
1349 1929 1404 1977 et
1440 1931 1618 1977 motus
1655 1921 1874 1976 illorum
1905 1921 2031 1977 duci
2068 1937 2264 1976 renun-

2376 1921 2512 1992 πρὸς
2560 1921 2660 1985 τὰς
2711 1923 2887 1994 ἄκρας
2945 1925 3376 1994 παραγίνεσθαι,
3421 1925 3776 1978 ἀποστέλλειν
3821 1924 3878 1977 δέ
3911 1925 3956 1955 ³⁸

694 2017 850 2069 tient.

2376 2013 2732 2084 τουρμάρχην
2785 2016 3215 2085 ἐμπειρότατον,
3269 2017 3381 2068 είτε
3429 2017 3624 2088 ἔτερόν
3674 2034 3799 2071 τινα
3845 2015 3958 2068 τῶν

689 2106 945 2174 μεγάλων
971 2106 1062 2158 καὶ
1091 2104 1376 2176 χρησίμων
1403 2103 1715 2176 ἀρχόντων,
1752 2104 1890 2174 μετά
1947 2104 2158 2157 ίππέων
2217 2106 2518 2159 ἐπιλέκτων
2562 2107 3021 2178 προσυπαντῆσαι
3085 2112 3198 2173 τοῖς
3240 2109 3523 2180 πολεμίοις
3585 2108 3691 2176 πρὸ
3729 2107 3823 2162 τοῦ
3857 2106 3959 2174 τὴν

685 2199 934 2270 εἰσϐολὴν
965 2202 1044 2262 εἰς
1087 2203 1186 2264 τὰς
1222 2201 1381 2270 ἡμῶν
1416 2200 1602 2271 χώρας
1644 2200 2013 2271 ποιήσασθαι·
2048 2201 2137 2255 ἵνα
2205 2205 2300 2257 καὶ
2340 2203 2780 2257 ἐπακολτουθῶσιν
2833 2205 3018 2268 αὐτοῖς
3043 2245 3057 2270 ,
3111 2207 3207 2258 καὶ
3273 2206 3672 2276 παραμένωσι,
3715 2206 3808 2258 καὶ
3855 2204 3958 2265 τὰς

684 2296 1040 2365 ἁποκινήσεις
1067 2297 1244 2349 αὐτῶν
1274 2295 1350 2366 τῷ
1382 2297 1673 2368 στρατηγῷ
1707 2298 2152 2367 καταμηνύωσιν.

681 2411 810 2466 CAP.
847 2408 978 2464 VIII.
1019 2410 1093 2464 De
1135 2411 1338 2463 ratione
1387 2411 1693 2493 observandi
1737 2422 1891 2481 atque
1949 2411 2256 2482 insequendi

1319 2493 1550 2535 exercuu
1559 2499 1628 2534 ιη.

753 2573 1091 2631 Ubservaudi
1129 2573 1181 2626 hi
1229 2580 1354 2627 sunt
1405 2573 1550 2628 hunc
1598 2573 1652 2626 in
1683 2574 1939 2628 modum:
1975 2572 2113 2628 Dum
2151 2573 2259 2628 dux

681 2680 807 2720 cum
860 2663 1116 2718 omnibus
1169 2661 1344 2731 copiis
1387 2677 1481 2730 per
1537 2660 1718 2717 locum
1772 2673 2141 2733 opportunum
2196 2678 2260 2716 ac

684 2757 951 2811 munitum
984 2755 1134 2825 juxta
1168 2754 1270 2807 iter
1299 2753 1448 2817 facit,
1487 2754 1684 2824 pagani
1711 2764 1892 2809 autem
1920 2770 2046 2809 cum
2083 2754 2262 2809 omni-

687 2850 790 2903 bus
828 2847 944 2903 suis
982 2847 1276 2918 pecoribus
1309 2846 1451 2900 intra
1498 2846 1719 2915 oppida,
1750 2855 1862 2912 aut,
1891 2848 1938 2902 si
1991 2848 2136 2901 nulla
2166 2861 2267 2916 op-

683 2945 805 3011 pida
835 2945 1086 3006 subsunt,
1114 2942 1166 2995 in
1189 2949 1403 2995 montes
1429 2940 1764 2994 editissimos
1785 2951 1839 2994 et
1861 2941 2265 2996 munitissimus

685 3034 1020 3102 eosdemque
1053 3032 1267 3087 insidiis
1304 3031 1488 3086 minus
1519 3030 1813 3096 obnoxios,
1846 3031 1914 3085 ab
1945 3031 2264 3099 expilatori-

683 3127 786 3181 bus
816 3125 1221 3194 compelluntur
1254 3139 1266 3174 :
1298 3123 1425 3176 item
1474 3138 1622 3188 eum,
1655 3123 1748 3192 qui
1808 3123 1965 3177 lateri
2022 3124 2260 3178 hostium

2367 2411 2524 2463 ΚΕΦ.
2575 2410 2653 2463 H'.
2711 2440 2779 2451 -—
2825 2411 2967 2479 Περὶ
3023 2411 3380 2480 παραμονῆς
3444 2413 3806 2482 φωσσὰτου,
3855 2432 3956 2469 xu:

2907 2483 3397 2550 ἀκολουθήσεως.

2447 2569 2512 2621 Ἦ
2540 2568 2597 2621 δὲ
2646 2572 2939 2640 παραμονὴ
2976 2571 3156 2622 αὐτῶν
3205 2569 3378 2633 οὕτως
3425 2570 3629 2639 ὀφείλει
3679 2573 3951 2640 γίνεσθαγ

2364 2661 2470 2715 Τοῦ
2504 2662 2813 2733 στρατηγοῦ
2868 2663 3008 2731 μετά
3037 2663 3238 2726 παντὸς
3263 2663 3357 2716 τοῦ
3402 2662 3532 2717 λαοῦ
3563 2666 3620 2718 ἐν
3657 2666 3955 2735 ἐπιτηδείῳ

2365 2756 2460 2808 καὶ
2502 2753 2686 2826 ὀχυρῷ
2739 2755 2888 2825 τόπῳ
2923 2756 3383 2825 παρατρέχοντος,
3440 2756 3532 2808 καὶ
3586 2757 3693 2808 τῶν
3732 2758 3954 2826 χωρίων

2362 2845 2448 2899 διὰ
2481 2846 2593 2899 τῶν
2635 2846 3059 2916 ἐκσπηλατόρων
3107 2846 3567 2917 φυγαδευομένων
3602 2849 3659 2900 ἐν
3693 2851 3809 2910 τοῖς
3848 2849 3950 2902 κά-

2367 2954 2567 3004 στροις,
2600 2938 2656 3007 ἢ,
2692 2938 2763 3008 μὴ
2790 2938 2958 2991 όντων
2989 2939 3263 3009 κάστρων,
3297 2942 3354 2993 ἐν
3385 2941 3568 3011 ὄρεσιν
3603 2940 3830 3010 ὑψηλοῖς
3857 2945 3955 2994 καὶ

2362 3029 2729 3100 ὀχυρωτάτοις
2771 3031 2863 3084 κα)⁵
2887 3031 3386 3096 ἀνεπιϐουλεύτοις,
3409 3034 3614 3102 ὁμοίως
3643 3035 3736 3085 καὶ
3768 3033 3950 3086 πάντα

2362 3119 2429 3170 τὰ
2457 3119 2632 3190 κτήνη
2667 3120 2846 3174 αὐτῶν
2866 3133 2877 3147 '
2911 3121 3028 3174 δέον
3052 3122 3404 3176 ἀποστέλλειν
3426 3124 3519 3175 καὶ
3541 3124 3632 3176 τὸν
3663 3123 3952 3191 ὀφείλοντα

683 3219 976 3281 adhaereat,
1007 3216 1155 3271 circa
1212 3215 1402 3268 horam
1458 3215 1564 3270 diei
1627 3217 1854 3270 alteram
1921 3217 2000 3269 vel
2044 3217 2258 3271 tertiam

2369 3213 2704 3282 παραμένειν
2749 3214 2856 3266 ἀπὸ
2906 3214 3168 3286 δευτέρας
3227 3215 3376 3286 ὥρας
3405 3216 3436 3286 ἢ
3470 3216 3564 3269 καὶ
3613 3217 3803 3284 τρίτης
3851 3217 3952 3282 τῆς

681 3309 850 3362 omitti
874 3317 1103 3378 oportet.
1145 3307 1216 3372 ls,
1252 3319 1477 3377 accepta
1511 3303 1891 3364 benedictione
1912 3309 2089 3374 ducis,
2113 3318 2264 3378 post-

682 3415 843 3467 quam
882 3399 1176 3469 assumpsit
1214 3408 1488 3453 catervam
1523 3415 1679 3454 suam
1730 3409 1892 3468 atque
1945 3401 2261 3469 equisones,

681 3489 929 3546 conferat
960 3506 1016 3545 se
1052 3493 1117 3545 ad
1158 3491 1323 3556 viam,
1360 3507 1467 3561 qua
1511 3492 1698 3546 hostes
1737 3500 2057 3546 transeunt:
2090 3493 2262 3561 impe-

682 3583 923 3638 dimenta
963 3599 1061 3638 sua
1095 3593 1150 3637 et
1183 3599 1450 3655 agasones
1501 3583 1641 3653 apud
1702 3583 1896 3638 ducem
1969 3584 2260 3653 relinquat,

684 3692 858 3745 neque
917 3675 1215 3746 quidquam
1285 3691 1469 3732 secum
1531 3676 1669 3730 {erat
1700 3686 1898 3746 prazter
1945 3677 2108 3730 unius
2156 3675 2262 3730 diei

683 3768 908 3830 cibaria,
936 3776 1098 3836 atque
1129 3782 1191 3821 ea
1238 3777 1490 3835 augusta,
1520 3767 1853 3821 bucellatum
1905 3769 2168 3821 duntaxat
2211 3775 2263 3820 et

682 3873 922 3921 caseum,
961 3868 1056 3912 aut
1103 3858 1454 3923 salsamenta,
1483 3867 1536 3911 et
1579 3874 1844 3927 equorum
1875 3873 1940 3912 ac
1986 3859 2260 3912 mulorum

684 3950 898 4018 pabula.
923 3949 979 4003 Si
999 3949 1052 4003 iu
1069 3951 1248 4004 vicum
1266 3950 1629 4018 pervcnit,ubi
1649 3949 2264 4017 victumjumeutorum-

682 4057 787 4111 que
802 4041 1180 4110 pabulationes
1198 4041 1457 4103 inveniat,
1485 4039 1694 4096 reﬁciat
1717 4041 1788 4094 ibi
1809 4040 2005 4094 milites
2023 4049 2076 4094 et
2092 4057 2262 4110 equos

679 4132 935 4200 usquead
959 4135 1146 4186 horam
1163 4146 1361 4185 nonam
1376 4131 1838 4194 diei,statiombus
1858 4133 2079 4200 perloca
2103 4133 2264 4202 198

681 4224 911 4278 editiora
944 4224 1245 4292 dispositis.
1292 4223 1411 4292 Ipse
1445 4223 1679 4292 agminis
1709 4224 2016 4290 praefectus,
2054 4224 2261 4277 altissi-

681 4333 768 4374 ma
851 4318 1069 4388 specula
1144 4331 1472 4380 conscensa,
1523 4316 1815 4370 observare
1886 4318 2260 4385 aucuparique

681 4410 840 4463 debet
883 4410 1136 4478 pulveres
1190 4408 1429 4462 hostium
1485 4414 1538 4461 et
1586 4409 1767 4461 fumos
1802 4427 1814 4462 :
1847 4409 1991 4462 unde
2044 4409 2260 4478 colligat

672 4502 1210 4571 restitnationemque
1249 4500 1433 4564 faciat,
1467 4515 1574 4569 qua
1631 4508 1917 4554 transeant
1957 4509 2010 4553 et
2043 4515 2262 4554 conses-

2371 3304 2606 3373 ήμέρας.
2647 3306 2756 3358 Καὶ
2786 3305 2948 3377 εὐχὴν
2979 3307 3361 3378 λαμϐάνοντας
3395 3307 3439 3338 ³³
3471 3307 3566 3360 τοῦ
3614 3307 3950 3376 στρατηγοῦ.

2369 3397 2852 3466 ἀναλαμϐάνεσθαι
2881 3399 2969 3451 τὸν
2999 3400 3125 3452 λαὸν
3153 3400 3341 3465 αὐτοῦ,
3371 3401 3464 3454 καὶ
3489 3401 3616 3462 τοὺς
3655 3418 3947 3470 παρασυρ-

2366 3487 2561 3549 τάτους
2617 3488 2754 3559 (12),
2785 3491 2879 3541 καὶ
2908 3492 3086 3560 ὁρμᾷν
3120 3491 3257 3560 πρὸς
3301 3493 3399 3561 τὴν
3438 3492 3579 3556 ὁδὸν,
3628 3490 3753 3544 καθ’
3794 3493 3859 3561 ἦν
3900 3494 3950 3542 οξ

2368 3580 2617 3645 πολέμιοι
2658 3580 2982 3650 διέρχονται,
3017 3584 3116 3652 τὴν
3147 3583 3461 3654 ἀποσκευὴν
3497 3584 3661 3636 αὐτοῦ
3692 3587 3789 3638 καὶ
3822 3586 3952 3646 τοῦς

2366 3677 2828 3746 παριππαρόιτους
2851 3678 2963 3750 (15)
2984 3681 3410 3748 καταλιμπάνων
3437 3681 3573 3749 μετά
3593 3680 3684 3732 τοῦ
3710 3698 3951 3750 στρατη-

2365 3767 2486 3833 γοῦ,
2510 3768 2673 3836 μηδὲν
2691 3769 2817 3823 ἀλλο
2833 3771 3260 3840 ἐπιφερομένους
3281 3773 3310 3842 ἢ
3334 3775 3464 3840 μιᾶς
3483 3771 3695 3841 ἡμέρας
3713 3773 3947 3842 τροφὴν,

2367 3861 2460 3910 καὶ
2491 3861 2659 3930 αὐτὴν
2697 3861 2834 3929 μετά
2868 3862 3094 3925 ἐνδείας,
3122 3864 3318 3932 ἄρτους
3350 3865 3545 3930 μόνους
3575 3865 3672 3917 καὶ
3701 3865 3886 3932 τυρὸν,
3915 3865 3946 3933 ἧ

2366 3952 2460 4002 καὶ
2490 3952 2712 4020 τάριχα,
2757 3955 2850 4004 καὶ
2881 3952 2978 4016 τάς
3008 3954 3113 4005 τῶν
3146 3954 3330 4006 ἵππων
3364 3957 3456 4007 καὶ
3480 3957 3722 4024 ἡμιόνων
3747 3958 3944 4023 ταγᾶς.

2365 4041 2458 4104 Εἰς
2494 4044 2693 4112 χωρίον
2722 4045 2778 4097 δέ
2808 4045 3139 4113 ἀπληκεύων
3163 4087 3176 4110 ,
3235 4047 3333 4110 τάς
3375 4065 3432 4100 τε
3468 4048 3658 4117 χρείας
3703 4050 3797 4100 καὶ
3848 4049 3946 4118 τὴν

2364 4134 2474 4187 τῶν
2533 4136 2745 4202 ἀλόγων
2812 4138 3021 4207 τροφὴν
3085 4139 3463 4208 ἐφευρίσκων,
3518 4139 3947 4192 διαναπαυσάτω

2365 4225 2545 4278 ἐκεῖσε
2582 4229 2670 4278 τὸν
2701 4226 2827 4280 λαὸν
2872 4228 3037 4281 αὑτοῦ
3067 4230 3161 4282 καὶ
3208 4231 3300 4284 τὸν
3346 4232 3510 4283 ἵππον
3548 4232 3612 4293 ³⁸,
3658 4233 3762 4292 Em;
3795 4231 3943 4299 ὧρας

2367 4317 2593 4387 ὲννάτης
2622 4318 2718 4386 τῆς
2758 4319 2990 4390 ἡμέρας,
3031 4320 3216 4390 βίγλας
3251 4322 3469 4392 κρατῶν
3500 4325 3556 4374 ἐν
3589 4324 3944 4392 ὑψηλοτέροις

2365 4407 2571 4473 τόποις.
2616 4410 2728 4462 Καὶ
2772 4413 2932 4474 αὐτὸς
2989 4414 3364 4475 ἐκεῖνοςότοῦ
3408 4414 3537 4466 λαοῦ
3587 4415 3852 4483 ἀρχηγὸς.
3885 4419 3944 4467 ὲν

2365 4503 2620 4571 περιωπῇ
2651 4502 2963 4573 ὑψηλοτάτη
2992 4505 3372 4573 ἀνερχόμενος,
3407 4507 3739 4558 ἀποσκοπεῖν
3795 4506 3942 4573 ὀφεί-

681 4595 796 4646 suri
830 4595 961 4647 sint.
992 4593 1203 4647 Etenim
1236 4608 1265 4646 a
1300 4593 1490 4659 peritis
1518 4592 1832 4647 hominibus
1872 4593 1989 4646 loca
2015 4606 2251 4661 quoque,

2369 4592 2441 4643 λει
2471 4591 2566 4644 καὶ
2601 4591 2820 4660 βλέπειν
2871 4596 3183 4662 κονιορτοὺς
3232 4596 3339 4647 τῶν
3372 4597 3643 4665 πολεμίων
3673 4601 3766 4650 καὶ
3796 4616 3942 4652 καττ-

684 4687 774 4740 ιὼὶ
805 4697 980 4740 castra
1013 4685 1128 4739 ﬁeri
1165 4685 1439 4754 expediat,
1469 4685 1934 4739 internoscuutur.
1961 4683 2063 4738 Ubi
2097 4683 2255 4738 intel-

685 4778 913 4831 lexerint
936 4792 1043 4847 quo
1091 4777 1211 4830 loco
1246 4776 1545 4830 adversarii
1577 4776 1963 4840 constiterunt,
1993 4775 2254 4843 evestigio

684 4871 784 4924 bac
818 4870 886 4924 de
951 4885 1011 4925 re
1042 4871 1234 4926 ducem
1287 4870 1575 4925 certiorem
1629 4867 1852 4922 faciant.
1891 4867 1942 4923 ls
1993 4882 2116 4922 cum
2150 4881 2251 4922 suo

2362 4683 2486 4746 νούς
2507 4699 2520 4712 ·
2557 4687 2651 4735 καὶ
2678 4683 2751 4747 ὡς
2782 4685 2846 4737 ὲκ
2881 4685 3072 4738 τούτου
3105 4691 3382 4740 κατανοεῖν
3420 4690 3514 4740 καὶ
3556 4691 3939 4758 στοχάζεσθαι,

2361 4778 2419 4828 ἐν
2451 4771 2531 4838 οἷς
2569 4777 2871 4846 διέρχονται
2915 4779 3008 4830 καὶ
3037 4779 3380 4848 ἁπληκεῦσαι
3436 4782 3741 4850 μέλλουσιν.
3807 4784 3942 4834 ’Υπδ

2359 4868 2467 4936 γὰρ
2498 4868 2606 4920 τῶν
2641 4869 2920 4940 ἐμπείρων
2945 4870 3153 4940 ἀνδρῶν
3179 4871 3272 4924 καὶ
3299 4873 3346 4924 οί
3376 4874 3549 4939 τόποι,
3583 4875 3667 4942 ἐφ’
3694 4869 3777 4936 οἷς
3809 4891 3943 4944 προ-

1765 5068 1839 5123 Δ(1.
1881 5067 1942 5122 Β.
1987 5065 2164 5121 IlASll
2198 5063 2749 5122 ANNOTATIONES.

751 5231 794 5262 "
841 5231 917 5283 δέ.
947 5228 1098 5284 Fort.
1135 5247 1217 5285 τε.

677 5300 874 5372 {nam}
910 5300 1059 5355 Fort.
1096 5302 1194 5368 τὴν
1234 5301 1420 5354 ἵππον.

759 5487 870 5554 (19.)
915 5485 986 5539 De
1019 5485 1104 5539 bis
1136 5485 1258 5540 vide
1297 5484 1540 5551 Ducang.
1575 5484 1756 5539 Gloss.
1789 5485 1944 5539 11194.
2002 5486 2065 5554 A.
2126 5497 2256 5542 sunt

691 5559 787 5624 qui
837 5552 1009 5625 equos
1059 5556 1363 5610 dextrarios
1423 5555 1647 5636 ducunt.
1686 5555 1776 5608 Sic
1844 5552 2258 5634 παρασῦρεσθαι

679 5628 970 5679 Constant.
996 5625 1399 5693 Porpltyrogeu.
1431 5630 1645 5678 (la-nm.
1664 5624 1790 5693 Byz.
1818 5626 1852 5679 Ι.
1879 5625 2001 5680 266.
2032 5625 2094 5679 1).
2130 5628 2254 5680 267.

689 5641 970 5679 uoustaut.
996 5641 1399 5696 rorpttyrogeu.
1431 5641 1645 5678 hil'l'lm.
1664 5641 1790 5694 uyz.
1818 5641 1852 5679 I.
1879 5641 2001 5680 200'.
2032 5641 2094 5679 υ.
2130 5641 2254 5680 201.

689 5700 752 5750 Α.
793 5707 846 5749 ut
887 5697 955 5747 τὰ
1014 5696 1342 5764 παράσυρτα
1383 5694 1620 5761 ἱππάρια
1653 5695 1784 5748 ibid.
1837 5695 1874 5747 Ι.
1917 5696 2041 5750 279.
2074 5695 2136 5750 D.
2185 5698 2259 5753 De

685 5767 841 5834 cquis
870 5763 1103 5834 συρτοῑς
1129 5763 1370 5832 Ducang.
1405 5765 1470 5818 ad
1518 5765 1765 5834 Alexiad.
1793 5766 1918 5818 227.
1953 5765 2014 5819 C.

762 5837 872 5901 (l5)
926 5833 1070 5889 Verti
1123 5851 1395 5903 agasones,
1447 5847 1501 5889 ut
1552 5839 1666 5895 vult
1725 5833 2030 5907 Ducaugius
2074 5835 2253 5891 Gloss.

1319 5231 1362 5262 ³³
1392 5229 1540 5284 Fort.
1570 5230 1934 5300 λαμϐάνοντα.
1960 5231 2046 5286 'De
2103 5247 2235 5286 voce

2369 5231 2466 5284 ῑεῖν
2531 5232 2696 5303 εὐχὴν
2763 5233 3005 5306 Ducang.
3067 5236 3307 5294 Glossar.
3359 5238 3398 5306 l,
3435 5241 3559 5298 451.
3595 5241 3655 5298 C.

3776 5244 3820 5275 ³⁸
3849 5249 3940 5299 τὶν

2366 5489 2523 5544 1121.
2591 5490 2651 5545 C:
2685 5491 2780 5546 sed
2814 5494 3065 5562 suspicor
3101 5511 3287 5550 verum
3322 5499 3474 5552 vocis
3530 5513 3754 5554 sensum
3811 5516 3939 5556 esse

2365 5563 2508 5637 equis
2537 5562 2808 5637 destituti:
2828 5564 2930 5622 vel.
2989 5569 3131 5637 equis
3160 5567 3364 5620 detritis
3397 5575 3556 5637 (quos
3599 5573 3790 5637 πτωχά
3849 5574 3942 5623 ξπ·-

2367 5633 2733 5710 πέιίριαῆνιοεθι
2766 5633 3657 5710 Constant.l’orpliyrogLCaarim.
3713 5633 3842 5710 Byz.
3898 5643 3938 5695 Ι.

2365 5700 2491 5754 280.
2523 5699 2610 5767 C.)
2674 5707 2799 5755 vecti
2832 5719 2849 5756 :
2877 5717 2933 5758 ut
2980 5706 3099 5768 ejus
3139 5699 3474 5762 conti-arium
3511 5710 3581 5764 sit
3627 5701 3941 5763 καὶοῗππα-

2369 5771 2550 5846 ράτος,
2588 5771 2708 5846 ηεξ.
2752 5772 2811 5825 1).
2844 5775 2966 5846 159.
2997 5773 3055 5827 Β.
3090 5778 3549 5846 ᾈΫῌαριππαράτος
3605 5796 3648 5833 s.
3687 5788 3940 5846 παραῖπ-

2366 5835 2610 5911 παράτος
2673 5841 2869 5911 legitur
2897 5844 3022 5899 item
3055 5844 3176 5899 l39.
3205 5835 3270 5898 'B.
3314 5835 3431 5902 “‘4'.
3469 5835 3546 5903 Α..
3768 5835 3780 5851 ⁸
