4178 6522
697 419 729 476 εδ
735 416 763 474 ιι
775 419 802 474 ’ἶ

1969 427 2386 493 NICEI’HORI
2426 433 2693 494 PHOC/E

3869 447 3901 506 θ
3915 444 3980 508 48

699 533 1061 604 conjungere,
1095 549 1298 604 eosque
1345 537 1600 592 celeriter
1645 539 1725 593 vel
1762 541 1830 595 ad
1857 541 2070 609 ducem,
2103 546 2184 598 vel
2217 549 2283 601 ad

2394 551 2554 619 τηγὸς
2587 549 2671 621 [Ρ.
2729 549 2851 620 1'29]
2905 551 3129 621 δύνηται
3183 554 3572 623 στοχάσασθαι,
3609 557 3664 607 ἐν
3689 554 3822 618 οἵοις
3858 573 3968 626 χω-

700 625 840 680 alios
902 639 1252 695 susceptores
1311 630 1634 699 perducere,
1673 634 1718 687 si
1759 634 1940 688 denuo
1996 636 2138 692 inter
2175 640 2287 696 lucc

704 717 884 772 locum
914 718 1023 772 dux
1057 722 1372 777 mutaverit.
1415 724 1817 792 Oportctcnim
1849 728 2027 794 illum,
2063 730 2289 800 majoris

705 809 1022 866 securitatis
1049 827 1239 876 causa.
1271 831 1338 868 ne
1363 815 1430 870 ab
1451 818 1782 873 adversariis
1806 821 2290 890 circumveniatur,

704 897 820 952 sive
849 901 1016 955 semel
1050 903 1168 957 sive
1195 905 1276 959 bis
1328 915 1487 959 noctu
1516 907 1624 962 alio
1655 911 1983 978 transgredi,
2004 913 2296 970 excubias-

697 1007 802 1058 que
820 992 1022 1049 habere
1037 996 1277 1065 duplices
1295 1007 1347 1051 et
1363 997 1549 1053 ﬁrmas
1569 1000 1636 1072 ad
1655 1001 1830 1068 ipsum
1852 1003 2296 1060 custodiendum.

2398 643 2533 712 ρίοις
2568 641 2950 699 καταλάϐωσιν
2995 643 3123 713 ἄχρι
3179 645 3413 716 πρωϊας.
3447 645 3512 700 Oi
3559 646 3615 698 δὲ
3649 647 3980 700 ἀποστελλό-

2396 751 2547 802 μενοι
2625 733 2778 805 παρὰ
2840 736 2936 788 τοῦ
3005 737 3356 808 τουρμὰρχου
3443 739 3830 809 καταμηνύσαι
3899 739 3980 808 τῷ

2396 827 2709 898 στρατηγῷ,
2747 830 2804 880 ἐν
2835 822 2879 896 ᾦ
2902 829 3052 900 τόπῳ
3071 831 3099 882 ὀ
3123 831 3426 902 στρατηγὸς
3443 813 3731 901 ἠύλίζετο,
3759 831 3858 902 τὴν
3881 829 3981 883 τοῦ

2394 913 2630 984 κούρσου
2663 915 3011 986 ἀποκίνησιν.
3058 919 3226 972 Ἐπὰν
3253 919 3296 972 δ’
3325 921 3424 991 οὐχ
3456 921 3767 992 εὑρήσωσιν
3795 922 3979 973 ἐκεῖσε

2397 1005 2583 1072 αὐτὸν,
2608 1007 2722 1059 ἀλλ’
2758 1008 3150 1080 ὑποδοχαρίους
3183 1011 3226 1044 ³⁷
3260 1013 3386 1076 τοὺς
3437 1014 3568 1084 παρ’
3601 1013 3768 1068 αὑτοῦ
3807 1031 3984 1066 κατα-

696 1081 1050 1152 λειφθέντας,
1103 1087 1220 1138 δέον
1269 1089 1328 1139 ὲν
1383 1089 1576 1158 ἐκείνῳ
1625 1089 1702 1158 τῷ
1745 1091 1896 1160 τόπῳ
1945 1095 2273 1163 γενομένους
2314 1101 2596 1169 φωνῆσαν
2653 1105 2780 1166 τοὺς
2819 1105 2877 1157 δὲ
2931 1106 3318 1178 ὑποδοχαρίους
3365 1109 3613 1181 ἀκριϐῶς
3655 1109 3982 1164 διασκοπου-

699 1175 918 1243 μένους,
961 1177 1120 1246 ήνίκα
1145 1179 1244 1248 τῆς
1278 1181 1464 1250 φωνῆς
1501 1181 1818 1250 αἴσθωνται,
1856 1184 2146 1254 ἐνωθῆναι,
2184 1189 2280 1241 καὶ
2318 1191 2404 1244 διὰ
2429 1193 2628 1263 τάχους
2664 1195 2742 1266 τῷ
2806 1199 3098 1270 στρατηγῷ
3122 1200 3348 1264 τούτους
3421 1204 3712 1272 προσάξαι,
3754 1205 3864 1256 είτε
3897 1203 3978 1267 εἰς

696 1268 913 1337 ἐτέρους
947 1269 1110 1324 πάλιν
1143 1273 1372 1340 ἀγαγεῖν
1399 1275 1808 1346 ύποδοχαρίους,
1850 1277 1939 1329 τοῦ
1978 1281 2286 1350 στρατηγοῦ
2333 1283 2458 1346 ἴσως
2485 1287 2649 1340 πάλιν
2693 1275 3158 1360 μετακίνήσαντος
3189 1293 3256 1346 ³⁸.
3323 1293 3443 1364 Χρὴ
3475 1295 3584 1366 γὰρ
3649 1295 3832 1360 αὑτὸν,
3866 1298 3977 1348 εἴτε

700 1361 870 1426 ἅπαξ,
933 1362 1044 1415 εἴτε
1106 1365 1199 1416 καὶ
1249 1365 1350 1427 δίς,
1400 1367 1458 1419 ἐν
1505 1367 1664 1420 νυκτὶ
1724 1371 2163 1439 μεταπληκεύειν
2201 1373 2290 1427 διὰ
2363 1378 2562 1450 πολλὴν
2611 1382 2936 1450 ἀσφάλειαν,
2975 1384 3114 1454 πρὸς
3157 1385 3220 1437 τι
3258 1384 3332 1457 μὴ
3379 1385 3484 1437 ὑπὸ
3548 1387 3659 1440 τῶν
3699 1389 3980 1458 πολεμίων

694 1453 1093 1526 ἐνεδρευθῆναι,
1129 1456 1274 1528 ἔχειν
1307 1459 1362 1512 δὲ
1391 1461 1556 1514 αὐτὸν
1589 1462 1679 1514 καὶ
1731 1461 1919 1532 βίγλας
1953 1464 2170 1530 διπλᾶς,
2201 1468 2281 1531 εἰς
2319 1469 2566 1542 φυλακὴν
2598 1475 2764 1528 αὑτοῦ
2794 1476 3079 1546 ἀσφαλεῖς.

695 1567 826 1622 Car.
855 1567 947 1622 1X.
1001 1570 1077 1626 De
1109 1583 1256 1626 motu
1289 1590 1480 1656 manus
1499 1574 1860 1642 prmdatoriw,
1892 1587 1940 1630 et
1981 1578 2046 1632 de
2077 1579 2288 1632 insecu-

1407 1655 1568 1700 ιιθηε.

773 1755 890 1808 Dux
941 1755 1146 1810 certior
1205 1755 1382 1811 factus
1447 1759 1780 1826 praedatores
1833 1775 2087 1828 egressos
2143 1775 2289 1826 esse,

703 1845 970 1914 evestigio
997 1848 1225 1903 alterum
1249 1849 1562 1919 prmfeetum
1593 1868 1714 1906 cum
1734 1853 2010 1922 equitibus
2053 1853 2293 1914 delectis,

699 1939 794 2008 qui
857 1943 1189 1996 turmarchze
1237 1943 1565 2012 prmdatores
1629 1945 1938 2013 insequenti
1994 1946 2192 2012 subsit,
2227 1948 2294 2000 ad

701 2044 826 2082 eum
863 2031 1042 2084 mittat
1073 2047 1086 2083 :
1125 2033 1218 2102 qui
1277 2033 1538 2099 mittitur,
1573 2048 1761 2089 secum
1792 2035 1992 2090 habeat
2023 2051 2191 2090 unum
2233 2037 2300 2090 de

701 2119 836 2186 illis,
882 2121 978 2190 qui
1029 2137 1059 2176 a
1119 2123 1440 2178 turmarcha
1487 2135 1758 2178 venerunt
1807 2126 1872 2180 ad
1925 2126 2295 2196 praedator-um

696 2213 1092 2280 profectionem
1138 2215 1262 2270 duci
1296 2216 1734 2286 significandam,
1782 2233 1810 2272 a
1865 2233 1976 2287 quo
2041 2219 2295 2285 ducatur,

701 2314 762 2359 ut
812 2304 1028 2363 facilius
1083 2323 1142 2361 se
1191 2307 1528 2378 conjungere
1579 2309 1910 2364 turmarcha:
1956 2321 2139 2380 queat.
2179 2309 2298 2380 lpsc

698 2396 832 2461 dux,
873 2413 998 2452 cum
1048 2400 1165 2454 suis
1215 2401 1388 2470 copiis
1451 2417 1480 2455 a
1533 2413 1686 2472 tergo
1726 2401 1964 2470 praefecti
2029 2385 2294 2472 praemissi

699 2489 800 2542 iter
829 2489 1140 2559 ingressus,
1178 2493 1244 2546 ad
1272 2495 1646 2548 turmarcham
1673 2495 1960 2562 pervenire
1989 2505 2248 2564 prOperet
2277 2513 2290 2548 :

703 2593 760 2636 nt
789 2583 904 2651 ipse
928 2599 1170 2654 quoque,
1209 2588 1528 2642 turmarcha
1552 2589 1926 2650 antecedente,
1960 2588 2294 2656 praedatores

699 2675 942 2730 hostium
987 2677 1324 2747 insequatur.
1354 2679 1602 2748 Diligens
1666 2680 1812 2734 enim
1867 2679 2142 2749 erratique
2194 2694 2293 2734 ex-

701 2781 828 2834 pers
862 2767 1132 2824 insecutio
1153 2786 1180 2822 a
1213 2777 1362 2841 tergo
1387 2771 1628 2827 hostium
1647 2771 1804 2826 debet
1830 2771 1966 2837 ﬁeri,
1991 2775 2290 2826 secundum

700 2859 930 2930 vestigia
1001 2871 1165 2930 atque
1221 2864 1359 2918 itum
1425 2879 1640 2919 eorum.
1699 2863 2039 2918 Turmareha
2101 2879 2287 2918 eorum

699 2965 892 3005 versus-
921 2953 1080 3022 201
1123 2971 1317 3024 agmen
1370 2956 1816 3012 adversariorum
1843 2957 1948 3011 tria
1995 2955 2166 3024 paria,
2198 2969 2290 3024 pe-

703 3044 824 3098 ritis
860 3053 1025 3113 atque
1058 3046 1276 3102 idoneis
1319 3048 1454 3103 viris
1513 3049 1764 3115 delectis,
1791 3057 2132 3118 promoveat,
2163 3062 2286 3116 quae

699 3133 754 3186 in
782 3133 922 3188 viam
965 3134 1204 3190 hostium
1272 3153 1330 3192 se
1361 3138 1712 3192 committant
1741 3157 1754 3192 :
1782 3149 1836 3192 et
1867 3136 2062 3192 edocto
2105 3137 2285 3205 primo

2403 1585 2563 1639 ΚΙΞΦ.
2592 1585 2666 1639 Θ¹.
2699 1585 2840 1654 Περὶ
2891 1587 3002 1653 τῆς
3053 1586 3348 1652 κινήσεως
3397 1587 3504 1640 τοῦ
3551 1587 3842 1654 κούρσου,
3883 1589 3984 1640 καὶ

2945 1655 3438 1722 ἀκολουθήσεως.

2473 1765 2579 1818 Τοῦ
2643 1765 2952 1838 στρατηγοῦ
3006 1767 3187 1820 τοίνυν
3222 1767 3320 1838 τὴν
3352 1767 3566 1835 κίνησιν
3618 1766 3714 1820 τοῦ
3749 1769 3986 1839 κούρσσυ

2402 1861 2505 1912 ἀνα
2515 1857 2901 1927 μανθάνοντος,
2920 1858 3236 1927 παραυτίκα
3263 1859 3360 1928 καὶ
3383 1860 3570 1928 ἕτερον
3595 1859 3834 1930 ἄρχοντα
3863 1860 3986 1926 μεθ’

2405 1951 2614 2004 ίππέων
2639 1950 2934 2016 ἐκλεκτῶν,
2967 1950 3408 2020 ὑποτασσόμενον
3445 1949 3522 2020 τῷ
3553 1950 3879 2022 τουρμάρχῃ
3907 1953 3986 2020 τῷ

2401 2043 2786 2097 ἀκολουθοῦντι
2819 2043 2896 2113 τῷ
2933 2042 3170 2114 κούρσῳ,
3221 2044 3573 2098 ἀποστέλλειν
3603 2045 3737 2114 πρὸς
3772 2045 3940 2098 αὐτον
3967 2061 3980 2074 ·

2399 2135 2540 2205 ἔχων
2573 2137 2692 2206 μεθ’
2749 2136 2943 2190 ἐαυτοῦ
2967 2138 2996 2190 ὀ
3027 2136 3490 2206 ἀποστελλόμενος
3543 2136 3636 2189 ’ἐνα
3685 2136 3794 2188 τῶν
3833 2137 3984 2207 παρὰ

2399 2225 2492 2278 τοῦ
2523 2227 2871 2298 τουρμάρχον
2907 2226 3293 2296 πεμφθέντων,
3325 2227 3715 2296 καταμηνῦσαι
3757 2227 3858 2296 τὴν
3888 2227 3984 2279 τοῦ

2399 2317 2631 2387 κούρσου
2667 2317 2880 2386 κίνησιν
2907 2317 2986 2386 τῷ
3019 2315 3332 2389 στρατηγῷ,
3367 2315 3460 2370 τοῦ
3491 2315 3624 2387 παρ’
3654 2315 3824 2370 αὑτοῦ
3855 2318 3982 2387 ὁδη-

2398 2410 2634 2480 γηθῆναι
2681 2411 2761 2471 εις
2803 2409 2864 2461 τὸ
2903 2409 3146 2479 εὐχερῶς
3195 2410 3483 2477 ὲνωθῆναι.
3515 2408 3627 2462 Καὶ
3677 2408 3841 2468 αὐτὸς
3871 2408 3928 2460 δὲ
3957 2411 3982 2460 ι

2399 2501 2706 2570 στρατηγὸς
2755 2501 2978 2554 ὄπισθεν
3035 2501 3128 2554 τοῦ
3179 2499 3646 2569 ἀποστελλομένου
3719 2497 3982 2570 ἄρχοντος

2397 2593 2786 2663 ἀποκινησάτω
2816 2592 2954 2662 μετὰ
2975 2593 3068 2644 τοῦ
3093 2593 3182 2644 ὑπ’
3201 2592 3362 2645 αὐτὸν
3393 2589 3545 2655 λαοῦ,
3572 2591 3666 2643 καὶ
3690 2591 3984 2643 σπευσάτω

2397 2684 2726 2738 καταλαϐεῖν
2759 2684 2848 2752 τὸν
2882 2684 3237 2753 τουρμὰρχην
3259 2701 3272 2713 ·
3308 2685 3456 2745 ὅπως
3493 2681 3715 2736 ὄπισθεν
3753 2683 3848 2734 καὶ
3881 2681 3980 2733 αὖ·

2395 2777 2491 2840 τὸς
2512 2775 2607 2828 τοῦ
2651 2776 3005 2846 τουρμάρχου
3037 2775 3114 2845 τῷ
3155 2774 3374 2844 κούρσῳ
3405 2773 3516 2826 τῶν
3550 2773 3830 2843 πολεμίων
3857 2773 3986 2826 ἀκο-

2397 2869 2588 2940 λουθῇ.
2625 2869 2692 2920 Ἤ
2731 2868 2840 2938 γὰρ
2867 2867 3104 2939 ἀκριϐὴς
3143 2868 3238 2920 καὶ
3271 2869 3570 2930 ἄπταιστος
3617 2863 3984 2932 ἀκολούθησις

2397 2963 2461 3015 ἐκ
2491 2962 2598 3015 τῶν
2625 2960 2852 3014 ϐπισθεν
2869 2961 2980 3013 τῶν
3002 2959 3280 3028 πολεμίων
3305 2959 3508 3026 ὀφείλει
3527 2957 3776 3024 γίνεσθαι
3799 2995 3812 3017 ,
3835 2971 3981 3008 κατα

2393 3056 2461 3107 τὰ
2477 3053 2698 3106 ἐκείνων
2722 3051 2906 3122 ἐνιχνα
2929 3051 3040 3120 (16)
3059 3049 3152 3104 καὶ
3173 3049 3272 3120 τὴν
3291 3049 3618 3119 ὁδοιπορίαν.
3635 3047 3694 3100 '0
3709 3047 3765 3099 δὲ
3779 3063 3873 3098 του
3885 3065 3912 3114 ρ
3923 3065 3982 3114 μ-

2402 3147 2576 3214 ἀρχης
2609 3143 2752 3197 κατὰ
2809 3143 2872 3196 τὸ
2915 3142 3144 3214 κοῠρσον
3170 3143 3278 3194 τῶν
3339 3141 3612 3210 πολεμίων
3659 3140 3976 3208 ἁποκινήσῃ

699 3233 755 3278 et
805 3226 1050 3280 secundo
1100 3236 1153 3281 et
1209 3227 1370 3281 tertio
1423 3227 1562 3296 pari,
1592 3243 1701 3296 quo
1761 3237 1922 3296 pacto
1997 3225 2281 3281 ambulare

2394 3239 2520 3308 τρία
2552 3239 2776 3302 ζευκτὰ,
2815 3237 3114 3306 ἐμπείρους
3143 3235 3238 3288 καὶ
3265 3233 3602 3302 ἐπιτηδείους
3633 3231 3832 3300 ἄνδρας
3855 3232 3976 3282 ἀ·.α-

704 3317 1000 3386 hostesque
1031 3318 1246 3386 insequi
1271 3319 1528 3383 debeant,
1563 3319 1628 3373 ad
1662 3335 1821 3374 suum
1853 3333 2046 3388 agmen
2076 3319 2278 3373 redeat.

697 3405 943 3462 Primum
996 3410 1178 3478 itaque
1233 3427 1350 3480 par,
1405 3426 1572 3481 prope
1633 3411 1822 3466 hostes
1883 3411 1986 3464 iter
2047 3409 2278 3472 faciens,

700 3501 980 3554 fremitum
1060 3502 1425 3558 multitudinis
1510 3504 1802 3567 auscnltet,
1883 3513 1937 3556 et
2007 3501 2282 3554 hinnitum

702 3605 993 3658 equorum.
1044 3589 1356 3646 Secundum
1409 3609 1528 3664 par,
1575 3593 1856 3668 excipiens
1917 3594 2175 3663 primum,
2216 3595 2288 3648 ita

706 3681 939 3748 incedat,
1004 3693 1064 3737 ut
1117 3701 1242 3738 cum
1302 3687 1619 3756 conspicere
1699 3687 2104 3756 antegrediens,
2171 3695 2285 3740 tum

703 3775 945 3844 conspici
992 3777 1061 3830 ab
1107 3776 1201 3830 illo
1235 3779 1456 3847 possit:
1501 3795 1678 3849 neque
1733 3780 1907 3850 magis
1978 3781 2282 3848 appropin»

703 3875 834 3936 quet
857 3907 871 3930 ,
899 3883 1078 3938 neque
1101 3883 1392 3925 remanens
1435 3870 1575 3924 visui
1602 3887 1661 3925 sc
1699 3871 2004 3926 subtrahat.
2031 3873 2158 3926 Post
2187 3872 2288 3926 tria

706 3960 856 4027 paria
917 3969 1026 4014 tres
1077 3961 1372 4032 quadrigas
1427 3964 1746 4026 constituet,
1779 3965 1853 4018 ita
1916 3975 1973 4018 ut
2023 3980 2052 4019 a
2111 3965 2286 4033 prima

704 4052 970 4122 quadriga
1027 4055 1245 4108 tertium
1300 4071 1418 4124 par,
1453 4072 1482 4110 a
1543 4057 1785 4111 secunda
1831 4057 2094 4126 quadriga
2133 4058 2286 4111 simi-

703 4143 824 4194 liter
897 4143 1071 4210 prima
1141 4146 1384 4212 conspici
1439 4148 1658 4215 tpossit.
1737 4143 1920 4200 Tertia
1997 4147 2284 4216 quadriga,

704 4235 999 4287 secundam
1032 4236 1396 4304 subsequens,
1431 4253 1526 4293 sex
1562 4239 1764 4294 habere
1805 4239 2053 4294 homines
2080 4238 2238 4292 debet
2271 4259 2282 4293 :

707 4336 765 4379 ut
820 4341 1012 4380 eorum
1074 4331 1182 4382 duo
1230 4345 1352 4398 quae
1407 4333 1754 4384 renuntiatur
1793 4332 1862 4385 ab
1908 4331 2091 4400 aliquo
2143 4331 2284 4399 pari,

703 4417 904 4470 referre
943 4420 1276 4474 turrnarclne
1305 4422 1538 4490 possint,
1581 4423 1893 4476 turmarcha
1950 4422 2096 4476 duci.
2131 4423 2195 4475 Et
2239 4423 2282 4476 si

702 4507 1028 4562 concitatius
1061 4507 1138 4562 ire
1171 4509 1440 4580 incipiunt
1473 4513 1676 4576 hostes,
1707 4512 1868 4568 debet
1911 4512 2146 4581 primum
2186 4529 2282 4581 par

2395 3332 2830 3400 λαμϐανόμενος,
2861 3327 3263 3400 παραγίνεσθαι
3283 3327 3326 3358 ³³
3343 3331 3410 3397 τῇ
3435 3327 3536 3396 ὀδῷ
3549 3325 3656 3379 τῶν
3675 3325 3806 3377 πολε
3819 3323 3978 3392 μίων·

2391 3421 2486 3473 καὶ
2535 3420 2792 3482 τυπώσας
2831 3419 2893 3470 τὸ
2947 3419 3162 3489 πρῶτον
3217 3419 3310 3470 καὶ
3343 3417 3600 3487 δεύτερον
3649 3416 3743 3468 καὶ
3791 3413 3978 3484 τρίτον

2391 3511 2640 3575 ζευκτδν,
2683 3511 2798 3574 πῶς
2850 3509 3124 3579 ὀφείλουσι
3185 3511 3506 3578 περιπατεῖν
3537 3509 3632 3562 καὶ
3663 3511 3776 3570 τοῖς
3817 3507 3978 3559 πολε-

2395 3606 2540 3676 μίοις
2567 3605 3012 3672 κατακολουθεῖν,
3067 3603 3494 3674 ὑποστρεφέσθω
3525 3603 3660 3673 πρὸς
3709 3601 3802 3654 τὸν
3847 3601 3978 3652 λαὶ-ί

2389 3697 2580 3752 αὐτοῦ.
2615 3698 2688 3751 To
2718 3697 2774 3750 δὲ
2799 3697 3013 3772 πρῶτον
3043 3697 3268 3762 ζευκτδν
3295 3695 3524 3766 πλησίον
3555 3695 3662 3748 τῶν
3693 3693 3824 3746 πολε
3835 3694 3977 3762 μίαν

2392 3791 2786 3862 περιπατείτω,
2821 3789 3019 3843 ἀκοῦον
3047 3790 3141 3842 καὶ
3173 3790 3274 3858 τὴν
3295 3787 3388 3841 τοῦ
3415 3787 3548 3840 λαοῦ
3602 3785 3976 3856 ὀχλαγωγίαν,

2393 3883 2488 3935 καὶ
2517 3883 2642 3945 τοὺς
2676 3882 3082 3952 χρεμετισμοὺς
3130 3879 3239 3933 τῶν
3269 3881 3473 3934 ἵππων.
3506 3879 3578 3930 Τὸ
3609 3879 3664 3930 δέ
3693 3877 3976 3944 δεύτερον.

2389 3973 2451 4026 τὸ
2479 3972 2574 4026 τοῦ
2625 3973 2845 4042 πρώτου
2897 3972 3212 4036 ἀκόλουθον,
3278 3970 3646 4040 ὀδοιπορείτω,
3699 3967 3784 4039 [Ρ.
3849 3968 3976 4034 15οἷ

2391 4065 2514 4119 ὅσον
2542 4065 2798 4118 δύνανται
2827 4066 2962 4135 ὀρᾷν
2983 4065 3045 4117 τὸ
3063 4063 3372 4134 ἔμπροσθεν
3405 4061 3593 4125 αὑτοῦ,
3624 4063 3718 4112 καὶ
3741 4060 3976 4130 ἐρᾶσθαι

2391 4156 2483 4208 ὑπ’
2536 4155 2735 4209 αὑτοῦ·
2782 4157 2876 4210 καὶ
2925 4157 3064 4226 μήτε
3121 4155 3346 4224 πλησίον
3377 4153 3648 4222 γίνεσθαι,
3697 4153 3834 4221 μήτε
3865 4168 3976 4218 μα-

2389 4247 2706 4317 κρύνεσθαι,
2781 4247 2921 4300 ὥστε
2977 4245 3051 4317 μὴ
3105 4245 3356 4316 ὁρᾶσθαι.
3419 4243 3557 4314 Τρία
3611 4242 3667 4294 δέ
3715 4241 3978 4308 τετράδι).

2387 4341 2610 4394 ὄπισθεν
2637 4342 2746 4395 τῶν
2773 4341 2939 4410 τριῶν
2965 4341 3206 4406 ζευκτῶν
3233 4338 3704 4406 ἀποκαταστήσει,
3743 4334 3891 4404 ὀρῶν
3915 4337 3976 4384 τ’)

2391 4433 2608 4502 πρῶτον
2639 4432 2920 4502 τετράδιον
2951 4433 3011 4484 τὸ
3037 4432 3218 4502 τρίτον
3253 4429 3497 4494 ζευκτὸν,
3531 4427 3592 4480 τὸ
3625 4427 3680 4480 δέ
3715 4425 3976 4494 δεύτερον

2394 4524 2680 4595 τετράδιον
2727 4523 2987 4586 ὡσαύτως
3029 4522 3171 4592 ὀρῶν
3201 4522 3261 4574 τὺ
3309 4521 3544 4590 πρῶτον.
3579 4518 3652 4572 Τὺ
3695 4519 3750 4570 δὲ
3789 4518 3978 4586 τρίτον

701 4599 1018 4653 renuntiare
1039 4601 1104 4654 de
1123 4601 1225 4655 hac
1243 4616 1300 4656 re
1321 4621 1334 4656 :
1353 4613 1410 4657 ut
1427 4612 1477 4658 et
1497 4605 1809 4660 turmarcha
1828 4613 1880 4660 et
1896 4605 2008 4659 dux
2046 4613 2276 4659 conten-

2395 4615 2696 4684 τετράδιον,
2743 4616 2804 4667 τὸ
2847 4615 3138 4668 ἀκόλουθον
3189 4611 3284 4665 τοῦ
3339 4611 3631 4679 δευτέρου,
3685 4608 3743 4672 ἓξ
3800 4610 3976 4677 ἐχέτω

700 4691 808 4742 tius
846 4690 948 4758 ipsi
1001 4707 1218 4760 quoque
1276 4693 1575 4758 ambulent,
1631 4711 1806 4765 neque
1857 4696 2072 4767 longius
2112 4710 2170 4750 se
2214 4695 2283 4749 ab

702 4779 953 4834 hostibus
1019 4793 1353 4836 removeant.
1405 4783 1460 4837 Si
1535 4787 1720 4841 hostes
1774 4785 1951 4840 denuo
2003 4785 2288 4840 remissius

704 4868 1036 4936 ingreditur,
1094 4871 1293 4926 lentius
1361 4879 1662 4943 procedant
1703 4895 1714 4930 :
1763 4886 1822 4930 ut
1887 4893 2062 4946 neque
2125 4875 2290 4930 nimis

703 4963 1164 5033 appropiquantes
1224 4979 1620 5038 agnoscantur,
1652 4985 1750 5024 nec
1791 4971 2007 5038 longius
2038 4987 2279 5040 progres-

702 5055 746 5106 si
767 5070 944 5124 neque
962 5059 1408 5128 subsequentium
1430 5070 1630 5116 statum
1659 5063 2054 5128 internoscere,
2078 5081 2176 5119 nec
2197 5065 2284 5118 in-

698 5149 1012 5204 tcrnosciab
1025 5149 1131 5206 illis
1145 5153 1354 5220 possint
1376 5171 1388 5204 :
1410 5155 1553 5220 quod
1569 5155 1933 5209 calamitatem
1950 5157 2280 5225 singularem

702 5244 862 5314 202
883 5243 1058 5300 affert.
1083 5243 1392 5302 Praesertim
1427 5258 1604 5302 autem
1627 5249 2052 5303 subsistentibus
2088 5250 2282 5304 adver-

2392 4706 2624 4774 ἀνδρας·
2667 4705 2753 4757 ἵνα
2784 4704 2834 4755 οἱ
2877 4703 2936 4768 ἐξ
2981 4701 3158 4755 αὐτῶν
3210 4702 3305 4754 δύο
3335 4699 3403 4753 τά
3435 4701 3539 4752 ὑπὸ
3587 4697 3816 4764 ζευειτοῦ
3861 4716 3973 4766 μη-

2389 4796 2626 4864 νυόμενα
2663 4792 3038 4864 ἀποκομίζωσι
3074 4791 3151 4860 τῷ
3183 4789 3530 4862 τουρμάρχῃ,
3557 4791 3584 4840 ὁ
3605 4789 3661 4840 δὲ
3693 4789 3976 4856 τουρμὰρ-

2389 4904 2490 4956 χης
2519 4885 2596 4954 τῷ
2629 4884 2942 4956 στρατηγῷ.
2988 4883 3114 4936 Ἐὰν
3151 4883 3264 4951 γὰρ
3297 4879 3565 4950 ὀξύτερον·
3601 4878 3894 4947 βαδίζωσιν
3923 4878 3976 4928 οἱ

2389 4977 2658 5044 πολέμιοι,
2710 4975 2914 5042 ὀφείλει
2965 4974 3190 5046 μηνύειν
3223 4971 3283 5026 τὸ
3309 4971 3526 5041 πρῶτον
3583 4969 3810 5032 ζευκτὶν
3843 4967 3978 5036 περὶ

2388 5069 2582 5120 τούτου
2605 5084 2617 5096 ”
2651 5068 2736 5119 ἵνα
2765 5070 2854 5120 καὶ
2881 5070 2908 5120 ὀ
2941 5066 3294 5136 τουρμάρχης
3337 5066 3428 5116 καὶ
3459 5065 3486 5115 ὀ
3511 5061 3818 5132 στρατηγὸς
3847 5060 3976 5122 ἀξς-

2389 5176 2548 5228 τερον
2579 5159 2674 5211 καὶ
2706 5159 2858 5211 αὐτοὶ
2912 5157 3192 5226 βαδίζωσι,
3225 5157 3318 5210 καὶ
3355 5155 3430 5224 μὴ
3469 5155 3560 5206 ἐπὶ
3587 5152 3720 5204 πολὺ
3753 5153 3974 5222 μακρᾷ-

2391 5268 2524 5304 νωσι
2571 5251 2678 5302 τῶν
2716 5251 3011 5318 πολεμίων.
3048 5250 3190 5302 Είδέ
3221 5249 3567 5320 σχολαίτερον
3615 5247 3774 5298 πάλιν
3823 5245 3970 5313 βαξξ-

1891 5425 1954 5481 C.
1986 5425 2044 5478 Β.
2081 5425 2262 5482 HAS]!
2295 5427 2854 5484 ANNOTA'I'IONI'LS.

775 5565 1259 5636 ³⁷Ῠύποδοχαοίους.
1303 5565 1373 5619 De
1421 5566 1522 5619 hac
1565 5581 1696 5620 voce
1733 5567 1840 5636 vid.
1905 5565 2142 5636 Ducang.
2177 5567 2287 5622 ϐίοι

2394 5585 2418 5622 ³.
2475 5569 2578 5622 CUI.
2617 5569 2774 5623 164".

966 5635 1010 5708 f9
1042 5636 1070 5686 ὀ
1099 5634 1250 5708 δὲ’-*Α
1281 5637 1697 5708 παραγίνεσθαι.
1733 5635 1828 5708 ,νει
1865 5637 1943 5708 ob
1966 5634 2287 5708 ,itttpei‘ati\~i

2425 5641 2853 5708 ὑποστρεφεσυω
2916 5634 3042 5694 fort.
3068 5643 3094 5692 ὀ
3127 5641 3182 5692 δὲ
3237 5634 3598 5708 mmmam:
3625 5678 3636 5698 ,

704 5635 863 5689 letl.

2899 5572 2943 5604 ³⁸
2984 5563 3472 5638 μετακινήσαντος]
3527 5567 3600 5635 μὴ
3641 5566 3976 5633 κινῄεαντος

2917 5641 3094 5684 1ἐ.ι·[,ὁ
3127 5641 3182 5684 δὲ
3240 5639 3594 5684 τουηιιὰοντιε
3625 5678 3635 5684 .
3706 5637 3870 5684 ’ἡνίκα
3919 5636 3976 5684 τὲ

3728 5653 3870 5705 ξνιῖια
3919 5651 3976 5686 ἶῗι

704 5723 756 5756 κ.
795 5723 848 5761 τ.
876 5723 932 5755 π.
968 5706 1046 5764 ἁ..
1087 5705 1212 5774 τρία
1237 5705 1456 5772 ζευκτὰ,
1488 5709 1616 5776 ἐμπ.
1641 5723 1694 5760 κ.
1727 5707 1773 5759 ἐ.
1814 5709 1893 5771 ἄ.,
1923 5705 2462 5778 ἀναλαμϐανόμενοξ,
2489 5705 2901 5780 παραγινέ-σθω.

775 5825 885 5894 {lii}
912 5823 1055 5878 hiem
1083 5827 1228 5896 quod
1263 5827 1404 5896 ἴχνη.
1455 5826 1566 5881 Υοκ
1604 5827 1779 5882 adhuc
1813 5843 1989 5896 neque
2023 5830 2078 5882 in
2116 5827 2390 5887 610:331'18
2425 5841 2664 5903 recepta,
2697 5847 2870 5900 neque
2901 5832 2954 5886 in
2990 5829 3206 5886 Lnim.
