4178 6522
220 451 330 515 949

1473 453 1884 513 VELITATIO
1917 456 2256 520 BELLICA.

3401 465 3509 528 950

217 571 406 632 ζουσιν
434 569 482 622 oi
519 569 791 638 πολέμιοι,
825 570 920 623 καὶ
954 572 981 623 ὁ
1006 568 1361 640 τουρμάρχης
1395 571 1488 622 καὶ
1509 572 1536 621 6
1569 588 1803 640 στρατη-

1909 577 2162 639 sariis,ad
2181 576 2438 646 pabulum
2457 579 2615 647 equis
2633 580 2696 632 da
2707 580 3010 646 nilum,dux
3033 580 3136 634 hac
3149 580 3217 634 de
3235 593 3294 634 re
3306 581 3509 637 certior

214 659 312 726 γὸς
342 659 604 716 ὡσαύτως
630 659 982 728 σχολαίτερον
1005 661 1488 729 περιπατείτωσαν
1513 677 1524 691 ⁸
1554 661 1641 712 ἵνα
1669 663 1806 729 μήτε

215 753 450 822 πλησίον
483 753 761 822 γινόμενοι
810 754 1309 821 διαγινώσκοινται,
1354 756 1493 826 μήτε
1532 757 1815 826 μακρυνό-

230 875 384 929 μενοι
406 859 529 912 οὔτε
555 859 655 929 τὴν
676 859 784 912 τῶν
805 859 1320 914 ἐπακολουθούντων
1343 863 1613 933 διοίκησιν
1641 865 1820 929 ἐπιγι-

217 951 532 1017 νώσκωσιν,
556 950 681 1004 οῦτε
719 951 851 1023 παρ’
876 952 1102 1005 ἐκείνων
1136 953 1642 1022 ἐπιγινώσκωνταιο
1671 956 1810 1026 ὅπερ

213 1046 282 1098 οὐ
308 1047 406 1114 τὴν
444 1045 715 1116 τυχοῦσαν
765 1047 961 1115 ἐπάγει
1017 1047 1242 1117 βλάϐην.
1300 1047 1511 1110 Ἀλλως
1541 1065 1599 1099 τε
1630 1048 1686 1101 δέ
1718 1050 1811 1101 καὶ

215 1137 328 1188 τῶν
359 1139 635 1207 πολεμίων
687 1139 1117 1209 ἁπληκευόντων
1153 1141 1290 1210 πρὸς
1319 1141 1379 1193 τὸ
1418 1140 1640 1208 ταγίσαι
1683 1141 1812 1203 τοὺς

215 1229 442 1294 ἵππους,
483 1230 577 1281 καὶ
607 1231 736 1297 περὶ
769 1231 961 1284 τούτου
997 1233 1481 1303 καταμηνυὸμενος
1510 1235 1537 1286 6
1572 1250 1807 1304 στρατη-

214 1320 336 1387 γὸς,
373 1321 466 1373 καὶ
494 1321 659 1384 αὐτὸς
690 1323 747 1375 ἐν
776 1323 1072 1394 ἐπιτηδείῳ
1104 1325 1256 1395 τόπῳ
1282 1324 1642 1394 ἁπληκευέτω
1669 1325 1809 1394 πρὸς

213 1410 276 1462 τὸ
301 1412 427 1474 τοὺς
473 1411 677 1476 ἵππους
725 1415 968 1482 ταγίσαι,
1030 1415 1302 1484 ἐξώσιγλα
1348 1416 1697 1470 ἀποστέλλων
1729 1418 1809 1478 είς

212 1503 464 1574 φυλακὴν
516 1504 736 1558 ἑαυτοῦ.
773 1507 881 1558 Καὶ
928 1507 1093 1575 ἡνίκα
1132 1507 1294 1561 πάλιν
1324 1509 1422 1577 τὴν
1449 1509 1667 1578 κίνησιν
1698 1510 1806 1562 τῶν

214 1611 497 1678 πολεμίων
529 1611 966 1683 καταμηνυθείη,
1004 1615 1321 1685 παραυτίκα
1349 1616 1440 1668 καὶ
1465 1616 1627 1678 αὐτὸς
1656 1617 1807 1686 κινή-

215 1717 301 1752 σει
321 1702 729 1766 ἐπακολουθῶν,
760 1704 912 1756 ἐνθεν
941 1707 1196 1759 κάκεῖθεν
1225 1705 1419 1760 ἑαυτοῦ
1456 1709 1806 1760 ἀποστέλλων

210 1795 322 1846 ἀνὰ
349 1794 646 1863 τριάκοντα
683 1796 888 1860 ἱππεῖς,
943 1798 1017 1867 μὴ
1073 1799 1282 1870 πόρρω,
1340 1799 1476 1853 ἀλλὰ
1513 1801 1800 1868 σύνεγγυς,

211 1885 313 1949 τὰς
343 1885 436 1939 τοῦ
468 1887 596 1940 λαοῦ
625 1887 791 1941 αὑτοῦ
823 1891 1006 1958 φωνὰς
1050 1891 1499 1960 ἐνωτιζομένους.
1545 1894 1654 1945 Καὶ
1682 1891 1802 1944 ὖπι-
1837 1924 1880 1986 Β

210 1976 340 2028 σθεν
395 1977 556 2030 αὑτοῦ
610 1979 1089 2033 ἐπακολουθοῦντα
1146 1982 1385 2051 ἄρχοντα
1446 1983 1616 2051 ἐχέτω
1680 1980 1800 2051 μεθ’

209 2070 447 2135 ἱππέων,
484 2071 576 2134 οὖς
607 2072 670 2142 δὴ
705 2074 848 2126 σάκα
891 2073 1219 2143 ὀνομάζουσι
1246 2075 1378 2145 (l7).
1408 2073 1665 2145 Μήκοθεν
1691 2075 1803 2146 (13)

209 2165 267 2218 δέ
323 2166 676 2234 ὁδοιπορείτω
723 2167 750 2218 6
797 2169 1136 2237 στρατηγὸς,
1189 2169 1283 2222 καὶ
1339 2169 1521 2221 πᾶσαν
1581 2168 1805 2221 ποιείτω

209 2256 525 2324 ἀσφάλειαν
561 2257 654 2309 τοῦ
707 2259 780 2326 μὴ
819 2258 1220 2326 διαγνωσθῆναι
1253 2259 1327 2321 ὠς
1359 2259 1581 2311 ὄπισθεν
1622 2259 1805 2318 αὐτοῖς

209 2349 576 2402 ἐπακολουθεῖ
598 2366 611 2380 ⁸

210 2442 343 2503 τοὺς
381 2441 613 2510 πλησίον
650 2440 926 2511 πολεμίων
956 2441 1458 2505 ἐπακολουθοῦντας
1489 2441 1804 2511 παραγγέλ-

674 2350 788 2402 ἁλλ’
841 2350 1099 2417 ἀσςαλῶς
1162 2351 1260 2421 μέν
1307 2353 1651 2421 περιπατεῖν,
1710 2350 1805 2401 καὶ

208 2534 323 2586 λειν
353 2532 598 2603 ἀκριϐῶς
632 2534 990 2598 ἀποσκοπεῖν,
1029 2536 1104 2604 μὴ
1145 2533 1336 2604 λόχους
1378 2534 1531 2594 τινὰς
1564 2535 1612 2586 οἱ
1650 2534 1807 2586 πολέ-

210 2642 327 2693 μιοι
372 2625 777 2693 καταλείψωσιν
815 2627 893 2690 εἰς
946 2626 1171 2696 ἕνεδραν
1214 2626 1322 2679 τῶν
1378 2625 1806 2678 ἐπακολουθούν-

207 2735 322 2770 των
354 2718 540 2779 αὐτοῖς
573 2718 666 2768 καὶ
700 2716 863 2769 αὑτοῦ
907 2715 1000 2768 τοῦ
1035 2718 1367 2787 στρατηγοῦ.
1413 2718 1591 2785 Ὅπερ
1654 2717 1806 2786 παρὰ

212 2811 325 2863 τῶν
353 2809 640 2880 Ταρσιτῶν
675 2810 937 2872 πολλάκις
968 2811 1183 2878 γέγονε.
1227 2809 1338 2863 Kal.
1364 2809 1804 2863 ἐπακολουθοῦν-

205 2918 301 2964 τος
349 2903 534 2963 αὐτοῖς
566 2901 661 2953 τοῦ
710 2903 1086 2972 τουρμὰρχου,
1122 2903 1218 2954 καὶ
1273 2901 1347 2972 μὴ
1389 2901 1630 2973 ἀκριϐῶς
1679 2904 1805 2965 τοὺς

209 2992 530 3060 ἔμπροσθεν
568 2992 898 3053 σκοποῦντος
933 2991 1142 3054 ῥύακας
1169 2990 1266 3044 καὶ
1293 2993 1418 3054 τοὺς
1443 2993 1642 3055 τόπους
1670 2993 1800 3053 τοὺς

207 3082 549 3153 δυναμένους
575 3085 703 3137 λαὸν
730 3084 1128 3150 ἀποκρύπτειν,
1158 3083 1486 3155 ἁπροόπτως
1512 3086 1578 3154 τῇ
1609 3083 1801 3152 ἐνέδρᾳ

205 3176 419 3228 τιύτων
477 3175 961 3247 περιπεπτὼκασι.
1007 3179 1104 3229 Διά
1154 3177 1328 3230 ταῦτα
1379 3175 1582 3245 πολλῆς
1631 3176 1802 3228 δεῖται

206 3263 493 3332 ἀγχινοίας
546 3264 641 3316 καὶ
689 3264 978 3335 ἀκριϐείας
1026 3266 1053 3317 6
1096 3264 1521 3327 ἐπακολουθῶν,
1579 3266 1668 3319 ἴνα
1725 3266 1799 3335 μὴ

201 3356 453 3408 τοιοῦτόν
478 3374 528 3409 τι
556 3357 736 3427 συμὸῇ
787 3356 1065 3425 γενέσθαι.
1114 3355 1228 3427 Πρὸ
1269 3357 1326 3408 δέ
1363 3357 1456 3410 τοῦ
1506 3358 1798 3426 διαυγάσαι

203 3446 286 3496 δ;ῖ
323 3445 415 3497 τὸν
443 3445 774 3516 στρατηγὸν,
799 3445 920 3498 ἐπεὶ
947 3444 1142 3514 διέγνω
1173 3446 1218 3476 ⁸⁸
1245 3447 1304 3498 τὸ
1331 3447 1388 3498 ἐν
1412 3447 1587 3510 ποίοις
1611 3448 1800 3510 τόποις

206 3530 291 3603 [Ρ.
334 3530 460 3602 131]
511 3533 606 3584 καὶ
659 3533 884 3604 χωρίοις
939 3534 1195 3600 ἐξελάσαι
1244 3537 1532 3608 μέλλουσιν
1563 3539 1799 3591 οίπολέ-

208 3640 345 3685 μιοι,
374 3623 485 3675 εἴτε
518 3623 668 3687 δεξιὰ
702 3626 812 3677 εἴτε
865 3623 1128 3696 εὐώνυμα
1176 3627 1358 3678 αὐτῶν
1410 3627 1706 3692 ἐπικλῖναι,
1742 3630 1800 3681 ἐν

208 3712 259 3770 at
323 3715 666 3785 ὀχυρώτερος
695 3715 844 3788 αὑτῷ
874 3716 1040 3780 τόπος
1071 3717 1399 3788 καθορᾶται.
1461 3720 1571 3774 san.
1612 3720 1800 3783 ὀξύτε-

204 3824 304 3878 ρον
341 3806 569 3877 βαδίσας
620 3810 712 3860 καὶ
750 3811 812 3862 ἐκ
861 3810 1094 3876 πλαγίου
1148 3813 1328 3865 αὐτῶν
1395 3813 1683 3882 γενόμενος
1723 3815 1800 3878 ὡς

206 3898 316 3951 ὰπὸ
358 3898 555 3968 μιλίων
582 3899 696 3965 δύο,
735 3901 840 3970 πρὸ
869 3902 958 3953 τοῦ
986 3901 1086 3974 τὴν
1120 3903 1361 3974 ἡμέραν,
1411 3906 1485 3968 ὡς
1519 3905 1796 3968 λέλεκται,

203 3991 527 4059 διαυγὰσαι,
565 3993 652 4045 ἵνα
689 3995 761 4063 μὴ
794 3995 885 4048 τδν
930 3995 1211 4066 κονιορτὸν
1265 3995 1595 4067 θεασάμενοι
1621 3999 1667 4051 οἱ
1699 4015 1798 4051 πο-

205 4085 392 4156 λέμιοι
442 4084 539 4156 τὴν
572 4087 879 4156 παρουσίαν
920 4086 1016 4139 τοῦ
1071 4088 1384 4157 στρατηγοῦ
1426 4091 1798 4156 ἐπιγνώσωσι,

206 4176 299 4228 τὸν
357 4176 556 4247 ὀχυρὸν
607 4179 769 4230 τόπον
811 4179 838 4231 6
877 4180 1182 4250 στρατηγὸς
1232 4181 1674 4251 καταλαμϐάνων
1709 4183 1800 4235 τὸν

207 4266 342 4318 [διον
425 4267 800 4336 ἀποκρυψάτω
863 4268 1011 4321 λαόν.
1077 4271 1345 4333 Κάκεῖνος
1413 4269 1530 4342 μετ’
1604 4271 1799 4338 ὀλίγων

211 4356 432 4410 ἱππέων
467 4358 860 4430 πλησιέστερον
917 4361 1159 4430 γενέσθω
1194 4363 1302 4416 τῶν
1353 4363 1665 4435 πολεμίων·
1703 4365 1799 4418 καὶ

208 4449 286 4512 εἰς
329 4450 544 4520 ὑψηλὴν
580 4453 869 4524 περιωπὴν
918 4454 1305 4525 ἀνερχόμενος,
1360 4457 1621 4527 καθαρῶς
1664 4459 1800 4529 ὁρᾷν

201 4542 330 4606 τοὺς
368 4543 667 4614 πολεμίους
696 4546 1011 4600 σπευσὰτω.
1045 4549 1157 4602 Καὶ
1178 4549 1383 4605 τούτων
1410 4553 1491 4614 εἰς
1524 4551 1799 4617 ἐξὲλευσιν

1925 669 2278 739 conjungere,
2313 687 2520 740 eosque
2572 671 2754 726 celerit
2801 717 2806 723 .
2842 672 2922 726 vel
2967 672 3036 727 ad
3085 671 3304 737 ducem,
3334 672 3422 726 vel
3443 675 3509 727 ad

1924 762 2060 817 alios
2112 771 2462 831 susceptores
2528 763 2844 831 perducere,
2873 763 2918 817 si
2952 763 3134 818 denuo
3188 762 3334 817 inter
3393 763 3508 817 haec

1923 855 2102 910 factus
2146 857 2356 918 itidem,
2399 856 2583 924 pabuli
2624 855 2789 909 dandi
2821 855 3166 926 causa,_loco
3195 863 3509 925 opportuno

1921 949 2206 1009 subsisrat.
2231 948 2602 1018 excubiasque
2650 960 2906 1004 externas
2948 947 3187 1003 dimittat
3215 948 3280 1001 ad
3321 962 3380 1002 se
3407 961 3507 1002 cu-

1920 1039 2288 1094 stodiendum.
2330 1041 2430 1096 Ubi
2472 1042 2730 1111 cognovit
2761 1042 2948 1097 hostes
2995 1039 3178 1094 denuo
3245 1041 3504 1100 movisse,

1921 1135 2036 1204 ipse
2090 1149 2308 1204 quoque
2360 1135 2625 1205 evestigio
2693 1135 2878 1189 exiens
2932 1134 3280 1204 insequatur,
3315 1132 3391 1186 ita
3446 1141 3507 1184 ut

1920 1237 2376 1296 utrqoueversum
2436 1228 2676 1283 tricenos
2720 1226 2936 1297 equites
2984 1227 3272 1288 dimittat:
3325 1238 3506 1294 neque

1919 1320 2137 1390 longius
2162 1329 2366 1383 tamen,
2391 1319 2484 1374 sed
2519 1330 2626 1374 tam
2663 1318 2998 1390 propinque,
3024 1329 3082 1372 ut
3123 1317 3359 1388 agminis
3387 1316 3506 1388 ejus

1916 1429 2082 1468 voces
2115 1413 2378 1468 exaudire
2414 1424 2638 1484 queant.
2665 1415 2707 1466 Α
2738 1423 2890 1484 tergo
2942 1411 3260 1483 prafectum
3307 1411 3506 1466 habeat

1915 1523 2040 1561 cum
2105 1509 2382 1577 equitibus
2438 1507 2839 1576 insequentem,
2891 1521 3032 1575 quos
3096 1519 3221 1560 saca
3283 1511 3501 1557 vocant.

1915 1600 2108 1671 Magno
2143 1611 2321 1655 autem
2349 1599 2418 1654 ab
2440 1600 2691 1653 hostibus
2730 1598 3017 1653 intervallo
3042 1599 3151 1653 dux
3184 1599 3286 1654 iter
3319 1597 3500 1659 faciat,

1913 1697 2062 1750 omni
2118 1682 2400 1764 diligentia
2445 1694 2710 1760 adhibita,
2742 1708 2808 1748 ne
2858 1692 3319 1757 animadvertant,
3367 1706 3426 1747 se
3471 1707 3501 1745 a

1914 1799 2062 1860 tergo
2087 1790 2233 1858 ipsos
2271 1788 2424 1856 sequi
2459 1805 2471 1840 :
2511 1789 2638 1841 item
2698 1795 2858 1840 caute
2911 1784 3271 1855 ingrediatur,
3305 1793 3363 1838 et
3408 1783 3502 1852 qui

1912 1883 2164 1952 proxime
2226 1883 2441 1936 hostem
2507 1879 2870 1948 insequantur
2923 1885 3181 1933 accurate
3232 1875 3504 1947 dispicere

1907 1977 2116 2047 jubeat,
2153 1991 2218 2030 ne
2257 1975 2399 2031 forte
2445 1973 2710 2045 quasdam
2748 1973 2977 2029 insidias
3017 1974 3202 2029 hostes
3261 1972 3504 2041 relique-

1915 2073 2045 2132 rint,
2081 2071 2148 2124 ad
2190 2069 2544 2139 insequentes
2595 2069 2888 2138 ipsumque
2946 2066 3144 2122 ducem
3195 2065 3502 2121 circumve-

1909 2163 2197 2218 niendum.
2241 2163 2398 2227 Quod
2444 2162 2499 2216 in
2552 2159 2920 2216 Tarsensibus
2973 2173 3116 2228 saepe
3169 2173 3272 2214 usu
3331 2158 3501 2213 venit.

1912 2255 2124 2310 Etenim
2189 2254 2504 2310 turmarcha
2571 2253 2695 2310 illos
2767 2256 3063 2324 insequens
3122 2267 3246 2307 cum
3305 2265 3500 2320 parum

1909 2348 2197 2418 diligenter
2250 2349 2400 2403 rivos
2457 2357 2584 2402 ante
2656 2361 2714 2402 se
2778 2347 3008 2416 locaque
3071 2359 3194 2416 quae
3256 2352 3502 2398 armatos

1908 2440 2088 2495 celare
2119 2449 2342 2509 possent
2363 2439 2726 2508 explorasset,
2759 2439 2826 2492 de
2859 2437 3164 2507 improviso
3194 2436 3248 2489 in
3280 2434 3498 2489 illorum

1910 2534 2140 2587 insidi-is
2203 2533 2516 2587 inciderunt
2574 2532 2768 2587 nostri.
2844 2532 3211 2598 Quamobrem
3278 2529 3497 2584 solertia
3557 2523 3573 2529 ’

1911 2636 2073 2695 atque
2111 2626 2389 2696 diligentia
2423 2641 2615 2695 magna
2659 2625 2706 2678 ei
2743 2626 2835 2694 qui
2881 2624 3189 2692 insequitur
3223 2636 3362 2690 opus
3391 2630 3495 2683 est,

1909 2733 1977 2773 ne
2044 2717 2313 2787 ejusmodi
2383 2719 2509 2786 quid
2568 2714 2804 2772 accidat.
2865 2718 3164 2786 Antequam
3239 2713 3500 2768 diluxerit

1907 2811 2101 2865 ducem
2157 2818 2392 2879 oportet,
2437 2809 2527 2863 ubi
2580 2809 2693 2879 jam
2748 2807 3008 2879 cognovit
3058 2821 3200 2877 quos
3233 2805 3286 2860 in
3335 2820 3498 2876 agros

1907 2902 2126 2956 vieosve
2154 2902 2441 2956 excursnri
2471 2901 2655 2955 hostes
2685 2901 2816 2964 sint,
2841 2898 2906 2954 ad
2940 2901 3188 2953 dextram
3241 2897 3499 2952 laevamve

1907 3009 2096 3048 eorum
2134 3009 2194 3048 se
2244 2993 2558 3055 deﬂectere,
2593 3008 2699 3062 qua
2735 2992 2912 3046 locum
2947 2991 3119 3061 magis
3149 3002 3344 3044 natura
3376 3003 3497 3043 mu-

1907 3086 2080 3139 nitum
2113 3087 2488 3153 conspicatur.
2523 3085 2588 3139 Et
2627 3085 2856 3140 citatum
2887 3099 3082 3154 agmen
3124 3083 3286 3153 203
3318 3080 3384 3136 ad
3411 3081 3498 3134 Ia-

1910 3189 1997 3233 tus
2017 3193 2208 3233 eorum
2247 3178 2604 3248 detorquens,
2643 3186 2940 3248 antequam
2999 3176 3322 3236 dilucescat,
3381 3177 3494 3230 sic-

1828 3277 1871 3334 c
1906 3265 1984 3322 uti
2016 3267 2276 3331 diximus,
2310 3282 2376 3320 ne
2407 3267 2788 3321 animadverso
2836 3266 3056 3334 pulvere
3087 3265 3271 3321 hostes
3299 3263 3494 3319 ducem

1905 3356 2100 3412 adesse
2155 3357 2485 3428 intelligant,
2545 3359 2667 3414 loco
2734 3359 2950 3412 munito
3010 3365 3276 3426 occupato
3339 3369 3494 3410 suam

1903 3448 1978 3503 ibi
2027 3465 2246 3504 manum
2303 3451 2487 3506 ahdat.
2521 3451 2648 3505 Inde
2694 3466 2816 3505 cum
2846 3450 3033 3520 paucis
3063 3448 3338 3519 equitibus
3371 3461 3495 3516 pro-

1904 3545 2025 3614 pius
2080 3545 2430 3600 adversarios
2483 3543 2731 3608 accedat,
2791 3551 2846 3598 et
2897 3557 3198 3598 conscensa
3271 3540 3492 3610 specula

1903 3638 2046 3693 edita
2081 3638 2168 3692 det
2209 3652 2457 3706 operam,
2483 3645 2543 3691 ut
2599 3635 2870 3706 dispicere
2896 3636 3043 3690 clare
3076 3634 3264 3689 hostes
3303 3641 3492 3702 queat.

1903 3728 2116 3795 Quibus
2142 3729 2207 3783 ad
2238 3728 2620 3783 excursionem
2651 3728 2885 3797 egressis
2914 3725 3302 3796 praldandique
3325 3740 3487 3779 causa

1903 3821 2208 3891 dissipatis,
2243 3821 2352 3874 dux
2415 3835 2516 3875 suo
2574 3835 2632 3874 se
2683 3821 2801 3874 loco
2867 3820 3142 3875 contineat
3203 3832 3377 3887 usque
3423 3818 3489 3871 ad

1903 3913 2118 3968 tertiam
2153 3913 2232 3967 vel
2264 3925 2516 3982 quartam
2562 3913 2667 3969 diei
2707 3914 2924 3978 horam,
2957 3914 3027 3968 ita
3061 3923 3118 3968 ut
3155 3912 3327 3967 aciem
3359 3926 3492 3966 con-

1903 4006 2102 4058 sideret
2179 4005 2400 4069 Aiiiirm,
2473 4021 2874 4075 numerumque
2944 4005 3226 4075 copiarum
3287 4011 3491 4057 attente

1901 4097 2152 4150 aestimet.
2179 4095 2284 4151 Sed
2317 4097 2408 4152 ubi
2436 4112 2764 4153 excursores
2797 4098 3018 4168 longius
3051 4112 3080 4151 a
3124 4096 3295 4166 signis
3320 4094 3488 4148 mmi—

1900 4204 1975 4242 rae
2016 4189 2392 4244 discesserunt
2428 4209 2441 4244 :
2471 4189 2690 4260 quando
2742 4189 2856 4244 lieri
2889 4204 2996 4244 non
3057 4196 3252 4258 potest,
3293 4196 3351 4241 ut
3404 4186 3486 4240 vel

1900 4279 2100 4343 redire,
2126 4279 2208 4334 vel
2263 4280 2498 4350 denique
2524 4281 2768 4350 praelium
2795 4297 2918 4336 cum
2968 4281 3086 4336 acie
3111 4281 3314 4334 Amirae
3336 4293 3489 4334 com-

1903 4373 2130 4427 missum
2182 4374 2620 4430 animadvertere
2658 4383 2886 4445 queant,
2913 4374 3162 4445 quolibet
3191 4379 3403 4437 ruente,
3428 4380 3489 4426 ut

1902 4464 2037 4518 vicis
2089 4467 2376 4534 occupatis
2439 4466 2682 4535 praedam
2737 4467 3209 4538 quamplurimam
3258 4465 3480 4534 capiat:

1901 4555 2017 4610 suis
2039 4555 2235 4610 turmis
2259 4557 2647 4613 convenienter
2672 4559 2957 4615 instructis
2982 4558 3036 4613 in
3065 4557 3237 4614 aciem
3261 4555 3482 4623 Amiraa,

1397 4732 1460 4789 C.
1503 4732 1561 4786 Β.
1606 4732 1790 4788 HASll
1821 4733 2388 4793 ANNOTATIONES.

272 4893 321 4926 ⁵⁸
351 4894 479 4949 ἐπεὶ
509 4894 726 4965 διέγνω.
762 4897 910 4954 Fort.
953 4899 1142 4970 ἐπειδὴ
1168 4901 1328 4968 ἔγνω.

277 5055 509 5133 (ιη-ρει
541 5071 673 5133 voce
704 5059 849 5133 σὰκα
890 5059 1011 5112 vide
1062 5057 1396 5133 Durangium
1435 5058 1683 5115 Glossar.
1730 5061 1794 5115 ll.

1909 5081 2035 5133 quo,
2073 5075 2130 5118 ut
2166 5069 2254 5122 hic
2279 5066 2490 5122 et152.
2526 5069 2592 5121 Α.
2626 5069 2840 5123 -156.D.
2879 5072 3000 5126 146.
3033 5073 3100 5126 Α.
3131 5074 3250 5127 117.
3285 5076 3486 5129 Α.149

206 5129 366 5183 1319.
405 5127 466 5180 Β.
519 5128 611 5180 ubi
642 5138 749 5181 tota
784 5130 896 5182 haec
948 5129 1370 5197 comprehensio
1418 5140 1678 5198 tanquam
1727 5146 1796 5185 ex

205 5210 435 5251 auctore
461 5200 1031 5266 anonymodescripta
1061 5209 1162 5252 est.
1201 5198 1277 5251 Ex
1312 5199 1446 5255 locis
1489 5212 1670 5256 autem
1726 5203 1798 5257 ibi

203 5269 390 5323 allatis
428 5269 747 5336 nostrisque
781 5271 906 5324 146.
936 5270 994 5321 Β.
1026 5270 1142 5322 H7.
1169 5269 1224 5320 Β.
1264 5270 1385 5323 166.
1416 5273 1478 5325 C.
1520 5273 1579 5326 Ι).
1640 5273 1799 5328 intel-

204 5339 364 5408 liges,
398 5340 483 5392 sic
511 5340 784 5392 nominari
815 5351 1054 5394 turmam
1086 5341 1357 5408 equitum,
1392 5345 1668 5398 exercitus
1713 5346 1798 5398 in-

200 5410 456 5463 cedentis
487 5424 681 5476 agmeu
727 5411 1100 5474 claudentem,
1135 5411 1204 5463 ita
1239 5420 1445 5476 tamen,
1482 5425 1540 5466 ut
1567 5425 1685 5467 rato
1714 5418 1796 5468 in-

202 5481 437 5549 tervallo
464 5495 489 5530 a
517 5482 815 5534 tn‘rvissimo
857 5484 1070 5548 agmine
1093 5481 1253 5535 absit.
1284 5482 1439 5549 Apud
1472 5483 1792 5544 Continuat.

203 5547 526 5618 Theophan.
549 5550 674 5603 298.
694 5552 758 5605 Α.
789 5554 1004 5605 videtur
1031 5568 1153 5607 esse
1176 5547 1362 5618 agmen
1387 5555 1789 5614 subsidiarium.

201 5620 671 5690 (ῥοιιιτωὶιιιιιητοῦ
707 5624 849 5675 σὰκα
878 5633 958 5676 est
983 5637 1176 5690 agmen
1211 5625 1724 5690 antesignanorum,
1763 5648 1789 5682 ιι

206 5690 501 5762 Saracenis
538 5689 902 5762 Tarsensibus
931 5689 1195 5757 “credunt,
1228 5689 1464 5760 βὲρεδον,
1517 5704 1789 5762 vocatum,

207 5759 324 5812 156.
359 5761 422 5814 (Σ.
457 5768 510 5811 et
542 5760 658 5814 137.
690 5762 753 5815 Δ.

300 5828 700 5910 isillis/.15».
882 5836 1163 5910 prtoilsﬂ
1205 5837 1374 5909 Hujus
1427 5839 1575 5890 Vocis
1629 5841 1787 5905 paulo

206 5906 433 5956 ra.ioris
465 5906 952 5971 autepcnultimam
985 5906 1156 5962 Collo.
1194 5906 1360 5964 no§tri
1403 5918 1606 5962 acuunt
1662 5911 1782 5965 ubi—

1904 5138 1965 5188 Α.
2003 5136 2123 5190 15:2.
2162 5139 2394 5212 A_.__161.
2429 5139 2493 5212 A_.
2520 5140 2606 5212 cui
2632 5150 2684 5194 et
2715 5142 2964 5209 analogia
2994 5142 3281 5212 sull'ragari
3327 5146 3481 5200 vitle-

1901 5216 1990 5260 tnr
2025 5208 2442 5280 (eonf.\Vagner
2463 5207 2628 5263 Lehre
2660 5228 2756 5264 von
2788 5207 3137 5268 denizlccent.
3166 5207 3289 5270 129.
3321 5215 3406 5280 Β.)
3429 5227 3483 5272 et

1903 5279 2510 5354 patrocinantnspodii.
2530 5282 2915 5354 etlitionesqoe
2943 5286 2996 5338 S.
3023 5283 3319 5354 Epiphanii
3343 5279 3474 5342 Adv.

1899 5348 2029 5402 Im'r.
2057 5351 2093 5402 I.
2128 5351 2286 5404 1076.
2330 5351 2387 5404 D.
2417 5350 2574 5404 1106.
2607 5353 2673 5406 A.
2709 5354 2766 5406 S.
2796 5348 3018 5408 Μυσία-Η
3052 5348 3251 5410 lloinil.
3285 5374 3477 5413 xxvnr.

1901 5419 1976 5472 De
2008 5421 2308 5495 calamitgt.
2344 5423 2538 5495 quinia:
2556 5423 2681 5476 385.
2721 5427 2784 5477 Α.
2817 5425 3123 5495 lncertique
3158 5427 3227 5480 lle
3257 5427 3479 5484 Persica

1900 5492 2147 5565 capiivit.
2189 5492 2314 5546 529.
2351 5491 2411 5544 Β.
2441 5493 2646 5565 Contra
2676 5491 3212 5565 penultimam-acnit
3253 5499 3481 5552 Schnei-

1898 5561 2062 5616 rlerus
2093 5565 2174 5615 vir
2216 5579 2465 5618 sun'imus
2494 5565 2544 5617 in
2581 5561 2766 5620 Leiic.
2798 5564 2862 5619 ll.
2897 5569 2983 5622 73.
3022 5567 3083 5623 C.
3116 5583 3179 5621 ex
3209 5567 3388 5622 fabula
3423 5572 3478 5623 in

1897 5629 2182 5706 'I‘yrwhilti
2223 5632 2363 5706 Diss.
2399 5635 2466 5706 de
2500 5633 2696 5706 Bahrio
2728 5653 2780 5702 p.
2836 5638 2900 5690 19.
2953 5638 3258 5706 eodemque
3320 5640 3480 5693 modo

1895 5704 2084 5756 scribit
2110 5703 2434 5758 Ammonius
2456 5703 2528 5757 Ile
2557 5704 2656 5759 SS.
2695 5709 2976 5763 monachis
3004 5703 3228 5762 Sinaitis
3259 5709 3374 5762 109.
3413 5710 3476 5764 C.

1893 5772 2072 5848 Certe
2097 5773 2418 5848 adverbium
2469 5776 2744 5848 μακρύθεν
2784 5780 3126 5848 paenacuitur
3169 5779 3249 5833 vel
3287 5781 3338 5832 in
3380 5795 3478 5834 no-

1891 5853 2004 5898 slt'o
2035 5844 2165 5899 Cod.
2207 5843 2327 5900 1'33.
2351 5845 2409 5898 D.
2453 5843 2662 5900 131.1}.
