4178 6522
701 407 799 469 9ὖί

1989 419 2406 482 NICEPHORI
2447 422 2714 484 ΡΗΟΟιΕ

3879 439 3994 502 952

697 515 808 580 iam
865 523 1288 596 infrequentem,
1325 527 1738 599 impressionem
1802 531 2023 594 faciens,
2056 533 2150 586 Dei
2185 549 2278 604 ope

2392 533 2689 604 ὁρμώντων
2733 535 2828 588 καὶ
2875 535 3426 608 διασκορπιζομένων
3463 541 3599 612 πρὸς
3632 545 3804 607 λείαν.
3837 567 3987 619 καρ-

697 615 925 671 victoria
960 619 1218 687 potietur,
1255 629 1308 674 et
1358 620 1747 677 internecivam
1774 623 1981 678 cladem
2029 625 2282 682 hostibus

699 709 914 765 inferet.
977 710 1086 765 Sed
1136 713 1181 768 si
1233 728 1342 766 non
1378 715 1543 769 audet
1598 716 1772 770 aciem
1831 717 2074 786 aggredi,
2131 721 2280 789 quod

699 804 899 857 multas
927 812 981 857 et
1003 803 1294 861 bellicosas
1319 808 1506 872 copias
1545 809 1773 880 suisque
1831 809 2106 866 ﬁrmiores
2136 813 2186 866 in
2217 828 2279 866 ea

695 895 842 949 videt
879 914 891 950 :
932 912 962 952 e
988 905 1306 956 transverso
1337 917 1400 955 ac
1455 901 1692 972 longius,
1717 903 1930 957 occulta
1984 912 2038 957 et
2079 919 2282 974 Oppor-

695 997 823 1040 tuna
865 988 974 1052 via,
1017 991 1345 1060 agmineque
1374 1003 1641 1062 quantum
1675 1009 1814 1063 opus
1844 1003 1932 1049 est
1977 995 2145 1050 citato
2185 995 2281 1050 ab-

691 1089 804 1143 eat,
834 1081 901 1136 ad
933 1097 1263 1140 excursores
1299 1085 1580 1154 dispersos
1613 1088 2025 1157 opprimendos.
2059 1091 2138 1144 Ac
2187 1105 2284 1160 per

695 1184 872 1230 totum
940 1177 1080 1231 diem
1144 1178 1421 1249 exagitare
1493 1182 1614 1236 illos
1675 1182 1972 1252 dissipatos
2031 1183 2278 1249 studens,

696 1266 953 1334 praeclare
993 1284 1131 1335 rem,
1172 1272 1396 1325 numine
1453 1274 1886 1338 obsecundante,
1937 1285 2144 1347 egeret.
2182 1277 2284 1332 De-

694 1357 782 1410 bet
823 1369 1083 1424 prreterea
1143 1364 1461 1430 praefectum
1493 1365 1786 1434 probatum
1847 1383 1969 1422 cum
2033 1369 2282 1437 pauculis

697 1450 981 1518 equitibus
1005 1469 1034 1507 a
1068 1463 1219 1522 tergo
1264 1455 1485 1522 habere,
1510 1457 1674 1530 204
1729 1460 1820 1528 qui
1854 1461 2057 1514 Amiraa
2110 1462 2281 1514 aciem

691 1542 874 1597 videat
899 1561 962 1600 ac
995 1548 1331 1614 speculetur,
1365 1557 1418 1602 et
1457 1549 1523 1602 de
1571 1551 1683 1615 illa,
1715 1551 2176 1620 quemadmodum
2223 1567 2284 1606 se

693 1645 930 1701 moveat,
964 1637 1066 1693 sibi
1097 1640 1478 1695 renunciet.Si
1511 1641 1731 1710 globum
1771 1659 2001 1698 numero
2030 1643 2284 1713 frequen-

688 1742 794 1782 tem
843 1728 954 1784 dux
985 1731 1232 1797 olfendit,
1271 1733 1363 1803 qui
1400 1733 1652 1789 hostibus
1696 1736 1993 1804 praedatum
2025 1737 2286 1806 dispersis

686 1820 943 1888 praesidio
1000 1823 1088 1887 sit,
1145 1824 1396 1880 bifariam
1455 1827 1659 1882 dividat
1719 1844 1939 1883 manum
1992 1847 2171 1896 suam,
2228 1839 2281 1885 et

2397 625 2686 694 τερησάτω
2707 625 2736 677 ό
2763 625 3069 694 στρατηγὸς
3099 627 3158 677 ἐν
3183 627 3378 698 ἐκείνῳ
3423 628 3500 699 τῷ
3526 630 3678 701 τόπῳ
3705 633 3834 704 ἄχρι
3865 637 3991 704 τρί-

2387 733 2488 786 της
2525 715 2558 788 ἢ
2591 717 2684 771 καὶ
2735 718 3006 788 τετάρτης
3050 717 3201 788 ῶρας
3243 718 3345 787 τῆς
3393 720 3628 790 ἡμέρας,
3665 724 3766 795 τὴν
3797 726 3982 795 παρά⁴

2385 810 2542 875 ταξιν
2571 809 2666 863 τοῦ
2717 811 2940 880 Ἀμηρᾶ
2974 809 3219 881 θεωρῶν,
3262 814 3355 864 καὶ
3397 812 3646 882 ἀκριϐῶς
3678 815 3737 868 τὸ
3771 815 3985 886 πλῆθος

2389 902 2484 954 τοῦ
2521 902 2652 956 λαοῦ
2685 902 3108 973 στοχαζόμενος.
3145 903 3298 958 Ἑπεί
3326 905 3370 957 δ’
3394 907 3442 958 οἰ
3474 906 3758 976 μέλλοντες
3789 910 3986 974 ἐξελά-

2389 1009 2479 1047 σαι
2513 996 2702 1066 πόρρω
2734 1013 2838 1048 που
2888 996 2990 1065 τῆς
3021 995 3380 1067 παρατάξεως
3410 999 3507 1052 τοῦ
3552 1000 3770 1071 Ἀμηρᾶ
3819 1006 3988 1070 γεγό-

2387 1103 2541 1140 νασιν
2557 1101 2571 1115 '
2591 1087 2665 1150 ῶς
2687 1089 2762 1158 μὴ
2780 1088 3009 1142 δυνατόν
3030 1092 3148 1144 ἐστι
3170 1089 3332 1144 πάλιν
3354 1091 3577 1155 τούτους
3594 1093 3984 1165 ὑποστρέφειν,

2386 1178 2418 1247 ἦ
2449 1179 2750 1247 ἐπιγνῶναι
2787 1181 2876 1234 τὸν
2907 1181 3050 1235 κατά
3078 1182 3181 1252 τῆς
3227 1184 3590 1254 παρατάξεως
3624 1187 3717 1238 τοῦ
3762 1189 3988 1258 Ἀμηρὶ

2387 1269 2700 1340 ἀναφθέντα
2753 1273 3018 1343 πόλεμον,
3069 1274 3304 1328 ἕκαστον
3356 1277 3658 1332 σπεύδοντα
3689 1279 3757 1331 τὰ
3801 1281 3986 1350 χωρία

2390 1361 2741 1428 καταλαϐεῖν,
2777 1364 2872 1416 καὶ
2901 1365 3051 1418 λείαν
3075 1365 3160 1418 ὅτι
3193 1367 3456 1437 πλείστην
3489 1368 3817 1438 πορίσασθαι
3841 1386 3854 1397 ⁸
3883 1371 3987 1434 τὰς

2391 1451 2526 1516 ἰδίας
2560 1455 2888 1524 παραταγάς
2914 1455 2990 1519 ὼς
3033 1456 3117 1509 δεῖ
3163 1457 3521 1525 εὐτρεπίσας,
3559 1460 3700 1511 κατὰ
3749 1461 3851 1528 τῆς
3884 1462 3984 1514 τοῦ

2400 1543 2617 1615 Ἀμηρᾶ
2669 1547 3031 1618 παρατάξεως
3082 1549 3514 1620 όλιγανδρούσης
3562 1551 3659 1621 τὴν
3690 1553 3984 1606 ἐπέλευσιν

2388 1636 2694 1705 ποιησάτω,
2731 1641 2824 1690 καὶ
2853 1639 2989 1692 Θεοῦ
3042 1643 3305 1712 συνεργίᾳ
3334 1641 3434 1710 τῆς
3479 1643 3636 1711 νίκης
3684 1644 3983 1713 κρατήσει,

2387 1727 2485 1779 καὶ
2515 1728 2730 1782 τελείαν
2782 1729 3147 1800 πανολεθρίαν
3196 1735 3309 1795 τοῖς
3346 1731 3627 1802 πολεμίοις
3661 1733 3982 1805 ἐργάσεται.

2388 1816 2449 1868 Εἰ
2479 1817 2536 1870 δὲ
2580 1819 2724 1872 κατά
2772 1821 2868 1890 τῆς
2910 1822 3276 1893 παρατάξεως
3309 1823 3559 1876 ἐπελθεῖν
3588 1825 3648 1876 οὐ
3687 1824 3983 1896 θαρρήσει.

688 1914 886 1971 nartim
951 1916 1266 1984 praemittat,
1326 1919 1418 1986 qui
1470 1933 1594 1973 cum
1664 1921 1766 1974 hoc
1830 1921 1988 1991 globo
2045 1937 2277 1991 pugnam

2391 1908 2591 1978 πολλὴν
2640 1912 2735 1963 καὶ¹
2784 1913 3068 1982 ἀξιόλογον
3103 1913 3334 1984 δύναμιν
3376 1915 3519 1984 ὁρῶν
3556 1917 3612 1968 ἐν
3646 1916 3806 1987 αὐτῇ,
3838 1917 3985 1987 ὐπέρ

687 2007 896 2061 ineant.
928 2007 1138 2072 Quibus
1182 2009 1580 2079 praeliantibus,
1617 2012 2007 2082 evestigiodux
2062 2029 2280 2084 quoque

685 2114 810 2152 cum
865 2115 964 2154 sua
999 2101 1118 2156 acie
1171 2103 1418 2170 proxime
1477 2104 1821 2173 subsequens
1861 2107 2058 2162 acriter
2117 2118 2281 2178 atque

684 2191 931 2246 animose
983 2208 1104 2247 cum
1147 2195 1384 2249 clamore
1438 2204 1492 2250 et
1533 2197 1740 2251 barritu
1796 2199 2002 2254 cursim
2070 2201 2122 2253 in
2162 2201 2282 2255 illos

683 2299 742 2336 se
765 2283 975 2348 incitet,
1005 2299 1212 2354 eosque
1242 2285 1336 2340 Dei
1365 2288 1570 2343 auxilio
1602 2288 1755 2345 fusos
1810 2300 2168 2362 persequetur
2217 2307 2280 2347 ac

687 2373 934 2430 funditus
988 2376 1215 2432 delebit.
1240 2378 1394 2445 Quod
1446 2383 1514 2446 si,
1581 2385 1808 2436 numine
1844 2384 2278 2452 obsecundante,

683 2466 792 2523 dux
832 2468 969 2522 bene
1001 2485 1113 2524 rem
1145 2472 1335 2542 gessit,
1369 2475 1699 2540 compressis
1753 2476 2087 2533 adversariis
2144 2495 2280 2549 prae-

684 2561 870 2614 datum
921 2565 1159 2631 egressis
1191 2565 1236 2617 si
1295 2581 1555 2635 magnum
1611 2575 1774 2638 atque
1811 2569 2024 2639 insigne
2065 2572 2281 2627 facinus

683 2650 882 2717 cll'ecit,
908 2655 1241 2710 credendum
1290 2667 1374 2711 est
1427 2659 1612 2714 hostes
1651 2676 1774 2714 cum
1805 2661 2004 2728 probro
2056 2663 2278 2718 domum

684 2744 976 2800 redituros.
1023 2743 1127 2800 Sed
1159 2747 1204 2802 si
1231 2749 1466 2818 amplius
1495 2750 1548 2804 in
1576 2751 1785 2807 ditione
1822 2762 2007 2808 nostra
2031 2768 2280 2811 commo-

682 2835 791 2889 rari
833 2846 1163 2902 statuerunt,
1199 2839 1306 2893 dux
1338 2851 1620 2910 assumpto
1655 2859 1756 2899 suo
1790 2845 2006 2913 agmine
2066 2846 2281 2917 longius

683 2927 754 2982 ab
787 2928 895 2984 illis
935 2929 1202 2995 discedat,
1242 2931 1343 2987 hoc
1372 2944 1456 2988 est
1482 2934 1534 2988 in
1567 2935 1684 2990 loca
1717 2936 1933 3001 idonea,
1959 2939 2049 2992 ubi
2082 2939 2283 2994 milites

682 3036 814 3075 suos
858 3019 1184 3091 delatigatos
1216 3041 1312 3095 per
1369 3026 1608 3082 triduum
1637 3029 1866 3093 reticiat,
1895 3030 2154 3100 solosque
2188 3032 2280 3101 qui

683 3113 957 3180 speculari
1003 3113 1220 3179 debent,
1253 3116 1415 3170 sicuti
1448 3116 1560 3185 jam
1624 3119 2005 3186 exposuimus,
2037 3119 2283 3188 quotidie

683 3203 916 3258 emittat.
971 3205 1188 3258 Atenim
1237 3204 1328 3258 ubi
1385 3205 1662 3276 cognovit,
1691 3222 1787 3261 eos
1835 3207 1990 3277 signa
2046 3209 2282 3263 movisse

2385 2001 2484 2070 τὴν
2514 2002 2649 2055 ἰδίαν
2673 2019 2685 2032 ·
2712 2005 2835 2057 τότε
2854 2007 2918 2058 ἐκ
2942 2005 3176 2074 πλαγίου
3204 2008 3296 2060 καὶ
3318 2007 3593 2079 μακρόθεν
3617 2008 3706 2061 διὰ
3727 2010 3985 2080 κρυπτῆς

2386 2094 2480 2145 καὶ
2513 2095 2829 2165 ἐπιτηδείας
2876 2097 2998 2150 ὁδοῦ
3035 2099 3263 2168 ὁρμάτω
3299 2099 3398 2152 σὺν
3445 2100 3636 2172 ἐλασία
3662 2103 3727 2171 τῇ
3766 2119 3984 2172 προση-

2387 2185 2584 2256 κούσῃ,
2644 2190 2972 2244 καταλαϐεῖν
3017 2191 3077 2244 τὸ
3133 2192 3450 2263 σκόρπισμα
3503 2195 3613 2246 τῶν
3678 2195 3980 2263 πολεμίων.

2387 2281 2496 2332 Καὶ
2527 2281 2594 2333 δι’
2628 2281 2756 2352 ὅλης
2779 2283 2879 2353 τῆς
2899 2286 3118 2354 ἡμέρας
3151 2285 3475 2356 ἐπιδραμεῖν
3497 2289 3679 2350 αὐτοῖς
3714 2289 3985 2355 ἀγωνίσεο

2384 2388 2496 2436 ται,
2517 2373 2997 2444 διεσκεδασμένοις
3023 2365 3166 2442 οὖσι,
3192 2379 3288 2431 καὶ
3320 2378 3599 2448 ἀξιόλογον
3623 2380 3806 2450 ἔργον,
3838 2379 3981 2433 Θεοῦ

2388 2466 2713 2538 συμμαχίᾳ,
2791 2469 3120 2523 ἐπιτελέσει.
3175 2470 3412 2538 Ὀφείλει
3463 2469 3556 2523 οὖν
3601 2473 3694 2522 καὶ
3740 2471 3982 2540 ἄρχοντα

2385 2557 2493 2609 τῶν
2517 2559 2808 2628 χρησίμων
2827 2560 2966 2627 μετά
2987 2561 3287 2629 ὀλιγοστῶν
3320 2561 3532 2614 ἱππέων
3556 2560 3781 2613 ὄπισθεν
3803 2562 3979 2630 ἔχειν,

2387 2649 2654 2719 βλέποντα
2688 2653 2783 2704 καὶ
2811 2652 3241 2706 ἁποσκοποῦντα
3276 2655 3372 2723 τὴν
3395 2652 3490 2706 τοῦ
3535 2653 3759 2723 Ἀμηρᾶ
3788 2653 3978 2722 παρά-

2384 2742 2559 2807 ταξιν,
2594 2743 2688 2796 καὶ
2723 2744 2788 2797 τὰ
2823 2745 2953 2813 περὶ
2990 2745 3184 2814 αὐτῆς,
3217 2745 3290 2808 ὡς
3319 2745 3385 2798 ἂν
3431 2745 3766 2816 ὁδοιπορείη,
3807 2763 3983 2799 κατα-

2389 2836 2616 2906 μηνύειν
2660 2836 2832 2906 αὐτῷ.
2886 2837 2946 2888 Εἰ
2975 2837 3030 2890 δὲ
3067 2837 3159 2889 καὶ
3212 2837 3469 2906 φοῦλκον,
3503 2836 3564 2888 τὸ
3597 2839 3676 2898 εἰς
3727 2837 3979 2907 φυλακὴν

2385 2927 2495 2980 τῶν
2526 2927 3070 2998 διασκορπιζομένων
3121 2928 3258 2998 πρὸς
3304 2929 3456 2980 λείαν
3487 2928 3768 2998 πολεμίων
3795 2930 3978 2999 ὑπαρ-

2386 3037 2499 3090 χον,
2545 3022 2869 3091 συναντήσει
2902 3025 2928 3074 ὁ
2958 3023 3263 3093 στρατηγὸς
3297 3021 3504 3091 πλῆθος
3545 3023 3691 3091 ἕχον,
3735 3022 3862 3091 διχῆ
3888 3025 3980 3074 τὸν

2385 3113 2515 3167 λαὸν
2568 3113 2736 3168 αὐτοῦ
2789 3114 2961 3186 διέλῃ.
3021 3115 3115 3168 καὶ
3169 3115 3480 3186 ἔμπροσθεν
3522 3116 3618 3185 μὲν
3668 3115 3974 3188 ἀποστείλῃ

2387 3207 2514 3269 τοὺς
2538 3207 2856 3275 ὀφείλοντας
2891 3206 3031 3277 μετά
3062 3205 3155 3260 τοῦ
3190 3208 3424 3277 φούλκου
3450 3208 3684 3276 συνάψαι
3713 3209 3977 3279 πόλεμον.

685 3295 948 3349 redeundi
993 3313 1177 3360 causa,
1205 3297 1466 3368 evestigio
1504 3315 1600 3369 per
1633 3298 1948 3369 praefectum
1987 3301 2276 3370 probatum

2386 3297 2602 3352 Τούτων
2654 3298 2710 3351 δὲ
2766 3299 3186 3371 συρραγέντων,
3240 3300 3404 3362 εὐθὺς
3454 3301 3547 3352 καὶ
3595 3301 3622 3352 ὁ
3669 3301 3980 3369 στρατηγὸς

685 3404 882 3456 magna
903 3390 1181 3445 celeritate
1232 3391 1462 3446 missum
1497 3394 1548 3447 in
1607 3394 2003 3462 asperitatibus
2067 3395 2278 3449 viarum

2386 3394 2526 3463 μετά
2556 3392 2655 3460 τῆς
2685 3393 3053 3462 παρατάξεως
3103 3393 3272 3445 αὐτοῦ
3307 3393 3538 3462 πλησίον
3585 3394 3978 3448 ἐπακολουθῶν

683 3481 966 3549 pedestres
1023 3483 1212 3551 copias
1244 3495 1538 3555 congreget
1572 3501 1584 3536 :
1622 3486 1847 3554 ipseque
1891 3487 1998 3540 dux
2032 3488 2278 3542 connita-

2386 3484 2549 3550 ὀξέως
2581 3484 2677 3537 καὶ
2712 3484 2993 3554 εὐτόλμως
3041 3486 3180 3554 μετά
3213 3485 3466 3554 κραυγῆς
3507 3486 3603 3536 καὶ
3638 3485 3969 3555 ἀλαλαγμοῦ

685 3585 794 3637 tur,
821 3582 880 3628 ut
919 3589 1097 3643 neque
1125 3585 1282 3631 nocte
1313 3593 1493 3645 neque
1551 3577 1786 3631 interdiu
1855 3587 2063 3644 partem
2114 3577 2277 3632 ullam

682 3666 864 3736 capiat
913 3667 1134 3736 quietis,
1162 3669 1255 3723 sed
1291 3668 1567 3723 celeritate
1615 3669 1851 3722 maxima
1885 3684 1980 3723 eos
2027 3684 2267 3738 praecur-

683 3769 788 3821 rat,
821 3765 874 3813 et
917 3759 1187 3816 universis
1217 3761 1564 3828 pedestribus
1597 3760 2057 3830 equestribusque
2091 3760 2266 3830 copiis

683 3851 818 3906 bene
879 3853 1200 3922 pra-paratis
1251 3852 1660 3907 dimicationem
1707 3853 1971 3907 adversus
2019 3853 2144 3907 illos
2189 3852 2272 3906 in-

683 3952 881 4010 struat,
929 3945 1388 4014 quemadmodum
1437 3945 1599 4015 205
1647 3945 1901 4013 superius
1957 3946 2272 4015 singillatim

680 4037 1058 4106 exposuimus.
1084 4035 1237 4103 Quod
1268 4037 1400 4092 siita
1421 4036 1634 4099 fecerit,
1665 4038 1837 4106 gratia
1870 4036 2098 4092 Christi.
2135 4053 2270 4092 auc-

682 4133 903 4186 toritate
961 4145 1093 4185 vero
1129 4139 1294 4200 atque
1361 4128 1759 4184 intercessione
1791 4131 2129 4182 intemeratae
2159 4144 2274 4182 ma-

681 4221 780 4276 tris
802 4221 944 4290 ejus,
974 4222 1162 4291 praalio
1191 4237 1315 4276 cum
1352 4221 1601 4276 hostibus
1643 4222 1942 4275 commisso
1988 4235 2102 4274 rem
2132 4221 2273 4275 obti-

680 4315 854 4370 nebit.
882 4315 1058 4386 Atque
1087 4316 1202 4370 hmc
1223 4315 1443 4385 quidem
1477 4314 1556 4369 sic
1588 4329 1647 4369 se
1678 4313 1899 4366 babent.

2383 3577 2480 3628 σὺν
2508 3575 2701 3648 ὲλασίᾳ
2728 3577 2848 3630 κατ’
2873 3577 3054 3628 αὐτῶν
3084 3576 3405 3647 ὀρμησάτω,
3445 3576 3540 3629 καὶ
3562 3577 3809 3639 τούτους,
3840 3578 3975 3630 Θεοῦ

2383 3669 2626 3740 βοηθείᾳ,
2661 3669 3090 3739 τροπωσάμενος
3134 3669 3459 3735 καταδιὼξει
3484 3669 3568 3740 [Ρ.
3602 3669 3728 3741 152]
3759 3670 3859 3722 καὶ
3885 3687 3976 3722 τεο

2373 3761 2532 3824 λείως
2560 3762 3017 3830 καταγωνίσεται.
3058 3761 3119 3813 Εί
3151 3760 3243 3814 οὖν
3264 3760 3398 3814 Θεοῦ
3433 3761 3693 3831 συνεργίᾳ
3731 3760 3974 3828 εὐοδωθῇ

2378 3852 2406 3904 ὁ
2436 3851 2766 3922 στρατηγὸς,
2805 3852 2899 3904 καὶ
2929 3851 3057 3913 τοὺς
3091 3851 3172 3914 εἰς
3209 3850 3360 3903 λείαν
3401 3851 3778 3921 ἐκδραμόντας
3812 3852 3975 3902 πολε-

2386 3943 2540 4012 μίους
2567 3941 3085 4013 κατατροπώσηται,
3115 3944 3161 3994 εἰ
3187 3943 3284 4012 μὲν
3306 3943 3550 4013 μεγάλην
3576 3945 3670 3995 καὶ
3692 3942 3976 4009 ἀξιόλογον

2382 4032 2630 4086 δουλείαν
2655 4033 2981 4104 ἐργάσηται,
3013 4035 3158 4097 εἰκός
3182 4036 3298 4087 ἐστι
3323 4037 3446 4098 τοὺς
3473 4035 3699 4104 ἐχθροὺς
3726 4037 3858 4102 πρὸς
3881 4034 3979 4102 τὴν

2385 4127 2524 4180 ἰδίαν
2587 4127 2770 4198 χώραν
2838 4127 3180 4198 ὑποστρέψαι
3237 4129 3354 4198 μετ’
3413 4128 3694 4196 αἰσχύνης.
3731 4128 3873 4179 Εἰδέ
3899 4127 3979 4178 ἔτι

2380 4221 2438 4272 ἐν
2487 4223 2554 4291 τῇ
2590 4221 2837 4291 ἡμετέρα
2868 4220 3120 4290 χρονίσαι
3167 4220 3454 4290 μελετῶσι,
3483 4223 3574 4272 τὸν
3618 4221 3751 4272 [διον
3796 4219 3924 4272 λαὸν
3954 4222 3979 4271 ὁ

2383 4315 2694 4384 στρατηγὸς
2739 4313 3259 4383 ἀναλαμϐανόμενος
3308 4313 3548 4384 μήκοθεν
3579 4312 3827 4380 γενέσθω
3869 4312 3978 4363 τῶν

680 4407 982 4477 πολεμίων,
1016 4411 1072 4460 ἐν
1104 4407 1438 4478 ἐπιτηδείοις
1488 4403 1734 4475 δηλονότι
1763 4404 2008 4474 χωρίοις,
2077 4406 2171 4459 καὶ
2211 4405 2302 4458 τὸν
2341 4406 2468 4458 λαὸν
2506 4405 2674 4458 αὐτοῦ
2699 4405 3012 4458 κατάκοπον
3037 4408 3078 4435 ⁸³
3105 4407 3232 4459 ὄντα
3263 4406 3355 4460 ἐπὶ
3422 4407 3635 4476 ἡμέρας
3692 4409 3843 4476 τρεῖς
3899 4406 3962 4457 δι

681 4501 1078 4564 αναπαυσάτω,
1115 4500 1307 4570 μόνους
1336 4500 1462 4561 τοὺς
1499 4498 1836 4568 παραμένειν
1867 4498 2205 4566 ὀφείλοντας,
2235 4499 2309 4562 ὡς
2351 4499 2450 4570 ἤδη
2532 4497 2853 4570 ἐξεθέμεθα,
2906 4500 3256 4552 ἀποστέλλων
3308 4501 3516 4570 ἑκάστῃ
3567 4501 3777 4571 ἡμέρᾳ..
3831 4500 3978 4567 Πρὸς

682 4594 1034 4665 ὑποστροφὴν
1063 4593 1119 4646 δὲ
1164 4593 1455 4662 ὁρμῶντας
1486 4592 1712 4653 τούτους
1773 4594 1801 4644 ὁ
1829 4593 2135 4662 στρατηγὸς
2187 4594 2470 4659 ἐπιγνοὺς,
2546 4594 2866 4664 παραυτίκα
2899 4595 3058 4664 τάχει
3089 4595 3270 4664 πολλῷ
3338 4597 3576 4666 ἄρχοντα
3629 4595 3739 4646 τῶν
3781 4593 3976 4663 χρησί-

683 4708 799 4758 μων
844 4687 1214 4752 ἀποστείλας,
1260 4685 1324 4738 τὸ
1364 4684 1592 4749 πεζικὸν
1652 4683 1972 4755 στράτευμα
2033 4686 2112 4746 εἰς
2171 4684 2270 4748 τάς
2311 4683 2620 4756 δυσχωρίας
2651 4685 2760 4738 τῶν
2825 4685 2962 4738 ὁδῶν
3027 4686 3491 4756 ἐπισωρευσάτωο
3536 4685 3630 4736 καὶ
3665 4684 3831 4744 αὐτὸς
3866 4683 3922 4735 δὲ
3953 4683 3980 4733 ό

683 4783 989 4853 στρατηγὸς
1031 4782 1344 4843 σπευσάτω,
1397 4781 1471 4849 μὴ
1502 4781 1559 4832 ἐν
1593 4780 1750 4832 νυκτὶ
1805 4778 1940 4849 μηδέ
1986 4781 2046 4831 ἐν
2082 4781 2264 4850 ἡμέρᾳ
2304 4781 2495 4833 ἑαυτὸν
2527 4781 2710 4843 ποσῶς
2780 4781 2847 4834 ἂν
2909 4780 3250 4843 ἀναπαῦσαι,
3291 4779 3431 4832 ἀλλὰ
3465 4781 3561 4832 σὺν
3588 4780 3748 4847 τάχει
3796 4778 3978 4844 πολλῴ

681 4877 991 4949 ἔμπροσθεν
1029 4875 1212 4930 αὐτῶν
1263 4874 1527 4942 γενέσθω,
1597 4873 1694 4925 καὶ
1741 4872 1924 4936 καλῶς
1990 4875 2424 4943 παρασκευάσας
2465 4876 2611 4928 ἅπαν
2675 4874 2735 4926 τὸ
2774 4874 2881 4926 τῶν
2931 4874 3114 4938 πεζῶν
3147 4873 3242 4927 καὶ
3300 4873 3511 4926 ἰππέων
3585 4871 3755 4924 αὐτοῦ
3810 4870 3978 4938 στρά-

679 4987 880 5039 τευμα,
918 4969 1008 5022 τον
1041 4971 1162 5022 κατ’
1225 4967 1406 5021 αὐτῶν
1458 4966 1694 5037 πόλεμον
1746 4966 2019 5030 διάθοιτο,
2082 4966 2266 5030 καθὼς
2307 4968 2566 5038 ἀνωτέρω
2637 4967 2946 5029 ἐπιλεπτῶς
3014 4965 3337 5034 ἐξεθέμεθα.
3393 4965 3504 5018 Καὶ
3549 4965 3724 5026 οὓτως
3776 4965 3972 5017 ποιῶνν

681 5071 869 5138 χάριτι
904 5065 1172 5135 Χριστοῦ,
1223 5065 1315 5118 καὶ
1366 5063 1598 5133 δυνάμει
1663 5063 1759 5116 καὶ
1807 5063 2131 5134 πρεσϐείαις
2179 5064 2280 5134 τῆς
2327 5064 2710 5136 παναχράντου
2752 5063 2919 5116 αὐτοῦ
2952 5061 3195 5132 Μητρὸς,
3229 5060 3329 5131 τῆς
3366 5061 3511 5114 κατὰ
3571 5060 3681 5114 τῶν
3760 5059 3975 5128 ἐχθρῶν

687 5163 867 5233 μάχης
905 5163 1195 5231 κρατήσει.
1231 5161 1344 5212 Καὶ
1373 5160 1548 5212 ταῦτα
1580 5159 1676 5228 μὲν
1707 5157 1903 5221 οὕτως.

683 5283 812 5335 (ΖΑΓ.
852 5279 919 5333 Χ.
963 5279 1036 5332 De
1084 5279 1410 5348 sejunctione
1453 5295 1640 5331 manus
1695 5278 2052 5342 praedatoria,
2113 5278 2276 5348 deque

2386 5277 2541 5332 ΚΕΦ.
2585 5274 2640 5348 i'.
2669 5305 2736 5348 --έ
2766 5273 3028 5348 Περίᾃτοίῦ
3059 5270 3475 5348 διαχωρισμοῦ-
3522 5270 3970 5348 τοῦ-κούρσρυ,

1039 5351 1278 5418 peditatu
1311 5368 1341 5403 a
1373 5361 1516 5420 tergo
1555 5351 1910 5418 subsequente.

756 5465 888 5530 Nec,
925 5480 1046 5535 qua:
1080 5465 1181 5533 ipsi
1222 5464 1480 5527 vidimus,
1509 5478 1785 5532 esponere
1811 5463 2030 5532 pigebit.
2065 5460 2271 5516 ldenti-

689 5558 806 5612 dem
838 5556 1112 5611 exercitus
1141 5556 1404 5622 hostium,
1440 5563 1834 5626 equestrcsque
1882 5570 1945 5608 ac
1990 5555 2273 5625 pedestres

691 5648 860 5716 copia:
894 5662 924 5702 e
961 5648 1160 5704 tiuibns
1191 5647 1516 5719 oppidisque
1556 5647 1672 5702 suis
1705 5646 1870 5701 simul
1906 5647 2127 5701 exibant
2173 5663 2184 5700 :
2213 5661 2277 5700 ac

2506 5347 2605 5400 καὶ
2633 5347 2738 5400 τοῦ
2775 5341 2929 5400 ,λαοῦ
2967 5345 3221 5397 ὄπισθεν
3247 5341 3837 5406 ὲπακο..ἰουθοῦντςς-

2455 5462 2524 5513 "A
2555 5460 2611 5512 δέ
2641 5461 2799 5529 ἡμεῖς
2831 5457 3203 5527 ἐθεασάμεθα,
3237 5454 3496 5509 ἐκθέσθαι
3527 5454 3788 5524 οὐδαμῶς
3819 5475 3972 5510 κατθ-

2384 5553 2691 5624 κνήσομεν·
2731 5552 2791 5604 τὸ
2821 5550 2929 5603 τῶν
2989 5550 3266 5618 πολεμίων
3325 5547 3615 5614 φωσσάτον
3665 5547 3969 5618 διαφόρως,

2386 5645 2520 5700 οἵτε
2547 5645 2733 5706 ἱππεῖς
2779 5644 2877 5696 σὺν
2903 5644 2977 5711 τῷ
3013 5641 3161 5712 πεζῷ
3195 5639 3330 5710 ὁμοῦ
3366 5640 3463 5709 τῆς
3489 5638 3673 5711 χώρας
3730 5642 3827 5694 καὶ
3867 5643 3969 5694 τῶν

1819 5767 1879 5819 C.
1928 5765 1985 5817 Β.
2023 5762 2204 5819 HASII
2241 5760 2788 5820 ANNOTATIONIZS.

769 5863 810 5892 υ
842 5861 1148 5914 κατάκοπον
1188 5859 1334 5911 ὄντα.
1376 5859 1494 5912 Υἰιί.
1533 5873 1696 5929 supra
1723 5859 1839 5914 ιει.
