4178 6522
200 456 305 519 953

1436 455 1848 516 VELITATIO
1879 455 2224 518 BELLICA.

3372 457 3481 521 954

201 569 411 621 πόλεων
466 566 646 621 αὐτῶν
700 566 1097 637 συνεξήρχοντο
1136 582 1149 596 ⁸
1188 565 1282 620 καὶ
1330 566 1425 619 ἐπὶ
1462 567 1616 620 δυσὶν
1644 569 1773 637 ἠμέ-

1890 583 1986 637 per
2012 570 2279 632 triduum,
2299 570 2382 623 vel
2404 570 2674 625 interdum
2703 570 2933 632 diutius.
2968 570 3159 626 itinere
3182 584 3287 625 una
3312 571 3477 641 facto,

203 677 327 730 ραις
368 660 503 729 όμοῦ
535 661 1154 731 συμπεριπατήσαντες,
1192 658 1306 711 ἐσθ’
1331 659 1418 711 ὅτε
1468 661 1564 711 καὶ
1596 659 1783 711 πλείο-

200 770 305 815 σιν,
340 754 437 806 ἀπ’
479 753 727 822 ἀλλήλων
769 753 1169 823 διεχωρίζοντο.
1203 753 1311 806 Καὶ
1339 754 1387 805 oi
1433 753 1531 821 μὲν
1568 754 1782 815 ἱππεῖς,

195 847 244 897 οἱ
285 844 382 908 τὰς
428 846 705 916 ἡμετέρας
740 845 927 915 χώρας
965 846 1331 916 κατατρέχειν
1376 846 1471 898 καὶ
1504 846 1786 915 λεηλατεῖν

196 936 541 1007 βουλόμενοι,
587 939 1008 1009 προὺλάμϐανον
1042 940 1267 1009 ἡμερῶν
1295 955 1456 991 τινων
1482 939 1780 1009 διάστημα,

192 1032 289 1083 τοῦ
326 1032 552 1096 πεζικοῦ
578 1032 707 1086 λαοῦ
748 1034 927 1086 αὐτῶν
951 1033 1357 1102 ἀφεστηκότος·
1392 1032 1474 1085 ita
1520 1032 1581 1087 τὸ
1614 1034 1783 1086 σπεύ-

191 1127 305 1178 δειν
361 1127 559 1189 αὐτοὺς
600 1129 840 1197 ἀμηνυτὶ
887 1128 1016 1191 τοὺς
1045 1130 1339 1198 οἰκήτορας
1402 1130 1510 1181 τῶν
1568 1130 1782 1200 χωρίων

191 1220 540 1283 καταλαϐεῖν,
566 1222 704 1273 οἶκοι
740 1222 1025 1291 μένοντας.
1061 1219 1134 1272 Τό
1156 1221 1212 1273 δὲ
1244 1220 1467 1273 τοῦλδον
1500 1220 1637 1289 μετά
1672 1222 1781 1275 τῶν

190 1310 379 1371 πεζῶν
399 1312 493 1363 καὶ
522 1312 621 1379 τῆς
643 1312 852 1364 τούτων
878 1311 1217 1380 ἀποσκευῆς,
1236 1312 1460 1364 ὄπισθεν
1491 1312 1779 1382 ἑπόμενον,

189 1400 359 1469 ἡνίκα
401 1403 501 1465 τὰς
539 1404 851 1473 δυσχωρίας
902 1405 999 1457 καὶ
1031 1403 1100 1456 τὰ
1137 1404 1298 1457 στενά
1321 1404 1559 1472 διῆλθεν,
1594 1406 1785 1473 ἐπιτή-

189 1494 336 1545 δειον
369 1494 746 1564 διασκοπῆσαν
780 1496 945 1549 τόπον
983 1496 1119 1564 πρὸς
1161 1496 1413 1565 φυλακὴν
1442 1495 1622 1549 αὐτῶν
1690 1497 1783 1547 καὶ

188 1586 515 1653 ἀσφάλειαν,
556 1589 653 1649 τὰς
705 1590 911 1657 σκηνὰς
956 1588 1263 1657 πηξάμενοι
1318 1590 1376 1639 ἐν
1432 1588 1781 1657 αὑτῷ,ηὺλί-

185 1682 366 1744 ζοντο,
400 1680 530 1743 τοὺς
560 1682 641 1741 είς
676 1679 912 1751 κοῦρσον
948 1680 1333 1751 ἐκδραμόντας
1372 1682 1566 1742 ἱππεῖς
1598 1681 1780 1731 ἐκεῖσε

186 1772 682 1840 προσεκδεχόμενοι
704 1788 718 1803 ⁸
744 1773 831 1824 ἵνα
848 1774 974 1834 τοὺς
997 1773 1312 1841 ὑποστρέφο
1323 1790 1455 1834 ντας
1486 1772 1666 1835 καλῶς
1684 1772 1781 1835 τὰς

181 1863 499 1932 δυσχωρίας
564 1863 973 1918 διαϐιϐἀσωσιν.
1020 1865 1079 1917 'O
1116 1863 1213 1916 οὖν
1278 1865 1622 1932 στρατηγὸς,
1680 1862 1779 1933 τὴν

1892 676 1921 715 a
1964 677 2022 716 se
2069 662 2441 717 discedebant.
2474 662 2718 731 Equites,
2766 664 3031 718 ditionem
3089 673 3337 718 nostram
3388 664 3476 717 in-

1890 754 2147 808 cursione
2195 754 2337 809 facta
2387 755 2724 825 populaturi,
2763 756 2971 825 aliquot
3015 756 3229 811 dierum
3278 756 3474 813 itinere

1890 846 2431 914 prargrediebantur,
2495 847 2797 916 peditatum
2852 855 2997 901 retro
3060 849 3473 918 relinquentes:

1890 936 2035 1003 quod
2069 937 2378 1005 opprimere
2426 936 2759 993 habitatores
2807 937 3052 991 vicorum
3095 952 3202 992 non
3238 954 3473 1009 pramo-

1889 1028 2032 1082 nitos
2101 1030 2355 1099 casisque
2421 1030 2748 1086 inhaerentes
2802 1030 3187 1100 properabant.
3250 1030 3477 1100 Impedi-

1888 1127 2073 1173 menta
2098 1128 2150 1174 et
2183 1122 2393 1189 pedites
2422 1136 2547 1175 cum
2580 1122 2698 1176 suis
2732 1123 2990 1188 sarcinis,
3029 1138 3061 1175 a
3099 1131 3249 1192 tergo
3284 1124 3477 1179 subse-

1886 1222 2135 1279 quentes,
2154 1222 2439 1282 postquam
2458 1213 2631 1267 saltus
2645 1222 2809 1283 atque
2824 1216 3105 1283 angustias
3119 1217 3474 1278 transierant,

1883 1302 2065 1357 locum
2100 1304 2359 1358 idoneum
2391 1306 2455 1359 ad
2497 1320 2620 1361 sese
2665 1305 3059 1360 custodiendos
3110 1306 3478 1374 tutandosque

1883 1396 2209 1463 conspicati,
2235 1397 2287 1450 in
2306 1412 2372 1450 eo
2393 1398 2672 1453 collocatis
2705 1396 3071 1452 tabernaculis
3094 1396 3474 1460 considebant,

1884 1488 2099 1558 equites
2157 1489 2455 1559 praedatum
2498 1505 2753 1558 egressos
2814 1491 2888 1543 ibi
2947 1490 3327 1560 praestolantes
3371 1497 3477 1543 :ut

1884 1588 2219 1635 revertentes
2244 1581 2550 1636 incolumes
2579 1596 2676 1649 per
2706 1582 2823 1635 loca
2874 1582 3060 1649 iniqua
3099 1580 3473 1636 traducerent.

1882 1672 1941 1726 ld
1982 1674 2026 1727 si
2075 1688 2173 1727 usu
2204 1673 2369 1735 venit,
2406 1674 2538 1737 dux,
2590 1674 2920 1727 excursione
2974 1689 3163 1727 eorum
3197 1674 3470 1738 nuntiata,

1883 1768 2260 1834 speculatores
2287 1768 2518 1832 emittat,
2550 1776 2602 1822 et
2636 1768 2818 1821 omnia
2851 1768 3009 1837 juxta
3041 1767 3297 1836 superius
3324 1782 3466 1835 prae-

1886 1858 2151 1927 scriptum
2190 1856 2373 1912 faciat.
2421 1859 2498 1912 Ac
2559 1858 2607 1912 si
2668 1873 2835 1927 parvo
2900 1860 3117 1929 negotio
3169 1846 3474 1927 praedatum

182 1954 465 2019 ἐξελευσιν
522 1953 701 2008 αὐτῶν
759 1955 1276 2025 καταμηνυόμενος,
1319 1956 1418 2017 τὰς
1451 1954 1773 2022 παραμονάς

1880 1964 2133 2017 egressos
2178 1950 2422 2004 nancisCi
2454 1950 2757 2018 dispersos,
2789 1948 3127 2017 fundereque
3173 1948 3339 2018 206
3371 1962 3470 2016 po—

184 2048 593 2112 ἀποστελλέτω,
632 2051 723 2102 καὶ
752 2051 932 2102 πάντα
971 2049 1193 2101 ποιείτω
1225 2048 1366 2101 κατά
1389 2045 1488 2116 τὴν
1522 2047 1779 2116 ἀνωτέρω

183 2140 456 2205 διάταξιν.
500 2142 609 2194 Καὶ
652 2142 700 2193 εί
744 2142 842 2210 μὲν
885 2142 1112 2210 εὐχερές
1166 2143 1283 2194 ἐστι
1334 2141 1414 2210 τῷ
1465 2140 1775 2210 στρατηγῷ,

181 2234 316 2293 τοὺς
382 2234 461 2294 είς
514 2235 611 2302 τὴν
648 2233 799 2285 λείαν
856 2233 1231 2303 ἐκδραμόντας
1289 2232 1778 2300 διεσκεδασμένους

182 2324 542 2388 καταλαϐεῖν,
563 2325 658 2377 καὶ
690 2326 916 2387 τούτους
958 2323 1041 2395 [Ρ.
1064 2323 1192 2395 155]
1219 2326 1773 2394 κατατροπώσασθαι,

182 2416 339 2484 ἔργῳ
398 2417 556 2469 τοῦτο
612 2418 906 2469 σπευσάτω
951 2415 1263 2485 πληρῶσαι.
1308 2417 1371 2468 El
1435 2416 1491 2469 δὲ
1534 2416 1623 2469 διά
1653 2434 1776 2471 τινα

185 2508 487 2579 σφάλματα
509 2510 603 2561 καὶ
633 2508 734 2571 τὰς
773 2508 1181 2578 συμϐαινούσας
1217 2508 1563 2571 ἐναντιώσεις
1604 2511 1777 2579 ἐμπό-

181 2599 303 2651 διον
330 2601 779 2668 προσυπαντήσει
809 2596 976 2666 αὐτῷ,
1012 2598 1093 2659 εἱς
1122 2596 1214 2648 τὸν
1254 2597 1396 2649 κατά
1420 2595 1515 2649 τοῦ
1550 2597 1773 2665 φωσσά-

180 2708 283 2743 του
336 2692 574 2761 πόλεμον
605 2690 1154 2762 παρασκευασθήτωο
1194 2690 1290 2741 καὶ
1342 2689 1433 2741 τὸν
1492 2689 1676 2753 τόπον,
1717 2690 1774 2739 ἐν

178 2776 227 2849 ᾧ
251 2784 353 2846 τάς
381 2782 588 2851 σκηνὰς
617 2783 908 2850 ἐπήξαντο.
940 2780 1184 2851 ἀκριϐῶς
1208 2778 1634 2847 διασκοπησάτω
1653 2820 1667 2841 ,
1696 2781 1769 2847 μή

182 2891 323 2927 ποτε
354 2874 599 2944 ποταμός
638 2875 789 2926 ἐστιν
840 2873 1139 2941 ἀσφάλειαν
1184 2870 1367 2932 αὐτοῖς
1410 2869 1771 2940 προξενῶν,ἢ

184 2965 348 3035 ρύαξ.
383 2966 492 3017 Καὶ
527 2967 663 3034 πρὸς
702 2965 801 3029 τὴν
835 2963 984 3017 θέσιν
1026 2963 1120 3015 τοῦ
1160 2963 1327 3014 τόπου
1357 2961 1437 3013 δεῖ
1479 2961 1575 3013 καὶ
1610 2960 1774 3013 αὑτὸν

183 3055 737 3126 παρασκευασθῆναι,
775 3057 869 3109 καὶ
926 3054 1130 3123 σπουδῇ
1167 3052 1335 3122 πολλῇ
1392 3054 1527 3120 πρὸς
1584 3051 1774 3104 ἐαυτὸν

180 3151 243 3201 τὸ
285 3149 513 3212 πεζικὸν
565 3149 907 3218 στράτευμα,
933 3148 981 3199 εί
1035 3146 1283 3213 δυνατὸν,
1322 3146 1770 3211 ἐπισυναγαγεῖν.

183 3242 607 3312 Προσδοκῶντος
630 3240 686 3293 δὲ
726 3240 820 3293 τοῦ
858 3238 1167 3309 στρατηγοῦ
1208 3240 1308 3305 τὴν
1338 3237 1542 3291 τούτων
1574 3238 1773 3289 ἀποκί-

1883 2053 2008 2107 test,
2055 2059 2112 2097 re
2141 2042 2365 2111 exsequi
2413 2043 2464 2096 id
2498 2044 2716 2111 quidem
2750 2052 3023 2112 properet.
3054 2041 3147 2095 Sin
3183 2051 3362 2095 autem
3399 2043 3474 2094 ob

1879 2136 2183 2191 errationes
2226 2134 2493 2204 quasdam
2547 2134 2988 2203 oll‘ensionesque
3040 2135 3469 2190 intervenientes

1882 2226 2335 2295 impedimentum
2374 2228 2476 2295 ipsi
2512 2227 2762 2289 infertur,
2793 2226 2861 2281 ad
2888 2239 3068 2281 castra
3102 2227 3466 2297 oppugnanda

1880 2334 1939 2373 se
1970 2330 2249 2387 comparet
2289 2337 2301 2372 :
2339 2319 2544 2383 locum,
2592 2318 2683 2374 ubi
2740 2320 3094 2373 tabernaculo
3140 2326 3467 2389 posuerunt,

1878 2410 2165 2481 diligenter
2198 2411 2514 2479 perspiciat,
2545 2426 2615 2466 ne
2657 2410 2797 2466 forte
2836 2412 3038 2466 flumen
3086 2410 3468 2466 amuiculusve

1878 2504 2074 2565 subsit,
2112 2502 2425 2571 prmsidium
2458 2503 2531 2556 illi
2566 2504 2834 2573 praabens.
2869 2504 2941 2558 Ita
2964 2505 3121 2572 juxta
3159 2503 3323 2558 situm
3360 2502 3469 2557 loci

1876 2595 2149 2648 instruere
2180 2610 2239 2649 se
2273 2604 2509 2664 oportet,
2544 2611 2855 2666 magnaque
2901 2597 3185 2664 diligentia
3217 2594 3484 2650 adhibita

1874 2688 2196 2756 peditatum,
2241 2688 2289 2742 si
2319 2688 2438 2743 fieri
2466 2697 2664 2757 potest,
2707 2702 2925 2758 cogere.
2958 2687 3256 2757 Suspicans
3279 2699 3463 2743 autem

1873 2780 1981 2833 dux
2005 2779 2353 2835 discessuros
2374 2781 2558 2836 hostes
2586 2781 2638 2834 in
2655 2781 2875 2849 aliaque
2901 2789 3082 2835 castra
3110 2780 3465 2845 transituros,

1874 2872 1990 2926 sive
2039 2887 2134 2940 per
2197 2872 2511 2941 transfugas
2569 2872 2804 2927 fortasse
2850 2874 2952 2927 hoc
2990 2872 3247 2937 eductus,
3307 2873 3467 2929 debet

1874 2973 2039 3017 noctu
2062 2965 2273 3034 equites
2310 2966 2641 3034 praemittere
2678 2981 2802 3020 cum
2839 2966 3111 3035 praefectis
3165 2965 3355 3035 peritis
3409 2974 3467 3020 et

1874 3056 2141 3127 probatis,
2181 3058 2519 3127 insidiasque
2566 3073 2763 3128 parare
2816 3058 2974 3113 binas
3033 3058 3101 3113 ad
3162 3067 3467 3127 utrumque

1876 3152 2016 3205 latus
2041 3152 2162 3217 viae,
2195 3167 2302 3219 qua
2336 3152 2521 3205 hostes
2564 3151 2847 3205 transituri
2888 3152 3020 3206 sint.
3066 3150 3144 3204 Ex
3176 3151 3286 3204 illis
3314 3165 3460 3220 pra:-

1880 3243 2065 3297 missis
2105 3242 2381 3311 equitibus
2411 3250 2630 3295 centum
2664 3242 2905 3298 delectos
2938 3243 2993 3296 in
3031 3243 3262 3297 latibulo
3288 3244 3462 3297 collo-

179 3301 344 3403 νησιν
374 3334 465 3385 καὶ
490 3334 547 3385 ἐν
574 3301 746 3401 ἐτέρῳ
785 3301 1403 3401 ἀπλήΠκτωμετάϐασιν,
1437 3330 1469 3399 ἢ
1513 3328 1677 3399 τυχὸν
1704 3329 1773 3382 δι’

1880 3343 1985 3397 cet,
2008 3334 2101 3403 qui
2133 3336 2285 3389 vicos
2312 3334 2601 3388 observent
2635 3334 2816 3389 itineri
2858 3335 3298 3390 adversariorum
3328 3336 3462 3391 sub-

180 3423 507 3492 αὖτομόλων
540 3422 697 3475 τοῦτο
749 3421 1184 3490 πυνθανομένου,
1218 3419 1337 3471 δέον
1374 3419 1561 3481 ἱππεῖς
1603 3426 1775 3470 αποσ-

178 3517 359 3569 τεῖ).αι
428 3514 623 3576 νυκτὸς
653 3555 667 3578 ,
711 3512 994 3582 ἀρχηγοὺς
1042 3510 1266 3580 ἔχοντας
1323 3511 1432 3563 τῶν
1495 3511 1773 3581 ἐμπείρων

179 3603 399 3674 ἀνδρῶν
424 3603 520 3657 καὶ
545 3602 867 3669 ἀξιολόγων,
908 3601 1004 3654 καὶ
1033 3600 1127 3653 δύο
1168 3599 1542 3671 ἐγκρύμματα
1594 3617 1775 3671 παρα-

181 3696 451 3748 σκευάσαι
502 3693 655 3746 ἔνθεν
690 3692 949 3746 κάκεῖθεν
978 3692 1079 3759 τῆς
1110 3691 1253 3755 ὁδοῦ,
1276 3692 1341 3744 δι’
1369 3686 1438 3762 ἦς
1482 3694 1771 3762 γενήσεται

178 3791 212 3858 ἡ
248 3786 361 3839 τῶν
413 3786 685 3855 πολεμίων
734 3786 1020 3848 διέλευσις.
1058 3785 1147 3848 Ἐξ
1176 3784 1358 3838 αὐτῶν
1398 3784 1455 3837 δὲ
1488 3785 1595 3836 τῶν
1636 3787 1771 3837 ἀπο-

180 3880 493 3932 σταλέντων
542 3878 735 3932 ἐκατὸν
776 3878 978 3949 ἄνδρας
1032 3876 1448 3946 ἐπιλεξάμενος,
1480 3878 1558 3939 είς
1616 3877 1772 3947 λόχον

180 3971 610 4040 καταστησάτω,
640 3971 816 4041 χωρία
864 3971 1236 4039 φυλάττοντας
1276 3970 1345 4022 τά
1402 3971 1630 4040 πλησίον
1671 3972 1773 4039 τῆς

183 4067 424 4137 παρόδου
475 4066 582 4118 τῶν
636 4064 912 4134 πολεμίων
948 4063 1287 4131 διακείμενα.
1319 4064 1429 4115 Καὶ
1484 4063 1649 4115 αὑτὸν
1682 4065 1772 4116 τὸν

181 4158 493 4229 στρατηγὸν
515 4157 619 4225 χρὴ
658 4157 715 4208 ἐν
751 4154 1045 4225 ἐπιτηδείῳ
1073 4155 1221 4225 τόπῳ
1268 4156 1407 4224 μετά
1456 4156 1654 4217 παντὸς
1677 4155 1769 4207 τοῦ

178 4253 313 4305 λαοὖ
343 4250 508 4304 αὐτοῦ
542 4248 795 4301 ἵστασθαι
824 4249 1231 4318 κεκρυμμένον,
1268 4248 1362 4299 καὶ
1388 4249 1451 4299 ἐκ
1486 4247 1772 4317 περιωπῆς

178 4346 469 4415 ἐσορῶντα
494 4342 593 4411 τὴν
618 4341 728 4394 τῶν
758 4341 1033 4410 πολεμίων
1061 4341 1332 4401 διάϐασιν.
1362 4343 1423 4393 Οἱ
1462 4338 1555 4393 οὖν
1587 4343 1772 4401 ἱππεῖς

178 4444 287 4495 τῶν
324 4438 625 4507 πολεμίων,
652 4439 700 4489 οἱ
731 4438 811 4499 εἰς
857 4435 1216 4504 συλλογισμὸν
1248 4434 1451 4505 χρειῶν
1489 4433 1557 4486 τὰ
1595 4435 1770 4504 χωρία

176 4533 599 4604 διερευνώμενοι
638 4530 707 4581 τὰ
738 4529 965 4597 πλησίον
989 4528 1202 4589 τούτοις
1242 4528 1767 4597 συμπαρακείμενα,

175 4629 342 4697 ἡνίκα
375 4629 433 4677 ὲν
475 4626 589 4685 τοῖς
621 4623 1049 4691 φυλαττομένοις
1075 4623 1295 4689 χωρίοις
1328 4620 1633 4683 εἰσέλθωσι,
1671 4622 1765 4673 καὶ

176 4726 284 4773 τ’ὺν
319 4721 504 4771 ἵππων
543 4714 847 4776 ἀποϐάντες
884 4714 980 4774 τὰς
1008 4713 1184 4772 οἰκίας
1215 4711 1611 4779 ἀναψηλαφῶσι
1656 4712 1766 4764 τῶν

177 4811 452 4883 χωριτῶν,
498 4810 619 4861 κατ’
644 4807 825 4861 αὐτῶν
861 4807 905 4838 δ’
931 4807 981 4859 οἱ
1026 4808 1104 4866 είς
1146 4805 1238 4857 τὸν
1286 4805 1443 4873 λόχον
1488 4806 1767 4873 ἱστάμενοι

176 4906 373 4959 ἑκατὸν
438 4902 625 4962 ἱππεῖς
684 4898 1124 4969 όρμησάτωσαν,
1185 4898 1279 4950 καὶ
1340 4898 1499 4960 ὅσους
1555 4897 1767 4949 ἀνελεῖν

176 4995 503 5064 δυνηθῶσιν,
536 4994 644 5045 εἴτε
690 4991 995 5060 ζωγρῆσαι,
1032 4989 1344 5059 παραυτίκα
1395 4989 1530 5059 πρὸς
1588 4989 1767 5058 φυγὴν

174 5090 516 5158 ὁρμήσωσιν,
538 5084 936 5153 ὑποφεύγοντες
956 5082 1054 5151 τὴν
1074 5083 1191 5135 ὁδὸν
1210 5083 1310 5152 τὴν
1325 5083 1638 5151 ἀναμεταξὺ
1661 5084 1769 5135 τῶν

175 5184 266 5233 δύο
311 5178 724 5249 ὲγκρυμμάτων
751 5176 1131 5246 διερχομένην,
1162 5175 1517 5245 ἐφελκόμενοί
1548 5192 1607 5227 τε
1636 5176 1767 5238 τοὺς

176 5274 475 5344 πολεμίους
532 5273 667 5340 πρὶς
724 5272 928 5335 δίωξιν.
986 5269 1463 5337 Καταδιωκόμενοι
1519 5270 1575 5321 δὲ
1645 5273 1766 5333 ταῖς

178 5366 426 5438 ἐνέδραις
455 5366 777 5435 περιπεσεῖν
801 5365 926 5426 τοὺς
953 5363 1244 5432 πολεμίους
1258 5364 1761 5433 παρασκευάσουσι.

180 5464 314 5516 Τότε
362 5457 459 5514 οὖν
512 5457 921 5529 ὲξερχέσθωααν
976 5459 1043 5510 τὰ
1095 5457 1437 5527 ἑκατέρωθεν
1497 5458 1765 5527 ἱστάμενα

179 5552 694 5623 ἐγκρύμματα,κα“ι
748 5547 992 5617 σφοδρῶς
1045 5551 1143 5618 τὴν
1198 5549 1321 5599 κατ’
1371 5548 1552 5600 αὐτῶν
1589 5548 1767 5618 ὁρμὴν

184 5645 565 5713 ποιησάτωσαν
596 5644 689 5697 καὶ
731 5640 1099 5705 πολλοῦςὶτῶν
1151 5640 1429 5709 πολεμίων
1458 5641 1618 5710 ἔργον
1655 5658 1757 5710 μα.

1870 3427 2137 3495 jacentes.
2177 3426 2473 3497 Ipsumque
2508 3428 2699 3482 ducem
2730 3435 2944 3497 Oportet
2969 3428 3089 3481 loco
3114 3427 3308 3482 idoneo
3332 3441 3460 3482 cum

1874 3517 2131 3571 omnibus
2174 3517 2349 3585 c0pits
2394 3518 2448 3570 in
2504 3518 2719 3572 occulto
2762 3518 3086 3583 subsistere,
3140 3532 3171 3571 e
3235 3518 3458 3586 specula

1875 3605 2059 3661 hostes
2092 3616 2442 3661 transeuntes
2476 3607 2885 3661 observantem.
2934 3605 3159 3677 Equites
3199 3608 3460 3663 adversa-

1872 3698 2119 3763 riorum,
2214 3700 2309 3768 qui
2384 3698 2752 3753 frumentandi
2830 3715 2992 3754 causa
3081 3700 3235 3755 vicos
3337 3715 3463 3770 pro-

1871 3791 1995 3861 pius
2028 3792 2165 3845 sitos
2196 3792 2548 3860 perlustrant,
2584 3792 2747 3845 simul
2778 3800 2941 3860 atque
2990 3793 3139 3845 vicos
3195 3791 3460 3846 obsessos

1877 3881 2105 3952 ingressi
2135 3897 2199 3935 ex
2228 3883 2385 3952 equis
2402 3881 2807 3947 descenderint,
2826 3898 3094 3952 casasque
3116 3886 3453 3938 rusticorum

1874 3977 2106 4029 scrutari
2136 3976 2464 4045 inceperint,
2496 3976 2709 4045 equites
2745 3988 2967 4030 centum
3006 3978 3060 4031 in
3104 3978 3321 4032 insidiis
3346 3978 3459 4033 col-

1875 4069 2035 4121 locati
2070 4070 2488 4137 impressionem
2524 4070 2577 4123 in
2606 4070 2731 4124 illos
2757 4069 2981 4135 faciant,
3016 4082 3090 4137 et,
3137 4072 3252 4125 sive
3281 4071 3456 4125 inter-

1873 4161 2031 4215 fectis
2060 4163 2174 4216 sive
2200 4163 2374 4231 captis
2405 4170 2680 4231 quotquot
2706 4173 3021 4230 potuerunt,
3048 4164 3291 4232 evestigo
3320 4162 3460 4232 fuga:

1874 4268 1933 4308 se
1961 4254 2221 4307 mandent
2249 4273 2261 4307 :
2294 4264 2625 4325 ruentesque
2650 4271 2745 4325 per
2774 4257 2920 4310 viam
2949 4257 3090 4310 inter
3118 4256 3275 4311 binas
3296 4255 3458 4325 207

1876 4346 2105 4400 insidias
2138 4356 2519 4401 transeuntem
2558 4349 2745 4403 hostes
2776 4350 2842 4403 ad
2895 4349 3337 4419 persecutionem
3376 4357 3459 4402 at-

1877 4438 2116 4492 trahant.
2153 4438 2229 4492 lta
2269 4439 2557 4508 peragitati
2594 4440 2852 4506 elIicient,
2904 4450 2961 4495 ut
2996 4440 3297 4495 adversarii
3328 4442 3459 4496 iusi-

1875 4532 1981 4586 diis
2012 4546 2071 4587 se
2097 4532 2346 4587 induant.
2390 4533 2547 4589 Tunc
2577 4549 2706 4589 vero
2740 4544 3101 4603 prorumpam
3128 4533 3219 4603 qui
3248 4532 3458 4587 utrobi-

1874 4640 1979 4693 que
2008 4626 2059 4679 in
2082 4626 2320 4681 latibulis
2355 4627 2519 4681 locati
2546 4635 2693 4692 sunt,
2727 4636 2779 4681 et
2811 4626 3118 4681 vehementi
3161 4630 3365 4695 impetu
3403 4627 3455 4679 in

1870 4736 1965 4774 eos
1995 4719 2139 4773 facto
2176 4734 2429 4789 magnum
2464 4720 2705 4774 hostium
2740 4734 3028 4773 numerum
3057 4719 3253 4789 gladiis
3276 4721 3451 4775 confi-

1869 4813 2038 4867 cient.
2084 4810 2207 4865 llch
2242 4812 2334 4865 ubi
2384 4812 2494 4865 dux
2542 4814 2708 4877 videt,
2753 4815 3015 4868 continuo
3058 4815 3175 4883 ipse
3235 4828 3457 4883 quoque

1868 4921 1993 4959 cum
2028 4905 2218 4974 majori
2244 4913 2393 4974 parte
2420 4905 2503 4959 sui
2542 4906 2777 4974 agminis
2824 4908 3098 4961 acerrimo
3139 4907 3362 4960 incursu
3401 4906 3453 4959 in

1868 4998 2039 5051 aciem
2069 4998 2307 5052 hostium
2334 5013 2392 5052 se
2422 4997 2611 5052 incitet
2638 5016 2649 5051 :
2690 4998 2930 5067 reliquos
2964 5012 3190 5052 suorum
3222 4997 3452 5051 militqu

1863 5090 2050 5158 jubeat
2081 5090 2135 5143 in
2160 5099 2306 5159 terga
2342 5090 2583 5143 hostium
2618 5090 3022 5143 circumvectos
3054 5104 3118 5142 eo
3154 5088 3311 5157 signa
3365 5086 3452 5140 in-

1876 5181 2034 5234 ferre.
2065 5182 2145 5235 Ac
2181 5183 2282 5235 nisi
2327 5192 2673 5251 peccatorum
2719 5189 3033 5234 nostrorum
3063 5195 3230 5237 causa
3269 5178 3450 5247 impr.-

1874 5274 2176 5328 dimentum
2206 5275 2427 5343 aliquod
2473 5274 2787 5338 intervenit,
2816 5272 3207 5341 expugnabunt
3245 5270 3471 5341 hosws.‘

1875 5367 2103 5431 Tamen,
2142 5368 2187 5421 si
2242 5367 2621 5421 vehementius
2666 5367 2974 5434 pratliantes
3022 5364 3321 5417 adversarii
3353 5360 3454 5414 ob—

1874 5460 2067 5514 sistere
2092 5468 2343 5527 possuut,
2371 5467 2424 5513 et
2448 5461 2638 5512 eodem
2674 5458 2791 5511 loco
2813 5454 3453 5526 consistentesjumentis

1874 5562 2037 5601 onera
2071 5547 2370 5616 deponunt,
2404 5547 2706 5616 effectoque
2737 5547 2922 5601 multis
2954 5546 3189 5601 sarcinis
3219 5542 3449 5610 objectis

1865 5643 2004 5697 vallo
2034 5645 2205 5697 aciem
2238 5643 2515 5699 instruere
2541 5651 2831 5709 conantur,
2862 5642 2911 5695 id
2941 5640 3161 5712 quidem
3195 5650 3447 5709 magnam

1309 5774 1369 5829 C.
1408 5774 1469 5830 Β.
1505 5774 1684 5830 llASll
1724 5776 2273 5833 ANNO'I‘ATIHNES.

251 5900 298 5933 δ’
330 5900 449 5953 κατ’
486 5896 683 5968 αὐτῶν]
719 5898 812 5950 καὶ
835 5896 1025 5951 ταυτὸν
1053 5895 1210 5951 codd.
