4178 6522
183 467 286 527 957

1425 452 1834 516 VELITATIO
1866 454 2203 514 BELLICA.

3335 441 3442 504 958

186 578 442 645 πόλεμος,
469 573 551 644 [Ρ.
592 571 714 643 ίόῖι]
744 572 818 633 ὼς
849 571 923 640 μὴ
956 569 1138 639 φέρων
1153 568 1277 622 τινὰ
1310 567 1514 638 βλάϐην
1545 570 1577 638 ἢ
1606 571 1752 620 ἐναν-

1869 574 1968 620 tat.
1988 565 2073 626 lli,
2097 563 2316 634 quando
2341 562 2763 616 frumentatores
2787 555 3194 613 hostium-vicos
3213 555 3439 623 ingressi

181 670 392 732 τίωσιν,
434 666 636 737 μᾶλλον
665 665 720 717 δὲ
777 664 934 733 νίκην
965 664 1060 715 καὶ
1096 661 1368 724 εὔκλειαν,
1400 661 1449 712 εί
1498 659 1608 728 γὰρ
1669 661 1765 712 καὶ

185 760 260 828 μὴ
312 757 411 826 τὴν
459 756 696 811 νικῶσαν
726 754 862 826 εὕρῃ
907 758 986 816 εἰς
1015 755 1106 806 τὸν
1149 752 1269 806 κατ’
1315 751 1449 804 αὐτὸ
1471 751 1704 820 πόλεμον
1737 753 1764 804 ὁ

179 849 271 900 1:3)-
335 847 624 916 Ῥωμαίων
648 845 900 914 στρατὸς,
929 844 1042 897 ἀλλ’
1084 843 1177 896 οὖν
1231 842 1490 910 οὐδεμίαν
1541 840 1749 909 βλάϐην

182 940 574 1008 ὑποστήσεται.
607 938 670 990 EE
703 937 757 990 δὲ
795 937 853 988 ἐν
885 929 928 1002 ᾧ
960 937 1113 1004 τόπῳ
1159 933 1425 1004 πρότερον
1459 932 1761 1002 ηὐλίζοντο,

183 1031 466 1101 διέμειναν
498 1033 556 1082 ἐν
588 1028 754 1097 αὐτῷ,
787 1027 1052 1098 μηδαμῶς
1076 1027 1184 1078 τῶν
1219 1029 1362 1080 ἐκεῖι
1435 1025 1755 1094 ἀπάραντες

179 1124 274 1176 διὰ⁵
297 1122 394 1192 τὴν
413 1120 508 1174 τοῦ
533 1121 699 1173 τόπου
732 1118 1059 1189 ὀχυρότητα,
1088 1118 1149 1170 τὸ
1183 1117 1416 1187 κοῦρσον
1467 1114 1766 1182 ἀπεκδεχό-

183 1231 364 1281 μενοι,
393 1213 486 1265 καὶ
522 1211 782 1274 ὡσαύτως
819 1211 846 1262 ὁ
872 1208 1172 1280 στρατηγὸς
1202 1207 1322 1261 κατ’
1361 1206 1538 1259 αὐτῶν
1573 1205 1764 1269 ἐπάξει

180 1307 275 1356 τὶν
322 1304 560 1372 πόλεμον
583 1319 596 1334 ·
628 1303 702 1373 μή
764 1320 895 1355 ποτε
944 1301 1377 1372 ἐμϐραδύνοντος
1416 1298 1501 1351 διὰ
1530 1299 1630 1367 τὴν
1669 1295 1762 1348 τοῦ

182 1394 412 1459 πεζικοῦ
455 1395 585 1448 ἰδίου
636 1394 764 1447 λαοῦ
824 1391 1269 1463 ἐπισώρευσιν,ἢ
1318 1391 1403 1443 διὰ
1438 1390 1605 1460 ἀλλην
1646 1387 1765 1441 τινὰ

184 1489 482 1556 πρόφασιν,
535 1485 855 1554 ὑποστρέψῃ
887 1485 946 1536 τὸ
1001 1484 1251 1553 κοῦρσον,
1309 1485 1402 1534 καὶ
1450 1479 1764 1550 διακωλύσῃ

183 1577 274 1625 τὸν
327 1575 584 1644 πόλεμον.
633 1577 818 1640 Οὕτως
870 1576 927 1630 δὲ
976 1575 1082 1646 χρὴ
1130 1573 1221 1627 τὸν
1278 1571 1582 1642 στρατηγὸν
1640 1571 1757 1622 κατ’

181 1667 362 1718 αὐτῶν
420 1667 690 1723 ἐπελθεῖν.
750 1668 1129 1736 Διασκοπῆσαι
1189 1666 1275 1718 διὰ
1328 1666 1438 1718 τῶν
1491 1664 1756 1716 ἀποστελ-

181 1760 426 1821 ὶομὲνων
486 1760 824 1828 βιγλατόρων
887 1759 956 1812 τὰ
1011 1757 1513 1827 συμπαρακείμενα
1555 1753 1756 1824 χωρία,

186 1841 284 1894 καὶ
347 1840 615 1908 σύνεγγυς
651 1842 783 1895 ὄντα
811 1842 906 1895 τοῦ
946 1843 1228 1912 ἁπλὴκτου
1285 1841 1395 1894 τῶν
1435 1841 1712 1910 πολεμίων
1747 1855 1758 1866 ·

185 1933 412 1986 κάκεῖσε
441 1932 756 2003 ἀποκρύψαι
807 1935 993 1997 ἱππεῖς
1041 1933 1331 1995 ἐκλεκτοὺς
1365 1935 1424 1986 ἐν
1465 1933 1759 2002 ἐπιτηδείῳ

185 2023 363 2092 τόπῳ,
412 2026 552 2093 μετὰ
603 2025 864 2095 ἄρχοντος
910 2025 1308 2095 ἐμπειροτάτου
1351 2027 1445 2077 καὶ
1491 2022 1759 2094 ἀνδρείου.

187 2117 298 2167 Καὶ
359 2117 484 2170 ἐπεὶ
537 2119 595 2170 ἐν
659 2120 844 2182 αὐτοῖς
895 2119 1233 2190 εἰσέρχονται
1279 2120 1487 2189 τροφὰς
1554 2119 1763 2190 διερευ-

183 2205 464 2272 νὺμενοι,
515 2212 609 2260 καὶ
661 2208 845 2260 αὐτῶν
919 2208 1338 2278 ὁρμησάτωσαν.
1395 2205 1650 2278 Ἐτέρούς
1705 2207 1760 2259 δὲ

186 2297 378 2359 ἱππεῖς
401 2300 478 2359 είς
527 2299 681 2368 λόχον
711 2301 1014 2369 ἀπαρτίσαι
1062 2302 1140 2362 είς
1177 2299 1432 2370 βοήθειαν
1463 2300 1558 2352 καὶ
1615 2299 1756 2350 ἐκδί-

184 2404 351 2454 κησιν
409 2390 518 2443 τῶν
557 2391 870 2460 ἔμπροσθεν
933 2392 1387 2445 ἀποσταλέντωνο
1436 2392 1530 2443 καὶ
1585 2391 1638 2443 εί
1696 2408 1758 2458 γε

184 2478 411 2543 τούτους
483 2481 817 2550 βουληθῶσιν
873 2485 1157 2550 ἐπιδιῶξαι
1217 2486 1265 2536 οἱ
1320 2485 1430 2537 τῶν
1485 2485 1759 2553 πολεμίων

187 2569 396 2636 ἱππεῖς,
424 2572 778 2642 ἐπιθήσονται
825 2575 943 2625 κατ’
979 2574 1179 2637 αὐτῶν,
1207 2575 1300 2629 καὶ
1337 2575 1646 2646 τρέψονται,
1667 2578 1758 2627 καὶ

185 2661 603 2726 καταδιώξουσν
633 2666 722 2717 διὰ
750 2667 810 2717 τὸ
847 2666 933 2718 ἀεί
965 2683 1095 2719 ποτε
1125 2667 1440 2734 ὁλιγοστοὺς
1464 2663 1602 2719 εἶναι
1632 2668 1758 2728 τοὺς

184 2751 402 2814 ἱππεῖς,
428 2753 556 2813 τοὺς
606 2753 687 2815 εἰς
726 2754 976 2824 φυλακὴν
1030 2755 1124 2808 τοῦ
1173 2756 1415 2810 τούλδου.
1443 2759 1486 2809 Τ
1490 2757 1566 2810 ὦν
1605 2756 1761 2810 πολε-

183 2839 326 2906 μίων
377 2843 434 2893 ἐν
483 2845 595 2905 τοῖς
645 2845 866 2916 χωρίοις
926 2847 999 2916 μὴ
1054 2848 1501 2917 είσερχομένων,
1556 2852 1604 2900 εί
1661 2850 1756 2901 καὶ

180 2930 449 2986 ἀδύνατον
490 2933 649 2988 τοῦτο
705 2938 988 3007 τυγχάνει,
1029 2939 1320 3008 διορισάτω
1365 2941 1392 2991 ὁ
1453 2939 1759 3009 στρατηγὸς

180 3022 310 3082 τοὺς
359 3023 862 3095 ἀποστελλομένους
919 3030 1051 3097 παρ’
1110 3029 1274 3082 αὑτοῦ
1324 3030 1434 3082 τῶν
1475 3031 1756 3100 ἐμπείρων

179 3111 398 3181 ἀνδρῶν
429 3112 756 3184 βιγλάτορας
798 3118 893 3173 καὶ
937 3119 1464 3188 διασκοπησάτωσαν
1498 3121 1565 3184 ⁸⁵,
1603 3124 1660 3174 ἐν
1713 3116 1757 3188 ᾧ

1869 669 2014 724 Sunt,
2050 659 2311 726 impetum
2341 656 2394 708 in
2431 654 2553 708 illos
2585 653 2809 708 faciant.
2847 650 2951 703 Alii
2983 649 3197 718 equites
3227 647 3280 699 in
3313 645 3438 699 lati-

1867 751 1996 806 bulo
2046 748 2266 818 disponi
2334 746 2555 811 debent,
2621 759 2776 812 opem
2848 741 3228 808 auxiliumque
3281 735 3441 790 laturi

1877 842 2175 914 praemissis
2208 841 2358 894 illis:
2395 852 2534 906 quos
2577 836 2621 890 si
2675 833 2932 888 insectari
2981 833 3164 886 hostes
3227 833 3443 892 volunt,

1867 936 1968 1005 ipsi
2004 937 2146 987 ultro
2181 933 2234 985 in
2267 931 2386 984 illos
2420 945 2478 983 se
2507 927 2762 988 inferent,
2810 939 3014 994 eosque
3055 921 3213 977 fusos
3256 936 3442 990 perse-

1866 1036 2136 1098 quentur;
2193 1023 2335 1093 quod
2384 1021 2674 1090 perexiguo
2740 1032 2957 1087 semper
3021 1028 3253 1070 numero
3315 1021 3442 1069 sunt

1865 1120 2096 1187 equites,
2142 1115 2233 1185 qui
2281 1113 2346 1166 ad
2389 1110 2898 1181 impedimentorum
2934 1107 3238 1163 custodiam
3267 1105 3437 1159 relin-

1867 1221 2130 1280 quuntur.
2159 1203 2422 1258 Hostibus
2450 1201 2674 1254 omnino
2698 1200 2751 1252 in
2774 1201 2923 1255 vicos
2947 1213 3056 1252 non
3089 1196 3448 1269 ingredienti-

1867 1302 1989 1363 bus,
2019 1297 2231 1353 tamctsi
2278 1294 2328 1348 id
2369 1293 2588 1364 quidem
2650 1291 2764 1346 fieri
2818 1306 2924 1343 non
2976 1298 3173 1358 potest,
3215 1289 3447 1358 imperet

1867 1396 1974 1447 dux
2009 1387 2425 1444 excubitoribus
2459 1384 2622 1454 210
2652 1383 2842 1453 peritis
2876 1381 3005 1434 viris
3038 1396 3067 1433 a
3109 1395 3168 1433 se
3201 1377 3443 1439 emissis,

1869 1492 1929 1537 ut
1974 1481 2277 1550 explorent,
2314 1494 2416 1548 qua
2470 1488 2622 1545 parte
2678 1483 2988 1529 castrorum
3023 1470 3320 1526 adversarii
3351 1485 3446 1524 (δεισ-

1873 1574 2044 1629 melos
2076 1581 2288 1641 pastum
2320 1570 2544 1622 ducant.
2586 1565 2729 1619 Tum
2779 1565 3024 1633 designet
3073 1561 3156 1616 vel
3212 1571 3447 1615 turmar-

1866 1673 2047 1731 ebam,
2069 1668 2151 1722 vel
2171 1666 2434 1721 vicarium
2461 1664 2686 1725 bonum,
2717 1675 2839 1715 cum
2865 1659 3140 1727 equitibus
3159 1657 3402 1712 strenuis
3427 1670 3442 1708 :

1867 1764 2014 1832 iique
2047 1762 2223 1814 rivum
2259 1757 2426 1820 nacti,
2465 1756 2508 1810 si
2545 1755 2662 1808 loco
2689 1752 2780 1806 illo
2807 1751 3034 1805 idoneus
3057 1749 3266 1813 subest,
3291 1747 3345 1800 in
3381 1761 3446 1800 eo

1800 1877 1840 1930 Β
1869 1853 2174 1910 absconditi
2208 1850 2490 1917 adrepaut,
2552 1846 2728 1899 donec
2781 1841 3007 1910 propius
3059 1836 3390 1892 accesserint
3428 1851 3441 1885 :

1871 1957 1982 2002 tum
2013 1952 2341 2014 apparentes
2370 1942 2624 2011 impetum
2663 1937 2715 1990 in
2745 1932 2990 1990 camelos
3027 1929 3249 1983 faciant.
3275 1925 3444 1980 Debet

1867 2044 2044 2094 autem
2075 2036 2337 2090 emissum
2369 2046 2562 2102 agmen
2596 2028 2848 2082 bifariam
2881 2023 3115 2079 divisum
3159 2032 3283 2074 esse
3321 2034 3335 2071 :
3385 2022 3444 2069 ut

1867 2130 2094 2185 dimidia
2117 2141 2241 2196 pars
2274 2123 2511 2179 camelos
2555 2121 2853 2188 asinosqne
2913 2124 3196 2183 pascentes
3239 2108 3442 2177 abigat,

1869 2223 2035 2275 altera
2070 2218 2136 2272 ad
2167 2216 2366 2287 prioris
2422 2211 2726 2268 custodiam
2777 2224 2843 2263 ac
2875 2205 3250 2262 defensionem
3285 2212 3438 2266 opem

1871 2312 2184 2367 lmiclatura
2221 2309 2272 2361 in
2317 2305 2555 2360 statione
2604 2302 2694 2356 sit.
2724 2299 2880 2365 Quod
2909 2298 2952 2352 si
2986 2294 3178 2365 globus
3205 2288 3438 2345 hostium

1868 2420 1966 2474 pro
1991 2402 2188 2458 castris
2207 2398 2467 2453 excubias
2500 2409 2667 2463 agens
2698 2394 2752 2446 in
2786 2391 3074 2445 abactores
3105 2382 3437 2439 camelorum

1869 2495 2116 2557 incurrit,
2141 2491 2221 2546 vel
2258 2506 2288 2545 e
2321 2489 2518 2545 castris
2555 2487 2763 2555 equites
2797 2480 3082 2552 provolant
3117 2483 3443 2540 nostrosque.

1869 2594 2293 2658 persequuntur,
2341 2583 2435 2652 qui
2497 2580 2551 2634 in
2603 2577 2864 2632 subsidiis
2905 2582 3051 2629 stant
3116 2569 3238 2624 illos
3270 2579 3439 2634 expu-

1865 2655 2128 2749 anabunt.
2184 2674 2466 2743 Simulque
2512 2671 2643 2735 dux,
2677 2668 2768 2738 qui
2823 2681 2927 2720 non
2967 2661 3158 2733 procul
3207 2657 3334 2712 itide
3385 2655 3438 2706 in

1867 2769 2091 2826 latibulo
2126 2766 2489 2826 subsidiatur,
2529 2771 2717 2817 contra
2769 2758 2890 2812 illos
2941 2753 3163 2823 prodeat
3189 2768 3200 2802 :
3231 2757 3287 2803 et
3312 2761 3439 2816 per-

1867 2861 1992 2915 inde
2033 2868 2093 2913 ut
2143 2856 2287 2910 videt
2314 2853 2560 2924 praelium
2622 2849 2760 2912 fieri,
2799 2845 2873 2899 ita
2912 2858 3026 2898 rem
3053 2837 3442 2903 .admiuistret,

1867 2961 1928 3006 ut
1964 2951 2044 3005 vel
2093 2947 2264 3004 eﬂ‘usc
2311 2947 2364 3001 in
2411 2945 2594 2999 hostes
2627 2949 2774 3006 ruat,
2805 2937 2912 3001 vel,
2951 2935 2997 2990 si
3052 2928 3320 3002 praemissi
3369 2925 3441 2980 de

1869 3059 2029 3096 manu
2059 3057 2155 3095 sua
2195 3038 2506 3108 superiores
2535 3033 2755 3096 fuerint,
2796 3029 3046 3084 ordinate
3083 3023 3440 3088 confertaque

1867 3134 1984 3188 acie
2039 3133 2104 3185 ad
2150 3127 2514 3200 oppugnanda
2539 3134 2716 3179 castra
2739 3121 3013 3176 succedat.
3054 3117 3130 3170 lta
3159 3111 3440 3184 productis

178 3205 339 3273 μέρει
372 3205 465 3258 τοῦ
499 3207 778 3277 ἀπλήκτου
807 3211 984 3263 αὐτῶν
1012 3212 1107 3274 τὰς
1135 3213 1412 3280 καμήλους
1437 3216 1484 3265 oi
1504 3215 1752 3282 πολέμιοι

1865 3223 2137 3278 universis
2187 3222 2432 3290 equitum
2483 3217 2828 3284 militumque
2879 3210 3075 3280 copiis,
3147 3211 3438 3276 perspecto

177 3294 257 3354 εἰς
293 3292 467 3365 νομὴν
509 3296 784 3364 ἐξάγουσι.
815 3301 926 3353 Καὶ
954 3301 1334 3370 διαχωρισάτω
1391 3302 1502 3355 εἴτε
1555 3321 1758 3373 τουρμ-

178 3385 400 3454 άρχην,
484 3387 593 3442 εἴτε
673 3393 1056 3462 τοποτηρητὴν
1103 3395 1414 3464 χρήσιμον,
1476 3395 1596 3464 μεθ’
1664 3397 1756 3448 ίπ-

178 3479 325 3532 πέων
349 3481 613 3550 ἀνδρείων
633 3499 646 3513 ο
667 3485 761 3538 καὶ
781 3487 1214 3556 σκοπησάτωσάν
1239 3487 1436 3557 ῥύακα,
1463 3490 1510 3540 εἰ
1528 3487 1757 3558 εὕρηται

174 3572 230 3622 ἐν
289 3569 370 3640 τῷ
422 3573 572 3642 τόπῳ
631 3576 975 3646 ἐπιτήδειος’
1030 3580 1126 3631 καὶ
1192 3580 1626 3648 παρασυρθῶσιν,
1696 3583 1754 3634 ἐν

171 3660 325 3730 αὐτῷ
378 3666 772 3734 κεκρυμμένοι,
811 3669 914 3731 ἕως
945 3663 1006 3723 οὗ
1035 3670 1263 3740 πλησίον
1295 3673 1568 3740 γένωνται
1603 3689 1618 3702 ·
1658 3674 1752 3726 καὶ

173 3751 294 3802 τότε
351 3754 604 3822 φανερῶς
669 3759 812 3810 κατά
861 3760 970 3812 τῶν
1023 3763 1288 3831 καμήλων
1347 3763 1443 3832 τὴν
1507 3737 1752 3817 ἐπίθεσιν

174 3841 536 3909 ποιήσωνται.
575 3845 666 3906 Εἰς
695 3845 788 3898 δύο
837 3847 895 3900 δὲ
947 3851 1038 3904 τὸν
1070 3850 1198 3904 λαὸν
1246 3853 1296 3904 oi
1349 3854 1750 3917 ἀποσταλέντες

183 3931 698 4002 διαμερισάτωσαν·
747 3939 841 3991 καὶ
898 3942 948 3994 οἱ
1003 3942 1102 4010 μέν
1164 3944 1382 4012 ἡμίσεις
1428 3944 1525 4007 τὰς
1590 3962 1751 4014 νεμο-

182 4023 354 4090 μένας
409 4027 688 4094 καμήλους
744 4032 838 4084 καὶ¹
894 4033 1022 4096 τοὺς
1084 4034 1238 4097 ὅνους
1294 4036 1752 4105 ἀναλαμϐανέτω-

172 4129 292 4175 σαν,
313 4116 364 4167 ot
390 4115 449 4168 δὲ
473 4117 622 4170 ἄλλοι
667 4121 748 4182 είς
798 4123 1046 4195 φυλακὴν
1077 4128 1170 4178 καλ⁸
1193 4127 1474 4196 ἐκδίκησιν
1499 4127 1594 4180 καὶ
1623 4129 1751 4197 βοή-

169 4201 321 4254 Θειαν
349 4205 530 4258 αὐτῶν
556 4207 821 4264 ἔστωσαν.
850 4214 960 4268 Καὶ
990 4215 1038 4266 εἰ
1082 4216 1221 4286 τύχῃ
1261 4217 1493 4285 φοῦλκον
1517 4219 1622 4285 ἔξω
1653 4220 1747 4273 τοῦ

171 4294 457 4396 φωσσάτου
474 4297 583 4351 τῶν
613 4301 888 4370 πολεμίων
917 4306 1226 4375 ἱστάμενον,
1259 4312 1354 4363 καὶ
1382 4313 1580 4384 ἐπέλθῃ
1607 4316 1748 4368 κατὰ

166 4388 272 4437 τῶν
319 4389 399 4448 είς
449 4388 549 4452 τὰς
589 4393 870 4462 καμήλους
917 4396 1345 4472 ἐπιθεμένων,ἢ
1401 4404 1495 4456 καὶ
1538 4406 1602 4458 ἐκ
1651 4406 1745 4459 τοῦ

1865 3314 2102 3385 regionis
2139 3313 2270 3377 situ,
2303 3312 2420 3365 loca
2473 3319 2620 3362 certa
2647 3305 2842 3374 cuique
2873 3301 3135 3356 attribuat
3191 3296 3434 3366 equitum

1861 3409 2207 3477 peditumque
2234 3417 2483 3464 nurnero,
2514 3397 3080 3469 oppugnationemque
3105 3404 3308 3446 corona
3331 3387 3438 3441 cir—

1860 3500 2134 3562 cumdata,
2161 3497 2207 3551 si
2238 3495 2350 3548 fieri
2383 3502 2580 3562 potest,
2615 3489 2881 3544 instituat.
2901 3484 2958 3540 Si
2989 3485 3190 3538 flumen
3221 3483 3433 3544 subest,

1859 3599 1948 3642 aut
1996 3590 2169 3651 rivus,
2205 3598 2262 3640 ut
2297 3583 2549 3653 superius
2587 3582 2864 3644 diximus,
2903 3575 2998 3646 qui
3046 3573 3207 3629 fossa).
3262 3573 3434 3625 instar

1859 3680 2107 3735 bosubus
2142 3677 2480 3733 munimenta
2525 3674 2762 3744 praabeat
2789 3670 2834 3726 si
2873 3679 3154 3736 utcunque
3191 3663 3431 3720 admittit

1857 3771 2170 3833 transitum,
2195 3784 2259 3822 ea
2284 3782 2504 3838 quoque
2526 3774 2766 3820 armatos
2797 3763 3038 3816 inducat.
3070 3757 3237 3812 Curet
3270 3756 3425 3815 item,

1858 3875 1918 3918 ut
1946 3862 2174 3916 tentoria
2225 3860 2502 3918 exercitus
2534 3859 2874 3913 collocentur
2909 3853 2976 3907 ad
3009 3847 3426 3910 declarandum,

1856 3955 2012 4023 211
2043 3963 2221 4008 castra
2254 3967 2311 4007 se
2343 3952 2415 4005 ibi
2452 3964 2650 4021 ponere
2682 3947 2840 4012 velle,
2864 3960 2973 4014 quo
3003 3951 3204 3996 terreat
3233 3940 3430 3994 adver-

1855 4047 2031 4102 sarios
2071 4063 2084 4099 :
2119 4045 2320 4114 quibus
2345 4044 2510 4096 rebus
2538 4038 2874 4104 constitutis,
2907 4035 3107 4089 inferat
3147 4031 3320 4101 signa.
3350 4029 3426 4083 Ac

1854 4138 1898 4192 si
1936 4147 2102 4198 recte,
2147 4135 2466 4196 ordinatim,
2496 4141 2718 4186 strenue
2747 4126 3204 4198 Oppugnationem
3251 4119 3428 4174 admi-

1854 4231 2070 4292 nistrat,
2105 4226 2387 4297 magnifice
2407 4225 2607 4280 vincet.
2634 4223 2788 4288 Quod
2813 4221 2856 4276 si
2883 4219 3058 4286 primo
3085 4216 3172 4270 die
3194 4198 3424 4268 fundere

1855 4321 1974 4374 illos
2003 4316 2209 4387 nequit,
2246 4315 2391 4384 quod
2421 4324 2475 4368 ct
2497 4313 2763 4367 industrie
2792 4311 3074 4371 resistunt,
3106 4314 3160 4361 et
3182 4304 3421 4374 peditatu

1849 4411 2050 4471 valent,
2081 4407 2244 4463 simul
2269 4407 2413 4476 quod
2445 4408 2690 4461 locorum
2723 4405 2829 4460 situ
2860 4401 3206 4471 adjuvantur,
3239 4405 3422 4450 tamen

173 4477 457 4567 ¹ςωσσάτου
492 4479 785 4545 ἐξέλθωσιν
821 4486 1005 4549 ἱππεῖς
1045 4491 1492 4558 καταδιώκοντες,
1533 4497 1580 4548 οἱ
1622 4496 1747 4550 ὄπι-

1857 4501 2134 4556 ronsidere
2199 4498 2354 4567 juxta
2424 4504 2670 4565 oportet,
2730 4491 3074 4562 majoresque
3139 4487 3424 4558 pedestres

170 4563 297 4616 σθεν
339 4564 494 4628 ὄντες
538 4569 762 4635 τούτους
815 4579 1305 4644 καταγωνίσονται.
1334 4584 1658 4653 Παραυτίκα
1690 4588 1745 4642 δὲ

166 4657 254 4758 καὶ
289 4659 331 4758 ὁ,
349 4662 677 4730 στρατηγὸς,
701 4665 761 4716 ού
789 4666 977 4737 πόρρω
1011 4669 1106 4736 ὢν,
1139 4672 1274 4726 ἀλλά
1317 4675 1564 4744 πλησίον,
1589 4682 1644 4731 ἐν
1668 4680 1745 4750 τῷ

163 4749 543 4818 ἐγκρύμματι,
575 4754 698 4806 κατ’
728 4758 909 4811 αὐτῶν
952 4761 1213 4826 ἐξελθέτω
1236 4781 1250 4794 ο
1284 4766 1378 4818 καὶ
1433 4768 1613 4831 καθὼς
1642 4734 1744 4838 (apii

165 4841 508 4909 συναφθέντα
538 4847 629 4897 τὸν
679 4848 940 4918 πόλεμον,
975 4851 1056 4922 [Ρ.
1091 4855 1215 4925 1561
1245 4855 1389 4910 οὕτω
1428 4860 1520 4910 καὶ
1566 4827 1742 4913 διατιἰ

163 4933 322 4997 θέτω,
350 4936 382 5006 ἦ
420 4937 664 5008 σφοδρῶς
684 4942 827 4993 κατά
853 4942 963 4994 τῶν
987 4944 1262 5015 πολεμίων
1293 4950 1514 5020 ἐπέλθῃ,
1551 4952 1581 5021 ἢ
1604 4954 1734 5021 ,τῶν

160 5027 578 5081 ἀποσταλέντων
644 5032 740 5084 τοῦ
823 5033 952 5086 λαοῦ
1010 5037 1176 5088 αὑτοῦ
1253 5017 1734 5112 ἐπικρατεστέρων

158 5117 348 5179 ὄντων,
387 5120 446 5170 ἐν
475 5119 624 5184 τάξει
656 5123 750 5175 καὶ
789 5124 863 5195 μὴ
879 5127 1346 5198 διεσκεδασμένως
1367 5132 1464 5204 τὴν
1504 5136 1734 5188 ἐπέλευ-

161 5229 240 5263 σιν
276 5213 421 5265 κατά
445 5214 540 5267 τοῦ
570 5217 848 5286 ἀπλήκτου
874 5221 1184 5291 ποιήσηται.
1219 5226 1327 5278 Καὶ
1359 5228 1575 5280 ἅπαντα
1636 5230 1731 5283 τὸν

157 5305 282 5356 λαὸν
311 5306 498 5368 αὑτοῦ,
529 5308 714 5372 ἱππεῖς
740 5329 796 5363 τε
829 5314 920 5364 καὶ
954 5313 1152 5377 πεζοὺς
1185 5318 1429 5387 ἀγαγὼν,
1463 5321 1586 5373 ἐπεὶ
1635 5323 1734 5392 τὴν

158 5395 248 5448 τοῦ
281 5396 453 5450 τόπου
488 5399 635 5453 θέσιν
669 5401 1041 5470 ἐξεπίσταται,
1067 5407 1362 5480 διαμερίσῃ
1394 5412 1462 5464 τὰ
1495 5416 1734 5467 κατατύ-

160 5503 277 5550 ςτια,
320 5491 442 5552 ταῖς
469 5491 658 5557 τάξεσι
694 5495 895 5559 πάσαις
921 5498 1024 5550 τῶν
1047 5517 1104 5551 τε
1144 5501 1354 5554 ἱππέων
1393 5508 1486 5558 καὶ
1524 5506 1730 5573 πεζῶν,

161 5581 251 5631 καὶ
299 5581 393 5633 τὸν
446 5585 566 5635 κατ’
617 5585 794 5638 αὐτῶν
836 5588 1084 5659 διάθηται
1114 5592 1370 5662 πόλεμον,
1399 5599 1446 5649 εί
1502 5593 1616 5651 οἷόν
1672 5619 1732 5654 τε

1845 4596 2030 4664 copias
2051 4607 2351 4648 accersere.
2385 4589 2557 4645 Noctu
2589 4602 2735 4643 cura:
2769 4584 2873 4641 sibi
2919 4583 3010 4648 sit,
3046 4592 3104 4636 ut
3127 4597 3252 4636 cum
3286 4578 3420 4635 levis

1844 4695 2121 4740 armatura
2157 4693 2271 4738 tum
2304 4681 2605 4736 funditores
2639 4680 2745 4734 tela
2774 4679 2827 4732 in
2854 4677 3037 4732 hostes
3072 4673 3367 4743 conjiciant
3404 4688 3418 4724 :

1843 4780 1971 4832 item
2006 4788 2064 4830 ut
2094 4777 2245 4846 ignes
2265 4771 2653 4844 quamplurimi
2686 4771 2741 4824 in
2762 4769 2892 4825 orbe
2914 4768 3058 4821 circa
3091 4766 3213 4821 illos
3245 4767 3376 4819 fiant
3401 4783 3416 4818 :

1843 4869 2141 4938 leviterque
2168 4873 2406 4920 armatos
2431 4865 2496 4918 ad
2531 4861 2903 4918 fortitudinem
2943 4869 3110 4930 atque
3128 4856 3419 4911 audaciam

1842 4963 2181 5024 exbortetur,
2231 4968 2286 5013 ut
2331 4957 2515 5026 pradio
2548 4957 2802 5010 manibus
2829 4961 3087 5008 conserto
3123 4953 3178 5005 in
3219 4949 3415 5005 discri-

1847 5067 2044 5106 mense
2062 5051 2312 5111 oﬂ‘erant,
2328 5049 2499 5101 donec
2522 5048 2572 5101 in
2592 5057 2768 5101 castra
2788 5046 3026 5098 hostium
3047 5042 3417 5112 perruperint,

1843 5158 2036 5211 equos,
2070 5142 2270 5205 mulos,
2302 5139 2589 5194 facultates
2617 5145 2780 5190 noctu
2807 5135 3030 5205 praedati
3059 5135 3188 5198 sint,
3221 5135 3414 5206 vulne-

1838 5239 2050 5294 ratione
2078 5248 2274 5302 magna
2315 5246 2378 5286 ac
2404 5233 2551 5286 caede
2581 5229 2826 5285 hostiqu
2873 5227 3032 5283 facta.
3064 5229 3128 5282 Et
3159 5227 3409 5288 omnino,

1835 5329 2039 5398 siquid
2090 5326 2382 5397 ejusmodi,
2429 5340 2530 5394 ope
2565 5323 2682 5387 Dei,
2716 5338 2783 5377 ex
2836 5337 2942 5376 una
2994 5329 3147 5389 parte
3190 5318 3411 5380 accidit,

1835 5420 2170 5484 conspicitur
2197 5429 2374 5473 autem
2404 5417 2487 5471 vel
2511 5415 2830 5483 intelligitur
2858 5430 2887 5466 a
2917 5413 3142 5480 reliquis
3167 5411 3410 5472 aciebus,

1836 5513 1917 5565 bac
1933 5526 2150 5580 quoque
2181 5511 2369 5565 mortis
2386 5508 2789 5576 contemptione
2808 5506 2874 5560 ad
2896 5506 3104 5577 prtedas
3132 5502 3414 5558 faciendas

1837 5612 2013 5663 ruent,
2054 5617 2149 5670 spe
2178 5602 2316 5657 lucri
2344 5601 2602 5666 incensae,
2633 5597 2921 5666 hostesque
2955 5594 3129 5666 gratia
3163 5594 3415 5652 numinis

1340 5731 1401 5783 (Σ.
1447 5730 1504 5784 Β.
1542 5732 1717 5790 HAS“
1749 5736 2302 5794 ANNOTATIONES.

235 5841 276 5866 “
312 5839 859 5912 ξεπσκοπτσσὶεωσαν]
887 5843 1434 5914 διασκορπισάτωσαν
1466 5853 1581 5906 cod.
