4178 6522
202 460 300 523 951
1434 452 1846 514 \‘ELITATIO
1870 452 2207 512 BELLICA-
3358 465 3463 526 962

207 567 360 622 ΚΕΦ.
398 563 498 618 IA'.
533 562 669 640 Hegi
702 560 818 640 τοῦ.
846 562 1022 640 ἔνθεν
1041 560 1317 640 κάκεῖθεν
1337 560 1618 613 ἵστασθαι
1645 558 1787 624 τούς
1817 564 1857 620 Α

1817 564 1862 620 Α
1891 559 2018 613 CAP.
2052 560 2141 613 Xl.
2184 559 2247 613 In
2279 562 2543 640 angustiis
2576 566 2870 629 peditatum
2915 568 2984 622 ad
3018 575 3294 640 utrumque
3323 576 3465 631 (alus

553 632 764 697 πεζοὺς
794 632 865 684 ἐν
886 632 1015 695 ταῖς
1045 629 1431 698 δυσχωρίαις.

1309 631 1431 693 me.
2359 629 2481 685 ἰεἱω
2520 642 2661 688 stare
2704 649 2959 704 oportere.

272 751 393 820 Χρὴ
428 748 519 800 τὸν
548 745 861 815 στρατηγὸν
912 742 1006 796 καὶ
1038 743 1214 805 ἄλλως
1239 740 1611 810 ἀγωνίσασθαι
1658 743 1782 804 τοὺς

1962 739 2125 794 Debet
2176 740 2283 795 alio
2341 756 2560 813 quoque
2602 746 2763 799 modo
2807 763 3030 818 cperam
3070 752 3206 808 dare
3240 754 3352 808 dux
3407 766 3466 809 ut

203 840 497 909 πολεμίους
529 835 936 907 τροπώσασθαι,
962 836 1008 886 εἰ
1041 835 1135 887 καὶ
1180 833 1357 901 ὀλίγος
1381 833 1529 885 ἐστὶν
1583 832 1611 882 ὁ
1655 833 1783 902 περὶ

1884 830 2069 884 hostes
2104 830 2317 893 fundat,
2346 832 2391 884 si
2417 834 2628 902 exigua:
2662 834 2807 888 circa
2846 853 2904 891 se
2936 840 3104 907 cepiae
3130 852 3276 896 sunt.
3307 842 3465 897 lnvc-

204 935 368 989 αὐτὸν
423 933 571 995 λαός.
606 932 784 983 Τόπον
827 928 1306 996 κατασκοπησάτω
1336 928 1640 998 ἐπιτήδειον
1689 928 1783 979 καὶ

1887 922 2050 992 stiget
2089 923 2268 976 locum
2302 924 2557 978 idoneum
2590 934 2642 979 et
2668 928 3128 995 munitissimum,
3161 935 3242 986 vel
3268 937 3464 989 castel-

202 1025 569 1097 ὀχυρώτατον,
606 1024 639 1094 ἧ
669 1040 721 1075 τι
758 1021 1140 1091 παραπλήσιον
1172 1021 1362 1089 κάστρ‹
1438 1035 1451 1049 ·
1482 1019 1557 1082 ὡς
1602 1019 1777 1070 ὲπιδέο

1888 1018 2021 1078 lum,
2043 1017 2185 1085 quod
2212 1032 2377 1086 prope
2401 1019 2505 1071 sit:
2536 1029 2591 1073 ut
2616 1020 2774 1075 liceat
2801 1039 2893 1087 per
2915 1031 3164 1078 naturam
3193 1027 3462 1081 munitum

200 1118 395 1187 χεσθαι
447 1116 545 1187 τὴν
600 1114 693 1168 τοῦ
757 1112 957 1184 ὀχυροῦ
1007 1114 1172 1165 τόπου
1206 1114 1354 1166 θέσιν
1399 1113 1534 1181 μετὰ
1600 1110 1782 1173 πεζῶν

1899 1109 2047 1161 illum
2078 1110 2255 1163 locum
2310 1110 2580 1179 peditibus
2617 1115 2897 1182 occupari,
2931 1116 3228 1186 capiasque
3276 1121 3466 1184 pedes-

203 1208 545 1279 κρατεῖσθαι,
573 1206 665 1259 καὶ
700 1205 853 1257 ἔνθεν
882 1204 1136 1258 κάκεῖθεν
1188 1203 1289 1273 τῆς
1326 1203 1450 1256 ὁδοῦ
1482 1204 1560 1266 εἰς
1594 1203 1782 1272 λόχους

1887 1208 1995 1253 tres
2032 1200 2100 1252 ab
2148 1208 2381 1269 utroque
2429 1201 2526 1254 viae
2575 1201 2744 1256 latere
2790 1204 2842 1255 in
2885 1204 3098 1261 insidiis
3176 1208 3463 1261 occultari.

200 1302 262 1352 τὸ
292 1299 517 1362 πεζικὸν
546 1297 930 1368 ἀποκρύπτειν
963 1298 1298 1367 στράτευμα.
1334 1296 1440 1347 Τοῦ
1469 1296 1524 1348 δὲ
1556 1295 1781 1359 πεζικοῦ

1884 1288 1930 1342 Α
1967 1290 2208 1357 peditum
2237 1300 2388 1357 tergo
2419 1293 2530 1345 dux
2564 1307 2691 1347 cum
2725 1293 2971 1362 equitatu
3006 1310 3171 1363 quam
3217 1297 3468 1366 proxime

204 1390 430 1444 Sztsesv
486 1392 513 1442 ὁ
576 1388 884 1460 στρατηγὸς
921 1387 1188 1455 σύνεγγυς
1236 1387 1373 1457 μετὰ
1416 1387 1509 1439 τοῦ
1554 1386 1780 1439 ἱππικοῦ

1887 1382 2243 1437 subsidietur.
2292 1384 2388 1436 liae
2438 1396 2721 1451 equestres
2778 1386 3011 1450 insidiat,
3066 1387 3195 1455 ipsae
3243 1404 3466 1459 quoque

206 1482 619 1553 στρατεύματος
670 1482 884 1550 στήτω,
944 1482 1085 1533 πάνυ
1141 1481 1249 1533 τῶν
1297 1481 1475 1544 πεζῶν
1532 1479 1776 1547 ἔγγιστα.

1886 1474 2095 1543 pedites
2148 1490 2315 1543 prope
2362 1474 2509 1544 ipsas
2558 1478 2861 1543 habentes,
2904 1494 3041 1548 pene
3088 1480 3466 1549 contingentes

203 1574 391 1640 ’Ἑχειν
423 1588 477 1623 τε
504 1572 599 1623 καὶ
624 1570 684 1621 τὸ
710 1569 935 1621 ἱππικὸν
969 1568 1270 1638 ἔγκρυμμα
1301 1569 1394 1619 καὶ
1418 1564 1617 1629 πεζοὺς
1648 1565 1783 1635 πλη-

1887 1564 2058 1617 aciem
2097 1574 2219 1634 post
2256 1567 2408 1636 signa
2444 1569 2770 1622 consistant.
2801 1568 3031 1637 Oportet
3063 1582 3272 1638 autem,
3318 1580 3377 1626 ut
3411 1572 3465 1626 in

202 1661 316 1713 πίον
349 1660 535 1724 αὑτοῦ,
589 1660 686 1712 καὶ
741 1660 927 1728 σχεδὸν
958 1658 1353 1727 συνηνωμένως
1404 1656 1544 1708 κατὰ
1576 1658 1635 1707 τὸ
1665 1656 1784 1708 ὄπι-

1886 1658 2114 1711 insidias
2141 1660 2319 1711 mittat
2346 1660 2455 1713 dux
2486 1661 2731 1714 homines
2777 1661 2965 1724 lectos,
2994 1664 3153 1732 equis
3184 1663 3466 1718 velocibus

205 1754 329 1804 sGsv
372 1753 535 1821 μέρος
571 1752 831 1804 ἱστάσθω.
868 1750 1365 1818 Ἀποσταλήτωσαν
1400 1749 1444 1779 ⁸⁷
1490 1748 1541 1799 δὲ
1579 1748 1672 1799 καὶ
1704 1750 1783 1810 εἰς

1887 1747 2213 1812 insidentes,
2246 1763 2473 1802 numero
2497 1751 2566 1803 ad
2612 1762 2853 1817 centum,
2885 1767 3008 1805 cum
3038 1750 3294 1821 praefecto
3336 1752 3467 1806 forti

200 1845 295 1909 τὴν
318 1843 539 1910 ἐνέδραν
572 1842 721 1912 παρὰ
753 1840 846 1894 τοῦ
884 1839 1194 1910 στρατηγοῦ
1248 1839 1441 1908 ἄνδρες
1483 1839 1778 1903 ἐπίλεκτοι,
1809 1899 1850 1912 __

1816 1850 1939 1912 “et
1997 1840 2350 1908 peritissimo,
2410 1854 2774 1910 cognoscente
2836 1844 3012 1897 locum
3075 1854 3466 1912 opportunum,

193 1899 295 1985 καὶ
328 1899 529 1995 ἵππους
558 1899 799 2002 τραχεῖς,
833 1934 878 1964 ⁸⁸
925 1899 1035 2003 (i9)
1079 1899 1327 2002 ἱχοντες,
1351 1899 1483 2002 ’ἄχρι
1515 1932 1620 1984 τῶν
1653 1899 1780 1982 sxa;
1808 1899 1843 1959 Ε

1818 1899 1993 1999 Bquo
2048 1946 2203 1985 suam
2253 1947 2473 1985 manum
2530 1933 2785 1987 occultet.
2848 1931 3005 1987 Hunc
3060 1933 3243 1987 locum
3304 1944 3468 1988 noctu

192 2026 310 2089 τὸν,
338 2025 577 2094 ἀρχηγὸν
608 2024 823 2094 ἔχοντες
855 2026 1100 2094 ἀνδρεῖον
1125 2026 1215 2077 καὶ
1244 2026 1661 2094 ἐμπειρότατον,
1688 2023 1781 2074 καὶ

1883 2031 2133 2091 occupet,
2168 2037 2301 2077 suos
2351 2022 2488 2075 bene
2534 2022 2717 2076 abdat.
2764 2020 2946 2076 Prima
2990 2023 3111 2077 luce
3165 2038 3464 2080 conscensa

192 2120 535 2185 γινώσκοντα
565 2118 763 2189 χωρίον
790 2119 1115 2188 ἐπιτήδειον,
1150 2121 1207 2171 ἐν
1233 2112 1276 2186 ᾧ
1325 2117 1507 2188 κρύψῃ
1537 2116 1627 2168 τὸν
1653 2115 1780 2169 [διον

1884 2116 2127 2183 specula,
2161 2115 2206 2167 si
2256 2115 2439 2167 hostes
2489 2121 2730 2177 movent,
2769 2129 2875 2181 quo
2914 2114 3145 2168 tendant
3190 2116 3465 2184 dispiciat.

192 2209 345 2261 λαόν.
380 2208 589 2270 Νυκτὸς
625 2208 681 2260 δὲ
712 2210 800 2260 τὸν
832 2210 1072 2261 τοιοῦτον
1104 2211 1266 2262 τόπον
1292 2208 1778 2277 καταλαμϐανέτω,

1886 2203 1942 2256 Si
1979 2202 2280 2273 praedatum
2308 2204 2602 2273 procedere
2633 2205 2805 2266 videt,
2831 2204 3089 2274 vicosque
3115 2207 3465 2274 perscrutari,

193 2299 490 2362 κα“ικαλὼς
522 2290 717 2363 αὐτοῦς
750 2300 1151 2370 ἀποκρυψοὶτω.
1199 2300 1390 2354 Ἦνίκα
1410 2302 1465 2354 δὲ
1491 2301 1778 2370 διαυγάσῃ,

1885 2300 2096 2365 praedas,
2144 2301 2404 2368 pecuniae,
2438 2306 2491 2352 et
2532 2298 2578 2352 si
2626 2298 2754 2366 quid
2807 2297 2971 2369 214
3018 2300 3162 2353 aliud
3220 2300 3468 2354 invenire

192 2392 277 2453 εἰς
310 2393 599 2462 περιωπὴν
648 2392 887 2445 ἀνελθὼν
936 2392 1182 2461 βλεπέτω
1231 2393 1299 2458 ⁸⁸,
1342 2394 1449 2446 τῶν
1507 2392 1783 2460 πολεμίων

1884 2391 2114 2459 possint,
2170 2391 2551 2459 comportandi
2603 2405 2793 2454 causa,
2844 2405 2903 2444 se
2941 2391 3245 2457 contineat,
3293 2393 3488 2445 donec-

194 2482 670 2551 περιπατούντων,
702 2481 799 2551 τὴν
814 2482 1019 2534 τούτων
1041 2483 1413 2555 διὰϐασιν.[Ρ.
1439 2481 1564 2555 158]
1610 2484 1781 2553 Ὀρῶν

1884 2481 2279 2536 descendentes
2322 2496 2385 2534 ex
2419 2482 2577 2551 equis
2611 2480 2855 2550 jumenta
2896 2495 2926 2535 e
2958 2482 3093 2535 vicis
3139 2485 3466 2551 conquirere

191 2572 251 2623 ἓὲ
282 2573 408 2633 τοῦς
434 2573 512 2633 είς
543 2570 691 2623 λείαν
729 2573 1089 2642 ἐκτρέχοντας
1124 2576 1217 2625 καὶ
1250 2576 1316 2625 τὰ
1366 2575 1539 2644 χωρία
1569 2576 1782 2645 διερευ-

1885 2574 2253 2643 conspexerit.
2285 2572 2421 2626 Tum
2481 2588 2547 2627 ex
2589 2572 2886 2641 equitibus,
2933 2572 3026 2642 qui
3079 2574 3285 2627 circum
3338 2587 3463 2627 eum

192 2662 427 2727 ⁸ρῶντιις,
485 2663 621 2732 πρὸς
643 2664 705 2714 τὸ
735 2666 1163 2731 ἐπισυναγαγεῖν
1193 2664 1410 2733 λάφυρά
1434 2682 1491 2717 τε
1524 2668 1616 2717 καὶ
1648 2666 1783 2737 χρή-

1887 2678 2036 2732 sunt,
2091 2668 2435 2737 septuaginta
2479 2665 2564 2720 vel
2613 2665 2930 2735 sexaginta,
2977 2664 3081 2718 hoc
3130 2672 3235 2729 est,
3280 2664 3465 2733 plures

196 2772 374 2820 ματα,
397 2754 492 2805 καὶ
521 2753 641 2805 εἴτι
667 2752 854 2822 ἕτερον
885 2756 1137 2825 ὲφευρεῑν
1179 2756 1469 2824 δυνηθῶσι,
1509 2774 1781 2827 καρτερη-

1886 2775 2049 2829 quam
2078 2759 2220 2827 apud
2273 2758 2460 2813 hostes
2511 2774 2637 2813 esse
2684 2766 2902 2813 constat
2941 2759 3278 2827 (necessario
3318 2758 3464 2811 enim

196 2847 348 2897 σὰτω
380 2846 480 2905 ἕως
512 2846 577 2897 ἂν
604 2845 868 2915 θεάσηται
890 2848 1086 2907 αὐτοὺς
1113 2847 1222 2899 τῶν
1254 2849 1435 2900 ἵππων
1464 2848 1785 2901 ἀποϐαίνον-

1886 2852 2131 2920 equitum
2180 2851 2232 2903 in
2282 2860 2496 2904 caterva
2545 2851 2700 2903 ducis
2761 2864 3024 2904 numerus
3080 2851 3257 2919 major
3298 2866 3464 2921 quam

197 2951 319 2997 τας,
348 2936 581 2997 καὶτοὺς
607 2935 807 2998 ἵππους
835 2936 881 2967 ⁸⁸
913 2937 1019 2988 τῶν
1042 2936 1254 3006 χωρίων
1288 2938 1781 3008 ἀνερευνωμένους.

1888 2942 2329 2996 adversariorum
2364 2944 2488 2997 ess‘e
2518 2942 2720 3010 debet),
2756 2943 2855 2995 hos
2880 2941 3067 3010 jubeat
3105 2942 3217 2996 acri
3260 2943 3463 3013 impetu

195 3026 331 3078 Τότε
363 3028 473 3079 τῶν
501 3029 629 3097 μετ’
661 3028 839 3093 ,αὐτοῦ
912 3031 1127 3083 ἱππέων
1183 3032 1290 3082 εἴτε
1342 3031 1713 3101 ἐϐδομήκοντα
1750 3031 1783 3101 ἢ

1889 3033 2274 3087 incitatissimo
2340 3047 2609 3101 equorum
2667 3047 2831 3085 cursu
2885 3032 3071 3086 hostes
3126 3032 3358 3099 adoriri,
3411 3042 3466 3087 et

196 3119 491 3189 ἐξήκοντα,
522 3120 739 3183 πλείους
780 3121 1024 3189 δηλονότι
1079 3122 1204 3185 τοῦς
1232 3122 1466 3184 οἰκείους
1490 3121 1595 3173 τῶν
1625 3122 1783 3174 πολε-

1892 3122 2227 3192 suﬂragante
2254 3123 2477 3176 numine
2518 3138 2627 3176 rem
2652 3123 2787 3176 bene
2813 3131 2985 3191 geret.
3020 3121 3077 3177 Si
3107 3134 3286 3177 tamen
3318 3124 3466 3179 acci—

199 3213 345 3280 μίων
375 3212 535 3274 ὂντας
572 3214 835 3281 (πλείονες
872 3214 978 3285 γὰρ
1009 3214 1114 3267 τῶν
1158 3216 1431 3285 πολεμίων
1465 3214 1542 3284 τῷ
1563 3216 1779 3285 ἀριθμῷ
1811 3232 1849 3290 C

1811 3232 1855 3290 α
1890 3215 1986 3279 dit,
2013 3223 2069 3267 ut
2111 3215 2178 3267 ab
2217 3213 2547 3268 adversariis
2590 3214 2941 3280 repellantur,
2978 3224 3195 3283 oportet
3217 3217 3304 3271 his
3338 3232 3461 3272 cum

195 3299 341 3354 εἶναι
373 3304 677 3372 ὀφείλουσιν
714 3306 761 3356 οἱ
786 3305 879 3356 τοῦ
924 3306 1271 3376 στρατηγοῦ),
1305 3308 1629 3375 διορισάσθω
1657 3307 1779 3359 τού-

1887 3306 2323 3361 subsidiantibus
2371 3305 2734 3375 quadraginta
2784 3307 3065 3375 equitibus
3097 3308 3313 3363 obviam
3361 3309 3469 3374 ire,

196 3412 327 3457 ὀυς
393 3397 623 3467 ἀνδρείῳ
676 3397 956 3467 ὁρμήματι
1012 3400 1109 3450 σὺν
1165 3399 1397 3470 ὀξυτάτῃ
1449 3399 1556 3451 τῶν
1599 3400 1780 3451 ἵππων

1884 3398 2262 3466 captivoSque,
2318 3398 2362 3450 si
2419 3412 2556 3466 quos
2609 3396 2829 3461 feceris,
2875 3401 2960 3454 vel
3018 3398 3322 3454 interficere
3378 3401 3462 3454 ve!

194 3490 343 3555 ίρμῇ
392 3487 673 3541 ἐπιθέσθαι
693 3492 805 3548 τοῖς
827 3488 1162 3553 ἀντιπάλοις,
1193 3492 1286 3542 καὶ
1311 3490 1444 3542 Θεοῦ
1488 3491 1781 3559 συνεργείᾳ

1885 3490 2210 3553 amandare,
2242 3500 2301 3543 ut
2330 3490 2614 3543 confestim
2649 3490 2957 3553 discedant,
2991 3491 3156 3559 inque
3193 3491 3462 3546 munitum

198 3578 618 3647 εὐοδωθήσεται.
672 3579 733 3631 Εἰ
789 3579 843 3631 δὲ
894 3580 1071 3649 συμϐῇ
1119 3580 1342 3640 τούτους
1398 3579 1782 3648 ἐπιδιωχθῆναι

1886 3574 2066 3630 locum
2122 3578 2557 3631 introducantur.
2598 3577 2718 3632 Dux
2763 3590 2944 3633 autem
3002 3580 3174 3650 perite
3226 3596 3464 3653 pugnam

200 3670 354 3737 παρὰ
380 3671 490 3721 τῶν
520 3671 814 3739 πολεμίων,
838 3671 953 3724 δέον
980 3673 1397 3742 προαπαντῆσαι
1429 3673 1610 3734 αὐτοῖς
1645 3673 1784 3740 μετὰ

1887 3670 2276 3723 administrans
2323 3669 2682 3739 hostibusque
2732 3670 3033 3737 obsistens,
3070 3680 3125 3726 et
3182 3677 3345 3727 modo
3398 3687 3459 3726 se

197 3764 309 3814 τῶν
331 3764 763 3830 ὑπολειφθέντων
791 3763 938 3833 αύτῷ
957 3765 1387 3833 τεσσαράκοντα,
1416 3764 1509 3816 καὶ
1535 3765 1658 3826 τοὺς
1686 3764 1784 3831 μὲν

1886 3768 2212 3827 retorquens
2250 3759 2314 3810 ad
2359 3757 2502 3820 illos,
2538 3758 2701 3812 modo
2735 3758 3083 3829 confugiens,
3120 3775 3214 3815 eos
3245 3761 3311 3813 ad
3342 3776 3467 3829 per-

200 3854 642 3922 κατασχεθέντας
672 3855 955 3922 δεσμώτας
988 3856 1019 3926 ἢ
1056 3857 1368 3925 ὰναιρῆσαι,
1399 3857 1430 3925 ἢ
1476 3856 1784 3925 ἔμπροσθεν

1888 3852 2227 3919 sequendum
2272 3849 2527 3903 lacessat.
2557 3848 2712 3913 Quod
2745 3844 2791 3904 si
2837 3851 2904 3904 ad
2945 3852 3059 3906 loc.t
3094 3866 3269 3920 usque
3303 3851 3464 3905 insti-

202 3947 547 4008 ἀποστεῖλαι,
586 3946 842 3998 ἀπελθεῖν
866 3948 1069 4017 τάχιον,
1107 3949 1197 3999 καὶ
1228 3948 1285 3999 τὸ
1307 3948 1570 4017 ὀχύρωμα
1615 3964 1786 3998 κατα-

1888 3942 2072 4007 terint,
2104 3940 2189 3992 ubi
2231 3940 2439 4009 pedites
2486 3942 2673 4005 latent,
2705 3957 2877 4011 eaque
2907 3943 3025 3997 loca
3072 3942 3319 3996 nonnulli
3368 3942 3468 3997 ho-

201 4036 411 4087 λαῦεἶν.
448 4036 714 4099 Κάκεῖνος
755 4039 1034 4106 ἐμπείρως
1075 4038 1376 4107 μαχόμενος
1417 4038 1509 4089 καὶ
1538 4037 1790 4089 ἀνθιστά-

1891 4033 2057 4087 stium
2091 4033 2388 4101 trangressi
2411 4035 2538 4098 sint,
2564 4043 2692 4087 tunc
2722 4035 2928 4103 pedites
2953 4048 3018 4087 ex
3048 4034 3266 4088 insidiis
3291 4036 3467 4089 coorti

207 4144 371 4194 μενος
396 4130 509 4188 τοῖς
538 4127 840 4195 πολεμίοις,
878 4128 972 4180 καὶ
997 4130 1125 4180 ποτὲ
1156 4128 1253 4196 μὲν
1278 4129 1635 4197 ὑποστρέφων
1670 4126 1787 4179 κατ’

1893 4124 2220 4177 adversariis
2262 4123 2674 4191 insequentibus
2708 4134 3021 4189 occurrent,
3061 4139 3266 4193 eosque
3293 4128 3467 4191 repri-

204 4220 413 4281 αὺτῶν,
475 4218 604 4270 ποτὲ
650 4218 705 4270 δὲ
752 4220 1098 4287 ὑποφεύγων,
1130 4219 1367 4289 ὲρεθίσει
1412 4222 1605 4282 αὐτοὺς
1655 4219 1791 4289 πρὸς

1892 4226 2060 4267 ment.
2111 4214 2307 4269 Hostes
2350 4225 2529 4268 autem
2563 4224 2833 4283 quotquot
2873 4225 3035 4270 erunt
3069 4217 3208 4269 ultra
3256 4218 3465 4286 pedites

205 4311 411 4373 δίωξιν.
446 4312 556 4363 Καὶ
593 4313 640 4363 εἰ
671 4313 797 4382 ἄχρι
831 4312 938 4363 τῶν
961 4313 1141 4365 τόπων
1160 4312 1588 4377 καταδιώξωσιν,
1622 4315 1677 4363 ὲν
1708 4306 1789 4373 οἷς

1892 4308 2156 4376 provecti,
2204 4307 2257 4359 in
2302 4308 2529 4361 insidias
2568 4309 2813 4376 equitum
2873 4309 3173 4364 incidentes
3226 4310 3464 4362 universi

206 4406 253 4454 οἱ
282 4404 442 4465 πεζοὶ
466 4404 932 4473 ἀποκρύπτονται,
963 4406 1053 4455 καὶ
1080 4404 1301 4465 τούτους
1325 4404 1469 4466 τινὲς
1508 4403 1613 4453 τῶν
1637 4402 1791 4453 πολε-

1892 4398 2444 4452 contrucidabuntur.
2480 4398 2609 4453 Loci
2637 4401 2783 4453 enim
2813 4410 3008 4453 natura
3040 4401 3213 4469 adjuti
3259 4400 3467 4469 pedites

210 4495 352 4561 ςιιίων
376 4492 648 4557 διέλθωσι,
679 4493 800 4545 τότε
824 4496 870 4545 οἱ
902 4494 1053 4557 πεζοὶ
1080 4494 1187 4546 τῶν
1209 4494 1616 4562 ὲγκρυμμὰτων
1642 4492 1792 4562 ἐξερ-

1898 4491 2301 4558 introrumpere
2354 4502 2745 4560 persequentes
2787 4508 2898 4545 non
2939 4493 3124 4546 sinent
3157 4510 3170 4546 :
3208 4493 3465 4561 ideoque,

212 4587 433 4653 χόμενοι
468 4586 889 4653 ἀντιστήσονται
924 4587 1034 4647 τοῖς
1076 4586 1332 4638 διώκουσι
1374 4584 1672 4652 πολεμίοις,
1700 4585 1791 4637 καὶ
1825 4584 1862 4637 D

1825 4584 1865 4637 D
1897 4582 2207 4635 intermissa
2238 4582 2615 4647 insectatione,
2640 4582 2839 4636 infecta
2866 4599 2925 4639 re
2944 4582 3223 4637 discedent
3253 4597 3468 4647 omnes,

212 4677 619 4745 ἂπωθήσονται.
653 4678 713 4727 Οἱ
744 4678 798 4727 δὲ
832 4678 955 4739 τοὺς
985 4678 1179 4740 πεζοὺς
1220 4676 1518 4736 διελθόντες
1545 4675 1790 4743 πολέμιοι

1900 4675 2121 4729 amissis
2156 4675 2221 4728 de
2252 4675 2367 4730 suis
2404 4685 2672 4746 quotquot
2705 4676 2845 4729 intra
2878 4676 3160 4746 angustias
3191 4676 3302 4745 jam
3342 4683 3470 4730 sunt

212 4768 683 4837 εμπεσοῦνταιτῷ
717 4769 1073 4837 ἐγκρύμματι
1110 4767 1219 4820 τῶν
1253 4769 1483 4831 ἱππέων,
1510 4767 1601 4818 καὶ
1626 4766 1791 4833 ἄρδην

640 4768 683 4837 ᾦ
717 4769 1073 4837 ἐγκρύμματι
1110 4767 1219 4820 τῶν
1253 4769 1483 4831 ἱππέων,
1510 4767 1601 4818 καὶ
1626 4766 1791 4833 ἄρδην
1901 4767 2282 4821 circumventi.

214 4869 460 4926 απαντες
493 4864 841 4916 ἀπολοῦνται.
891 4866 1024 4915 Ὑπὸ
1083 4864 1191 4931 γὰρ
1222 4862 1315 4915 τοῦ
1345 4864 1511 4913 τόπου
1553 4862 1601 4913 οἱ
1643 4861 1797 4923 πεζοὶ
1874 4860 2229 4931 βοηθούμενοι
2277 4862 2375 4915 οὐκ
2421 4861 2644 4914 ὲάσουσι
2704 4862 2826 4923 τοὺς
2878 4858 3171 4921 διώκοντας
3199 4855 3427 4910 διελθεῖν
3453 4873 3468 4889 ο

225 4961 352 5011 ι).λᾶ
377 4962 473 5027 τὴν
498 4959 679 5022 δίωξιν
714 4958 1100 5026 καταλείψουσι
1151 4958 1242 5010 καὶ
1288 4957 1561 5026 ἄπρακτοι
1596 4956 1794 5017 πάντες
1834 4956 1877 4986 ’ί
1949 4956 2371 5025 ὑποστρέψωσι,
2442 4956 2567 5018 τοὺς
2617 4955 2719 5025 ἠδη
2770 4951 3315 5026 προκατασχεθέντας
3363 4948 3470 5001 τῶν

213 5052 431 5103 οἰκείων
457 5051 837 5112 ἀπολέσαντες.

218 5149 377 5200 ΚΕΦ.
413 5145 507 5199 IB’.
543 5147 678 5213 Περὶ
700 5148 917 5212 ἀθρόας
933 5146 1303 5211 ἐξελεύσεως
1324 5146 1440 5198 τῶν
1467 5144 1785 5212 πολεμίων,

1898 5138 2057 5210 215
2096 5136 2223 5193 CAP.
2257 5136 2481 5213 XllLDe
2515 5135 2689 5189 subita
2714 5133 3014 5213 incursione
3042 5131 3470 5213 hostiummnte-

285 5220 402 5299 apd
432 5217 535 5269 τοῦ
585 5203 657 5269 {ﬁt
723 5203 1018 5285 Ῥωμάϊκὰ
1076 5203 1557 5285 ἐπισυνῖαχθῆναι
1606 5203 1788 5280 σφα-ξ
1914 5203 1935 5210 ’

1540 5232 1557 5266 ι
1606 5203 1788 5280 σφα-ἒ
1914 5203 2046 5210 ’“’
2165 5225 2324 5279 quam
2360 5206 2613 5260 Romane
2640 5206 2801 5275 copia:
2848 5204 2961 5273 cogi
2986 5203 3188 5271 possint

285 5304 565 5355 τευματα.

290 5401 353 5453 Εἰ
386 5399 441 5453 δέ
470 5417 532 5467 γε
562 5400 667 5453 τῶν
697 5400 972 5471 πολεμίων
988 5399 1258 5466 ὲξέλευσις
1280 5397 1452 5469 ἀθρόα
1477 5397 1572 5451 καὶ
1604 5397 1788 5448 σύντο-

1972 5390 2028 5445 Si
2063 5391 2121 5444 lit
2150 5392 2331 5445 subita
2353 5398 2407 5445 et
2432 5388 2576 5444 acris
2600 5387 2843 5442 hostium
2868 5382 3131 5450 incursio,
3158 5377 3302 5451 quod
3324 5373 3467 5447 apud

1379 5540 1440 5593 (λ.
1479 5538 1539 5590 Β.
1573 5534 1756 5590 HAS“
1788 5530 2327 5589 ANNOTATIONES.

293 5686 334 5715 ⁸⁷
373 5682 850 5737 ἁποσταλείτωσαν
875 5682 1035 5738 codd.
1115 5682 1161 5713 ⁵⁸
1192 5680 1449 5751 τραχεῖς)
1514 5677 1559 5709 ⁸⁸
1594 5672 1859 5746 βλεπέτω]
1914 5675 1942 5743 β

1817 5673 1859 5746 ο]
1914 5674 2217 5743 βλεπόντων
2258 5672 2417 5727 codd.
2453 5684 2666 5726 omnes.
2744 5669 2789 5701 "
2825 5662 3031 5737 ἵππων]
3090 5662 3301 5717 ἱππέων
3342 5660 3467 5717 cod.

225 5760 265 5786 ’ί
300 5754 448 5808 Fort.
482 5758 717 5817 παντως.

297 5868 408 5936 (ῖ9ι
430 5868 553 5921 Sive
588 5870 769 5937 potius
800 5870 1003 5938 ταχεῖς.
1046 5867 1191 5921 lnfra
1224 5878 1443 5936 quoque
1476 5863 1598 5916 M7.
1628 5860 1692 5913 A.
1723 5857 1923 5921 ἵππους
1949 5856 2152 5925 ταχεῖς.
