  <div class='ocr_page' id='page_1' title='image "/cluster/home/n/w/nwhite01/storage/ocr_20150623/117/nnc1.0046980202/492.png"; bbox 0 0 4178 6522; ppageno 0'>
   <div class='ocr_carea' id='block_1_1' title="bbox 147 431 3420 500">
    <p class='ocr_par' dir='ltr' id='par_1_1' title="bbox 147 431 3420 500">
     <span class='ocr_line' id='line_1_1' title="bbox 147 431 3420 500; baseline -0.001 -6"><span class='ocrx_word' id='word_1_1' title='bbox 147 434 253 497; x_wconf 79' lang='grc'><strong>965</strong></span> <span class='ocrx_word' id='word_1_2' title='bbox 1392 431 1806 492; x_wconf 79' lang='lat' dir='ltr'><strong>VELITATIO</strong></span> <span class='ocrx_word' id='word_1_3' title='bbox 1833 431 2177 493; x_wconf 83' lang='lat' dir='ltr'><strong>BELLICA.</strong></span> <span class='ocrx_word' id='word_1_4' title='bbox 3309 434 3420 500; x_wconf 74' lang='lat'><strong>966</strong></span> 
     </span>
    </p>
   </div>
   <div class='ocr_carea' id='block_1_2' title="bbox 146 542 1722 617">
    <p class='ocr_par' dir='ltr' id='par_1_2' title="bbox 146 542 1722 617">
     <span class='ocr_line' id='line_1_2' title="bbox 146 542 1722 617; baseline 0.003 -22"><span class='ocrx_word' id='word_1_5' title='bbox 146 545 497 614; x_wconf 74' lang='grc' dir='ltr'>ἐργάσονται,</span> <span class='ocrx_word' id='word_1_6' title='bbox 534 542 630 598; x_wconf 73' lang='grc' dir='ltr'>καὶ</span> <span class='ocrx_word' id='word_1_7' title='bbox 663 545 809 598; x_wconf 81' lang='grc' dir='ltr'>δυοῖν</span> <span class='ocrx_word' id='word_1_8' title='bbox 864 544 1092 617; x_wconf 84' lang='grc' dir='ltr'>θάτερον</span> <span class='ocrx_word' id='word_1_9' title='bbox 1147 545 1350 609; x_wconf 68' lang='grc' dir='ltr'>πέντος</span> <span class='ocrx_word' id='word_1_10' title='bbox 1386 548 1607 613; x_wconf 81' lang='grc' dir='ltr'>φανεῖεν</span> <span class='ocrx_word' id='word_1_11' title='bbox 1636 564 1722 599; x_wconf 65' lang='grc' dir='ltr'>λα-</span> 
     </span>
    </p>
   </div>
   <div class='ocr_carea' id='block_1_3' title="bbox 1826 542 3418 617">
    <p class='ocr_par' dir='ltr' id='par_1_3' title="bbox 1841 545 3418 617">
     <span class='ocr_line' id='line_1_3' title="bbox 1841 545 3418 617; baseline 0.003 -17"><span class='ocrx_word' id='word_1_12' title='bbox 1841 556 2022 617; x_wconf 87' lang='lat' dir='ltr'><strong>petum</strong></span> <span class='ocrx_word' id='word_1_13' title='bbox 2056 545 2235 611; x_wconf 81' lang='lat' dir='ltr'><strong>veriti,</strong></span> <span class='ocrx_word' id='word_1_14' title='bbox 2274 561 2304 601; x_wconf 91' lang='lat' dir='ltr'><strong>a</strong></span> <span class='ocrx_word' id='word_1_15' title='bbox 2350 545 2524 616; x_wconf 84' lang='lat' dir='ltr'><strong>signis</strong></span> <span class='ocrx_word' id='word_1_16' title='bbox 2564 546 2801 603; x_wconf 68' lang='lat' dir='ltr'><strong>Amarize</strong></span> <span class='ocrx_word' id='word_1_17' title='bbox 2830 562 2939 603; x_wconf 90' lang='lat' dir='ltr'><strong>non</strong></span> <span class='ocrx_word' id='word_1_18' title='bbox 2980 548 3283 605; x_wconf 92' lang='lat' dir='ltr'><strong>discedent.</strong></span> <span class='ocrx_word' id='word_1_19' title='bbox 3320 551 3418 614; x_wconf 87' lang='lat' dir='ltr'><strong>lta,</strong></span> 
     </span>
    </p>
   </div>
   <div class='ocr_carea' id='block_1_4' title="bbox 142 636 1722 708">
    <p class='ocr_par' dir='ltr' id='par_1_4' title="bbox 142 636 1722 708">
     <span class='ocr_line' id='line_1_4' title="bbox 142 636 1722 708; baseline -0.001 -20"><span class='ocrx_word' id='word_1_20' title='bbox 142 636 531 707; x_wconf 75' lang='grc' dir='ltr'>τωρθωκότεςο</span> <span class='ocrx_word' id='word_1_21' title='bbox 575 638 607 708; x_wconf 79' lang='grc' dir='ltr'>ἦ</span> <span class='ocrx_word' id='word_1_22' title='bbox 646 637 894 708; x_wconf 83' lang='grc' dir='ltr'>μηδόλως</span> <span class='ocrx_word' id='word_1_23' title='bbox 916 636 1167 704; x_wconf 76' lang='grc' dir='ltr'><strong>ἐξελάσαι</strong></span> <span class='ocrx_word' id='word_1_24' title='bbox 1226 637 1363 705; x_wconf 69' lang='grc' dir='ltr'>πρὸς</span> <span class='ocrx_word' id='word_1_25' title='bbox 1415 636 1565 689; x_wconf 84' lang='grc' dir='ltr'>λείαν</span> <span class='ocrx_word' id='word_1_26' title='bbox 1593 636 1722 699; x_wconf 77' lang='grc' dir='ltr'>τοὺς</span> 
     </span>
    </p>
   </div>
   <div class='ocr_carea' id='block_1_5' title="bbox 1826 636 3421 708">
    <p class='ocr_par' dir='ltr' id='par_1_5' title="bbox 1836 638 3421 708">
     <span class='ocr_line' id='line_1_5' title="bbox 1836 638 3421 708; baseline 0.002 -15"><span class='ocrx_word' id='word_1_27' title='bbox 1836 639 1881 693; x_wconf 91' lang='lat' dir='ltr'><strong>si</strong></span> <span class='ocrx_word' id='word_1_28' title='bbox 1914 639 1995 692; x_wconf 91' lang='lat' dir='ltr'><strong>sic</strong></span> <span class='ocrx_word' id='word_1_29' title='bbox 2020 653 2078 694; x_wconf 85' lang='lat' dir='ltr'><strong>se</strong></span> <span class='ocrx_word' id='word_1_30' title='bbox 2115 640 2347 708; x_wconf 80' lang='lat' dir='ltr'><strong>gesserit</strong></span> <span class='ocrx_word' id='word_1_31' title='bbox 2376 638 2509 704; x_wconf 80' lang='lat' dir='ltr'><strong>dux,</strong></span> <span class='ocrx_word' id='word_1_32' title='bbox 2542 640 2739 708; x_wconf 88' lang='lat' dir='ltr'><strong>pagani</strong></span> <span class='ocrx_word' id='word_1_33' title='bbox 2789 640 2843 695; x_wconf 93' lang='lat' dir='ltr'><strong>in</strong></span> <span class='ocrx_word' id='word_1_34' title='bbox 2890 641 3010 696; x_wconf 90' lang='lat' dir='ltr'><strong>loca</strong></span> <span class='ocrx_word' id='word_1_35' title='bbox 3045 642 3254 696; x_wconf 87' lang='lat' dir='ltr'><strong>munita</strong></span> <span class='ocrx_word' id='word_1_36' title='bbox 3284 651 3337 698; x_wconf 90' lang='lat' dir='ltr'><strong>et</strong></span> <span class='ocrx_word' id='word_1_37' title='bbox 3367 644 3421 697; x_wconf 90' lang='lat' dir='ltr'><strong>in</strong></span> 
     </span>
    </p>
   </div>
   <div class='ocr_carea' id='block_1_6' title="bbox 144 726 1722 802">
    <p class='ocr_par' dir='ltr' id='par_1_6' title="bbox 144 730 1722 802">
     <span class='ocr_line' id='line_1_6' title="bbox 144 730 1722 802; baseline -0.001 -20"><span class='ocrx_word' id='word_1_38' title='bbox 144 731 433 801; x_wconf 83' lang='grc' dir='ltr'>πολεμίους</span> <span class='ocrx_word' id='word_1_39' title='bbox 464 732 1016 802; x_wconf 71' lang='grc' dir='ltr'>παρασκευάσαντες,</span> <span class='ocrx_word' id='word_1_40' title='bbox 1047 731 1103 801; x_wconf 87' lang='grc' dir='ltr'>ἢ,</span> <span class='ocrx_word' id='word_1_41' title='bbox 1137 731 1295 800; x_wconf 88' lang='grc' dir='ltr'>εῖπερ</span> <span class='ocrx_word' id='word_1_42' title='bbox 1328 730 1421 783; x_wconf 74' lang='grc' dir='ltr'><strong>καὶ</strong></span> <span class='ocrx_word' id='word_1_43' title='bbox 1468 730 1606 790; x_wconf 83' lang='grc' dir='ltr'>ὅλως</span> <span class='ocrx_word' id='word_1_44' title='bbox 1634 731 1722 781; x_wconf 84' lang='grc' dir='ltr'>έκ-</span> 
     </span>
    </p>
   </div>
   <div class='ocr_carea' id='block_1_7' title="bbox 1826 726 2996 802">
    <p class='ocr_par' dir='ltr' id='par_1_7' title="bbox 1835 726 2996 796">
     <span class='ocr_line' id='line_1_7' title="bbox 1835 726 2996 796; baseline 0.004 -15"><span class='ocrx_word' id='word_1_45' title='bbox 1835 727 2033 796; x_wconf 88' lang='lat' dir='ltr'><strong>oppida</strong></span> <span class='ocrx_word' id='word_1_46' title='bbox 2063 726 2230 796; x_wconf 89' lang='lat' dir='ltr'><strong>elapsi</strong></span> <span class='ocrx_word' id='word_1_47' title='bbox 2272 728 2580 783; x_wconf 87' lang='lat' dir='ltr'><strong>incolumes</strong></span> <span class='ocrx_word' id='word_1_48' title='bbox 2611 731 2996 786; x_wconf 87' lang='lat' dir='ltr'><strong>servabuntur.</strong></span> 
     </span>
    </p>
   </div>
   <div class='ocr_carea' id='block_1_8' title="bbox 142 818 3425 895">
    <p class='ocr_par' dir='ltr' id='par_1_8' title="bbox 142 818 3425 895">
     <span class='ocr_line' id='line_1_8' title="bbox 142 818 3425 895; baseline 0.001 -19"><span class='ocrx_word' id='word_1_49' title='bbox 142 823 453 893; x_wconf 77' lang='grc' dir='ltr'>δράμωσιν,</span> <span class='ocrx_word' id='word_1_50' title='bbox 514 824 646 895; x_wconf 77' lang='grc' dir='ltr'>ἄχρι</span> <span class='ocrx_word' id='word_1_51' title='bbox 693 824 788 877; x_wconf 84' lang='grc' dir='ltr'>τοῦ</span> <span class='ocrx_word' id='word_1_52' title='bbox 835 824 1075 892; x_wconf 80' lang='grc' dir='ltr'>αὐγάσαι</span> <span class='ocrx_word' id='word_1_53' title='bbox 1114 824 1212 894; x_wconf 81' lang='grc' dir='ltr'>τὴν</span> <span class='ocrx_word' id='word_1_54' title='bbox 1263 824 1479 894; x_wconf 79' lang='grc' dir='ltr'>ἡμέραν</span> <span class='ocrx_word' id='word_1_55' title='bbox 1520 821 1742 884; x_wconf 85' lang='grc' dir='ltr'>τελείως</span> <span class='ocrx_word' id='word_1_56' title='bbox 1790 820 2042 889; x_wconf 78' lang='grc' dir='ltr'>οὐδαμῶς</span> <span class='ocrx_word' id='word_1_57' title='bbox 2102 818 2356 885; x_wconf 77' lang='grc' dir='ltr'><strong>ἐξελάσαι</strong></span> <span class='ocrx_word' id='word_1_58' title='bbox 2462 821 2945 893; x_wconf 86' lang='grc' dir='ltr'>κατατολμήσουσι</span> <span class='ocrx_word' id='word_1_59' title='bbox 2997 821 3086 894; x_wconf 81' lang='grc' dir='ltr'><strong>[Ρ.</strong></span> <span class='ocrx_word' id='word_1_60' title='bbox 3123 822 3286 895; x_wconf 73' lang='lat' dir='ltr'><strong>HO].</strong></span> <span class='ocrx_word' id='word_1_61' title='bbox 3329 827 3425 878; x_wconf 75' lang='grc' dir='ltr'><strong>καὶ</strong></span> 
     </span>
    </p>
   </div>
   <div class='ocr_carea' id='block_1_9' title="bbox 140 910 3424 991">
    <p class='ocr_par' dir='ltr' id='par_1_9' title="bbox 140 910 3424 991">
     <span class='ocr_line' id='line_1_9' title="bbox 140 910 3424 991; baseline 0.002 -24"><span class='ocrx_word' id='word_1_62' title='bbox 140 918 261 970; x_wconf 82' lang='grc' dir='ltr'>τότε</span> <span class='ocrx_word' id='word_1_63' title='bbox 296 915 467 983; x_wconf 79' lang='grc' dir='ltr'><strong>ὀλίγοι</strong></span> <span class='ocrx_word' id='word_1_64' title='bbox 497 917 667 978; x_wconf 87' lang='grc' dir='ltr'>τινές.</span> <span class='ocrx_word' id='word_1_65' title='bbox 706 916 768 966; x_wconf 77' lang='grc' dir='ltr'><strong>ΟΞ</strong></span> <span class='ocrx_word' id='word_1_66' title='bbox 808 914 912 985; x_wconf 79' lang='grc' dir='ltr'>γὰρ</span> <span class='ocrx_word' id='word_1_67' title='bbox 940 914 1157 976; x_wconf 86' lang='grc' dir='ltr'>πλείους</span> <span class='ocrx_word' id='word_1_68' title='bbox 1206 913 1297 966; x_wconf 73' lang='grc' dir='ltr'>τὸν</span> <span class='ocrx_word' id='word_1_69' title='bbox 1331 913 1478 983; x_wconf 73' lang='grc' dir='ltr'>παρὰ</span> <span class='ocrx_word' id='word_1_70' title='bbox 1517 912 1611 964; x_wconf 81' lang='grc' dir='ltr'>τοῦ</span> <span class='ocrx_word' id='word_1_71' title='bbox 1653 910 1962 983; x_wconf 85' lang='grc' dir='ltr'>στρατηγοῦ</span> <span class='ocrx_word' id='word_1_72' title='bbox 2007 911 2245 979; x_wconf 81' lang='grc' dir='ltr'>πόλεμον</span> <span class='ocrx_word' id='word_1_73' title='bbox 2302 912 2644 982; x_wconf 74' lang='grc' dir='ltr'>ὑφορώμενοι</span> <span class='ocrx_word' id='word_1_74' title='bbox 2698 915 2798 983; x_wconf 83' lang='grc' dir='ltr'>τῆς</span> <span class='ocrx_word' id='word_1_75' title='bbox 2852 915 2948 967; x_wconf 82' lang='grc' dir='ltr'>τοῦ</span> <span class='ocrx_word' id='word_1_76' title='bbox 2980 916 3201 986; x_wconf 80' lang='grc' dir='ltr'>Ἀμηρᾶ</span> <span class='ocrx_word' id='word_1_77' title='bbox 3242 935 3424 991; x_wconf 86' lang='grc' dir='ltr'>παρα-</span> 
     </span>
    </p>
   </div>
   <div class='ocr_carea' id='block_1_10' title="bbox 137 1000 3422 1076">
    <p class='ocr_par' dir='ltr' id='par_1_10' title="bbox 137 1000 3422 1076">
     <span class='ocr_line' id='line_1_10' title="bbox 137 1000 3422 1076; baseline 0 -17"><span class='ocrx_word' id='word_1_78' title='bbox 137 1008 342 1071; x_wconf 74' lang='grc' dir='ltr'>τάξεως</span> <span class='ocrx_word' id='word_1_79' title='bbox 370 1008 469 1059; x_wconf 80' lang='grc' dir='ltr'>οὐκ</span> <span class='ocrx_word' id='word_1_80' title='bbox 534 1006 957 1076; x_wconf 81' lang='grc' dir='ltr'>ἀποστήσονται.</span> <span class='ocrx_word' id='word_1_81' title='bbox 1020 1006 1131 1059; x_wconf 78' lang='grc' dir='ltr'><strong>Καὶ</strong></span> <span class='ocrx_word' id='word_1_82' title='bbox 1168 1005 1337 1066; x_wconf 66' lang='grc' dir='ltr'>οὕτω,</span> <span class='ocrx_word' id='word_1_83' title='bbox 1372 1004 1656 1065; x_wconf 76' lang='grc' dir='ltr'>ποιοῦντος</span> <span class='ocrx_word' id='word_1_84' title='bbox 1694 1002 1788 1056; x_wconf 86' lang='grc' dir='ltr'>τοῦ</span> <span class='ocrx_word' id='word_1_85' title='bbox 1831 1000 2162 1072; x_wconf 76' lang='grc' dir='ltr'><strong>στρατηγοῦ,</strong></span> <span class='ocrx_word' id='word_1_86' title='bbox 2198 1001 2513 1070; x_wconf 76' lang='grc' dir='ltr'><strong>ἐκφύγωσιν</strong></span> <span class='ocrx_word' id='word_1_87' title='bbox 2540 1003 2589 1055; x_wconf 82' lang='grc' dir='ltr'>οἱ</span> <span class='ocrx_word' id='word_1_88' title='bbox 2618 1004 2728 1059; x_wconf 90' lang='grc' dir='ltr'><strong>τῶν</strong></span> <span class='ocrx_word' id='word_1_89' title='bbox 2758 1001 2980 1076; x_wconf 86' lang='grc' dir='ltr'>χωρίων</span> <span class='ocrx_word' id='word_1_90' title='bbox 3016 1005 3304 1076; x_wconf 75' lang='grc' dir='ltr'>οἰκήτορες</span> <span class='ocrx_word' id='word_1_91' title='bbox 3343 1008 3422 1071; x_wconf 77' lang='grc' dir='ltr'>εἷς</span> 
     </span>
    </p>
   </div>
   <div class='ocr_carea' id='block_1_11' title="bbox 136 1098 2126 1175">
    <p class='ocr_par' dir='ltr' id='par_1_11' title="bbox 136 1098 2126 1175">
     <span class='ocr_line' id='line_1_11' title="bbox 136 1098 2126 1175; baseline -0.002 -19"><span class='ocrx_word' id='word_1_92' title='bbox 136 1124 193 1158; x_wconf 79' lang='grc' dir='ltr'><strong>τε</strong></span> <span class='ocrx_word' id='word_1_93' title='bbox 226 1108 294 1157; x_wconf 83' lang='grc' dir='ltr'><strong>τα</strong></span> <span class='ocrx_word' id='word_1_94' title='bbox 360 1103 691 1175; x_wconf 81' lang='grc' dir='ltr'>ὀχυρώματα</span> <span class='ocrx_word' id='word_1_95' title='bbox 717 1104 811 1156; x_wconf 75' lang='grc' dir='ltr'><strong>καὶ</strong></span> <span class='ocrx_word' id='word_1_96' title='bbox 858 1101 925 1155; x_wconf 75' lang='grc' dir='ltr'>τὰ</span> <span class='ocrx_word' id='word_1_97' title='bbox 965 1104 1199 1173; x_wconf 78' lang='grc' dir='ltr'>κάστρα,</span> <span class='ocrx_word' id='word_1_98' title='bbox 1260 1105 1355 1154; x_wconf 75' lang='grc' dir='ltr'><strong>καὶ</strong></span> <span class='ocrx_word' id='word_1_99' title='bbox 1394 1100 1653 1163; x_wconf 73' lang='grc' dir='ltr'>ἀϐλαϐεῖς</span> <span class='ocrx_word' id='word_1_100' title='bbox 1699 1098 2126 1170; x_wconf 66' lang='grc' dir='ltr'><strong>διατηρηθῶσιν.</strong></span> 
     </span>
    </p>
   </div>
   <div class='ocr_carea' id='block_1_12' title="bbox 140 1220 1723 1290">
    <p class='ocr_par' dir='ltr' id='par_1_12' title="bbox 140 1220 1723 1290">
     <span class='ocr_line' id='line_1_12' title="bbox 140 1220 1723 1290; baseline -0.003 -14"><span class='ocrx_word' id='word_1_101' title='bbox 140 1225 296 1278; x_wconf 62' lang='grc' dir='ltr'><strong>ἎΕΦ.</strong></span> <span class='ocrx_word' id='word_1_102' title='bbox 331 1222 430 1277; x_wconf 80' lang='lat' dir='ltr'><strong>ll&quot;.</strong></span> <span class='ocrx_word' id='word_1_103' title='bbox 466 1223 602 1290; x_wconf 78' lang='grc' dir='ltr'>Περὶ</span> <span class='ocrx_word' id='word_1_104' title='bbox 632 1222 739 1275; x_wconf 84' lang='grc' dir='ltr'>τοῦ</span> <span class='ocrx_word' id='word_1_105' title='bbox 764 1221 1116 1290; x_wconf 71' lang='grc' dir='ltr'><strong>ἐνεδρεῦσαι</strong></span> <span class='ocrx_word' id='word_1_106' title='bbox 1167 1222 1318 1275; x_wconf 81' lang='grc' dir='ltr'>κατὰ</span> <span class='ocrx_word' id='word_1_107' title='bbox 1346 1220 1465 1273; x_wconf 86' lang='grc' dir='ltr'><strong>τῶν</strong></span> <span class='ocrx_word' id='word_1_108' title='bbox 1483 1222 1723 1290; x_wconf 78' lang='grc' dir='ltr'>λεγομέ-</span> 
     </span>
    </p>
   </div>
   <div class='ocr_carea' id='block_1_13' title="bbox 292 1292 1570 1362">
    <p class='ocr_par' dir='ltr' id='par_1_13' title="bbox 292 1292 1570 1362">
     <span class='ocr_line' id='line_1_13' title="bbox 292 1292 1570 1362; baseline -0.002 -15"><span class='ocrx_word' id='word_1_109' title='bbox 292 1312 417 1347; x_wconf 84' lang='grc' dir='ltr'><strong>νων</strong></span> <span class='ocrx_word' id='word_1_110' title='bbox 440 1294 937 1362; x_wconf 82' lang='grc' dir='ltr'>μινοόυρατόρων</span> <span class='ocrx_word' id='word_1_111' title='bbox 967 1294 1036 1346; x_wconf 82' lang='grc' dir='ltr'>ἐν</span> <span class='ocrx_word' id='word_1_112' title='bbox 1058 1296 1183 1357; x_wconf 82' lang='grc' dir='ltr'>τοὶς</span> <span class='ocrx_word' id='word_1_113' title='bbox 1212 1292 1570 1358; x_wconf 70' lang='grc' dir='ltr'>ἁπλιξκτοις.</span> 
     </span>
    </p>
   </div>
   <div class='ocr_carea' id='block_1_14' title="bbox 204 1405 1725 1478">
    <p class='ocr_par' dir='ltr' id='par_1_14' title="bbox 204 1405 1725 1478">
     <span class='ocr_line' id='line_1_14' title="bbox 204 1405 1725 1478; baseline -0.002 -17"><span class='ocrx_word' id='word_1_114' title='bbox 204 1407 327 1461; x_wconf 86' lang='grc' dir='ltr'>Τῶν</span> <span class='ocrx_word' id='word_1_115' title='bbox 354 1408 411 1461; x_wconf 82' lang='grc' dir='ltr'>δὲ</span> <span class='ocrx_word' id='word_1_116' title='bbox 448 1407 725 1477; x_wconf 82' lang='grc' dir='ltr'>πολεμίων</span> <span class='ocrx_word' id='word_1_117' title='bbox 778 1406 1144 1475; x_wconf 77' lang='grc' dir='ltr'>φωσσατικῶς</span> <span class='ocrx_word' id='word_1_118' title='bbox 1200 1407 1300 1469; x_wconf 75' lang='grc' dir='ltr'>τὰς</span> <span class='ocrx_word' id='word_1_119' title='bbox 1336 1406 1522 1478; x_wconf 86' lang='grc' dir='ltr'>χώρας</span> <span class='ocrx_word' id='word_1_120' title='bbox 1566 1405 1725 1476; x_wconf 83' lang='grc' dir='ltr'>ἡμῶν</span> 
     </span>
    </p>
   </div>
   <div class='ocr_carea' id='block_1_15' title="bbox 137 1499 1720 1572">
    <p class='ocr_par' dir='ltr' id='par_1_15' title="bbox 137 1499 1720 1572">
     <span class='ocr_line' id='line_1_15' title="bbox 137 1499 1720 1572; baseline -0.002 -19"><span class='ocrx_word' id='word_1_121' title='bbox 137 1500 432 1572; x_wconf 77' lang='grc' dir='ltr'>δῃούντων,</span> <span class='ocrx_word' id='word_1_122' title='bbox 466 1500 562 1552; x_wconf 79' lang='lat' dir='ltr'><strong>xa&#39;l.</strong></span> <span class='ocrx_word' id='word_1_123' title='bbox 586 1499 799 1567; x_wconf 86' lang='grc' dir='ltr'>κοῦρσα</span> <span class='ocrx_word' id='word_1_124' title='bbox 834 1499 1121 1570; x_wconf 73' lang='grc' dir='ltr'>πόρρωθεν</span> <span class='ocrx_word' id='word_1_125' title='bbox 1149 1500 1223 1569; x_wconf 86' lang='grc' dir='ltr'>μὴ</span> <span class='ocrx_word' id='word_1_126' title='bbox 1255 1499 1720 1565; x_wconf 71' lang='grc' dir='ltr'><strong>ἀποστελλόντων,</strong></span> 
     </span>
    </p>
   </div>
   <div class='ocr_carea' id='block_1_16' title="bbox 136 1589 1725 1660">
    <p class='ocr_par' dir='ltr' id='par_1_16' title="bbox 136 1589 1725 1660">
     <span class='ocr_line' id='line_1_16' title="bbox 136 1589 1725 1660; baseline -0.003 -15"><span class='ocrx_word' id='word_1_127' title='bbox 136 1594 251 1645; x_wconf 76' lang='grc' dir='ltr'>ἀλλ’</span> <span class='ocrx_word' id='word_1_128' title='bbox 295 1592 524 1654; x_wconf 78' lang='grc' dir='ltr'>ἑαυτοὺς</span> <span class='ocrx_word' id='word_1_129' title='bbox 558 1591 1038 1660; x_wconf 77' lang='grc' dir='ltr'>ἀσφαλιςομένων,</span> <span class='ocrx_word' id='word_1_130' title='bbox 1078 1591 1372 1644; x_wconf 81' lang='grc' dir='ltr'>σπουδάσει</span> <span class='ocrx_word' id='word_1_131' title='bbox 1422 1589 1491 1643; x_wconf 89' lang='grc' dir='ltr'><strong>δι’</strong></span> <span class='ocrx_word' id='word_1_132' title='bbox 1530 1590 1725 1659; x_wconf 83' lang='grc' dir='ltr'>ἐτέρας</span> 
     </span>
    </p>
   </div>
   <div class='ocr_carea' id='block_1_17' title="bbox 139 1685 1725 1758">
    <p class='ocr_par' dir='ltr' id='par_1_17' title="bbox 139 1685 1725 1758">
     <span class='ocr_line' id='line_1_17' title="bbox 139 1685 1725 1758; baseline -0.001 -18"><span class='ocrx_word' id='word_1_133' title='bbox 139 1690 390 1757; x_wconf 78' lang='grc' dir='ltr'><strong>μηχανῆς</strong></span> <span class='ocrx_word' id='word_1_134' title='bbox 415 1688 792 1758; x_wconf 82' lang='grc' dir='ltr'>τραυματίσαι</span> <span class='ocrx_word' id='word_1_135' title='bbox 840 1685 1067 1749; x_wconf 75' lang='grc' dir='ltr'>αὐτούς.</span> <span class='ocrx_word' id='word_1_136' title='bbox 1118 1687 1502 1756; x_wconf 82' lang='grc' dir='ltr'>Διασκοπῆσαι</span> <span class='ocrx_word' id='word_1_137' title='bbox 1534 1686 1590 1739; x_wconf 76' lang='grc' dir='ltr'>δὲ</span> <span class='ocrx_word' id='word_1_138' title='bbox 1620 1685 1725 1756; x_wconf 76' lang='grc' dir='ltr'>χρὴ</span> 
     </span>
    </p>
   </div>
   <div class='ocr_carea' id='block_1_18' title="bbox 137 1774 1726 1850">
    <p class='ocr_par' dir='ltr' id='par_1_18' title="bbox 137 1774 1726 1850">
     <span class='ocr_line' id='line_1_18' title="bbox 137 1774 1726 1850; baseline 0 -21"><span class='ocrx_word' id='word_1_139' title='bbox 137 1782 232 1832; x_wconf 75' lang='grc' dir='ltr'><strong>καὶ</strong></span> <span class='ocrx_word' id='word_1_140' title='bbox 273 1780 665 1850; x_wconf 78' lang='grc' dir='ltr'>στοχάσασθαι,</span> <span class='ocrx_word' id='word_1_141' title='bbox 720 1778 815 1848; x_wconf 84' lang='grc' dir='ltr'><strong>ἀφ’</strong></span> <span class='ocrx_word' id='word_1_142' title='bbox 851 1774 911 1833; x_wconf 73' lang='grc' dir='ltr'>οὗ</span> <span class='ocrx_word' id='word_1_143' title='bbox 972 1781 1143 1831; x_wconf 87' lang='grc' dir='ltr'>τόπου</span> <span class='ocrx_word' id='word_1_144' title='bbox 1186 1780 1246 1831; x_wconf 76' lang='grc' dir='ltr'>τὸ</span> <span class='ocrx_word' id='word_1_145' title='bbox 1289 1779 1399 1831; x_wconf 89' lang='grc' dir='ltr'><strong>τῶν</strong></span> <span class='ocrx_word' id='word_1_146' title='bbox 1450 1778 1726 1847; x_wconf 83' lang='grc' dir='ltr'>πολεμίων</span> 
     </span>
    </p>
   </div>
   <div class='ocr_carea' id='block_1_19' title="bbox 1836 1219 3424 1295">
    <p class='ocr_par' dir='ltr' id='par_1_19' title="bbox 1836 1219 3424 1295">
     <span class='ocr_line' id='line_1_19' title="bbox 1836 1219 3424 1295; baseline 0.003 -22"><span class='ocrx_word' id='word_1_147' title='bbox 1836 1220 1961 1275; x_wconf 73' lang='lat' dir='ltr'><strong>Car.</strong></span> <span class='ocrx_word' id='word_1_148' title='bbox 1997 1219 2137 1274; x_wconf 74' lang='lat' dir='ltr'><strong>Xlll.</strong></span> <span class='ocrx_word' id='word_1_149' title='bbox 2173 1220 2249 1273; x_wconf 87' lang='lat' dir='ltr'><strong>De</strong></span> <span class='ocrx_word' id='word_1_150' title='bbox 2268 1221 2495 1284; x_wconf 75' lang='lat' dir='ltr'><strong>insidiis,</strong></span> <span class='ocrx_word' id='word_1_151' title='bbox 2515 1238 2632 1292; x_wconf 70' lang='lat' dir='ltr'><strong>qua:</strong></span> <span class='ocrx_word' id='word_1_152' title='bbox 2654 1232 3271 1295; x_wconf 4' lang='lat' dir='ltr'><strong>contrapmensuratores,</strong></span> <span class='ocrx_word' id='word_1_153' title='bbox 3294 1242 3424 1295; x_wconf 84' lang='lat' dir='ltr'><strong>quos</strong></span> 
     </span>
    </p>
   </div>
   <div class='ocr_carea' id='block_1_20' title="bbox 2112 1292 3143 1361">
    <p class='ocr_par' dir='ltr' id='par_1_20' title="bbox 2112 1292 3143 1361">
     <span class='ocr_line' id='line_1_20' title="bbox 2112 1292 3143 1361; baseline 0.006 -18"><span class='ocrx_word' id='word_1_154' title='bbox 2112 1308 2383 1353; x_wconf 79' lang='lat' dir='ltr'><strong>vocamus,</strong></span> <span class='ocrx_word' id='word_1_155' title='bbox 2411 1295 2463 1344; x_wconf 81' lang='lat' dir='ltr'><strong>in</strong></span> <span class='ocrx_word' id='word_1_156' title='bbox 2499 1303 2795 1346; x_wconf 85' lang='lat' dir='ltr'><strong>castrorum</strong></span> <span class='ocrx_word' id='word_1_157' title='bbox 2828 1292 2957 1348; x_wconf 77' lang='lat' dir='ltr'><strong>locis</strong></span> <span class='ocrx_word' id='word_1_158' title='bbox 2988 1297 3143 1361; x_wconf 78' lang='lat' dir='ltr'><strong>ﬁant.</strong></span> 
     </span>
    </p>
   </div>
   <div class='ocr_carea' id='block_1_21' title="bbox 1909 1405 3423 1481">
    <p class='ocr_par' dir='ltr' id='par_1_21' title="bbox 1909 1405 3423 1481">
     <span class='ocr_line' id='line_1_21' title="bbox 1909 1405 3423 1481; baseline 0.005 -22"><span class='ocrx_word' id='word_1_159' title='bbox 1909 1406 2111 1461; x_wconf 82' lang='lat' dir='ltr'><strong>Hostes</strong></span> <span class='ocrx_word' id='word_1_160' title='bbox 2152 1405 2195 1461; x_wconf 90' lang='lat' dir='ltr'><strong>si</strong></span> <span class='ocrx_word' id='word_1_161' title='bbox 2236 1407 2433 1461; x_wconf 80' lang='lat' dir='ltr'><strong>castris</strong></span> <span class='ocrx_word' id='word_1_162' title='bbox 2456 1406 2615 1463; x_wconf 75' lang='lat' dir='ltr'><strong>factis</strong></span> <span class='ocrx_word' id='word_1_163' title='bbox 2645 1409 2957 1478; x_wconf 76' lang='lat' dir='ltr'><strong>provincias</strong></span> <span class='ocrx_word' id='word_1_164' title='bbox 2989 1418 3209 1466; x_wconf 89' lang='lat' dir='ltr'><strong>nostras</strong></span> <span class='ocrx_word' id='word_1_165' title='bbox 3245 1426 3423 1481; x_wconf 92' lang='lat' dir='ltr'><strong>popu—</strong></span> 
     </span>
    </p>
   </div>
   <div class='ocr_carea' id='block_1_22' title="bbox 1831 1499 3420 1569">
    <p class='ocr_par' dir='ltr' id='par_1_22' title="bbox 1831 1499 3420 1569">
     <span class='ocr_line' id='line_1_22' title="bbox 1831 1499 3420 1569; baseline 0.005 -18"><span class='ocrx_word' id='word_1_166' title='bbox 1831 1499 2034 1566; x_wconf 81' lang='lat' dir='ltr'><strong>lantur,</strong></span> <span class='ocrx_word' id='word_1_167' title='bbox 2076 1514 2253 1567; x_wconf 91' lang='lat' dir='ltr'><strong>neque</strong></span> <span class='ocrx_word' id='word_1_168' title='bbox 2310 1499 2529 1568; x_wconf 80' lang='lat' dir='ltr'><strong>longius</strong></span> <span class='ocrx_word' id='word_1_169' title='bbox 2585 1502 2917 1569; x_wconf 66' lang='lat' dir='ltr'><strong>praedatores</strong></span> <span class='ocrx_word' id='word_1_170' title='bbox 2967 1502 3270 1569; x_wconf 90' lang='lat' dir='ltr'><strong>dimittunt,</strong></span> <span class='ocrx_word' id='word_1_171' title='bbox 3328 1504 3420 1559; x_wconf 90' lang='lat' dir='ltr'><strong>sed</strong></span> 
     </span>
    </p>
   </div>
   <div class='ocr_carea' id='block_1_23' title="bbox 1828 1591 3425 1661">
    <p class='ocr_par' dir='ltr' id='par_1_23' title="bbox 1828 1591 3425 1661">
     <span class='ocr_line' id='line_1_23' title="bbox 1828 1591 3425 1661; baseline 0.004 -17"><span class='ocrx_word' id='word_1_172' title='bbox 1828 1605 1951 1645; x_wconf 90' lang='lat' dir='ltr'><strong>sese</strong></span> <span class='ocrx_word' id='word_1_173' title='bbox 1984 1591 2343 1655; x_wconf 88' lang='lat' dir='ltr'><strong>custodiunt,</strong></span> <span class='ocrx_word' id='word_1_174' title='bbox 2372 1606 2597 1661; x_wconf 87' lang='lat' dir='ltr'><strong>operam</strong></span> <span class='ocrx_word' id='word_1_175' title='bbox 2634 1592 2821 1657; x_wconf 80' lang='lat' dir='ltr'><strong>dabit,</strong></span> <span class='ocrx_word' id='word_1_176' title='bbox 2855 1604 2913 1647; x_wconf 92' lang='lat' dir='ltr'><strong>ut</strong></span> <span class='ocrx_word' id='word_1_177' title='bbox 2946 1595 3055 1650; x_wconf 88' lang='lat' dir='ltr'><strong>alio</strong></span> <span class='ocrx_word' id='word_1_178' title='bbox 3110 1606 3425 1651; x_wconf 90' lang='lat' dir='ltr'><strong>commento</strong></span> 
     </span>
    </p>
   </div>
   <div class='ocr_carea' id='block_1_24' title="bbox 1823 1682 3413 1759">
    <p class='ocr_par' dir='ltr' id='par_1_24' title="bbox 1823 1682 3413 1759">
     <span class='ocr_line' id='line_1_24' title="bbox 1823 1682 3413 1759; baseline 0.004 -21"><span class='ocrx_word' id='word_1_179' title='bbox 1823 1699 1918 1738; x_wconf 89' lang='lat' dir='ltr'><strong>eos</strong></span> <span class='ocrx_word' id='word_1_180' title='bbox 1953 1682 2097 1737; x_wconf 88' lang='lat' dir='ltr'><strong>male</strong></span> <span class='ocrx_word' id='word_1_181' title='bbox 2130 1683 2347 1737; x_wconf 88' lang='lat' dir='ltr'><strong>habeat.</strong></span> <span class='ocrx_word' id='word_1_182' title='bbox 2384 1685 2665 1754; x_wconf 88' lang='lat' dir='ltr'><strong>Dispicere</strong></span> <span class='ocrx_word' id='word_1_183' title='bbox 2697 1694 2913 1754; x_wconf 84' lang='lat' dir='ltr'><strong>oportet</strong></span> <span class='ocrx_word' id='word_1_184' title='bbox 2940 1696 3101 1757; x_wconf 84' lang='lat' dir='ltr'><strong>atque</strong></span> <span class='ocrx_word' id='word_1_185' title='bbox 3129 1691 3413 1759; x_wconf 89' lang='lat' dir='ltr'><strong>conjectu-</strong></span> 
     </span>
    </p>
   </div>
   <div class='ocr_carea' id='block_1_25' title="bbox 1827 1780 3418 1848">
    <p class='ocr_par' dir='ltr' id='par_1_25' title="bbox 1827 1780 3418 1848">
     <span class='ocr_line' id='line_1_25' title="bbox 1827 1780 3418 1848; baseline 0.004 -18"><span class='ocrx_word' id='word_1_186' title='bbox 1827 1792 1943 1830; x_wconf 85' lang='lat' dir='ltr'><strong>ram</strong></span> <span class='ocrx_word' id='word_1_187' title='bbox 1979 1790 2194 1844; x_wconf 85' lang='lat' dir='ltr'><strong>capere,</strong></span> <span class='ocrx_word' id='word_1_188' title='bbox 2229 1785 2343 1830; x_wconf 92' lang='lat' dir='ltr'><strong>tum</strong></span> <span class='ocrx_word' id='word_1_189' title='bbox 2375 1793 2482 1846; x_wconf 88' lang='lat' dir='ltr'><strong>qua</strong></span> <span class='ocrx_word' id='word_1_190' title='bbox 2520 1796 2585 1832; x_wconf 81' lang='lat' dir='ltr'><strong>ex</strong></span> <span class='ocrx_word' id='word_1_191' title='bbox 2627 1789 2782 1847; x_wconf 90' lang='lat' dir='ltr'><strong>parte</strong></span> <span class='ocrx_word' id='word_1_192' title='bbox 2810 1780 3052 1836; x_wconf 91' lang='lat' dir='ltr'><strong>hostium</strong></span> <span class='ocrx_word' id='word_1_193' title='bbox 3081 1791 3263 1837; x_wconf 85' lang='lat' dir='ltr'><strong>castra</strong></span> <span class='ocrx_word' id='word_1_194' title='bbox 3286 1783 3418 1848; x_wconf 91' lang='lat' dir='ltr'><strong>sint,</strong></span> 
     </span>
    </p>
   </div>
   <div class='ocr_carea' id='block_1_26' title="bbox 136 1868 1722 1963">
    <p class='ocr_par' dir='ltr' id='par_1_26' title="bbox 136 1870 1722 1942">
     <span class='ocr_line' id='line_1_26' title="bbox 136 1870 1722 1942; baseline -0.003 -19"><span class='ocrx_word' id='word_1_195' title='bbox 136 1871 379 1942; x_wconf 70' lang='grc' dir='ltr'>ὑπάρχει</span> <span class='ocrx_word' id='word_1_196' title='bbox 412 1871 715 1939; x_wconf 78' lang='grc' dir='ltr'>ἄπληκτον,</span> <span class='ocrx_word' id='word_1_197' title='bbox 751 1872 844 1924; x_wconf 75' lang='grc' dir='ltr'><strong>καὶ</strong></span> <span class='ocrx_word' id='word_1_198' title='bbox 880 1873 938 1923; x_wconf 86' lang='grc' dir='ltr'>ἐν</span> <span class='ocrx_word' id='word_1_199' title='bbox 973 1870 1111 1941; x_wconf 85' lang='grc' dir='ltr'>ποίῳ</span> <span class='ocrx_word' id='word_1_200' title='bbox 1151 1873 1217 1940; x_wconf 84' lang='grc' dir='ltr'>τῇ</span> <span class='ocrx_word' id='word_1_201' title='bbox 1276 1870 1503 1941; x_wconf 70' lang='grc' dir='ltr'>ἐπιούσῃ</span> <span class='ocrx_word' id='word_1_202' title='bbox 1540 1870 1722 1941; x_wconf 84' lang='grc' dir='ltr'>μέλλει</span> 
     </span>
    </p>
   </div>
   <div class='ocr_carea' id='block_1_27' title="bbox 1826 1868 3425 1963">
    <p class='ocr_par' dir='ltr' id='par_1_27' title="bbox 1828 1868 3425 1941">
     <span class='ocr_line' id='line_1_27' title="bbox 1828 1868 3425 1941; baseline 0.006 -19"><span class='ocrx_word' id='word_1_203' title='bbox 1828 1879 1942 1922; x_wconf 87' lang='lat' dir='ltr'><strong>tum</strong></span> <span class='ocrx_word' id='word_1_204' title='bbox 1979 1868 2069 1921; x_wconf 90' lang='lat' dir='ltr'><strong>ubi</strong></span> <span class='ocrx_word' id='word_1_205' title='bbox 2105 1868 2367 1938; x_wconf 85' lang='lat' dir='ltr'><strong>postridie</strong></span> <span class='ocrx_word' id='word_1_206' title='bbox 2387 1869 2508 1939; x_wconf 85' lang='lat' dir='ltr'><strong>ejus</strong></span> <span class='ocrx_word' id='word_1_207' title='bbox 2540 1870 2647 1924; x_wconf 87' lang='lat' dir='ltr'><strong>diei</strong></span> <span class='ocrx_word' id='word_1_208' title='bbox 2675 1872 2785 1925; x_wconf 90' lang='lat' dir='ltr'><strong>sint</strong></span> <span class='ocrx_word' id='word_1_209' title='bbox 2815 1874 3099 1929; x_wconf 90' lang='lat' dir='ltr'><strong>metaturi.</strong></span> <span class='ocrx_word' id='word_1_210' title='bbox 3136 1874 3239 1941; x_wconf 86' lang='lat' dir='ltr'><strong>Qui</strong></span> <span class='ocrx_word' id='word_1_211' title='bbox 3267 1876 3425 1931; x_wconf 89' lang='lat' dir='ltr'><strong>locus</strong></span> 
     </span>
    </p>
   </div>
   <div class='ocr_carea' id='block_1_28' title="bbox 137 1962 1725 2033">
    <p class='ocr_par' dir='ltr' id='par_1_28' title="bbox 137 1962 1725 2033">
     <span class='ocr_line' id='line_1_28' title="bbox 137 1962 1725 2033; baseline -0.004 -14"><span class='ocrx_word' id='word_1_212' title='bbox 137 1963 495 2033; x_wconf 83' lang='grc' dir='ltr'>ἁπληκεύειν.</span> <span class='ocrx_word' id='word_1_213' title='bbox 557 1964 670 2017; x_wconf 74' lang='grc' dir='ltr'><strong>Καὶ</strong></span> <span class='ocrx_word' id='word_1_214' title='bbox 717 1965 764 2016; x_wconf 81' lang='grc' dir='ltr'>εἰ</span> <span class='ocrx_word' id='word_1_215' title='bbox 806 1963 1150 2033; x_wconf 85' lang='grc' dir='ltr'>μακρότατόν</span> <span class='ocrx_word' id='word_1_216' title='bbox 1178 1965 1296 2017; x_wconf 86' lang='grc' dir='ltr'>ἐστι</span> <span class='ocrx_word' id='word_1_217' title='bbox 1356 1962 1415 2015; x_wconf 79' lang='grc' dir='ltr'>τὸ</span> <span class='ocrx_word' id='word_1_218' title='bbox 1447 1964 1725 2032; x_wconf 80' lang='grc' dir='ltr'>διάστημα</span> 
     </span>
    </p>
   </div>
   <div class='ocr_carea' id='block_1_29' title="bbox 137 2053 1725 2125">
    <p class='ocr_par' dir='ltr' id='par_1_29' title="bbox 137 2053 1725 2125">
     <span class='ocr_line' id='line_1_29' title="bbox 137 2053 1725 2125; baseline -0.002 -18"><span class='ocrx_word' id='word_1_219' title='bbox 137 2054 228 2108; x_wconf 72' lang='grc' dir='ltr'>τοῦ</span> <span class='ocrx_word' id='word_1_220' title='bbox 272 2055 580 2125; x_wconf 76' lang='grc' dir='ltr'>ἀπλήκτου,</span> <span class='ocrx_word' id='word_1_221' title='bbox 623 2054 756 2107; x_wconf 74' lang='grc' dir='ltr'>ὡσεὶ</span> <span class='ocrx_word' id='word_1_222' title='bbox 807 2053 1001 2124; x_wconf 86' lang='grc' dir='ltr'>μιλίων</span> <span class='ocrx_word' id='word_1_223' title='bbox 1051 2053 1208 2120; x_wconf 64' lang='lat' dir='ltr'><strong>ea”,</strong></span> <span class='ocrx_word' id='word_1_224' title='bbox 1262 2054 1359 2109; x_wconf 73' lang='grc' dir='ltr'>καὶ</span> <span class='ocrx_word' id='word_1_225' title='bbox 1427 2053 1583 2117; x_wconf 86' lang='grc' dir='ltr'>δέκα,</span> <span class='ocrx_word' id='word_1_226' title='bbox 1629 2054 1725 2106; x_wconf 79' lang='grc' dir='ltr'><strong>καὶ</strong></span> 
     </span>
    </p>
   </div>
   <div class='ocr_carea' id='block_1_30' title="bbox 139 2146 1721 2218">
    <p class='ocr_par' dir='ltr' id='par_1_30' title="bbox 139 2146 1721 2218">
     <span class='ocr_line' id='line_1_30' title="bbox 139 2146 1721 2218; baseline -0.001 -18"><span class='ocrx_word' id='word_1_227' title='bbox 139 2149 420 2209; x_wconf 80' lang='grc' dir='ltr'>ἐπέκεινα,</span> <span class='ocrx_word' id='word_1_228' title='bbox 462 2147 604 2200; x_wconf 83' lang='grc' dir='ltr'>ὥστε</span> <span class='ocrx_word' id='word_1_229' title='bbox 631 2147 691 2199; x_wconf 77' lang='grc' dir='ltr'>τὸ</span> <span class='ocrx_word' id='word_1_230' title='bbox 736 2148 827 2216; x_wconf 82' lang='grc' dir='ltr'>τῆς</span> <span class='ocrx_word' id='word_1_231' title='bbox 863 2147 983 2200; x_wconf 78' lang='grc' dir='ltr'>ὀδοῦ</span> <span class='ocrx_word' id='word_1_232' title='bbox 1018 2148 1199 2218; x_wconf 75' lang='grc' dir='ltr'>μῆκος</span> <span class='ocrx_word' id='word_1_233' title='bbox 1250 2146 1516 2199; x_wconf 79' lang='grc' dir='ltr'>δύνασθαι</span> <span class='ocrx_word' id='word_1_234' title='bbox 1547 2163 1721 2199; x_wconf 89' lang='grc' dir='ltr'>κατα-</span> 
     </span>
    </p>
   </div>
   <div class='ocr_carea' id='block_1_31' title="bbox 137 2239 1725 2311">
    <p class='ocr_par' dir='ltr' id='par_1_31' title="bbox 137 2239 1725 2311">
     <span class='ocr_line' id='line_1_31' title="bbox 137 2239 1725 2311; baseline -0.001 -18"><span class='ocrx_word' id='word_1_235' title='bbox 137 2242 341 2303; x_wconf 81' lang='grc' dir='ltr'>κόπους</span> <span class='ocrx_word' id='word_1_236' title='bbox 364 2240 563 2303; x_wconf 84' lang='grc' dir='ltr'>αύτούς</span> <span class='ocrx_word' id='word_1_237' title='bbox 597 2258 653 2292; x_wconf 90' lang='grc' dir='ltr'><strong>τε</strong></span> <span class='ocrx_word' id='word_1_238' title='bbox 691 2240 785 2293; x_wconf 81' lang='grc' dir='ltr'><strong>καὶ</strong></span> <span class='ocrx_word' id='word_1_239' title='bbox 819 2242 943 2301; x_wconf 79' lang='grc' dir='ltr'>τοὺς</span> <span class='ocrx_word' id='word_1_240' title='bbox 979 2240 1183 2303; x_wconf 81' lang='grc' dir='ltr'>ἵππους</span> <span class='ocrx_word' id='word_1_241' title='bbox 1239 2239 1422 2293; x_wconf 82' lang='grc' dir='ltr'>αὐτῶν</span> <span class='ocrx_word' id='word_1_242' title='bbox 1478 2240 1725 2311; x_wconf 85' lang='grc' dir='ltr'>ἐργάσα-</span> 
     </span>
    </p>
   </div>
   <div class='ocr_carea' id='block_1_32' title="bbox 139 2325 1722 2403">
    <p class='ocr_par' dir='ltr' id='par_1_32' title="bbox 139 2325 1722 2403">
     <span class='ocr_line' id='line_1_32' title="bbox 139 2325 1722 2403; baseline -0.001 -18"><span class='ocrx_word' id='word_1_243' title='bbox 139 2333 296 2387; x_wconf 84' lang='grc' dir='ltr'>σθαι·</span> <span class='ocrx_word' id='word_1_244' title='bbox 327 2334 556 2403; x_wconf 81' lang='grc' dir='ltr'>πλησίον</span> <span class='ocrx_word' id='word_1_245' title='bbox 587 2334 680 2387; x_wconf 75' lang='grc' dir='ltr'>τοῦ</span> <span class='ocrx_word' id='word_1_246' title='bbox 704 2335 896 2395; x_wconf 62' lang='grc' dir='ltr'>τόπσυ,</span> <span class='ocrx_word' id='word_1_247' title='bbox 939 2333 996 2384; x_wconf 91' lang='grc' dir='ltr'><strong>ἐν</strong></span> <span class='ocrx_word' id='word_1_248' title='bbox 1019 2325 1063 2400; x_wconf 81' lang='grc' dir='ltr'>ᾧ</span> <span class='ocrx_word' id='word_1_249' title='bbox 1096 2332 1352 2401; x_wconf 78' lang='grc' dir='ltr'>μέλλουσι</span> <span class='ocrx_word' id='word_1_250' title='bbox 1405 2331 1722 2395; x_wconf 88' lang='grc' dir='ltr'>καταλύειν,</span> 
     </span>
    </p>
   </div>
   <div class='ocr_carea' id='block_1_33' title="bbox 134 2424 1726 2497">
    <p class='ocr_par' dir='ltr' id='par_1_33' title="bbox 134 2424 1726 2497">
     <span class='ocr_line' id='line_1_33' title="bbox 134 2424 1726 2497; baseline 0.001 -20"><span class='ocrx_word' id='word_1_251' title='bbox 134 2424 533 2495; x_wconf 72' lang='grc' dir='ltr'>διασκοπήσας,</span> <span class='ocrx_word' id='word_1_252' title='bbox 559 2425 656 2478; x_wconf 70' lang='grc' dir='ltr'><strong>καὶ</strong></span> <span class='ocrx_word' id='word_1_253' title='bbox 678 2425 854 2496; x_wconf 86' lang='grc' dir='ltr'>εὑρὼν</span> <span class='ocrx_word' id='word_1_254' title='bbox 883 2427 1040 2496; x_wconf 74' lang='grc' dir='ltr'>λόχον</span> <span class='ocrx_word' id='word_1_255' title='bbox 1078 2428 1408 2497; x_wconf 83' lang='grc' dir='ltr'>ἐπιτήδειον,</span> <span class='ocrx_word' id='word_1_256' title='bbox 1444 2424 1726 2496; x_wconf 79' lang='grc' dir='ltr'>μαχίμους</span> 
     </span>
    </p>
   </div>
   <div class='ocr_carea' id='block_1_34' title="bbox 138 2517 1725 2589">
    <p class='ocr_par' dir='ltr' id='par_1_34' title="bbox 138 2517 1725 2589">
     <span class='ocr_line' id='line_1_34' title="bbox 138 2517 1725 2589; baseline 0.001 -20"><span class='ocrx_word' id='word_1_257' title='bbox 138 2519 236 2570; x_wconf 70' lang='grc' dir='ltr'><strong>καὶ</strong></span> <span class='ocrx_word' id='word_1_258' title='bbox 270 2517 568 2579; x_wconf 80' lang='grc' dir='ltr'>ἐκλεκτοὺς</span> <span class='ocrx_word' id='word_1_259' title='bbox 608 2518 808 2587; x_wconf 82' lang='grc' dir='ltr'>ἄνδρας</span> <span class='ocrx_word' id='word_1_260' title='bbox 858 2520 1097 2581; x_wconf 80' lang='grc' dir='ltr'>ἱππότας</span> <span class='ocrx_word' id='word_1_261' title='bbox 1146 2518 1522 2587; x_wconf 83' lang='grc' dir='ltr'>τριακοσίους,</span> <span class='ocrx_word' id='word_1_262' title='bbox 1565 2518 1597 2589; x_wconf 85' lang='grc' dir='ltr'><strong>ἢ</strong></span> <span class='ocrx_word' id='word_1_263' title='bbox 1630 2519 1725 2572; x_wconf 75' lang='grc' dir='ltr'>καὶ</span> 
     </span>
    </p>
   </div>
   <div class='ocr_carea' id='block_1_35' title="bbox 134 2609 1719 2680">
    <p class='ocr_par' dir='ltr' id='par_1_35' title="bbox 134 2609 1719 2680">
     <span class='ocr_line' id='line_1_35' title="bbox 134 2609 1719 2680; baseline 0.001 -18"><span class='ocrx_word' id='word_1_264' title='bbox 134 2609 345 2662; x_wconf 84' lang='grc' dir='ltr'>τούτων</span> <span class='ocrx_word' id='word_1_265' title='bbox 378 2609 622 2673; x_wconf 79' lang='grc' dir='ltr'>ἔλαττον,</span> <span class='ocrx_word' id='word_1_266' title='bbox 649 2610 1076 2679; x_wconf 81' lang='grc' dir='ltr'>ἀπολεξάμενος,</span> <span class='ocrx_word' id='word_1_267' title='bbox 1106 2612 1162 2663; x_wconf 89' lang='grc' dir='ltr'>ἐν</span> <span class='ocrx_word' id='word_1_268' title='bbox 1189 2609 1339 2679; x_wconf 81' lang='grc' dir='ltr'>αὐτῷ</span> <span class='ocrx_word' id='word_1_269' title='bbox 1359 2610 1719 2680; x_wconf 75' lang='grc' dir='ltr'>ἀποκρύψεις.</span> 
     </span>
    </p>
   </div>
   <div class='ocr_carea' id='block_1_36' title="bbox 138 2701 1724 2773">
    <p class='ocr_par' dir='ltr' id='par_1_36' title="bbox 138 2701 1724 2773">
     <span class='ocr_line' id='line_1_36' title="bbox 138 2701 1724 2773; baseline 0.001 -21"><span class='ocrx_word' id='word_1_270' title='bbox 138 2702 522 2771; x_wconf 83' lang='grc' dir='ltr'>Καταστήσεις</span> <span class='ocrx_word' id='word_1_271' title='bbox 562 2701 620 2753; x_wconf 82' lang='grc' dir='ltr'>δὲ</span> <span class='ocrx_word' id='word_1_272' title='bbox 672 2702 763 2754; x_wconf 74' lang='grc' dir='ltr'>καὶ</span> <span class='ocrx_word' id='word_1_273' title='bbox 821 2703 1018 2772; x_wconf 78' lang='grc' dir='ltr'>ἑτέραν</span> <span class='ocrx_word' id='word_1_274' title='bbox 1059 2702 1284 2773; x_wconf 79' lang='grc' dir='ltr'>ἐνέδραν</span> <span class='ocrx_word' id='word_1_275' title='bbox 1318 2702 1459 2772; x_wconf 84' lang='grc' dir='ltr'>μετὰ</span> <span class='ocrx_word' id='word_1_276' title='bbox 1523 2703 1724 2765; x_wconf 81' lang='grc' dir='ltr'>παντὸς</span> 
     </span>
    </p>
   </div>
   <div class='ocr_carea' id='block_1_37' title="bbox 134 2792 1719 2863">
    <p class='ocr_par' dir='ltr' id='par_1_37' title="bbox 134 2792 1719 2863">
     <span class='ocr_line' id='line_1_37' title="bbox 134 2792 1719 2863; baseline -0.001 -16"><span class='ocrx_word' id='word_1_277' title='bbox 134 2795 223 2847; x_wconf 73' lang='grc' dir='ltr'>τοῦ</span> <span class='ocrx_word' id='word_1_278' title='bbox 256 2794 391 2847; x_wconf 84' lang='grc' dir='ltr'>λαοῦ</span> <span class='ocrx_word' id='word_1_279' title='bbox 422 2810 515 2846; x_wconf 89' lang='grc' dir='ltr'><strong>σου</strong></span> <span class='ocrx_word' id='word_1_280' title='bbox 560 2795 619 2845; x_wconf 85' lang='grc' dir='ltr'>ἐν</span> <span class='ocrx_word' id='word_1_281' title='bbox 668 2794 965 2863; x_wconf 80' lang='grc' dir='ltr'>ἐπιτηδείῳ</span> <span class='ocrx_word' id='word_1_282' title='bbox 1025 2795 1196 2860; x_wconf 66' lang='grc' dir='ltr'>τόπν,</span> <span class='ocrx_word' id='word_1_283' title='bbox 1251 2793 1430 2862; x_wconf 81' lang='grc' dir='ltr'>ἔχοντι</span> <span class='ocrx_word' id='word_1_284' title='bbox 1462 2794 1557 2846; x_wconf 79' lang='grc' dir='ltr'><strong>καὶ</strong></span> <span class='ocrx_word' id='word_1_285' title='bbox 1592 2792 1719 2862; x_wconf 70' lang='grc' dir='ltr'>ὀχύο</span> 
     </span>
    </p>
   </div>
   <div class='ocr_carea' id='block_1_38' title="bbox 139 2886 1724 2956">
    <p class='ocr_par' dir='ltr' id='par_1_38' title="bbox 139 2886 1724 2956">
     <span class='ocr_line' id='line_1_38' title="bbox 139 2886 1724 2956; baseline 0 -16"><span class='ocrx_word' id='word_1_286' title='bbox 139 2905 297 2956; x_wconf 77' lang='grc' dir='ltr'>ρωμα</span> <span class='ocrx_word' id='word_1_287' title='bbox 347 2890 425 2949; x_wconf 80' lang='grc' dir='ltr'>εἰς</span> <span class='ocrx_word' id='word_1_288' title='bbox 482 2886 781 2955; x_wconf 79' lang='grc' dir='ltr'>ἀσφάλειαν</span> <span class='ocrx_word' id='word_1_289' title='bbox 835 2887 1021 2941; x_wconf 76' lang='grc' dir='ltr'>αὑτοῦ.</span> <span class='ocrx_word' id='word_1_290' title='bbox 1096 2889 1159 2941; x_wconf 78' lang='lat' dir='ltr'><strong>El</strong></span> <span class='ocrx_word' id='word_1_291' title='bbox 1207 2888 1264 2939; x_wconf 80' lang='grc' dir='ltr'><strong>δὲ</strong></span> <span class='ocrx_word' id='word_1_292' title='bbox 1332 2890 1426 2941; x_wconf 75' lang='grc' dir='ltr'><strong>καὶ</strong></span> <span class='ocrx_word' id='word_1_293' title='bbox 1486 2888 1724 2956; x_wconf 79' lang='grc' dir='ltr'>κάστρον</span> 
     </span>
    </p>
   </div>
   <div class='ocr_carea' id='block_1_39' title="bbox 138 2979 1721 3051">
    <p class='ocr_par' dir='ltr' id='par_1_39' title="bbox 138 2979 1721 3051">
     <span class='ocr_line' id='line_1_39' title="bbox 138 2979 1721 3051; baseline 0 -22"><span class='ocrx_word' id='word_1_294' title='bbox 138 2980 369 3049; x_wconf 80' lang='grc' dir='ltr'>πλησίον</span> <span class='ocrx_word' id='word_1_295' title='bbox 399 2979 557 3051; x_wconf 69' lang='grc' dir='ltr'>τύχῃ,</span> <span class='ocrx_word' id='word_1_296' title='bbox 593 2980 711 3031; x_wconf 86' lang='grc' dir='ltr'><strong>ἐστί</strong></span> <span class='ocrx_word' id='word_1_297' title='bbox 748 2980 842 3031; x_wconf 70' lang='grc' dir='ltr'><strong>καὶ</strong></span> <span class='ocrx_word' id='word_1_298' title='bbox 868 2980 1004 3031; x_wconf 81' lang='grc' dir='ltr'>αὐτὸ</span> <span class='ocrx_word' id='word_1_299' title='bbox 1038 2981 1118 3043; x_wconf 83' lang='grc' dir='ltr'><strong>είς</strong></span> <span class='ocrx_word' id='word_1_300' title='bbox 1179 2979 1584 3049; x_wconf 82' lang='grc' dir='ltr'>περισσοτέραν</span> <span class='ocrx_word' id='word_1_301' title='bbox 1628 2996 1721 3030; x_wconf 92' lang='grc' dir='ltr'><strong>σου</strong></span> 
     </span>
    </p>
   </div>
   <div class='ocr_carea' id='block_1_40' title="bbox 138 3070 1721 3143">
    <p class='ocr_par' dir='ltr' id='par_1_40' title="bbox 138 3070 1721 3143">
     <span class='ocr_line' id='line_1_40' title="bbox 138 3070 1721 3143; baseline -0.002 -20"><span class='ocrx_word' id='word_1_302' title='bbox 138 3071 417 3143; x_wconf 77' lang='grc' dir='ltr'>σωτηρίαν</span> <span class='ocrx_word' id='word_1_303' title='bbox 452 3073 546 3124; x_wconf 74' lang='grc' dir='ltr'><strong>καὶ</strong></span> <span class='ocrx_word' id='word_1_304' title='bbox 576 3071 870 3139; x_wconf 71' lang='grc' dir='ltr'>ὠφέλειαν.</span> <span class='ocrx_word' id='word_1_305' title='bbox 903 3072 1013 3124; x_wconf 78' lang='grc' dir='ltr'>Καὶ</span> <span class='ocrx_word' id='word_1_306' title='bbox 1044 3073 1091 3123; x_wconf 83' lang='grc' dir='ltr'><strong>εί</strong></span> <span class='ocrx_word' id='word_1_307' title='bbox 1129 3072 1294 3141; x_wconf 69' lang='grc' dir='ltr'>,χρεία</span> <span class='ocrx_word' id='word_1_308' title='bbox 1328 3072 1561 3140; x_wconf 83' lang='grc' dir='ltr'>γένηται</span> <span class='ocrx_word' id='word_1_309' title='bbox 1611 3070 1721 3121; x_wconf 86' lang='grc' dir='ltr'><strong>τῶν</strong></span> 
     </span>
    </p>
   </div>
   <div class='ocr_carea' id='block_1_41' title="bbox 137 3160 1722 3233">
    <p class='ocr_par' dir='ltr' id='par_1_41' title="bbox 137 3160 1722 3233">
     <span class='ocr_line' id='line_1_41' title="bbox 137 3160 1722 3233; baseline 0 -21"><span class='ocrx_word' id='word_1_310' title='bbox 137 3162 343 3227; x_wconf 78' lang='grc' dir='ltr'>πεζῶν,</span> <span class='ocrx_word' id='word_1_311' title='bbox 382 3161 758 3226; x_wconf 82' lang='grc' dir='ltr'>ἐξελθέτωσαν</span> <span class='ocrx_word' id='word_1_312' title='bbox 814 3163 911 3214; x_wconf 66' lang='grc' dir='ltr'><strong>καὶ</strong></span> <span class='ocrx_word' id='word_1_313' title='bbox 954 3163 1108 3214; x_wconf 76' lang='grc' dir='ltr'>αὐτοὶ</span> <span class='ocrx_word' id='word_1_314' title='bbox 1150 3160 1244 3214; x_wconf 71' lang='grc' dir='ltr'>τοῦ</span> <span class='ocrx_word' id='word_1_315' title='bbox 1289 3161 1552 3233; x_wconf 81' lang='grc' dir='ltr'>κάστρου,</span> <span class='ocrx_word' id='word_1_316' title='bbox 1584 3177 1722 3229; x_wconf 69' lang='grc' dir='ltr'>συμι-</span> 
     </span>
    </p>
   </div>
   <div class='ocr_carea' id='block_1_42' title="bbox 1830 1960 3419 2032">
    <p class='ocr_par' dir='ltr' id='par_1_42' title="bbox 1830 1960 3419 2032">
     <span class='ocr_line' id='line_1_42' title="bbox 1830 1960 3419 2032; baseline 0.004 -15"><span class='ocrx_word' id='word_1_317' title='bbox 1830 1962 1876 2017; x_wconf 92' lang='lat' dir='ltr'><strong>si</strong></span> <span class='ocrx_word' id='word_1_318' title='bbox 1911 1960 2129 2030; x_wconf 82' lang='lat' dir='ltr'><strong>longius</strong></span> <span class='ocrx_word' id='word_1_319' title='bbox 2168 1962 2324 2015; x_wconf 90' lang='lat' dir='ltr'><strong>abest</strong></span> <span class='ocrx_word' id='word_1_320' title='bbox 2365 1978 2395 2017; x_wconf 89' lang='lat' dir='ltr'><strong>a</strong></span> <span class='ocrx_word' id='word_1_321' title='bbox 2429 1963 2665 2027; x_wconf 86' lang='lat' dir='ltr'><strong>castris,</strong></span> <span class='ocrx_word' id='word_1_322' title='bbox 2704 1965 2771 2018; x_wconf 87' lang='lat' dir='ltr'><strong>ad</strong></span> <span class='ocrx_word' id='word_1_323' title='bbox 2806 1974 3022 2019; x_wconf 83' lang='lat' dir='ltr'><strong>sextum</strong></span> <span class='ocrx_word' id='word_1_324' title='bbox 3072 1967 3419 2032; x_wconf 89' lang='lat' dir='ltr'><strong>milliarium,</strong></span> 
     </span>
    </p>
   </div>
   <div class='ocr_carea' id='block_1_43' title="bbox 1828 2055 3423 2128">
    <p class='ocr_par' dir='ltr' id='par_1_43' title="bbox 1828 2055 3423 2128">
     <span class='ocr_line' id='line_1_43' title="bbox 1828 2055 3423 2128; baseline 0.003 -19"><span class='ocrx_word' id='word_1_325' title='bbox 1828 2065 1924 2109; x_wconf 84' lang='lat' dir='ltr'><strong>aut</strong></span> <span class='ocrx_word' id='word_1_326' title='bbox 1950 2055 2249 2118; x_wconf 88' lang='lat' dir='ltr'><strong>decimum,</strong></span> <span class='ocrx_word' id='word_1_327' title='bbox 2285 2064 2381 2108; x_wconf 90' lang='lat' dir='ltr'><strong>aut</strong></span> <span class='ocrx_word' id='word_1_328' title='bbox 2423 2056 2563 2109; x_wconf 90' lang='lat' dir='ltr'><strong>ultra</strong></span> <span class='ocrx_word' id='word_1_329' title='bbox 2589 2095 2603 2116; x_wconf 86' lang='lat'><em>.</em></span> <span class='ocrx_word' id='word_1_330' title='bbox 2632 2065 2690 2110; x_wconf 93' lang='lat' dir='ltr'><strong>ut</strong></span> <span class='ocrx_word' id='word_1_331' title='bbox 2717 2056 2930 2112; x_wconf 87' lang='lat' dir='ltr'><strong>itineris</strong></span> <span class='ocrx_word' id='word_1_332' title='bbox 2966 2056 3252 2128; x_wconf 87' lang='lat' dir='ltr'><strong>longitudo</strong></span> <span class='ocrx_word' id='word_1_333' title='bbox 3297 2060 3423 2113; x_wconf 86' lang='lat' dir='ltr'><strong>lan-</strong></span> 
     </span>
    </p>
   </div>
   <div class='ocr_carea' id='block_1_44' title="bbox 1828 2146 3423 2222">
    <p class='ocr_par' dir='ltr' id='par_1_44' title="bbox 1828 2146 3423 2222">
     <span class='ocr_line' id='line_1_44' title="bbox 1828 2146 3423 2222; baseline 0.003 -20"><span class='ocrx_word' id='word_1_334' title='bbox 1828 2156 2058 2218; x_wconf 88' lang='lat' dir='ltr'><strong>guentes</strong></span> <span class='ocrx_word' id='word_1_335' title='bbox 2091 2146 2240 2216; x_wconf 91' lang='lat' dir='ltr'><strong>ipsos</strong></span> <span class='ocrx_word' id='word_1_336' title='bbox 2288 2147 2652 2218; x_wconf 80' lang='lat' dir='ltr'><strong>jumentaque</strong></span> <span class='ocrx_word' id='word_1_337' title='bbox 2699 2166 2894 2204; x_wconf 89' lang='lat' dir='ltr'><strong>eorum</strong></span> <span class='ocrx_word' id='word_1_338' title='bbox 2944 2152 3160 2206; x_wconf 78' lang='lat' dir='ltr'><strong>ellicere</strong></span> <span class='ocrx_word' id='word_1_339' title='bbox 3189 2152 3367 2222; x_wconf 86' lang='lat' dir='ltr'><strong>possit</strong></span> <span class='ocrx_word' id='word_1_340' title='bbox 3409 2170 3423 2206; x_wconf 91' lang='lat'><strong>:</strong></span> 
     </span>
    </p>
   </div>
   <div class='ocr_carea' id='block_1_45' title="bbox 1822 2241 3424 2316">
    <p class='ocr_par' dir='ltr' id='par_1_45' title="bbox 1822 2241 3424 2316">
     <span class='ocr_line' id='line_1_45' title="bbox 1822 2241 3424 2316; baseline 0.004 -21"><span class='ocrx_word' id='word_1_341' title='bbox 1822 2242 1980 2312; x_wconf 79' lang='lat' dir='ltr'><strong>juxta</strong></span> <span class='ocrx_word' id='word_1_342' title='bbox 2031 2242 2185 2295; x_wconf 92' lang='lat' dir='ltr'><strong>illum</strong></span> <span class='ocrx_word' id='word_1_343' title='bbox 2226 2241 2431 2305; x_wconf 91' lang='lat' dir='ltr'><strong>locum,</strong></span> <span class='ocrx_word' id='word_1_344' title='bbox 2492 2242 2583 2295; x_wconf 88' lang='lat' dir='ltr'><strong>ubi</strong></span> <span class='ocrx_word' id='word_1_345' title='bbox 2620 2244 2877 2298; x_wconf 86' lang='lat' dir='ltr'><strong>metaturi</strong></span> <span class='ocrx_word' id='word_1_346' title='bbox 2933 2253 3084 2309; x_wconf 86' lang='lat' dir='ltr'><strong>sunt,</strong></span> <span class='ocrx_word' id='word_1_347' title='bbox 3136 2247 3183 2301; x_wconf 91' lang='lat' dir='ltr'><strong>si</strong></span> <span class='ocrx_word' id='word_1_348' title='bbox 3242 2247 3424 2316; x_wconf 88' lang='lat' dir='ltr'><strong>inspe-</strong></span> 
     </span>
    </p>
   </div>
   <div class='ocr_carea' id='block_1_46' title="bbox 1828 2333 3421 2404">
    <p class='ocr_par' dir='ltr' id='par_1_46' title="bbox 1828 2333 3421 2404">
     <span class='ocr_line' id='line_1_46' title="bbox 1828 2333 3421 2404; baseline 0.003 -16"><span class='ocrx_word' id='word_1_349' title='bbox 1828 2336 2011 2388; x_wconf 86' lang='lat' dir='ltr'><strong>ctione</strong></span> <span class='ocrx_word' id='word_1_350' title='bbox 2082 2333 2227 2388; x_wconf 80' lang='lat' dir='ltr'><strong>l‘acta</strong></span> <span class='ocrx_word' id='word_1_351' title='bbox 2294 2333 2583 2387; x_wconf 75' lang='lat' dir='ltr'><strong>latibulum</strong></span> <span class='ocrx_word' id='word_1_352' title='bbox 2669 2345 3041 2404; x_wconf 88' lang='lat' dir='ltr'><strong>opportunum</strong></span> <span class='ocrx_word' id='word_1_353' title='bbox 3105 2337 3421 2403; x_wconf 82' lang='lat' dir='ltr'><strong>inveneris,</strong></span> 
     </span>
    </p>
   </div>
   <div class='ocr_carea' id='block_1_47' title="bbox 1825 2426 3423 2496">
    <p class='ocr_par' dir='ltr' id='par_1_47' title="bbox 1825 2426 3423 2496">
     <span class='ocr_line' id='line_1_47' title="bbox 1825 2426 3423 2496; baseline 0.001 -15"><span class='ocrx_word' id='word_1_354' title='bbox 1825 2426 2039 2496; x_wconf 84' lang='lat' dir='ltr'><strong>equites</strong></span> <span class='ocrx_word' id='word_1_355' title='bbox 2090 2427 2262 2481; x_wconf 87' lang='lat' dir='ltr'><strong>lectos</strong></span> <span class='ocrx_word' id='word_1_356' title='bbox 2318 2426 2679 2494; x_wconf 81' lang='lat' dir='ltr'><strong>valentesque</strong></span> <span class='ocrx_word' id='word_1_357' title='bbox 2748 2435 3029 2483; x_wconf 88' lang='lat' dir='ltr'><strong>trecentos</strong></span> <span class='ocrx_word' id='word_1_358' title='bbox 3059 2469 3074 2491; x_wconf 94' lang='lat'><strong>,</strong></span> <span class='ocrx_word' id='word_1_359' title='bbox 3113 2429 3200 2483; x_wconf 78' lang='lat' dir='ltr'><strong>vel</strong></span> <span class='ocrx_word' id='word_1_360' title='bbox 3254 2430 3423 2484; x_wconf 88' lang='lat' dir='ltr'><strong>etiam</strong></span> 
     </span>
    </p>
   </div>
   <div class='ocr_carea' id='block_1_48' title="bbox 1824 2515 3425 2588">
    <p class='ocr_par' dir='ltr' id='par_1_48' title="bbox 1824 2515 3425 2588">
     <span class='ocr_line' id='line_1_48' title="bbox 1824 2515 3425 2588; baseline 0.002 -17"><span class='ocrx_word' id='word_1_361' title='bbox 1824 2517 2141 2588; x_wconf 82' lang='lat' dir='ltr'><strong>pauciores,</strong></span> <span class='ocrx_word' id='word_1_362' title='bbox 2201 2515 2462 2571; x_wconf 89' lang='lat' dir='ltr'><strong>dimissos</strong></span> <span class='ocrx_word' id='word_1_363' title='bbox 2519 2516 2590 2569; x_wconf 90' lang='lat' dir='ltr'><strong>ibi</strong></span> <span class='ocrx_word' id='word_1_364' title='bbox 2638 2516 2829 2572; x_wconf 89' lang='lat' dir='ltr'><strong>abdes.</strong></span> <span class='ocrx_word' id='word_1_365' title='bbox 2866 2520 2926 2572; x_wconf 85' lang='lat' dir='ltr'><strong>In</strong></span> <span class='ocrx_word' id='word_1_366' title='bbox 2967 2518 3154 2573; x_wconf 74' lang='lat' dir='ltr'><strong>alteris</strong></span> <span class='ocrx_word' id='word_1_367' title='bbox 3211 2520 3425 2574; x_wconf 90' lang='lat' dir='ltr'><strong>insidiis</strong></span> 
     </span>
    </p>
   </div>
   <div class='ocr_carea' id='block_1_49' title="bbox 1826 2609 3423 2684">
    <p class='ocr_par' dir='ltr' id='par_1_49' title="bbox 1826 2609 3423 2684">
     <span class='ocr_line' id='line_1_49' title="bbox 1826 2609 3423 2684; baseline 0.002 -19"><span class='ocrx_word' id='word_1_368' title='bbox 1826 2621 1998 2666; x_wconf 88' lang='lat' dir='ltr'><strong>totum</strong></span> <span class='ocrx_word' id='word_1_369' title='bbox 2044 2612 2344 2665; x_wconf 83' lang='lat' dir='ltr'><strong>exercitum</strong></span> <span class='ocrx_word' id='word_1_370' title='bbox 2378 2621 2531 2663; x_wconf 90' lang='lat' dir='ltr'><strong>tuum</strong></span> <span class='ocrx_word' id='word_1_371' title='bbox 2578 2609 2877 2665; x_wconf 86' lang='lat' dir='ltr'><strong>collocabis</strong></span> <span class='ocrx_word' id='word_1_372' title='bbox 2908 2610 3029 2666; x_wconf 91' lang='lat' dir='ltr'><strong>loco</strong></span> <span class='ocrx_word' id='word_1_373' title='bbox 3077 2613 3300 2677; x_wconf 91' lang='lat' dir='ltr'><strong>idoneo,</strong></span> <span class='ocrx_word' id='word_1_374' title='bbox 3326 2614 3423 2684; x_wconf 87' lang='lat' dir='ltr'><strong>qui</strong></span> 
     </span>
    </p>
   </div>
   <div class='ocr_carea' id='block_1_50' title="bbox 1826 2702 3425 2775">
    <p class='ocr_par' dir='ltr' id='par_1_50' title="bbox 1826 2702 3425 2775">
     <span class='ocr_line' id='line_1_50' title="bbox 1826 2702 3425 2775; baseline 0.003 -18"><span class='ocrx_word' id='word_1_375' title='bbox 1826 2705 2153 2758; x_wconf 83' lang='lat' dir='ltr'><strong>ﬁrmamenti</strong></span> <span class='ocrx_word' id='word_1_376' title='bbox 2186 2718 2355 2757; x_wconf 88' lang='lat' dir='ltr'><strong>causa</strong></span> <span class='ocrx_word' id='word_1_377' title='bbox 2397 2702 2758 2756; x_wconf 87' lang='lat' dir='ltr'><strong>munitionem</strong></span> <span class='ocrx_word' id='word_1_378' title='bbox 2799 2703 3020 2759; x_wconf 87' lang='lat' dir='ltr'><strong>habeat.</strong></span> <span class='ocrx_word' id='word_1_379' title='bbox 3059 2703 3119 2759; x_wconf 89' lang='lat' dir='ltr'><strong>Si</strong></span> <span class='ocrx_word' id='word_1_380' title='bbox 3162 2707 3425 2775; x_wconf 83' lang='lat' dir='ltr'><strong>oppidum</strong></span> 
     </span>
    </p>
   </div>
   <div class='ocr_carea' id='block_1_51' title="bbox 1824 2794 3424 2866">
    <p class='ocr_par' dir='ltr' id='par_1_51' title="bbox 1824 2794 3424 2866">
     <span class='ocr_line' id='line_1_51' title="bbox 1824 2794 3424 2866; baseline 0.002 -16"><span class='ocrx_word' id='word_1_381' title='bbox 1824 2797 2037 2855; x_wconf 87' lang='lat' dir='ltr'><strong>subest.</strong></span> <span class='ocrx_word' id='word_1_382' title='bbox 2072 2796 2120 2848; x_wconf 91' lang='lat' dir='ltr'><strong>id</strong></span> <span class='ocrx_word' id='word_1_383' title='bbox 2163 2809 2386 2863; x_wconf 86' lang='lat' dir='ltr'><strong>quoque</strong></span> <span class='ocrx_word' id='word_1_384' title='bbox 2415 2794 2481 2847; x_wconf 88' lang='lat' dir='ltr'><strong>ad</strong></span> <span class='ocrx_word' id='word_1_385' title='bbox 2512 2794 2744 2847; x_wconf 87' lang='lat' dir='ltr'><strong>salutem</strong></span> <span class='ocrx_word' id='word_1_386' title='bbox 2775 2794 3238 2866; x_wconf 87' lang='lat' dir='ltr'><strong>commodumque</strong></span> <span class='ocrx_word' id='word_1_387' title='bbox 3268 2806 3424 2853; x_wconf 91' lang='lat' dir='ltr'><strong>tuum</strong></span> 
     </span>
    </p>
   </div>
   <div class='ocr_carea' id='block_1_52' title="bbox 1824 2884 3417 2959">
    <p class='ocr_par' dir='ltr' id='par_1_52' title="bbox 1824 2884 3417 2959">
     <span class='ocr_line' id='line_1_52' title="bbox 1824 2884 3417 2959; baseline 0.004 -23"><span class='ocrx_word' id='word_1_388' title='bbox 1824 2887 2117 2955; x_wconf 87' lang='lat' dir='ltr'><strong>plurimum</strong></span> <span class='ocrx_word' id='word_1_389' title='bbox 2151 2884 2384 2941; x_wconf 77' lang='lat' dir='ltr'><strong>confert.</strong></span> <span class='ocrx_word' id='word_1_390' title='bbox 2427 2887 2495 2940; x_wconf 86' lang='lat' dir='ltr'><strong>Et</strong></span> <span class='ocrx_word' id='word_1_391' title='bbox 2527 2886 2573 2941; x_wconf 90' lang='lat' dir='ltr'><strong>si</strong></span> <span class='ocrx_word' id='word_1_392' title='bbox 2605 2886 2811 2954; x_wconf 83' lang='lat' dir='ltr'><strong>pedites</strong></span> <span class='ocrx_word' id='word_1_393' title='bbox 2854 2901 2992 2957; x_wconf 91' lang='lat' dir='ltr'><strong>opus</strong></span> <span class='ocrx_word' id='word_1_394' title='bbox 3018 2896 3180 2951; x_wconf 89' lang='lat' dir='ltr'><strong>sunt,</strong></span> <span class='ocrx_word' id='word_1_395' title='bbox 3229 2890 3417 2959; x_wconf 84' lang='lat' dir='ltr'><strong>egredi</strong></span> 
     </span>
    </p>
   </div>
   <div class='ocr_carea' id='block_1_53' title="bbox 1823 2978 3419 3052">
    <p class='ocr_par' dir='ltr' id='par_1_53' title="bbox 1823 2978 3419 3052">
     <span class='ocr_line' id='line_1_53' title="bbox 1823 2978 3419 3052; baseline 0.003 -20"><span class='ocrx_word' id='word_1_396' title='bbox 1823 2980 1899 3032; x_wconf 90' lang='lat' dir='ltr'><strong>illi</strong></span> <span class='ocrx_word' id='word_1_397' title='bbox 1929 2986 2162 3047; x_wconf 89' lang='lat' dir='ltr'><strong>possunt</strong></span> <span class='ocrx_word' id='word_1_398' title='bbox 2192 2993 2255 3032; x_wconf 81' lang='lat' dir='ltr'><strong>ex</strong></span> <span class='ocrx_word' id='word_1_399' title='bbox 2282 2978 2507 3047; x_wconf 91' lang='lat' dir='ltr'><strong>oppido,</strong></span> <span class='ocrx_word' id='word_1_400' title='bbox 2544 2978 2842 3048; x_wconf 85' lang='lat' dir='ltr'><strong>pugnaturi</strong></span> <span class='ocrx_word' id='word_1_401' title='bbox 2888 2994 2994 3032; x_wconf 89' lang='lat' dir='ltr'><strong>una</strong></span> <span class='ocrx_word' id='word_1_402' title='bbox 3037 2987 3216 3034; x_wconf 91' lang='lat' dir='ltr'><strong>tecum</strong></span> <span class='ocrx_word' id='word_1_403' title='bbox 3250 2982 3419 3052; x_wconf 78' lang='lat'><strong>218</strong></span> 
     </span>
    </p>
   </div>
   <div class='ocr_carea' id='block_1_54' title="bbox 1821 3068 3425 3137">
    <p class='ocr_par' dir='ltr' id='par_1_54' title="bbox 1821 3068 3425 3137">
     <span class='ocr_line' id='line_1_54' title="bbox 1821 3068 3425 3137; baseline 0.004 -15"><span class='ocrx_word' id='word_1_404' title='bbox 1821 3079 1875 3123; x_wconf 86' lang='lat' dir='ltr'><strong>et</strong></span> <span class='ocrx_word' id='word_1_405' title='bbox 1902 3084 2062 3137; x_wconf 91' lang='lat' dir='ltr'><strong>opem</strong></span> <span class='ocrx_word' id='word_1_406' title='bbox 2090 3068 2275 3122; x_wconf 89' lang='lat' dir='ltr'><strong>laturi.</strong></span> <span class='ocrx_word' id='word_1_407' title='bbox 2317 3068 2492 3137; x_wconf 90' lang='lat' dir='ltr'><strong>Siqui</strong></span> <span class='ocrx_word' id='word_1_408' title='bbox 2528 3079 2734 3133; x_wconf 89' lang='lat' dir='ltr'><strong>autem,</strong></span> <span class='ocrx_word' id='word_1_409' title='bbox 2755 3078 2813 3123; x_wconf 91' lang='lat' dir='ltr'><strong>ut</strong></span> <span class='ocrx_word' id='word_1_410' title='bbox 2846 3072 2925 3135; x_wconf 92' lang='lat' dir='ltr'><strong>lit,</strong></span> <span class='ocrx_word' id='word_1_411' title='bbox 2958 3080 3324 3125; x_wconf 89' lang='lat' dir='ltr'><strong>autecurrunt</strong></span> <span class='ocrx_word' id='word_1_412' title='bbox 3355 3074 3425 3128; x_wconf 84' lang='lat' dir='ltr'><strong>de</strong></span> 
     </span>
    </p>
   </div>
   <div class='ocr_carea' id='block_1_55' title="bbox 1823 3159 3421 3230">
    <p class='ocr_par' dir='ltr' id='par_1_55' title="bbox 1823 3159 3421 3230">
     <span class='ocr_line' id='line_1_55' title="bbox 1823 3159 3421 3230; baseline 0.003 -15"><span class='ocrx_word' id='word_1_413' title='bbox 1823 3160 2067 3215; x_wconf 77' lang='lat' dir='ltr'><strong>exercitu</strong></span> <span class='ocrx_word' id='word_1_414' title='bbox 2088 3159 2296 3223; x_wconf 88' lang='lat' dir='ltr'><strong>hostili,</strong></span> <span class='ocrx_word' id='word_1_415' title='bbox 2318 3160 2501 3215; x_wconf 91' lang='lat' dir='ltr'><strong>locum</strong></span> <span class='ocrx_word' id='word_1_416' title='bbox 2534 3160 2771 3229; x_wconf 89' lang='lat' dir='ltr'><strong>capturi,</strong></span> <span class='ocrx_word' id='word_1_417' title='bbox 2796 3162 2891 3215; x_wconf 90' lang='lat' dir='ltr'><strong>ubi</strong></span> <span class='ocrx_word' id='word_1_418' title='bbox 2911 3172 3092 3217; x_wconf 85' lang='lat' dir='ltr'><strong>castra</strong></span> <span class='ocrx_word' id='word_1_419' title='bbox 3123 3164 3421 3230; x_wconf 87' lang='lat' dir='ltr'><strong>instruant,</strong></span> 
     </span>
    </p>
   </div>
   <div class='ocr_carea' id='block_1_56' title="bbox 140 3252 1722 3329">
    <p class='ocr_par' dir='ltr' id='par_1_56' title="bbox 140 3252 1722 3324">
     <span class='ocr_line' id='line_1_56' title="bbox 140 3252 1722 3324; baseline -0.001 -19"><span class='ocrx_word' id='word_1_420' title='bbox 140 3254 445 3324; x_wconf 79' lang='grc' dir='ltr'>μαχοῦντες</span> <span class='ocrx_word' id='word_1_421' title='bbox 485 3253 583 3306; x_wconf 71' lang='grc' dir='ltr'><strong>καὶ</strong></span> <span class='ocrx_word' id='word_1_422' title='bbox 619 3253 1039 3322; x_wconf 78' lang='grc' dir='ltr'>ἐπιϐοηθοῦντές</span> <span class='ocrx_word' id='word_1_423' title='bbox 1078 3270 1183 3305; x_wconf 89' lang='grc' dir='ltr'>σοι.</span> <span class='ocrx_word' id='word_1_424' title='bbox 1220 3254 1282 3305; x_wconf 82' lang='grc' dir='ltr'><strong>Οἱ</strong></span> <span class='ocrx_word' id='word_1_425' title='bbox 1305 3252 1363 3304; x_wconf 81' lang='grc' dir='ltr'>δὲ</span> <span class='ocrx_word' id='word_1_426' title='bbox 1395 3252 1722 3322; x_wconf 85' lang='grc' dir='ltr'>προτρέχον-</span> 
     </span>
    </p>
   </div>
   <div class='ocr_carea' id='block_1_57' title="bbox 1826 3252 3422 3329">
    <p class='ocr_par' dir='ltr' id='par_1_57' title="bbox 1829 3252 3422 3324">
     <span class='ocr_line' id='line_1_57' title="bbox 1829 3252 3422 3324; baseline 0.002 -16"><span class='ocrx_word' id='word_1_427' title='bbox 1829 3268 1970 3324; x_wconf 88' lang='lat' dir='ltr'><strong>quos</strong></span> <span class='ocrx_word' id='word_1_428' title='bbox 2003 3261 2419 3307; x_wconf 89' lang='lat' dir='ltr'><strong>mensuratores</strong></span> <span class='ocrx_word' id='word_1_429' title='bbox 2472 3267 2669 3308; x_wconf 79' lang='lat' dir='ltr'><strong>vocare</strong></span> <span class='ocrx_word' id='word_1_430' title='bbox 2706 3252 2940 3308; x_wconf 79' lang='lat' dir='ltr'><strong>Romani</strong></span> <span class='ocrx_word' id='word_1_431' title='bbox 2993 3265 3422 3323; x_wconf 80' lang='lat' dir='ltr'><strong>consueverunt,</strong></span> 
     </span>
    </p>
   </div>
   <div class='ocr_carea' id='block_1_58' title="bbox 134 3343 1720 3415">
    <p class='ocr_par' dir='ltr' id='par_1_58' title="bbox 134 3343 1720 3415">
     <span class='ocr_line' id='line_1_58' title="bbox 134 3343 1720 3415; baseline -0.003 -17"><span class='ocrx_word' id='word_1_432' title='bbox 134 3364 223 3410; x_wconf 87' lang='grc' dir='ltr'><strong>τες</strong></span> <span class='ocrx_word' id='word_1_433' title='bbox 260 3348 360 3400; x_wconf 78' lang='grc' dir='ltr'>τοῦ</span> <span class='ocrx_word' id='word_1_434' title='bbox 408 3346 537 3399; x_wconf 75' lang='grc' dir='ltr'>λαοῦ</span> <span class='ocrx_word' id='word_1_435' title='bbox 561 3348 670 3398; x_wconf 82' lang='grc' dir='ltr'><strong>τῶν</strong></span> <span class='ocrx_word' id='word_1_436' title='bbox 727 3345 1005 3415; x_wconf 85' lang='grc' dir='ltr'>πολεμίων</span> <span class='ocrx_word' id='word_1_437' title='bbox 1053 3343 1389 3397; x_wconf 78' lang='grc' dir='ltr'>καταλαϐεῖν</span> <span class='ocrx_word' id='word_1_438' title='bbox 1412 3343 1505 3395; x_wconf 87' lang='grc' dir='ltr'>τὸν</span> <span class='ocrx_word' id='word_1_439' title='bbox 1556 3344 1720 3395; x_wconf 90' lang='grc' dir='ltr'>τόπον</span> 
     </span>
    </p>
   </div>
   <div class='ocr_carea' id='block_1_59' title="bbox 136 3433 1719 3509">
    <p class='ocr_par' dir='ltr' id='par_1_59' title="bbox 136 3433 1719 3509">
     <span class='ocr_line' id='line_1_59' title="bbox 136 3433 1719 3509; baseline -0.003 -18"><span class='ocrx_word' id='word_1_440' title='bbox 136 3442 271 3509; x_wconf 56' lang='grc' dir='ltr'>πρὶς</span> <span class='ocrx_word' id='word_1_441' title='bbox 302 3440 366 3491; x_wconf 81' lang='grc' dir='ltr'><strong>τὸ</strong></span> <span class='ocrx_word' id='word_1_442' title='bbox 396 3439 717 3508; x_wconf 78' lang='grc' dir='ltr'>εὐτρεπίσαι</span> <span class='ocrx_word' id='word_1_443' title='bbox 744 3438 814 3489; x_wconf 70' lang='grc' dir='ltr'>τὰ</span> <span class='ocrx_word' id='word_1_444' title='bbox 844 3437 1055 3490; x_wconf 80' lang='grc' dir='ltr'>ἑαυτῶν</span> <span class='ocrx_word' id='word_1_445' title='bbox 1105 3437 1383 3506; x_wconf 84' lang='grc' dir='ltr'>ἄπληκτα,</span> <span class='ocrx_word' id='word_1_446' title='bbox 1409 3435 1485 3498; x_wconf 80' lang='grc' dir='ltr'>ὡς</span> <span class='ocrx_word' id='word_1_447' title='bbox 1512 3433 1719 3500; x_wconf 86' lang='grc' dir='ltr'>εἰώθει,</span> 
     </span>
    </p>
   </div>
   <div class='ocr_carea' id='block_1_60' title="bbox 133 3528 1722 3602">
    <p class='ocr_par' dir='ltr' id='par_1_60' title="bbox 133 3528 1722 3602">
     <span class='ocr_line' id='line_1_60' title="bbox 133 3528 1722 3602; baseline -0.003 -19"><span class='ocrx_word' id='word_1_448' title='bbox 133 3530 225 3594; x_wconf 73' lang='grc' dir='ltr'><strong>οὓς</strong></span> <span class='ocrx_word' id='word_1_449' title='bbox 269 3532 706 3602; x_wconf 84' lang='grc' dir='ltr'>μινσουράτορας</span> <span class='ocrx_word' id='word_1_450' title='bbox 749 3529 984 3583; x_wconf 78' lang='grc' dir='ltr'>εἴθισται</span> <span class='ocrx_word' id='word_1_451' title='bbox 1045 3529 1344 3597; x_wconf 88' lang='grc' dir='ltr'>Ῥωμαίοις</span> <span class='ocrx_word' id='word_1_452' title='bbox 1385 3528 1596 3590; x_wconf 82' lang='grc' dir='ltr'>καλεῖν,</span> <span class='ocrx_word' id='word_1_453' title='bbox 1631 3529 1722 3579; x_wconf 77' lang='grc' dir='ltr'><strong>καὶ</strong></span> 
     </span>
    </p>
   </div>
   <div class='ocr_carea' id='block_1_61' title="bbox 134 3616 1721 3693">
    <p class='ocr_par' dir='ltr' id='par_1_61' title="bbox 134 3616 1721 3693">
     <span class='ocr_line' id='line_1_61' title="bbox 134 3616 1721 3693; baseline -0.002 -20"><span class='ocrx_word' id='word_1_454' title='bbox 134 3616 557 3693; x_wconf 82' lang='grc' dir='ltr'>ἀσχολουμένων</span> <span class='ocrx_word' id='word_1_455' title='bbox 585 3623 642 3674; x_wconf 81' lang='grc' dir='ltr'><strong>ὲν</strong></span> <span class='ocrx_word' id='word_1_456' title='bbox 672 3623 876 3684; x_wconf 78' lang='grc' dir='ltr'>αὐτοῖς,</span> <span class='ocrx_word' id='word_1_457' title='bbox 905 3621 1275 3684; x_wconf 82' lang='grc' dir='ltr'>ἐξελθέτωσαν</span> <span class='ocrx_word' id='word_1_458' title='bbox 1298 3619 1419 3672; x_wconf 78' lang='grc' dir='ltr'>κατ’</span> <span class='ocrx_word' id='word_1_459' title='bbox 1468 3619 1648 3673; x_wconf 84' lang='grc' dir='ltr'>αὐτῶν</span> <span class='ocrx_word' id='word_1_460' title='bbox 1673 3620 1721 3671; x_wconf 85' lang='grc' dir='ltr'><strong>οί</strong></span> 
     </span>
    </p>
   </div>
   <div class='ocr_carea' id='block_1_62' title="bbox 136 3710 1718 3787">
    <p class='ocr_par' dir='ltr' id='par_1_62' title="bbox 136 3710 1718 3787">
     <span class='ocr_line' id='line_1_62' title="bbox 136 3710 1718 3787; baseline -0.004 -20"><span class='ocrx_word' id='word_1_461' title='bbox 136 3716 289 3787; x_wconf 73' lang='grc' dir='ltr'>παρὰ</span> <span class='ocrx_word' id='word_1_462' title='bbox 333 3715 429 3767; x_wconf 74' lang='grc' dir='ltr'><strong>σου</strong></span> <span class='ocrx_word' id='word_1_463' title='bbox 455 3718 513 3769; x_wconf 84' lang='grc' dir='ltr'><strong>ἐν</strong></span> <span class='ocrx_word' id='word_1_464' title='bbox 537 3714 613 3783; x_wconf 81' lang='grc' dir='ltr'><strong>τῷ</strong></span> <span class='ocrx_word' id='word_1_465' title='bbox 640 3713 843 3784; x_wconf 86' lang='grc' dir='ltr'>πρώτῳ</span> <span class='ocrx_word' id='word_1_466' title='bbox 874 3712 1019 3783; x_wconf 83' lang='grc' dir='ltr'>λόγῳ</span> <span class='ocrx_word' id='word_1_467' title='bbox 1049 3712 1276 3783; x_wconf 84' lang='grc' dir='ltr'>πλησίον</span> <span class='ocrx_word' id='word_1_468' title='bbox 1299 3710 1395 3763; x_wconf 81' lang='grc' dir='ltr'>τοῦ</span> <span class='ocrx_word' id='word_1_469' title='bbox 1434 3711 1718 3780; x_wconf 85' lang='grc' dir='ltr'>ἁπλήκτου</span> 
     </span>
    </p>
   </div>
   <div class='ocr_carea' id='block_1_63' title="bbox 135 3799 1721 3877">
    <p class='ocr_par' dir='ltr' id='par_1_63' title="bbox 135 3799 1721 3877">
     <span class='ocr_line' id='line_1_63' title="bbox 135 3799 1721 3877; baseline -0.004 -20"><span class='ocrx_word' id='word_1_470' title='bbox 135 3807 627 3877; x_wconf 74' lang='grc' dir='ltr'>προκαταστάντες</span> <span class='ocrx_word' id='word_1_471' title='bbox 663 3806 831 3870; x_wconf 81' lang='grc' dir='ltr'>ὀξέως</span> <span class='ocrx_word' id='word_1_472' title='bbox 873 3806 968 3858; x_wconf 70' lang='grc' dir='ltr'><strong>σὺν</strong></span> <span class='ocrx_word' id='word_1_473' title='bbox 1010 3805 1203 3873; x_wconf 79' lang='grc' dir='ltr'>ἐλασίᾳ</span> <span class='ocrx_word' id='word_1_474' title='bbox 1233 3802 1426 3872; x_wconf 83' lang='grc' dir='ltr'>πολλῇ,</span> <span class='ocrx_word' id='word_1_475' title='bbox 1457 3800 1551 3853; x_wconf 83' lang='grc' dir='ltr'>τοῦ</span> <span class='ocrx_word' id='word_1_476' title='bbox 1593 3799 1721 3852; x_wconf 79' lang='grc' dir='ltr'>τού·</span> 
     </span>
    </p>
   </div>
   <div class='ocr_carea' id='block_1_64' title="bbox 132 3893 1719 3968">
    <p class='ocr_par' dir='ltr' id='par_1_64' title="bbox 132 3893 1719 3968">
     <span class='ocr_line' id='line_1_64' title="bbox 132 3893 1719 3968; baseline -0.003 -19"><span class='ocrx_word' id='word_1_477' title='bbox 132 3916 252 3961; x_wconf 67' lang='grc' dir='ltr'>τους</span> <span class='ocrx_word' id='word_1_478' title='bbox 277 3898 507 3968; x_wconf 76' lang='grc' dir='ltr'>βοηθείᾳ</span> <span class='ocrx_word' id='word_1_479' title='bbox 523 3895 657 3950; x_wconf 77' lang='grc' dir='ltr'>Θεοῦ</span> <span class='ocrx_word' id='word_1_480' title='bbox 682 3896 1056 3967; x_wconf 87' lang='grc' dir='ltr'>χειρώσονται.</span> <span class='ocrx_word' id='word_1_481' title='bbox 1088 3896 1195 3947; x_wconf 74' lang='grc' dir='ltr'>Καὶ</span> <span class='ocrx_word' id='word_1_482' title='bbox 1221 3896 1274 3948; x_wconf 82' lang='grc' dir='ltr'>εἴ</span> <span class='ocrx_word' id='word_1_483' title='bbox 1314 3911 1376 3962; x_wconf 93' lang='grc' dir='ltr'><strong>γε</strong></span> <span class='ocrx_word' id='word_1_484' title='bbox 1408 3894 1635 3956; x_wconf 84' lang='grc' dir='ltr'>τούτους</span> <span class='ocrx_word' id='word_1_485' title='bbox 1670 3893 1719 3944; x_wconf 82' lang='grc' dir='ltr'><strong>οἱ</strong></span> 
     </span>
    </p>
   </div>
   <div class='ocr_carea' id='block_1_65' title="bbox 133 3980 1724 4062">
    <p class='ocr_par' dir='ltr' id='par_1_65' title="bbox 133 3980 1724 4062">
     <span class='ocr_line' id='line_1_65' title="bbox 133 3980 1724 4062; baseline -0.003 -21"><span class='ocrx_word' id='word_1_486' title='bbox 133 3992 322 4062; x_wconf 73' lang='grc' dir='ltr'>ἐχθροὶ</span> <span class='ocrx_word' id='word_1_487' title='bbox 353 3990 779 4053; x_wconf 83' lang='grc' dir='ltr'>καταδιώξουσιν</span> <span class='ocrx_word' id='word_1_488' title='bbox 808 3989 914 4049; x_wconf 83' lang='grc' dir='ltr'><strong>ἓως</strong></span> <span class='ocrx_word' id='word_1_489' title='bbox 946 3988 1040 4040; x_wconf 80' lang='grc' dir='ltr'><strong>τοῦ</strong></span> <span class='ocrx_word' id='word_1_490' title='bbox 1072 3987 1263 4052; x_wconf 86' lang='grc' dir='ltr'>τόπου,</span> <span class='ocrx_word' id='word_1_491' title='bbox 1290 3989 1346 4040; x_wconf 82' lang='grc' dir='ltr'><strong>ἐν</strong></span> <span class='ocrx_word' id='word_1_492' title='bbox 1374 3980 1530 4056; x_wconf 83' lang='grc' dir='ltr'>ᾧπερ</span> <span class='ocrx_word' id='word_1_493' title='bbox 1563 3985 1724 4038; x_wconf 86' lang='grc' dir='ltr'>δυνα-</span> 
     </span>
    </p>
   </div>
   <div class='ocr_carea' id='block_1_66' title="bbox 132 4077 1721 4152">
    <p class='ocr_par' dir='ltr' id='par_1_66' title="bbox 132 4077 1721 4152">
     <span class='ocr_line' id='line_1_66' title="bbox 132 4077 1721 4152; baseline -0.004 -17"><span class='ocrx_word' id='word_1_494' title='bbox 132 4086 220 4136; x_wconf 78' lang='grc' dir='ltr'><strong>τὸν</strong></span> <span class='ocrx_word' id='word_1_495' title='bbox 249 4084 557 4152; x_wconf 82' lang='grc' dir='ltr'>ἔγκρυμμα</span> <span class='ocrx_word' id='word_1_496' title='bbox 584 4083 949 4151; x_wconf 81' lang='grc' dir='ltr'>κατέστησας,</span> <span class='ocrx_word' id='word_1_497' title='bbox 996 4080 1354 4151; x_wconf 75' lang='grc' dir='ltr'>ἐξερχόμενος</span> <span class='ocrx_word' id='word_1_498' title='bbox 1386 4080 1507 4133; x_wconf 85' lang='grc' dir='ltr'>κατ’</span> <span class='ocrx_word' id='word_1_499' title='bbox 1540 4077 1721 4131; x_wconf 77' lang='grc' dir='ltr'>αὐτῶν</span> 
     </span>
    </p>
   </div>
   <div class='ocr_carea' id='block_1_67' title="bbox 132 4168 1720 4244">
    <p class='ocr_par' dir='ltr' id='par_1_67' title="bbox 132 4168 1720 4244">
     <span class='ocr_line' id='line_1_67' title="bbox 132 4168 1720 4244; baseline -0.003 -20"><span class='ocrx_word' id='word_1_500' title='bbox 132 4175 374 4244; x_wconf 78' lang='grc' dir='ltr'>ἀνδρικῷ</span> <span class='ocrx_word' id='word_1_501' title='bbox 422 4174 517 4226; x_wconf 71' lang='grc' dir='ltr'><strong>καὶ</strong></span> <span class='ocrx_word' id='word_1_502' title='bbox 562 4175 797 4243; x_wconf 85' lang='grc' dir='ltr'>γενναίῳ</span> <span class='ocrx_word' id='word_1_503' title='bbox 839 4174 1122 4243; x_wconf 86' lang='grc' dir='ltr'>ὁρμήματι</span> <span class='ocrx_word' id='word_1_504' title='bbox 1162 4170 1551 4242; x_wconf 82' lang='grc' dir='ltr'>ὑπερισχύσεις</span> <span class='ocrx_word' id='word_1_505' title='bbox 1610 4168 1720 4221; x_wconf 85' lang='grc' dir='ltr'><strong>τῶν</strong></span> 
     </span>
    </p>
   </div>
   <div class='ocr_carea' id='block_1_68' title="bbox 131 4264 1720 4336">
    <p class='ocr_par' dir='ltr' id='par_1_68' title="bbox 131 4264 1720 4336">
     <span class='ocr_line' id='line_1_68' title="bbox 131 4264 1720 4336; baseline -0.001 -20"><span class='ocrx_word' id='word_1_506' title='bbox 131 4266 469 4328; x_wconf 78' lang='grc' dir='ltr'>διωκόντων,</span> <span class='ocrx_word' id='word_1_507' title='bbox 517 4267 611 4320; x_wconf 77' lang='grc' dir='ltr'><strong>καὶ</strong></span> <span class='ocrx_word' id='word_1_508' title='bbox 649 4266 909 4336; x_wconf 82' lang='grc' dir='ltr'>τρόπαιον</span> <span class='ocrx_word' id='word_1_509' title='bbox 961 4266 1182 4335; x_wconf 88' lang='grc' dir='ltr'>μνήμης</span> <span class='ocrx_word' id='word_1_510' title='bbox 1220 4264 1369 4327; x_wconf 80' lang='grc' dir='ltr'>ἄξιον</span> <span class='ocrx_word' id='word_1_511' title='bbox 1420 4264 1720 4331; x_wconf 81' lang='grc' dir='ltr'>ἁνεγερεῖς.</span> 
     </span>
    </p>
   </div>
   <div class='ocr_carea' id='block_1_69' title="bbox 134 4353 1718 4427">
    <p class='ocr_par' dir='ltr' id='par_1_69' title="bbox 134 4353 1718 4427">
     <span class='ocr_line' id='line_1_69' title="bbox 134 4353 1718 4427; baseline -0.003 -18"><span class='ocrx_word' id='word_1_512' title='bbox 134 4358 238 4410; x_wconf 74' lang='grc' dir='ltr'><strong>Καὶ</strong></span> <span class='ocrx_word' id='word_1_513' title='bbox 254 4362 376 4427; x_wconf 85' lang='grc' dir='ltr'>εῖγε</span> <span class='ocrx_word' id='word_1_514' title='bbox 400 4357 583 4427; x_wconf 82' lang='grc' dir='ltr'>συμϐῇ</span> <span class='ocrx_word' id='word_1_515' title='bbox 614 4358 876 4427; x_wconf 83' lang='grc' dir='ltr'>δυνάμεις</span> <span class='ocrx_word' id='word_1_516' title='bbox 892 4373 906 4386; x_wconf 89' lang='grc'>·</span> <span class='ocrx_word' id='word_1_517' title='bbox 930 4357 1039 4409; x_wconf 85' lang='grc' dir='ltr'><strong>τῶν</strong></span> <span class='ocrx_word' id='word_1_518' title='bbox 1068 4355 1346 4425; x_wconf 85' lang='grc' dir='ltr'>πολεμίων</span> <span class='ocrx_word' id='word_1_519' title='bbox 1365 4353 1718 4417; x_wconf 78' lang='grc' dir='ltr'>καταλαδεῖν,</span> 
     </span>
    </p>
   </div>
   <div class='ocr_carea' id='block_1_70' title="bbox 1832 3345 3421 3416">
    <p class='ocr_par' dir='ltr' id='par_1_70' title="bbox 1832 3345 3421 3416">
     <span class='ocr_line' id='line_1_70' title="bbox 1832 3345 3421 3416; baseline 0.004 -19"><span class='ocrx_word' id='word_1_520' title='bbox 1832 3346 1915 3399; x_wconf 89' lang='lat' dir='ltr'><strong>his</strong></span> <span class='ocrx_word' id='word_1_521' title='bbox 1953 3346 2007 3398; x_wconf 92' lang='lat' dir='ltr'><strong>in</strong></span> <span class='ocrx_word' id='word_1_522' title='bbox 2044 3358 2208 3414; x_wconf 85' lang='lat' dir='ltr'><strong>opere</strong></span> <span class='ocrx_word' id='word_1_523' title='bbox 2245 3345 2531 3415; x_wconf 87' lang='lat' dir='ltr'><strong>occupatis</strong></span> <span class='ocrx_word' id='word_1_524' title='bbox 2559 3385 2573 3409; x_wconf 95' lang='lat'><strong>,</strong></span> <span class='ocrx_word' id='word_1_525' title='bbox 2614 3346 2705 3416; x_wconf 92' lang='lat' dir='ltr'><strong>qui</strong></span> <span class='ocrx_word' id='word_1_526' title='bbox 2740 3346 2838 3401; x_wconf 87' lang='lat' dir='ltr'><strong>abs</strong></span> <span class='ocrx_word' id='word_1_527' title='bbox 2868 3354 2919 3400; x_wconf 88' lang='lat' dir='ltr'><strong>te</strong></span> <span class='ocrx_word' id='word_1_528' title='bbox 2948 3362 3118 3416; x_wconf 82' lang='lat' dir='ltr'><strong>prOpe</strong></span> <span class='ocrx_word' id='word_1_529' title='bbox 3152 3355 3335 3403; x_wconf 89' lang='lat' dir='ltr'><strong>castra</strong></span> <span class='ocrx_word' id='word_1_530' title='bbox 3384 3366 3421 3403; x_wconf 78' lang='grc' dir='ltr'>ιι</span> 
     </span>
    </p>
   </div>
   <div class='ocr_carea' id='block_1_71' title="bbox 1828 3435 3422 3504">
    <p class='ocr_par' dir='ltr' id='par_1_71' title="bbox 1828 3435 3422 3504">
     <span class='ocr_line' id='line_1_71' title="bbox 1828 3435 3422 3504; baseline 0.006 -17"><span class='ocrx_word' id='word_1_531' title='bbox 1828 3436 2023 3504; x_wconf 88' lang='lat' dir='ltr'><strong>primis</strong></span> <span class='ocrx_word' id='word_1_532' title='bbox 2076 3435 2291 3490; x_wconf 87' lang='lat' dir='ltr'><strong>insidiis</strong></span> <span class='ocrx_word' id='word_1_533' title='bbox 2331 3438 2619 3493; x_wconf 90' lang='lat' dir='ltr'><strong>constituti</strong></span> <span class='ocrx_word' id='word_1_534' title='bbox 2679 3450 2829 3503; x_wconf 90' lang='lat' dir='ltr'><strong>sunt,</strong></span> <span class='ocrx_word' id='word_1_535' title='bbox 2883 3437 3136 3493; x_wconf 89' lang='lat' dir='ltr'><strong>celeriter</strong></span> <span class='ocrx_word' id='word_1_536' title='bbox 3187 3439 3243 3494; x_wconf 92' lang='lat' dir='ltr'><strong>in</strong></span> <span class='ocrx_word' id='word_1_537' title='bbox 3296 3441 3422 3497; x_wconf 88' lang='lat' dir='ltr'><strong>illos</strong></span> 
     </span>
    </p>
   </div>
   <div class='ocr_carea' id='block_1_72' title="bbox 1831 3529 3424 3599">
    <p class='ocr_par' dir='ltr' id='par_1_72' title="bbox 1831 3529 3424 3599">
     <span class='ocr_line' id='line_1_72' title="bbox 1831 3529 3424 3599; baseline 0.005 -17"><span class='ocrx_word' id='word_1_538' title='bbox 1831 3544 2028 3597; x_wconf 86' lang='lat' dir='ltr'><strong>magno</strong></span> <span class='ocrx_word' id='word_1_539' title='bbox 2054 3529 2259 3599; x_wconf 89' lang='lat' dir='ltr'><strong>impetu</strong></span> <span class='ocrx_word' id='word_1_540' title='bbox 2297 3541 2610 3599; x_wconf 85' lang='lat' dir='ltr'><strong>erumpant,</strong></span> <span class='ocrx_word' id='word_1_541' title='bbox 2652 3542 2706 3585; x_wconf 91' lang='lat' dir='ltr'><strong>et</strong></span> <span class='ocrx_word' id='word_1_542' title='bbox 2750 3532 3163 3588; x_wconf 88' lang='lat' dir='ltr'><strong>obsecundante</strong></span> <span class='ocrx_word' id='word_1_543' title='bbox 3194 3534 3424 3590; x_wconf 88' lang='lat' dir='ltr'><strong>numine</strong></span> 
     </span>
    </p>
   </div>
   <div class='ocr_carea' id='block_1_73' title="bbox 1829 3623 3423 3697">
    <p class='ocr_par' dir='ltr' id='par_1_73' title="bbox 1829 3623 3423 3697">
     <span class='ocr_line' id='line_1_73' title="bbox 1829 3623 3423 3697; baseline 0.003 -20"><span class='ocrx_word' id='word_1_544' title='bbox 1829 3638 1925 3677; x_wconf 90' lang='lat' dir='ltr'><strong>eos</strong></span> <span class='ocrx_word' id='word_1_545' title='bbox 1973 3623 2302 3692; x_wconf 86' lang='lat' dir='ltr'><strong>oppriment.</strong></span> <span class='ocrx_word' id='word_1_546' title='bbox 2330 3625 2556 3691; x_wconf 87' lang='lat' dir='ltr'><strong>Contra,</strong></span> <span class='ocrx_word' id='word_1_547' title='bbox 2591 3625 2636 3679; x_wconf 89' lang='lat' dir='ltr'><strong>si</strong></span> <span class='ocrx_word' id='word_1_548' title='bbox 2667 3624 2851 3680; x_wconf 89' lang='lat' dir='ltr'><strong>hostes</strong></span> <span class='ocrx_word' id='word_1_549' title='bbox 2877 3640 2974 3681; x_wconf 89' lang='lat' dir='ltr'><strong>eos</strong></span> <span class='ocrx_word' id='word_1_550' title='bbox 3010 3635 3423 3697; x_wconf 86' lang='lat' dir='ltr'><strong>prosequuntur</strong></span> 
     </span>
    </p>
   </div>
   <div class='ocr_carea' id='block_1_74' title="bbox 1830 3714 3418 3784">
    <p class='ocr_par' dir='ltr' id='par_1_74' title="bbox 1830 3714 3418 3784">
     <span class='ocr_line' id='line_1_74' title="bbox 1830 3714 3418 3784; baseline 0.002 -15"><span class='ocrx_word' id='word_1_551' title='bbox 1830 3731 2003 3784; x_wconf 86' lang='lat' dir='ltr'><strong>usque</strong></span> <span class='ocrx_word' id='word_1_552' title='bbox 2034 3714 2101 3769; x_wconf 90' lang='lat' dir='ltr'><strong>ad</strong></span> <span class='ocrx_word' id='word_1_553' title='bbox 2151 3716 2354 3780; x_wconf 90' lang='lat' dir='ltr'><strong>locum,</strong></span> <span class='ocrx_word' id='word_1_554' title='bbox 2399 3717 2492 3770; x_wconf 91' lang='lat' dir='ltr'><strong>ubi</strong></span> <span class='ocrx_word' id='word_1_555' title='bbox 2535 3717 2808 3771; x_wconf 90' lang='lat' dir='ltr'><strong>lirmiores</strong></span> <span class='ocrx_word' id='word_1_556' title='bbox 2844 3717 3076 3772; x_wconf 84' lang='lat' dir='ltr'><strong>insidias</strong></span> <span class='ocrx_word' id='word_1_557' title='bbox 3115 3717 3418 3784; x_wconf 87' lang='lat' dir='ltr'><strong>collocasti,</strong></span> 
     </span>
    </p>
   </div>
   <div class='ocr_carea' id='block_1_75' title="bbox 1828 3806 3420 3879">
    <p class='ocr_par' dir='ltr' id='par_1_75' title="bbox 1828 3806 3420 3879">
     <span class='ocr_line' id='line_1_75' title="bbox 1828 3806 3420 3879; baseline 0.004 -21"><span class='ocrx_word' id='word_1_558' title='bbox 1828 3806 2096 3859; x_wconf 86' lang='lat' dir='ltr'><strong>invadens</strong></span> <span class='ocrx_word' id='word_1_559' title='bbox 2125 3806 2245 3861; x_wconf 89' lang='lat' dir='ltr'><strong>illos</strong></span> <span class='ocrx_word' id='word_1_560' title='bbox 2284 3806 2649 3875; x_wconf 89' lang='lat' dir='ltr'><strong>impressione</strong></span> <span class='ocrx_word' id='word_1_561' title='bbox 2687 3807 2833 3861; x_wconf 83' lang='lat' dir='ltr'><strong>virili</strong></span> <span class='ocrx_word' id='word_1_562' title='bbox 2869 3822 2932 3862; x_wconf 90' lang='lat' dir='ltr'><strong>ac</strong></span> <span class='ocrx_word' id='word_1_563' title='bbox 2966 3806 3095 3862; x_wconf 78' lang='lat' dir='ltr'><strong>forti</strong></span> <span class='ocrx_word' id='word_1_564' title='bbox 3131 3808 3420 3879; x_wconf 88' lang='lat' dir='ltr'><strong>superabis</strong></span> 
     </span>
    </p>
   </div>
   <div class='ocr_carea' id='block_1_76' title="bbox 1826 3900 3421 3971">
    <p class='ocr_par' dir='ltr' id='par_1_76' title="bbox 1826 3900 3421 3971">
     <span class='ocr_line' id='line_1_76' title="bbox 1826 3900 3421 3971; baseline 0.003 -20"><span class='ocrx_word' id='word_1_565' title='bbox 1826 3905 2245 3967; x_wconf 78' lang='lat' dir='ltr'><strong>persequentes,</strong></span> <span class='ocrx_word' id='word_1_566' title='bbox 2318 3906 2694 3970; x_wconf 76' lang='lat' dir='ltr'><strong>tropaaumque</strong></span> <span class='ocrx_word' id='word_1_567' title='bbox 2740 3900 3018 3955; x_wconf 62' lang='lat' dir='ltr'><strong>memoriae</strong></span> <span class='ocrx_word' id='word_1_568' title='bbox 3084 3901 3310 3971; x_wconf 86' lang='lat' dir='ltr'><strong>dignum</strong></span> <span class='ocrx_word' id='word_1_569' title='bbox 3351 3902 3421 3956; x_wconf 89' lang='lat' dir='ltr'><strong>de</strong></span> 
     </span>
    </p>
   </div>
   <div class='ocr_carea' id='block_1_77' title="bbox 1830 3986 3420 4061">
    <p class='ocr_par' dir='ltr' id='par_1_77' title="bbox 1830 3986 3420 4061">
     <span class='ocr_line' id='line_1_77' title="bbox 1830 3986 3420 4061; baseline 0.004 -21"><span class='ocrx_word' id='word_1_570' title='bbox 1830 3988 1937 4040; x_wconf 86' lang='lat' dir='ltr'><strong>illis</strong></span> <span class='ocrx_word' id='word_1_571' title='bbox 1963 3987 2251 4041; x_wconf 79' lang='lat' dir='ltr'><strong>excitabis.</strong></span> <span class='ocrx_word' id='word_1_572' title='bbox 2272 3986 2518 4058; x_wconf 90' lang='lat' dir='ltr'><strong>Denique</strong></span> <span class='ocrx_word' id='word_1_573' title='bbox 2549 3990 2594 4044; x_wconf 90' lang='lat' dir='ltr'><strong>si</strong></span> <span class='ocrx_word' id='word_1_574' title='bbox 2624 3990 2843 4053; x_wconf 88' lang='lat' dir='ltr'><strong>accidit,</strong></span> <span class='ocrx_word' id='word_1_575' title='bbox 2874 3999 2933 4044; x_wconf 89' lang='lat' dir='ltr'><strong>ut</strong></span> <span class='ocrx_word' id='word_1_576' title='bbox 2959 3990 3214 4045; x_wconf 63' lang='lat' dir='ltr'><strong>maximae</strong></span> <span class='ocrx_word' id='word_1_577' title='bbox 3245 3992 3420 4061; x_wconf 71' lang='lat' dir='ltr'><strong>copia:</strong></span> 
     </span>
    </p>
   </div>
   <div class='ocr_carea' id='block_1_78' title="bbox 1830 4078 3416 4151">
    <p class='ocr_par' dir='ltr' id='par_1_78' title="bbox 1830 4078 3416 4151">
     <span class='ocr_line' id='line_1_78' title="bbox 1830 4078 3416 4151; baseline 0.002 -18"><span class='ocrx_word' id='word_1_578' title='bbox 1830 4078 2070 4133; x_wconf 92' lang='lat' dir='ltr'><strong>hostium</strong></span> <span class='ocrx_word' id='word_1_579' title='bbox 2115 4078 2394 4148; x_wconf 87' lang='lat' dir='ltr'><strong>ingruant,</strong></span> <span class='ocrx_word' id='word_1_580' title='bbox 2443 4080 2647 4151; x_wconf 88' lang='lat' dir='ltr'><strong>tibique</strong></span> <span class='ocrx_word' id='word_1_581' title='bbox 2684 4082 2960 4137; x_wconf 88' lang='lat' dir='ltr'><strong>obsistant</strong></span> <span class='ocrx_word' id='word_1_582' title='bbox 2986 4120 3001 4146; x_wconf 90' lang='lat'><strong>,</strong></span> <span class='ocrx_word' id='word_1_583' title='bbox 3031 4081 3416 4148; x_wconf 84' lang='lat' dir='ltr'><strong>nihilominus,</strong></span> 
     </span>
    </p>
   </div>
   <div class='ocr_carea' id='block_1_79' title="bbox 1830 4169 3422 4240">
    <p class='ocr_par' dir='ltr' id='par_1_79' title="bbox 1830 4169 3422 4240">
     <span class='ocr_line' id='line_1_79' title="bbox 1830 4169 3422 4240; baseline 0.002 -18"><span class='ocrx_word' id='word_1_584' title='bbox 1830 4169 1977 4239; x_wconf 90' lang='lat' dir='ltr'><strong>quod</strong></span> <span class='ocrx_word' id='word_1_585' title='bbox 2022 4182 2146 4222; x_wconf 90' lang='lat' dir='ltr'><strong>eum</strong></span> <span class='ocrx_word' id='word_1_586' title='bbox 2200 4184 2231 4221; x_wconf 90' lang='lat' dir='ltr'><strong>a</strong></span> <span class='ocrx_word' id='word_1_587' title='bbox 2272 4169 2580 4225; x_wconf 78' lang='lat' dir='ltr'><strong>munitione</strong></span> <span class='ocrx_word' id='word_1_588' title='bbox 2622 4179 2737 4225; x_wconf 91' lang='lat' dir='ltr'><strong>tum</strong></span> <span class='ocrx_word' id='word_1_589' title='bbox 2769 4186 2796 4223; x_wconf 87' lang='lat' dir='ltr'><strong>a</strong></span> <span class='ocrx_word' id='word_1_590' title='bbox 2837 4171 3081 4240; x_wconf 89' lang='lat' dir='ltr'><strong>peditatu</strong></span> <span class='ocrx_word' id='word_1_591' title='bbox 3111 4171 3280 4227; x_wconf 85' lang='lat' dir='ltr'><strong>habes</strong></span> <span class='ocrx_word' id='word_1_592' title='bbox 3322 4172 3422 4225; x_wconf 82' lang='lat' dir='ltr'><strong>ad-</strong></span> 
     </span>
    </p>
   </div>
   <div class='ocr_carea' id='block_1_80' title="bbox 1825 4260 3418 4331">
    <p class='ocr_par' dir='ltr' id='par_1_80' title="bbox 1825 4260 3418 4331">
     <span class='ocr_line' id='line_1_80' title="bbox 1825 4260 3418 4331; baseline 0.004 -19"><span class='ocrx_word' id='word_1_593' title='bbox 1825 4261 2159 4330; x_wconf 86' lang='lat' dir='ltr'><strong>jumentum,</strong></span> <span class='ocrx_word' id='word_1_594' title='bbox 2211 4274 2307 4315; x_wconf 90' lang='lat' dir='ltr'><strong>eos</strong></span> <span class='ocrx_word' id='word_1_595' title='bbox 2350 4260 2679 4326; x_wconf 83' lang='lat' dir='ltr'><strong>conlundes,</strong></span> <span class='ocrx_word' id='word_1_596' title='bbox 2723 4261 3055 4331; x_wconf 77' lang='lat' dir='ltr'><strong>eﬂiciesque,</strong></span> <span class='ocrx_word' id='word_1_597' title='bbox 3112 4271 3172 4317; x_wconf 90' lang='lat' dir='ltr'><strong>ut</strong></span> <span class='ocrx_word' id='word_1_598' title='bbox 3226 4263 3418 4318; x_wconf 87' lang='lat' dir='ltr'><strong>multis</strong></span> 
     </span>
    </p>
   </div>
   <div class='ocr_carea' id='block_1_81' title="bbox 1831 4349 2943 4415">
    <p class='ocr_par' dir='ltr' id='par_1_81' title="bbox 1831 4349 2943 4415">
     <span class='ocr_line' id='line_1_81' title="bbox 1831 4349 2943 4415; baseline 0.004 -11"><span class='ocrx_word' id='word_1_599' title='bbox 1831 4364 2059 4405; x_wconf 87' lang='lat' dir='ltr'><strong>suorum</strong></span> <span class='ocrx_word' id='word_1_600' title='bbox 2092 4349 2346 4415; x_wconf 89' lang='lat' dir='ltr'><strong>amissis,</strong></span> <span class='ocrx_word' id='word_1_601' title='bbox 2385 4366 2445 4406; x_wconf 90' lang='lat' dir='ltr'><strong>re</strong></span> <span class='ocrx_word' id='word_1_602' title='bbox 2470 4351 2671 4407; x_wconf 82' lang='lat' dir='ltr'><strong>infecta</strong></span> <span class='ocrx_word' id='word_1_603' title='bbox 2694 4354 2943 4408; x_wconf 88' lang='lat' dir='ltr'><strong>redeant.</strong></span> 
     </span>
    </p>
   </div>
   <div class='ocr_carea' id='block_1_82' title="bbox 131 4446 3414 4527">
    <p class='ocr_par' dir='ltr' id='par_1_82' title="bbox 131 4446 3414 4527">
     <span class='ocr_line' id='line_1_82' title="bbox 131 4446 3414 4527; baseline -0.001 -20"><span class='ocrx_word' id='word_1_604' title='bbox 131 4456 582 4527; x_wconf 82' lang='grc' dir='ltr'>ἀντιμαχομένας</span> <span class='ocrx_word' id='word_1_605' title='bbox 615 4472 718 4519; x_wconf 86' lang='grc' dir='ltr'>σοι,</span> <span class='ocrx_word' id='word_1_606' title='bbox 752 4456 891 4524; x_wconf 79' lang='grc' dir='ltr'>ἔχων</span> <span class='ocrx_word' id='word_1_607' title='bbox 922 4453 1020 4520; x_wconf 81' lang='grc' dir='ltr'><strong>τὴν</strong></span> <span class='ocrx_word' id='word_1_608' title='bbox 1050 4452 1145 4506; x_wconf 79' lang='grc' dir='ltr'>τοῦ</span> <span class='ocrx_word' id='word_1_609' title='bbox 1197 4452 1555 4523; x_wconf 84' lang='grc' dir='ltr'>ὀχυρώματος</span> <span class='ocrx_word' id='word_1_610' title='bbox 1621 4449 1876 4520; x_wconf 84' lang='grc' dir='ltr'>βοήθειαν</span> <span class='ocrx_word' id='word_1_611' title='bbox 1914 4446 2012 4500; x_wconf 76' lang='grc' dir='ltr'>καὶ</span> <span class='ocrx_word' id='word_1_612' title='bbox 2044 4446 2156 4500; x_wconf 83' lang='grc' dir='ltr'><strong>τῶν</strong></span> <span class='ocrx_word' id='word_1_613' title='bbox 2223 4448 2427 4512; x_wconf 70' lang='grc' dir='ltr'>πεζῶν,</span> <span class='ocrx_word' id='word_1_614' title='bbox 2496 4449 2675 4513; x_wconf 75' lang='grc' dir='ltr'>οὕτως</span> <span class='ocrx_word' id='word_1_615' title='bbox 2739 4451 3124 4521; x_wconf 85' lang='grc' dir='ltr'>καταισχυνεῖς</span> <span class='ocrx_word' id='word_1_616' title='bbox 3150 4450 3237 4522; x_wconf 89' lang='grc' dir='ltr'><strong>[Ρ.</strong></span> <span class='ocrx_word' id='word_1_617' title='bbox 3288 4451 3414 4522; x_wconf 76' lang='lat' dir='ltr'><strong>Nl]</strong></span> 
     </span>
    </p>
   </div>
   <div class='ocr_carea' id='block_1_83' title="bbox 132 4542 2723 4620">
    <p class='ocr_par' dir='ltr' id='par_1_83' title="bbox 132 4542 2723 4620">
     <span class='ocr_line' id='line_1_83' title="bbox 132 4542 2723 4620; baseline -0.003 -10"><span class='ocrx_word' id='word_1_618' title='bbox 132 4557 351 4620; x_wconf 68' lang='grc' dir='ltr'>αὐτοὺς,</span> <span class='ocrx_word' id='word_1_619' title='bbox 387 4554 484 4606; x_wconf 70' lang='grc' dir='ltr'>καὶ</span> <span class='ocrx_word' id='word_1_620' title='bbox 507 4553 733 4615; x_wconf 72' lang='grc' dir='ltr'>πολλοὺς</span> <span class='ocrx_word' id='word_1_621' title='bbox 767 4552 876 4604; x_wconf 89' lang='grc' dir='ltr'><strong>τῶν</strong></span> <span class='ocrx_word' id='word_1_622' title='bbox 902 4552 1116 4604; x_wconf 75' lang='grc' dir='ltr'>οἰκείων</span> <span class='ocrx_word' id='word_1_623' title='bbox 1138 4550 1511 4612; x_wconf 79' lang='grc' dir='ltr'>ἀποϐαλόντας</span> <span class='ocrx_word' id='word_1_624' title='bbox 1534 4548 1850 4618; x_wconf 78' lang='grc' dir='ltr'>ἀπράκτους</span> <span class='ocrx_word' id='word_1_625' title='bbox 1891 4542 2334 4614; x_wconf 82' lang='grc' dir='ltr'>παρασκευάσεις</span> <span class='ocrx_word' id='word_1_626' title='bbox 2362 4544 2723 4617; x_wconf 82' lang='grc' dir='ltr'>ὑποστρέψαι.</span> 
     </span>
    </p>
   </div>
   <div class='ocr_carea' id='block_1_84' title="bbox 135 4653 1722 4734">
    <p class='ocr_par' dir='ltr' id='par_1_84' title="bbox 135 4663 1718 4734">
     <span class='ocr_line' id='line_1_84' title="bbox 135 4663 1718 4734; baseline -0.003 -13"><span class='ocrx_word' id='word_1_627' title='bbox 135 4671 285 4725; x_wconf 68' lang='grc' dir='ltr'><strong>ΚΕΦ.</strong></span> <span class='ocrx_word' id='word_1_628' title='bbox 312 4671 420 4722; x_wconf 69' lang='lat' dir='ltr'><strong>IA&#39;.</strong></span> <span class='ocrx_word' id='word_1_629' title='bbox 450 4666 587 4734; x_wconf 77' lang='grc' dir='ltr'>Περὶ</span> <span class='ocrx_word' id='word_1_630' title='bbox 610 4665 718 4731; x_wconf 80' lang='grc' dir='ltr'>τῆς</span> <span class='ocrx_word' id='word_1_631' title='bbox 741 4665 1187 4734; x_wconf 79' lang='grc' dir='ltr'>ὑποχωρήσεως</span> <span class='ocrx_word' id='word_1_632' title='bbox 1209 4663 1328 4717; x_wconf 83' lang='grc' dir='ltr'><strong>τῶν</strong></span> <span class='ocrx_word' id='word_1_633' title='bbox 1349 4663 1579 4718; x_wconf 79' lang='grc' dir='ltr'>ἱππέων</span> <span class='ocrx_word' id='word_1_634' title='bbox 1599 4664 1718 4719; x_wconf 79' lang='grc' dir='ltr'><strong>ἀπὸ</strong></span> 
     </span>
    </p>
   </div>
   <div class='ocr_carea' id='block_1_85' title="bbox 1826 4653 3412 4734">
    <p class='ocr_par' dir='ltr' id='par_1_85' title="bbox 1826 4655 3412 4733">
     <span class='ocr_line' id='line_1_85' title="bbox 1826 4655 3412 4733; baseline -0.002 -16"><span class='ocrx_word' id='word_1_635' title='bbox 1826 4661 1957 4717; x_wconf 75' lang='lat' dir='ltr'><strong>CAP.</strong></span> <span class='ocrx_word' id='word_1_636' title='bbox 1992 4655 2136 4711; x_wconf 75' lang='lat' dir='ltr'><strong>XIV.</strong></span> <span class='ocrx_word' id='word_1_637' title='bbox 2168 4656 2246 4711; x_wconf 87' lang='lat' dir='ltr'><strong>De</strong></span> <span class='ocrx_word' id='word_1_638' title='bbox 2269 4659 2504 4713; x_wconf 75' lang='lat' dir='ltr'><strong>discessu</strong></span> <span class='ocrx_word' id='word_1_639' title='bbox 2546 4663 2782 4730; x_wconf 83' lang='lat' dir='ltr'><strong>equitum</strong></span> <span class='ocrx_word' id='word_1_640' title='bbox 2827 4679 2859 4716; x_wconf 88' lang='lat' dir='ltr'><strong>a</strong></span> <span class='ocrx_word' id='word_1_641' title='bbox 2885 4661 3147 4731; x_wconf 77' lang='lat' dir='ltr'><strong>peditatu,</strong></span> <span class='ocrx_word' id='word_1_642' title='bbox 3186 4678 3412 4733; x_wconf 79' lang='lat' dir='ltr'><strong>quocum</strong></span> 
     </span>
    </p>
   </div>
   <div class='ocr_carea' id='block_1_86' title="bbox 384 4736 1472 4805">
    <p class='ocr_par' dir='ltr' id='par_1_86' title="bbox 384 4736 1472 4805">
     <span class='ocr_line' id='line_1_86' title="bbox 384 4736 1472 4805; baseline -0.001 -15"><span class='ocrx_word' id='word_1_643' title='bbox 384 4737 509 4791; x_wconf 78' lang='grc' dir='ltr'><strong>τῶν</strong></span> <span class='ocrx_word' id='word_1_644' title='bbox 541 4736 750 4801; x_wconf 83' lang='grc' dir='ltr'>πεζῶν,</span> <span class='ocrx_word' id='word_1_645' title='bbox 797 4736 1275 4804; x_wconf 63' lang='grc' dir='ltr'>ὁδοιπορούντων</span> <span class='ocrx_word' id='word_1_646' title='bbox 1302 4736 1472 4805; x_wconf 78' lang='grc' dir='ltr'>ὁμοῦ.</span> 
     </span>
    </p>
   </div>
   <div class='ocr_carea' id='block_1_87' title="bbox 199 4843 1713 4925">
    <p class='ocr_par' dir='ltr' id='par_1_87' title="bbox 199 4843 1713 4925">
     <span class='ocr_line' id='line_1_87' title="bbox 199 4843 1713 4925; baseline -0.002 -21"><span class='ocrx_word' id='word_1_647' title='bbox 199 4852 322 4925; x_wconf 83' lang='grc' dir='ltr'>Χρὴ</span> <span class='ocrx_word' id='word_1_648' title='bbox 354 4845 457 4903; x_wconf 68' lang='grc' dir='ltr'>οὖν</span> <span class='ocrx_word' id='word_1_649' title='bbox 484 4848 579 4902; x_wconf 71' lang='grc' dir='ltr'><strong>καὶ</strong></span> <span class='ocrx_word' id='word_1_650' title='bbox 615 4848 770 4901; x_wconf 81' lang='grc' dir='ltr'>τοῦτό</span> <span class='ocrx_word' id='word_1_651' title='bbox 795 4866 855 4900; x_wconf 87' lang='grc' dir='ltr'><strong>σε</strong></span> <span class='ocrx_word' id='word_1_652' title='bbox 879 4848 1145 4919; x_wconf 74' lang='grc' dir='ltr'>ἀκριϐῶς,</span> <span class='ocrx_word' id='word_1_653' title='bbox 1181 4843 1225 4902; x_wconf 81' lang='grc' dir='ltr'><strong>ὦ</strong></span> <span class='ocrx_word' id='word_1_654' title='bbox 1251 4851 1547 4919; x_wconf 71' lang='grc' dir='ltr'>πρατηγέ,</span> <span class='ocrx_word' id='word_1_655' title='bbox 1590 4866 1713 4902; x_wconf 86' lang='grc' dir='ltr'>σκο-</span> 
     </span>
    </p>
   </div>
   <div class='ocr_carea' id='block_1_88' title="bbox 136 4940 1721 5010">
    <p class='ocr_par' dir='ltr' id='par_1_88' title="bbox 136 4940 1721 5010">
     <span class='ocr_line' id='line_1_88' title="bbox 136 4940 1721 5010; baseline -0.001 -16"><span class='ocrx_word' id='word_1_656' title='bbox 136 4948 273 5005; x_wconf 85' lang='grc' dir='ltr'>π;ῖν,</span> <span class='ocrx_word' id='word_1_657' title='bbox 303 4945 407 4998; x_wconf 78' lang='grc' dir='ltr'><strong>καὶ</strong></span> <span class='ocrx_word' id='word_1_658' title='bbox 441 4941 552 4993; x_wconf 90' lang='grc' dir='ltr'><strong>τῶν</strong></span> <span class='ocrx_word' id='word_1_659' title='bbox 575 4940 854 5010; x_wconf 86' lang='grc' dir='ltr'>πολεμίων</span> <span class='ocrx_word' id='word_1_660' title='bbox 884 4941 1305 5009; x_wconf 75' lang='grc' dir='ltr'>ἀγωνιζομὲνων</span> <span class='ocrx_word' id='word_1_661' title='bbox 1334 4942 1608 4994; x_wconf 88' lang='grc' dir='ltr'>διαλαθεῖν</span> <span class='ocrx_word' id='word_1_662' title='bbox 1640 4959 1721 5007; x_wconf 91' lang='grc' dir='ltr'><strong>σε,</strong></span> 
     </span>
    </p>
   </div>
   <div class='ocr_carea' id='block_1_89' title="bbox 136 5032 1724 5107">
    <p class='ocr_par' dir='ltr' id='par_1_89' title="bbox 136 5032 1724 5107">
     <span class='ocr_line' id='line_1_89' title="bbox 136 5032 1724 5107; baseline -0.002 -19"><span class='ocrx_word' id='word_1_663' title='bbox 136 5038 223 5088; x_wconf 71' lang='grc' dir='ltr'><strong>καὶ</strong></span> <span class='ocrx_word' id='word_1_664' title='bbox 244 5035 465 5107; x_wconf 77' lang='grc' dir='ltr'>κοῦρσα</span> <span class='ocrx_word' id='word_1_665' title='bbox 496 5033 869 5094; x_wconf 83' lang='grc' dir='ltr'>ἀποστέλλειν,</span> <span class='ocrx_word' id='word_1_666' title='bbox 904 5034 996 5085; x_wconf 79' lang='grc' dir='ltr'><strong>καὶ</strong></span> <span class='ocrx_word' id='word_1_667' title='bbox 1021 5036 1121 5096; x_wconf 80' lang='grc' dir='ltr'><strong>τὰς</strong></span> <span class='ocrx_word' id='word_1_668' title='bbox 1149 5033 1332 5104; x_wconf 87' lang='grc' dir='ltr'>χώρας</span> <span class='ocrx_word' id='word_1_669' title='bbox 1354 5032 1512 5105; x_wconf 86' lang='grc' dir='ltr'>ήμῶν</span> <span class='ocrx_word' id='word_1_670' title='bbox 1529 5034 1724 5103; x_wconf 79' lang='grc' dir='ltr'>λητσα-</span> 
     </span>
    </p>
   </div>
   <div class='ocr_carea' id='block_1_90' title="bbox 140 5126 1725 5198">
    <p class='ocr_par' dir='ltr' id='par_1_90' title="bbox 140 5126 1725 5198">
     <span class='ocr_line' id='line_1_90' title="bbox 140 5126 1725 5198; baseline -0.001 -18"><span class='ocrx_word' id='word_1_671' title='bbox 140 5131 275 5191; x_wconf 70' lang='grc' dir='ltr'>σθαι,</span> <span class='ocrx_word' id='word_1_672' title='bbox 312 5130 604 5198; x_wconf 84' lang='grc' dir='ltr'>ἄγρυπνον</span> <span class='ocrx_word' id='word_1_673' title='bbox 622 5127 764 5197; x_wconf 82' lang='grc' dir='ltr'>ἒχειν</span> <span class='ocrx_word' id='word_1_674' title='bbox 780 5126 871 5178; x_wconf 81' lang='grc' dir='ltr'><strong>τὸν</strong></span> <span class='ocrx_word' id='word_1_675' title='bbox 900 5126 1025 5180; x_wconf 77' lang='grc' dir='ltr'>νοῦν</span> <span class='ocrx_word' id='word_1_676' title='bbox 1051 5142 1066 5157; x_wconf 93' lang='grc'><strong>·</strong></span> <span class='ocrx_word' id='word_1_677' title='bbox 1104 5128 1175 5196; x_wconf 88' lang='grc' dir='ltr'><strong>μή</strong></span> <span class='ocrx_word' id='word_1_678' title='bbox 1211 5127 1342 5180; x_wconf 89' lang='grc' dir='ltr'>ποτέ</span> <span class='ocrx_word' id='word_1_679' title='bbox 1377 5144 1435 5179; x_wconf 89' lang='grc' dir='ltr'><strong>σε</strong></span> <span class='ocrx_word' id='word_1_680' title='bbox 1461 5131 1491 5196; x_wconf 81' lang='grc' dir='ltr'>ἡ</span> <span class='ocrx_word' id='word_1_681' title='bbox 1513 5128 1725 5181; x_wconf 87' lang='grc' dir='ltr'>ἐπίνοια</span> 
     </span>
    </p>
   </div>
   <div class='ocr_carea' id='block_1_91' title="bbox 137 5218 1723 5293">
    <p class='ocr_par' dir='ltr' id='par_1_91' title="bbox 137 5218 1723 5293">
     <span class='ocr_line' id='line_1_91' title="bbox 137 5218 1723 5293; baseline 0 -20"><span class='ocrx_word' id='word_1_682' title='bbox 137 5222 223 5275; x_wconf 73' lang='grc' dir='ltr'><strong>καὶ</strong></span> <span class='ocrx_word' id='word_1_683' title='bbox 270 5221 500 5293; x_wconf 83' lang='grc' dir='ltr'>μηχανὴ</span> <span class='ocrx_word' id='word_1_684' title='bbox 530 5220 711 5272; x_wconf 77' lang='grc' dir='ltr'>αὐτῶν</span> <span class='ocrx_word' id='word_1_685' title='bbox 738 5218 984 5289; x_wconf 81' lang='grc' dir='ltr'>διαλάθῃ.</span> <span class='ocrx_word' id='word_1_686' title='bbox 1008 5219 1188 5290; x_wconf 85' lang='grc' dir='ltr'>Ὅπερ</span> <span class='ocrx_word' id='word_1_687' title='bbox 1220 5220 1328 5289; x_wconf 85' lang='grc' dir='ltr'>γὰρ</span> <span class='ocrx_word' id='word_1_688' title='bbox 1352 5220 1511 5286; x_wconf 84' lang='grc' dir='ltr'>λέξω,</span> <span class='ocrx_word' id='word_1_689' title='bbox 1539 5220 1635 5273; x_wconf 67' lang='grc' dir='ltr'><strong>καὶ</strong></span> <span class='ocrx_word' id='word_1_690' title='bbox 1665 5223 1723 5274; x_wconf 88' lang='grc' dir='ltr'>ἐν</span> 
     </span>
    </p>
   </div>
   <div class='ocr_carea' id='block_1_92' title="bbox 137 5312 1723 5384">
    <p class='ocr_par' dir='ltr' id='par_1_92' title="bbox 137 5312 1723 5384">
     <span class='ocr_line' id='line_1_92' title="bbox 137 5312 1723 5384; baseline 0.001 -19"><span class='ocrx_word' id='word_1_691' title='bbox 137 5315 308 5377; x_wconf 62' lang='grc' dir='ltr'>ἄλλοις</span> <span class='ocrx_word' id='word_1_692' title='bbox 340 5315 393 5367; x_wconf 88' lang='grc' dir='ltr'>οἱ</span> <span class='ocrx_word' id='word_1_693' title='bbox 423 5313 585 5367; x_wconf 76' lang='grc' dir='ltr'>αὐτοὶ</span> <span class='ocrx_word' id='word_1_694' title='bbox 603 5312 1013 5382; x_wconf 80' lang='grc' dir='ltr'>ἐξειργάσαντο.</span> <span class='ocrx_word' id='word_1_695' title='bbox 1033 5312 1202 5382; x_wconf 80' lang='grc' dir='ltr'>Ὁμοῦ</span> <span class='ocrx_word' id='word_1_696' title='bbox 1224 5314 1333 5384; x_wconf 83' lang='grc' dir='ltr'>γὰρ</span> <span class='ocrx_word' id='word_1_697' title='bbox 1345 5314 1526 5367; x_wconf 80' lang='grc' dir='ltr'>αὐτῶν</span> <span class='ocrx_word' id='word_1_698' title='bbox 1538 5314 1647 5367; x_wconf 87' lang='grc' dir='ltr'><strong>τῶν</strong></span> <span class='ocrx_word' id='word_1_699' title='bbox 1664 5331 1723 5368; x_wconf 87' lang='grc' dir='ltr'><strong>τε</strong></span> 
     </span>
    </p>
   </div>
   <div class='ocr_carea' id='block_1_93' title="bbox 140 5401 1720 5474">
    <p class='ocr_par' dir='ltr' id='par_1_93' title="bbox 140 5401 1720 5474">
     <span class='ocr_line' id='line_1_93' title="bbox 140 5401 1720 5474; baseline 0 -19"><span class='ocrx_word' id='word_1_700' title='bbox 140 5407 345 5458; x_wconf 71' lang='grc' dir='ltr'>ἱππέων</span> <span class='ocrx_word' id='word_1_701' title='bbox 376 5404 480 5457; x_wconf 74' lang='grc' dir='ltr'>καὶ</span> <span class='ocrx_word' id='word_1_702' title='bbox 514 5401 697 5464; x_wconf 78' lang='grc' dir='ltr'>πεζῶν</span> <span class='ocrx_word' id='word_1_703' title='bbox 722 5402 891 5473; x_wconf 82' lang='grc' dir='ltr'>σὺντῇ</span> <span class='ocrx_word' id='word_1_704' title='bbox 913 5404 1191 5474; x_wconf 82' lang='grc' dir='ltr'>ἀποσκευῇ</span> <span class='ocrx_word' id='word_1_705' title='bbox 1212 5404 1256 5435; x_wconf 80' lang='grc'>⁸⁸</span> <span class='ocrx_word' id='word_1_706' title='bbox 1272 5403 1720 5474; x_wconf 85' lang='grc' dir='ltr'>ὁδοιπορούντων,</span> 
     </span>
    </p>
   </div>
   <div class='ocr_carea' id='block_1_94' title="bbox 138 5491 1722 5565">
    <p class='ocr_par' dir='ltr' id='par_1_94' title="bbox 138 5491 1722 5565">
     <span class='ocr_line' id='line_1_94' title="bbox 138 5491 1722 5565; baseline -0.001 -18"><span class='ocrx_word' id='word_1_707' title='bbox 138 5495 309 5560; x_wconf 82' lang='grc' dir='ltr'>καθὼς</span> <span class='ocrx_word' id='word_1_708' title='bbox 325 5498 454 5557; x_wconf 75' lang='grc' dir='ltr'>ταῖς</span> <span class='ocrx_word' id='word_1_709' title='bbox 469 5491 697 5546; x_wconf 73' lang='grc' dir='ltr'>ὄπισθεν</span> <span class='ocrx_word' id='word_1_710' title='bbox 716 5494 811 5547; x_wconf 66' lang='grc' dir='ltr'><strong>καὶ</strong></span> <span class='ocrx_word' id='word_1_711' title='bbox 829 5492 1165 5557; x_wconf 89' lang='grc' dir='ltr'>διελθούσαις</span> <span class='ocrx_word' id='word_1_712' title='bbox 1178 5495 1415 5565; x_wconf 81' lang='grc' dir='ltr'>ἡμέραις</span> <span class='ocrx_word' id='word_1_713' title='bbox 1430 5495 1722 5564; x_wconf 80' lang='grc' dir='ltr'>ἐποίουνξοὶ</span> 
     </span>
    </p>
   </div>
   <div class='ocr_carea' id='block_1_95' title="bbox 2417 4734 2805 4801">
    <p class='ocr_par' dir='ltr' id='par_1_95' title="bbox 2417 4734 2805 4801">
     <span class='ocr_line' id='line_1_95' title="bbox 2417 4734 2805 4801; baseline 0.003 -15"><span class='ocrx_word' id='word_1_714' title='bbox 2417 4735 2519 4786; x_wconf 83' lang='lat' dir='ltr'><strong>iter</strong></span> <span class='ocrx_word' id='word_1_715' title='bbox 2546 4734 2805 4801; x_wconf 78' lang='lat' dir='ltr'><strong>fecerant.</strong></span> 
     </span>
    </p>
   </div>
   <div class='ocr_carea' id='block_1_96' title="bbox 1894 4846 3412 4920">
    <p class='ocr_par' dir='ltr' id='par_1_96' title="bbox 1894 4846 3412 4920">
     <span class='ocr_line' id='line_1_96' title="bbox 1894 4846 3412 4920; baseline 0.001 -20"><span class='ocrx_word' id='word_1_716' title='bbox 1894 4848 2029 4903; x_wconf 89' lang='lat' dir='ltr'><strong>Illud</strong></span> <span class='ocrx_word' id='word_1_717' title='bbox 2089 4864 2331 4920; x_wconf 84' lang='lat' dir='ltr'><strong>quoque,</strong></span> <span class='ocrx_word' id='word_1_718' title='bbox 2388 4864 2421 4903; x_wconf 95' lang='lat' dir='ltr'><strong>o</strong></span> <span class='ocrx_word' id='word_1_719' title='bbox 2456 4848 2588 4912; x_wconf 84' lang='lat' dir='ltr'><strong>dux,</strong></span> <span class='ocrx_word' id='word_1_720' title='bbox 2621 4848 2911 4918; x_wconf 82' lang='lat' dir='ltr'><strong>diligenter</strong></span> <span class='ocrx_word' id='word_1_721' title='bbox 2949 4846 3303 4904; x_wconf 88' lang='lat' dir='ltr'><strong>considerare</strong></span> <span class='ocrx_word' id='word_1_722' title='bbox 3358 4856 3412 4901; x_wconf 90' lang='lat' dir='ltr'><strong>te</strong></span> 
     </span>
    </p>
   </div>
   <div class='ocr_carea' id='block_1_97' title="bbox 1820 4940 3409 5011">
    <p class='ocr_par' dir='ltr' id='par_1_97' title="bbox 1820 4940 3409 5011">
     <span class='ocr_line' id='line_1_97' title="bbox 1820 4940 3409 5011; baseline 0 -18"><span class='ocrx_word' id='word_1_723' title='bbox 1820 4951 2057 5011; x_wconf 88' lang='lat' dir='ltr'><strong>oportet,</strong></span> <span class='ocrx_word' id='word_1_724' title='bbox 2089 4954 2162 5005; x_wconf 91' lang='lat' dir='ltr'><strong>et,</strong></span> <span class='ocrx_word' id='word_1_725' title='bbox 2200 4944 2245 4996; x_wconf 91' lang='lat' dir='ltr'><strong>si</strong></span> <span class='ocrx_word' id='word_1_726' title='bbox 2279 4944 2465 4995; x_wconf 89' lang='lat' dir='ltr'><strong>hostes</strong></span> <span class='ocrx_word' id='word_1_727' title='bbox 2498 4940 2765 4994; x_wconf 90' lang='lat' dir='ltr'><strong>insciente</strong></span> <span class='ocrx_word' id='word_1_728' title='bbox 2798 4947 2848 4993; x_wconf 90' lang='lat' dir='ltr'><strong>te</strong></span> <span class='ocrx_word' id='word_1_729' title='bbox 2882 4942 3216 5009; x_wconf 72' lang='lat' dir='ltr'><strong>praedatores</strong></span> <span class='ocrx_word' id='word_1_730' title='bbox 3246 4941 3409 4995; x_wconf 90' lang='lat' dir='ltr'><strong>emit-</strong></span> 
     </span>
    </p>
   </div>
   <div class='ocr_carea' id='block_1_98' title="bbox 1824 5031 3412 5104">
    <p class='ocr_par' dir='ltr' id='par_1_98' title="bbox 1824 5031 3412 5104">
     <span class='ocr_line' id='line_1_98' title="bbox 1824 5031 3412 5104; baseline 0 -17"><span class='ocrx_word' id='word_1_731' title='bbox 1824 5044 1958 5097; x_wconf 89' lang='lat' dir='ltr'><strong>tere,</strong></span> <span class='ocrx_word' id='word_1_732' title='bbox 2014 5034 2436 5104; x_wconf 89' lang='lat' dir='ltr'><strong>provinciasque</strong></span> <span class='ocrx_word' id='word_1_733' title='bbox 2474 5041 2694 5087; x_wconf 84' lang='lat' dir='ltr'><strong>nostras</strong></span> <span class='ocrx_word' id='word_1_734' title='bbox 2742 5031 2989 5101; x_wconf 90' lang='lat' dir='ltr'><strong>populari</strong></span> <span class='ocrx_word' id='word_1_735' title='bbox 3034 5032 3277 5097; x_wconf 86' lang='lat' dir='ltr'><strong>student,</strong></span> <span class='ocrx_word' id='word_1_736' title='bbox 3326 5032 3412 5087; x_wconf 90' lang='lat' dir='ltr'><strong>in-</strong></span> 
     </span>
    </p>
   </div>
   <div class='ocr_carea' id='block_1_99' title="bbox 1825 5123 3408 5181">
    <p class='ocr_par' dir='ltr' id='par_1_99' title="bbox 1825 5123 3408 5181">
     <span class='ocr_line' id='line_1_99' title="bbox 1825 5123 3408 5181; baseline 0 -3"><span class='ocrx_word' id='word_1_737' title='bbox 1825 5134 2028 5181; x_wconf 88' lang='lat' dir='ltr'><strong>tentam</strong></span> <span class='ocrx_word' id='word_1_738' title='bbox 2082 5126 2284 5181; x_wconf 88' lang='lat' dir='ltr'><strong>habere</strong></span> <span class='ocrx_word' id='word_1_739' title='bbox 2343 5134 2579 5179; x_wconf 90' lang='lat' dir='ltr'><strong>mentem</strong></span> <span class='ocrx_word' id='word_1_740' title='bbox 2616 5143 2629 5179; x_wconf 86' lang='lat'>:</span> <span class='ocrx_word' id='word_1_741' title='bbox 2665 5140 2733 5179; x_wconf 92' lang='lat' dir='ltr'><strong>ne</strong></span> <span class='ocrx_word' id='word_1_742' title='bbox 2778 5124 2921 5179; x_wconf 82' lang='lat' dir='ltr'><strong>forte</strong></span> <span class='ocrx_word' id='word_1_743' title='bbox 2977 5124 3073 5178; x_wconf 90' lang='lat' dir='ltr'><strong>tibi</strong></span> <span class='ocrx_word' id='word_1_744' title='bbox 3114 5123 3408 5179; x_wconf 86' lang='lat' dir='ltr'><strong>consilium</strong></span> 
     </span>
    </p>
   </div>
   <div class='ocr_carea' id='block_1_100' title="bbox 1821 5215 3409 5289">
    <p class='ocr_par' dir='ltr' id='par_1_100' title="bbox 1821 5215 3409 5289">
     <span class='ocr_line' id='line_1_100' title="bbox 1821 5215 3409 5289; baseline 0 -18"><span class='ocrx_word' id='word_1_745' title='bbox 1821 5227 2303 5289; x_wconf 89' lang='lat' dir='ltr'><strong>commentumque</strong></span> <span class='ocrx_word' id='word_1_746' title='bbox 2356 5233 2547 5273; x_wconf 87' lang='lat' dir='ltr'><strong>eorum</strong></span> <span class='ocrx_word' id='word_1_747' title='bbox 2589 5218 2777 5272; x_wconf 87' lang='lat' dir='ltr'><strong>lateat.</strong></span> <span class='ocrx_word' id='word_1_748' title='bbox 2827 5215 2963 5271; x_wconf 86' lang='lat' dir='ltr'><strong>Nam</strong></span> <span class='ocrx_word' id='word_1_749' title='bbox 2991 5217 3136 5286; x_wconf 93' lang='lat' dir='ltr'><strong>quod</strong></span> <span class='ocrx_word' id='word_1_750' title='bbox 3158 5218 3409 5271; x_wconf 83' lang='lat' dir='ltr'><strong>dicturus</strong></span> 
     </span>
    </p>
   </div>
   <div class='ocr_carea' id='block_1_101' title="bbox 1819 5306 3405 5381">
    <p class='ocr_par' dir='ltr' id='par_1_101' title="bbox 1819 5306 3405 5381">
     <span class='ocr_line' id='line_1_101' title="bbox 1819 5306 3405 5381; baseline -0.003 -16"><span class='ocrx_word' id='word_1_751' title='bbox 1819 5324 1965 5376; x_wconf 84' lang='lat' dir='ltr'><strong>sum,</strong></span> <span class='ocrx_word' id='word_1_752' title='bbox 2032 5312 2194 5365; x_wconf 91' lang='lat' dir='ltr'><strong>iidem</strong></span> <span class='ocrx_word' id='word_1_753' title='bbox 2246 5311 2372 5365; x_wconf 89' lang='lat' dir='ltr'><strong>alibi</strong></span> <span class='ocrx_word' id='word_1_754' title='bbox 2425 5325 2647 5380; x_wconf 89' lang='lat' dir='ltr'><strong>quoque</strong></span> <span class='ocrx_word' id='word_1_755' title='bbox 2708 5317 3082 5381; x_wconf 89' lang='lat' dir='ltr'><strong>patraverunt.</strong></span> <span class='ocrx_word' id='word_1_756' title='bbox 3146 5306 3405 5379; x_wconf 88' lang='lat' dir='ltr'><strong>Equitatu</strong></span> 
     </span>
    </p>
   </div>
   <div class='ocr_carea' id='block_1_102' title="bbox 1820 5398 3406 5473">
    <p class='ocr_par' dir='ltr' id='par_1_102' title="bbox 1820 5398 3406 5473">
     <span class='ocr_line' id='line_1_102' title="bbox 1820 5398 3406 5473; baseline -0.003 -18"><span class='ocrx_word' id='word_1_757' title='bbox 1820 5412 1986 5472; x_wconf 89' lang='lat' dir='ltr'><strong>atque</strong></span> <span class='ocrx_word' id='word_1_758' title='bbox 2010 5403 2251 5473; x_wconf 87' lang='lat' dir='ltr'><strong>peditatu</strong></span> <span class='ocrx_word' id='word_1_759' title='bbox 2291 5417 2481 5456; x_wconf 87' lang='lat' dir='ltr'><strong>eorum</strong></span> <span class='ocrx_word' id='word_1_760' title='bbox 2532 5418 2655 5456; x_wconf 90' lang='lat' dir='ltr'><strong>cum</strong></span> <span class='ocrx_word' id='word_1_761' title='bbox 2690 5399 3093 5471; x_wconf 89' lang='lat' dir='ltr'><strong>impedimentis</strong></span> <span class='ocrx_word' id='word_1_762' title='bbox 3141 5413 3247 5453; x_wconf 88' lang='lat' dir='ltr'><strong>una</strong></span> <span class='ocrx_word' id='word_1_763' title='bbox 3300 5398 3406 5452; x_wconf 83' lang='lat' dir='ltr'><strong>iter</strong></span> 
     </span>
    </p>
   </div>
   <div class='ocr_carea' id='block_1_103' title="bbox 1824 5490 3405 5566">
    <p class='ocr_par' dir='ltr' id='par_1_103' title="bbox 1824 5490 3405 5566">
     <span class='ocr_line' id='line_1_103' title="bbox 1824 5490 3405 5566; baseline -0.003 -17"><span class='ocrx_word' id='word_1_764' title='bbox 1824 5495 2080 5560; x_wconf 81' lang='lat' dir='ltr'><strong>faciente,</strong></span> <span class='ocrx_word' id='word_1_765' title='bbox 2115 5494 2580 5566; x_wconf 87' lang='lat' dir='ltr'><strong>quemadmodum</strong></span> <span class='ocrx_word' id='word_1_766' title='bbox 2619 5503 2777 5549; x_wconf 88' lang='lat' dir='ltr'><strong>antea</strong></span> <span class='ocrx_word' id='word_1_767' title='bbox 2822 5492 3127 5561; x_wconf 89' lang='lat' dir='ltr'><strong>diebusque</strong></span> <span class='ocrx_word' id='word_1_768' title='bbox 3158 5490 3405 5560; x_wconf 85' lang='lat' dir='ltr'><strong>superio-</strong></span> 
     </span>
    </p>
   </div>
   <div class='ocr_carea' id='block_1_104' title="bbox 1341 5648 2292 5708">
    <p class='ocr_par' dir='ltr' id='par_1_104' title="bbox 1341 5648 2292 5708">
     <span class='ocr_line' id='line_1_104' title="bbox 1341 5648 2292 5708; baseline -0.005 -1"><span class='ocrx_word' id='word_1_769' title='bbox 1341 5652 1405 5708; x_wconf 87' lang='lat' dir='ltr'><strong>C.</strong></span> <span class='ocrx_word' id='word_1_770' title='bbox 1437 5653 1497 5708; x_wconf 88' lang='lat' dir='ltr'><strong>B.</strong></span> <span class='ocrx_word' id='word_1_771' title='bbox 1529 5651 1705 5706; x_wconf 82' lang='lat' dir='ltr'><strong>HASll</strong></span> <span class='ocrx_word' id='word_1_772' title='bbox 1734 5648 2292 5705; x_wconf 64' lang='lat' dir='ltr'><strong>ANNOTA&#39;I‘lONES.</strong></span> 
     </span>
    </p>
   </div>
   <div class='ocr_carea' id='block_1_105' title="bbox 211 5764 1722 5845">
    <p class='ocr_par' dir='ltr' id='par_1_105' title="bbox 211 5770 1702 5841">
     <span class='ocr_line' id='line_1_105' title="bbox 211 5770 1702 5841; baseline 0.001 -16"><span class='ocrx_word' id='word_1_773' title='bbox 211 5776 249 5807; x_wconf 71' lang='grc' dir='ltr'><strong>ἰ</strong></span> <span class='ocrx_word' id='word_1_774' title='bbox 275 5773 483 5841; x_wconf 79' lang='grc' dir='ltr'>μελίων</span> <span class='ocrx_word' id='word_1_775' title='bbox 510 5770 591 5837; x_wconf 79' lang='grc' dir='ltr'>ἒξ,</span> <span class='ocrx_word' id='word_1_776' title='bbox 621 5775 714 5827; x_wconf 74' lang='grc' dir='ltr'><strong>καὶ</strong></span> <span class='ocrx_word' id='word_1_777' title='bbox 733 5774 883 5828; x_wconf 85' lang='grc' dir='ltr'>δέκα.</span> <span class='ocrx_word' id='word_1_778' title='bbox 914 5783 1078 5831; x_wconf 76' lang='lat' dir='ltr'><strong>rorte</strong></span> <span class='ocrx_word' id='word_1_779' title='bbox 1108 5775 1322 5833; x_wconf 86' lang='lat' dir='ltr'><strong>sublato</strong></span> <span class='ocrx_word' id='word_1_780' title='bbox 1351 5786 1621 5830; x_wconf 84' lang='lat' dir='ltr'><strong>commate</strong></span> <span class='ocrx_word' id='word_1_781' title='bbox 1651 5774 1702 5828; x_wconf 88' lang='lat' dir='ltr'><strong>in</strong></span> 
     </span>
    </p>
   </div>
   <div class='ocr_carea' id='block_1_106' title="bbox 1826 5764 2642 5845">
    <p class='ocr_par' dir='ltr' id='par_1_106' title="bbox 1826 5764 2642 5837">
     <span class='ocr_line' id='line_1_106' title="bbox 1826 5764 2642 5837; baseline -0.013 -8"><span class='ocrx_word' id='word_1_782' title='bbox 1826 5788 1929 5837; x_wconf 69' lang='lat' dir='ltr'><strong>aco,</strong></span> <span class='ocrx_word' id='word_1_783' title='bbox 1960 5772 2028 5825; x_wconf 77' lang='lat' dir='ltr'><strong>ad</strong></span> <span class='ocrx_word' id='word_1_784' title='bbox 2056 5764 2128 5824; x_wconf 74' lang='grc' dir='ltr'>Μ.</span> <span class='ocrx_word' id='word_1_785' title='bbox 2156 5768 2204 5823; x_wconf 80' lang='grc' dir='ltr'><strong><em>Χ</em></strong></span> <span class='ocrx_word' id='word_1_786' title='bbox 2225 5768 2318 5834; x_wconf 70' lang='lat' dir='ltr'><strong>Vl,</strong></span> <span class='ocrx_word' id='word_1_787' title='bbox 2347 5780 2438 5823; x_wconf 85' lang='lat' dir='ltr'><strong>aut</strong></span> <span class='ocrx_word' id='word_1_788' title='bbox 2486 5770 2642 5823; x_wconf 83' lang='lat' dir='ltr'><strong>ultra.</strong></span> 
     </span>
    </p>
   </div>
   <div class='ocr_carea' id='block_1_107' title="bbox 140 5845 289 5901">
    <p class='ocr_par' dir='ltr' id='par_1_107' title="bbox 140 5845 289 5901">
     <span class='ocr_line' id='line_1_107' title="bbox 140 5845 289 5901; baseline 0.007 -4"><span class='ocrx_word' id='word_1_789' title='bbox 140 5845 289 5901; x_wconf 70' lang='lat' dir='ltr'><strong>cedd.</strong></span> 
     </span>
    </p>
   </div>
   <div class='ocr_carea' id='block_1_108' title="bbox 2725 5756 3405 5827">
    <p class='ocr_par' dir='ltr' id='par_1_108' title="bbox 2725 5756 3405 5827">
     <span class='ocr_line' id='line_1_108' title="bbox 2725 5756 3405 5827; baseline -0.012 -10"><span class='ocrx_word' id='word_1_790' title='bbox 2725 5767 2769 5798; x_wconf 81' lang='grc'>⁸⁸</span> <span class='ocrx_word' id='word_1_791' title='bbox 2796 5765 2892 5820; x_wconf 79' lang='grc' dir='ltr'>σὺν</span> <span class='ocrx_word' id='word_1_792' title='bbox 2925 5763 3022 5826; x_wconf 73' lang='grc' dir='ltr'>τῖις</span> <span class='ocrx_word' id='word_1_793' title='bbox 3092 5756 3405 5827; x_wconf 70' lang='grc' dir='ltr'>ἀποσκευῆς</span> 
     </span>
    </p>
   </div>
  </div>
