4178 6522
754 448 853 510 9υ7

2016 433 2433 494 NICEI‘HORI
2475 431 2737 494 l’llOCJi

3902 428 4010 494 968

756 560 907 612 ribus
936 558 1199 614 fecerunt,
1226 553 1267 606 si
1293 551 1384 620 qui
1423 549 1724 619 praedatum
1756 548 1903 601 exire
1927 547 2137 611 volunt,
2170 544 2334 616 219

2445 547 2514 609 εἰς
2534 545 2743 616 κοῦρσα
2767 543 3017 609 ἐξελάσαι
3037 541 3373 614 βουλόμενοι,
3395 541 3558 613 ἡνίκα
3590 542 3724 612 πρὸς
3749 542 3966 613 δυσμάς
3985 546 4017 599 ὁ

754 650 869 703 sole
915 649 981 702 ad
1053 659 1305 699 occasum
1364 650 1650 711 vergente;
1720 638 2102 708 impedimenta
2139 652 2326 692 eorum

754 742 1083 806 calonesque
1116 750 1331 798 omnes,
1382 749 1507 788 cum
1553 732 1790 802 peditatu
1839 740 2004 799 atque
2051 728 2330 798 equitibus

757 832 981 886 armatis
1023 830 1087 882 ad
1137 827 1451 897 praesidiun:
1491 839 1680 877 eorum
1740 822 1965 885 relictis,
2017 820 2330 875 constitutis

757 919 1123 974 tabernaculis
1164 934 1316 969 more
1344 931 1442 969 suo
1491 913 1797 967 consident.
1825 911 1927 977 Qui
1984 926 2112 965 vero
2158 909 2331 979 parati

754 1022 883 1065 sunt
916 1012 980 1064 ad
1036 1011 1402 1064 incursionem
1451 1005 1794 1069 faciendam,
1837 1002 2196 1073 popularique
2245 1018 2331 1055 re-

756 1106 946 1170 giones
972 1108 1188 1152 uestras
1210 1094 1635 1156 constituerunt,
1666 1110 1731 1145 ne
1762 1090 1935 1160 pulvis
1971 1103 2158 1143 eorum
2180 1089 2331 1142 cerni

760 1193 949 1264 possit,
989 1192 1132 1245 circa
1166 1203 1346 1244 serum
1393 1187 1497 1241 diei
1538 1186 1832 1256 prwdatum
1883 1182 2327 1252 proficiscuntur.

757 1271 921 1347 Tum,
964 1285 1056 1352 qui
1116 1281 1500 1350 speculaturos
1548 1286 1627 1330 est
1655 1286 1834 1330 castra
1876 1272 2115 1328 hostium
2144 1312 2157 1335 ,
2217 1272 2332 1326 sive

760 1377 1066 1430 turmarcha
1098 1376 1187 1438 sit,
1226 1375 1342 1428 sive
1368 1373 1504 1426 alius
1530 1369 1841 1439 praefectus,
1880 1382 2001 1420 eum
2037 1380 2200 1418 manu
2230 1380 2330 1419 sua

758 1483 1105 1536 progressus,
1138 1467 1363 1535 prepius
1414 1458 1673 1518 accedere
1703 1462 1859 1515 debet
1891 1460 1954 1513 ad
2007 1459 2208 1522 locum,
2243 1459 2333 1512 ubi

758 1560 1142 1614 consederunt.
1173 1560 1394 1619 Postea,
1418 1555 1657 1610 tenebris
1682 1555 1793 1622 jam
1822 1552 2015 1607 offusis
2042 1593 2055 1615 ,
2088 1551 2154 1605 de
2182 1566 2334 1605 more

756 1653 986 1708 ulterius
1010 1654 1171 1706 etiam
1196 1650 1434 1720 provecti
1472 1648 1905 1716 appropinquent
1935 1644 2185 1697 tentoriis
2215 1643 2334 1695 illo-

758 1761 899 1809 rum,
932 1754 1054 1813 post
1084 1744 1315 1811 primam
1353 1739 1435 1792 vel
1472 1738 1765 1793 secundani
1810 1737 1998 1795 horam
2033 1733 2230 1788 noctis.
2265 1733 2334 1786 At

758 1838 803 1890 si
849 1836 1058 1903 equites
1102 1833 1340 1888 hostium
1387 1847 1495 1885 non
1542 1830 1778 1899 amplius
1822 1834 1949 1882 sunt
2007 1825 2061 1879 in
2114 1827 2331 1888 castris,

2436 637 2588 705 ἥλιος
2608 636 2945 708 καταντήσῃ,
2964 636 2997 701 ἡ
3033 634 3132 704 μὲν
3154 633 3433 703 ἀποσκευὴ
3461 632 3639 686 αὐτῶν
3663 633 3760 687 καὶ
3781 633 3939 686 ἆπαν
3956 635 4018 686 τί,

2435 728 2767 798 ὑπουργικὸν
2788 728 2884 778 σὺν
2906 726 2983 795 τῷ
3007 724 3157 794 πεζῷ
3186 724 3363 794 τούτῳ
3386 724 3753 793 στρατεύματι
3776 725 3873 776 καὶ
3905 725 4017 786 τοῖς

2432 818 2515 880 είς
2549 816 2797 885 φυλακὴν
2849 816 3029 868 αὐτῶν
3061 812 3632 883 καταλιμπανομὲνοις
3652 812 3779 863 πολε
3791 813 4017 881 μισταῖς

2438 905 2665 958 ίππτῦσι
2690 905 2788 967 τὰς
2819 905 3022 973 σκηνάς
3044 903 3365 973 πηξάμενοι,
3393 903 3466 964 ὠς
3486 901 3605 964 ἔθος
3624 902 3809 965 αὐτοῖς
3832 901 4021 971 ἀπληο

2434 995 2708 1048 κεύουσιν.
2743 996 2805 1047 (ll
2835 995 2890 1047 δὲ
2929 996 3007 1056 εἰς
3035 994 3265 1064 κοῦρσον
3300 992 3741 1061 ἑτοιμασυέντες,
3772 991 3867 1044 καὶ
3919 991 4023 1051 τάς

2434 1086 2709 1156 ἡμετέρας
2738 1084 2918 1155 χώρας
2948 1084 3319 1153 καταδραμεῖν
3334 1082 3671 1151 βουλόμενοι,
3698 1082 3834 1151 πρὶις
3852 1081 3920 1133 τὸ
3947 1082 4023 1150 μὴ

2434 1176 2710 1245 κονιορτὸν
2730 1174 2907 1228 αὐτῶν
2928 1173 3184 1242 φανῆναι,
3205 1174 3346 1242 ἀμφὶ
3360 1173 3540 1243 δείλην
3558 1171 3715 1240 ὀψίαν
3733 1171 3868 1241 πρὸς
3889 1171 3989 1223 κοῦ

2439 1283 2563 1335 ρσον
2596 1266 2835 1336 ὁρμῶσι.
2863 1266 2953 1336 Τῷ
2972 1266 3027 1318 δὲ
3062 1267 3397 1333 παραμεῖναι
3436 1265 3705 1332 ὀφείλοντι
3727 1264 3772 1294 ⁵⁸
3800 1263 3882 1333 τῷ
3912 1263 4025 1314 τιίν

2437 1356 2709 1425 πολεμίων
2725 1356 3017 1425 φωσσάτῳ,
3030 1354 3136 1406 εἴτε
3153 1354 3467 1424 τουρμάρχη
3512 1354 3657 1405 ἐστὶν
3672 1352 3742 1415 εί,
3761 1350 3810 1403 θ’
3829 1352 4025 1420 ἔτερος

2439 1448 2643 1517 ἄρχων,
2678 1447 2816 1516 μετὰ
2844 1447 2935 1499 τοῦ
2968 1447 3098 1499 λαοῦ
3128 1447 3292 1499 αὐτοῦ
3325 1448 3621 1517 ἐρχόμενον
3647 1446 3752 1517 χρὴ
3783 1446 4023 1515 πλησιαο

2439 1556 2526 1591 σαι
2562 1537 2639 1607 τῷ
2688 1539 2860 1608 τόπῳ,
2896 1539 2953 1590 ὲν
3054 1538 3383 1600 αὐλίζονται.
3427 1538 3665 1605 Ἐπειδὴ,
3696 1540 3795 1605 τῆς
3828 1537 4024 1597 νυκτὸς

2437 1629 2990 1701 καταλαμϐανούσης,
3035 1631 3313 1699 ὀφείλουσι
3352 1632 3473 1685 τότε
3539 1632 3680 1685 κατὰ
3726 1631 3787 1684 τὸ
3824 1631 4025 1692 εἰωθὸς

2437 1722 2779 1793 είσέρχεσθαι
2819 1720 2868 1752 ⁸⁷
2908 1724 3004 1775 καὶ
3038 1724 3357 1791 πλησιάζειν
3387 1724 3503 1782 ταῖς
3546 1725 3769 1787 σκηναῖς
3811 1722 4021 1785 αὐτῶν,

2442 1816 2578 1885 μετὰ
2610 1815 2836 1885 πρώτην
2869 1814 3077 1884 ὥρανῆ
3115 1817 3208 1866 καὶ
3232 1815 3491 1885 δευτέραν
3523 1816 3620 1884 τῆς
3652 1816 3874 1877 νυκτός.
3910 1816 4026 1868 Καὶ

754 1930 979 1997 jamque
1010 1926 1260 1980 exierunt
1287 1923 1613 1994 pra-datum,
1661 1922 1774 1976 fieri
1822 1935 1953 1973 sane
1995 1934 2100 1972 non
2136 1927 2334 1987 petest,

2445 1908 2533 1960 ἐὰν
2564 1908 2661 1977 οὐχ
2695 1908 3005 1977 εὑρήσωσιν
3039 1908 3095 1959 ἐν
3118 1906 3194 1976 τῷ
3242 1907 3506 1977 ἁπλήκτῳ
3536 1908 3663 1969 τοὺς
3703 1906 3814 1959 τῶν
3856 1907 4025 1959 πολεο

763 2028 819 2071 ιιι
856 2015 1118 2086 pra-fecti,
1141 2014 1341 2083 quibus
1387 2010 1699 2064 observatio
1728 2008 1932 2064 credita
1976 2016 2080 2071 est,
2112 2009 2161 2061 id
2193 2019 2339 2062 recte

760 2106 1108 2175 perspiciant,
1136 2103 1531 2170 veritatemque
1555 2099 1680 2153 duci
1721 2099 2058 2161 renuntient,
2080 2097 2182 2152 nisi
2217 2096 2328 2161 illo,

758 2213 917 2267 quetn
952 2195 1156 2249 docebo
1179 2236 1192 2260 ,
1233 2192 1418 2247 modo.
1460 2190 1683 2261 Oportet
1717 2190 1808 2259 qui
1853 2189 2093 2258 quotidie
2146 2188 2211 2241 ad
2240 2188 2339 2241 ob-

758 2288 1121 2343 servationem
1161 2286 1486 2349 mitluntur;
1547 2294 1603 2337 ut
1634 2300 1697 2335 ex
1731 2283 1795 2336 iis
1822 2322 1835 2344 ,
1868 2283 1957 2350 qui
1992 2280 2182 2334 diebus
2215 2295 2336 2349 pro-

763 2381 906 2435 xime
940 2377 1317 2449 superim-ihus
1362 2385 1543 2429 castra
1616 2374 1880 2443 spemilati
1950 2371 2089 2436 sint,
2135 2385 2340 2440 perque

764 2473 1059 2541 quadrigas
1089 2468 1460 2531 constiterint,
1489 2466 1945 2537 quemadmodum
1976 2464 2227 2533 Superius
2254 2464 2343 2518 de-

763 2564 1212 2627 monstravimus,
1251 2562 1389 2615 duos
1431 2558 1795 2629 peritissimos
1826 2567 1987 2625 atque
2010 2555 2343 2611 fortissimos

762 2655 1001 2718 illorum,
1040 2654 1132 2723 qui
1167 2651 1509 2721 speculatum
1555 2650 1695 2703 mitti
1737 2649 1951 2711 solent,
1980 2662 2008 2702 a
2038 2648 2175 2701 duce
2198 2646 2344 2700 acci-

762 2746 911 2816 piant
944 2762 957 2798 :
992 2758 1101 2812 quo
1126 2748 1379 2794 accurate
1423 2739 1487 2792 ab
1519 2738 1601 2792 his
1630 2738 1992 2802 edoceantur,
2023 2736 2153 2806 quid
2193 2737 2344 2806 quis-

761 2852 867 2908 que
891 2835 1042 2905 prius
1073 2834 1239 2904 egerit
1264 2840 1426 2900 atque
1458 2830 1674 2884 viderit.
1708 2826 1817 2884 llos
1846 2828 1983 2884 duos
2015 2828 2068 2882 in
2103 2828 2341 2897 aliquam

764 2941 829 2981 ex
862 2933 1095 2994 quatuor
1140 2919 1423 2990 quadrigis
1476 2926 1725 2987 receptos
1766 2917 2082 2971 turmarcha
2118 2916 2183 2969 ad
2220 2929 2345 2984 spe-

766 3014 1057 3067 culandum
1116 3010 1324 3063 ratione
1360 3007 1523 3076 220
1545 3015 1669 3060 ante
1690 3006 1936 3076 exposita
1961 3006 2222 3069 dimittat,
2263 3014 2343 3067 ut,

764 3107 960 3161 castris
988 3103 1512 3173 appropinquantes,
1571 3114 1733 3153 voces
1786 3097 2028 3152 hostium
2080 3097 2347 3167 jumento-

2444 2001 2582 2071 μίων
2615 2004 2821 2065 ἱππεῖς,
2849 2001 2934 2051 διὰ
2966 2000 3024 2052 τὸ
3063 2001 3165 2071 ἤδη
3191 2002 3387 2063 αὐτοὺς
3415 2003 3495 2063 εἰς
3544 2000 3777 2072 κοῦρσον
3812 2018 4024 2072 πορεν·

2442 2094 2621 2163 θῆναι,
2656 2097 2756 2147 οὐκ
2786 2093 2898 2146 ἔστι
2935 2093 3158 2146 δυνατὸν
3222 2094 3394 2155 ἄλλως
3445 2094 3687 2156 τούτους,
3744 2094 3873 2155 τοὺς
3926 2095 4028 2162 τὴν

2441 2185 2770 2256 παραμονὴν
2796 2186 3260 2256 πεπιστευμένους
3282 2187 3567 2255 ἄρχοντας,
3592 2185 3750 2238 τοῦτο
3773 2184 4027 2256 ἀκριϐῶς

2441 2280 2759 2347 διαγνῶναι,
2790 2280 2882 2331 καὶ
2911 2278 2988 2348 τῷ
3025 2279 3314 2350 στρατηγῷ
3348 2279 3408 2330 τὸ
3454 2277 3652 2346 ἀληθὲς
3706 2278 4029 2347 καταμηνὰ

2444 2388 2555 2435 σαι,
2605 2371 2653 2424 εί
2687 2372 2761 2441 μὴ
2804 2370 2976 2435 οὕτως
3030 2372 3105 2433 ὡς
3157 2369 3317 2436 λέξω.
3356 2372 3447 2422 Δεῖ
3485 2368 3672 2423 τοίνυν
3724 2370 3852 2431 τοὺς
3899 2365 4031 2421 καθ’

2444 2463 2680 2533 ἑκάστην
2708 2464 2921 2534 ἡμέραν
2946 2464 3083 2534 πρὸς
3115 2464 3443 2533 παραμονὴν
3484 2460 4020 2529 ἀποστελλομένους,

2443 2555 2508 2608 ὲκ
2535 2556 2643 2608 τῶν
2667 2556 3125 2626 παραμεινάντων
3173 2555 3273 2617 τὰς
3303 2552 3528 2606 ὄπισθεν
3566 2553 3659 2606 καὶ
3700 2551 4028 2615 διελθούσας

2445 2650 2660 2719 ἡμέρας
2688 2648 2749 2699 τὸ
2786 2647 3093 2715 φωσσάτον,
3126 2646 3221 2699 καὶ
3263 2648 3342 2708 εἰς
3381 2644 3638 2713 τετράδια
3669 2647 4026 2712 ἱσταμένοις,

2445 2737 2627 2802 καθὼς
2656 2738 2915 2806 ἀνωτέρω
2953 2737 3278 2806 εἰρήκαμεν,
3312 2735 3406 2787 δύο
3441 2734 3500 2798 ἐξ
3551 2734 3728 2785 αὐτῶν
3758 2734 4031 2803 ἐμπειρο-

2444 2830 2638 2892 τάτους
2672 2830 2766 2882 καὶ
2790 2828 3067 2899 ἀνδρείους
3096 2827 3203 2880 τῶν
3232 2830 3309 2890 είς
3357 2827 3455 2895 τὴν
3487 2825 3816 2896 παραμονὴν
3848 2828 4027 2895 amp-

2447 2923 2691 2993 χομένων
2716 2921 2869 2990 παρά
2893 2919 2987 2973 τοῦ
3022 2917 3331 2990 στρατηγοῦ
3355 2916 3597 2988 λαμϐάνε
3609 2935 3656 2968 ιν
3680 2931 3693 2946 ο
3722 2916 3809 2968 ἴνα
3841 2916 4025 2979 καλῶς

2448 3012 2578 3081 παρ’
2607 3010 2785 3063 αὐτῶν
2818 3010 3306 3071 ἀναδιδάσκωνται,
3350 3002 3437 3059 οἷα
3474 3007 3744 3077 πρότερον
3773 3008 4025 3059 κάκεῖνοι

2447 3106 2760 3175 ὲνήργησαν
2801 3104 2893 3157 καὶ
2917 3102 3234 3157 ἐθεάσαντο.
3274 3102 3479 3162 Αὐτοὺς
3504 3101 3558 3153 δὲ
3588 3102 3714 3163 τοὺς
3760 3101 3859 3153 δύο
3892 3103 4025 3153 ἀνα-

766 3214 996 3267 rumque
1031 3196 1303 3250 hinnitum
1351 3192 1677 3247 auscultent.
1714 3188 1787 3244 lbi
1840 3189 1949 3243 duo
2003 3189 2079 3243 illi
2120 3189 2338 3252 milites,

2453 3199 2612 3271 μίξας
2644 3198 2724 3249 ἑνὶ
2753 3195 2860 3247 τῶν
2889 3194 2973 3267 [Ρ.
3013 3192 3136 3264 14⁸2]
3168 3194 3449 3263 τεσσάρων
3480 3192 3777 3261 τετραδίων
3806 3196 3835 3245 ὀ
3862 3210 4022 3263 τουρ-

765 3292 854 3359 qui
885 3290 997 3358 jam
1042 3287 1195 3356 prius
1218 3285 1403 3339 hostes
1435 3284 1487 3337 in
1513 3284 1635 3337 aliis
1658 3283 1853 3338 castris
1882 3282 2334 3347 observaverunt,

768 3379 1035 3433 universis
1059 3392 1249 3431 eorum
1277 3375 1452 3445 copiis
1512 3389 1619 3427 una
1665 3373 2034 3438 tendentibus,
2088 3382 2342 3442 peteruut

764 3487 888 3524 cum
918 3486 980 3522 ex
1026 3468 1242 3521 fremitu
1301 3467 1640 3535 strepituque
1688 3464 2091 3530 multitudinis,‘
2130 3474 2240 3518 tum
2276 3481 2340 3519 ex

764 3562 976 3615 hinnitu
998 3574 1288 3628 equorum,
1321 3566 1433 3613 tum
1469 3559 1699 3626 denique
1729 3573 1794 3611 ex
1831 3555 2030 3625 spatio,
2058 3556 2199 3624 quod
2233 3565 2344 3610 tcu-

766 3653 920 3705 turiis
973 3659 1265 3721 ocuipant,
1329 3650 1701 3715 conjecturam
1756 3648 1913 3701 inire.
1954 3647 2140 3717 Neque
2196 3649 2340 3702 enim

765 3746 974 3799 tertiam
1007 3754 1211 3812 partem
1233 3742 1608 3811 amplitudinis
1633 3741 1932 3811 reperietur
1951 3740 2146 3795 habere
2168 3741 2341 3808 locus,

765 3853 870 3906 qua
896 3847 1012 3892 erat
1050 3836 1423 3903 superioribus
1460 3837 1673 3900 castris,
1712 3842 1843 3889 tunc
1870 3826 2002 3888 cum.
2022 3848 2213 3889 omnes
2236 3849 2344 3889 una

765 3927 1077 3981 tendebant.
1111 3926 1262 3981 Unde
1304 3925 1766 3980 exisrimationem
1815 3924 1994 3979 facere
2057 3934 2219 3993 atque
2262 3926 2346 3979 in-

767 4018 1027 4088 telligerc,
1082 4017 1237 4079 licet,
1289 4016 1477 4071 deesse
1525 4017 1713 4086 copias
1776 4017 2026 4073 hostibus
2065 4018 2158 4073 illo
2200 4017 2343 4085 loco,

768 4123 944 4177 neque
1000 4122 1123 4161 cum
1180 4107 1287 4161 illis
1340 4107 1394 4161 in
1426 4108 1625 4162 castris
1684 4107 2019 4162 consedisse.
2044 4107 2146 4174 Qui
2199 4109 2345 4164 enim

768 4204 947 4265 potest
979 4196 1117 4259 fieri,
1176 4205 1232 4249 ut
1287 4197 1339 4249 id
1388 4210 1495 4249 non
1523 4195 1978 4261 animadvertant,
2003 4196 2220 4265 quando
2249 4197 2347 4251 ho-

768 4287 977 4340 minum
1009 4287 1131 4356 plus
1160 4285 1342 4341 minus
1377 4302 1470 4341 sex
1511 4286 1702 4352 millia,
1744 4302 2010 4356 equorum
2040 4287 2106 4341 ad
2137 4286 2345 4343 duode-

768 4382 872 4435 cini
900 4399 927 4435 a
957 4381 1153 4435 castris
1188 4383 1404 4448 absunt,
1438 4397 1559 4453 quae
1590 4382 1682 4452 qui
1707 4397 1878 4452 nuper
1900 4383 2158 4453 speculati
2193 4391 2343 4457 sunt,

770 4488 875 4525 una
901 4473 1173 4526 tendentia
1198 4482 1596 4543 conspexerunt
1625 4482 1678 4527 et
1725 4472 2214 4542 computaverunt?
2248 4472 2344 4527 At-

2454 3291 2665 3362 μάρχης
2710 3288 3081 3343 ἀποστειλάτω
3108 3287 3249 3339 κατᾶ
3281 3285 3370 3337 τὸν
3415 3286 3820 3353 προεκτεθέντα
3853 3287 4020 3339 τύπον

2447 3381 2545 3450 τῆς
2616 3379 2961 3450 παραμονῆς,
3021 3378 3238 3444 ἐγγίσαι
3286 3376 3361 3447 τῷ
3414 3376 3707 3446 quissi-up,
3773 3377 3913 3445 :p‘);
3965 3378 4024 3430 τι

2450 3472 2673 3525 ἀκούειν
2700 3470 2797 3533 τὰς
2851 3474 3036 3538 φωνὰς
3065 3470 3269 3532 αὐτῶν,
3313 3468 3408 3522 καὶ
3453 3471 3577 3532 τοὺς
3618 3471 4026 3540 χρεμετισμοὶς

2449 3564 2558 3616 τῶν
2580 3563 2783 3614 ἵππων.
2813 3562 2876 3614 ΟΞ
2900 3556 2992 3613 οὖν
3018 3562 3111 3614 δύο
3147 3562 3338 3631 ἄνδρες
3368 3563 3414 3613 οἱ
3454 3561 3715 3631 πρότερον
3744 3562 4023 3630 παραμεί-

2450 3673 2639 3718 ναντες
2676 3656 2734 3705 ἐν
2774 3654 2954 3718 ἄλλοις
2985 3654 3286 3725 ἁπλήκτοις
3310 3655 3384 3723 τῷ
3411 3655 3699 3723 φωσσατῳ,
3737 3655 3829 3707 δτε
3854 3655 3949 3708 καὶ
3998 3655 4024 3705 ὁ

2451 3749 2574 3812 λαὸς
2606 3746 2787 3801 αὐτῶν
2819 3749 2961 3811 ἆπας
2989 3749 3152 3818 συνῆν
3188 3749 3280 3800 καὶ
3311 3746 3715 3817 συνηπλήκευε,
3764 3747 4022 3817 δυνήσον-

2450 3858 2541 3895 ται
2574 3838 2939 3909 στοχάσασθαι
2976 3838 3083 3891 ἀπό
3114 3855 3173 3893 τε
3219 3837 3318 3907 τῆς
3364 3841 3460 3889 τοῦ
3498 3836 3628 3889 λαοῦ
3675 3835 4023 3905 ὀχλαγωγίας

2452 3932 2544 3984 καὶ
2568 3937 2836 4003 ταραχῆς,
2871 3931 2964 3983 καὶ
2994 3928 3085 3981 τοῦ
3135 3925 3506 3997 χρεμετισμοῦ
3539 3926 3644 3978 τῶν
3678 3926 3888 3986 ἵππων,
3920 3925 4025 3977 ἀπό

2451 4038 2509 4073 τε
2541 4020 2633 4073 τοῦ
2666 4022 2868 4090 χώρου,
2910 4021 2967 4071 ὲν
2995 4012 3038 4086 ᾧ
3067 4019 3166 4080 τὰς
3221 4019 3425 4085 σκηνὰς
3478 4016 3778 4086 ἐπήξαντο.
3811 4016 3886 4070 Οὔ
3917 4016 4024 4083 γὰρ

2451 4110 2803 4181 εὑρεθήσεται
2845 4113 2873 4163 δ
2912 4109 3089 4180 χῶρος
3139 4108 3199 4160 τὸ
3241 4107 3423 4178 τρίτον
3457 4107 3621 4177 μέρος
3675 4108 3837 4177 ἔχων,
3869 4107 3929 4158 δν
3970 4110 4027 4159 ἐν

2452 4204 2563 4264 τοῖς
2596 4201 2817 4254 ὄπισθεν
2847 4201 3146 4271 ἁπλήκτοις
3181 4203 3454 4266 κατεῖχον.
3485 4199 3572 4250 ὅτε
3605 4196 3848 4260 ἅπαντες
3890 4199 4024 4267 ὀμοῦ

2453 4291 2782 4364 ὴπλήκευον.
2813 4283 2920 4344 Καὶ
2948 4293 3010 4343 ἐκ
3034 4292 3221 4344 τούτου
3247 4290 3473 4342 δυνατόν
3505 4290 3620 4341 ἐστι
3660 4290 4026 4359 στοχάσασθαι

2453 4384 2547 4437 καὶ
2581 4383 2939 4453 κατανοῆσαι.
2986 4382 3059 4445 ὡς
3092 4382 3364 4434 ἐπιλείπει
3395 4383 3423 4434 ὁ
3460 4379 3586 4443 λαος
3615 4380 3725 4433 τῶν
3752 4382 4025 4450 πολεμῐων

2454 4479 2511 4529 ἐν
2549 4478 2740 4545 ἐκείνῳ
2771 4475 2847 4545 τῷ
2879 4475 3066 4545 χώρῳ,
3096 4475 3188 4527 καὶ
3220 4473 3294 4544 μὴ
3329 4468 3469 4525 εἶναι
3520 4473 3615 4525 σὺν
3654 4474 3839 4535 αὐτοῖς
3875 4475 3931 4524 ὲν
3953 4473 4026 4540 τῷ

771 4572 976 4631 tamen,
1035 4574 1113 4631 ut,
1183 4566 1391 4620 sublata
1446 4567 1593 4620 omni
1649 4566 2019 4630 dubitatione,
2061 4567 2340 4621 veritatem

2456 4570 2742 4640 ἀπλήκτῳ.
2780 4570 2887 4621 Καὶ
2915 4569 3030 4631 πῶς
3060 4568 3167 4636 γὰρ
3199 4568 3259 4617 οὐ
3298 4566 3521 4617 δυνατὸν
3548 4564 3710 4617 τοῦτο
3758 4566 4027 4635 στοχάταο

773 4654 1065 4724 perfectam
1097 4654 1277 4709 hacin
1321 4671 1378 4725 re
1425 4656 1795 4724 speculatores
1830 4657 2202 4726 perspiciant,
2241 4667 2353 4710 tur-

771 4748 992 4799 niareha
1023 4747 1371 4814 speculatum
1414 4747 1617 4801 missus
1669 4756 1864 4816 praeter
1898 4747 2011 4802 lucc
2063 4747 2155 4801 illa
2194 4748 2354 4803 debet

771 4839 1078 4895 instituere.
1139 4838 1361 4908 Equites
1421 4850 1546 4892 octo
1583 4855 1647 4893 ex
1692 4840 2075 4909 peritissimis,
2137 4840 2350 4895 viarum

770 4928 1014 4995 apprime
1048 4943 1271 4996 gnaros,
1295 4929 1572 4997 disponat,
1604 4938 1662 4981 ut
1709 4930 1823 4983 sive
1863 4944 1891 4983 a
1925 4928 2116 4984 dextra
2162 4930 2279 4983 sive
2320 4946 2349 4984 a

768 5018 988 5069 sinistra
1010 5032 1076 5069 ex
1110 5017 1378 5079 subsidio,
1411 5018 1498 5069 ubi
1537 5017 1852 5071 turmarelia
1882 5018 2156 5080 constitit,
2195 5025 2348 5071 trans

770 5116 948 5160 eastra
1006 5107 1242 5162 hostium
1304 5123 1363 5162 se
1413 5108 1722 5174 conferant,
1775 5110 1947 5163 donec
1999 5125 2028 5163 a
2093 5109 2344 5163 tentoriis

770 5199 1098 5267 quingentos
1126 5214 1321 5267 passus
1357 5200 1539 5255 absint
1572 5220 1584 5255 :
1620 5203 1675 5253 in
1705 5201 2103 5271 progrediendo
2134 5200 2353 5269 diligen-

773 5297 853 5342 ter
900 5290 1220 5355 attendant,
1275 5294 1390 5347 vias
1426 5294 1769 5363 perquirant.
1802 5294 1957 5360 Quod
1986 5293 2033 5347 si
2073 5294 2184 5361 jam
2220 5308 2355 5362 prae-

774 5386 997 5438 tervecti
1055 5396 1186 5440 sunt
1244 5387 1479 5443 hostium
1536 5390 1769 5459 equites,
1826 5389 2157 5459 fueruntque
2209 5390 2354 5445 circa

773 5474 1059 5540 ducentos,
1088 5490 1384 5548 cognoscet
1407 5493 1587 5537 tamen
1618 5499 1805 5539 eorum
1840 5484 2132 5537 transitum
2165 5483 2349 5549 statio,

774 5568 973 5621 nedum
1006 5568 1051 5623 si
1080 5571 1581 5643 exstiteruntzal
1610 5590 1782 5647 usque
1809 5576 1877 5631 ad
1910 5574 2195 5631 duodecim
2219 5576 2344 5628 mil-

2455 4665 2602 4727 σθαι,
2628 4666 2829 4718 ὁπόταν
2863 4662 2923 4725 ἒξ
2953 4662 3188 4731 χιλιάδες
3219 4660 3450 4731 ἀνδρῶν,
3492 4659 3676 4711 πλεῖον
3701 4660 3734 4729 ἦ
3776 4660 4022 4716 ἔλασσον,

2451 4756 2546 4809 καὶ
2585 4755 2768 4807 ἵππων
2822 4754 2949 4827 ἄχρι
2982 4754 3090 4806 τῶν
3144 4752 3350 4805 δώδεκα
3404 4751 3762 4804 ἐπιλείπωσιν
3808 4753 3873 4804 ἐκ
3931 4751 4020 4803 τοί

2450 4847 2757 4916 ἀπλήκτου,
2786 4843 2878 4906 οὒς
2915 4845 3123 4907 πάντας
3172 4842 3310 4913 ἐσμοῦ
3358 4837 3497 4895 εἶναι
3528 4843 3577 4894 οἱ
3615 4842 3806 4912 πρώην
3848 4860 4025 4913 παρα·

2453 4937 2734 5007 μείναντες
2773 4936 2961 5005 ἑώρων
3005 4935 3098 4986 καὶ
3140 4935 3637 5002 κατεστοχαζοντος
3679 4934 3778 4985 ,ιιά
3821 4933 3912 4987 οὖν
3958 4936 4016 4986 τὸ

2452 5027 2775 5098 ἀμφίϐολον,
2818 5027 2954 5096 πρὸς
2994 5027 3053 5079 τὸ
3087 5028 3179 5079 καὶ
3212 5027 3424 5078 τελείαν
3476 5024 3663 5078 λαϐεῖν
3688 5027 3815 5089 τοὺς
3851 5042 4024 5095 παραυ

2457 5119 2715 5189 μένοντας
2746 5118 2873 5187 περὶ
2903 5116 3091 5169 τούτου
3124 5117 3218 5185 τῆς
3258 5117 3515 5186 ἀληθείας
3549 5117 3879 5185 κατάληξιν,
3912 5119 4023 5170 6:7,

2451 5208 2544 5260 καλ⁵
2602 5207 2759 5259 τοῦτο
2817 5208 2908 5259 τὸν
2972 5209 3049 5270 εἱς
3097 5207 3195 5276 τὴν
3258 5207 3582 5277 παραμονὴν
3650 5207 4021 5261 ἀποσταλέντα

2449 5301 2806 5369 τουρμάρχην
2839 5300 3263 5371 διαπράξασθαι.
3314 5299 3569 5362 Ἱππότας
3599 5299 3767 5362 ὀκτὼ,
3822 5300 4020 5370 ἄνδρας

2451 5395 2559 5446 τῶν
2601 5394 3015 5465 ἐμπειροτάτων
3051 5396 3145 5446 καὶ
3170 5393 3267 5455 τὰς
3299 5392 3447 5456 ὀδοὺς
3480 5395 3558 5454 εἰς
3592 5392 3765 5461 ἀκρον
3796 5390 4024 5460 ἐξησκηο

2457 5488 2654 5557 μένους
2693 5486 3118 5553 ἀπολεξάμενος,
3180 5484 3543 5555 διορίσασθαι,
3582 5486 3692 5536 εἴτε
3719 5483 3872 5554 δεξιᾷ
3918 5485 4023 5537 εἴτε

2453 5575 2711 5647 εὐώνυμα
2747 5578 2810 5629 ὲκ
2840 5576 2945 5630 τῶν
2976 5575 3221 5637 ὄπισθεν,
3259 5577 3315 5629 ὲν
3345 5567 3388 5643 ᾧ
3424 5577 3451 5626 ὁ
3486 5575 3844 5645 τουρμάρχης
3882 5577 4023 5627 ἵστα⁴

1895 5727 1962 5784 C.
1991 5728 2052 5785 Β.
2092 5728 2272 5786 IIASlI
2302 5730 2848 5789 ANNOTATIONES.

850 5831 895 5863 "
930 5832 1219 5902 ὀφείλοντι.
1245 5836 1335 5891 Sic
1365 5839 1521 5893 codd.
1554 5854 1766 5907 omnes,
1796 5840 2003 5898 ila-tivo.

2104 5845 2149 5875 ⁸⁷
2181 5842 2309 5915 Leg.
2344 5846 2699 5918 ἀπέρχεσθαι,
2750 5848 2830 5903 vel
2870 5846 3288 5918 προσέρχεσθαι.
