4178 6522
682 450 789 518 975

1979 433 2397 496 NICEPHORI
2420 433 2686 496 PHOCIE

3847 423 3955 494 9‘76

683 573 861 628 ciunt.
896 566 1092 623 debent
1121 561 1325 634 singuli
1359 559 1595 622 numeri,
1631 565 1791 626 atque
1824 553 2044 616 vexilla,
2082 553 2125 608 si
2163 567 2266 622 qua

2394 553 2774 607 aureolouOoDv
2803 569 2902 606 σοι.
2933 551 3041 604 Καὶ
3079 553 3127 602 εἰ
3160 550 3257 620 μὲν
3289 549 3377 602 διὰ
3401 550 3682 604 δυσεάτων
3705 550 3886 602 τόπων
3913 551 3950 618 ἡ

685 662 905 721 adsunt,
963 655 1255 726 separatim
1313 651 1472 720 227
1539 644 2072 716 ambularezprimo
2126 642 2258 707 dux,

684 752 775 822 qui
821 752 934 817 ipse
983 755 1164 800 tamen
1222 743 1590 798 turmarcham
1645 741 1832 792 hostes
1886 736 2258 806 speculantem

685 845 846 912 longe
897 837 1181 894 intervallo
1237 835 1651 902 subsequatur:
1687 831 1812 885 dein
1867 829 2099 898 reliqua,
2147 826 2261 881 sive

685 935 896 990 numeri
949 932 1056 986 sint
1123 928 1235 982 sive
1292 927 1512 988 vexilla,
1549 938 1718 977 unum
1769 929 1896 992 post
1953 933 2122 972 unum
2158 937 2170 972 :
2205 925 2266 970 ut

682 1028 974 1083 ordinatim
996 1023 1291 1092 procedant
1317 1025 1501 1080 noctu,
1525 1015 1733 1082 ahSque
1762 1014 2003 1065 clamore
2034 1025 2106 1068 ae
2127 1017 2266 1061 stre-

684 1121 820 1188 pitu.
890 1113 1268 1172 Turmarchm,
1333 1106 1428 1176 qui
1515 1105 1848 1174 prardatores
1930 1099 2264 1168 insequitur,

685 1209 1039 1282 prrcscribere
1087 1203 1254 1258 debes
1289 1207 1453 1269 atque
1498 1197 1789 1266 imperare,
1819 1202 1880 1247 ut
1927 1191 2264 1260 diligentiam

688 1315 851 1372 atque
890 1297 1220 1368 vigilantiam
1277 1306 1548 1348 summam
1612 1288 1892 1350 adhibeat,
1929 1299 1997 1338 ne
2055 1284 2266 1344 hostes,

691 1397 948 1450 certiores
979 1389 1104 1442 facti
1136 1397 1186 1441 te
1221 1385 1454 1455 insequi,
1488 1381 1730 1436 delectos
1761 1379 2040 1445 fortesque
2065 1375 2268 1428 milites

689 1496 1031 1550 numeroque
1085 1493 1306 1533 manum
1369 1473 1698 1530 turmareltte
1745 1477 2072 1541 superantes
2120 1482 2149 1520 a
2213 1479 2272 1520 se

692 1577 968 1647 sejunctos
1028 1573 1254 1627 latebris
1308 1569 1584 1630 occulunt,
1649 1573 1810 1632 teque
1872 1575 1973 1614 nec
2049 1557 2272 1625 opinato

691 1668 1011 1722 adoriantur
1063 1681 1076 1716 :
1133 1657 1440 1729 cujusmodi
1513 1655 1743 1710 insidias
1803 1667 1834 1706 a
1894 1647 2267 1704 Tarsensibus

692 1757 946 1828 superius
979 1755 1152 1808 factas
1197 1752 1454 1804 vidimus.
1489 1747 1644 1802 Tunc
1690 1744 1852 1808 enim,
1890 1742 1996 1796 dux
2054 1737 2274 1806 conspi-

692 1860 846 1906 catus
872 1849 1146 1918 pulverem
1173 1857 1388 1905 eorum,
1421 1839 1514 1910 qui
1548 1853 1654 1892 non
1691 1849 1842 1900 vere,
1873 1833 1970 1888 sed
2011 1831 2268 1884 simulata

2366 647 2558 716 πορεία
2589 644 2696 696 τῶν
2727 643 3000 714 πολεμίων
3025 641 3274 710 γένηται,
3299 641 3416 694 δέον
3445 641 3588 703 ἰδίως
3625 641 3683 694 ἓν
3713 641 3950 693 ἕκαστον

2364 737 2525 808 θέμα,
2565 737 2597 806 ἣ
2638 737 2732 790 καὶ
2761 737 2970 804 τάγμα,
3014 733 3064 784 εἰ
3105 733 3382 804 πάρεισιν,
3409 733 3714 802 ὁδοιπορεῖν
3741 747 3755 762 ·
3787 733 3814 783 ὁ
3851 730 3952 799 μὲν

2367 830 2672 902 στρατηγὸς
2721 830 3058 900 ἔμπροσθεν,
3097 829 3366 897 ἑπόμενος
3399 826 3478 895 τῷ
3511 825 3836 893 τουρμάρχῃ
3870 823 3950 892 τῷ

2367 925 2753 979 ἀκολουθοῦντι
2791 923 2903 984 τοῖς
2934 923 3063 976 πολε
3076 921 3217 992 μιοις
3247 919 3390 972 κατὰ
3430 919 3564 972 πολὺ
3596 918 3786 988 πόρρω
3805 932 3818 946 ·
3848 911 3952 968 εἷθ’

2366 1019 2538 1080 οὕτως
2568 1020 2662 1070 καὶ
2689 1016 2754 1070 τὰ
2786 1014 2970 1078 λοιπὰ,
3006 1013 3116 1066 εἴτε
3141 1012 3350 1082 θέματα
3373 1009 3508 1073 εἷεν,
3535 1011 3643 1062 εἶτε
3667 1010 3952 1077 τάγματα,

2367 1109 2534 1162 καθὲν
2558 1107 2632 1176 τῷ
2661 1108 2830 1178 ἑτέρῳ
2855 1105 3190 1173 ὲιρεπόμενον
3215 1117 3226 1130 ·
3253 1103 3344 1156 διὰ
3377 1101 3438 1153 τὸ
3472 1101 3568 1153 καὶ
3597 1099 3779 1160 καλῶς
3809 1097 3954 1150 ὁδοι-

2371 1203 2559 1272 πορεῖν
2586 1202 2642 1252 ὲν
2673 1199 2850 1259 νυκτὶ,
2881 1197 2976 1250 καὶ
3005 1196 3135 1250 ἄνευ
3163 1194 3411 1262 κραυγῆς
3441 1193 3534 1245 καὶ
3565 1189 3834 1257 θορύϐων.
3861 1185 3956 1258 Τῷ

2369 1297 2426 1350 δὲ
2464 1293 2806 1364 τουρμάρχῃ,
2834 1290 2912 1359 τῷ
2953 1285 3406 1342 ὲπακολουθοῦντι
3438 1284 3514 1353 τῷ
3533 1283 3772 1353 κούρσῳ,
3799 1297 3952 1348 παρ-

2371 1385 2626 1452 αγγεῖλαι
2701 1382 2796 1433 καὶ
2866 1375 3367 1446 ὲξασφαλίσασθαι,
3445 1372 3733 1441 ἀκρίσειαν
3805 1370 3956 1440 ἔχειν

2373 1475 2822 1544 ὑπερϐάλλουσαν
2850 1471 2943 1524 καὶ
2969 1469 3322 1538 ἐγρήγορσιν,
3377 1466 3592 1534 μήποτε
3622 1464 3672 1516 οἱ
3703 1461 3958 1529 πολέμιοι

2373 1568 2686 1636 αἰσθόμενοι
2732 1560 3220 1617 ὲπακολουθεῖσθαι
3248 1559 3450 1619 αὐτους
3499 1557 3652 1624 παρὰ
3681 1553 3800 1619 σοῦ,
3833 1555 3960 1606 δια-

2374 1659 2652 1730 χωρὶσωσι
2689 1655 2787 1725 μὲν
2819 1653 2945 1714 τοὺς
2973 1651 3262 1712 ἐκλεκτοὺς
3301 1646 3484 1700 αὐτῶν
3519 1645 3789 1715 μαχίμους
3831 1644 3964 1704 τοῦς

2378 1751 2629 1811 πλείονας
2659 1747 2754 1800 τοῦ
2807 1747 2897 1798 ὑπ’
2930 1744 3092 1798 αὐτὸν
3119 1741 3248 1796 λαοῦ
3269 1781 3284 1808 ,
3323 1741 3419 1794 καὶ
3454 1738 3848 1808 ἀποκρύψωσιν
3879 1738 3966 1795 εἰς

2377 1847 2602 1914 λόχους,
2642 1842 2737 1896 καὶ
2767 1840 3047 1906 ἀδοκήτως
3075 1835 3218 1889 κατὰ
3261 1833 3354 1886 σοῦ
3390 1832 3722 1886 ὲπὶθωνται·
3771 1827 3964 1894 ἐπειδὴ

693 1943 1030 2004 incursione,
1093 1933 1376 2006 praedandi
1427 1945 1595 1986 causa
1657 1930 1924 1992 exierant,
1973 1923 2132 1994 pauci
2195 1920 2273 1975 illi

2394 1933 2635 2000 τοιαύτην
2689 1929 2914 2000 ἐνέδραν
2944 1925 3098 1995 παρὰ
3137 1925 3247 1976 τῶν
3281 1921 3567 1992 Ταρσιτῶν
3620 1921 3678 1971 ὲν
3709 1920 3820 1980 τοῖς
3849 1918 3970 1970 ἄνω

697 2035 918 2106 quidem
948 2039 1001 2086 et
1027 2027 1252 2092 infirmi,
1290 2041 1414 2081 cum
1448 2024 1513 2078 ad
1555 2023 1677 2076 illos
1711 2018 2050 2084 invadendos
2082 2029 2281 2086 prope-

701 2133 866 2188 raret,
917 2123 1228 2178 turmarcha
1271 2127 1454 2172 autem
1508 2115 1694 2169 hostes
1753 2113 2072 2180 insequens,
2111 2106 2281 2176 negli-

700 2215 914 2288 gentius
973 2229 1032 2268 re
1085 2223 1258 2282 gesta,
1290 2209 1525 2262 latebras
1576 2219 1768 2275 parum
1801 2202 2018 2258 curiose
2067 2208 2282 2254 scruta-

703 2321 873 2372 retur,
923 2307 976 2358 in
1017 2319 1204 2360 eorum
1249 2301 1477 2356 insidias
1512 2297 1834 2368 imprudens
1869 2293 2078 2348 incidit.
2113 2291 2282 2362 Igitur

701 2400 971 2472 ejusmodi
1007 2413 1092 2452 res
1123 2405 1180 2450 ut
1226 2409 1293 2449 ne
1339 2396 1450 2459 fiat,
1484 2399 1699 2460 oportet
1725 2397 1794 2452 te,
1825 2403 1856 2442 ο
1884 2389 2017 2449 dux,
2053 2385 2280 2439 multam

704 2494 1014 2550 cautionem
1083 2487 1364 2552 adhibere,
1417 2485 1784 2551 locorumque
1850 2489 1902 2534 et
1951 2477 2284 2532 latebrarum

706 2600 958 2642 ret-essus
1005 2581 1358 2650 perscrutari,
1407 2592 1502 2645 per
1557 2585 1770 2643 equttes
1819 2569 2097 2626 velocibus
2131 2569 2286 2636 equis

705 2687 892 2736 vectos
919 2676 1242 2731 ctlocorum
1293 2681 1546 2727 accurate
1595 2668 1852 2736 peritos:
1901 2677 2063 2732 porro
2113 2661 2286 2729 prima

707 2771 830 2827 luce
859 2767 1180 2828 exercitum,
1211 2763 1258 2818 si
1306 2775 1537 2830 magnus
1563 2767 1667 2822 est,
1697 2771 1870 2825 usque
1896 2757 1962 2808 ad
2005 2765 2086 2808 ter
2139 2751 2288 2804 mille

711 2873 962 2922 numero,
1002 2854 1252 2910 bifariam
1279 2851 1522 2906 dividere
1562 2867 1574 2902 :
1611 2847 1928 2914 eqttisones,
1956 2853 2010 2898 et
2054 2841 2146 2912 qui
2183 2857 2286 2910 pa-

713 2953 840 3008 bula
873 2952 1245 3020 jumentorum
1289 2949 1530 3014 portant,
1573 2939 1760 3008 procul
1801 2939 1853 2988 in
1895 2931 2290 2986 COIIImltlllltlm

715 3045 896 3102 locum
957 3041 1267 3096 amandare.
1321 3035 1503 3098 Acies,
1565 3031 1635 3084 ob
1695 3030 2001 3095 insperatas
2051 3025 2290 3078 hosﬁum

716 3136 966 3198 insidias,
1003 3135 1269 3186 instruere
1302 3131 1516 3195 oportet
1567 3124 1619 3176 in
1664 3121 1830 3190 228
1874 3121 2020 3172 hunc
2049 3116 2291 3170 modum.

718 3230 878 3285 Prior
905 3225 1219 3296 praefectum
1247 3221 1442 3273 habeat
1478 3231 1641 3270 unum
1680 3215 1746 3267 de
1781 3213 2013 3266 ducibus
2039 3221 2294 3279 praestan-

723 3321 951 3376 tioribtts
978 3327 1030 3370 et
1057 3317 1269 3369 tertiam
1301 3319 1510 3380 partem
1557 3307 1836 3375 cepiartnn
1875 3316 2090 3358 tuarum
2123 3320 2136 3355 :
2179 3303 2294 3354 lucc

723 3429 753 3467 a
783 3423 932 3482 tergo
963 3407 1290 3462 tut-marchte
1321 3405 1422 3456 iter
1465 3400 1648 3456 faciat.
1675 3397 1756 3450 Tu
1786 3411 1908 3450 eum
1951 3397 2068 3448 acie
2100 3393 2293 3462 majori

723 3515 864 3570 pone
913 3497 1146 3568 priorem
1205 3493 1482 3554 incedens,
1518 3486 1654 3539 habe
1704 3485 1833 3536 item
1890 3497 2018 3535 saca
2077 3491 2230 3532 tuuut
2265 3494 2296 3532 a

727 3605 900 3664 tergo,
931 3589 1073 3659 quod
1103 3598 1152 3642 te
1177 3600 1299 3638 cum
1342 3581 1532 3652 paucis
1577 3575 1852 3646 equitibus
1905 3583 2203 3643 sequatur:
2237 3579 2299 3625 ut

729 3689 774 3743 si
802 3684 1019 3746 accidtt,
1077 3681 1262 3734 hostes
1309 3675 1534 3730 structis
1584 3671 1682 3724 tibi
1741 3667 1956 3722 insidiis
2011 3667 2300 3736 plerosque

729 3793 862 3834 suos
887 3777 1059 3830 fortes
1091 3771 1288 3825 milites
1343 3768 1398 3820 in
1444 3762 1662 3818 latebris
1713 3760 2028 3822 collocasse,
2062 3767 2300 3810 turmar-

730 3871 998 3938 chatnqne
1027 3881 1085 3920 se
1125 3867 1436 3929 sequentem
1471 3853 1755 3914 invasisse,
1791 3850 1942 3920 prior
1979 3849 2144 3908 acies,
2179 3861 2303 3917 quae

655 4019 662 4024 ,
731 3971 860 4017 ante
921 3970 972 4012 te
1037 3954 1301 4016 ambulat,
1368 3946 1658 4004 subveniat
1719 3957 1954 4011 eumque
2039 3941 2301 4008 excipiat.

731 4053 928 4108 Prtelio
987 4063 1110 4104 cum
1165 4047 1254 4100 illa
1303 4041 1618 4100 commisso,
1653 4033 1871 4104 quando
1921 4035 2108 4086 hostes
2153 4031 2306 4084 dimi-

733 4147 910 4204 cando
957 4139 1172 4210 disjecti
1223 4136 1440 4190 ordines
1486 4132 1754 4198 ruperint,
1789 4137 1846 4180 tu
1878 4127 2168 4194 dissipatos
2205 4138 2305 4176 na-

733 4249 858 4294 ctus
891 4231 1136 4288 funditus
1163 4228 1364 4280 vinces.
1399 4221 1456 4276 Si
1499 4223 1684 4274 hostes
1729 4231 1840 4270 non
1891 4231 1952 4270 se
2005 4221 2196 4284 parant
2239 4212 2307 4265 ad

735 4327 1002 4402 ejusmodi
1027 4323 1273 4386 insidias,
1304 4319 1414 4374 sed
1435 4315 1500 4368 ad
1535 4313 1912 4368 excursionem
1938 4321 2308 4380 agrorumque

737 4421 1144 4494 populationem
1174 4418 1490 4483 properant,
1521 4408 1686 4460 debes
1717 4415 1844 4458 ante
1871 4404 2050 4456 lucem
2101 4409 2308 4454 turmas

739 4517 818 4570 tui
848 4512 1125 4566 exercitus
1181 4507 1236 4558 in
1297 4500 1570 4572 ejusmodi
1605 4498 1738 4550 leris
1791 4496 2088 4554 occultare,
2120 4491 2210 4544 ubi
2241 4489 2310 4542 ab

2323 3261 2370 3324 C

2369 2025 2598 2098 -χωρίοις
2625 2025 2664 2056 ⁶¹
2685 2021 2985 2091 γενομένην
3007 2019 3244 2087 εἴδομεν.
3260 2013 3367 2067 Τοῦ
3383 2014 3493 2084 γὰρ
3519 2009 3827 2080 στρατηγοῦ
3841 2009 3966 2061 τότε

2384 2117 2660 2188 θεωμένου
2699 2113 3011 2182 κονιορτοὺς
3055 2107 3164 2160 τῶν
3217 2106 3296 2168 εἰς
3337 2103 3490 2157 λείαν
3527 2099 3924 2166 ἐξελαυνόντων
3947 2135 3964 2160 ,

2383 2216 2484 2268 οὐκ
2519 2215 2575 2265 ὲν
2621 2209 2870 2279 ἀληθείᾳ,
2915 2205 3030 2258 ἀλλ’
3087 2206 3146 2258 ἐν
3189 2203 3432 2272 σχήματι
3475 2200 3735 2268 κούρσου,
3765 2195 3970 2262 ὀλίγων

2384 2303 2708 2360 καὶτούτων
2744 2299 3164 2368 εὐτελεστέρων,
3213 2294 3306 2349 καὶ
3340 2294 3460 2348 κατ’
3509 2293 3688 2345 αὐτῶν
3718 2287 3970 2343 ἐπελθεῖν

2385 2397 2748 2468 ἐπειγομένου
2775 2435 2788 2458 ,
2835 2395 2931 2448 καὶ
2981 2392 3075 2444 τοῦ
3121 2389 3472 2461 τουρμάρχου
3523 2385 3616 2438 τοῦ
3663 2382 3970 2436 ἐπακολου-

2387 2491 2610 2552 θοῦντος
2657 2488 2736 2558 τῷ
2769 2486 2989 2556 κούρσῳ
3023 2481 3542 2550 καταμελήσαντος,
3583 2477 3680 2530 καὶ
3725 2473 3800 2545 μὴ
3839 2473 3972 2534 τοὺς

2389 2582 2578 2650 λόχους
2611 2577 2792 2639 καλῶς
2831 2575 3244 2646 ὲρευνήσαντος,
3291 2570 3569 2638 ἀδοκήτως
3607 2567 3684 2636 τῷ
3723 2563 3976 2633 ὲγκρύμ-

2395 2690 2523 2743 ματι
2577 2669 2990 2740 περιπέπτωκε.
3043 2663 3128 2736 [Ρ.
3183 2662 3308 2733 H7]
3341 2661 3449 2714 Καὶ
3491 2661 3579 2712 ἵνα
3624 2661 3699 2727 μὴ
3729 2657 3978 2709 τοιοῦτον

2391 2765 2640 2834 γένηται,
2675 2761 2755 2812 δεῖ
2787 2775 2867 2822 σε,
2897 2751 2942 2810 ὦ
2985 2753 3280 2825 στρατηγὲ,
3309 2751 3510 2820 πολλὴν
3537 2749 3636 2818 τὴν
3669 2746 3976 2816 ἀσιράλειαν

2396 2855 2686 2912 ποιεῖσθαι,
2723 2853 2814 2904 καὶ
2855 2848 3082 2918 ὲρευνᾷν
3122 2848 3246 2906 τοὺς
3273 2844 3486 2904 κοίλους
3515 2843 3624 2894 τῶν
3651 2841 3838 2893 τόπων
3879 2837 3978 2890 καὶ

2395 2943 2728 3013 ἀποκρΰφων
2781 2942 2860 3000 ⁶¹,
2907 2939 2996 2991 διὰ
3048 2935 3430 3004 καϐαλλαρῐων
3483 2933 3684 2993 ἵππους
3737 2930 3978 2999 ἑκόντων

2394 3039 2580 3107 ταχεῖς
2609 3035 2702 3087 καὶ
2731 3032 2934 3100 ἀκριϐῆ
2983 3029 3189 3098 εἴδησιν
3235 3027 3342 3080 τῶν
3379 3026 3560 3078 τόπων
3581 3041 3594 3054 ’
3627 3023 3724 3076 καὶ
3759 3021 3888 3086 περὶ
3917 3020 3978 3070 τὸ

2397 3132 2718 3199 διὰφαυσμα
2741 3127 2861 3194 διχῆ
2891 3123 3081 3174 διελεῖν
3115 3122 3174 3172 τὸ
3205 3120 3542 3190 στράτευμα,
3573 3119 3624 3168 εῖ
3649 3131 3712 3182 γε
3731 3117 3812 3174 εἰς
3839 3110 3980 3178 πλῆ’

2401 3221 2494 3284 θός
2531 3224 2669 3285 ἐστι,
2717 3220 2810 3269 καὶ
2841 3217 2916 3276 εἰς
2957 3215 3102 3282 τρεῖς
3139 3211 3454 3280 ἀριθμεῖται
3479 3207 3722 3276 χιλιάδας
3767 3205 3850 3234 ⁸³·
3883 3203 3980 3254 καὶ

2399 3315 2526 3374 τοὺς
2557 3311 2654 3380 μὲν
2687 3305 3187 3378 παραῖππαράτους
3218 3308 3312 3353 καὶ
3333 3303 3430 3362 τὰς
3457 3299 3628 3365 ταγὰς
3659 3297 3767 3347 τῶν
3797 3295 3980 3346 ἵππων

2399 3401 2830 3471 ἐπιφερομένους
2867 3397 3105 3467 μήκοθεν
3135 3393 3488 3447 ἀποστέλλειν
3521 3395 3576 3442 ἐν
3597 3388 3781 3460 ὀχυρῷ
3809 3389 3978 3454 τόπῳ.

2401 3499 2512 3560 Τὰς
2559 3496 2615 3546 δὲ
2669 3491 3002 3562 παρατάξεις
3051 3487 3225 3548 οὕτως
3271 3487 3352 3538 δεῖ
3401 3483 3854 3552 παρασκευάσαι,
3895 3477 3985 3530 διὰ

2401 3595 2498 3657 τὰς
2535 3591 2643 3646 τῶν
2695 3587 2970 3656 πολεμίων
3031 3585 3328 3653 ἀδοκήτους
3381 3582 3622 3648 ἐνέδρας.
3657 3579 3770 3631 Καὶ
3804 3580 3838 3646 ἠ
3887 3575 3984 3644 μὲν

2401 3683 2594 3755 πρώτη
2639 3683 2810 3752 ἐχέτω
2845 3677 3088 3748 ἀρχηγὸν
3131 3675 3241 3728 τῶν
3293 3671 3738 3740 ἁξιολογωτέρων
3791 3685 3988 3737 στρατ-

2405 3777 2578 3848 ηγῶν,
2609 3773 2704 3825 καὶ
2725 3772 2786 3822 τὸ
2817 3771 2997 3839 τριτον
3029 3767 3192 3836 μέρος
3221 3765 3314 3816 τοῦ
3349 3764 3454 3814 ὑπὸ
3483 3761 3540 3814 σὲ
3569 3759 3718 3814 λαοῦ.
3747 3761 3844 3812 καὶ
3867 3759 3990 3810 ὀπι-

2407 3869 2534 3920 σθεν
2566 3865 2666 3934 μὲν
2706 3861 2797 3916 τοῦ
2831 3860 3182 3928 τουρμὰρχου
3217 3855 3586 3924 ὁδοιπορείτω.
3629 3853 3702 3904 Σὺ
3745 3851 3804 3902 δὲ
3849 3849 3986 3919 μετὰ

2405 3963 2504 4031 τῆς
2543 3956 2783 4028 μεγάλης
2831 3950 3191 4020 παρατάξεως
3237 3946 3596 4000 ὲπακολούθει
3639 3947 3706 4012 τῇ
3755 3941 3984 4011 πρώτῃ,

2407 4051 2546 4120 ἔχων
2579 4051 2672 4100 καὶ
2706 4049 2766 4099 τδ
2813 4046 2954 4097 σάκα
3002 4043 3226 4095 ὄπισθέν
3259 4057 3352 4091 σου
3385 4039 3504 4107 μετ’
3531 4037 3726 4102 ὀλίγων
3773 4035 3990 4086 ἱππέων

2409 4137 2808 4194 ἐπακολουθοῦν
2833 4153 2846 4166 ·
2888 4136 3006 4198 ἵνα,
3055 4135 3104 4185 εἰ
3137 4133 3318 4200 συμϐῇ
3353 4130 3494 4182 κατᾶ
3537 4127 3634 4179 σοῦ
3671 4125 3990 4193 ἐνεδρεῦσαι

2409 4235 2533 4293 τοὺς
2569 4229 2862 4298 πολεμίους
2883 4269 2897 4288 ,
2929 4227 3024 4278 καὶ
3051 4227 3174 4286 τοὺς
3211 4224 3462 4282 πλείονας
3503 4219 3682 4273 αὐτῶν
3715 4217 3991 4284 μαχξμους

2411 4323 2610 4388 ἄνδρας
2657 4323 2736 4381 εἰς
2788 4317 2981 4386 λόχους
3035 4315 3407 4382 καταστῆσαι,
3459 4313 3556 4365 καὶ
3605 4311 3858 4364 ἐπελθεῖν
3911 4307 3990 4376 τῷ

2411 4417 2594 4476 αὐτοῖς
2635 4408 3093 4464 ὲπακολουθοῦντι
3137 4408 3494 4478 τουρμὰρχῃ,
3545 4404 3766 4472 δέξηται
3801 4401 3992 4454 τοῦτον

2417 4505 2780 4572 ὲπιϐοηθοῦσα
2811 4504 2845 4572 ἡ
2892 4501 3086 4568 πριῖιτη
3117 4499 3212 4552 καὶ
3253 4497 3563 4566 ἔμπροσθέν
3607 4511 3704 4546 σου
3747 4507 3992 4562 περιπα-

738 4605 994 4663 bostibus
1031 4595 1392 4654 animadverti
1439 4597 1728 4660 nequeant,
1761 4596 1922 4655 atque
1957 4585 2009 4637 in
2049 4583 2136 4636 itis
2184 4583 2290 4636 late

2415 4597 2583 4652 τοῦσα
2617 4593 2944 4665 παράταξις.
2979 4589 3108 4644 Εἶτα
3137 4589 3374 4654 πολέμου
3419 4586 3534 4655 μετ’
3565 4585 3738 4652 αὐτῆς
3785 4585 3992 4652 συρρα-

737 4695 858 4750 bris
887 4691 1180 4762 persistere
1233 4698 1408 4753 usque
1445 4681 1510 4734 ad
1561 4680 1773 4732 tertiam
1813 4677 1892 4730 vel
1925 4683 2174 4744 quartam
2205 4673 2312 4727 dici

741 4788 960 4846 horam,
995 4782 1170 4835 donec
1221 4777 1402 4830 hostes
1460 4771 1752 4839 praedatum
1812 4766 2006 4834 dilapsi
2047 4765 2197 4818 sint:
2231 4763 2316 4817 his

741 4877 966 4946 longius
1015 4887 1048 4926 ι
1103 4868 1274 4938 signis
1323 4865 1524 4920 Andra:
1567 4859 1850 4929 digressis,
1885 4858 1958 4910 ita
2017 4867 2078 4910 ut
2125 4854 2316 4924 paucis

747 4966 1014 5022 militibus
1061 4959 1268 5016 relictis
1327 4951 1696 5024 infrequentia
1775 4949 2002 5002 armatis
2063 4947 2194 5011 sint,
2249 4959 2314 4999 ea

748 5059 968 5122 invade,
999 5063 1220 5121 tresque
1251 5047 1401 5102 acies
1453 5053 1734 5112 exaquata
1794 5039 1974 5093 fronte
2025 5045 2316 5107 praemitte,

753 5163 878 5222 qua:
901 5159 1138 5218 pugnant
1181 5147 1507 5212 capessant:
1544 5145 1600 5190 tu
1635 5148 1760 5188 cum
1811 5131 1998 5185 alteris
2033 5131 2208 5184 tribus
2237 5128 2324 5184 vel

757 5251 996 5312 quatuor
1021 5235 1246 5292 aciebus
1283 5231 1492 5302 priores
1525 5240 1760 5298 sequens
1801 5223 2026 5295 propius
2070 5222 2320 5277 succede.

751 5335 969 5390 Priores
995 5330 1142 5386 acies
1167 5334 1454 5398 postquam
1484 5336 1680 5376 manus
1711 5318 2082 5382 contulerunt,
2103 5313 2324 5385 perinde

757 5427 830 5484 ut
843 5435 972 5482 tuos
1002 5423 1312 5496 prazliantes
1343 5417 1574 5482 videbis,
1605 5415 1678 5470 ita
1703 5411 1907 5468 auxilia
1945 5408 2320 5465 subministra.

757 5521 838 5576 Ae
861 5519 1040 5590 primo
1069 5513 1232 5588 339
1251 5513 1466 5585 quidem
1495 5509 1644 5566 acies
1675 5515 1970 5575 utrumque
2001 5511 2152 5556 tuum
2181 5503 2326 5557 latus

2419 4688 2628 4756 γέντος,
2661 4683 2756 4737 καὶ
2789 4682 2898 4735 τῶν
2935 4678 3210 4748 πολεμίων
3245 4675 3784 4745 διασκορπιζομένων
3829 4675 3888 4724 ὲν
3927 4673 3992 4740 τῇ

2423 4776 2572 4846 μάχῃ
2597 4776 2688 4826 καὶ
2717 4773 2814 4841 τὴν
2843 4771 2998 4837 τάξιν
3039 4769 3296 4830 λυόντων,
3337 4765 3512 4835 εὑρὼν
3541 4764 3739 4825 αὐτοὺς
3781 4764 3994 4816 διεσκε-

2417 4867 2718 4935 δασμένους
2764 4860 3150 4932 ύπερισχύσεις
3201 4857 3404 4910 αὐτῶν.
3445 4855 3568 4908 Τῶν
3609 4855 3669 4908 δὲ
3713 4854 3994 4923 πολεμίων

2419 4957 2557 5026 προς
2587 4957 2684 5027 τὴν
2717 4953 2970 5023 τοιαύτην
3005 4952 3232 5020 ἐνέδραν
3265 4949 3342 5018 μὴ
3387 4947 3992 5018 παρασκευασθέντων,

2419 5049 2555 5102 ἀλλὰ
2605 5047 2738 5118 πρὸς
2767 5045 2828 5098 τὸ
2861 5045 3154 5114 ἐκδραμεῖν
3203 5041 3298 5093 καὶ
3335 5039 3434 5102 τὰς
3479 5037 3664 5108 χώρας
3701 5037 3998 5106 ληῒσασθαι

2421 5135 2918 5202 κατεπειγομένων,
2949 5131 3056 5201 χρὴ
3089 5129 3195 5198 πρὸ
3225 5126 3320 5179 τοῦ
3358 5125 3650 5195 διαυγὰσαι
3685 5127 3790 5189 τὰς
3817 5125 3997 5190 rdiis;

2421 5225 2516 5280 τοῦ
2549 5225 2652 5278 ύπδ
2683 5225 2744 5276 σὲ
2773 5221 3182 5294 στρατεύματος
3212 5221 3294 5282 εἰς
3337 5221 3536 5282 τόπους
3567 5219 3616 5250 ⁶δ
3653 5216 4001 5288 ἁποκρῦψαι,

2423 5321 2559 5388 πρὸς
2587 5319 2647 5372 τὺ
2679 5318 2753 5390 μὴ
2795 5319 2908 5377 τοῖς
2959 5312 3238 5382 πολεμίοις
3271 5309 3632 5381 φωραθῆναι,
3665 5309 3764 5364 καὶ
3793 5311 3856 5363 ἐν
3891 5311 4000 5369 τοῖς

2425 5411 2683 5473 τοιούτοις
2711 5407 3068 5479 ὲγκρύμμασι
3099 5403 3440 5474 καρτερῆσαι
3469 5401 3600 5472 ἄχρι
3629 5399 3824 5471 τρίτης
3849 5399 4000 5470 ὥρας

2433 5505 2470 5572 ἢ
2499 5503 2594 5556 καὶ
2613 5501 2880 5570 τετάρτη-ς
2905 5498 3002 5568 τῆς
3023 5495 3262 5568 ἡμέρας,
3283 5493 3390 5558 ἓως
3417 5493 3486 5548 ἂν
3505 5495 3558 5546 οι
3583 5493 3836 5561 πολέμιοι
3861 5491 3998 5562 πρὸς

1886 5669 1952 5726 C.
1981 5669 2046 5726 Β.
2077 5667 2264 5726 HAS“
2293 5661 2844 5722 ANNOTATlONES.

834 5801 876 5832 ⁸⁸
903 5797 1149 5870 χωρίοις.
1166 5794 1324 5870 Αποτι.
1355 5795 1594 5870 χρονοις.
1687 5792 1733 5824 ⁹¹
1757 5787 2306 5870 ξρηι-ὰποκρύφους.

2401 5783 2448 5816 ⁸³
2475 5780 2740 5852 χιλιάδας.
2773 5778 2908 5835 Cod.
2940 5775 3000 5833 Β.
3039 5770 3326 5846 μυριάδας.
3365 5767 3476 5828 Sed
3509 5766 3656 5825 intra
3687 5767 3816 5826 “8,
3853 5769 3922 5821 Α,
3953 5767 3994 5821 is

768 5853 1274 5940 ευοῷἐχιλίάὁας.
1349 5853 1494 5929 ι’δέις
1523 5853 1744 5924 τόπους.
1774 5859 1996 5916 Videtur
2025 5853 2115 5914 hic
2143 5853 2290 5913 excid

2394 5869 2416 5910 Β
2439 5853 2794 5924 adjectivutn.
