4178 6522
231 412 346 477 985

1470 412 1884 472 VELITATIO
1918 411 2260 471 BELLICA.

3366 401 3487 477 ιιι

229 523 495 580 ἅπαντας.
530 517 896 583 ξυλοκόντια⁶⁸
923 514 1250 585 κατέχοντας
1278 515 1421 570 πάνυ
1452 518 1639 581 κοντά,
1669 518 1775 587 πρὸ

1910 518 2095 587 Neque
2129 531 2249 572 esse
2296 515 2492 570 debent
2519 516 2641 586 plus
2678 518 2889 587 viginti.
2927 516 3039 574 llos
3069 519 3381 575 introducat
3412 524 3472 579 in

223 610 286 664 τὸ
315 609 597 677 ἀπατῆσαι
626 609 753 671 τοὺς
794 607 1234 680 πολεμίους,ἰκαὶ
1278 607 1438 673 δόξαν
1479 609 1663 672 αὐτοῖς
1696 613 1798 679 ἑμ-

222 704 472 772 ττοιῆσαι,
522 701 597 764 ὡς
635 702 736 755 οὐκ
770 697 880 754 εἷεν
931 700 1025 753 τοῦ
1082 699 1333 771 στρατοῦ,
1391 700 1526 753 ἀλλὰ
1563 702 1798 771 γεωργοί

218 808 387 854 τινες,
420 793 470 843 οἱ
496 790 780 860 λεγόμενοι
811 789 1190 860 οἰκοφύλακες.
1226 790 1316 857 Μὴ
1346 789 1559 852 πλείους
1589 790 1645 842 δὲ
1677 790 1799 842 τού-

218 901 347 945 τους
386 881 524 936 εἶναι
580 883 690 936 τῶν
736 884 926 936 εἴκοσι.
989 883 1318 950 Εἰσαγαγείν
1373 882 1430 935 δὲ
1492 884 1689 945 αὐτοὺς
1740 883 1797 935 ἐν

220 976 443 1043 χωρίοις
490 976 593 1028 ἀνὰ
646 976 704 1041 ἒξ
735 976 766 1045 ἢ
801 976 894 1028 καὶ
946 974 1195 1036 πλείονας
1244 974 1471 1043 πλητέον
1528 974 1793 1043 ἀλλήλων,

218 1068 441 1137 ἔχοντος
462 1070 633 1139 κτήνη
665 1070 785 1121 τινά
809 1070 864 1119 ἐν
890 1070 1004 1130 τοῖς
1031 1068 1212 1130 αὐτοῖς
1242 1066 1481 1135 χωρίοις,
1516 1066 1625 1118 εἴτε
1659 1068 1795 1118 ὑπο-

180 1162 387 1227 ’ςύγια
429 1160 516 1233 [Ρ.
578 1160 703 1231 155]
753 1156 862 1212 εἷεν
919 1162 1014 1213 καὶ
1073 1161 1214 1227 βόες,
1265 1161 1366 1213 εἴθ’
1399 1161 1555 1211 ἵπποι
1606 1177 1664 1211 τε
1702 1160 1796 1212 καὶ

217 1255 455 1323 ἡμίονοι.
490 1255 627 1323 Περὶ
651 1253 707 1305 δὲ
739 1252 1032 1323 ἑνδεκάτην
1065 1253 1214 1323 ὥραν
1253 1253 1354 1321 τῆς
1390 1254 1599 1321 ἡμέρας
1624 1252 1792 1320 διορί-

218 1346 416 1397 σασθαι
468 1347 664 1407 αὐτοὺς
713 1345 1114 1415 ἐμφανισθῆναι
1160 1349 1273 1407 τοῖς
1324 1345 1624 1412 πολεμίοις,
1684 1344 1791 1396 ἀπὸ

213 1438 418 1507 χωρίου
467 1440 545 1500 εἰς
590 1438 774 1506 ἓτερον
816 1437 1014 1507 χωρίον
1058 1436 1333 1507 δρομαίως
1376 1437 1790 1503 εἰσερχομένους

213 1529 312 1581 καὶ
364 1529 844 1597 περισπωμένους,
895 1530 1039 1590 ὅπως
1075 1529 1143 1579 τὰ
1174 1530 1343 1599 κτήνη
1379 1529 1555 1580 αὐτῶν
1587 1528 1789 1580 ἀναλάο

212 1619 439 1679 σωνται,
482 1619 577 1670 καὶ
627 1618 761 1688 πρὸς
808 1619 876 1670 τὰ
909 1617 1241 1689 ὀχυρώματα
1280 1617 1609 1669 διασώσωσι.
1650 1617 1787 1669 Τού-

208 1726 334 1771 τους
367 1710 544 1761 τοίνυν
578 1712 740 1779 ἡνίκα
777 1713 824 1762 οἱ
856 1713 935 1772 εἰς
980 1711 1039 1762 τὸ
1065 1709 1295 1777 φοῦλκον
1319 1710 1595 1777 ἱστάμενοι
1624 1708 1786 1760 πολέ-

212 1818 328 1869 μιοι
370 1801 690 1867 θεάσωνται,
738 1801 807 1854 τὰ
840 1802 936 1871 μὲν
969 1804 1077 1853 τῶν
1118 1800 1331 1871 κτηνῶν
1374 1802 1553 1853 αὐτῶν
1590 1801 1789 1869 παρέλ-

1906 610 2074 674 vicos,
2112 624 2275 663 senos
2322 608 2506 671 simul,
2537 620 2631 663 aut
2682 610 2847 663 etiam
2895 611 3100 679 plures,
3151 612 3223 665 ita
3272 619 3334 665 ut
3359 626 3473 669 non

1903 700 2060 770 longe
2083 701 2225 755 inter
2258 715 2318 754 se
2343 700 2568 766 distent,
2597 701 2959 771 jumeutaque
2985 703 3220 757 habeant
3254 704 3307 757 in
3340 704 3487 773 ipsis.

1904 792 2059 853 vicis,
2084 792 2196 845 sive
2241 792 2356 845 hac
2387 791 2632 844 veterina
2661 792 2771 846 sint
2797 805 2861 845 ac
2890 791 3079 856 boves,
3108 794 3223 847 sive
3250 794 3377 863 equi
3416 802 3475 848 et

1902 883 2057 938 muli.
2112 882 2221 937 llos
2271 884 2482 952 jubcal,
2534 886 2678 936 'circa
2730 883 3071 938 undecimam
3129 886 3318 939 horam
3362 884 3479 939 diei-

1902 977 2154 1031 hostibus
2179 976 2321 1029 se°in
2352 983 2705 1043 conspectum
2735 975 2884 1039 dare,
2920 984 2974 1028 et
2996 990 3027 1027 a
3052 975 3172 1029 vico
3194 975 3263 1028 sd
3291 975 3471 1031 vicum

1902 1070 2232 1138 trepidanter
2262 1067 2569 1121 discurrere
2604 1066 2848 1133 satisque
2878 1082 3056 1136 agere,
3088 1067 3245 1135 quasi
3270 1082 3466 1136 pecora

1900 1177 1998 1215 sua
2030 1160 2190 1230 237
2218 1160 2339 1212 inde
2368 1169 2613 1227 repetere
2644 1159 2810 1227 inque
2842 1159 2959 1212 loca
2990 1162 3198 1213 munita
3230 1159 3471 1227 compel-

1897 1252 2007 1306 lere
2062 1254 2251 1306 velint.
2300 1250 2500 1305 Hostes
2534 1251 2791 1318 globatim
2841 1250 3193 1315 excubantes,
3228 1252 3320 1307 ubi
3369 1252 3482 1307 hos.

1894 1342 2089 1411 partim
2147 1356 2340 1409 pecora
2396 1354 2494 1393 sua
2542 1341 2943 1407 protrahentes,
2996 1342 3191 1408 partim
3238 1350 3365 1395 ante
3411 1356 3484 1395 se

1893 1443 2115 1502 agentes
2144 1434 2548 1499 conspexerint,
2581 1430 2847 1501 agricolas
2874 1448 2971 1487 eos
2999 1441 3055 1487 et
3077 1446 3319 1500 paganos
3344 1444 3465 1485 esse

1892 1527 2018 1589 rati,
2046 1524 2217 1579 ell'use
2245 1535 2405 1593 atque
2427 1534 2629 1578 temere
2658 1524 2781 1578 illos
2818 1535 3236 1592 persequentur.
3268 1519 3335 1574 Hi
3370 1520 3466 1590 qui

1891 1618 2177 1672 custodum
2230 1627 2283 1671 et
2330 1611 2690 1685 agricolarum
2746 1630 3033 1685 personam
3085 1621 3477 1684 susceperunt,

1891 1709 1937 1762 si
1969 1709 2267 1777 agitantur,
2298 1706 2636 1760 festinabant
2664 1707 2846 1781 locum
2886 1706 3129 1772 assequi,
3163 1705 3255 1757 ubi
3286 1704 3463 1758 laten-

1893 1811 1975 1854 tes
2015 1802 2187 1869 (‘Opiae
2228 1800 2597 1853 consederunt
2626 1810 2799 1867 :quos
2832 1798 3017 1852 hostes
3052 1805 3465 1865 persequentes.

207 1909 426 1955 κοντας,
456 1893 523 1944 τά
559 1894 614 1946 δέ
647 1894 1073 1957 ἀπελαύνοντας,
1105 1895 1199 1946 καὶ
1246 1894 1485 1963 ἀγρότας
1521 1888 1659 1945 εἶναι
1692 1894 1777 1943 καῑ

1890 1894 2263 1960 imprudentes
2323 1890 2377 1943 in
2442 1889 2668 1943 insidias
2723 1889 2980 1941 incident.
3030 1886 3165 1940 Nam
3215 1887 3306 1939 ubi
3376 1885 3465 1941 his

213 1986 487 2052 γεωργοὺς
512 1983 734 2047 τούτους
761 1986 1214 2055 ύποτοπήσουσιν,
1247 1983 1503 2054 ἀκρατῶς
1530 1986 1623 2035 καὶ
1653 1986 1790 2051 ἀφυ-

204 2075 424 2140 λάκτως
466 2079 686 2141 τούτους
732 2080 1099 2144 ἐπιδιώξουσι.
1152 2081 1483 2148 Διωκόμενοι
1534 2080 1588 2130 δὲ
1627 2080 1675 2129 οἱ
1726 2079 1787 2129 τὸ

205 2168 395 2236 σχῆμα
450 2170 555 2221 τῶν
600 2172 977 2237 οἰκοφυλάκων
1025 2172 1117 2222 καὶ
1162 2170 1422 2239 γεωργῶν
1468 2170 1782 2234 ὑποδύντες,

202 2260 570 2315 σπουδάσουσι
595 2265 945 2327 καταλαΰείν,
980 2265 1037 2315 ἐν
1059 2257 1103 2331 ᾧ
1134 2264 1194 2315 τὸ
1214 2264 1510 2333 ἕγκρυμμα
1532 2264 1746 2314 ἵσταται
1768 2278 1781 2291 ·

200 2358 300 2407 καὶ
338 2356 561 2419 τούτους
599 2358 647 2409 οἱ
680 2358 926 2425 πολέμιοι
959 2356 1244 2417 διώκοντες
1270 2356 1688 2424 περιπεσοῦνται
1715 2357 1778 2425 τῇ

200 2446 398 2515 ἐνέδρα
448 2448 950 2517 ἀπαραφυλάκτως.
1024 2448 1189 2498 Ἐπάν
1241 2448 1296 2498 δὲ
1349 2450 1459 2508 τοῖς
1520 2446 1781 2517 λοχήσασι

201 2540 665 2607 προσεγγίσωσιν,
696 2538 945 2607 εὐτάκτῳ
972 2540 1130 2608 φρενὶ
1155 2538 1197 2568 ⁵³
1228 2542 1319 2589 καὶ
1349 2539 1491 2607 ὁρμῇ
1520 2538 1640 2590 κατ’
1682 2540 1780 2589 αὺ-

196 2630 309 2679 τῶν
346 2632 395 2679 οἱ
438 2629 667 2681 τοιοίτοι
709 2632 1121 2697 ἐφορμήσαντες
1167 2631 1619 2699 συρῤαγήτωσαν.
1670 2630 1778 2681 Καὶ

197 2722 358 2789 δῆλον
407 2721 482 2783 ὠς
532 2723 630 2774 οὐκ
677 2723 1090 2792 ἀντιστήσονται
1142 2722 1245 2774 κᾶν
1304 2721 1437 2790 πρὸς
1486 2721 1679 2791 μικρὸν
1728 2723 1776 2773 οἱ

196 2812 489 2881 πολέμιοι·
561 2813 695 2865 ἀλλὰ
748 2814 891 2865 νῶτα
946 2814 1127 2875 δόντες
1188 2813 1375 2865 πολλοὶ
1428 2812 1633 2865 τούτων
1684 2813 1777 2865 καὶ

195 2907 673 2975 ἀναιρεθήσονται,
716 2907 810 2959 καὶ
864 2906 1191 2973 δορυάλωτοι
1244 2906 1587 2973 γενήσονται.
1628 2906 1687 2956 Εἰ
1719 2906 1776 2957 δὲ

196 2994 470 3059 σύνεγγυς
506 2997 532 3047 ὁ
560 2995 735 3063 χῶρος
778 2996 861 3063 εἴη
894 2996 988 3062 τῆς
1025 2996 1133 3046 τῶν
1163 2994 1372 3063 ἐχθρῶν
1410 2996 1691 3063 στρατιᾶς,
1720 2998 1775 3049 ἐν

195 3078 240 3151 ᾧ
271 3085 344 3136 τὰ
374 3086 550 3137 τοιάδε
577 3087 831 3150 τελεῖται,
880 3088 973 3137 καὶ
1004 3086 1201 3154 πλῆθος
1236 3085 1327 3137 τοῦ
1367 3085 1496 3136 λαοῦ
1528 3085 1636 3136 τῶν
1674 3104 1773 3138 πο-

1891 1983 2405 2054 appmpinquarint,
2444 1980 2615 2035 nostri
2652 1980 2837 2034 animo
2870 1988 3131 2046 motuque
3157 1978 3471 2048 composito

1888 2078 2061 2131 coorti
2103 2078 2211 2130 illis
2240 2083 2552 2128 occurrant.
2593 2072 2667 2126 lbi
2714 2073 3061 2142 perspicuum
3103 2080 3208 2135 est,
3237 2086 3305 2126 ne
3334 2079 3461 2126 tan~

1890 2171 2057 2239 tisper
2094 2170 2314 2239 quidem
2377 2169 2669 2221 restituros
2723 2166 2955 2220 hostes:
2992 2165 3087 2219 sed
3134 2164 3259 2233 fuga
3318 2162 3471 2219 facta

1888 2262 2043 2315 multi
2087 2275 2277 2315 eorum
2306 2268 2362 2314 et
2395 2258 2717 2323 interibunt,
2759 2268 2813 2311 et
2858 2258 3054 2327 captivi
3101 2256 3252 2310 ﬁent.
3289 2254 3343 2310 Si
3375 2263 3458 2310 ta-

1885 2370 2011 2409 men
2070 2369 2101 2408 a
2150 2353 2290 2418 loco,
2344 2351 2439 2405 ubi
2502 2352 2616 2404 haec
2665 2356 2947 2418 geruntur,
3013 2349 3157 2402 acies
3216 2347 3470 2401 hostium.

1882 2445 2107 2517 pr0pius
2135 2445 2309 2509 abest,
2334 2442 2745 2510 adversariique
2778 2455 2972 2509 magna
3007 2438 3355 2492 multitudine
3388 2436 3469 2491 ad-

1884 2538 2117 2592 tuendos
2157 2552 2289 2592 suos
2330 2535 2600 2604 fugientes
2656 2550 2716 2587 se
2757 2532 3061 2596 cﬂundunt,
3093 2531 3252 2585 debet
3289 2530 3399 2585 dux
3426 2544 3455 2583 ι

1885 2641 2036 2699 tergo
2093 2630 2286 2682 harum
2352 2629 2674 2681 insidiarum
2737 2627 2963 2680 alteram
3037 2637 3259 2678 manum
3328 2622 3453 2676 loco

1880 2725 2074 2777 idoneo
2134 2722 2421 2783 collocare,
2473 2720 2525 2773 in
2577 2719 2823 2783 latibulo,
2881 2716 3026 2787 quod
3084 2732 3130 2771 a-
3170 2714 3455 2785 prioribus

1879 2814 2096 2869 insidiis
2140 2814 2249 2868 duo
2287 2814 2451 2865 millia
2488 2828 2749 2881 passuum
2794 2811 2958 2865 absit.
2992 2813 3070 2864 Ac
3113 2809 3181 2873 si,
3220 2820 3280 2862 ut
3313 2820 3453 2876 prte-

1879 2904 2142 2969 diximus,
2180 2905 2382 2959 milites
2431 2904 2671 2972 priorum
2724 2902 3046 2956 insidiarum
3091 2900 3174 2953 vis
3204 2897 3466 2953 hostium

1878 2998 2243 3066 persequitur,
2290 2998 2382 3065 qni
2426 2996 2477 3049 in
2513 2996 2682 3049 altero
2718 2993 2943 3047 latibulo
2982 2998 3131 3057 sunt,
3174 2990 3473 3045 evolantes-

1876 3087 1931 3139 in
1965 3086 2104 3149 illos,
2144 3095 2255 3139 tum
2300 3085 2706 3139 commilitones
2753 3082 3069 3143 servabunt,
3108 3091 3221 3134 tum
3258 3078 3456 3132 adver-

192 3176 407 3245 λεμέων
455 3177 532 3238 εἰς
575 3178 856 3244 ἐκδίκησιν
897 3178 1003 3229 τῶν
1034 3177 1376 3244 διωκομένων
1409 3176 1633 3240 ἐξέλθοι,
1666 3177 1772 3247 χρὴ

1882 3178 2052 3231 salios
2097 3178 2298 3231 damno
2333 3186 2386 3231 et
2426 3186 2602 3231 morte
2650 3174 2904 3230 aﬂicient.
2958 3173 3079 3239 Quo
3119 3180 3469 3235 commento..

189 3269 286 3318 τὸν
322 3269 627 3336 στρατηγὸν
653 3272 743 3321 καὶ
772 3269 993 3321 ὄπισθεν
1023 3270 1118 3334 τῆς
1146 3267 1399 3335 τοιαύτης
1432 3266 1651 3335 ἐνέδρας
1679 3271 1773 3320 καὶ

191 3358 383 3424 ἕτερον
420 3357 547 3409 λαὸν
576 3360 739 3411 τόπον
770 3361 846 3420 εἰς
888 3359 1189 3427 ἐπιτήδειον
1217 3359 1296 3419 εἰς
1333 3358 1626 3427 ἕγκρυμμα
1662 3376 1764 3411 κα-

188 3452 487 3517 ταστῆσαι,
522 3451 721 3518 ἀπέχον
756 3451 852 3518 τῆς
898 3451 1168 3519 προτέρας
1207 3450 1430 3517 ἐνέδρας
1474 3451 1624 3517 μίλια
1655 3450 1769 3504 δύο.

194 3541 302 3590 Καὶ
341 3540 521 3606 εἴγε,
575 3541 649 3604 ὡς
702 3540 930 3611 ἔφημεν,
963 3540 1086 3602 τοὺς
1123 3542 1179 3591 ἐν
1233 3542 1297 3609 τῇ
1337 3539 1526 3609 πρώτῃ
1577 3541 1767 3609 ἐνέδρα

189 3629 389 3691 λιὶς’⁶
444 3631 552 3682 τῶν
630 3633 902 3702 πολεμίων
947 3636 1243 3702 massam,
1302 3638 1350 3690 οἱ
1400 3636 1493 3689 τοῦ
1551 3636 1805 3707 δευτέρου
1844 3638 2236 3709 ἐγκρύμματος

189 3729 377 3787 κεὶους
426 3727 810 3795 περισώσουσι,
852 3732 975 3793 τοὺς
1024 3732 1079 3785 δὲ
1156 3733 1447 3802 πολεμίους

1527 3736 2107 3804 κατατραυματίσουσι
2157 3736 2251 3788 καὶ

1881 3286 1914 3323 o
1947 3271 2077 3335 dux,
2114 3272 2217 3324 sub
2252 3268 2511 3325 occasum
2554 3270 2688 3325 solis
2721 3276 2937 3339 oportet
2980 3269 3058 3322 uti
3088 3285 3102 3322 :
3134 3276 3211 3332 ut,
3239 3265 3454 3320 etiamsi

1885 3364 1965 3413 vis
1996 3363 2235 3415 hostium
2282 3362 2628 3416 insidiatores
2665 3368 2876 3429 urgeat,
2910 3367 3091 3412 tamen
3124 3372 3229 3411 nox
3258 3370 3454 3425 super-

1881 3452 2104 3505 \‘cnictts
2148 3453 2418 3521 dirempto
2460 3450 2646 3520 praelia
2682 3451 3010 3505 incolumem
3042 3457 3192 3503 tuam
3230 3461 3460 3502 manuni

1882 3552 2081 3595 SL‘I'Vl‘l.

2318 3636 2663 3709 ἐξερχόμενοι
2710 3635 2831 3690 κατ’
2870 3635 3047 3690 αὐτῶν
3096 3635 3223 3697 τοὺς
3255 3632 3353 3703 μὲν
3378 3632 3455 3685 oi-

2332 3733 2721 3787 θανατώσουσι.
2773 3735 2864 3784 Δεῖ
2938 3728 3031 3785 οὖν
3070 3730 3169 3801 τὴν
3198 3727 3453 3794 τοιαύτην

193 3824 471 3894 μηκινὴνν
515 3817 559 3876 ὦ
610 3828 901 3897 στρατητὲ.
933 3831 1060 3897 περὶ
1092 3829 1302 3897 δυσμὰς
1350 3830 1504 3897 ήὶίου
1570 3827 2006 3897 ἐξεργάσασθαι·
2078 3833 2184 3892 ἵνα,
2220 3830 2315 3882 ἐὰν
2382 3829 2561 3899 πλήθη
2630 3827 2906 3897 πολεμίων
2932 3826 3363 3887 ἐπιθωνταιτοτς
3388 3824 3453 3876 ἐν

190 3922 257 3987 τῇ
288 3919 501 3987 ἐνέδρᾳ,
538 3920 572 3989 ἡ
602 3920 699 3983 νὺξ
742 3920 1117 3975 καταλαϐοῦσα
1144 3924 1237 3974 καὶ
1261 3922 1350 3975 τὸν
1383 3923 1617 3992 πόλεμον
1648 3922 1968 3989 διαλύσασα,
2000 3924 2211 3993 ἀϐλαϐῆ
2238 3924 2327 3976 τὸν
2359 3922 2465 3975 ὑπὸ
2492 3922 2552 3973 σὲ
2580 3919 2705 3973 λαὸν
2729 3919 3059 3991 διατηρήσῃ.

196 4035 353 4089 ΚΕΦ.
426 4032 527 4087 18'.
586 4036 729 4101 Περὶ
783 4036 1207 4101 καταστάσεως
1262 4036 1362 4089 καὶ
1395 4036 1771 4101 ἐξοπλίσεως

591 4108 688 4158 καὶ
720 4109 1057 4174 γυμνασίας
1087 4107 1367 4175 στρατοῦ.

263 4216 325 4268 Εἰ
368 4215 424 4266 δέ
482 4232 544 4281 γε
596 4215 931 4286 θαρρήσουσι
982 4218 1215 4287 κοῦρσον
1269 4219 1621 4288 διαχωρίσαι,
1684 4218 1773 4270 εὖ·

194 4308 341 4375 φυῶς
361 4308 402 4337 ⁷¹
433 4308 511 4359 δεῖ
534 4324 593 4359 σε
612 4308 836 4371 τούτους
860 4310 1341 4377 ἐπιτηδεύσασθαι,
1373 4310 1773 4363 ἀποστέλλοντα

192 4399 297 4451 τῶν
332 4400 435 4451 ὑπὸ
461 4403 518 4452 σε
552 4418 668 4453 τινα
696 4402 915 4471 ἀνδρεία
946 4403 1042 4455 καὶ
1068 4404 1331 4473 ἐμπειρία
1352 4403 1767 4471 κεκοσμημένον

1869 4039 2034 4109 238
2082 4040 2209 4094 Car.
2260 4037 2397 4092 XIX.
2436 4038 2508 4089 De
2555 4046 2736 4109 statu,
2768 4043 3042 4086 armatura
3089 4040 3140 4084 et
3188 4031 3447 4083 exercita-

2449 4109 2588 4159 tione
2626 4106 2875 4158 militum.

1943 4220 2048 4277 Sed
2084 4221 2129 4275 si
2158 4222 2363 4275 audent
2393 4218 2710 4273 catervatim
2755 4216 3087 4286 praedatores
3122 4231 3151 4268 a
3181 4229 3239 4268 se
3259 4211 3447 4280 dispa-

1869 4332 2012 4381 rare,
2044 4315 2208 4369 debes
2259 4316 2358 4369 hos
2403 4313 2619 4368 solertia
2670 4309 2916 4364 adhibita
2966 4306 3241 4368 invadere,
3275 4304 3447 4359 misso

1876 4424 1985 4463 uno
2036 4408 2104 4463 de
2155 4408 2261 4462 illis
2307 4406 2399 4475 qui
2450 4405 2550 4459 sub
2603 4412 2655 4459 te
2696 4402 2951 4466 militant,
2999 4398 3215 4453 homine
3245 4397 3447 4451 virtue

194 4492 331 4560 μετά
359 4492 809 4562 καθωπλισμένον
837 4494 967 4547 λαοῦ
989 4496 1079 4549 καὶ
1107 4497 1482 4564 ἐξαρκοῦντος,
1523 4497 1649 4556 τους
1686 4496 1766 4547 δι’

1882 4507 2042 4566 atque
2082 4512 2184 4551 usu
2242 4496 2489 4565 praedito,
2521 4508 2645 4547 cum
2690 4504 2898 4546 armata
2938 4505 3102 4543 manu
3152 4503 3271 4555 quae
3300 4486 3449 4542 sum-

190 4584 623 4651 εσκεδασμένους
642 4585 749 4637 τῶν
770 4586 1044 4654 πολεμίων
1077 4588 1452 4657 κατατρέχειν,
1488 4590 1581 4639 καὶ
1612 4588 1765 4639 ἀναι-

192 4677 330 4743 μίν,
369 4676 466 4726 καὶ
506 4674 788 4743 δεσμώτας
826 4680 1018 4730 ποιεῖν.
1052 4679 1153 4730 Σοῦ
1185 4680 1239 4731 δὲ
1272 4680 1542 4749 μηδέποτε
1592 4695 1761 4731 κατα-

188 4763 363 4817 λυέτω
394 4766 768 4833 ήπαράταξις·
788 4767 897 4829 ἵνα,
930 4770 979 4819 εἰ
1002 4769 1178 4837 συμϐῇ
1211 4769 1462 4837 φούλκοις
1484 4770 1760 4837 πολεμίων

188 4856 505 4924 περιτυχεῖν
536 4856 735 4925 πλῆθος
757 4857 938 4925 ἔχουσι
970 4858 1053 4929 [Ρ.
1090 4858 1212 4929 154]
1239 4860 1391 4923 λαοῦ,
1422 4860 1554 4929 πρὸς
1587 4861 1759 4926 φυλαν

187 4946 290 5015 χὴν
313 4947 512 5016 δηλαδὴ
536 4949 647 5001 τῶν
665 4948 989 5014 ἐξελθόντων
1015 4951 1288 5019 πολεμίων
1315 4951 1759 5015 ἐπακολουθοῦσι,

184 5039 284 5105 τήν
318 5040 455 5091 ἰδίαν
508 5040 646 5107 ἔχων
701 5042 1005 5111 παράταξιν
1056 5043 1472 5111 συνισταμένην,
1523 5044 1758 5112 πόλεμον

190 5128 328 5196 μετὰ
346 5128 442 5179 τοῦ
466 5129 700 5195 φούλκου
731 5133 1015 5185 συνάπτων
1040 5134 1417 5203 στρατηγικῶς
1444 5137 1538 5187 καὶ
1567 5136 1760 5203 ἐμπεί-

190 5235 320 5287 ρως,
352 5218 424 5279 ὡς
450 5219 767 5289 ἐξεθέμεθα,
802 5224 1149 5294 καταγωνίσῃ
1179 5225 1419 5288 τούτους,
1455 5228 1544 5277 καὶ
1570 5228 1759 5296 τελείῳ

188 5309 521 5382 παραδώσῃς
558 5312 870 5383 ἀφανισμῷ.
923 5315 1109 5368 Ταῦτα
1133 5316 1187 5369 δὲ
1214 5318 1292 5379 εἰς
1323 5322 1419 5385 τὴν
1454 5318 1554 5387 σὴν
1578 5320 1759 5387 ἀσφά-

186 5398 366 5467 λειαν,
403 5395 448 5454 ὦ
494 5406 790 5473 στρατηγὲ,
824 5407 915 5459 καὶ
941 5408 1035 5461 τοῦ
1076 5408 1207 5461 λαοῦ
1257 5410 1620 5477 φυλάττεσθαι
1660 5414 1760 5465 ὑπ-

1872 4588 2003 4651 ciat,
2037 4586 2222 4640 hostes
2256 4585 2533 4653 dispersos
2581 4582 2864 4647 insectari,
2895 4582 3165 4641 occidere.
3200 4578 3447 4649 captivos

1868 4678 2067 4733 facere.
2101 4677 2280 4745 Neque
2314 4685 2493 4730 tamen
2525 4683 2582 4729 tu
2627 4682 2776 4728 tuam
2817 4674 2988 4729 aciem
3024 4673 3203 4727 solvas
3244 4689 3259 4725 :
3308 4678 3366 4725 ιιι
3396 4670 3444 4725 si

1866 4770 2087 4833 accidit,
2120 4774 2173 4823 te
2202 4770 2252 4821 in
2279 4769 2466 4837 globos
2508 4766 2745 4820 hostium
2776 4779 3008 4818 numero
3030 4764 3273 4818 valentes
3300 4762 3445 4818 inci-

1867 4862 2019 4926 dere,
2053 4863 2145 4930 qui
2190 4862 2426 4931 praesidii
2462 4875 2629 4914 causa
2671 4860 3001 4930 praedatores
3050 4857 3281 4912 insecuti
3310 4856 3441 4921 sint,

1867 4962 1959 5007 tua
1981 4956 2096 5007 acie
2124 4954 2406 5015 instructa,
2436 4952 2731 5021 praelioque
2765 4967 2890 5007 cum
2933 4952 3092 5020 globo
3117 4940 3253 5013 illo,’
3267 4950 3443 5003 bono-

1866 5061 1986 5097 rum
2020 5044 2218 5097 ducum
2252 5059 2403 5097 more
2440 5059 2503 5097 ac
2546 5044 2733 5112 perite,
2778 5053 2835 5095 ut
2879 5042 3441 5119 exposuimus,‘com-

1867 5139 2055 5202 misso,
2082 5151 2356 5204 expugnes
2389 5136 2528 5200 illos,
2556 5144 2609 5191 et
2639 5134 2886 5189 funditus
2914 5135 2980 5189 ad
3012 5132 3437 5188 internecionem

1864 5230 2063 5284 deleas.
2096 5228 2222 5282 [hec
2274 5239 2400 5292 tuae,
2430 5243 2463 5282 ο
2501 5226 2635 5293 dux,
2668 5228 3017 5296 militumque
3044 5234 3264 5281 tuorum
3294 5222 3440 5279 salu-

1864 5324 1934 5376 tis
1984 5322 2370 5376 conservanda:
2402 5336 2565 5375 causa
2600 5320 2940 5380 monuimus,
2981 5320 3023 5373 si
3075 5318 3296 5388 quidem
3334 5326 3439 5371 tum

1864 5413 2031 5481 capite
2065 5428 2243 5482 parva:
2274 5421 2421 5473 sunt,
2453 5420 2507 5465 et
2544 5420 2756 5477 tenues,
2792 5419 2852 5465 ut
2875 5409 3101 5466 hostiles
3128 5409 3237 5469 illis
3266 5410 3439 5482 pluri-

1283 5589 1345 5644 C.
1386 5592 1447 5645 Β.
1485 5589 1667 5646 HAS"
1711 5588 2264 5648 ANNOTATIONES.

254 5742 316 5829 ⁸⁸.
339 5744 677 5831 ﬁnissem-ig.
696 5745 783 5831 S'ic
802 5750 934 5831 verti
963 5749 1352 5831 cum_Duea_n_g.
1386 5752 1559 5811 Gloss.
1590 5756 1777 5812 1.1024

1882 5758 1944 5813 isi
1972 5758 2075 5829 leg.
2114 5758 2455 5823 ξυλακόντια.
2527 5753 2571 5786 ⁸³
2594 5751 2771 5821 φρενί.
2800 5751 2947 5810 Fort.
2980 5757 3143 5827 φορᾷ.
3220 5754 3265 5788 ⁷⁸
3282 5754 3429 5831 λαὸςῖ

188 5812 350 5878 λαούς
373 5816 535 5872 codd.
611 5817 654 5848 ’ί
689 5816 925 5888 εὐφυῶς]
964 5819 1147 5888 ἀφυῶς
1169 5812 1325 5877 σούάῖ
