4178 6522
200 415 308 480 993

1446 413 1717 473 VELITA
1729 411 1857 470 ΤΙΟ
1888 411 2227 472 BELLICA.

3363 406 3473 478 99‘

203 524 482 593 δυνάμεως
503 522 645 576 κατὰ
671 523 769 592 τῆς
790 523 896 574 τῶν
921 521 1046 574 πολε
1058 521 1504 592 μίωνίάποστέλλε
1515 539 1559 574 ιν
1581 518 1776 591 χώραςἸ

1897 522 2071 590 copiis
2107 519 2365 575 accedere
2393 521 2459 575 ad
2487 521 2750 588 ejusmodi
2792 523 2932 587 loca,
2963 533 3016 576 et
3054 529 3234 577 castra
3266 521 3339 577 ibi
3370 538 3471 592 po-

202 617 297 668 καὶ
318 613 581 683 χρονίζειν
614 615 672 666 ἐν
701 614 860 683 αὐτῇ,
888 614 980 666 καὶ
1008 613 1325 682 πυρπολεῖν,
1351 613 1447 666 καὶ
1470 613 1779 680 ἀφανίζειν,

203 707 297 760 καὶ
323 708 536 775 κάστρα
571 706 900 774 πολιορκεῖν·
930 706 1016 758 ἵνα
1043 703 1200 756 τοῦτο
1232 703 1520 766 ἀκούοντες
1549 704 1598 755 oi
1633 702 1789 755 πολέ-

204 812 338 864 μιοι,
357 796 451 847 καὶ
476 797 550 864 μὴ
572 795 897 866 βουλομένου
917 793 1010 848 τοῦ
1033 793 1278 864 ἀρχηγοῦ
1304 794 1509 857 αὐτῶν,
1539 794 1787 860 ἀναγκά-

203 903 370 940 σωσιν
399 889 561 942 αὑτὸν
595 887 964 952 ἐπαναζεῦξαι
989 887 1123 957 πρὸς
1156 887 1257 957 τὴν
1300 887 1399 956 τῆς
1441 886 1576 950 ἰδίας
1605 886 1787 956 χώρας

200 980 494 1050 ἐκδίκησιν.
531 980 834 1034 Ὀπότανδὲ
866 981 962 1044 τάς
985 979 1167 1050 χώρας
1192 980 1348 1049 ἡμῶν
1365 979 1545 1042 καλῶς
1579 981 1786 1048 ἐκσπη-

199 1071 417 1142 λεῦσῃς,
457 1072 551 1124 καὶ
583 1072 926 1143 φυγαδεύσῃς
955 1073 1047 1125 καὶ
1090 1073 1182 1124 τὸν
1221 1073 1277 1124 ἐν
1305 1074 1488 1133 αυτοῖς
1529 1073 1785 1123 οἰκοῦντα

175 1161 329 1235 ξλαδν
354 1165 446 1216 καὶ
472 1166 542 1216 τὰ
568 1166 772 1216 τούτων
806 1165 1099 1235 θρέμματα
1129 1164 1186 1215 ἐν
1215 1163 1398 1232 ὄρεσιν
1431 1163 1656 1232 ὑψηλοῖς
1689 1164 1784 1215 καὶ¹

173 1234 509 1317 ’δυσϐάτοιῆ
541 1257 634 1308 καὶ
684 1256 1023 1325 βουληθῶσιν
1067 1257 1114 1308 οἱ
1164 1256 1413 1326 πολέμιοι
1464 1257 1784 1326 ψηλαφῆσαι

198 1345 294 1396 καὶ
330 1347 793 1415 ἀνερευνήσασθαι
842 1345 928 1418 [Ρ.
979 1344 1100 1417 158]
1137 1349 1204 1400 τά
1251 1348 1478 1400 τοιαῦτα
1507 1349 1632 1419 ὅρη,
1676 1350 1777 1401 κά-

197 1443 380 1496 κεῖθεν
457 1443 678 1506 τούτους
740 1443 1261 1512 ἀνδραποδίσασθαι,
1335 1446 1428 1496 καὶ
1478 1445 1784 1516 πανστρατὶ

197 1534 498 1604 πλησιάσαι
533 1538 645 1598 τοῖς
677 1535 941 1599 τοιούτοις
977 1539 1162 1600 τόποις
1211 1535 1500 1607 θελήσωσι,
1551 1537 1644 1590 καὶ
1683 1536 1783 1600 τάς

199 1629 408 1697 σκηνάς
441 1630 619 1680 ἐκεῖσε
652 1629 951 1696 πήξασθαι·
981 1630 1216 1696 ὀφείλεις
1255 1633 1347 1682 καὶ
1378 1630 1540 1691 αὐτὸς
1579 1631 1636 1682 ἐν
1669 1632 1780 1694 τοῖς

201 1717 425 1787 μέρεσιν
471 1719 700 1781 ἐκείνοις
751 1719 979 1797 πλησίον
1032 1721 1310 1787 γενέσθαι,
1367 1721 1444 1782 εἰς
1503 1720 1781 1789 ἐκδίκησιν

195 1808 306 1859 τῶν
343 1809 578 1862 οἰκείων.
610 1810 722 1862 Καὶ
747 1811 799 1863 εῐ
817 1828 876 1878 γε
905 1812 996 1862 τὸν
1020 1811 1198 1882 χῶρον
1229 1811 1419 1882 θεάσῃ,
1451 1813 1507 1864 ἐν
1531 1805 1574 1878 ᾧ
1603 1813 1650 1864 oi
1685 1828 1781 1862 πο-

1895 628 2024 667 nere
2080 615 2319 683 cogitent
2361 631 2373 664 :
2414 615 2578 668 debes
2639 624 2693 669 tu
2750 630 2968 686 quoque
3029 614 3476 686 appropinquare

1895 705 2030 759 locis
2050 705 2175 768 illis,
2206 705 2272 759 ad
2289 720 2444 774 opem
2462 707 2572 762 tuis
2599 705 2901 760 ferendam.
2932 705 3030 761 Ubi
3064 706 3476 762 sianimadver-

1891 798 2025 851 teris
2047 836 2062 862 ,
2131 797 2333 861 locum,
2380 798 2433 851 in
2468 814 2578 868 quo
2613 799 2844 853 tendant
2869 799 3203 866 adversarii,
3233 809 3476 854 montem

1891 891 2093 944 habere
2139 898 2235 943 aut
2263 891 2593 960 crepidinem
2635 893 2858 955 editam,
2891 900 3202 960 aptamque,
3233 899 3294 946 ut
3341 891 3474 946 inde

1890 991 2052 1037 noctu
2077 982 2296 1052 aggredi
2325 997 2421 1036 eos
2453 984 2650 1052 possis,
2677 985 2742 1038 ad
2769 983 2875 1038 hoc
2898 991 3132 1037 mentem
3159 991 3470 1038 convertas.

1888 1075 2083 1144 Atque,
2111 1083 2392 1144 perspecta
2422 1075 2558 1130 bene
2588 1086 2780 1131 natura
2816 1076 2939 1140 loci,
2966 1075 3053 1128 illa
3087 1074 3310 1144 adjutus
3339 1089 3472 1128 cum

1887 1167 2228 1237 pedestribus
2254 1167 2711 1236 equestribusque
2738 1167 2908 1235 copiis
2932 1166 3177 1234 praelium
3208 1166 3468 1220 instituas

1887 1260 2151 1313 adversus
2187 1260 2308 1312 illos
2355 1269 2555 1324 noctu,
2581 1258 3039 1329 quemadmodum
3085 1260 3137 1312 in
3177 1259 3357 1325 capite
3403 1257 3478 1312 de

1886 1351 2236 1404 dimicatione
2261 1362 2524 1404 nocturna
2544 1351 2683 1405 infra
2699 1349 3182 1406 demonstrabitur.
3205 1349 3284 1404 Ita
3306 1349 3474 1404 vehe-

1887 1451 2097 1496 menter
2129 1442 2254 1496 illos
2304 1442 2526 1496 vexabis
2578 1452 2633 1496 et
2679 1441 3035 1512 perterrebis,
3068 1439 3380 1509 cﬂiciesque
3407 1447 3471 1493 ut

1884 1535 2010 1589 inde
2042 1536 2312 1589 recedant.
2344 1534 2499 1601 Quod
2529 1533 2574 1588 si
2609 1533 2976 1587 nihilominus
3009 1539 3334 1601 permanent
3364 1530 3471 1584 ibi-

1885 1625 2042 1688 dem,
2081 1625 2476 1695 diligenterque
2531 1639 2652 1680 sese
2706 1624 3025 1679 custodiunt
3081 1637 3146 1677 ac
3207 1628 3468 1685 tuentur,

1879 1717 2180 1786 .voluntque
2217 1717 2452 1772 scrutari
2494 1725 2727 1777 montes,
2783 1717 2835 1769 iu
2878 1715 3078 1784 quibus
3112 1709 3465 1778 receptacula

1883 1808 2104 1860 rusticae
2135 1807 2308 1874 plebis
2342 1815 2490 1871 sunt,
2515 1806 2707 1860 debent
2737 1803 2898 1876 245
2931 1817 3023 1873 per
3049 1801 3380 1872 iaculatores
3401 1814 3467 1855 ac

194 1896 376 1965 λέμιοι
408 1898 740 1962 αὐλίζονται,
775 1898 901 1968 ὅρος
934 1880 1126 1970 ἔχοντα
1157 1899 1186 1968 ἢ
1223 1880 1394 1953 τάττον
1435 1900 1638 1970 ὑψηλὸν
1681 1900 1776 1954 καὶ

1884 1897 2070 1951 velites
2117 1898 2395 1952 observari
2445 1913 2474 1951 a
2523 1907 2574 1951 te
2625 1897 2827 1959 aditus,
2856 1905 2911 1950 et
2944 1893 3333 1964 praeoccupari.
3365 1891 3469 1947 His

197 1987 506 2055 ἐπιτήδειον
549 1990 684 2057 πρὸς
730 1990 791 2042 τὸ
837 1993 1030 2053 νυκτὸς
1077 1993 1198 2044 κατ’
1238 1991 1417 2046 αὐτῶν
1465 1991 1771 2056 ἐπιθέσθαι,

193 2078 356 2132 τοῦτο
385 2081 728 2151 μελετήσεις.
761 2083 869 2136 Καὶ
905 2083 1280 2153 διασκοπήσας
1329 2085 1511 2148 καλῶς
1555 2085 1651 2155 τὴν
1680 2086 1775 2138 τοῦ

194 2171 364 2224 τόπου
393 2172 561 2238 θέσιν,
615 2176 708 2227 καὶ
763 2174 1014 2244 βοήθειαν
1068 2177 1276 2229 ἐκεῖθεν
1305 2178 1466 2247 ἒχων,
1520 2177 1610 2230 τὸν
1654 2179 1776 2231 κατ’

195 2265 379 2316 αὐτῶν
410 2267 840 2337 παρασκευάσῃς
873 2269 1106 2338 πόλεμον
1132 2271 1342 2333 νυκτὸς,
1379 2271 1514 2339 μετά
1545 2271 1776 2340 πεζικῆς

191 2355 482 2426 δυνάμεως
512 2359 605 2410 καὶ
633 2359 678 2390 ⁷⁸
717 2361 948 2426 ἱππέων,
985 2362 1167 2424 καθὼς
1212 2363 1341 2432 περὶ
1375 2363 1780 2433 νυκτοπολέμου

199 2448 497 2517 κατωτέρω
548 2450 783 2518 εἴρηται.
833 2452 945 2504 Καὶ
986 2453 1241 2521 μεγάλως
1293 2453 1491 2515 αὐτοὺς
1533 2471 1783 2521 τραυμα-

196 2538 369 2602 τίσεις
429 2541 526 2593 καὶ
559 2541 899 2610 ἐκθροήσεις,
949 2544 1046 2595 καὶ
1080 2544 1526 2611 παρασκευάσεις
1571 2543 1782 2596 ἐκεῖθεν

200 2630 582 2700 ὑποχωρῆσαι.
620 2634 1050 2703 Καρτερούντων
1103 2635 1157 2686 δέ
1209 2634 1289 2685 ἔτι
1347 2636 1404 2686 ἐν
1460 2635 1650 2705 ἐκείνῳ
1693 2635 1772 2704 τῷ

200 2719 387 2791 χώρῳ,
444 2723 626 2787 καλῶς
680 2726 904 2787 ἑαυτοὺς
954 2725 1382 2793 ἀσφαλιζόμενοι
1437 2728 1531 2779 καὶ
1604 2744 1781 2794 παρα-

1873 2000 2019 2046 recte
2044 1993 2357 2058 custoditis,
2382 2009 2488 2062 qua
2520 1992 2787 2062 refugium
2819 1990 3108 2047 rusticulis
3132 1987 3466 2054 familiisque

1873 2099 2062 2139 eorum
2099 2101 2161 2139 ac
2196 2085 2383 2142 liberis
2425 2087 2620 2155 patuit.
2654 2086 2700 2138 si
2739 2086 2925 2138 hostes
2959 2098 3054 2153 per
3085 2082 3268 2136 fauces
3309 2081 3459 2136 vias-

1874 2192 1980 2247 que
2047 2179 2246 2234 arduas
2312 2179 2714 2249 introrumpere
2779 2185 3073 2243 conantur,
3137 2174 3467 2240 fundentur,

1877 2269 2113 2324 maxime
2177 2271 2419 2339 peditatu
2483 2287 2578 2326 eos
2639 2271 2948 2324 invadente.
3006 2269 3102 2324 Sin
3153 2281 3284 2322 vero
3335 2279 3462 2320 cum

1881 2363 2118 2431 peditatu
2154 2373 2424 2416 conantur
2461 2364 2619 2426 eniti,
2649 2369 2972 2432 montesque
3020 2358 3377 2429 perscrutari,
3405 2368 3467 2412 tu

1881 2453 1944 2504 ad
1995 2453 2254 2508 interiora
2306 2456 2590 2524 magisque
2637 2457 2845 2509 munita
2898 2465 2952 2508 et
2981 2455 3050 2509 ab
3094 2454 3309 2508 insidiis
3345 2459 3467 2506 tuta

1881 2542 1999 2597 loca
2041 2555 2304 2612 agrestem
2347 2548 2557 2615 plebem
2591 2547 2945 2600 transducere
2978 2557 3268 2616 properato
3297 2560 3313 2598 :
3343 2543 3461 2612 ipse

1880 2653 2004 2690 cum
2035 2641 2141 2693 tuis
2174 2641 2347 2709 copiis
2392 2641 2650 2695 omnibus
2689 2640 2951 2695 ducentes
2983 2654 3049 2694 eo
3079 2639 3196 2694 vias
3228 2650 3462 2706 occupa»

1879 2741 1932 2782 et
1959 2731 2245 2800 diligenter
2277 2734 2513 2788 custodi.

626 2822 720 2873 καὶ
758 2821 1096 2890 βουλομένων
1178 2822 1536 2890 ἀνερευνῆσαι
1581 2822 1650 2875 τά
1683 2822 1807 2891 ὅρη.
1863 2822 1920 2874 ἐν
1977 2820 2055 2886 οἷς
2102 2839 2167 2877 τα
2247 2827 2563 2895 καταφύγια
2595 2827 2704 2878 τῶν
2751 2826 2999 2896 χωριτῶν
3038 2819 3465 2894 τυγχάνει,δᾶον

199 2908 543 2979 φυλαχθῆναι
599 2913 692 2963 καὶ
751 2913 1256 2983 προκατασχεθῆναι
1315 2916 1466 2986 παρὰ
1539 2916 1630 2967 σοῦ
1683 2916 1779 2978 τὰς
1819 2918 2053 2980 εἰσόδους
2106 2920 2191 2972 διά
2225 2937 2282 2973 τε
2317 2923 2650 2974 ἀκοντιστῶν
2709 2921 2794 2972 καὶ
2863 2919 3056 2984 ψιλῶν.
3115 2917 3226 2972 Καὶ
3254 2914 3465 2968 τούτων

199 2818 584 2882 φυλάττοντες,

196 3005 384 3066 καλῶς
416 3006 857 3074 φυλαττομένων,
894 3010 950 3060 ἐν
978 3006 1057 3071 οἷς
1125 3011 1481 3080 ἡκαταφυγὴ
1547 3013 1654 3064 τῶν
1711 3014 1974 3082 γενινργῶν
2022 3017 2117 3068 σὺν
2159 3017 2265 3067 τῶν
2318 3016 2582 3084 φαμιλιῶ.
2623 3020 2666 3047 ’ν
2714 3023 2809 3068 καὶ
2859 3010 2968 3066 τῶν
3016 3011 3220 3065 τέκνων
3260 3003 3443 3062 αὐτῶν

198 3102 446 3168 γέγονεν,
485 3104 532 3153 εἰ
561 3103 865 3170 βουληθῶσι
891 3106 976 3158 διὰ
1005 3106 1112 3157 τῶν
1138 3108 1428 3159 στενωπῶν
1458 3109 1549 3160 καὶ
1579 3109 1860 3164 δυσϐάτων
1908 3113 2133 3164 ἐκείνων
2198 3113 2335 3165 ὁδῶν
2402 3115 2681 3167 modiisi»;
2731 3111 3149 3181 ἡττηθήσονται·
3193 3105 3289 3158 καὶ
3351 3099 3458 3170 μάν

196 3191 360 3248 λιστα
383 3196 609 3266 πεζικῆς
636 3196 938 3268 [δυνάμεως
968 3201 1153 3262 αὐτοῖς
1209 3201 1537 3272 ἐπιθεμένης
1561 3203 1629 3256 ⁸ο.
1666 3203 1726 3255 Εἰ
1757 3206 1800 3256 δ’
1841 3205 1997 3257 αὐτοὶ
2064 3205 2199 3274 μετὰ
2252 3206 2508 3276 πεζικῆς]
2564 3203 2900 3273 βουληθῶσιν
2948 3198 3220 3262 ἐπελθεῖν,
3264 3192 3362 3248 καὶ
3390 3191 3461 3241 τὶ

1883 3301 1979 3350 καὶ
2029 3299 2500 3359 meammeam,-
2557 3301 2746 3360 τόποις
2807 3294 3126 3361 εἰσαγαγεῖν
3176 3287 3303 3348 τοὺς
3347 3281 3463 3335 τῶν

193 3290 298 3360 ὅρη
347 3289 816 3359 διερευνήσασθαι,
850 3295 906 3344 ἐν
940 3293 1236 3362 ἐνδοτέροις
1279 3297 1374 3348 καὶ
1442 3297 1808 3367 ὀχυρωτὲροις

194 3380 415 3450 χωρίων
459 3382 748 3450 οἰκήτορας
788 3381 1086 3450 ὲπείχθητι·
1137 3381 1230 3434 σοῦ
1268 3384 1404 3452 μετὰ
1438 3386 1638 3449 παντὸς
1680 3387 1773 3440 τοῦ
1813 3388 1941 3441 λαοῦ
1979 3392 2077 3451 τὰς
2126 3391 2449 3456 εἰσαγούσας
2496 3390 2613 3442 κατ’
2688 3387 2865 3441 αὐτῶν
2931 3384 3084 3446 ὁδοὺς
3123 3375 3325 3450 δηλαδὴ
3353 3389 3461 3428 κα·

193 3474 634 3544 ταλαμὸάνοντός
660 3493 717 3527 τε
751 3475 845 3527 καὶ
871 3476 1130 3545 ἀσφαλῶς
1158 3477 1632 3546 διαφυλάττοντας.

376 3615 534 3668 ΚΕΦ.
563 3616 695 3669 KA'.
735 3615 873 3682 Περὶ
908 3619 1258 3685 πολιορκίας
1302 3619 1586 3688 κάστρου.

270 3730 415 3800 Πρὸς
451 3729 766 3800 πολιορκίαν
799 3729 853 3782 δέ
875 3731 1111 3799 κάστρου
1143 3734 1422 3784 κατανοῶν
1456 3736 1774 3804 εὖτρεττιζο-

197 3822 400 3892 μένους
436 3822 562 3884 τοὺς
593 3821 908 3890 πολεμίους,
953 3821 1070 3873 δέον
1103 3824 1194 3874 καὶ
1251 3825 1329 3888 σὲ,
1384 3819 1428 3876 ὦ
1480 3826 1774 3896 στρατηγέ,

194 3915 297 3967 ὅσα
325 3912 735 3982 πολιορκεῖσθαι
767 3913 992 3964 δυνατὸν
1019 3913 1150 3981 (εἰσὶ
1185 3915 1294 3984 γάρ
1345 3915 1513 3969 πολλὰ
1559 3919 1772 3988 κάστρα

199 4004 276 4074 μὴ
331 4004 541 4056 δεδιότα
589 4003 949 4072 πολιορκίαν),
984 4006 1041 4057 ἐν
1080 4009 1194 4068 τοῖς
1231 4009 1494 4070 τοιούτοις
1536 4011 1641 4078 πρὸ
1674 4011 1773 4078 τῆς

192 4092 304 4144 τῶν
338 4092 549 4162 ἐχθρῶν
586 4092 912 4157 ἐξελεύσεως
943 4098 1360 4164 παρασκευάσαι
1387 4099 1478 4150 τὸν
1511 4101 1566 4150 ἐν
1588 4103 1772 4164 αὐτοῖς

193 4183 614 4251 καταφεύγοντα
641 4184 768 4237 λαὸν
797 4184 984 4253 μηνῶν
1017 4189 1296 4256 τεσσάρων
1325 4191 1530 4257 τροφὰς
1568 4190 1772 4245 καθένα

194 4274 450 4336 ἕκαστον,
477 4276 524 4326 εἰ
557 4275 778 4327 δυνατὸν
810 4277 905 4328 καὶ
935 4276 1216 4342 πλειόνων,
1242 4279 1363 4332 καθ’
1385 4281 1506 4332 ὅσον
1539 4285 1770 4352 συνορᾷς

193 4366 416 4418 ἐσεσθαι
458 4366 556 4434 τὴν
610 4360 946 4436 πολιορκίαν,
1008 4371 1381 4426 ἀποτίθεσθαι.
1428 4375 1537 4426 Καὶ
1570 4374 1678 4426 τῶν
1713 4377 1770 4428 ἐν

193 4460 314 4519 ταῖς
350 4456 665 4526 κιστέρναις
700 4457 910 4510 ὑδάτων
940 4460 1342 4528 ἐπιμελεῖσθαι,
1402 4464 1499 4517 καὶ
1539 4466 1646 4518 τῶν
1675 4466 1769 4519 ἀλ-

192 4547 302 4600 λων
357 4547 601 4612 πάντων,
668 4549 768 4600 ὅσα
830 4551 1323 4620 πολιορκουμένους
1389 4557 1626 4612 ἐκδικεῖν
1678 4559 1770 4611 καὶ

196 4635 412 4705 βοηθεῖν
442 4635 718 4689 δύνανται.
773 4639 958 4692 Ταῦτα
1008 4643 1135 4712 γὰρ,
1170 4643 1258 4696 διὰ
1309 4645 1368 4697 τὸ
1417 4647 1641 4718 πλῆθος,
1699 4653 1764 4720 τῇ

197 4724 452 4794 παρούσῃ
491 4729 676 4796 γραφῇ
705 4728 944 4782 ἐκθεῖναι
975 4731 1118 4782 κατά
1147 4732 1312 4803 μέρος
1346 4735 1599 4806 ἐάσομεν.
1633 4740 1768 4808 Περὶ

191 4815 300 4883 γὰρ
334 4814 596 4867 τοιούτων
629 4818 724 4868 καὶ
771 4817 974 4886 ἐτέρων
1025 4821 1460 4890 πολιορκητικῶν
1518 4843 1769 4898 μηχανηοο

2190 3616 2320 3670 (Ἀρ.
2354 3615 2498 3669 XXI.
2537 3613 2612 3668 De
2641 3612 2912 3666 obsidione
2948 3609 3153 3679 Oppidi.

1953 3732 2048 3786 Ubi
2079 3732 2436 3788 intellexeris.
2468 3729 2533 3784 ad
2567 3727 2926 3781 obsidendum
2970 3723 3232 3793 oppidum
3265 3735 3325 3778 se
3354 3735 3456 3801 pa-

1879 3841 1998 3878 rare
2023 3823 2387 3884 adversarios,
2439 3833 2651 3889 oportet
2691 3830 2762 3884 te,
2798 3833 2832 3872 ο
2855 3818 2984 3879 dux,
3021 3830 3142 3886 qua
3195 3815 3313 3870 loca
3359 3829 3461 3884 op-

1877 3915 2196 3986 pugnationi
2244 3925 2425 3983 patent
2465 3921 2615 3974 (sunt
2673 3913 2819 3965 enim
2870 3908 3065 3978 oppida
3118 3907 3289 3961 multa
3336 3920 3468 3975 qua

1876 4007 2339 4075 impugnationem
2379 4019 2485 4058 non
2532 4002 2803 4071 timeant),
2843 4003 2897 4054 in
2936 3999 3024 4054 his
3055 3999 3365 4062 instituere.
3397 4009 3461 4052 ut

1877 4109 2002 4153 ante
2048 4097 2280 4150 hostium
2329 4096 2621 4149 adventum
2671 4092 3052 4161 unusquisque
3098 4105 3163 4143 ex
3208 4088 3362 4158 plebe
3388 4103 3456 4143 eo

1875 4189 2224 4258 confugieule
2272 4189 2474 4243 cibaria
2509 4203 2563 4240 in
2615 4200 2833 4240 menses
2878 4194 3135 4253 quatuor,
3165 4180 3246 4235 vel
3286 4180 3462 4235 etiam

1875 4286 1928 4339 in
1961 4286 2166 4354 plures.
2209 4285 2252 4336 si
2299 4283 2411 4336 fieri
2445 4290 2642 4349 potest,
2691 4277 2953 4349 quamdiu
3006 4277 3246 4331 assumas
3305 4271 3462 4328 obsi-

1872 4376 2088 4427 dionem
2140 4375 2275 4436 fore,
2307 4371 2564 4439 deponat.
2603 4369 2735 4423 Item
2777 4382 3044 4436 aquarum
3095 4367 3147 4420 in
3201 4362 3456 4419 cisternis

1872 4481 2054 4522 curam
2084 4465 2304 4529 habere,
2331 4475 2760 4531 caeterarumque
2785 4473 2970 4514 rerum
2994 4456 3262 4520 omnium,
3285 4461 3457 4525 quot-

1872 4566 2001 4625 quot
2037 4555 2276 4610 obsessis
2312 4554 2494 4608 tutelae
2531 4562 2697 4620 atque
2747 4550 3001 4620 praesidio
3032 4563 3156 4602 esse
3196 4554 3458 4616 possunt.

1872 4649 2111 4703 Tametsi
2177 4663 2261 4711 ea,
2315 4645 2458 4715 quod
2525 4643 2792 4713 permulta
2873 4649 3024 4706 sunt,
3082 4638 3458 4709 particulatim

1870 4755 2139 4810 exponere
2183 4739 2285 4792 hac
2325 4737 2621 4806 scriptione
2670 4737 3010 4790 omittemus.
3040 4731 3176 4788 Nam
3228 4732 3298 4787 de
3359 4731 3460 4795 iis.-

1870 4836 2100 4905 aliisque
2121 4833 2469 4904 oppugnandi
2489 4833 2836 4896 commentis,
2871 4831 3045 4900 deque
3087 4828 3302 4882 ratione
3339 4841 3449 4896 qua

197 4905 404 4971 μάτων,
446 4907 542 4957 καὶ
594 4906 708 4973 τοῦ,
741 4907 859 4971 πῶς
887 4910 993 4980 χρὴ
1028 4911 1154 4974 τοὺς
1222 4913 1369 4966 ἔνδον
1423 4919 1534 4978 τοῖς
1569 4919 1766 4984 ἔξωθεν

1878 4926 2084 4980 obsessi
2127 4925 2502 4980 adorientibus
2547 4925 2825 4987 resistant,
2860 4921 3024 4993 πθ
3055 4927 3182 4975 ante
3213 4933 3314 4974 nos
3351 4917 3448 4988 qui

193 4996 614 5066 ἀντιμάχεσθαι,
647 5000 889 5070 ἀκριϐῶς
919 5002 1026 5072 πρὸ
1052 5005 1084 5073 ή
1095 5004 1210 5073 μῶν
1243 5005 1336 5058 καὶ
1365 5006 1762 5079 λελογισμένως

192 5090 242 5140 οῖ
272 5091 344 5143 τά
373 5091 613 5144 τακτικὰ
662 5092 753 5144 καὶ
805 5095 1148 5163 στρατηγικὰ
1193 5097 1640 5168 ἀναγραψάμενοι
1681 5101 1768 5167 ἐξ·

192 5179 399 5235 ἔθεντο.
431 5181 622 5251 Ἡμεῖς
643 5184 700 5237 δέ
731 5187 859 5255 περὶ
883 5188 1238 5259 παραδρομῆς
1261 5192 1354 5242 καὶ
1381 5193 1766 5263 κατασχέσεως

193 5273 527 5346 κλεισουρῶν
553 5278 986 5349 προσταχθέντες
1008 5280 1095 5352 [Ρ.
1124 5284 1246 5356 ’1591
1277 5287 1470 5353 εἰπεῖν,
1505 5289 1574 5341 τὰ
1593 5289 1765 5360 ταύτῃ

194 5367 553 5423 συντελοῦντα
587 5370 682 5424 καὶ
710 5370 1095 5442 ἐφαρμόζοντα
1127 5378 1265 5429 κατά
1291 5377 1353 5430 τὸ
1374 5378 1493 5432 ἐνὸν
1521 5380 1762 5436 ἐκθεῖναι

192 5459 656 5518 κατεπειτόιιιθα.
715 5461 836 5518 Τῶν
863 5463 1138 5536 πολεμίων
1206 5469 1388 5524 τοίνυν
1435 5472 1495 5524 τὸ
1525 5473 1762 5546 κάστρον

1873 5017 1938 5071 de
1972 5033 2029 5072 re
2062 5017 2284 5071 militari
2309 5017 2572 5095 ducisque
2595 5015 2774 5072 oﬂicio
2800 5017 3158 5084 scripserunt,
3187 5018 3454 5066 accurato

1866 5117 1918 5164 et
1950 5109 2105 5164 docte
2127 5114 2518 5179 exposuerunt.
2565 5105 2677 5163 Nos
2713 5115 2903 5164 contra
2946 5106 3013 5161 de
3046 5107 3356 5161 velitatione
3390 5111 3452 5157 et

1865 5201 2223 5270 occupatione
2281 5201 2650 5257 claustrorum
2703 5201 2886 5256 dicere
2925 5200 3090 5270 juasi,
3139 5213 3263 5269 quae
3317 5197 3456 5252 huic

1865 5291 2116 5348 instituto
2137 5292 2428 5363 expediant
2476 5293 2809 5363 propriaque
2857 5291 2990 5357 sint,
3019 5290 3291 5357 explicare
3320 5302 3451 5357 pro-

1865 5402 2141 5457 peramus.
2178 5387 2439 5444 Hostibus
2482 5385 2745 5458 Oppidum
2785 5382 3304 5444 circumsidentibus
3343 5394 3450 5451 op-

1864 5480 2367 5552 pugnationemque
2394 5479 2687 5552 διατεθείς,
2711 5480 2783 5546 si,
2809 5491 2870 5537 ut
2912 5477 3090 5535 soleat
3125 5477 3306 5536 facere
3347 5473 3446 5545 qui

1311 5633 1374 5689 C.
1416 5633 1476 5690 Β.
1509 5635 1691 5693 HAS"
1744 5632 2299 5701 ANNOTATIONES.

262 5730 308 5763 ’⁸
487 5733 586 5788 σύν
613 5735 774 5816 codd.
829 5741 894 5816 _"
929 5744 1227 5816 φαμιλιῶν.
1267 5745 1358 5804 Sic
1388 5751 1548 5808 codd.

194 5813 228 5854 ι
249 5809 562 5874 conjectura
600 5809 864 5879 aupplevi.

1640 5753 1686 5786 ⁸ο
1719 5754 1889 5815 Uncis
1911 5758 2148 5830 inclusa,
2170 5776 2293 5834 quae
2322 5772 2445 5823 sunt
2476 5765 2533 5823 in
2559 5765 2720 5828 codd.
2755 5765 3013 5830 omnibus
3043 5769 3444 5845 pratemiua,
