4178 6522
222 439 351 504 1831

1464 436 1869 497 VELI'I‘ATIU
1902 437 2240 495 BELLlC-\.

3353 423 3487 484 10!!!

220 558 438 623 στῶμεν
469 552 702 615 ἀκλινῶς
731 553 826 605 καί
850 551 1080 622 ὲδραίως
1106 568 1117 583 ·
1152 551 1372 621 στῶμεν
1405 554 1676 623 ανδρικῶς
1709 553 1799 605 καὶ

1911 554 2045 622 quod
2084 550 2427 605 constiterint
2456 550 2716 602 adversus
2760 547 2905 607 illos,
2933 545 3023 615 qui
3069 544 3270 599 illaturi
3306 546 3488 612 petius

216 646 506 715 γενναίως.
555 642 831 714 Δείξωμεν
888 644 1104 713 ἐχθροῖς
1162 644 1424 713 βραχίονα
1464 645 1556 697 καὶ
1610 644 1798 714 ἱσχύν⁸

220 738 506 806 δείξωμεν,
532 736 606 799 ὠς
640 740 775 807 πρὸς
809 738 1135 807 κρείσσονας
1187 736 1287 802 τὴν
1334 737 1514 806 ὁρμὴν
1560 736 1797 805 ἔχουσιν,

219 829 304 903 [Ρ.
349 829 472 901 165]
502 830 576 891 ὠς
610 832 745 900 πρὸς
785 831 912 893 τοὺς
948 830 1163 899 βάλλειν
1216 828 1417 896 μᾶλλον
1441 830 1475 897 ἦ
1510 828 1799 898 βάλλεσθαι

223 924 517 993 μέλλοντας
554 923 1018 992 παρατάττονται.
1054 924 1143 992 Μὴ
1184 924 1292 991 γὰρ
1325 922 1471 984 λίθος
1506 924 1665 990 φύσις
1706 924 1802 975 αὖ-

220 1021 353 1078 τοῖς,
384 1016 416 1086 ἢ
454 1016 673 1083 χαλκὸς,
711 1016 787 1077 ὡς
820 1018 894 1084 μὴ
922 1013 1213 1085 τραύματα
1244 1015 1493 1084 δέχεσθαι
1522 1031 1534 1045 ·
1570 1017 1706 1086 μήτε
1740 1019 1801 1068 ἐκ

221 1109 443 1177 σιδήρου
476 1108 535 1159 τὸ
580 1108 762 1174 σῶμα,
823 1109 898 1169 ὼς
930 1108 1004 1177 μὴ
1031 1108 1109 1177 τῷ
1151 1108 1306 1177 κόπῳ
1364 1107 1652 1161 ἐκλύεσθαι
1710 1109 1803 1161 καὶ

219 1197 563 1265 ἁποναρκᾷν.
605 1215 623 1247 ι
662 1196 897 1264 Προσέτι
935 1197 1150 1260 τούτοις
1175 1197 1546 1251 ὑποδεικνύων
1574 1200 1665 1251 καὶ
1706 1200 1805 1269 τὴν

220 1286 316 1339 τοῦ
352 1288 518 1339 τόπου
569 1288 914 1357 δυσχέρειαν,
954 1291 1010 1340 ἐν
1058 1284 1101 1356 ᾧ
1131 1290 1385 1358 μέλλουσι
1442 1292 1579 1361 πρὸς
1622 1292 1801 1361 μάχην

221 1382 778 1450 παρασκευασθῆναι,
802 1384 897 1434 καὶ
913 1384 1046 1451 ὅσην
1062 1383 1249 1446 αὐτοῖς
1274 1384 1505 1454 παρέχει
1527 1385 1801 1455 βοήθειαν.

220 1474 379 1525 Μετὰ
410 1473 464 1524 δὲ
500 1474 560 1524 τὸ
594 1473 777 1536 καλῶς
810 1474 1009 1535 αὐτοὺς
1040 1474 1355 1544 παραθῆξαι
1383 1477 1477 1527 καὶ
1510 1476 1803 1545 διεγεῖραι,

221 1567 320 1616 καὶ
352 1565 799 1633 προθυμοτέρους
833 1566 927 1618 καὶ
958 1566 1405 1635 εύτολμωτέρους
1430 1566 1797 1636 ἐργάσασθαι,

221 1657 596 1723 καταστήσεις
644 1656 844 1718 αὐτοὺς
895 1658 954 1710 ὲν
1010 1650 1089 1716 οἷς
1141 1656 1329 1719 τόποις
1374 1658 1650 1725 ὀφείλουσι
1691 1662 1801 1720 τοῖς

221 1746 438 1814 ἐχθροῖς
475 1748 768 1815 μάχεσθαι.
802 1748 911 1799 Καὶ
957 1747 1175 1813 πρῶτον
1220 1748 1321 1817 μὲν
1366 1750 1433 1801 τα
1467 1749 1647 1818 ὑψηλὰ
1693 1750 1801 1801 τῶν

219 1840 397 1907 ὁρέων
434 1839 766 1891 καταλαϐεῖν
804 1838 943 1905 δέον,
975 1840 1067 1892 καὶ
1103 1839 1284 1901 πάσας
1330 1840 1432 1903 τὰς
1478 1841 1632 1903 ὁδοὺς
1669 1858 1802 1912 κραο

1907 645 2017 698 sint
2048 642 2208 711 252
2240 643 2375 694 ictus
2412 655 2574 709 quam
2623 639 2858 707 pascui.
2902 638 3021 691 Non
3075 645 3157 691 cst
3197 651 3261 689 ex
3313 637 3491 705 lapide

1906 745 2099 789 natura
2158 736 2402 793 illorum.
2434 744 2525 786 aut
2582 748 2647 786 ex
2689 748 2816 794 tere,
2869 741 2925 785 ut
2961 732 3183 784 vulnera
3242 730 3489 797 accipere

1907 844 2012 881 non
2076 828 2285 891 possint
2318 843 2329 878 :
2360 841 2533 893 neque
2576 842 2639 878 ex
2690 824 2837 878 ferro
2875 840 3094 895 corpus,
3126 832 3184 877 ut
3212 822 3491 876 laboribus

1906 930 2013 969 non
2064 916 2364 985 frangatur,
2426 931 2601 983 neque
2645 924 2876 985 torpeat.
2918 934 2935 965 ι
2988 915 3188 969 ΑιΗιιΒο
3243 921 3491 966 monstra

1908 1010 2013 1063 illis
2051 1010 2315 1072 locm'um,
2364 1009 2452 1062 ubi
2509 1010 2574 1062 ad
2629 1010 2871 1077 przelium
2921 1004 3493 1071 adornabmttur,dif-

1909 1102 2225 1165 ﬁcultatem,
2260 1113 2312 1155 et
2355 1113 2616 1170 quantam
2650 1103 2716 1155 iis
2743 1118 2899 1171 opem
2950 1101 3125 1155 latura
3178 1100 3264 1154 sit.
3294 1098 3365 1152 Ita
3401 1099 3491 1153 ubi

1911 1198 2031 1253 il!os
2084 1197 2251 1266 probe
2289 1197 2481 1251 acuis'ti
2526 1207 2690 1264 atque
2745 1196 3014 1258 excitasti,
3079 1195 3381 1264 paratiores
3438 1199 3495 1247 et

1910 1290 2257 1342 audentiores
2292 1287 2461 1341 factos
2492 1288 2796 1341 constitues
2828 1287 2879 1339 in
2911 1287 3109 1355 quibus
3140 1287 3274 1341 locis
3297 1285 3497 1339 debent

1910 1396 2033 1433 cum
2065 1382 2313 1435 hostibus
2346 1380 2661 1450 conﬂigere.
2695 1380 2773 1434 Ac
2805 1380 2983 1449 primo
3008 1379 3228 1447 quidem
3272 1377 3492 1447 fastigia

1909 1472 2178 1525 montium
2227 1487 2496 1540 occupare
2552 1486 2775 1526 necesse
2824 1481 2925 1536 est,
2956 1471 3261 1539 itineraque
3310 1470 3496 1524 omnia

1910 1561 2161 1615 obsidere
2204 1576 2266 1614 ac
2292 1564 2529 1615 ﬁrmare.
2562 1562 2789 1631 Equites
2818 1562 3089 1629 peditibus
3136 1561 3353 1614 admisti
3390 1559 3498 1612 sic-

1910 1654 2005 1708 ubi
2042 1653 2338 1723 conﬂigere
2378 1664 2626 1722 possunt,
2690 1654 2789 1708 hos
2833 1668 3053 1722 quoque
3098 1653 3235 1708 locis
3284 1652 3497 1706 idoneis

1910 1745 2231 1801 constitues.
2286 1744 2460 1799 Debes
2522 1745 2758 1814 denique
2809 1744 3043 1813 singulis
3101 1744 3212 1797 tuis
3269 1743 3496 1799 aciebus

1912 1837 2081 1892 duces
2132 1838 2336 1908 probos
2385 1837 2682 1906 praeﬁcere,
2719 1844 3026 1906 ca‘teraque
3074 1834 3259 1889 omnia
3310 1834 3499 1886 obser-

220 1931 387 1998 τῆσαι
422 1933 514 1983 καὶ
541 1930 969 1997 ἀσφαλίσασθαι.
1011 1932 1098 1986 Ἑν
1141 1926 1222 1995 οἷς
1261 1932 1317 1985 δὲ
1359 1935 1455 1986 καὶ
1497 1936 1682 1997 ἱππεῖς
1723 1936 1805 2002 ἐγ-

1913 1943 2038 1982 vare
2082 1938 2130 1982 et
2189 1930 2385 1991 facere,
2437 1942 2559 1996 quae
2609 1943 2637 1980 a
2688 1926 2957 1995 principio
3008 1924 3413 1986 commentarii,
3440 1924 3495 1976 in

222 2025 397 2091 χωρεῖ
429 2027 524 2074 σὺν
554 2025 668 2085 τοῖς
720 2022 905 2087 πεζοῖς
942 2025 1235 2094 μάχεσθαι,
1280 2027 1650 2097 καταστήσεις
1714 2030 1808 2080 καὶ

224 2114 427 2175 αὐτοὺς
493 2114 551 2166 ὲν
606 2116 937 2186 ἐπιτηδείοις
986 2118 1196 2181 τόποις.
1246 2120 1333 2171 Ἐν
1383 2120 1583 2181 πάσαις
1614 2120 1669 2172 δέ
1711 2138 1804 2173 σου

223 2208 349 2266 ταῖς
381 2206 756 2273 παρατάξεσιν
787 2209 1068 2277 ἀρχηγοὺς
1108 2210 1215 2263 τῶν
1246 2212 1536 2280 χρησίμων
1576 2212 1805 2282 ἐπιστῆ⁴

228 2296 323 2347 σαί
355 2313 413 2347 σε
441 2296 541 2359 δεῖ,
590 2298 685 2348 καλ⁸
724 2293 893 2350 τᾶλλα
932 2300 1107 2352 πάντα
1146 2301 1379 2367 φυλάξαι
1430 2303 1525 2354 καὶ
1574 2302 1803 2371 πρᾶξαι,

221 2388 325 2439 ὅσα
360 2388 417 2438 ὲν
444 2389 581 2458 ἀρχῇ
611 2390 703 2441 τοῦ
734 2389 893 2457 λόγου
928 2393 1058 2458 περὶ
1086 2390 1205 2452 τοῦ,
1240 2391 1357 2453 πῶς
1397 2392 1479 2443 δεῖ
1506 2394 1619 2455 τοῖς
1648 2394 1806 2445 πολεο

228 2479 376 2547 μίοις
423 2482 483 2531 ὲν
531 2482 651 2542 ταῖς
682 2479 1015 2549 δυσχωρίαις
1078 2482 1369 2550 μάχεσθαι,
1402 2483 1698 2553 ἐξεθέμεθα
1734 2486 1802 2540 ⁸⁸.

225 2566 350 2618 Τῶν
396 2568 452 2619 δὲ
505 2568 784 2637 πολεμίων
833 2569 1081 2637 πλησίων
1113 2570 1665 2640 καταλαμϐανόντων,
1715 2578 1808 2629 καὶ

225 2659 567 2726 αἰσθομένων
593 2659 694 2729 τῆς
720 2661 871 2731 παρα
924 2661 1017 2713 σού
1072 2663 1373 2731 γενομένης
1420 2666 1721 2731 ἀσφαλείας
1751 2670 1808 2719 ἐν

225 2753 294 2821 τῇ
326 2751 450 2820 ὀδῷ,
504 2752 599 2805 καὶ
628 2752 706 2815 ὡς
762 2754 1045 2822 ἀμήχανον
1096 2754 1323 2807 διελθεῖν
1370 2757 1586 2821 αὐτοὺς,
1650 2760 1806 2829 εἴπερ

230 2843 694 2913 παραϐολώτερον
738 2843 897 2896 τοῦτο
944 2846 1275 2915 τολμήσουσι
1326 2850 1550 2917 πρᾶξαι,
1584 2850 1683 2902 οὐκ
1719 2853 1808 2903 εύ-

227 2935 411 3003 τυχὼς
473 2936 655 2998 αὐτοῖς
690 2936 749 2989 τὸ
811 2936 1088 3006 βούλευμα
1139 2942 1575 3009 παραστήσεται.
1646 2942 1807 2995 Ἀλλὰ

228 3028 383 3093 παρὰ
407 3026 500 3078 τοῦ
533 3028 626 3079 σοῦ
664 3029 794 3080 λαοῦ
826 3030 1115 3101 δῃούμενοί
1138 3050 1196 3083 τε
1230 3034 1322 3084 καὶ
1348 3034 1804 3102 συμπνιγόμενοι,

230 3122 326 3174 καὶ
354 3120 580 3183 ἄκοντες
611 3122 677 3173 τὰ
702 3123 846 3174 νῶτα
875 3121 1130 3187 δώσουσι,
1167 3124 1491 3185 σπεύδοντες
1516 3125 1581 3178 δι’
1613 3127 1807 3195 ἑτέρας

228 3210 349 3261 ὁδοῦ
409 3214 506 3277 τὴν
560 3211 695 3263 ἰδίαν
753 3213 1186 3282 καταλήψεσθαι.
1257 3216 1474 3268 Τούτων
1533 3216 1577 3268 δ’
1632 3217 1805 3281 οὕτως

230 3302 688 3370 ὑποστρεφόντων
718 3305 959 3371 ἀγεννῶς
996 3308 1089 3358 καὶ
1140 3307 1423 3375 ἀκόσμως,
1452 3310 1479 3361 ὁ
1520 3309 1643 3371 λαός
1687 3328 1803 3377 σου,

226 3393 456 3456 τούτους
497 3394 793 3463 θεώμενος,
840 3398 973 3465 ὅσης
1012 3399 1186 3466 χαρᾶς
1213 3402 1306 3453 καὶ
1357 3400 1621 3471 θυμηδίας
1674 3404 1810 3474 πλη-

230 3485 550 3555 σθὴσονται,
587 3488 729 3557 λόγῳ
764 3491 1119 3559 παραστῆσαι
1166 3493 1324 3544 τοῦτο
1368 3495 1653 3548 ἀδύνατον.
1690 3498 1811 3550 Τῶν

231 3575 329 3630 οὖν
361 3579 659 3647 πολεμίων,
704 3579 778 3641 ὡς
831 3580 1106 3646 λέλεκται,
1162 3586 1639 3656 ὑποστρεψάντων,
1690 3592 1810 3643 τότε

229 3668 567 3732 καταδίωξον
593 3670 817 3722 ὄπισθεν
848 3673 1050 3738 αὐτῶν,
1104 3674 1419 3745 ἔμπροσθεν
1462 3680 1810 3734 ἀποστέλλων

229 3762 419 3824 ἱππεῖς
467 3764 606 3830 μετὰ
655 3764 865 3832 ταχέων
919 3764 1127 3831 ψιλῶν·
1163 3770 1255 3820 καὶ
1284 3770 1444 3833 αὐτὸς
1509 3772 1565 3824 δὲ
1621 3772 1808 3835 ὀξύτεο

231 3871 325 3923 ρον
384 3856 702 3921 περιπατῶν
749 3856 843 3908 τοῦ
896 3859 1225 3912 καταλαϐεῖν
1260 3862 1457 3925 αὐτοὺς
1500 3865 1806 3935 ἐπείχθητι.

228 3946 291 3998 0t
332 3945 388 3996 δὲ
421 3945 605 4015 ἐχθροὶ
628 3946 714 3998 διὰ
736 3947 827 3999 τὸν
852 3948 1077 4016 φεύγειν
1106 3952 1325 4015 αὐτοὺς,
1360 3955 1514 4024 τάχει
1548 3956 1643 4019 τὰς
1684 3958 1810 4011 δυσο

228 4035 437 4103 χωρίας
514 4037 741 4090 διελθεῖν
816 4041 907 4091 καὶ
971 4041 1063 4093 τὸν
1134 4045 1191 4093 ὲν
1272 4044 1461 4106 αὑταῖς
1525 4046 1810 4115 διαφυγεῖν

231 4128 491 4195 πόλεμον,
522 4129 618 4179 καὶ
654 4129 752 4199 τὴν
777 4131 913 4183 ἰδίαν
946 4132 1360 4202 καταλήψεσθαι
1386 4152 1397 4163 ·
1426 4137 1548 4188 ἐπεὶ
1582 4139 1809 4206 πλησίον

227 4218 326 4283 τῆς
375 4218 697 4288 κλεισούρας
749 4222 1103 4289 γενήσονται,
1176 4221 1323 4275 τοῦθ’
1384 4224 1804 4290 ὑποπτεύοντες,

231 4308 367 4377 πρὸς
406 4308 468 4358 τὸ
503 4308 577 4377 μὴ
631 4310 794 4362 πάλιν
842 4311 1151 4383 ἔμπροσθεν
1197 4315 1380 4368 αὐτῶν
1433 4319 1527 4381 τὰς
1578 4320 1807 4384 πεζικὰς

228 4400 414 4462 τάξεις
449 4400 722 4464 γενέσθαι,
758 4404 853 4453 καὶ
882 4404 979 4473 τὴν
1020 4405 1135 4457 ὁδὸν
1163 4407 1344 4458 αὐτῶν
1380 4416 1674 4479 κατασχεῖν
1696 4428 1711 4443 ο
1744 4415 1809 4466 ἂν

234 4490 292 4536 ἐν
326 4489 486 4537 νυκτὶ
516 4488 615 4556 τὴν
635 4489 944 4560 ὁδοιπορίαν
973 4494 1277 4563 πειραθῶσι
1297 4498 1648 4566 ποιήσασθαι,
1682 4518 1809 4553 συκμ

1912 2020 2089 2089 capite
2144 2019 2211 2073 de
2270 2019 2459 2088 pra-.lio
2509 2033 2633 2073 cum
2686 2018 2938 2072 hostibus
2989 2018 3042 2071 in
3094 2018 3230 2072 locis
3284 2017 3498 2086 asperis

1910 2111 2267 2175 conserendo,
2301 2110 2675 2178 exposuimus.
2721 2108 2817 2162 Ubi
2875 2108 3098 2177 propius
3163 2108 3500 2161 accesserint

1911 2200 2119 2265 hostes,
2156 2202 2202 2254 si
2243 2200 2311 2253 de
2340 2201 2606 2268 praesidiis
2639 2201 2745 2253 tuis
2779 2201 2829 2252 in
2865 2200 2947 2253 via
2986 2202 3290 2261 collocatis,
3321 2202 3498 2269 deque

1911 2292 2228 2347 diﬂicultate
2274 2294 2591 2347 transeundi
2636 2295 2896 2348 certiores
2951 2294 3103 2357 facti,
3136 2295 3497 2349 nihilominus

1911 2382 2169 2435 audacter
2200 2398 2550 2452 perrumpere
2578 2382 2803 2446 audent,
2840 2399 3029 2451 parum
3071 2400 3337 2452 prospere
3369 2402 3495 2437 sm:-

1909 2473 2063 2527 cedct
2087 2474 2154 2526 iis
2196 2474 2298 2528 hoc
2327 2477 2644 2528 consilium.
2666 2475 2873 2543 Quippe
2899 2475 3119 2527 contriti
3155 2486 3207 2529 et
3232 2476 3500 2544 compulsi

1909 2580 1940 2619 a
1972 2567 2077 2620 tuis
2108 2568 2281 2635 c0piis
2310 2568 2393 2620 vel
2424 2568 2574 2621 inviti
2620 2576 2765 2637 terga
2801 2577 3032 2632 vertent,
3064 2570 3281 2638 aliaque
3324 2571 3408 2622 via
3444 2570 3496 2623 in

1911 2672 2043 2714 suos
2096 2658 2230 2713 ﬁnes
2283 2660 2567 2728 pervenire
2600 2660 2957 2717 festiuabunt.
2993 2660 3142 2727 Quos
3208 2660 3288 2715 sic
3345 2662 3500 2731 igna~

1911 2754 2046 2809 viter
2070 2764 2124 2808 et
2151 2754 2403 2808 indecore
2432 2763 2765 2809 revertentes
2797 2754 2841 2809 si
2876 2756 3147 2824 conspicit
3182 2766 3309 2810 tuus
3336 2772 3496 2810 exer.

1910 2847 2071 2909 citus,
2109 2847 2293 2901 laetitia
2344 2856 2506 2916 atque
2566 2847 2847 2916 voluptate
2892 2850 3273 2918 complebitur,
3325 2850 3500 2919 magis

1910 2953 2073 3007 quam
2111 2940 2294 2994 verbis
2342 2940 2445 2993 dici
2496 2951 2692 3009 potest.
2727 2940 2804 2994 Tu
2831 2949 3010 2995 autem
3064 2942 3249 2997 hostes
3313 2944 3413 3005 sic.
3441 2957 3502 2997 ut.

1911 3035 2343 3086 demonstratum
2394 3044 2498 3097 est,
2548 3034 2810 3087 abeuntes
2882 3032 3168 3103 insequere
3228 3053 3256 3090 a
3323 3047 3495 3106 tergo,

1911 3124 2070 3195 253
2104 3125 2401 3194 prtctnissis
2432 3125 2707 3193 equitibus
2735 3141 2857 3179 cum
2893 3126 3147 3181 velitibus
3176 3130 3444 3197 expeditis
3480 3149 3494 3180 :

1912 3217 2130 3285 ipseque
2159 3215 2406 3269 celeriter
2433 3216 2627 3269 itinere
2664 3216 2805 3269 facto
2835 3219 3052 3286 assequi
3089 3219 3208 3272 illos
3243 3235 3494 3288 propera.

1912 3307 2224 3360 Adversarii
2263 3307 2353 3375 qui
2385 3306 2618 3375 fugiunt,
2654 3316 2712 3361 ut
2755 3312 3060 3377 angustias,
3096 3312 3263 3363 vitato
3300 3313 3351 3363 in
3389 3312 3495 3365 illis

1914 3397 2233 3461 certamine,
2300 3398 2622 3451 festinanter
2681 3402 3079 3463 transmittere,
3139 3402 3191 3453 in
3256 3417 3499 3471 suosque

1917 3489 2048 3541 ﬁnes
2084 3489 2365 3557 pervenire
2402 3491 2617 3558 possint
2655 3508 2667 3544 :
2700 3506 2823 3543 cum
2875 3493 3095 3561 prOpins
3140 3498 3204 3547 ad
3258 3498 3496 3552 claustra

1914 3592 2287 3645 accesserunt,
2336 3590 2604 3644 verentes,
2637 3598 2703 3636 ne
2755 3585 2947 3637 iterum
2990 3601 3046 3639 se
3085 3598 3373 3655 pratvertat
3408 3606 3499 3657 pe-

1912 3672 2115 3727 ditatus
2154 3683 2361 3738 noster,
2401 3675 2609 3745 iterque
2634 3691 2793 3729 suutn
2825 3686 3054 3745 occupet
3092 3696 3103 3731 :
3134 3679 3179 3733 si
3226 3690 3495 3734 conantur

1915 3779 2076 3821 noctu
2111 3768 2251 3821 viam
2309 3783 2552 3837 pergere,
2589 3768 2707 3823 sine
2770 3786 2919 3823 mora
2983 3772 3102 3826 illos
3168 3774 3496 3843 assequeris,

1912 3860 2069 3928 equis
2088 3875 2276 3915 eorum
2307 3860 2665 3915 diuturnitate
2695 3862 2911 3917 itineris
2953 3866 3156 3918 attritis
3186 3885 3197 3919 :
3239 3867 3497 3936 ipsosque

1914 3952 2212 4007 exhaustos
2274 3968 2369 4021 per
2421 3963 2751 4023 noctemque
2798 3957 3142 4011 ambulantes
3196 3959 3497 4027 deprehen-

1914 4045 2067 4107 dens,
2103 4047 2174 4109 id,
2210 4060 2243 4099 o
2273 4046 2403 4109 dux,
2428 4048 2571 4114 quod
2602 4064 2817 4116 semper
2857 4050 3156 4119 quaesivisti
3198 4061 3390 4106 nactus
3412 4068 3490 4107 es.

1918 4134 2094 4206 thue
2153 4138 2389 4206 primum
2432 4154 2525 4193 eos
2574 4150 2861 4193 assecutus
2910 4156 2968 4195 es
3021 4150 3206 4205 noctu,
3237 4144 3498 4214 evestigio

1913 4238 2125 4297 oportet
2154 4232 2305 4298 signa
2337 4230 2537 4284 inferre
2581 4232 2833 4300 praesidio
2862 4235 3004 4301 quod
3065 4243 3292 4288 vocatur
3343 4252 3493 4299 sata,

1917 4318 2076 4385 i-!qne
2130 4333 2222 4386 per
2280 4320 2506 4387 pedites,
2571 4336 2709 4389 quos
2767 4320 3139 4389 subsequatur
3196 4326 3489 4393 equitatus.

1916 4410 2063 4463 Alios
2091 4413 2277 4465 velites
2300 4428 2422 4465 eum
2465 4414 2742 4479 equitibus
2774 4415 3036 4481 pra‘ntitte
3074 4431 3167 4484 per
3198 4428 3495 4487 utrumque

1915 4501 2055 4555 latus
2092 4504 2208 4565 vite,
2241 4506 2331 4573 qui
2360 4505 2608 4558 hostibus
2654 4515 3009 4573 przecurranl,
3040 4522 3241 4577 eosque
3265 4509 3393 4577 juhe
3426 4528 3491 4564 ex

229 4580 409 4643 τὸμως
437 4578 660 4641 τούτους
688 4581 1023 4653 καταλάϐῃς.
1059 4586 1166 4638 τῶν
1199 4588 1381 4641 ἵππων
1415 4590 1596 4643 αὐτῶν
1620 4592 1805 4660 ἀτονη-

1920 4604 2230 4648 transverso
2268 4598 2530 4664 impetum
2567 4598 2766 4651 facere.
2806 4599 2880 4653 Ita
2913 4600 2957 4655 si
2992 4601 3189 4670 egeris,
3236 4604 3492 4657 resistere

232 4670 441 4723 σάντων
462 4669 568 4721 ἀπὸ
594 4671 689 4739 τῆς
723 4674 944 4741 χρονίας
976 4674 1304 4747 ὁδοιπορίας,
1344 4682 1567 4735 καὶτῶν
1601 4684 1811 4751 ἀνδρῶν

229 4762 622 4813 ἐκλελοιπότων
670 4763 956 4834 ἐπιτύχῃς,
990 4769 1181 4829 νυκτὸς
1221 4770 1648 4840 ὁδοιπορούντων
1670 4792 1682 4805 ·
1716 4780 1810 4829 καὶ

232 4848 411 4922 εὗρες,
447 4855 739 4922 στρατηγὲ,
775 4856 835 4908 τὸ
861 4857 948 4908 ἀεί
974 4874 1055 4910 σοι
1094 4859 1540 4931 ἐπιζητούμενον.
1624 4867 1804 4918 Κατι-

1916 4705 2021 4741 non
2072 4696 2345 4756 petet-unt,
2380 4689 2472 4741 sed
2534 4689 2586 4742 in
2641 4689 2823 4760 fugam
2882 4710 2939 4747 se
2970 4694 3281 4761 conjicient.
3334 4696 3491 4761 Quod

1911 4783 1953 4835 si
1986 4791 2147 4833 noctu
2183 4779 2407 4844 faciunt,
2441 4796 2784 4851 persequere,
2829 4795 2881 4839 et
2922 4802 3137 4841 summo
3174 4788 3337 4841 exitio
3370 4789 3494 4844 illos

1907 4873 2109 4925 trades.

231 4942 603 5011 λαμϐάνοντός
640 4962 731 4998 σου
763 4946 819 4999 δὲ
849 4946 1071 5010 τούτους
1097 4951 1311 5017 νυκτὸς,
1378 4953 1494 5006 δέον
1528 4959 1845 5025 παραυτίκα
1923 4959 2156 5031 πόλεμον
2195 4962 2426 5031 συνάψαι
2511 4966 2590 5026 είς
2638 4965 2697 5016 τῦ
2752 4965 3042 5035 λεγόμενον
3100 4968 3260 5029 ain,
3353 4972 3493 5038 μετὰ

236 5041 442 5105 πεζῶν,
485 5040 571 5111 [Ρ.
631 5041 755 5113 164]
818 5046 1426 5101 συνεπακολουθούντων
1481 5051 1663 5115 αὐτοῖς
1711 5055 1804 5106 καὶ
1847 5056 2078 5111 ἱππέων.
2125 5056 2377 5129 Ἐτέρους
2420 5060 2475 5112 δε
2547 5060 2654 5113 τῶν
2695 5061 2866 5129 ψιλῶν
2913 5064 3031 5131 μεθ’
3096 5066 3306 5118 ἱππέων
3336 5069 3489 5121 ἔνθεν

231 5137 489 5190 κάκεῖθεν
531 5140 629 5209 τῆς
657 5139 777 5192 ὁδοῦ
811 5139 1121 5212 ἔμπροσθεν
1165 5146 1417 5211 γενέσθαι
1473 5148 1579 5201 τῶν
1642 5151 1916 5220 πολεμίων
1980 5154 2324 5221 ἀπόστειλον,
2363 5161 2457 5211 καὶ
2504 5162 2565 5211 εκ
2627 5160 2856 5227 πλαγίου
2891 5163 2985 5213 καὶ
3040 5163 3236 5227 αὐτοὺς
3254 5166 3492 5235 πόλεμον

229 5230 563 5301 προσϐαλεῖν
606 5233 928 5303 πρόσταξον.
986 5238 1096 5290 Καὶ
1134 5236 1307 5301 οὔτως
1355 5240 1637 5307 ποιοῦντός
1690 5263 1804 5310 σου,
1844 5247 1903 5299 οὐ
1942 5249 2261 5317 δυνήσονται
2330 5254 2671 5323 ἀντιστῆναι,
2720 5255 2858 5308 ἀλλὰ
2906 5258 3043 5327 πρὸς
3110 5261 3289 5330 φυγὴν
3317 5230 3495 5333 appr),

232 5340 406 5377 σουσι.
444 5325 555 5377 Καὶ
597 5327 643 5378 ει
690 5326 848 5379 τοῦτο
900 5326 1093 5391 νυκτὸς
1126 5330 1415 5400 πράξουσι,
1460 5336 1793 5402 καταδίωξον
1832 5341 2051 5405 αὐτοὺς,
2084 5345 2176 5396 καὶ
2234 5346 2423 5416 τελείῳ
2473 5349 2697 5411 τούτους
2753 5348 3100 5420 παραδώσεις
3167 5354 3486 5427 ἀφανισμῷ.

513 5438 671 5493 ΚΕΦ.
710 5438 833 5496 ΚΔ’.
865 5443 1003 5510 Περὶ
1042 5448 1519 5517 νυκτοπολέμου.

298 5550 361 5603 Εἰ
398 5551 453 5603 δὲ
492 5552 571 5614 εἰς
607 5553 799 5623 ἑτέραν
830 5554 1022 5609 ἔλθωσι
1051 5557 1265 5630 βουλὴν,
1306 5565 1447 5617 κατὰ
1487 5567 1547 5618 τὸ
1614 5568 1803 5622 δοκοῦν

228 5637 430 5703 αὐτοῖς,
492 5641 896 5711 λυσιτελοῦσαν,
955 5651 1047 5701 καί
1092 5652 1251 5718 ἡνίκα
1301 5672 1360 5707 σε
1420 5657 1794 5712 καταλαϐόντα

2137 5458 2264 5511 Cap.
2299 5458 2486 5513 XXIV.
2520 5459 2592 5513 De
2633 5461 2970 5517 dimicatione
2997 5475 3274 5523 nocturna.

1989 5573 2043 5626 Si
2077 5590 2203 5628 vero
2246 5576 2296 5628 in
2351 5577 2512 5632 aliam
2565 5579 2943 5648 cogitationem
2984 5585 3227 5647 veniunt,
3254 5586 3380 5651 sibi,
3405 5603 3491 5641 se.

1902 5666 2144 5719 cundum
2188 5668 2354 5735 ipsos,
2393 5672 2707 5737 salutarem,
2735 5680 2807 5737 et,
2841 5673 3075 5728 adventu
3122 5688 3213 5729 tuo
3239 5678 3483 5747 cognito,

1412 5776 1474 5830 (ἐ.
1519 5775 1575 5831 Β.
1610 5778 1789 5832 ιιιειι
1824 5779 2374 5841 ANNOTATIONES.

316 5847 359 5878 “
384 5849 701 5917 ὲξ;θέμεθα.
746 5850 868 5905 Vid.
904 5870 1065 5924 supra
1094 5858 1216 5914 122.

509 5949 589 6002 ΡΑ
610 5962 776 6004 Γιιυι..
818 5945 933 6007 Gtt.
974 5949 1224 6016 CXVII.

3047 5976 3123 6035 32
