4178 6522
728 416 870 480 1003

2041 412 2451 474 NlCEPllUl’tl
2485 415 2677 473 PUUC
2707 416 2747 472 E

3861 421 3995 484 10θὶ

729 533 830 585 sub
881 536 1094 583 noctem
1148 523 1516 580 tabcrnaculis
1569 522 1785 576 statunis
1825 523 2130 590 consident,
2175 534 2305 578 tunc

2415 524 2702 578 αἴσθωνται
2731 524 2920 589 νυκτὸς
2980 525 3391 597 ἀπληκεύσωσι,
3441 527 3535 593 τὰς
3582 529 3787 600 σκηνάς
3823 533 3999 601 magi.

729 636 962 692 pugnam
1013 629 1293 675 nocturam
1346 631 1469 670 cum
1532 615 1640 670 illis
1683 617 2012 671 committes.
2051 616 2302 670 Pra'lium

728 725 908 768 autem
957 713 1227 766 instruere
1278 708 1444 781 254
1506 717 1720 778 oportet
1771 709 2036 764 adversus
2071 707 2192 765 illos
2250 710 2304 763 in

730 805 874 859 hunc
913 804 1132 858 modum
1162 819 1174 853 :
1215 799 1294 854 Tu
1331 814 1361 853 a
1385 810 1536 868 tergo
1563 814 1687 852 eum
1727 799 1962 870 pedestri
2006 800 2123 854 acie
2152 800 2306 869 signa

729 893 952 948 iuferes.
1018 890 1282 960 Reliquos
1354 888 1637 959 pedestres
1721 904 1978 944 numeros
2050 890 2308 946 distribui

727 995 936 1057 oportet
967 986 1020 1040 in
1051 993 1235 1056 partes
1283 998 1398 1048 sex,
1425 990 1644 1052 tresque
1671 997 1764 1052 per
1811 982 2094 1052 obliquum
2117 997 2148 1037 e
2175 981 2308 1036 dex-

725 1088 811 1134 tro
838 1081 1007 1133 latere
1058 1075 1316 1140 hostium,
1351 1081 1461 1128 tres
1508 1089 1574 1128 ex
1621 1073 1846 1128 sinistro
1874 1073 2065 1141 locari,
2107 1074 2152 1129 si
2183 1074 2308 1144 qui-

723 1170 847 1225 dem
874 1185 970 1225 eos
999 1178 1190 1223 natura
1219 1165 1326 1220 loci
1359 1177 1539 1221 castra
1589 1164 1644 1218 in
1694 1164 2090 1235 longitudinem
2121 1167 2306 1235 porri-

725 1277 852 1332 gere
880 1260 1056 1329 coegit
1088 1276 1100 1312 :
1131 1257 1334 1314 distent
1367 1266 1547 1311 autem
1581 1257 1666 1310 hae
1713 1258 1858 1312 acies
1889 1257 2033 1312 inter
2057 1273 2115 1314 se
2149 1258 2308 1328 quasi

723 1352 1187 1433 sagi’ttaajactum,
1219 1361 1311 1403 aut
1357 1349 1518 1418 paulo
1564 1349 1767 1414 minus,
1798 1349 2086 1420 solamque
2143 1365 2304 1420 aper-

723 1429 916 1502 taliiet
943 1443 1327 1498 incustoditam
1367 1442 1680 1510 relinquant
1720 1441 1861 1495 viam
1891 1441 2062 1507 illam,
2090 1458 2197 1511 qua
2240 1443 2308 1498 ad

723 1538 956 1606 patriam
991 1536 1332 1603 salutemque
1378 1533 1675 1587 adversarii
1710 1533 1996 1602 pervenire
2053 1537 2304 1602 possint:

723 1637 803 1690 ut,
830 1625 1104 1680 acerrimo
1140 1625 1342 1693 impetu
1393 1624 1444 1676 in
1485 1639 1578 1677 eos
1627 1624 1788 1688 facto,
1815 1631 1868 1675 ct
1894 1621 2035 1676 viam
2065 1633 2305 1692 apertam

721 1719 1022 1781 inveniant,
1044 1729 1098 1771 et
1124 1731 1218 1786 spe
1247 1714 1383 1768 falsa
1415 1713 2044 1775 inducti,seincolumes
2073 1729 2307 1785 pugnam

719 1811 959 1880 effugere
1012 1809 1346 1877 domumque
1417 1805 1704 1875 pervenire
1750 1821 1930 1876 posse,
1986 1808 2309 1862 conscensis

2417 631 2588 684 μενοι,
2618 614 2738 668 τότε
2781 616 3189 686 νυκτοπόλεμον
3223 618 3346 672 κατ’
3377 619 3558 674 αὐτῶν
3587 621 3820 694 ἐργάσῃ.
3847 622 3995 694 Πλὴν

2407 706 2580 772 οὕτως
2617 725 2675 759 σε
2699 708 2789 761 τὸν
2817 711 2940 760 κατ’
2973 709 3153 763 αὐτῶν
3179 712 3285 781 χρὴ
3326 711 3592 766 διαθεῖναι
3617 713 3854 785 πόλεμον
3875 733 3890 746 ο
3921 717 3995 771 Σὺ

2412 797 2511 867 μὲν
2556 800 2619 851 ἐκ
2657 798 2765 852 τῶν
2793 799 3017 854 ὄπισθεν
3064 801 3201 871 μετά
3227 803 3460 874 πεζικῆς
3497 805 3858 876 παρατάξεως
3894 809 3996 878 τὴν

2407 891 2715 964 προσϐολὴν
2744 893 3012 963 ποιήσεις.
3047 895 3160 958 Τὰς
3200 895 3257 948 δὲ
3290 895 3483 960 λοιπάς
3513 897 3748 962 πεζικὰς
3801 900 3993 966 τάξεις

2415 983 2614 1036 διελεῖν
2649 984 2753 1055 χρὴ
2782 987 2859 1048 εὶς
2883 985 2943 1050 ἒξ
2983 987 3226 1056 μερίδας,
3259 989 3353 1043 καὶ
3395 993 3544 1060 τρεῖς
3595 992 3693 1061 μὲν
3744 994 3888 1046 κατά
3932 992 3993 1045 τὸ

2407 1075 2583 1140 δεξιὸν
2606 1079 2716 1131 τῶν
2740 1077 3016 1149 πολεμίων
3035 1081 3099 1133 ὲκ
3116 1081 3346 1150 πλαγίου
3368 1083 3569 1151 αὐτῶν,
3590 1088 3739 1154 τρεῖς
3767 1085 3824 1137 δὲ
3849 1087 3993 1140 κατὰ

2407 1169 2468 1223 τὸ
2490 1168 2772 1240 εὐώνυμον
2791 1173 3153 1242 καταστῆσαι,
3188 1175 3242 1226 εῖ
3257 1191 3321 1242 γε
3349 1175 3430 1239 εἰς
3453 1177 3626 1246 μῆκος
3648 1179 3680 1246 ἡ
3702 1177 3795 1230 τοῦ
3820 1178 3991 1230 τόπου

2409 1262 2556 1325 Θέσις
2575 1263 2636 1315 τὸ
2660 1265 2869 1318 έαυτῶν
2890 1265 3168 1336 ἄπληκτον
3190 1269 3535 1336 καταστῆσαι
3568 1271 3993 1343 καταναγκάσῃ,

2416 1355 2732 1425 ἀπεχούσας
2779 1356 3024 1426 ἀλλήλων
3053 1358 3188 1412 ὡσεὶ
3245 1358 3401 1424 τόξου
3449 1360 3632 1432 βολὴν,
3682 1364 3716 1433 ἢ
3757 1363 3852 1417 καὶ
3896 1382 3991 1432 μι-

2411 1441 2543 1510 κρὸν
2606 1439 2856 1515 ἔλαττον·
2889 1442 3059 1511 μόνην
3115 1445 3472 1515 ἀνεῳγμένην
3532 1449 3630 1500 καὶ
3673 1449 3993 1515 ἀφύλακτον

2411 1533 2922 1600 καταλιμπάνουσαι
2957 1533 3057 1602 τὴν
3088 1535 3227 1598 ὁδὸν,
3260 1536 3359 1607 τὴν
3388 1539 3526 1608 πρὸς
3556 1539 3624 1592 τὰ
3654 1542 3832 1594 οἰκεῖα
3863 1545 3992 1604 τοὺς

2411 1623 2707 1693 πολεμίους
2748 1623 3122 1689 διασώζουσαν
3146 1641 3159 1654 ·
3191 1626 3340 1689 ὅπως
3380 1629 3764 1696 σφοδρωτάτου
3805 1631 3993 1693 αὐτοῖς

2409 1713 2758 1778 ἐπιτεθέντος
2781 1716 2877 1768 τοῦ
2911 1717 3173 1787 πολέμου,
3207 1719 3304 1771 καὶ
3343 1719 3442 1790 τὴν
3470 1719 3590 1771 ὁδὸν
3629 1723 3992 1792 ἀνεῳγμένην

2413 1807 2804 1877 ὲφευρίσκωσι,
2857 1810 2955 1860 καὶ
3009 1810 3191 1880 ἀπάτῃ
3253 1810 3346 1862 τοῦ
3392 1811 3721 1882 διασωθῆναι
3767 1815 3863 1865 καὶ
3901 1816 3994 1865 τὸν

719 1906 878 1974 equis
903 1919 965 1958 ea
993 1903 1128 1972 fugae
1153 1917 1212 1956 se
1262 1901 1625 1966 committant,
1667 1910 1989 1971 tantumque
2024 1917 2136 1956 suae
2156 1903 2307 1972 quis-

2415 1899 2649 1970 πόλεμον
2678 1900 2962 1968 διαφυγεῖν
3011 1901 3106 1954 καὶ
3151 1903 3252 1972 τὴν
3297 1903 3432 1956 ἰδίαν
3475 1904 3827 1969 καταλαϐεῖν,
3867 1907 3990 1957 ἐπι-

722 2013 829 2067 que
870 1995 1064 2051 salutis
1128 1994 1394 2048 rationem
1458 1993 1675 2046 habeat.
1732 1992 1787 2047 Si
1855 2009 1962 2046 non
2017 1993 2070 2047 in
2133 1993 2308 2062 longi-

723 2089 968 2144 tudinem
1042 2093 1405 2155 porrexerunt
1461 2095 1684 2148 castra,
1753 2084 1849 2138 sed
1919 2083 2164 2139 locorum
2235 2086 2308 2139 si-

725 2192 815 2238 tas
890 2179 1195 2234 orbiculata
1242 2192 1304 2231 ea
1359 2175 1577 2240 efl’eeit,
1641 2184 1856 2244 Oportet
1919 2186 1969 2229 te
2029 2176 2306 2244 pedestres

726 2277 873 2330 acies
919 2270 1275 2327 circumcirca
1327 2267 1686 2322 eolloeantem
1731 2267 1942 2336 jubere,
1972 2277 2030 2320 ut
2085 2267 2150 2320 ad
2211 2282 2310 2335 pu-

727 2378 890 2434 gnam
934 2377 995 2417 se
1052 2367 1295 2430 parent:
1357 2357 1537 2412 solum
1606 2365 1827 2420 autem,
1889 2366 1948 2409 ut
1996 2356 2304 2419 docuimus,

727 2456 862 2512 illud
895 2455 997 2509 iter
1031 2453 1263 2506 liberum
1299 2457 1351 2504 et
1399 2457 1646 2518 apertum
1699 2448 2029 2516 relinquere,
2067 2448 2212 2516 quod
2239 2447 2306 2501 ad

728 2542 1170 2598 adversariorum
1205 2539 1340 2592 fines
1369 2537 1537 2592 ducit.
1577 2535 1873 2606 Postquam
1920 2537 2218 2606 peditatum
2252 2537 2308 2590 in

730 2638 877 2690 hunc
910 2634 1132 2688 modum
1169 2631 1518 2693 instruxeris,
1545 2630 1675 2699 jube
1702 2645 1827 2684 eum
1885 2645 1994 2684 non
2027 2629 2216 2699 procul
2241 2628 2309 2682 ab

730 2728 984 2782 hostibus
1019 2723 1326 2788 considere,
1361 2723 1625 2790 ignesque
1685 2737 1884 2792 magno
1940 2736 2167 2776 numero
2219 2735 2309 2776 ac-

727 2818 979 2874 cendere.
1015 2813 1181 2868 Porro
1231 2814 1283 2866 in
1322 2827 1650 2882 unaquaque
1685 2813 1918 2882 pedestri
1953 2814 2070 2866 acie
2119 2812 2311 2882 praete--

728 2924 878 2965 etum
913 2907 1216 2962 constitues
1272 2905 1503 2974 probum
1555 2914 1610 2958 ct
1662 2903 1856 2958 fortem
1910 2908 2087 2958 virum
2127 2922 2140 2958 :
2180 2904 2308 2959 item

729 3016 852 3057 cum
881 2999 990 3054 illis
1017 2997 1229 3068 equites
1251 2996 1316 3049 ad
1342 2996 1588 3065 singulas
1617 2995 1784 3060 acies,
1805 2996 1898 3064 qui
1930 3011 1960 3050 a
2011 3005 2160 3064 tergo
2183 2996 2312 3051 suh-

729 3096 860 3158 sint,
885 3091 931 3147 si
963 3104 1059 3161 per
1091 3090 1271 3144 locmn
1322 3088 1468 3151 licet,
1499 3103 1624 3142 cum
1678 3088 1910 3143 ducibus
1942 3087 2177 3142 idoneis.
2214 3088 2312 3144 His

730 3187 1107 3254 obtemperare
1154 3181 1374 3250 jubebis
1426 3194 1618 3233 omnes
1665 3179 1887 3244 milites,
1943 3179 2108 3233 etiam
2149 3181 2309 3249 pede-

732 3279 926 3333 strium
958 3278 1218 3329 acierum.
1256 3271 1350 3327 llis
1372 3273 1442 3326 ita
1472 3272 1893 3335 administratis,
1915 3272 2074 3340 deligi
2099 3281 2312 3342 oportet

730 3371 918 3426 velites
950 3367 1109 3437 255
1160 3365 1329 3420 fortes
1383 3373 1436 3418 et
1483 3362 1879 3428 velocissimos,
1913 3377 2119 3431 eosque
2176 3380 2314 3432 prae-

733 3461 894 3522 mitti,
926 3469 980 3512 ut
1016 3458 1230 3512 silentio
1254 3455 1526 3524 progressi
1558 3469 1720 3524 quam
1752 3455 1998 3522 proxime
2031 3456 2096 3507 ad
2128 3455 2314 3509 hostes

737 3552 1020 3614 accedant,
1053 3551 1132 3604 sic
1188 3548 1390 3612 cdocti,
1422 3558 1478 3601 ut
1524 3549 1700 3616 primo
1731 3547 1824 3616 qui
1869 3546 2021 3616 juxta
2072 3548 2310 3600 medium

737 3660 930 3712 agmen
959 3643 1091 3705 sint,
1125 3643 1386 3710 impetum
1442 3638 1666 3702 faciant,
1697 3639 1888 3692 deinde
1916 3639 2007 3707 qui
2043 3654 2071 3691 a
2111 3638 2310 3694 fronte.

735 3737 890 3802 Quod
925 3736 969 3788 si
1002 3749 1068 3788 ex
1127 3742 1359 3801 utroque
1390 3733 1559 3786 latere
1607 3730 1762 3786 locus
1805 3730 2083 3799 fastigium
2125 3730 2310 3794 habet,

735 3827 1014 3897 pedestres
1059 3824 1206 3879 acies
1247 3825 1300 3876 in
1330 3825 1534 3878 hostes.
1575 3862 1590 3876 .
1635 3863 1651 3882 .
1694 3821 1994 3875 adversarii
2042 3822 2315 3876 manuali-

738 3920 838 3970 bus
904 3924 957 3969 rt
1019 3913 1332 3968 fundalihus
1423 3913 1591 3977 saxis,
1665 3911 1987 3981 sagittisque
2056 3912 2312 3983 utrinque

735 4024 802 4062 et.
838 4007 971 4060 locis
1003 4005 1378 4075 superioribus
1416 4001 1662 4072 appetiti,
1701 4001 1849 4055 nullo
1897 4004 2115 4071 negotio
2157 4002 2314 4070 disji-

736 4102 970 4156 cientur.
998 4099 1054 4152 Si
1106 4114 1214 4152 non
1250 4097 1329 4150 sic
1359 4111 1417 4151 se
1449 4096 1612 4149 habet
1663 4103 1907 4149 locorum
1939 4095 2096 4159 situs,
2129 4095 2223 4148 sed
2247 4110 2312 4148 ex

720 4193 903 4247 altera
941 4193 1203 4244 duntaxat
1233 4197 1388 4257 parte
1434 4186 1710 4256 fastigium
1766 4185 2031 4250 imminet,
2064 4184 2313 4238 similiter

736 4285 862 4340 inde
893 4283 1108 4337 facilius
1137 4296 1263 4334 saxa
1288 4289 1341 4334 et
1364 4278 1578 4348 sagitta:
1607 4278 1661 4331 in
1692 4278 1814 4332 illos
1839 4276 2184 4346 adjicientur.
2216 4277 2312 4333 Sin

738 4387 918 4430 autem
968 4376 1020 4428 in
1086 4372 1310 4443 planitie
1366 4386 1454 4425 res
1509 4370 1735 4440 geritur,
1801 4370 1994 4439 majori
2062 4371 2316 4425 cautione

738 4469 974 4525 ineunda
1032 4481 1210 4536 pugna
1266 4473 1372 4518 est.
1419 4464 1617 4517 Hostes
1677 4462 1726 4516 si
1781 4463 1970 4516 volunt
1998 4460 2316 4516 conscensis

2411 1989 2544 2042 ϐῶσι
2572 1991 2681 2043 τῶν
2701 1991 2903 2056 ἵππων,
2925 1993 3020 2046 καὶ
3040 1992 3106 2045 δι’
3135 1995 3303 2063 αὐτῆς
3327 1993 3462 2065 πρὸς
3483 1995 3660 2067 φυγὴν
3679 1999 3990 2066 ὁρμήσωσι,

2413 2081 2580 2152 μόνην
2602 2083 2834 2145 ἕκαστος
2866 2085 2964 2152 τὴν
2999 2085 3134 2137 ἰδίαν
3171 2084 3629 2156 περιποιούμενος
3687 2089 3991 2157 σωτηρίαν.

2409 2173 2472 2226 ΕΞ
2494 2172 2548 2225 δὲ
2565 2173 2665 2226 οὐκ
2691 2174 2965 2244 ἐπίμηκες
2988 2180 3362 2247 πεποιήκεσαν
3381 2180 3441 2232 τὸ
3458 2179 3670 2232 ἑαυτῶν
3684 2181 3993 2247 ἄπληκτον,

2409 2266 2524 2320 ἀλλ’
2557 2268 2588 2336 ἡ
2615 2266 2710 2322 τοῦ
2724 2269 2888 2320 τόπου
2911 2267 3060 2330 θέσις
3084 2271 3412 2340 κυκλοτερὲς
3430 2273 3562 2325 αὐτὸ
3585 2274 3990 2341 ἀπειργάσατο,

2409 2359 2514 2426 χρή
2532 2374 2587 2408 σε
2604 2356 2702 2418 τὰς
2717 2357 2944 2420 πεζικὰς
2960 2359 3181 2412 ἱστάντα
3197 2359 3533 2428 παρατάξεις
3546 2362 3799 2431 γυρόθεν,
3821 2381 3996 2433 παρε-

2411 2448 2778 2518 σκευασθῆναι
2805 2449 3008 2512 ταύτας
3033 2452 3334 2520 προστάξαι
3355 2453 3491 2522 πρὸς
3516 2455 3753 2524 πόλεμον
3771 2473 3784 2486 ·
3821 2459 3994 2526 μόνην

2407 2543 2483 2604 δὲ,
2500 2542 2573 2606 ὡς
2594 2542 2825 2612 ἔφημεν,
2843 2542 2939 2612 τὴν
2956 2544 3072 2596 ὁδὸν
3089 2542 3288 2610 ἄφετον
3313 2547 3406 2597 καὶ
3431 2546 3787 2616 ἀνεῳγμένην
3819 2565 3996 2601 κατα-

2409 2633 2608 2697 λιπεῖν,
2641 2635 2742 2703 τὴν
2781 2635 2917 2704 πρὸς
2946 2635 3013 2688 τὰ
3045 2635 3155 2687 ἴδια
3176 2636 3382 2689 τούτων
3413 2639 3709 2708 φέρουσαν,
3748 2641 3909 2692 Μετὰ
3935 2641 3992 2693 δὲ

2410 2728 2470 2780 τὸ
2526 2725 2883 2792 διατάξασθαι
2928 2729 3054 2790 τοὺς
3116 2730 3318 2791 πεζοὺς
3373 2731 3564 2782 τοῦτον
3618 2731 3712 2783 τὸν
3760 2734 3992 2802 τρέπον,

2411 2819 2880 2888 παραπληκεῦσαι
2898 2823 3010 2881 τοῖς
3032 2819 3316 2889 πολεμίοις
3336 2822 3684 2891 προστάξεις,
3718 2826 3813 2876 καὶ
3844 2841 3917 2876 πυ
3929 2823 3997 2892 ρά

2413 2910 2493 2972 εἰς
2533 2909 2735 2978 πλῆθος
2774 2911 2976 2978 ἀνάψαι
2999 2909 3190 2963 πολλά.
3233 2911 3322 2962 Ἐν
3357 2914 3454 2982 μιᾷ
3480 2914 3536 2965 δὲ
3565 2915 3772 2985 ἑκάστῃ
3811 2934 3996 2985 παρα-

2411 3001 2564 3067 τάξει
2614 3004 2722 3054 τῶν
2785 3002 2968 3064 πεζῶν
3026 3003 3120 3054 καὶ
3177 3003 3413 3072 ἄρχοντα
3465 3007 3831 3074 καταστήσεις
3886 3008 3999 3059 τῶν

2413 3091 2704 3161 χρησίμων
2769 3093 2864 3144 καὶ
2923 3093 3212 3161 ἀνδρείων·
3255 3094 3350 3146 σὺν
3402 3094 3586 3157 αὐτοῖς
3615 3095 3670 3147 δὲ
3714 3099 3905 3160 ἱππεῖς
3940 3101 3999 3150 ἐν

2419 3185 2516 3254 μιᾷ
2545 3184 2749 3253 ἑκάστῃ
2777 3185 3103 3252 παρατάξει,
3147 3187 3210 3237 ἐκ
3237 3185 3341 3236 τῶν
3371 3185 3594 3240 ὄπισθεν
3643 3188 3996 3257 ἱσταμένους,

2417 3276 2531 3340 εἴγε
2556 3275 2647 3326 καὶ
2678 3275 2705 3326 ὁ
2738 3275 2914 3344 χῶρος
2956 3276 3187 3340 δίδωσιν,
3225 3278 3448 3346 ἔχοντας
3486 3280 3764 3350 ἀρχηγοὺς
3795 3284 3999 3351 ἆνΞρας

2416 3363 2750 3430 ἀξιολόγους.
2813 3364 3104 3417 Πείθεσθαί
3161 3383 3219 3418 τε
3279 3367 3464 3430 αὐτοῖς
3517 3373 3851 3438 προστάξεις
3903 3375 3998 3425 καὶ

2417 3458 2632 3510 ἅπαντα
2685 3457 2774 3509 τὸν
2828 3457 2955 3508 λαὸν
2980 3455 3066 3528 [Ρ.
3105 3459 3226 3528 165]
3280 3461 3390 3511 τῶν
3448 3461 3691 3526 πεζικῶν
3759 3466 3992 3529 τάξεων.

2415 3548 2570 3601 Μετὰ
2617 3548 2671 3600 δὲ
2704 3549 2761 3600 τὸ
2819 3547 2992 3610 οὕτως
3043 3552 3588 3622 παρασκευασθῆναι,
3667 3554 3997 3627 διαχωρῐσαι

2415 3640 2520 3710 χρὴ
2552 3641 2660 3692 τῶν
2703 3640 2874 3708 ψιλῶν
2923 3642 3202 3712 ἀνδρείους
3239 3644 3332 3696 καὶ
3361 3648 3544 3713 ταχεῖς
3583 3649 3696 3709 τοῖς
3724 3652 3871 3712 ποσὶ,
3904 3654 3997 3703 καὶ

2416 3732 2723 3802 ἔμπροσθεν
2793 3734 3133 3798 ἀποστεῖλαι,
3201 3735 3295 3787 τοῦ
3347 3741 3473 3807 σιγῇ
3544 3741 3852 3802 κατελθεῖν,
3906 3744 4000 3795 καὶ

2417 3825 2643 3893 ἔγγιστα
2678 3825 2783 3876 τῶν
2841 3827 3114 3896 πολεμῖων
3163 3829 3436 3896 γενέσθαι,
3500 3833 3589 3884 καὶ
3657 3834 4001 3903 διορίσασθαι

2418 3919 2623 3982 αὐτοῖς,
2652 3918 2737 3970 ἵνα
2767 3918 2986 3988 πρῶτον
3029 3919 3129 3988 μὲν
3178 3923 3225 3972 οἱ
3267 3924 3324 3974 ἐν
3381 3922 3456 3990 τῷ
3510 3925 3658 3993 μέσῳ
3720 3926 4000 3994 ἱστάμενοι

2415 4007 2514 4077 τὴν
2545 4007 2851 4077 προσϐολὴν
2882 4009 3237 4077 ποιήσωνται,
3263 4005 3551 4072 εἶοόὖτως
3575 4014 3622 4063 οἱ
3661 4013 4000 4081 ἒμπρθσθεν·

2418 4097 2528 4148 Καὶ
2561 4097 2608 4147 εἰ
2645 4095 2742 4165 μὲν
2808 4095 2866 4159 ἐξ
2892 4097 3218 4166 ἀμφοτέρων
3260 4098 3369 4149 τῶν
3424 4098 3609 4166 μερῶν
3645 4103 3675 4166 ἡ
3706 4101 3802 4151 τοῦ
3829 4102 4000 4153 τόπου

2419 4189 2564 4250 θέσις
2587 4189 2934 4257 ὑψηλοτέρως
2975 4188 3151 4257 φέρει,
3209 4190 3307 4252 τὰς
3363 4191 3590 4253 πεζικὰς
3642 4191 3824 4254 τάξεις
3861 4193 4005 4245 κατὰ

2421 4280 2528 4334 τῶν
2558 4279 2895 4350 πολεμίων⁸⁷
2933 4278 3255 4348 βαλλόμενοι
3279 4281 3328 4332 οἱ
3365 4279 3615 4348 πολέμιοι
3639 4284 3748 4343 τοῖς
3796 4283 3860 4334 ἐκ
3891 4301 4004 4350 χει-

2424 4372 2534 4442 ρῶν
2588 4371 2682 4424 καὶ
2729 4370 3030 4439 σφενδονῶν
3095 4371 3265 4434 λίθοις
3321 4376 3412 4424 καὶ
3453 4372 3626 4435 τόξοις
3688 4374 3898 4426 ἀνωθεν
3946 4376 4001 4440 ἐξ

2422 4463 2720 4532 ἑκατέρων,
2757 4462 2997 4532 εὐχερῶς
3025 4462 3516 4532 καταλυθήσονται.
3555 4463 3614 4514 Εἰ
3637 4463 3694 4515 δὲ
3729 4465 3805 4533 μὴ
3829 4465 4002 4526 οὕτως

738 4560 895 4630 cquis
923 4558 978 4611 in
1010 4569 1228 4610 nostros
1261 4555 1521 4622 impetum
1582 4553 1782 4617 facere,
1813 4553 2069 4607 velitibus
2110 4568 2141 4607 a
2190 4554 2311 4608 loco

2422 4557 2596 4625 ἔχειὴ
2636 4554 2732 4605 τοῦ
2791 4556 2957 4607 τόπου
3026 4553 3196 4618 θέσις,
3243 4553 3358 4606 ἀλλ’
3414 4554 3469 4618 ἐξ
3523 4555 3641 4616 ἐνὸς
3692 4555 3897 4622 μέρους
3944 4559 4004 4607 τὸ

738 4650 940 4721 adjutis
975 4647 1383 4703 incommodum
1431 4646 1638 4699 nullum
1690 4644 1944 4711 inferunt,
1973 4645 2064 4699 sed
2098 4659 2158 4699 se
2215 4646 2317 4714 ipsi

741 4745 923 4814 potius
955 4757 1150 4811 magno
1211 4739 1448 4793 aflicient
1486 4739 1648 4793 malo.
1686 4737 1887 4792 Omnes
1937 4746 2118 4791 autem
2158 4738 2322 4805 pede-

737 4844 885 4892 stres
933 4834 1100 4902 capia:
1152 4831 1340 4885 eodem
1398 4837 1641 4899 tempore
1698 4831 1989 4883 decurrere
2049 4829 2323 4898 utrimque

739 4928 963 4990 debent,
1006 4927 1261 4993 tubisque
1287 4921 1708 4978 concinentibus
1738 4921 2032 4974 clamorem
2079 4929 2133 4974 et
2196 4920 2325 4974 bar-

743 5020 907 5074 ritum
941 5017 1152 5071 tollere.
1190 5015 1455 5085 Deinceps
1490 5013 1600 5067 dux
1628 5028 1842 5081 quoque
1874 5028 1902 5066 a
1937 5023 2086 5081 tergo
2123 5012 2325 5065 acriter

741 5109 988 5179 praelium
1045 5105 1374 5160 committat.
1405 5108 1482 5158 Ac
1535 5104 1580 5160 si
1632 5113 1983 5173 perseverant
2021 5102 2322 5156 adversarii

743 5216 920 5270 neque
979 5198 1118 5270 fuga:
1171 5214 1230 5253 se
1296 5197 1702 5262 Commendant,
1731 5197 1966 5266 expediti
2024 5197 2214 5250 velites
2270 5205 2325 5250 et

743 5293 1010 5364 praemissi
1063 5291 1407 5362 antesignani
1458 5291 1656 5344 ducum
1725 5289 2126 5343 hortationibus
2187 5288 2323 5343 inci-

746 5385 898 5439 tandi
931 5396 1078 5449 sunt,
1109 5393 1168 5436 ut
1194 5381 1456 5453 usque‘in
1489 5382 1838 5435 tabernacula
1888 5382 2124 5435 hostium
2157 5395 2323 5450 pene-

747 5485 910 5532 trent.
939 5476 991 5528 ld
1017 5475 1174 5529 facile
1205 5477 1308 5529 erit
1334 5474 1504 5539 factu,
1547 5484 1766 5542 propter
1799 5473 2037 5527 salebras
2087 5472 2210 5526 loci.
2239 5472 2316 5525 lta

751 5571 838 5623 ubi
871 5569 1181 5637 occeperint
1214 5581 1406 5622 manus
1435 5566 1659 5636 injicere
1684 5566 1863 5636 equis,
1895 5565 2079 5630 mulis,
2117 5563 2321 5617 instru-

2421 4646 2624 4717 ὑψηλὸν
2661 4647 3002 4715 ὑπέρκειται,
3036 4651 3130 4699 καὶ
3151 4646 3412 4708 ὡσαύτως
3439 4645 3647 4698 ἐκεῖθεν
3678 4647 4001 4716 εὐχερέστε-

2421 4757 2513 4810 ρον
2543 4739 2652 4790 τῶν
2678 4738 2841 4793 λίθων
2904 4741 2998 4792 καὶ
3055 4739 3224 4803 τόξων
3282 4739 3380 4800 τὰς
3441 4739 3599 4807 βολὰς
3645 4743 3768 4792 κατ“
3823 4742 4002 4792 αὐτῶν

2421 4831 2817 4902 πεμπέτωσαν.
2863 4829 3010 4901 Πλὴν
3035 4831 3101 4882 ὲκ
3130 4830 3225 4883 τοῦ
3267 4830 3540 4899 ὲφομάλου
3571 4831 4001 4900 ἐπιμελέστερον

2421 4923 2643 4993 ἔχεσθαι
2667 4923 2748 4976 δεῖ
2775 4923 2872 4992 τῆς
2912 4924 3115 4992 μάχης.
3166 4921 3231 4974 Εἰ
3262 4921 3319 4974 δὲ
3377 4921 3713 4990 βουληθῶσιν
3751 4925 3803 4975 οἱ
3842 4925 4000 4976 πολέ-

2426 5033 2538 5086 μιοι
2579 5016 2837 5084 ἐπιϐῆναι
2899 5015 3107 5078 ἵππων,
3161 5015 3256 5068 καὶ
3317 5016 3436 5068 κατ’
3497 5016 3678 5067 αὐτῶν
3730 5017 4000 5084 ὁρμῆσαι,

2422 5107 2571 5160 οὐδὲν
2605 5107 2703 5176 μὲν
2737 5109 2847 5170 τοῖς
2875 5106 3050 5174 ψιλοῖς
3093 5106 3266 5159 δεινὸν
3316 5107 3663 5177 ἐργάσονται,
3703 5107 3801 5158 τοῦ
3837 5110 4001 5160 τοπευ

2424 5196 2741 5267 βοηθοῦντος
2767 5196 2946 5258 αὐτοῖς
2969 5212 2981 5224 ·
3007 5197 3221 5257 ἑαυτοῖς
3246 5196 3302 5248 δὲ
3348 5196 3546 5264 μᾶλλον
3581 5195 3830 5264 μεγάλην
3872 5211 4004 5262 προ-

2424 5288 2646 5357 ξενήσου
2657 5305 2704 5338 σι
2727 5286 2949 5357 βλάὸην.
2971 5288 3478 5356 Συγκαταϐήτωσαν
3496 5287 3553 5339 δὲ
3575 5288 3749 5339 πᾶσαι
3775 5287 3832 5340 αἱ
3852 5287 4007 5350 πεζια

2428 5380 2524 5433 καὶ
2547 5379 2730 5442 τάξεις
2753 5379 2810 5444 ἐξ
2827 5379 3152 5450 ἀμφοτέρων
3178 5378 3284 5431 τῶν
3306 5380 3512 5448 μερῶν,
3535 5379 3630 5432 καὶ
3648 5379 4004 5430 σαλπισάτωο

2432 5488 2530 5523 σαν
2566 5470 2774 5523 ἅπασαι
2806 5469 2948 5538 μετὰ
2977 5471 3224 5538 κραυγῆς
3255 5472 3349 5522 καὶ
3389 5470 3733 5538 ἀλαλαγμοῦ.
3769 5470 4008 5520 Ἔπειτα

2430 5563 2524 5615 καὶ
2541 5561 2569 5612 ὁ
2595 5561 2895 5631 στρατηγὸς
2917 5563 2979 5616 ὲκ
2995 5562 3102 5615 τῶν
3119 5561 3338 5615 ὄπισθεν
3359 5563 3592 5634 ἰσχυρῶς
3625 5563 3824 5630 ἁψάτω
3850 5561 4004 5616 ⁸³τοῦ

1893 5680 1955 5735 C.
1987 5680 2047 5733 Β.
2087 5679 2266 5734 HAS”
2306 5672 2864 5734 ANNOTATIONES.

820 5804 865 5839 ⁸⁷
901 5806 1151 5874 φέρει-
1180 5805 1474 5873 πολεμίων.
1531 5803 1752 5859 Videtur
1782 5804 1976 5858 deesse
2029 5802 2235 5871 alidunl
2265 5819 2276 5855 ι

2415 5803 2420 5853 i
2461 5802 2539 5854 vis
2576 5800 2924 5874 conjungere
2961 5801 3145 5874 τάξεις
3188 5817 3312 5855 cum
3345 5801 3498 5872 φέρει
3523 5812 3574 5856 et
3616 5801 3761 5854 κατά
3799 5817 3854 5855 τ.
3883 5798 4006 5854 πολ.

749 5875 798 5909 ⁸⁸
839 5870 1046 5931 (ti—aii».
1095 5876 1240 5932 Fort.
1273 5870 1520 5945 ἀιζαάσθω,
1574 5878 1658 5929 vel
1709 5875 1986 5942 ἀναψάτω,
2025 5870 2286 5942 sequente

2415 5887 2518 5926 :us.
2576 5870 2694 5923 Vid.
2741 5879 2922 5924 tamen
2975 5872 3094 5924 166.
3133 5871 3193 5924 υ.
