  <div class='ocr_page' id='page_1' title='image "/cluster/home/n/w/nwhite01/storage/ocr_20150623/117/nnc1.0046980202/512.png"; bbox 0 0 4178 6522; ppageno 0'>
   <div class='ocr_carea' id='block_1_1' title="bbox 253 447 387 510">
    <p class='ocr_par' dir='ltr' id='par_1_1' title="bbox 253 447 387 510">
     <span class='ocr_line' id='line_1_1' title="bbox 253 447 387 510; baseline 0.015 -2"><span class='ocrx_word' id='word_1_1' title='bbox 253 447 387 510; x_wconf 60' lang='grc' dir='ltr'><strong>ἱῦυῦ</strong></span> 
     </span>
    </p>
   </div>
   <div class='ocr_carea' id='block_1_2' title="bbox 1504 445 2281 506">
    <p class='ocr_par' dir='ltr' id='par_1_2' title="bbox 1504 445 2281 506">
     <span class='ocr_line' id='line_1_2' title="bbox 1504 445 2281 506; baseline 0.001 -1"><span class='ocrx_word' id='word_1_2' title='bbox 1504 445 1911 505; x_wconf 72' lang='lat' dir='ltr'><strong>VELITATIO</strong></span> <span class='ocrx_word' id='word_1_3' title='bbox 1942 446 2281 506; x_wconf 73' lang='lat' dir='ltr'><strong>BELLICA.</strong></span> 
     </span>
    </p>
   </div>
   <div class='ocr_carea' id='block_1_3' title="bbox 3364 440 3505 504">
    <p class='ocr_par' dir='ltr' id='par_1_3' title="bbox 3364 440 3505 504">
     <span class='ocr_line' id='line_1_3' title="bbox 3364 440 3505 504; baseline -0.007 0"><span class='ocrx_word' id='word_1_4' title='bbox 3364 440 3505 504; x_wconf 77' lang='grc'><strong>1006</strong></span> 
     </span>
    </p>
   </div>
   <div class='ocr_carea' id='block_1_4' title="bbox 249 531 1829 607">
    <p class='ocr_par' dir='ltr' id='par_1_4' title="bbox 249 533 1822 607">
     <span class='ocr_line' id='line_1_4' title="bbox 249 533 1822 607; baseline -0.004 -17"><span class='ocrx_word' id='word_1_5' title='bbox 249 538 508 606; x_wconf 59' lang='grc' dir='ltr'>πολέμου.</span> <span class='ocrx_word' id='word_1_6' title='bbox 539 537 645 590; x_wconf 72' lang='grc' dir='ltr'><strong>Καὶ</strong></span> <span class='ocrx_word' id='word_1_7' title='bbox 666 538 712 590; x_wconf 82' lang='grc' dir='ltr'>εἰ</span> <span class='ocrx_word' id='word_1_8' title='bbox 736 536 816 590; x_wconf 77' lang='grc' dir='ltr'>ἔτι</span> <span class='ocrx_word' id='word_1_9' title='bbox 847 536 1206 607; x_wconf 69' lang='grc' dir='ltr'><strong>καρτεροῦσιν</strong></span> <span class='ocrx_word' id='word_1_10' title='bbox 1244 535 1293 587; x_wconf 82' lang='grc' dir='ltr'><strong>οἱ</strong></span> <span class='ocrx_word' id='word_1_11' title='bbox 1332 533 1601 604; x_wconf 81' lang='grc' dir='ltr'>πολέμιοι,</span> <span class='ocrx_word' id='word_1_12' title='bbox 1625 537 1720 586; x_wconf 78' lang='grc' dir='ltr'><strong>καὶ</strong></span> <span class='ocrx_word' id='word_1_13' title='bbox 1746 535 1822 605; x_wconf 81' lang='grc' dir='ltr'>μὴ</span> 
     </span>
    </p>
   </div>
   <div class='ocr_carea' id='block_1_5' title="bbox 1932 531 3502 607">
    <p class='ocr_par' dir='ltr' id='par_1_5' title="bbox 1932 531 3502 604">
     <span class='ocr_line' id='line_1_5' title="bbox 1932 531 3502 604; baseline -0.004 -17"><span class='ocrx_word' id='word_1_14' title='bbox 1932 544 2112 588; x_wconf 82' lang='lat' dir='ltr'><strong>mento</strong></span> <span class='ocrx_word' id='word_1_15' title='bbox 2157 536 2414 596; x_wconf 71' lang='lat' dir='ltr'><strong>hostium,</strong></span> <span class='ocrx_word' id='word_1_16' title='bbox 2449 534 2809 604; x_wconf 73' lang='lat' dir='ltr'><strong>hominesque</strong></span> <span class='ocrx_word' id='word_1_17' title='bbox 2870 531 3034 603; x_wconf 78' lang='lat'><strong>256</strong></span> <span class='ocrx_word' id='word_1_18' title='bbox 3080 532 3134 584; x_wconf 90' lang='lat' dir='ltr'><strong>in</strong></span> <span class='ocrx_word' id='word_1_19' title='bbox 3185 531 3502 587; x_wconf 71' lang='lat' dir='ltr'><strong>servitutem</strong></span> 
     </span>
    </p>
   </div>
   <div class='ocr_carea' id='block_1_6' title="bbox 251 626 1822 698">
    <p class='ocr_par' dir='ltr' id='par_1_6' title="bbox 251 626 1822 698">
     <span class='ocr_line' id='line_1_6' title="bbox 251 626 1822 698; baseline -0.001 -18"><span class='ocrx_word' id='word_1_20' title='bbox 251 632 386 696; x_wconf 73' lang='grc' dir='ltr'>πρδς</span> <span class='ocrx_word' id='word_1_21' title='bbox 414 627 590 698; x_wconf 80' lang='grc' dir='ltr'>φυγὴν</span> <span class='ocrx_word' id='word_1_22' title='bbox 651 630 1010 698; x_wconf 81' lang='grc' dir='ltr'>όρμὴσουσιν,</span> <span class='ocrx_word' id='word_1_23' title='bbox 1050 629 1098 680; x_wconf 73' lang='lat' dir='ltr'><strong>ot</strong></span> <span class='ocrx_word' id='word_1_24' title='bbox 1157 629 1342 696; x_wconf 85' lang='grc' dir='ltr'>ταχεῖς</span> <span class='ocrx_word' id='word_1_25' title='bbox 1399 626 1546 694; x_wconf 73' lang='grc' dir='ltr'>ψιλοὶ</span> <span class='ocrx_word' id='word_1_26' title='bbox 1611 627 1705 679; x_wconf 74' lang='grc' dir='ltr'>καὶ</span> <span class='ocrx_word' id='word_1_27' title='bbox 1774 628 1822 679; x_wconf 74' lang='lat' dir='ltr'><strong>oi</strong></span> 
     </span>
    </p>
   </div>
   <div class='ocr_carea' id='block_1_7' title="bbox 249 717 1826 789">
    <p class='ocr_par' dir='ltr' id='par_1_7' title="bbox 249 717 1826 789">
     <span class='ocr_line' id='line_1_7' title="bbox 249 717 1826 789; baseline -0.001 -17"><span class='ocrx_word' id='word_1_28' title='bbox 249 719 558 789; x_wconf 78' lang='grc' dir='ltr'>ἔμπροσθεν</span> <span class='ocrx_word' id='word_1_29' title='bbox 611 719 1013 781; x_wconf 72' lang='grc' dir='ltr'><strong>ἀποσταλέντες</strong></span> <span class='ocrx_word' id='word_1_30' title='bbox 1085 717 1599 788; x_wconf 81' lang='grc' dir='ltr'>παρορμηθήτωσαν</span> <span class='ocrx_word' id='word_1_31' title='bbox 1673 719 1826 785; x_wconf 84' lang='grc' dir='ltr'><strong>παρά</strong></span> 
     </span>
    </p>
   </div>
   <div class='ocr_carea' id='block_1_8' title="bbox 248 809 1823 880">
    <p class='ocr_par' dir='ltr' id='par_1_8' title="bbox 248 809 1823 880">
     <span class='ocr_line' id='line_1_8' title="bbox 248 809 1823 880; baseline 0 -18"><span class='ocrx_word' id='word_1_32' title='bbox 248 810 356 862; x_wconf 81' lang='grc' dir='ltr'>τῶν</span> <span class='ocrx_word' id='word_1_33' title='bbox 382 810 659 880; x_wconf 82' lang='grc' dir='ltr'><strong>ἀρχόντων</strong></span> <span class='ocrx_word' id='word_1_34' title='bbox 690 810 888 873; x_wconf 82' lang='grc' dir='ltr'>αὐτῶν,</span> <span class='ocrx_word' id='word_1_35' title='bbox 925 809 1072 863; x_wconf 83' lang='grc' dir='ltr'>ἔνδον</span> <span class='ocrx_word' id='word_1_36' title='bbox 1102 810 1181 870; x_wconf 85' lang='grc' dir='ltr'><strong>είς</strong></span> <span class='ocrx_word' id='word_1_37' title='bbox 1213 810 1310 864; x_wconf 80' lang='grc' dir='ltr'><strong>τάς</strong></span> <span class='ocrx_word' id='word_1_38' title='bbox 1342 809 1545 878; x_wconf 77' lang='grc' dir='ltr'>σκηνάς</span> <span class='ocrx_word' id='word_1_39' title='bbox 1573 809 1823 879; x_wconf 78' lang='grc' dir='ltr'>χωρῆσαι</span> 
     </span>
    </p>
   </div>
   <div class='ocr_carea' id='block_1_9' title="bbox 247 900 1826 976">
    <p class='ocr_par' dir='ltr' id='par_1_9' title="bbox 247 900 1826 976">
     <span class='ocr_line' id='line_1_9' title="bbox 247 900 1826 976; baseline 0.003 -24"><span class='ocrx_word' id='word_1_40' title='bbox 247 900 354 953; x_wconf 85' lang='grc' dir='ltr'>τῶν</span> <span class='ocrx_word' id='word_1_41' title='bbox 383 901 674 971; x_wconf 87' lang='grc' dir='ltr'>πολεμίων.</span> <span class='ocrx_word' id='word_1_42' title='bbox 705 902 943 974; x_wconf 77' lang='grc' dir='ltr'>Εὑχερὲς</span> <span class='ocrx_word' id='word_1_43' title='bbox 974 904 1082 976; x_wconf 78' lang='grc' dir='ltr'><strong>γάρ</strong></span> <span class='ocrx_word' id='word_1_44' title='bbox 1112 901 1270 954; x_wconf 81' lang='grc' dir='ltr'>τοῦτο</span> <span class='ocrx_word' id='word_1_45' title='bbox 1308 903 1462 955; x_wconf 84' lang='grc' dir='ltr'>ἔσται</span> <span class='ocrx_word' id='word_1_46' title='bbox 1513 904 1694 964; x_wconf 71' lang='grc' dir='ltr'>αὐτοῖς</span> <span class='ocrx_word' id='word_1_47' title='bbox 1719 903 1826 956; x_wconf 72' lang='grc' dir='ltr'>ἀπὸ</span> 
     </span>
    </p>
   </div>
   <div class='ocr_carea' id='block_1_10' title="bbox 248 993 1824 1067">
    <p class='ocr_par' dir='ltr' id='par_1_10' title="bbox 248 993 1824 1067">
     <span class='ocr_line' id='line_1_10' title="bbox 248 993 1824 1067; baseline 0.002 -22"><span class='ocrx_word' id='word_1_48' title='bbox 248 994 348 1061; x_wconf 82' lang='grc' dir='ltr'>τῆς</span> <span class='ocrx_word' id='word_1_49' title='bbox 377 993 470 1046; x_wconf 91' lang='grc' dir='ltr'><strong>τοῦ</strong></span> <span class='ocrx_word' id='word_1_50' title='bbox 511 995 679 1048; x_wconf 84' lang='grc' dir='ltr'>τόπου</span> <span class='ocrx_word' id='word_1_51' title='bbox 734 997 1122 1067; x_wconf 74' lang='grc' dir='ltr'><strong>σκληρότητος.</strong></span> <span class='ocrx_word' id='word_1_52' title='bbox 1185 997 1296 1048; x_wconf 68' lang='grc' dir='ltr'><strong>Καὶ</strong></span> <span class='ocrx_word' id='word_1_53' title='bbox 1338 998 1371 1066; x_wconf 67' lang='grc' dir='ltr'>ἡ</span> <span class='ocrx_word' id='word_1_54' title='bbox 1411 998 1500 1048; x_wconf 81' lang='grc' dir='ltr'><strong>ίκα</strong></span> <span class='ocrx_word' id='word_1_55' title='bbox 1551 995 1824 1065; x_wconf 82' lang='grc' dir='ltr'><strong>ἄρξωνται</strong></span> 
     </span>
    </p>
   </div>
   <div class='ocr_carea' id='block_1_11' title="bbox 250 1086 1825 1160">
    <p class='ocr_par' dir='ltr' id='par_1_11' title="bbox 250 1086 1825 1160">
     <span class='ocr_line' id='line_1_11' title="bbox 250 1086 1825 1160; baseline 0.003 -22"><span class='ocrx_word' id='word_1_56' title='bbox 250 1086 659 1154; x_wconf 87' lang='grc' dir='ltr'>ἀναλαμϐάνειν</span> <span class='ocrx_word' id='word_1_57' title='bbox 677 1090 878 1152; x_wconf 82' lang='grc' dir='ltr'>ἵππους</span> <span class='ocrx_word' id='word_1_58' title='bbox 903 1090 935 1160; x_wconf 86' lang='grc' dir='ltr'>ἢ</span> <span class='ocrx_word' id='word_1_59' title='bbox 973 1089 1232 1160; x_wconf 78' lang='grc' dir='ltr'><strong>ἡμιόνους</strong></span> <span class='ocrx_word' id='word_1_60' title='bbox 1262 1091 1359 1143; x_wconf 73' lang='grc' dir='ltr'><strong>καὶ</strong></span> <span class='ocrx_word' id='word_1_61' title='bbox 1385 1091 1688 1159; x_wconf 87' lang='grc' dir='ltr'>πράγματα</span> <span class='ocrx_word' id='word_1_62' title='bbox 1715 1090 1825 1144; x_wconf 81' lang='grc' dir='ltr'><strong>τῶν</strong></span> 
     </span>
    </p>
   </div>
   <div class='ocr_carea' id='block_1_12' title="bbox 252 1177 1826 1254">
    <p class='ocr_par' dir='ltr' id='par_1_12' title="bbox 252 1177 1826 1254">
     <span class='ocr_line' id='line_1_12' title="bbox 252 1177 1826 1254; baseline 0.005 -25"><span class='ocrx_word' id='word_1_63' title='bbox 252 1177 549 1246; x_wconf 86' lang='grc' dir='ltr'>πολεμίων,</span> <span class='ocrx_word' id='word_1_64' title='bbox 601 1182 694 1234; x_wconf 70' lang='grc' dir='ltr'><strong>καὶ</strong></span> <span class='ocrx_word' id='word_1_65' title='bbox 753 1181 1077 1254; x_wconf 84' lang='grc' dir='ltr'>ἀνθρώπους</span> <span class='ocrx_word' id='word_1_66' title='bbox 1113 1181 1543 1253; x_wconf 76' lang='grc' dir='ltr'>ἀνδραποδίζειν,</span> <span class='ocrx_word' id='word_1_67' title='bbox 1574 1183 1826 1252; x_wconf 72' lang='grc' dir='ltr'>καὶάρχὴ</span> 
     </span>
    </p>
   </div>
   <div class='ocr_carea' id='block_1_13' title="bbox 249 1271 1827 1345">
    <p class='ocr_par' dir='ltr' id='par_1_13' title="bbox 249 1271 1827 1345">
     <span class='ocr_line' id='line_1_13' title="bbox 249 1271 1827 1345; baseline 0.004 -24"><span class='ocrx_word' id='word_1_68' title='bbox 249 1271 477 1340; x_wconf 77' lang='grc' dir='ltr'><strong>τοιαύτη</strong></span> <span class='ocrx_word' id='word_1_69' title='bbox 549 1271 797 1342; x_wconf 76' lang='grc' dir='ltr'>γένηται,</span> <span class='ocrx_word' id='word_1_70' title='bbox 873 1276 1212 1345; x_wconf 81' lang='grc' dir='ltr'>όρμήσουσιν</span> <span class='ocrx_word' id='word_1_71' title='bbox 1291 1275 1532 1339; x_wconf 73' lang='grc' dir='ltr'>ἅπαντες</span> <span class='ocrx_word' id='word_1_72' title='bbox 1601 1277 1680 1337; x_wconf 83' lang='grc' dir='ltr'><strong>είς</strong></span> <span class='ocrx_word' id='word_1_73' title='bbox 1730 1277 1827 1344; x_wconf 80' lang='grc' dir='ltr'><strong>τὴν</strong></span> 
     </span>
    </p>
   </div>
   <div class='ocr_carea' id='block_1_14' title="bbox 249 1367 1828 1441">
    <p class='ocr_par' dir='ltr' id='par_1_14' title="bbox 249 1367 1828 1441">
     <span class='ocr_line' id='line_1_14' title="bbox 249 1367 1828 1441; baseline 0.004 -24"><span class='ocrx_word' id='word_1_74' title='bbox 249 1367 505 1438; x_wconf 74' lang='grc' dir='ltr'><strong>τοιαύτην</strong></span> <span class='ocrx_word' id='word_1_75' title='bbox 533 1370 867 1440; x_wconf 77' lang='grc' dir='ltr'>διαρπαγὴν,</span> <span class='ocrx_word' id='word_1_76' title='bbox 907 1372 1002 1424; x_wconf 70' lang='grc' dir='ltr'><strong>καὶ</strong></span> <span class='ocrx_word' id='word_1_77' title='bbox 1029 1371 1263 1438; x_wconf 77' lang='grc' dir='ltr'>ἀφειδῶς</span> <span class='ocrx_word' id='word_1_78' title='bbox 1320 1373 1466 1424; x_wconf 76' lang='grc' dir='ltr'>ἔνδον</span> <span class='ocrx_word' id='word_1_79' title='bbox 1517 1373 1828 1441; x_wconf 74' lang='grc' dir='ltr'>χωρήσουσι</span> 
     </span>
    </p>
   </div>
   <div class='ocr_carea' id='block_1_15' title="bbox 248 1458 1828 1529">
    <p class='ocr_par' dir='ltr' id='par_1_15' title="bbox 248 1458 1828 1529">
     <span class='ocr_line' id='line_1_15' title="bbox 248 1458 1828 1529; baseline 0.004 -20"><span class='ocrx_word' id='word_1_80' title='bbox 248 1458 358 1510; x_wconf 79' lang='grc' dir='ltr'>τῶν</span> <span class='ocrx_word' id='word_1_81' title='bbox 387 1460 623 1528; x_wconf 76' lang='grc' dir='ltr'>σκηνῶν,</span> <span class='ocrx_word' id='word_1_82' title='bbox 669 1461 811 1529; x_wconf 81' lang='grc' dir='ltr'>ξίφει</span> <span class='ocrx_word' id='word_1_83' title='bbox 862 1463 1056 1526; x_wconf 76' lang='grc' dir='ltr'>αὐτοὺς</span> <span class='ocrx_word' id='word_1_84' title='bbox 1085 1464 1541 1526; x_wconf 81' lang='grc' dir='ltr'>κατακόπτοντες.</span> <span class='ocrx_word' id='word_1_85' title='bbox 1578 1465 1687 1516; x_wconf 74' lang='grc' dir='ltr'>Καὶ</span> <span class='ocrx_word' id='word_1_86' title='bbox 1707 1464 1828 1517; x_wconf 85' lang='grc' dir='ltr'>τότε</span> 
     </span>
    </p>
   </div>
   <div class='ocr_carea' id='block_1_16' title="bbox 249 1551 1828 1627">
    <p class='ocr_par' dir='ltr' id='par_1_16' title="bbox 249 1551 1828 1627">
     <span class='ocr_line' id='line_1_16' title="bbox 249 1551 1828 1627; baseline 0.006 -26"><span class='ocrx_word' id='word_1_87' title='bbox 249 1551 385 1619; x_wconf 61' lang='grc' dir='ltr'>πρὸς</span> <span class='ocrx_word' id='word_1_88' title='bbox 407 1555 584 1621; x_wconf 74' lang='grc' dir='ltr'>φυγὴν</span> <span class='ocrx_word' id='word_1_89' title='bbox 603 1554 941 1625; x_wconf 83' lang='grc' dir='ltr'>ὁρμήσουσιν</span> <span class='ocrx_word' id='word_1_90' title='bbox 963 1558 1221 1623; x_wconf 70' lang='grc' dir='ltr'>ἅπαντες,</span> <span class='ocrx_word' id='word_1_91' title='bbox 1244 1560 1356 1611; x_wconf 81' lang='grc' dir='ltr'>ὅσοι</span> <span class='ocrx_word' id='word_1_92' title='bbox 1395 1559 1492 1627; x_wconf 86' lang='grc' dir='ltr'>μὲν</span> <span class='ocrx_word' id='word_1_93' title='bbox 1519 1557 1828 1626; x_wconf 78' lang='grc' dir='ltr'>ἰσχύσουσιν</span> 
     </span>
    </p>
   </div>
   <div class='ocr_carea' id='block_1_17' title="bbox 251 1643 1830 1721">
    <p class='ocr_par' dir='ltr' id='par_1_17' title="bbox 251 1643 1830 1721">
     <span class='ocr_line' id='line_1_17' title="bbox 251 1643 1830 1721; baseline 0.005 -27"><span class='ocrx_word' id='word_1_94' title='bbox 251 1643 508 1714; x_wconf 76' lang='grc' dir='ltr'>ἐπιϐῆναι</span> <span class='ocrx_word' id='word_1_95' title='bbox 574 1647 778 1712; x_wconf 83' lang='grc' dir='ltr'>ἵππων,</span> <span class='ocrx_word' id='word_1_96' title='bbox 841 1651 889 1700; x_wconf 77' lang='grc' dir='ltr'>οἱ</span> <span class='ocrx_word' id='word_1_97' title='bbox 939 1649 994 1702; x_wconf 80' lang='grc' dir='ltr'>δὲ</span> <span class='ocrx_word' id='word_1_98' title='bbox 1024 1653 1116 1704; x_wconf 75' lang='grc' dir='ltr'><strong>καὶ</strong></span> <span class='ocrx_word' id='word_1_99' title='bbox 1145 1651 1306 1721; x_wconf 79' lang='grc' dir='ltr'>πεζῇ,</span> <span class='ocrx_word' id='word_1_100' title='bbox 1336 1651 1410 1713; x_wconf 84' lang='grc' dir='ltr'>ὡς</span> <span class='ocrx_word' id='word_1_101' title='bbox 1435 1648 1499 1702; x_wconf 78' lang='grc' dir='ltr'>ἂν</span> <span class='ocrx_word' id='word_1_102' title='bbox 1529 1650 1830 1720; x_wconf 74' lang='grc' dir='ltr'>δυνηθῶσιν</span> 
     </span>
    </p>
   </div>
   <div class='ocr_carea' id='block_1_18' title="bbox 247 1736 1829 1813">
    <p class='ocr_par' dir='ltr' id='par_1_18' title="bbox 247 1736 1829 1813">
     <span class='ocr_line' id='line_1_18' title="bbox 247 1736 1829 1813; baseline 0.007 -26"><span class='ocrx_word' id='word_1_103' title='bbox 247 1736 474 1805; x_wconf 80' lang='grc' dir='ltr'>ὃρεσίτε</span> <span class='ocrx_word' id='word_1_104' title='bbox 507 1740 600 1792; x_wconf 70' lang='grc' dir='ltr'>καὶ</span> <span class='ocrx_word' id='word_1_105' title='bbox 617 1739 856 1808; x_wconf 80' lang='grc' dir='ltr'>φάραγξι</span> <span class='ocrx_word' id='word_1_106' title='bbox 876 1743 1169 1813; x_wconf 75' lang='grc' dir='ltr'>κρυϐῆναι,</span> <span class='ocrx_word' id='word_1_107' title='bbox 1206 1746 1304 1796; x_wconf 68' lang='grc' dir='ltr'><strong>καὶ</strong></span> <span class='ocrx_word' id='word_1_108' title='bbox 1326 1743 1600 1813; x_wconf 72' lang='grc' dir='ltr'>σωτὴρίας</span> <span class='ocrx_word' id='word_1_109' title='bbox 1623 1745 1829 1812; x_wconf 85' lang='grc' dir='ltr'>τυχεῖν.</span> 
     </span>
    </p>
   </div>
   <div class='ocr_carea' id='block_1_19' title="bbox 249 1827 1830 1905">
    <p class='ocr_par' dir='ltr' id='par_1_19' title="bbox 249 1827 1830 1905">
     <span class='ocr_line' id='line_1_19' title="bbox 249 1827 1830 1905; baseline 0.004 -27"><span class='ocrx_word' id='word_1_110' title='bbox 249 1827 362 1879; x_wconf 73' lang='grc' dir='ltr'>Καὶ</span> <span class='ocrx_word' id='word_1_111' title='bbox 387 1829 434 1880; x_wconf 89' lang='grc' dir='ltr'><strong>εί</strong></span> <span class='ocrx_word' id='word_1_112' title='bbox 464 1829 704 1882; x_wconf 77' lang='grc' dir='ltr'>τοιοῦτον</span> <span class='ocrx_word' id='word_1_113' title='bbox 728 1835 792 1901; x_wconf 83' lang='grc' dir='ltr'>τῇ</span> <span class='ocrx_word' id='word_1_114' title='bbox 840 1832 1062 1905; x_wconf 79' lang='grc' dir='ltr'>βοηθείᾳ</span> <span class='ocrx_word' id='word_1_115' title='bbox 1088 1832 1182 1886; x_wconf 88' lang='grc' dir='ltr'><strong>τοῦ</strong></span> <span class='ocrx_word' id='word_1_116' title='bbox 1233 1833 1366 1887; x_wconf 84' lang='grc' dir='ltr'>Θεοῦ</span> <span class='ocrx_word' id='word_1_117' title='bbox 1399 1836 1623 1903; x_wconf 83' lang='grc' dir='ltr'>γένηται</span> <span class='ocrx_word' id='word_1_118' title='bbox 1654 1835 1714 1886; x_wconf 82' lang='grc' dir='ltr'><strong>τὸ</strong></span> <span class='ocrx_word' id='word_1_119' title='bbox 1736 1832 1830 1886; x_wconf 87' lang='grc' dir='ltr'><strong>τοῦ</strong></span> 
     </span>
    </p>
   </div>
   <div class='ocr_carea' id='block_1_20' title="bbox 1926 621 3502 694">
    <p class='ocr_par' dir='ltr' id='par_1_20' title="bbox 1926 621 3502 694">
     <span class='ocr_line' id='line_1_20' title="bbox 1926 621 3502 694; baseline -0.002 -16"><span class='ocrx_word' id='word_1_120' title='bbox 1926 624 2194 693; x_wconf 85' lang='lat' dir='ltr'><strong>redigere,</strong></span> <span class='ocrx_word' id='word_1_121' title='bbox 2228 625 2506 694; x_wconf 80' lang='lat' dir='ltr'><strong>semelque</strong></span> <span class='ocrx_word' id='word_1_122' title='bbox 2550 624 2737 676; x_wconf 80' lang='lat' dir='ltr'><strong>barum</strong></span> <span class='ocrx_word' id='word_1_123' title='bbox 2793 638 2974 678; x_wconf 88' lang='lat' dir='ltr'><strong>rerum</strong></span> <span class='ocrx_word' id='word_1_124' title='bbox 3035 621 3248 676; x_wconf 89' lang='lat' dir='ltr'><strong>initium</strong></span> <span class='ocrx_word' id='word_1_125' title='bbox 3301 622 3502 678; x_wconf 80' lang='lat' dir='ltr'><strong>factum</strong></span> 
     </span>
    </p>
   </div>
   <div class='ocr_carea' id='block_1_21' title="bbox 1926 713 3506 785">
    <p class='ocr_par' dir='ltr' id='par_1_21' title="bbox 1926 713 3506 785">
     <span class='ocr_line' id='line_1_21' title="bbox 1926 713 3506 785; baseline -0.003 -15"><span class='ocrx_word' id='word_1_126' title='bbox 1926 726 2030 780; x_wconf 87' lang='lat' dir='ltr'><strong>est,</strong></span> <span class='ocrx_word' id='word_1_127' title='bbox 2059 731 2249 770; x_wconf 87' lang='lat' dir='ltr'><strong>omnes</strong></span> <span class='ocrx_word' id='word_1_128' title='bbox 2276 715 2342 769; x_wconf 88' lang='lat' dir='ltr'><strong>ad</strong></span> <span class='ocrx_word' id='word_1_129' title='bbox 2385 713 2652 785; x_wconf 81' lang='lat' dir='ltr'><strong>ejusmodi</strong></span> <span class='ocrx_word' id='word_1_130' title='bbox 2704 715 3063 784; x_wconf 78' lang='lat' dir='ltr'><strong>direptionem</strong></span> <span class='ocrx_word' id='word_1_131' title='bbox 3113 723 3295 778; x_wconf 85' lang='lat' dir='ltr'><strong>ruent,</strong></span> <span class='ocrx_word' id='word_1_132' title='bbox 3332 729 3506 769; x_wconf 71' lang='lat' dir='ltr'><strong>croco-</strong></span> 
     </span>
    </p>
   </div>
   <div class='ocr_carea' id='block_1_22' title="bbox 1925 805 3506 879">
    <p class='ocr_par' dir='ltr' id='par_1_22' title="bbox 1925 805 3506 879">
     <span class='ocr_line' id='line_1_22' title="bbox 1925 805 3506 879; baseline -0.002 -16"><span class='ocrx_word' id='word_1_133' title='bbox 1925 826 2033 879; x_wconf 89' lang='lat' dir='ltr'><strong>quc</strong></span> <span class='ocrx_word' id='word_1_134' title='bbox 2068 809 2268 878; x_wconf 89' lang='lat' dir='ltr'><strong>impetu</strong></span> <span class='ocrx_word' id='word_1_135' title='bbox 2308 807 2538 863; x_wconf 76' lang='lat' dir='ltr'><strong>tentoria</strong></span> <span class='ocrx_word' id='word_1_136' title='bbox 2574 805 2915 872; x_wconf 81' lang='lat' dir='ltr'><strong>invadentes,</strong></span> <span class='ocrx_word' id='word_1_137' title='bbox 2945 807 3270 864; x_wconf 84' lang='lat' dir='ltr'><strong>obsistentes</strong></span> <span class='ocrx_word' id='word_1_138' title='bbox 3314 807 3506 878; x_wconf 82' lang='lat' dir='ltr'><strong>gladiis</strong></span> 
     </span>
    </p>
   </div>
   <div class='ocr_carea' id='block_1_23' title="bbox 1927 898 3504 971">
    <p class='ocr_par' dir='ltr' id='par_1_23' title="bbox 1927 898 3504 971">
     <span class='ocr_line' id='line_1_23' title="bbox 1927 898 3504 971; baseline -0.001 -15"><span class='ocrx_word' id='word_1_139' title='bbox 1927 901 2235 956; x_wconf 88' lang='lat' dir='ltr'><strong>concident.</strong></span> <span class='ocrx_word' id='word_1_140' title='bbox 2262 899 2399 954; x_wconf 87' lang='lat' dir='ltr'><strong>Tum</strong></span> <span class='ocrx_word' id='word_1_141' title='bbox 2432 915 2563 956; x_wconf 86' lang='lat' dir='ltr'><strong>vero</strong></span> <span class='ocrx_word' id='word_1_142' title='bbox 2589 915 2778 955; x_wconf 88' lang='lat' dir='ltr'><strong>omnes</strong></span> <span class='ocrx_word' id='word_1_143' title='bbox 2803 900 2856 954; x_wconf 92' lang='lat' dir='ltr'><strong>in</strong></span> <span class='ocrx_word' id='word_1_144' title='bbox 2889 898 3070 971; x_wconf 81' lang='lat' dir='ltr'><strong>fugam</strong></span> <span class='ocrx_word' id='word_1_145' title='bbox 3103 916 3160 956; x_wconf 91' lang='lat' dir='ltr'><strong>se</strong></span> <span class='ocrx_word' id='word_1_146' title='bbox 3190 901 3504 970; x_wconf 89' lang='lat' dir='ltr'><strong>conjicient,</strong></span> 
     </span>
    </p>
   </div>
   <div class='ocr_carea' id='block_1_24' title="bbox 1928 991 3508 1063">
    <p class='ocr_par' dir='ltr' id='par_1_24' title="bbox 1928 991 3508 1063">
     <span class='ocr_line' id='line_1_24' title="bbox 1928 991 3508 1063; baseline -0.001 -16"><span class='ocrx_word' id='word_1_147' title='bbox 1928 992 2130 1062; x_wconf 81' lang='lat' dir='ltr'><strong>quibus</strong></span> <span class='ocrx_word' id='word_1_148' title='bbox 2160 991 2391 1048; x_wconf 73' lang='lat' dir='ltr'><strong>facultas</strong></span> <span class='ocrx_word' id='word_1_149' title='bbox 2413 991 2518 1047; x_wconf 82' lang='lat' dir='ltr'><strong>fuit</strong></span> <span class='ocrx_word' id='word_1_150' title='bbox 2549 992 2602 1046; x_wconf 91' lang='lat' dir='ltr'><strong>in</strong></span> <span class='ocrx_word' id='word_1_151' title='bbox 2631 1007 2801 1061; x_wconf 90' lang='lat' dir='ltr'><strong>equos</strong></span> <span class='ocrx_word' id='word_1_152' title='bbox 2828 991 3130 1059; x_wconf 78' lang='lat' dir='ltr'><strong>insiliendi,</strong></span> <span class='ocrx_word' id='word_1_153' title='bbox 3160 992 3250 1046; x_wconf 86' lang='lat' dir='ltr'><strong>alii</strong></span> <span class='ocrx_word' id='word_1_154' title='bbox 3286 1008 3508 1063; x_wconf 83' lang='lat' dir='ltr'><strong>quoque</strong></span> 
     </span>
    </p>
   </div>
   <div class='ocr_carea' id='block_1_25' title="bbox 1929 1085 3508 1154">
    <p class='ocr_par' dir='ltr' id='par_1_25' title="bbox 1929 1085 3508 1154">
     <span class='ocr_line' id='line_1_25' title="bbox 1929 1085 3508 1154; baseline 0.001 -17"><span class='ocrx_word' id='word_1_155' title='bbox 1929 1086 2179 1154; x_wconf 77' lang='lat' dir='ltr'><strong>pedibus,</strong></span> <span class='ocrx_word' id='word_1_156' title='bbox 2215 1093 2375 1154; x_wconf 81' lang='lat' dir='ltr'><strong>prout</strong></span> <span class='ocrx_word' id='word_1_157' title='bbox 2434 1087 2484 1138; x_wconf 89' lang='lat' dir='ltr'><strong>in</strong></span> <span class='ocrx_word' id='word_1_158' title='bbox 2522 1092 2736 1141; x_wconf 87' lang='lat' dir='ltr'><strong>montes</strong></span> <span class='ocrx_word' id='word_1_159' title='bbox 2774 1091 2828 1138; x_wconf 82' lang='lat' dir='ltr'><strong>et</strong></span> <span class='ocrx_word' id='word_1_160' title='bbox 2878 1085 3156 1140; x_wconf 87' lang='lat' dir='ltr'><strong>convalles</strong></span> <span class='ocrx_word' id='word_1_161' title='bbox 3194 1085 3394 1140; x_wconf 88' lang='lat' dir='ltr'><strong>abdere</strong></span> <span class='ocrx_word' id='word_1_162' title='bbox 3448 1102 3508 1142; x_wconf 87' lang='lat' dir='ltr'><strong>se</strong></span> 
     </span>
    </p>
   </div>
   <div class='ocr_carea' id='block_1_26' title="bbox 1929 1177 3507 1250">
    <p class='ocr_par' dir='ltr' id='par_1_26' title="bbox 1929 1177 3507 1250">
     <span class='ocr_line' id='line_1_26' title="bbox 1929 1177 3507 1250; baseline 0.001 -20"><span class='ocrx_word' id='word_1_163' title='bbox 1929 1181 2163 1248; x_wconf 85' lang='lat' dir='ltr'><strong>quisque</strong></span> <span class='ocrx_word' id='word_1_164' title='bbox 2229 1179 2444 1249; x_wconf 85' lang='lat' dir='ltr'><strong>poterit,</strong></span> <span class='ocrx_word' id='word_1_165' title='bbox 2496 1182 2561 1233; x_wconf 78' lang='lat' dir='ltr'><strong>ad</strong></span> <span class='ocrx_word' id='word_1_166' title='bbox 2612 1180 2951 1250; x_wconf 80' lang='lat' dir='ltr'><strong>salutemque</strong></span> <span class='ocrx_word' id='word_1_167' title='bbox 2998 1178 3298 1250; x_wconf 85' lang='lat' dir='ltr'><strong>pervenire.</strong></span> <span class='ocrx_word' id='word_1_168' title='bbox 3353 1177 3507 1245; x_wconf 84' lang='lat' dir='ltr'><strong>Quod</strong></span> 
     </span>
    </p>
   </div>
   <div class='ocr_carea' id='block_1_27' title="bbox 1931 1271 3508 1342">
    <p class='ocr_par' dir='ltr' id='par_1_27' title="bbox 1931 1271 3508 1342">
     <span class='ocr_line' id='line_1_27' title="bbox 1931 1271 3508 1342; baseline 0 -17"><span class='ocrx_word' id='word_1_169' title='bbox 1931 1272 1999 1335; x_wconf 87' lang='lat' dir='ltr'><strong>si,</strong></span> <span class='ocrx_word' id='word_1_170' title='bbox 2026 1271 2137 1326; x_wconf 72' lang='lat' dir='ltr'><strong>Deo</strong></span> <span class='ocrx_word' id='word_1_171' title='bbox 2157 1273 2402 1342; x_wconf 87' lang='lat' dir='ltr'><strong>juvante,</strong></span> <span class='ocrx_word' id='word_1_172' title='bbox 2433 1287 2529 1342; x_wconf 89' lang='lat' dir='ltr'><strong>per</strong></span> <span class='ocrx_word' id='word_1_173' title='bbox 2561 1272 3009 1328; x_wconf 87' lang='lat' dir='ltr'><strong>intercessionem</strong></span> <span class='ocrx_word' id='word_1_174' title='bbox 3065 1271 3508 1327; x_wconf 65' lang='lat' dir='ltr'><strong>incontaminati:</strong></span> 
     </span>
    </p>
   </div>
   <div class='ocr_carea' id='block_1_28' title="bbox 1933 1364 3506 1435">
    <p class='ocr_par' dir='ltr' id='par_1_28' title="bbox 1933 1364 3506 1435">
     <span class='ocr_line' id='line_1_28' title="bbox 1933 1364 3506 1435; baseline 0.001 -19"><span class='ocrx_word' id='word_1_175' title='bbox 1933 1365 2123 1418; x_wconf 81' lang='lat' dir='ltr'><strong>matris</strong></span> <span class='ocrx_word' id='word_1_176' title='bbox 2145 1365 2262 1433; x_wconf 86' lang='lat' dir='ltr'><strong>ejus</strong></span> <span class='ocrx_word' id='word_1_177' title='bbox 2293 1365 2537 1434; x_wconf 70' lang='lat' dir='ltr'><strong>Deiparae</strong></span> <span class='ocrx_word' id='word_1_178' title='bbox 2559 1365 2826 1434; x_wconf 83' lang='lat' dir='ltr'><strong>ejusmodi</strong></span> <span class='ocrx_word' id='word_1_179' title='bbox 2858 1365 3019 1420; x_wconf 82' lang='lat' dir='ltr'><strong>ﬁnem</strong></span> <span class='ocrx_word' id='word_1_180' title='bbox 3052 1364 3212 1419; x_wconf 85' lang='lat' dir='ltr'><strong>habet</strong></span> <span class='ocrx_word' id='word_1_181' title='bbox 3237 1365 3506 1435; x_wconf 67' lang='lat' dir='ltr'><strong>prtelium,</strong></span> 
     </span>
    </p>
   </div>
   <div class='ocr_carea' id='block_1_29' title="bbox 1930 1459 3508 1530">
    <p class='ocr_par' dir='ltr' id='par_1_29' title="bbox 1930 1459 3508 1530">
     <span class='ocr_line' id='line_1_29' title="bbox 1930 1459 3508 1530; baseline -0.002 -15"><span class='ocrx_word' id='word_1_182' title='bbox 1930 1468 1984 1515; x_wconf 91' lang='lat' dir='ltr'><strong>et</strong></span> <span class='ocrx_word' id='word_1_183' title='bbox 2045 1459 2272 1529; x_wconf 79' lang='lat' dir='ltr'><strong>gloriam</strong></span> <span class='ocrx_word' id='word_1_184' title='bbox 2323 1459 2496 1515; x_wconf 82' lang='lat' dir='ltr'><strong>sancti</strong></span> <span class='ocrx_word' id='word_1_185' title='bbox 2563 1459 2939 1530; x_wconf 86' lang='lat' dir='ltr'><strong>imperatores,</strong></span> <span class='ocrx_word' id='word_1_186' title='bbox 2990 1468 3044 1515; x_wconf 92' lang='lat' dir='ltr'><strong>et</strong></span> <span class='ocrx_word' id='word_1_187' title='bbox 3103 1461 3508 1514; x_wconf 82' lang='lat' dir='ltr'><strong>ﬁrmamentum</strong></span> 
     </span>
    </p>
   </div>
   <div class='ocr_carea' id='block_1_30' title="bbox 1931 1551 3510 1624">
    <p class='ocr_par' dir='ltr' id='par_1_30' title="bbox 1931 1551 3510 1624">
     <span class='ocr_line' id='line_1_30' title="bbox 1931 1551 3510 1624; baseline 0.002 -19"><span class='ocrx_word' id='word_1_188' title='bbox 1931 1553 2202 1606; x_wconf 73' lang='lat' dir='ltr'><strong>universa:</strong></span> <span class='ocrx_word' id='word_1_189' title='bbox 2255 1551 2631 1607; x_wconf 79' lang='lat' dir='ltr'><strong>Romanorum</strong></span> <span class='ocrx_word' id='word_1_190' title='bbox 2675 1554 2842 1622; x_wconf 71' lang='lat' dir='ltr'><strong>copiae</strong></span> <span class='ocrx_word' id='word_1_191' title='bbox 2889 1562 3298 1621; x_wconf 88' lang='lat' dir='ltr'><strong>assequentur:</strong></span> <span class='ocrx_word' id='word_1_192' title='bbox 3332 1569 3510 1624; x_wconf 84' lang='lat' dir='ltr'><strong>neque</strong></span> 
     </span>
    </p>
   </div>
   <div class='ocr_carea' id='block_1_31' title="bbox 1931 1643 3506 1716">
    <p class='ocr_par' dir='ltr' id='par_1_31' title="bbox 1931 1643 3506 1716">
     <span class='ocr_line' id='line_1_31' title="bbox 1931 1643 3506 1716; baseline 0.001 -18"><span class='ocrx_word' id='word_1_193' title='bbox 1931 1645 2074 1698; x_wconf 89' lang='lat' dir='ltr'><strong>enim</strong></span> <span class='ocrx_word' id='word_1_194' title='bbox 2111 1643 2344 1713; x_wconf 86' lang='lat' dir='ltr'><strong>amplius</strong></span> <span class='ocrx_word' id='word_1_195' title='bbox 2379 1654 2568 1701; x_wconf 83' lang='lat' dir='ltr'><strong>contra</strong></span> <span class='ocrx_word' id='word_1_196' title='bbox 2619 1645 2740 1701; x_wconf 91' lang='lat' dir='ltr'><strong>illas</strong></span> <span class='ocrx_word' id='word_1_197' title='bbox 2789 1655 2934 1700; x_wconf 89' lang='lat' dir='ltr'><strong>stare</strong></span> <span class='ocrx_word' id='word_1_198' title='bbox 2997 1646 3184 1702; x_wconf 85' lang='lat' dir='ltr'><strong>hostes</strong></span> <span class='ocrx_word' id='word_1_199' title='bbox 3228 1657 3506 1716; x_wconf 88' lang='lat' dir='ltr'><strong>poterunt.</strong></span> 
     </span>
    </p>
   </div>
   <div class='ocr_carea' id='block_1_32' title="bbox 1933 1734 3509 1806">
    <p class='ocr_par' dir='ltr' id='par_1_32' title="bbox 1933 1734 3509 1806">
     <span class='ocr_line' id='line_1_32' title="bbox 1933 1734 3509 1806; baseline 0.003 -18"><span class='ocrx_word' id='word_1_200' title='bbox 1933 1734 2086 1800; x_wconf 84' lang='lat' dir='ltr'><strong>Quod</strong></span> <span class='ocrx_word' id='word_1_201' title='bbox 2150 1735 2218 1800; x_wconf 93' lang='lat' dir='ltr'><strong>si,</strong></span> <span class='ocrx_word' id='word_1_202' title='bbox 2258 1735 2498 1791; x_wconf 89' lang='lat' dir='ltr'><strong>diluculo</strong></span> <span class='ocrx_word' id='word_1_203' title='bbox 2556 1736 2907 1806; x_wconf 88' lang='lat' dir='ltr'><strong>propatulum</strong></span> <span class='ocrx_word' id='word_1_204' title='bbox 2982 1737 3162 1792; x_wconf 87' lang='lat' dir='ltr'><strong>locum</strong></span> <span class='ocrx_word' id='word_1_205' title='bbox 3221 1738 3388 1805; x_wconf 76' lang='lat' dir='ltr'><strong>nacti,</strong></span> <span class='ocrx_word' id='word_1_206' title='bbox 3437 1739 3509 1793; x_wconf 89' lang='lat' dir='ltr'><strong>ibi</strong></span> 
     </span>
    </p>
   </div>
   <div class='ocr_carea' id='block_1_33' title="bbox 1934 1828 3510 1902">
    <p class='ocr_par' dir='ltr' id='par_1_33' title="bbox 1934 1828 3510 1902">
     <span class='ocr_line' id='line_1_33' title="bbox 1934 1828 3510 1902; baseline 0.002 -19"><span class='ocrx_word' id='word_1_207' title='bbox 1934 1828 2244 1884; x_wconf 89' lang='lat' dir='ltr'><strong>constitutis</strong></span> <span class='ocrx_word' id='word_1_208' title='bbox 2293 1829 2662 1887; x_wconf 87' lang='lat' dir='ltr'><strong>tabernaculis</strong></span> <span class='ocrx_word' id='word_1_209' title='bbox 2721 1832 3090 1896; x_wconf 88' lang='lat' dir='ltr'><strong>consederint,</strong></span> <span class='ocrx_word' id='word_1_210' title='bbox 3141 1847 3322 1902; x_wconf 90' lang='lat' dir='ltr'><strong>neque</strong></span> <span class='ocrx_word' id='word_1_211' title='bbox 3374 1833 3510 1888; x_wconf 78' lang='lat' dir='ltr'><strong>adeo</strong></span> 
     </span>
    </p>
   </div>
   <div class='ocr_carea' id='block_1_34' title="bbox 249 1919 1829 1996">
    <p class='ocr_par' dir='ltr' id='par_1_34' title="bbox 249 1919 1827 1996">
     <span class='ocr_line' id='line_1_34' title="bbox 249 1919 1827 1996; baseline 0.006 -27"><span class='ocrx_word' id='word_1_212' title='bbox 249 1919 493 1988; x_wconf 83' lang='grc' dir='ltr'>πολέμου</span> <span class='ocrx_word' id='word_1_213' title='bbox 550 1923 721 1990; x_wconf 80' lang='grc' dir='ltr'>πέρας</span> <span class='ocrx_word' id='word_1_214' title='bbox 779 1924 868 1977; x_wconf 81' lang='grc' dir='ltr'>διὰ</span> <span class='ocrx_word' id='word_1_215' title='bbox 930 1926 1234 1996; x_wconf 83' lang='grc' dir='ltr'>πρεσϐειῶν</span> <span class='ocrx_word' id='word_1_216' title='bbox 1287 1928 1388 1996; x_wconf 79' lang='grc' dir='ltr'>τῆς</span> <span class='ocrx_word' id='word_1_217' title='bbox 1449 1925 1827 1996; x_wconf 85' lang='grc' dir='ltr'>παναχράντου</span> 
     </span>
    </p>
   </div>
   <div class='ocr_carea' id='block_1_35' title="bbox 1932 1919 3506 1996">
    <p class='ocr_par' dir='ltr' id='par_1_35' title="bbox 1932 1919 3506 1988">
     <span class='ocr_line' id='line_1_35' title="bbox 1932 1919 3506 1988; baseline 0.001 -14"><span class='ocrx_word' id='word_1_218' title='bbox 1932 1921 2166 1988; x_wconf 80' lang='lat' dir='ltr'><strong>expedit,</strong></span> <span class='ocrx_word' id='word_1_219' title='bbox 2205 1919 2258 1974; x_wconf 92' lang='lat' dir='ltr'><strong>in</strong></span> <span class='ocrx_word' id='word_1_220' title='bbox 2289 1919 2555 1987; x_wconf 89' lang='lat' dir='ltr'><strong>ejusmodi</strong></span> <span class='ocrx_word' id='word_1_221' title='bbox 2590 1921 2711 1976; x_wconf 92' lang='lat' dir='ltr'><strong>loco</strong></span> <span class='ocrx_word' id='word_1_222' title='bbox 2740 1922 3150 1978; x_wconf 88' lang='lat' dir='ltr'><strong>dimicationem</strong></span> <span class='ocrx_word' id='word_1_223' title='bbox 3184 1931 3506 1978; x_wconf 88' lang='lat' dir='ltr'><strong>nocturnam</strong></span> 
     </span>
    </p>
   </div>
   <div class='ocr_carea' id='block_1_36' title="bbox 252 2010 1826 2086">
    <p class='ocr_par' dir='ltr' id='par_1_36' title="bbox 252 2010 1826 2086">
     <span class='ocr_line' id='line_1_36' title="bbox 252 2010 1826 2086; baseline 0.006 -27"><span class='ocrx_word' id='word_1_224' title='bbox 252 2010 460 2080; x_wconf 64' lang='grc' dir='ltr'>μητρὸς</span> <span class='ocrx_word' id='word_1_225' title='bbox 489 2011 653 2065; x_wconf 74' lang='grc' dir='ltr'>αὑτοῦ</span> <span class='ocrx_word' id='word_1_226' title='bbox 679 2016 776 2068; x_wconf 74' lang='grc' dir='ltr'>καὶ</span> <span class='ocrx_word' id='word_1_227' title='bbox 794 2015 1080 2080; x_wconf 87' lang='grc' dir='ltr'>Θεοτόκου,</span> <span class='ocrx_word' id='word_1_228' title='bbox 1111 2017 1270 2082; x_wconf 82' lang='grc' dir='ltr'>δόξαν</span> <span class='ocrx_word' id='word_1_229' title='bbox 1305 2017 1402 2086; x_wconf 80' lang='grc' dir='ltr'>μὲν</span> <span class='ocrx_word' id='word_1_230' title='bbox 1424 2017 1473 2070; x_wconf 84' lang='grc' dir='ltr'><strong>οἱ</strong></span> <span class='ocrx_word' id='word_1_231' title='bbox 1494 2016 1639 2085; x_wconf 81' lang='grc' dir='ltr'>ἆγιοι</span> <span class='ocrx_word' id='word_1_232' title='bbox 1670 2016 1826 2086; x_wconf 85' lang='grc' dir='ltr'>βασι-</span> 
     </span>
    </p>
   </div>
   <div class='ocr_carea' id='block_1_37' title="bbox 247 2101 1820 2179">
    <p class='ocr_par' dir='ltr' id='par_1_37' title="bbox 247 2101 1820 2179">
     <span class='ocr_line' id='line_1_37' title="bbox 247 2101 1820 2179; baseline 0.024 -28"><span class='ocrx_word' id='word_1_233' title='bbox 247 2101 362 2164; x_wconf 80' lang='grc' dir='ltr'>λεῖς</span> <span class='ocrx_word' id='word_1_234' title='bbox 390 2103 649 2172; x_wconf 68' lang='grc' dir='ltr'>λήψονται</span> <span class='ocrx_word' id='word_1_235' title='bbox 685 2107 778 2159; x_wconf 73' lang='grc' dir='ltr'><strong>καὶ</strong></span> <span class='ocrx_word' id='word_1_236' title='bbox 811 2107 1010 2177; x_wconf 74' lang='grc' dir='ltr'>κράτος</span> <span class='ocrx_word' id='word_1_237' title='bbox 1043 2107 1190 2163; x_wconf 70' lang='grc' dir='ltr'>ἅπαν</span> <span class='ocrx_word' id='word_1_238' title='bbox 1237 2108 1298 2161; x_wconf 79' lang='grc' dir='ltr'><strong>τδ</strong></span> <span class='ocrx_word' id='word_1_239' title='bbox 1330 2107 1638 2179; x_wconf 70' lang='grc' dir='ltr'><strong>Ῥωμαῖκδν</strong></span> <span class='ocrx_word' id='word_1_240' title='bbox 1660 2108 1820 2179; x_wconf 67' lang='grc' dir='ltr'><strong>πρά·</strong></span> 
     </span>
    </p>
   </div>
   <div class='ocr_carea' id='block_1_38' title="bbox 245 2197 1831 2271">
    <p class='ocr_par' dir='ltr' id='par_1_38' title="bbox 245 2197 1831 2271">
     <span class='ocr_line' id='line_1_38' title="bbox 245 2197 1831 2271; baseline 0.007 -28"><span class='ocrx_word' id='word_1_241' title='bbox 245 2209 426 2261; x_wconf 87' lang='grc' dir='ltr'>τευμα</span> <span class='ocrx_word' id='word_1_242' title='bbox 459 2210 473 2222; x_wconf 71' lang='grc' dir='ltr'><strong>ο</strong></span> <span class='ocrx_word' id='word_1_243' title='bbox 513 2197 715 2264; x_wconf 82' lang='grc' dir='ltr'>μηκέτι</span> <span class='ocrx_word' id='word_1_244' title='bbox 749 2198 856 2250; x_wconf 83' lang='grc' dir='ltr'>τῶν</span> <span class='ocrx_word' id='word_1_245' title='bbox 889 2199 1163 2269; x_wconf 83' lang='grc' dir='ltr'>πολεμίων</span> <span class='ocrx_word' id='word_1_246' title='bbox 1215 2201 1358 2254; x_wconf 89' lang='grc' dir='ltr'><strong>κατά</strong></span> <span class='ocrx_word' id='word_1_247' title='bbox 1390 2201 1683 2271; x_wconf 88' lang='grc' dir='ltr'>πρόσωπον</span> <span class='ocrx_word' id='word_1_248' title='bbox 1733 2201 1831 2254; x_wconf 81' lang='grc' dir='ltr'>αύ-</span> 
     </span>
    </p>
   </div>
   <div class='ocr_carea' id='block_1_39' title="bbox 247 2285 1829 2364">
    <p class='ocr_par' dir='ltr' id='par_1_39' title="bbox 247 2285 1829 2364">
     <span class='ocr_line' id='line_1_39' title="bbox 247 2285 1829 2364; baseline 0.006 -29"><span class='ocrx_word' id='word_1_249' title='bbox 247 2285 360 2336; x_wconf 84' lang='grc' dir='ltr'>τῶν</span> <span class='ocrx_word' id='word_1_250' title='bbox 394 2288 584 2356; x_wconf 79' lang='grc' dir='ltr'>στῆναι</span> <span class='ocrx_word' id='word_1_251' title='bbox 614 2289 951 2360; x_wconf 80' lang='grc' dir='ltr'>δυναμένων.</span> <span class='ocrx_word' id='word_1_252' title='bbox 983 2293 1048 2345; x_wconf 89' lang='grc' dir='ltr'>Εί</span> <span class='ocrx_word' id='word_1_253' title='bbox 1078 2293 1134 2346; x_wconf 84' lang='grc' dir='ltr'><strong>δέ</strong></span> <span class='ocrx_word' id='word_1_254' title='bbox 1180 2310 1242 2361; x_wconf 90' lang='grc' dir='ltr'><strong>γε</strong></span> <span class='ocrx_word' id='word_1_255' title='bbox 1281 2293 1485 2364; x_wconf 86' lang='grc' dir='ltr'>ὁμαλοῦ</span> <span class='ocrx_word' id='word_1_256' title='bbox 1530 2292 1829 2362; x_wconf 82' lang='grc' dir='ltr'>ἐπιτύχωσι</span> 
     </span>
    </p>
   </div>
   <div class='ocr_carea' id='block_1_40' title="bbox 244 2376 1828 2458">
    <p class='ocr_par' dir='ltr' id='par_1_40' title="bbox 244 2376 1828 2458">
     <span class='ocr_line' id='line_1_40' title="bbox 244 2376 1828 2458; baseline -0.005 -12"><span class='ocrx_word' id='word_1_257' title='bbox 244 2376 427 2448; x_wconf 72' lang='grc' dir='ltr'>χώρου</span> <span class='ocrx_word' id='word_1_258' title='bbox 475 2381 570 2448; x_wconf 78' lang='grc' dir='ltr'><strong>τῆς</strong></span> <span class='ocrx_word' id='word_1_259' title='bbox 629 2384 842 2454; x_wconf 78' lang='grc' dir='ltr'>ἡμέρας</span> <span class='ocrx_word' id='word_1_260' title='bbox 885 2386 1300 2458; x_wconf 81' lang='grc' dir='ltr'>ἐπιφαινούσης,</span> <span class='ocrx_word' id='word_1_261' title='bbox 1381 2389 1477 2440; x_wconf 70' lang='grc' dir='ltr'><strong>καὶ</strong></span> <span class='ocrx_word' id='word_1_262' title='bbox 1531 2388 1610 2449; x_wconf 87' lang='grc' dir='ltr'><strong>είς</strong></span> <span class='ocrx_word' id='word_1_263' title='bbox 1663 2386 1828 2439; x_wconf 75' lang='grc' dir='ltr'>αὐτὸν</span> 
     </span>
    </p>
   </div>
   <div class='ocr_carea' id='block_1_41' title="bbox 248 2471 1822 2548">
    <p class='ocr_par' dir='ltr' id='par_1_41' title="bbox 248 2471 1822 2548">
     <span class='ocr_line' id='line_1_41' title="bbox 248 2471 1822 2548; baseline 0.006 -28"><span class='ocrx_word' id='word_1_264' title='bbox 248 2471 624 2538; x_wconf 74' lang='grc' dir='ltr'>καταλύσωσι,</span> <span class='ocrx_word' id='word_1_265' title='bbox 665 2476 763 2537; x_wconf 87' lang='grc' dir='ltr'><strong>τάς</strong></span> <span class='ocrx_word' id='word_1_266' title='bbox 798 2477 1002 2547; x_wconf 76' lang='grc' dir='ltr'>σκηνάς</span> <span class='ocrx_word' id='word_1_267' title='bbox 1032 2478 1356 2548; x_wconf 79' lang='grc' dir='ltr'>πηξάμενοι,</span> <span class='ocrx_word' id='word_1_268' title='bbox 1400 2480 1494 2530; x_wconf 68' lang='grc' dir='ltr'><strong>καὶ</strong></span> <span class='ocrx_word' id='word_1_269' title='bbox 1531 2478 1630 2530; x_wconf 82' lang='grc' dir='ltr'><strong>οὐκ</strong></span> <span class='ocrx_word' id='word_1_270' title='bbox 1665 2478 1822 2548; x_wconf 82' lang='grc' dir='ltr'>εὐχε-</span> 
     </span>
    </p>
   </div>
   <div class='ocr_carea' id='block_1_42' title="bbox 253 2562 1829 2641">
    <p class='ocr_par' dir='ltr' id='par_1_42' title="bbox 253 2562 1829 2641">
     <span class='ocr_line' id='line_1_42' title="bbox 253 2562 1829 2641; baseline 0.007 -28"><span class='ocrx_word' id='word_1_271' title='bbox 253 2562 362 2631; x_wconf 82' lang='grc' dir='ltr'><strong>ρῶς</strong></span> <span class='ocrx_word' id='word_1_272' title='bbox 387 2564 443 2615; x_wconf 84' lang='grc' dir='ltr'><strong>ἐν</strong></span> <span class='ocrx_word' id='word_1_273' title='bbox 471 2564 545 2633; x_wconf 82' lang='grc' dir='ltr'><strong>τῷ</strong></span> <span class='ocrx_word' id='word_1_274' title='bbox 573 2567 795 2637; x_wconf 77' lang='grc' dir='ltr'>τοιούτῳ</span> <span class='ocrx_word' id='word_1_275' title='bbox 824 2567 975 2638; x_wconf 83' lang='grc' dir='ltr'>τόπῳ</span> <span class='ocrx_word' id='word_1_276' title='bbox 1004 2569 1094 2623; x_wconf 86' lang='grc' dir='ltr'><strong>τὸν</strong></span> <span class='ocrx_word' id='word_1_277' title='bbox 1111 2572 1170 2622; x_wconf 85' lang='grc' dir='ltr'>ὲν</span> <span class='ocrx_word' id='word_1_278' title='bbox 1203 2570 1360 2623; x_wconf 73' lang='grc' dir='ltr'>νυκτὶ</span> <span class='ocrx_word' id='word_1_279' title='bbox 1385 2571 1620 2639; x_wconf 86' lang='grc' dir='ltr'>πόλεμον</span> <span class='ocrx_word' id='word_1_280' title='bbox 1654 2571 1829 2641; x_wconf 79' lang='grc' dir='ltr'>ἁρμό-</span> 
     </span>
    </p>
   </div>
   <div class='ocr_carea' id='block_1_43' title="bbox 247 2653 1831 2733">
    <p class='ocr_par' dir='ltr' id='par_1_43' title="bbox 247 2653 1831 2733">
     <span class='ocr_line' id='line_1_43' title="bbox 247 2653 1831 2733; baseline 0.009 -31"><span class='ocrx_word' id='word_1_281' title='bbox 247 2653 332 2715; x_wconf 83' lang='grc' dir='ltr'>ζει</span> <span class='ocrx_word' id='word_1_282' title='bbox 397 2656 682 2720; x_wconf 80' lang='grc' dir='ltr'>γενέσθαι·</span> <span class='ocrx_word' id='word_1_283' title='bbox 745 2659 825 2710; x_wconf 85' lang='grc' dir='ltr'><strong>δεῖ</strong></span> <span class='ocrx_word' id='word_1_284' title='bbox 898 2659 990 2712; x_wconf 79' lang='grc' dir='ltr'>τὸν</span> <span class='ocrx_word' id='word_1_285' title='bbox 1051 2661 1352 2733; x_wconf 80' lang='grc' dir='ltr'>στρατηγὸν</span> <span class='ocrx_word' id='word_1_286' title='bbox 1433 2663 1573 2732; x_wconf 73' lang='grc' dir='ltr'>μετὰ</span> <span class='ocrx_word' id='word_1_287' title='bbox 1636 2663 1831 2716; x_wconf 80' lang='grc' dir='ltr'>πασῶν</span> 
     </span>
    </p>
   </div>
   <div class='ocr_carea' id='block_1_44' title="bbox 247 2743 1830 2824">
    <p class='ocr_par' dir='ltr' id='par_1_44' title="bbox 247 2743 1830 2824">
     <span class='ocr_line' id='line_1_44' title="bbox 247 2743 1830 2824; baseline 0.008 -30"><span class='ocrx_word' id='word_1_288' title='bbox 247 2743 357 2795; x_wconf 82' lang='grc' dir='ltr'>τῶν</span> <span class='ocrx_word' id='word_1_289' title='bbox 385 2745 470 2814; x_wconf 75' lang='grc' dir='ltr'><strong>[Ρ.</strong></span> <span class='ocrx_word' id='word_1_290' title='bbox 536 2747 656 2819; x_wconf 68' lang='grc'>166]</span> <span class='ocrx_word' id='word_1_291' title='bbox 718 2750 958 2812; x_wconf 75' lang='grc' dir='ltr'>πεζικῶν</span> <span class='ocrx_word' id='word_1_292' title='bbox 998 2770 1056 2804; x_wconf 89' lang='grc' dir='ltr'><strong>τε</strong></span> <span class='ocrx_word' id='word_1_293' title='bbox 1099 2753 1194 2809; x_wconf 81' lang='grc' dir='ltr'>καὶ</span> <span class='ocrx_word' id='word_1_294' title='bbox 1246 2755 1488 2806; x_wconf 75' lang='grc' dir='ltr'>ἱππικῶν</span> <span class='ocrx_word' id='word_1_295' title='bbox 1547 2754 1830 2824; x_wconf 78' lang='grc' dir='ltr'>δυνάμεων</span> 
     </span>
    </p>
   </div>
   <div class='ocr_carea' id='block_1_45' title="bbox 249 2835 1832 2914">
    <p class='ocr_par' dir='ltr' id='par_1_45' title="bbox 249 2835 1832 2914">
     <span class='ocr_line' id='line_1_45' title="bbox 249 2835 1832 2914; baseline 0.007 -27"><span class='ocrx_word' id='word_1_296' title='bbox 249 2836 565 2908; x_wconf 82' lang='grc' dir='ltr'>ἔμπροσθεν</span> <span class='ocrx_word' id='word_1_297' title='bbox 598 2842 759 2894; x_wconf 82' lang='grc' dir='ltr'>πάλιν</span> <span class='ocrx_word' id='word_1_298' title='bbox 790 2843 1062 2910; x_wconf 85' lang='grc' dir='ltr'>γενέσθαι,</span> <span class='ocrx_word' id='word_1_299' title='bbox 1112 2835 1206 2898; x_wconf 72' lang='grc' dir='ltr'><strong>καὶ</strong></span> <span class='ocrx_word' id='word_1_300' title='bbox 1239 2845 1305 2898; x_wconf 82' lang='grc' dir='ltr'><strong>τά</strong></span> <span class='ocrx_word' id='word_1_301' title='bbox 1363 2845 1669 2914; x_wconf 67' lang='grc' dir='ltr'>ὑψηλότερα</span> <span class='ocrx_word' id='word_1_302' title='bbox 1723 2846 1832 2898; x_wconf 79' lang='grc' dir='ltr'><strong>τῶν</strong></span> 
     </span>
    </p>
   </div>
   <div class='ocr_carea' id='block_1_46' title="bbox 248 2930 1826 3007">
    <p class='ocr_par' dir='ltr' id='par_1_46' title="bbox 248 2930 1826 3007">
     <span class='ocr_line' id='line_1_46' title="bbox 248 2930 1826 3007; baseline 0.004 -25"><span class='ocrx_word' id='word_1_303' title='bbox 248 2930 395 2999; x_wconf 83' lang='grc' dir='ltr'>ὀρῶν</span> <span class='ocrx_word' id='word_1_304' title='bbox 433 2937 745 3002; x_wconf 78' lang='grc' dir='ltr'>κατασχεῖν,</span> <span class='ocrx_word' id='word_1_305' title='bbox 781 2936 875 2987; x_wconf 67' lang='grc' dir='ltr'>καὶ</span> <span class='ocrx_word' id='word_1_306' title='bbox 913 2937 1011 3005; x_wconf 77' lang='grc' dir='ltr'>τὴν</span> <span class='ocrx_word' id='word_1_307' title='bbox 1040 2937 1290 2989; x_wconf 81' lang='grc' dir='ltr'>διάϐασιν</span> <span class='ocrx_word' id='word_1_308' title='bbox 1318 2937 1420 3005; x_wconf 77' lang='grc' dir='ltr'>τῆς</span> <span class='ocrx_word' id='word_1_309' title='bbox 1471 2937 1591 2989; x_wconf 81' lang='grc' dir='ltr'>ὀδοῦ</span> <span class='ocrx_word' id='word_1_310' title='bbox 1624 2939 1826 3007; x_wconf 79' lang='grc' dir='ltr'>ὁμοίως</span> 
     </span>
    </p>
   </div>
   <div class='ocr_carea' id='block_1_47' title="bbox 248 3022 1826 3097">
    <p class='ocr_par' dir='ltr' id='par_1_47' title="bbox 248 3022 1826 3097">
     <span class='ocr_line' id='line_1_47' title="bbox 248 3022 1826 3097; baseline 0.004 -26"><span class='ocrx_word' id='word_1_311' title='bbox 248 3022 670 3089; x_wconf 65' lang='grc' dir='ltr'>ἀσφαλίσασθαι.</span> <span class='ocrx_word' id='word_1_312' title='bbox 708 3028 817 3078; x_wconf 67' lang='grc' dir='ltr'>Καὶ</span> <span class='ocrx_word' id='word_1_313' title='bbox 851 3027 973 3078; x_wconf 77' lang='grc' dir='ltr'>ἐπεὶ</span> <span class='ocrx_word' id='word_1_314' title='bbox 1008 3028 1199 3089; x_wconf 81' lang='grc' dir='ltr'>πᾶσαι,</span> <span class='ocrx_word' id='word_1_315' title='bbox 1225 3027 1299 3089; x_wconf 82' lang='grc' dir='ltr'>ὡς</span> <span class='ocrx_word' id='word_1_316' title='bbox 1352 3027 1586 3097; x_wconf 72' lang='grc' dir='ltr'>ἔφημεν,</span> <span class='ocrx_word' id='word_1_317' title='bbox 1618 3030 1672 3080; x_wconf 85' lang='grc' dir='ltr'><strong>αἱ</strong></span> <span class='ocrx_word' id='word_1_318' title='bbox 1715 3029 1826 3080; x_wconf 68' lang='grc' dir='ltr'>ὁδοὶ</span> 
     </span>
    </p>
   </div>
   <div class='ocr_carea' id='block_1_48' title="bbox 1932 2011 3513 2087">
    <p class='ocr_par' dir='ltr' id='par_1_48' title="bbox 1932 2011 3513 2087">
     <span class='ocr_line' id='line_1_48' title="bbox 1932 2011 3513 2087; baseline 0.004 -21"><span class='ocrx_word' id='word_1_319' title='bbox 1932 2011 2049 2066; x_wconf 85' lang='lat' dir='ltr'><strong>ﬁeri</strong></span> <span class='ocrx_word' id='word_1_320' title='bbox 2083 2031 2096 2068; x_wconf 88' lang='lat'><strong><em>:</em></strong></span> <span class='ocrx_word' id='word_1_321' title='bbox 2128 2023 2339 2083; x_wconf 88' lang='lat' dir='ltr'><strong>oportet</strong></span> <span class='ocrx_word' id='word_1_322' title='bbox 2372 2014 2566 2070; x_wconf 91' lang='lat' dir='ltr'><strong>ducem</strong></span> <span class='ocrx_word' id='word_1_323' title='bbox 2597 2029 2722 2069; x_wconf 91' lang='lat' dir='ltr'><strong>cum</strong></span> <span class='ocrx_word' id='word_1_324' title='bbox 2773 2017 3111 2086; x_wconf 81' lang='lat' dir='ltr'><strong>pedestribus</strong></span> <span class='ocrx_word' id='word_1_325' title='bbox 3140 2017 3513 2087; x_wconf 84' lang='lat' dir='ltr'><strong>equestribus-</strong></span> 
     </span>
    </p>
   </div>
   <div class='ocr_carea' id='block_1_49' title="bbox 1930 2107 3508 2180">
    <p class='ocr_par' dir='ltr' id='par_1_49' title="bbox 1930 2107 3508 2180">
     <span class='ocr_line' id='line_1_49' title="bbox 1930 2107 3508 2180; baseline 0.004 -20"><span class='ocrx_word' id='word_1_326' title='bbox 1930 2122 2036 2177; x_wconf 89' lang='lat' dir='ltr'><strong>que</strong></span> <span class='ocrx_word' id='word_1_327' title='bbox 2104 2107 2274 2176; x_wconf 86' lang='lat' dir='ltr'><strong>copiis</strong></span> <span class='ocrx_word' id='word_1_328' title='bbox 2335 2108 2591 2164; x_wconf 91' lang='lat' dir='ltr'><strong>omnibus</strong></span> <span class='ocrx_word' id='word_1_329' title='bbox 2660 2109 2844 2165; x_wconf 86' lang='lat' dir='ltr'><strong>hostes</strong></span> <span class='ocrx_word' id='word_1_330' title='bbox 2913 2109 3109 2164; x_wconf 90' lang='lat' dir='ltr'><strong>iterum</strong></span> <span class='ocrx_word' id='word_1_331' title='bbox 3164 2121 3508 2180; x_wconf 70' lang='lat' dir='ltr'><strong>praevertere,</strong></span> 
     </span>
    </p>
   </div>
   <div class='ocr_carea' id='block_1_50' title="bbox 1930 2197 3508 2272">
    <p class='ocr_par' dir='ltr' id='par_1_50' title="bbox 1930 2197 3508 2272">
     <span class='ocr_line' id='line_1_50' title="bbox 1930 2197 3508 2272; baseline 0.002 -20"><span class='ocrx_word' id='word_1_332' title='bbox 1930 2198 2313 2268; x_wconf 89' lang='lat' dir='ltr'><strong>montiumque</strong></span> <span class='ocrx_word' id='word_1_333' title='bbox 2359 2197 2575 2269; x_wconf 82' lang='lat' dir='ltr'><strong>fastigia</strong></span> <span class='ocrx_word' id='word_1_334' title='bbox 2623 2214 2914 2270; x_wconf 89' lang='lat' dir='ltr'><strong>occupare,</strong></span> <span class='ocrx_word' id='word_1_335' title='bbox 2975 2209 3140 2272; x_wconf 91' lang='lat' dir='ltr'><strong>atque</strong></span> <span class='ocrx_word' id='word_1_336' title='bbox 3180 2202 3348 2266; x_wconf 89' lang='lat' dir='ltr'><strong>viam,</strong></span> <span class='ocrx_word' id='word_1_337' title='bbox 3400 2217 3508 2272; x_wconf 90' lang='lat' dir='ltr'><strong>qua</strong></span> 
     </span>
    </p>
   </div>
   <div class='ocr_carea' id='block_1_51' title="bbox 1931 2290 3512 2364">
    <p class='ocr_par' dir='ltr' id='par_1_51' title="bbox 1931 2290 3512 2364">
     <span class='ocr_line' id='line_1_51' title="bbox 1931 2290 3512 2364; baseline 0.002 -20"><span class='ocrx_word' id='word_1_338' title='bbox 1931 2290 2214 2345; x_wconf 86' lang='lat' dir='ltr'><strong>transituri</strong></span> <span class='ocrx_word' id='word_1_339' title='bbox 2241 2292 2371 2356; x_wconf 89' lang='lat' dir='ltr'><strong>sint,</strong></span> <span class='ocrx_word' id='word_1_340' title='bbox 2414 2293 2593 2346; x_wconf 91' lang='lat' dir='ltr'><strong>denuo</strong></span> <span class='ocrx_word' id='word_1_341' title='bbox 2622 2291 3002 2348; x_wconf 87' lang='lat' dir='ltr'><strong>intercludere.</strong></span> <span class='ocrx_word' id='word_1_342' title='bbox 3034 2294 3102 2348; x_wconf 90' lang='lat' dir='ltr'><strong>Et</strong></span> <span class='ocrx_word' id='word_1_343' title='bbox 3140 2295 3424 2364; x_wconf 84' lang='lat' dir='ltr'><strong>quoniam.</strong></span> <span class='ocrx_word' id='word_1_344' title='bbox 3449 2307 3512 2349; x_wconf 90' lang='lat' dir='ltr'><strong>ut</strong></span> 
     </span>
    </p>
   </div>
   <div class='ocr_carea' id='block_1_52' title="bbox 1928 2379 3509 2449">
    <p class='ocr_par' dir='ltr' id='par_1_52' title="bbox 1928 2379 3509 2449">
     <span class='ocr_line' id='line_1_52' title="bbox 1928 2379 3509 2449; baseline 0.005 -15"><span class='ocrx_word' id='word_1_345' title='bbox 1928 2379 2234 2449; x_wconf 86' lang='lat' dir='ltr'><strong>docuimus,</strong></span> <span class='ocrx_word' id='word_1_346' title='bbox 2268 2385 2540 2440; x_wconf 73' lang='lat' dir='ltr'><strong>universae</strong></span> <span class='ocrx_word' id='word_1_347' title='bbox 2596 2385 2664 2438; x_wconf 90' lang='lat' dir='ltr'><strong>ad</strong></span> <span class='ocrx_word' id='word_1_348' title='bbox 2719 2384 3028 2440; x_wconf 88' lang='lat' dir='ltr'><strong>barbariem</strong></span> <span class='ocrx_word' id='word_1_349' title='bbox 3090 2386 3352 2443; x_wconf 88' lang='lat' dir='ltr'><strong>ducentes</strong></span> <span class='ocrx_word' id='word_1_350' title='bbox 3409 2387 3509 2442; x_wconf 79' lang='lat' dir='ltr'><strong>viae</strong></span> 
     </span>
    </p>
   </div>
   <div class='ocr_carea' id='block_1_53' title="bbox 1935 2474 3509 2550">
    <p class='ocr_par' dir='ltr' id='par_1_53' title="bbox 1935 2474 3509 2550">
     <span class='ocr_line' id='line_1_53' title="bbox 1935 2474 3509 2550; baseline 0.004 -23"><span class='ocrx_word' id='word_1_351' title='bbox 1935 2474 1988 2527; x_wconf 91' lang='lat' dir='ltr'><strong>in</strong></span> <span class='ocrx_word' id='word_1_352' title='bbox 2049 2476 2302 2531; x_wconf 89' lang='lat' dir='ltr'><strong>omnibus</strong></span> <span class='ocrx_word' id='word_1_353' title='bbox 2358 2492 2496 2546; x_wconf 89' lang='lat' dir='ltr'><strong>quas</strong></span> <span class='ocrx_word' id='word_1_354' title='bbox 2553 2479 2868 2532; x_wconf 82' lang='lat' dir='ltr'><strong>enumeravi</strong></span> <span class='ocrx_word' id='word_1_355' title='bbox 2932 2479 3278 2550; x_wconf 87' lang='lat' dir='ltr'><strong>propriisque</strong></span> <span class='ocrx_word' id='word_1_356' title='bbox 3332 2480 3509 2536; x_wconf 89' lang='lat' dir='ltr'><strong>oculis</strong></span> 
     </span>
    </p>
   </div>
   <div class='ocr_carea' id='block_1_54' title="bbox 1928 2566 3508 2640">
    <p class='ocr_par' dir='ltr' id='par_1_54' title="bbox 1928 2566 3508 2640">
     <span class='ocr_line' id='line_1_54' title="bbox 1928 2566 3508 2640; baseline 0.006 -21"><span class='ocrx_word' id='word_1_357' title='bbox 1928 2566 2156 2620; x_wconf 83' lang='lat' dir='ltr'><strong>lustravi</strong></span> <span class='ocrx_word' id='word_1_358' title='bbox 2220 2567 2536 2637; x_wconf 84' lang='lat' dir='ltr'><strong>provinciis,</strong></span> <span class='ocrx_word' id='word_1_359' title='bbox 2601 2566 2845 2623; x_wconf 84' lang='lat' dir='ltr'><strong>diﬂieiles</strong></span> <span class='ocrx_word' id='word_1_360' title='bbox 2910 2578 3040 2625; x_wconf 93' lang='lat' dir='ltr'><strong>sunt</strong></span> <span class='ocrx_word' id='word_1_361' title='bbox 3119 2585 3217 2640; x_wconf 90' lang='lat' dir='ltr'><strong>per</strong></span> <span class='ocrx_word' id='word_1_362' title='bbox 3290 2585 3508 2628; x_wconf 69' lang='lat' dir='ltr'><strong>montes</strong></span> 
     </span>
    </p>
   </div>
   <div class='ocr_carea' id='block_1_55' title="bbox 1929 2659 3509 2734">
    <p class='ocr_par' dir='ltr' id='par_1_55' title="bbox 1929 2659 3509 2734">
     <span class='ocr_line' id='line_1_55' title="bbox 1929 2659 3509 2734; baseline 0.004 -23"><span class='ocrx_word' id='word_1_363' title='bbox 1929 2666 2220 2728; x_wconf 90' lang='lat' dir='ltr'><strong>utramque</strong></span> <span class='ocrx_word' id='word_1_364' title='bbox 2245 2659 2521 2730; x_wconf 73' lang='lat' dir='ltr'><strong>regionem</strong></span> <span class='ocrx_word' id='word_1_365' title='bbox 2561 2659 3029 2728; x_wconf 89' lang='lat' dir='ltr'><strong>disterminantes,</strong></span> <span class='ocrx_word' id='word_1_366' title='bbox 3047 2678 3276 2734; x_wconf 90' lang='lat' dir='ltr'><strong>propera</strong></span> <span class='ocrx_word' id='word_1_367' title='bbox 3301 2679 3509 2734; x_wconf 79' lang='lat' dir='ltr'><strong>praeoc-</strong></span> 
     </span>
    </p>
   </div>
   <div class='ocr_carea' id='block_1_56' title="bbox 1930 2749 3510 2824">
    <p class='ocr_par' dir='ltr' id='par_1_56' title="bbox 1930 2749 3510 2824">
     <span class='ocr_line' id='line_1_56' title="bbox 1930 2749 3510 2824; baseline 0.003 -20"><span class='ocrx_word' id='word_1_368' title='bbox 1930 2765 2134 2819; x_wconf 88' lang='lat' dir='ltr'><strong>cupare</strong></span> <span class='ocrx_word' id='word_1_369' title='bbox 2165 2765 2356 2805; x_wconf 90' lang='lat' dir='ltr'><strong>eorum</strong></span> <span class='ocrx_word' id='word_1_370' title='bbox 2408 2750 2806 2815; x_wconf 88' lang='lat' dir='ltr'><strong>transitum,et</strong></span> <span class='ocrx_word' id='word_1_371' title='bbox 2849 2753 2916 2807; x_wconf 90' lang='lat' dir='ltr'><strong>ad</strong></span> <span class='ocrx_word' id='word_1_372' title='bbox 2948 2749 3104 2824; x_wconf 84' lang='lat' dir='ltr'><strong>signa</strong></span> <span class='ocrx_word' id='word_1_373' title='bbox 3165 2764 3350 2824; x_wconf 89' lang='lat' dir='ltr'><strong>aperte</strong></span> <span class='ocrx_word' id='word_1_374' title='bbox 3399 2755 3510 2810; x_wconf 88' lang='lat' dir='ltr'><strong>illis</strong></span> 
     </span>
    </p>
   </div>
   <div class='ocr_carea' id='block_1_57' title="bbox 1933 2841 3506 2914">
    <p class='ocr_par' dir='ltr' id='par_1_57' title="bbox 1933 2841 3506 2914">
     <span class='ocr_line' id='line_1_57' title="bbox 1933 2841 3506 2914; baseline 0.004 -17"><span class='ocrx_word' id='word_1_375' title='bbox 1933 2841 2215 2897; x_wconf 76' lang='lat' dir='ltr'><strong>inferenda</strong></span> <span class='ocrx_word' id='word_1_376' title='bbox 2272 2841 2500 2897; x_wconf 73' lang='lat' dir='ltr'><strong>fidenter</strong></span> <span class='ocrx_word' id='word_1_377' title='bbox 2553 2842 2765 2900; x_wconf 87' lang='lat' dir='ltr'><strong>instrue</strong></span> <span class='ocrx_word' id='word_1_378' title='bbox 2818 2845 3025 2914; x_wconf 88' lang='lat' dir='ltr'><strong>copias.</strong></span> <span class='ocrx_word' id='word_1_379' title='bbox 3077 2847 3145 2902; x_wconf 89' lang='lat' dir='ltr'><strong>Et</strong></span> <span class='ocrx_word' id='word_1_380' title='bbox 3184 2846 3382 2903; x_wconf 89' lang='lat' dir='ltr'><strong>Christi</strong></span> <span class='ocrx_word' id='word_1_381' title='bbox 3412 2848 3506 2905; x_wconf 86' lang='lat' dir='ltr'><strong>Dei</strong></span> 
     </span>
    </p>
   </div>
   <div class='ocr_carea' id='block_1_58' title="bbox 1936 2933 3508 3007">
    <p class='ocr_par' dir='ltr' id='par_1_58' title="bbox 1936 2933 3508 3007">
     <span class='ocr_line' id='line_1_58' title="bbox 1936 2933 3508 3007; baseline 0.004 -19"><span class='ocrx_word' id='word_1_382' title='bbox 1936 2936 2109 2989; x_wconf 87' lang='lat' dir='ltr'><strong>nostri</strong></span> <span class='ocrx_word' id='word_1_383' title='bbox 2139 2933 2308 3004; x_wconf 87' lang='lat' dir='ltr'><strong>gratia</strong></span> <span class='ocrx_word' id='word_1_384' title='bbox 2354 2933 2662 3004; x_wconf 86' lang='lat' dir='ltr'><strong>superabis,</strong></span> <span class='ocrx_word' id='word_1_385' title='bbox 2698 2935 2928 3006; x_wconf 91' lang='lat' dir='ltr'><strong>illosque</strong></span> <span class='ocrx_word' id='word_1_386' title='bbox 2962 2937 3221 3007; x_wconf 82' lang='lat' dir='ltr'><strong>disjectas</strong></span> <span class='ocrx_word' id='word_1_387' title='bbox 3262 2947 3508 2995; x_wconf 82' lang='lat' dir='ltr'><strong>extremo</strong></span> 
     </span>
    </p>
   </div>
   <div class='ocr_carea' id='block_1_59' title="bbox 1937 3026 2331 3079">
    <p class='ocr_par' dir='ltr' id='par_1_59' title="bbox 1937 3026 2331 3079">
     <span class='ocr_line' id='line_1_59' title="bbox 1937 3026 2331 3079; baseline 0 -1"><span class='ocrx_word' id='word_1_388' title='bbox 1937 3027 2119 3079; x_wconf 89' lang='lat' dir='ltr'><strong>trades</strong></span> <span class='ocrx_word' id='word_1_389' title='bbox 2144 3026 2331 3079; x_wconf 82' lang='lat' dir='ltr'><strong>exitio.</strong></span> 
     </span>
    </p>
   </div>
   <div class='ocr_carea' id='block_1_60' title="bbox 251 3117 3508 3197">
    <p class='ocr_par' dir='ltr' id='par_1_60' title="bbox 251 3117 3508 3197">
     <span class='ocr_line' id='line_1_60' title="bbox 251 3117 3508 3197; baseline 0.006 -29"><span class='ocrx_word' id='word_1_390' title='bbox 251 3118 308 3168; x_wconf 85' lang='grc' dir='ltr'>αἱ</span> <span class='ocrx_word' id='word_1_391' title='bbox 341 3119 474 3185; x_wconf 64' lang='grc' dir='ltr'>πρὸς</span> <span class='ocrx_word' id='word_1_392' title='bbox 502 3121 598 3187; x_wconf 72' lang='grc' dir='ltr'><strong>τὴν</strong></span> <span class='ocrx_word' id='word_1_393' title='bbox 622 3121 885 3189; x_wconf 78' lang='grc' dir='ltr'>πολεμίαν</span> <span class='ocrx_word' id='word_1_394' title='bbox 916 3121 1232 3188; x_wconf 79' lang='grc' dir='ltr'>εἰσάγουσαι</span> <span class='ocrx_word' id='word_1_395' title='bbox 1261 3122 1348 3174; x_wconf 81' lang='grc' dir='ltr'><strong>διά</strong></span> <span class='ocrx_word' id='word_1_396' title='bbox 1370 3123 1476 3175; x_wconf 80' lang='grc' dir='ltr'><strong>τῶν</strong></span> <span class='ocrx_word' id='word_1_397' title='bbox 1501 3122 1636 3176; x_wconf 79' lang='grc' dir='ltr'>ὅλων</span> <span class='ocrx_word' id='word_1_398' title='bbox 1675 3124 1720 3155; x_wconf 66' lang='grc'><strong>³9</strong></span> <span class='ocrx_word' id='word_1_399' title='bbox 1777 3117 1850 3176; x_wconf 82' lang='grc' dir='ltr'><strong>ὧν</strong></span> <span class='ocrx_word' id='word_1_400' title='bbox 1924 3119 2409 3190; x_wconf 75' lang='grc' dir='ltr'>ἀπηριθμησάμην</span> <span class='ocrx_word' id='word_1_401' title='bbox 2462 3119 2716 3189; x_wconf 73' lang='grc' dir='ltr'>θεμάτων</span> <span class='ocrx_word' id='word_1_402' title='bbox 2771 3122 2864 3175; x_wconf 69' lang='grc' dir='ltr'><strong>καὶ</strong></span> <span class='ocrx_word' id='word_1_403' title='bbox 2931 3123 3157 3187; x_wconf 71' lang='grc' dir='ltr'><strong>οἰκείοις</strong></span> <span class='ocrx_word' id='word_1_404' title='bbox 3206 3123 3508 3197; x_wconf 68' lang='grc' dir='ltr'>ὀφθαλμοῖς</span> 
     </span>
    </p>
   </div>
   <div class='ocr_carea' id='block_1_61' title="bbox 252 3213 3510 3290">
    <p class='ocr_par' dir='ltr' id='par_1_61' title="bbox 252 3213 3510 3290">
     <span class='ocr_line' id='line_1_61' title="bbox 252 3213 3510 3290; baseline 0.002 -26"><span class='ocrx_word' id='word_1_405' title='bbox 252 3213 594 3283; x_wconf 75' lang='grc' dir='ltr'>ἐθεασάμην,</span> <span class='ocrx_word' id='word_1_406' title='bbox 635 3215 888 3269; x_wconf 86' lang='grc' dir='ltr'>δύσϐατοι</span> <span class='ocrx_word' id='word_1_407' title='bbox 911 3218 1270 3286; x_wconf 87' lang='grc' dir='ltr'>τυγχάνουσιν</span> <span class='ocrx_word' id='word_1_408' title='bbox 1324 3219 1382 3269; x_wconf 86' lang='grc' dir='ltr'>ὲν</span> <span class='ocrx_word' id='word_1_409' title='bbox 1402 3217 1553 3287; x_wconf 73' lang='grc' dir='ltr'>ὄρεσι</span> <span class='ocrx_word' id='word_1_410' title='bbox 1583 3221 1694 3282; x_wconf 87' lang='grc' dir='ltr'>τοῖς</span> <span class='ocrx_word' id='word_1_411' title='bbox 1723 3219 2017 3290; x_wconf 79' lang='grc' dir='ltr'>διορίζουσι</span> <span class='ocrx_word' id='word_1_412' title='bbox 2050 3217 2146 3278; x_wconf 78' lang='grc' dir='ltr'>τὰς</span> <span class='ocrx_word' id='word_1_413' title='bbox 2177 3216 2343 3286; x_wconf 61' lang='grc' dir='ltr'>άμυω</span> <span class='ocrx_word' id='word_1_414' title='bbox 2405 3216 2612 3287; x_wconf 82' lang='grc' dir='ltr'>χώρας,</span> <span class='ocrx_word' id='word_1_415' title='bbox 2688 3215 2883 3271; x_wconf 89' lang='grc' dir='ltr'>σπεῦδε</span> <span class='ocrx_word' id='word_1_416' title='bbox 2923 3217 3364 3286; x_wconf 88' lang='grc' dir='ltr'>προκαταλαϐεῖν</span> <span class='ocrx_word' id='word_1_417' title='bbox 3409 3221 3510 3290; x_wconf 81' lang='grc' dir='ltr'><strong>τὴν</strong></span> 
     </span>
    </p>
   </div>
   <div class='ocr_carea' id='block_1_62' title="bbox 251 3305 3509 3381">
    <p class='ocr_par' dir='ltr' id='par_1_62' title="bbox 251 3305 3509 3381">
     <span class='ocr_line' id='line_1_62' title="bbox 251 3305 3509 3381; baseline 0.002 -25"><span class='ocrx_word' id='word_1_418' title='bbox 251 3305 504 3357; x_wconf 84' lang='grc' dir='ltr'>διάϐασιν</span> <span class='ocrx_word' id='word_1_419' title='bbox 553 3307 755 3371; x_wconf 75' lang='grc' dir='ltr'>αὐτῶν,</span> <span class='ocrx_word' id='word_1_420' title='bbox 815 3308 911 3362; x_wconf 82' lang='grc' dir='ltr'>καὶ</span> <span class='ocrx_word' id='word_1_421' title='bbox 965 3311 1056 3361; x_wconf 77' lang='grc' dir='ltr'><strong>τὸν</strong></span> <span class='ocrx_word' id='word_1_422' title='bbox 1115 3308 1258 3361; x_wconf 88' lang='grc' dir='ltr'><strong>κατά</strong></span> <span class='ocrx_word' id='word_1_423' title='bbox 1300 3310 1593 3379; x_wconf 85' lang='grc' dir='ltr'>πρόσωπον</span> <span class='ocrx_word' id='word_1_424' title='bbox 1646 3311 1825 3363; x_wconf 71' lang='grc' dir='ltr'>αὐτῶν</span> <span class='ocrx_word' id='word_1_425' title='bbox 1864 3309 2206 3370; x_wconf 88' lang='grc' dir='ltr'>ἁδιστάκτως</span> <span class='ocrx_word' id='word_1_426' title='bbox 2267 3309 2496 3360; x_wconf 80' lang='grc' dir='ltr'>διατίθει</span> <span class='ocrx_word' id='word_1_427' title='bbox 2542 3309 2799 3378; x_wconf 89' lang='grc' dir='ltr'>πόλεμον.</span> <span class='ocrx_word' id='word_1_428' title='bbox 2851 3310 2961 3362; x_wconf 73' lang='grc' dir='ltr'><strong>Καὶ</strong></span> <span class='ocrx_word' id='word_1_429' title='bbox 3043 3309 3226 3380; x_wconf 88' lang='grc' dir='ltr'>χάριτι</span> <span class='ocrx_word' id='word_1_430' title='bbox 3269 3311 3509 3381; x_wconf 78' lang='grc' dir='ltr'>Χριστοῦ</span> 
     </span>
    </p>
   </div>
   <div class='ocr_carea' id='block_1_63' title="bbox 250 3399 3144 3475">
    <p class='ocr_par' dir='ltr' id='par_1_63' title="bbox 250 3399 3144 3475">
     <span class='ocr_line' id='line_1_63' title="bbox 250 3399 3144 3475; baseline 0.002 -23"><span class='ocrx_word' id='word_1_431' title='bbox 250 3399 346 3452; x_wconf 76' lang='grc' dir='ltr'><strong>τοῦ</strong></span> <span class='ocrx_word' id='word_1_432' title='bbox 376 3399 512 3451; x_wconf 83' lang='grc' dir='ltr'>Θεοῦ</span> <span class='ocrx_word' id='word_1_433' title='bbox 573 3400 728 3468; x_wconf 82' lang='grc' dir='ltr'>ἡμῶν</span> <span class='ocrx_word' id='word_1_434' title='bbox 791 3399 1180 3469; x_wconf 81' lang='grc' dir='ltr'>ὑπερισχύσεις</span> <span class='ocrx_word' id='word_1_435' title='bbox 1214 3401 1416 3468; x_wconf 78' lang='grc' dir='ltr'>αὐτῶν,</span> <span class='ocrx_word' id='word_1_436' title='bbox 1460 3404 1554 3457; x_wconf 75' lang='grc' dir='ltr'><strong>καὶ</strong></span> <span class='ocrx_word' id='word_1_437' title='bbox 1604 3402 1825 3467; x_wconf 86' lang='grc' dir='ltr'>τούτους</span> <span class='ocrx_word' id='word_1_438' title='bbox 1862 3400 2186 3457; x_wconf 83' lang='grc' dir='ltr'>καταϐαλὼν</span> <span class='ocrx_word' id='word_1_439' title='bbox 2225 3400 2414 3470; x_wconf 81' lang='grc' dir='ltr'>τελείῳ</span> <span class='ocrx_word' id='word_1_440' title='bbox 2451 3399 2798 3470; x_wconf 81' lang='grc' dir='ltr'>παραδώσεις</span> <span class='ocrx_word' id='word_1_441' title='bbox 2832 3403 3144 3475; x_wconf 73' lang='grc' dir='ltr'>ἀφανισμῷ.</span> 
     </span>
    </p>
   </div>
   <div class='ocr_carea' id='block_1_64' title="bbox 254 3500 1829 3588">
    <p class='ocr_par' dir='ltr' id='par_1_64' title="bbox 254 3505 1829 3588">
     <span class='ocr_line' id='line_1_64' title="bbox 254 3505 1829 3588; baseline 0.003 -29"><span class='ocrx_word' id='word_1_442' title='bbox 254 3508 412 3588; x_wconf 59' lang='grc' dir='ltr'>ΚΕιὶ).</span> <span class='ocrx_word' id='word_1_443' title='bbox 445 3507 570 3588; x_wconf 41' lang='lat' dir='ltr'><strong>K-E&#39;.</strong></span> <span class='ocrx_word' id='word_1_444' title='bbox 605 3505 760 3588; x_wconf 42' lang='grc' dir='ltr'>Περὶη</span> <span class='ocrx_word' id='word_1_445' title='bbox 785 3506 988 3588; x_wconf 35' lang='grc' dir='ltr'>ἑτέραις</span> <span class='ocrx_word' id='word_1_446' title='bbox 1029 3508 1453 3588; x_wconf 60' lang='grc' dir='ltr'>καταᾳχέᾳεως</span> <span class='ocrx_word' id='word_1_447' title='bbox 1509 3510 1672 3588; x_wconf 62' lang='grc' dir='ltr'>ᾇὸοῦ,</span> <span class='ocrx_word' id='word_1_448' title='bbox 1726 3509 1829 3578; x_wconf 81' lang='grc' dir='ltr'>τῆς</span> 
     </span>
    </p>
   </div>
   <div class='ocr_carea' id='block_1_65' title="bbox 1932 3500 3506 3588">
    <p class='ocr_par' dir='ltr' id='par_1_65' title="bbox 1934 3507 3506 3588">
     <span class='ocr_line' id='line_1_65' title="bbox 1934 3507 3506 3588; baseline 0.006 -22"><span class='ocrx_word' id='word_1_449' title='bbox 1934 3509 2095 3581; x_wconf 80' lang='grc'><strong>257</strong></span> <span class='ocrx_word' id='word_1_450' title='bbox 2133 3509 2261 3566; x_wconf 75' lang='lat' dir='ltr'><strong>CAP.</strong></span> <span class='ocrx_word' id='word_1_451' title='bbox 2291 3507 2455 3588; x_wconf 78' lang='lat' dir='ltr'><strong>X_XV_.</strong></span> <span class='ocrx_word' id='word_1_452' title='bbox 2512 3509 2584 3563; x_wconf 89' lang='lat' dir='ltr'><strong>De</strong></span> <span class='ocrx_word' id='word_1_453' title='bbox 2639 3511 2955 3588; x_wconf 65' lang='lat' dir='ltr'><strong>alio_modo</strong></span> <span class='ocrx_word' id='word_1_454' title='bbox 3011 3518 3300 3588; x_wconf 76' lang='lat' dir='ltr'><strong>occupandi</strong></span> <span class='ocrx_word' id='word_1_455' title='bbox 3345 3522 3506 3588; x_wconf 76' lang='lat' dir='ltr'><strong>uiam,</strong></span> 
     </span>
    </p>
   </div>
   <div class='ocr_carea' id='block_1_66' title="bbox 324 3577 1758 3648">
    <p class='ocr_par' dir='ltr' id='par_1_66' title="bbox 324 3577 1758 3648">
     <span class='ocr_line' id='line_1_66' title="bbox 324 3577 1758 3648; baseline 0.003 -19"><span class='ocrx_word' id='word_1_456' title='bbox 324 3579 409 3640; x_wconf 76' lang='grc' dir='ltr'>εἰς</span> <span class='ocrx_word' id='word_1_457' title='bbox 438 3577 553 3643; x_wconf 77' lang='grc' dir='ltr'><strong>τὴν</strong></span> <span class='ocrx_word' id='word_1_458' title='bbox 574 3578 904 3630; x_wconf 69' lang='grc' dir='ltr'>κατάϐασιν</span> <span class='ocrx_word' id='word_1_459' title='bbox 930 3578 1279 3646; x_wconf 80' lang='grc' dir='ltr'>δυσχωρίαν</span> <span class='ocrx_word' id='word_1_460' title='bbox 1315 3580 1758 3648; x_wconf 76' lang='grc' dir='ltr'>ἀποτελούσης.</span> 
     </span>
    </p>
   </div>
   <div class='ocr_carea' id='block_1_67' title="bbox 328 3687 1832 3763">
    <p class='ocr_par' dir='ltr' id='par_1_67' title="bbox 328 3687 1832 3763">
     <span class='ocr_line' id='line_1_67' title="bbox 328 3687 1832 3763; baseline 0.004 -24"><span class='ocrx_word' id='word_1_461' title='bbox 328 3687 466 3740; x_wconf 83' lang='grc' dir='ltr'>Εἱδέ</span> <span class='ocrx_word' id='word_1_462' title='bbox 490 3704 550 3754; x_wconf 91' lang='grc' dir='ltr'><strong>γε</strong></span> <span class='ocrx_word' id='word_1_463' title='bbox 573 3689 603 3756; x_wconf 82' lang='grc' dir='ltr'>ἡ</span> <span class='ocrx_word' id='word_1_464' title='bbox 625 3687 764 3752; x_wconf 76' lang='grc' dir='ltr'>οδδς,</span> <span class='ocrx_word' id='word_1_465' title='bbox 794 3688 855 3759; x_wconf 76' lang='grc' dir='ltr'><strong>ἣν</strong></span> <span class='ocrx_word' id='word_1_466' title='bbox 883 3687 1338 3758; x_wconf 74' lang='grc' dir='ltr'>ὑποστρέφουσιν,</span> <span class='ocrx_word' id='word_1_467' title='bbox 1367 3691 1563 3762; x_wconf 79' lang='grc' dir='ltr'>εὑρεθῇ</span> <span class='ocrx_word' id='word_1_468' title='bbox 1595 3693 1832 3763; x_wconf 79' lang='grc' dir='ltr'>φέρουσα</span> 
     </span>
    </p>
   </div>
   <div class='ocr_carea' id='block_1_68' title="bbox 258 3779 1831 3851">
    <p class='ocr_par' dir='ltr' id='par_1_68' title="bbox 258 3779 1831 3851">
     <span class='ocr_line' id='line_1_68' title="bbox 258 3779 1831 3851; baseline 0.002 -20"><span class='ocrx_word' id='word_1_469' title='bbox 258 3781 369 3842; x_wconf 83' lang='grc' dir='ltr'>τοῖς</span> <span class='ocrx_word' id='word_1_470' title='bbox 403 3779 682 3847; x_wconf 79' lang='grc' dir='ltr'>πολεμίοις</span> <span class='ocrx_word' id='word_1_471' title='bbox 711 3783 773 3832; x_wconf 85' lang='grc' dir='ltr'>ὲκ</span> <span class='ocrx_word' id='word_1_472' title='bbox 799 3781 905 3832; x_wconf 85' lang='grc' dir='ltr'><strong>τῶν</strong></span> <span class='ocrx_word' id='word_1_473' title='bbox 945 3781 1176 3844; x_wconf 79' lang='grc' dir='ltr'>ἄνωθεν,</span> <span class='ocrx_word' id='word_1_474' title='bbox 1215 3783 1309 3834; x_wconf 73' lang='grc' dir='ltr'>καὶ</span> <span class='ocrx_word' id='word_1_475' title='bbox 1374 3783 1645 3851; x_wconf 81' lang='grc' dir='ltr'>ὲφόμαλός</span> <span class='ocrx_word' id='word_1_476' title='bbox 1694 3785 1831 3849; x_wconf 83' lang='grc' dir='ltr'>ἐστι,</span> 
     </span>
    </p>
   </div>
   <div class='ocr_carea' id='block_1_69' title="bbox 263 3871 1834 3942">
    <p class='ocr_par' dir='ltr' id='par_1_69' title="bbox 263 3871 1834 3942">
     <span class='ocr_line' id='line_1_69' title="bbox 263 3871 1834 3942; baseline 0.004 -20"><span class='ocrx_word' id='word_1_477' title='bbox 263 3872 336 3940; x_wconf 78' lang='grc' dir='ltr'>μὴ</span> <span class='ocrx_word' id='word_1_478' title='bbox 365 3872 563 3940; x_wconf 80' lang='grc' dir='ltr'>ἔχουσα</span> <span class='ocrx_word' id='word_1_479' title='bbox 602 3871 929 3940; x_wconf 77' lang='grc' dir='ltr'>δυσχωρίας,</span> <span class='ocrx_word' id='word_1_480' title='bbox 987 3871 1081 3924; x_wconf 89' lang='grc' dir='ltr'><strong>τοῦ</strong></span> <span class='ocrx_word' id='word_1_481' title='bbox 1131 3871 1274 3924; x_wconf 85' lang='grc' dir='ltr'>κατὰ</span> <span class='ocrx_word' id='word_1_482' title='bbox 1305 3872 1600 3942; x_wconf 87' lang='grc' dir='ltr'>πρόσωπον</span> <span class='ocrx_word' id='word_1_483' title='bbox 1653 3874 1834 3928; x_wconf 82' lang='grc' dir='ltr'>αὐτῶν</span> 
     </span>
    </p>
   </div>
   <div class='ocr_carea' id='block_1_70' title="bbox 257 3962 1831 4034">
    <p class='ocr_par' dir='ltr' id='par_1_70' title="bbox 257 3962 1831 4034">
     <span class='ocr_line' id='line_1_70' title="bbox 257 3962 1831 4034; baseline 0.003 -19"><span class='ocrx_word' id='word_1_484' title='bbox 257 3963 574 4029; x_wconf 64' lang='grc' dir='ltr'>ἀντιστῆναι</span> <span class='ocrx_word' id='word_1_485' title='bbox 597 3979 609 3994; x_wconf 87' lang='grc'><strong>·</strong></span> <span class='ocrx_word' id='word_1_486' title='bbox 640 3962 753 4016; x_wconf 85' lang='grc' dir='ltr'>ἀλλ’</span> <span class='ocrx_word' id='word_1_487' title='bbox 778 3964 942 4032; x_wconf 80' lang='grc' dir='ltr'>ἡνίκα</span> <span class='ocrx_word' id='word_1_488' title='bbox 965 3962 1100 4032; x_wconf 72' lang='grc' dir='ltr'>πρὸς</span> <span class='ocrx_word' id='word_1_489' title='bbox 1128 3963 1187 4014; x_wconf 84' lang='grc' dir='ltr'><strong>τὸ</strong></span> <span class='ocrx_word' id='word_1_490' title='bbox 1204 3965 1514 4034; x_wconf 83' lang='grc' dir='ltr'>καταφερὲς</span> <span class='ocrx_word' id='word_1_491' title='bbox 1544 3966 1831 4034; x_wconf 82' lang='grc' dir='ltr'>ἐπικλίνει,</span> 
     </span>
    </p>
   </div>
   <div class='ocr_carea' id='block_1_71' title="bbox 258 4053 1834 4129">
    <p class='ocr_par' dir='ltr' id='par_1_71' title="bbox 258 4053 1834 4129">
     <span class='ocr_line' id='line_1_71' title="bbox 258 4053 1834 4129; baseline 0.003 -24"><span class='ocrx_word' id='word_1_492' title='bbox 258 4055 383 4106; x_wconf 77' lang='grc' dir='ltr'>τότε</span> <span class='ocrx_word' id='word_1_493' title='bbox 419 4055 580 4123; x_wconf 75' lang='grc' dir='ltr'>στενὴ</span> <span class='ocrx_word' id='word_1_494' title='bbox 612 4056 702 4107; x_wconf 70' lang='grc' dir='ltr'><strong>καὶ</strong></span> <span class='ocrx_word' id='word_1_495' title='bbox 725 4053 985 4116; x_wconf 75' lang='grc' dir='ltr'>δύσϐατός</span> <span class='ocrx_word' id='word_1_496' title='bbox 1016 4057 1151 4117; x_wconf 78' lang='grc' dir='ltr'>ἐστι,</span> <span class='ocrx_word' id='word_1_497' title='bbox 1185 4056 1490 4123; x_wconf 76' lang='grc' dir='ltr'>συγχέουσα</span> <span class='ocrx_word' id='word_1_498' title='bbox 1522 4057 1619 4120; x_wconf 83' lang='grc' dir='ltr'>τὰς</span> <span class='ocrx_word' id='word_1_499' title='bbox 1651 4075 1834 4129; x_wconf 87' lang='grc' dir='ltr'>παρα-</span> 
     </span>
    </p>
   </div>
   <div class='ocr_carea' id='block_1_72' title="bbox 257 4145 1832 4216">
    <p class='ocr_par' dir='ltr' id='par_1_72' title="bbox 257 4145 1832 4216">
     <span class='ocr_line' id='line_1_72' title="bbox 257 4145 1832 4216; baseline 0.004 -20"><span class='ocrx_word' id='word_1_500' title='bbox 257 4147 443 4208; x_wconf 77' lang='grc' dir='ltr'>τάξεις</span> <span class='ocrx_word' id='word_1_501' title='bbox 466 4146 665 4208; x_wconf 67' lang='grc' dir='ltr'>αἰτῶν,</span> <span class='ocrx_word' id='word_1_502' title='bbox 703 4148 796 4197; x_wconf 71' lang='grc' dir='ltr'><strong>καὶ</strong></span> <span class='ocrx_word' id='word_1_503' title='bbox 827 4147 1040 4212; x_wconf 80' lang='grc' dir='ltr'>ὀλίγους</span> <span class='ocrx_word' id='word_1_504' title='bbox 1086 4145 1396 4216; x_wconf 84' lang='grc' dir='ltr'>διέρχεσθαι</span> <span class='ocrx_word' id='word_1_505' title='bbox 1426 4148 1832 4216; x_wconf 78' lang='grc' dir='ltr'>ἀναγκάζουσα,</span> 
     </span>
    </p>
   </div>
   <div class='ocr_carea' id='block_1_73' title="bbox 260 4235 1835 4305">
    <p class='ocr_par' dir='ltr' id='par_1_73' title="bbox 260 4235 1835 4305">
     <span class='ocr_line' id='line_1_73' title="bbox 260 4235 1835 4305; baseline 0.001 -18"><span class='ocrx_word' id='word_1_506' title='bbox 260 4238 354 4287; x_wconf 77' lang='grc' dir='ltr'><strong>καὶ</strong></span> <span class='ocrx_word' id='word_1_507' title='bbox 388 4236 513 4298; x_wconf 68' lang='grc' dir='ltr'>τοὺς</span> <span class='ocrx_word' id='word_1_508' title='bbox 541 4235 731 4296; x_wconf 74' lang='grc' dir='ltr'>ἄλλους</span> <span class='ocrx_word' id='word_1_509' title='bbox 762 4235 964 4304; x_wconf 78' lang='grc' dir='ltr'>ὁμοίως</span> <span class='ocrx_word' id='word_1_510' title='bbox 993 4235 1404 4305; x_wconf 76' lang='grc' dir='ltr'>παρασκευάζει</span> <span class='ocrx_word' id='word_1_511' title='bbox 1430 4235 1835 4300; x_wconf 80' lang='grc' dir='ltr'>ἐπακολουθεῖν,</span> 
     </span>
    </p>
   </div>
   <div class='ocr_carea' id='block_1_74' title="bbox 259 4326 1836 4396">
    <p class='ocr_par' dir='ltr' id='par_1_74' title="bbox 259 4326 1836 4396">
     <span class='ocr_line' id='line_1_74' title="bbox 259 4326 1836 4396; baseline 0.001 -17"><span class='ocrx_word' id='word_1_512' title='bbox 259 4328 357 4382; x_wconf 76' lang='grc' dir='ltr'><strong>καὶ</strong></span> <span class='ocrx_word' id='word_1_513' title='bbox 390 4326 726 4396; x_wconf 75' lang='grc' dir='ltr'>διέρχεσθαι·</span> <span class='ocrx_word' id='word_1_514' title='bbox 766 4329 823 4379; x_wconf 80' lang='grc' dir='ltr'>ὲν</span> <span class='ocrx_word' id='word_1_515' title='bbox 850 4326 1078 4389; x_wconf 76' lang='grc' dir='ltr'>ἐκείνοις</span> <span class='ocrx_word' id='word_1_516' title='bbox 1106 4330 1217 4390; x_wconf 88' lang='grc' dir='ltr'>τοῖς</span> <span class='ocrx_word' id='word_1_517' title='bbox 1262 4329 1556 4390; x_wconf 83' lang='grc' dir='ltr'>στενωποῖς</span> <span class='ocrx_word' id='word_1_518' title='bbox 1583 4328 1702 4380; x_wconf 91' lang='grc' dir='ltr'>δέον</span> <span class='ocrx_word' id='word_1_519' title='bbox 1734 4345 1836 4381; x_wconf 86' lang='grc' dir='ltr'>πε-</span> 
     </span>
    </p>
   </div>
   <div class='ocr_carea' id='block_1_75' title="bbox 260 4417 1837 4487">
    <p class='ocr_par' dir='ltr' id='par_1_75' title="bbox 260 4417 1837 4487">
     <span class='ocr_line' id='line_1_75' title="bbox 260 4417 1837 4487; baseline 0.002 -17"><span class='ocrx_word' id='word_1_520' title='bbox 260 4419 419 4482; x_wconf 72' lang='grc' dir='ltr'>ζικὰς</span> <span class='ocrx_word' id='word_1_521' title='bbox 448 4418 632 4482; x_wconf 77' lang='grc' dir='ltr'>τάξεις</span> <span class='ocrx_word' id='word_1_522' title='bbox 671 4417 1013 4487; x_wconf 77' lang='grc' dir='ltr'>καταστῆσαι</span> <span class='ocrx_word' id='word_1_523' title='bbox 1043 4418 1194 4471; x_wconf 77' lang='grc' dir='ltr'>ἔνθεν</span> <span class='ocrx_word' id='word_1_524' title='bbox 1233 4421 1490 4473; x_wconf 81' lang='grc' dir='ltr'>κάκεῖθεν</span> <span class='ocrx_word' id='word_1_525' title='bbox 1528 4421 1636 4472; x_wconf 81' lang='grc' dir='ltr'>τῶν</span> <span class='ocrx_word' id='word_1_526' title='bbox 1679 4422 1837 4473; x_wconf 84' lang='grc' dir='ltr'>πολε-</span> 
     </span>
    </p>
   </div>
   <div class='ocr_carea' id='block_1_76' title="bbox 263 4509 1837 4580">
    <p class='ocr_par' dir='ltr' id='par_1_76' title="bbox 263 4509 1837 4580">
     <span class='ocr_line' id='line_1_76' title="bbox 263 4509 1837 4580; baseline 0.002 -19"><span class='ocrx_word' id='word_1_527' title='bbox 263 4511 425 4580; x_wconf 87' lang='grc' dir='ltr'>μίων,</span> <span class='ocrx_word' id='word_1_528' title='bbox 482 4511 576 4562; x_wconf 83' lang='grc' dir='ltr'><strong>δύο</strong></span> <span class='ocrx_word' id='word_1_529' title='bbox 625 4510 722 4579; x_wconf 84' lang='grc' dir='ltr'>μὲν</span> <span class='ocrx_word' id='word_1_530' title='bbox 780 4511 924 4562; x_wconf 77' lang='grc' dir='ltr'>κατά</span> <span class='ocrx_word' id='word_1_531' title='bbox 972 4510 1032 4562; x_wconf 83' lang='grc' dir='ltr'>τὸ</span> <span class='ocrx_word' id='word_1_532' title='bbox 1081 4509 1274 4573; x_wconf 73' lang='grc' dir='ltr'>δεξιὸν,</span> <span class='ocrx_word' id='word_1_533' title='bbox 1335 4509 1428 4562; x_wconf 92' lang='grc' dir='ltr'><strong>δύο</strong></span> <span class='ocrx_word' id='word_1_534' title='bbox 1471 4509 1528 4562; x_wconf 84' lang='grc' dir='ltr'>δὲ</span> <span class='ocrx_word' id='word_1_535' title='bbox 1583 4512 1726 4564; x_wconf 82' lang='grc' dir='ltr'>κατὰ</span> <span class='ocrx_word' id='word_1_536' title='bbox 1776 4511 1837 4564; x_wconf 74' lang='grc' dir='ltr'>τὸ</span> 
     </span>
    </p>
   </div>
   <div class='ocr_carea' id='block_1_77' title="bbox 259 4600 1837 4671">
    <p class='ocr_par' dir='ltr' id='par_1_77' title="bbox 259 4600 1837 4671">
     <span class='ocr_line' id='line_1_77' title="bbox 259 4600 1837 4671; baseline 0 -17"><span class='ocrx_word' id='word_1_537' title='bbox 259 4602 562 4670; x_wconf 73' lang='grc' dir='ltr'>εὐώνυμον,</span> <span class='ocrx_word' id='word_1_538' title='bbox 607 4601 702 4654; x_wconf 81' lang='grc' dir='ltr'>ἀπ’</span> <span class='ocrx_word' id='word_1_539' title='bbox 753 4600 1000 4671; x_wconf 80' lang='grc' dir='ltr'>ἀλλήλων</span> <span class='ocrx_word' id='word_1_540' title='bbox 1052 4600 1500 4670; x_wconf 84' lang='grc' dir='ltr'>διακεκριμένοις.</span> <span class='ocrx_word' id='word_1_541' title='bbox 1535 4600 1697 4653; x_wconf 78' lang='grc' dir='ltr'>Ἀλλά</span> <span class='ocrx_word' id='word_1_542' title='bbox 1742 4602 1837 4654; x_wconf 76' lang='grc' dir='ltr'>καὶ</span> 
     </span>
    </p>
   </div>
   <div class='ocr_carea' id='block_1_78' title="bbox 259 4690 1833 4762">
    <p class='ocr_par' dir='ltr' id='par_1_78' title="bbox 259 4690 1833 4762">
     <span class='ocr_line' id='line_1_78' title="bbox 259 4690 1833 4762; baseline 0 -18"><span class='ocrx_word' id='word_1_543' title='bbox 259 4695 321 4746; x_wconf 77' lang='grc' dir='ltr'>ἐκ</span> <span class='ocrx_word' id='word_1_544' title='bbox 355 4693 464 4746; x_wconf 84' lang='grc' dir='ltr'><strong>τῶν</strong></span> <span class='ocrx_word' id='word_1_545' title='bbox 494 4692 717 4745; x_wconf 70' lang='grc' dir='ltr'>ὄπισθεν</span> <span class='ocrx_word' id='word_1_546' title='bbox 744 4694 823 4755; x_wconf 88' lang='grc' dir='ltr'>εἰς</span> <span class='ocrx_word' id='word_1_547' title='bbox 863 4691 1019 4762; x_wconf 88' lang='grc' dir='ltr'>λόχον</span> <span class='ocrx_word' id='word_1_548' title='bbox 1044 4692 1389 4762; x_wconf 78' lang='grc' dir='ltr'>καταστῆσαι</span> <span class='ocrx_word' id='word_1_549' title='bbox 1430 4690 1655 4756; x_wconf 76' lang='grc' dir='ltr'>πεζικοῦ</span> <span class='ocrx_word' id='word_1_550' title='bbox 1702 4691 1833 4746; x_wconf 87' lang='grc' dir='ltr'>λαοῦ</span> 
     </span>
    </p>
   </div>
   <div class='ocr_carea' id='block_1_79' title="bbox 257 4783 1834 4854">
    <p class='ocr_par' dir='ltr' id='par_1_79' title="bbox 257 4783 1834 4854">
     <span class='ocr_line' id='line_1_79' title="bbox 257 4783 1834 4854; baseline -0.001 -14"><span class='ocrx_word' id='word_1_551' title='bbox 257 4785 508 4854; x_wconf 75' lang='grc' dir='ltr'>δύναμιν,</span> <span class='ocrx_word' id='word_1_552' title='bbox 539 4783 656 4854; x_wconf 87' lang='grc' dir='ltr'>μεθ’</span> <span class='ocrx_word' id='word_1_553' title='bbox 707 4783 921 4838; x_wconf 80' lang='grc' dir='ltr'>ἱππέων</span> <span class='ocrx_word' id='word_1_554' title='bbox 972 4786 1066 4838; x_wconf 73' lang='grc' dir='ltr'>καὶ</span> <span class='ocrx_word' id='word_1_555' title='bbox 1122 4785 1384 4854; x_wconf 82' lang='grc' dir='ltr'>ἄρχοντος</span> <span class='ocrx_word' id='word_1_556' title='bbox 1433 4784 1679 4854; x_wconf 86' lang='grc' dir='ltr'>ἀνδρείου</span> <span class='ocrx_word' id='word_1_557' title='bbox 1737 4785 1834 4839; x_wconf 74' lang='grc' dir='ltr'><strong>καὶ</strong></span> 
     </span>
    </p>
   </div>
   <div class='ocr_carea' id='block_1_80' title="bbox 257 4875 1831 4949">
    <p class='ocr_par' dir='ltr' id='par_1_80' title="bbox 257 4875 1831 4949">
     <span class='ocr_line' id='line_1_80' title="bbox 257 4875 1831 4949; baseline -0.001 -18"><span class='ocrx_word' id='word_1_558' title='bbox 257 4877 653 4949; x_wconf 84' lang='grc' dir='ltr'>ὲμπειροτάτου</span> <span class='ocrx_word' id='word_1_559' title='bbox 678 4876 752 4946; x_wconf 75' lang='grc' dir='ltr'>(εἴ</span> <span class='ocrx_word' id='word_1_560' title='bbox 757 4895 858 4946; x_wconf 84' lang='grc' dir='ltr'><strong>περ</strong></span> <span class='ocrx_word' id='word_1_561' title='bbox 875 4876 933 4929; x_wconf 84' lang='grc' dir='ltr'><strong>τὸ</strong></span> <span class='ocrx_word' id='word_1_562' title='bbox 952 4875 1243 4947; x_wconf 86' lang='grc' dir='ltr'>λεγόμενον</span> <span class='ocrx_word' id='word_1_563' title='bbox 1267 4876 1408 4929; x_wconf 87' lang='grc' dir='ltr'>σάκα</span> <span class='ocrx_word' id='word_1_564' title='bbox 1431 4875 1607 4928; x_wconf 79' lang='grc' dir='ltr'>αὐτῶν</span> <span class='ocrx_word' id='word_1_565' title='bbox 1629 4876 1831 4930; x_wconf 80' lang='grc' dir='ltr'>ἄνωθεν</span> 
     </span>
    </p>
   </div>
   <div class='ocr_carea' id='block_1_81' title="bbox 259 4967 1829 5040">
    <p class='ocr_par' dir='ltr' id='par_1_81' title="bbox 259 4967 1829 5040">
     <span class='ocr_line' id='line_1_81' title="bbox 259 4967 1829 5040; baseline -0.001 -16"><span class='ocrx_word' id='word_1_566' title='bbox 259 4971 572 5035; x_wconf 83' lang='grc' dir='ltr'>κατέλιπον,</span> <span class='ocrx_word' id='word_1_567' title='bbox 609 4969 860 5023; x_wconf 84' lang='grc' dir='ltr'>ἵστασθαι</span> <span class='ocrx_word' id='word_1_568' title='bbox 899 4969 994 5021; x_wconf 75' lang='grc' dir='ltr'>καὶ</span> <span class='ocrx_word' id='word_1_569' title='bbox 1023 4969 1120 5040; x_wconf 80' lang='grc' dir='ltr'><strong>τὴν</strong></span> <span class='ocrx_word' id='word_1_570' title='bbox 1145 4968 1262 5020; x_wconf 73' lang='grc' dir='ltr'>ὁδὸν</span> <span class='ocrx_word' id='word_1_571' title='bbox 1312 4967 1622 5039; x_wconf 86' lang='grc' dir='ltr'>φυλάττειν)</span> <span class='ocrx_word' id='word_1_572' title='bbox 1644 4985 1658 4999; x_wconf 89' lang='grc'><strong>·</strong></span> <span class='ocrx_word' id='word_1_573' title='bbox 1693 4968 1829 5022; x_wconf 82' lang='grc' dir='ltr'>ἀλλὰ</span> 
     </span>
    </p>
   </div>
   <div class='ocr_carea' id='block_1_82' title="bbox 263 5059 1828 5132">
    <p class='ocr_par' dir='ltr' id='par_1_82' title="bbox 263 5059 1828 5132">
     <span class='ocr_line' id='line_1_82' title="bbox 263 5059 1828 5132; baseline -0.001 -18"><span class='ocrx_word' id='word_1_574' title='bbox 263 5063 336 5132; x_wconf 83' lang='grc' dir='ltr'>μὴ</span> <span class='ocrx_word' id='word_1_575' title='bbox 369 5061 658 5130; x_wconf 78' lang='grc' dir='ltr'>σύνεγγυς,</span> <span class='ocrx_word' id='word_1_576' title='bbox 697 5061 833 5131; x_wconf 76' lang='grc' dir='ltr'>πρὸς</span> <span class='ocrx_word' id='word_1_577' title='bbox 861 5060 920 5113; x_wconf 80' lang='grc' dir='ltr'><strong>τὸ</strong></span> <span class='ocrx_word' id='word_1_578' title='bbox 946 5061 1022 5131; x_wconf 86' lang='grc' dir='ltr'>μὴ</span> <span class='ocrx_word' id='word_1_579' title='bbox 1074 5059 1494 5129; x_wconf 86' lang='grc' dir='ltr'>διαγνωσθῆναι·</span> <span class='ocrx_word' id='word_1_580' title='bbox 1521 5061 1614 5113; x_wconf 75' lang='grc' dir='ltr'><strong>καὶ</strong></span> <span class='ocrx_word' id='word_1_581' title='bbox 1649 5061 1696 5113; x_wconf 86' lang='grc' dir='ltr'><strong>εί</strong></span> <span class='ocrx_word' id='word_1_582' title='bbox 1728 5061 1828 5130; x_wconf 84' lang='grc' dir='ltr'><strong>μὲν</strong></span> 
     </span>
    </p>
   </div>
   <div class='ocr_carea' id='block_1_83' title="bbox 259 5148 1826 5222">
    <p class='ocr_par' dir='ltr' id='par_1_83' title="bbox 259 5148 1826 5222">
     <span class='ocr_line' id='line_1_83' title="bbox 259 5148 1826 5222; baseline -0.001 -18"><span class='ocrx_word' id='word_1_583' title='bbox 259 5155 306 5205; x_wconf 78' lang='lat' dir='ltr'><strong>et</strong></span> <span class='ocrx_word' id='word_1_584' title='bbox 350 5156 431 5215; x_wconf 85' lang='grc' dir='ltr'><strong>είς</strong></span> <span class='ocrx_word' id='word_1_585' title='bbox 487 5152 579 5204; x_wconf 82' lang='grc' dir='ltr'><strong>τὸν</strong></span> <span class='ocrx_word' id='word_1_586' title='bbox 605 5151 760 5222; x_wconf 85' lang='grc' dir='ltr'>λόχον</span> <span class='ocrx_word' id='word_1_587' title='bbox 816 5151 1097 5218; x_wconf 80' lang='grc' dir='ltr'>ἱστάμενοι</span> <span class='ocrx_word' id='word_1_588' title='bbox 1145 5149 1352 5203; x_wconf 80' lang='grc' dir='ltr'>ἀνωθεν</span> <span class='ocrx_word' id='word_1_589' title='bbox 1403 5148 1673 5220; x_wconf 85' lang='grc' dir='ltr'>πρόθυμοί</span> <span class='ocrx_word' id='word_1_590' title='bbox 1721 5151 1826 5202; x_wconf 86' lang='grc' dir='ltr'>εἱσι</span> 
     </span>
    </p>
   </div>
   <div class='ocr_carea' id='block_1_84' title="bbox 263 5240 1836 5314">
    <p class='ocr_par' dir='ltr' id='par_1_84' title="bbox 263 5240 1836 5314">
     <span class='ocr_line' id='line_1_84' title="bbox 263 5240 1836 5314; baseline -0.002 -18"><span class='ocrx_word' id='word_1_591' title='bbox 263 5243 648 5314; x_wconf 67' lang='grc' dir='ltr'>παρασυιδά·.ξκαι</span> <span class='ocrx_word' id='word_1_592' title='bbox 674 5244 933 5312; x_wconf 88' lang='grc' dir='ltr'>πόλεμον,</span> <span class='ocrx_word' id='word_1_593' title='bbox 970 5241 1130 5312; x_wconf 80' lang='grc' dir='ltr'>ἡνίκα</span> <span class='ocrx_word' id='word_1_594' title='bbox 1154 5243 1210 5295; x_wconf 80' lang='grc' dir='ltr'>αἱ</span> <span class='ocrx_word' id='word_1_595' title='bbox 1231 5240 1476 5295; x_wconf 80' lang='grc' dir='ltr'>κάτωθεν</span> <span class='ocrx_word' id='word_1_596' title='bbox 1505 5240 1836 5312; x_wconf 85' lang='grc' dir='ltr'>παρατάξεις</span> 
     </span>
    </p>
   </div>
   <div class='ocr_carea' id='block_1_85' title="bbox 261 5331 1837 5406">
    <p class='ocr_par' dir='ltr' id='par_1_85' title="bbox 261 5331 1837 5406">
     <span class='ocr_line' id='line_1_85' title="bbox 261 5331 1837 5406; baseline -0.001 -19"><span class='ocrx_word' id='word_1_597' title='bbox 261 5337 418 5406; x_wconf 71' lang='grc' dir='ltr'><strong>ἡμῶν</strong></span> <span class='ocrx_word' id='word_1_598' title='bbox 454 5337 742 5405; x_wconf 85' lang='grc' dir='ltr'>ἱστάμεναι</span> <span class='ocrx_word' id='word_1_599' title='bbox 772 5335 912 5387; x_wconf 82' lang='grc' dir='ltr'>κατὰ</span> <span class='ocrx_word' id='word_1_600' title='bbox 954 5333 1065 5386; x_wconf 83' lang='grc' dir='ltr'><strong>τῶν</strong></span> <span class='ocrx_word' id='word_1_601' title='bbox 1115 5331 1429 5406; x_wconf 79' lang='grc' dir='ltr'>ἔμπροσθεν</span> <span class='ocrx_word' id='word_1_602' title='bbox 1472 5331 1837 5402; x_wconf 85' lang='grc' dir='ltr'>διερχομένων</span> 
     </span>
    </p>
   </div>
   <div class='ocr_carea' id='block_1_86' title="bbox 262 5423 1830 5497">
    <p class='ocr_par' dir='ltr' id='par_1_86' title="bbox 262 5423 1830 5497">
     <span class='ocr_line' id='line_1_86' title="bbox 262 5423 1830 5497; baseline -0.001 -19"><span class='ocrx_word' id='word_1_603' title='bbox 262 5428 534 5495; x_wconf 84' lang='grc' dir='ltr'>πολεμίων</span> <span class='ocrx_word' id='word_1_604' title='bbox 567 5427 665 5497; x_wconf 82' lang='grc' dir='ltr'>τὴν</span> <span class='ocrx_word' id='word_1_605' title='bbox 687 5425 992 5497; x_wconf 81' lang='grc' dir='ltr'>προσϐολὴν</span> <span class='ocrx_word' id='word_1_606' title='bbox 1018 5427 1374 5495; x_wconf 84' lang='grc' dir='ltr'>ποιήσωνται,</span> <span class='ocrx_word' id='word_1_607' title='bbox 1415 5423 1830 5494; x_wconf 79' lang='grc' dir='ltr'>ὲξερχέσθωσαν</span> 
     </span>
    </p>
   </div>
   <div class='ocr_carea' id='block_1_87' title="bbox 265 5515 1835 5589">
    <p class='ocr_par' dir='ltr' id='par_1_87' title="bbox 265 5515 1835 5589">
     <span class='ocr_line' id='line_1_87' title="bbox 265 5515 1835 5589; baseline -0.001 -19"><span class='ocrx_word' id='word_1_608' title='bbox 265 5521 356 5572; x_wconf 73' lang='grc' dir='ltr'><strong>καὶ</strong></span> <span class='ocrx_word' id='word_1_609' title='bbox 395 5521 445 5573; x_wconf 87' lang='grc' dir='ltr'>οἱ</span> <span class='ocrx_word' id='word_1_610' title='bbox 470 5522 549 5582; x_wconf 86' lang='grc' dir='ltr'><strong>είς</strong></span> <span class='ocrx_word' id='word_1_611' title='bbox 566 5520 656 5571; x_wconf 80' lang='grc' dir='ltr'><strong>τὸν</strong></span> <span class='ocrx_word' id='word_1_612' title='bbox 685 5521 838 5589; x_wconf 87' lang='grc' dir='ltr'>λόχον</span> <span class='ocrx_word' id='word_1_613' title='bbox 867 5519 1146 5588; x_wconf 85' lang='grc' dir='ltr'>ἱστάμενοι</span> <span class='ocrx_word' id='word_1_614' title='bbox 1186 5515 1343 5578; x_wconf 75' lang='grc' dir='ltr'>πεζοί</span> <span class='ocrx_word' id='word_1_615' title='bbox 1389 5533 1448 5569; x_wconf 91' lang='grc' dir='ltr'><strong>τε</strong></span> <span class='ocrx_word' id='word_1_616' title='bbox 1500 5517 1594 5569; x_wconf 77' lang='grc' dir='ltr'><strong>καὶ</strong></span> <span class='ocrx_word' id='word_1_617' title='bbox 1649 5516 1835 5578; x_wconf 81' lang='grc' dir='ltr'>ἱππεῖς</span> 
     </span>
    </p>
   </div>
   <div class='ocr_carea' id='block_1_88' title="bbox 264 5607 1824 5680">
    <p class='ocr_par' dir='ltr' id='par_1_88' title="bbox 264 5607 1824 5680">
     <span class='ocr_line' id='line_1_88' title="bbox 264 5607 1824 5680; baseline 0 -18"><span class='ocrx_word' id='word_1_618' title='bbox 264 5612 352 5664; x_wconf 84' lang='grc' dir='ltr'><strong>καί</strong></span> <span class='ocrx_word' id='word_1_619' title='bbox 401 5613 824 5665; x_wconf 84' lang='grc' dir='ltr'>συναπτέτωσαν</span> <span class='ocrx_word' id='word_1_620' title='bbox 872 5611 1110 5680; x_wconf 87' lang='grc' dir='ltr'>πόλεμον</span> <span class='ocrx_word' id='word_1_621' title='bbox 1161 5608 1278 5679; x_wconf 89' lang='grc' dir='ltr'>μετ’</span> <span class='ocrx_word' id='word_1_622' title='bbox 1324 5608 1521 5670; x_wconf 70' lang='grc' dir='ltr'>αὐτοὺς</span> <span class='ocrx_word' id='word_1_623' title='bbox 1554 5609 1693 5662; x_wconf 78' lang='grc' dir='ltr'>κατὰ</span> <span class='ocrx_word' id='word_1_624' title='bbox 1716 5607 1824 5662; x_wconf 84' lang='grc' dir='ltr'><strong>τῶν</strong></span> 
     </span>
    </p>
   </div>
   <div class='ocr_carea' id='block_1_89' title="bbox 2179 3581 3256 3650">
    <p class='ocr_par' dir='ltr' id='par_1_89' title="bbox 2179 3581 3256 3650">
     <span class='ocr_line' id='line_1_89' title="bbox 2179 3581 3256 3650; baseline 0.008 -17"><span class='ocrx_word' id='word_1_625' title='bbox 2179 3596 2296 3650; x_wconf 73' lang='lat' dir='ltr'><strong>qum</strong></span> <span class='ocrx_word' id='word_1_626' title='bbox 2323 3583 2375 3633; x_wconf 84' lang='lat' dir='ltr'><strong>in</strong></span> <span class='ocrx_word' id='word_1_627' title='bbox 2404 3585 2655 3633; x_wconf 76' lang='lat' dir='ltr'><strong>descensu</strong></span> <span class='ocrx_word' id='word_1_628' title='bbox 2684 3581 3046 3650; x_wconf 74' lang='lat' dir='ltr'><strong>difficultatem</strong></span> <span class='ocrx_word' id='word_1_629' title='bbox 3081 3581 3256 3642; x_wconf 62' lang='lat' dir='ltr'><strong>habet.</strong></span> 
     </span>
    </p>
   </div>
   <div class='ocr_carea' id='block_1_90' title="bbox 2005 3694 3504 3764">
    <p class='ocr_par' dir='ltr' id='par_1_90' title="bbox 2005 3694 3504 3764">
     <span class='ocr_line' id='line_1_90' title="bbox 2005 3694 3504 3764; baseline 0.008 -16"><span class='ocrx_word' id='word_1_630' title='bbox 2005 3694 2060 3748; x_wconf 89' lang='lat' dir='ltr'><strong>Si</strong></span> <span class='ocrx_word' id='word_1_631' title='bbox 2096 3702 2272 3748; x_wconf 89' lang='lat' dir='ltr'><strong>autem</strong></span> <span class='ocrx_word' id='word_1_632' title='bbox 2309 3694 2415 3756; x_wconf 91' lang='lat' dir='ltr'><strong>via,</strong></span> <span class='ocrx_word' id='word_1_633' title='bbox 2448 3710 2551 3764; x_wconf 88' lang='lat' dir='ltr'><strong>qua</strong></span> <span class='ocrx_word' id='word_1_634' title='bbox 2582 3695 2863 3761; x_wconf 89' lang='lat' dir='ltr'><strong>recedunt,</strong></span> <span class='ocrx_word' id='word_1_635' title='bbox 2894 3698 3168 3755; x_wconf 80' lang='lat' dir='ltr'><strong>invenitur</strong></span> <span class='ocrx_word' id='word_1_636' title='bbox 3213 3716 3504 3761; x_wconf 82' lang='lat' dir='ltr'><strong>ascensum</strong></span> 
     </span>
    </p>
   </div>
   <div class='ocr_carea' id='block_1_91' title="bbox 1934 3784 3504 3864">
    <p class='ocr_par' dir='ltr' id='par_1_91' title="bbox 1934 3784 3504 3864">
     <span class='ocr_line' id='line_1_91' title="bbox 1934 3784 3504 3864; baseline 0.01 -26"><span class='ocrx_word' id='word_1_637' title='bbox 1934 3784 2118 3840; x_wconf 85' lang='lat' dir='ltr'><strong>hostes</strong></span> <span class='ocrx_word' id='word_1_638' title='bbox 2141 3801 2333 3840; x_wconf 90' lang='lat' dir='ltr'><strong>versus</strong></span> <span class='ocrx_word' id='word_1_639' title='bbox 2363 3787 2577 3849; x_wconf 83' lang='lat' dir='ltr'><strong>habere,</strong></span> <span class='ocrx_word' id='word_1_640' title='bbox 2622 3802 2854 3855; x_wconf 89' lang='lat' dir='ltr'><strong>esseque</strong></span> <span class='ocrx_word' id='word_1_641' title='bbox 2908 3789 3067 3858; x_wconf 90' lang='lat' dir='ltr'><strong>plana</strong></span> <span class='ocrx_word' id='word_1_642' title='bbox 3108 3793 3316 3864; x_wconf 89' lang='lat' dir='ltr'><strong>absque</strong></span> <span class='ocrx_word' id='word_1_643' title='bbox 3367 3798 3504 3853; x_wconf 86' lang='lat' dir='ltr'><strong>sale-</strong></span> 
     </span>
    </p>
   </div>
   <div class='ocr_carea' id='block_1_92' title="bbox 1935 3875 3509 3952">
    <p class='ocr_par' dir='ltr' id='par_1_92' title="bbox 1935 3875 3509 3952">
     <span class='ocr_line' id='line_1_92' title="bbox 1935 3875 3509 3952; baseline 0.01 -22"><span class='ocrx_word' id='word_1_644' title='bbox 1935 3875 2070 3940; x_wconf 87' lang='lat' dir='ltr'><strong>bris,</strong></span> <span class='ocrx_word' id='word_1_645' title='bbox 2104 3885 2163 3931; x_wconf 88' lang='lat' dir='ltr'><strong>ut</strong></span> <span class='ocrx_word' id='word_1_646' title='bbox 2213 3891 2243 3930; x_wconf 88' lang='lat' dir='ltr'><strong>a</strong></span> <span class='ocrx_word' id='word_1_647' title='bbox 2276 3876 2454 3930; x_wconf 84' lang='lat' dir='ltr'><strong>fronte</strong></span> <span class='ocrx_word' id='word_1_648' title='bbox 2480 3879 2696 3945; x_wconf 78' lang='lat' dir='ltr'><strong>aggredi</strong></span> <span class='ocrx_word' id='word_1_649' title='bbox 2752 3879 2874 3935; x_wconf 92' lang='lat' dir='ltr'><strong>illos</strong></span> <span class='ocrx_word' id='word_1_650' title='bbox 2934 3897 3176 3952; x_wconf 88' lang='lat' dir='ltr'><strong>nequeas</strong></span> <span class='ocrx_word' id='word_1_651' title='bbox 3212 3904 3225 3941; x_wconf 90' lang='lat'><strong>:</strong></span> <span class='ocrx_word' id='word_1_652' title='bbox 3258 3887 3349 3943; x_wconf 91' lang='lat' dir='ltr'><strong>ubi</strong></span> <span class='ocrx_word' id='word_1_653' title='bbox 3379 3905 3509 3945; x_wconf 78' lang='lat' dir='ltr'><strong>vero</strong></span> 
     </span>
    </p>
   </div>
   <div class='ocr_carea' id='block_1_93' title="bbox 1935 3967 3506 4048">
    <p class='ocr_par' dir='ltr' id='par_1_93' title="bbox 1935 3967 3506 4048">
     <span class='ocr_line' id='line_1_93' title="bbox 1935 3967 3506 4048; baseline 0.009 -28"><span class='ocrx_word' id='word_1_654' title='bbox 1935 3967 1988 4020; x_wconf 88' lang='lat' dir='ltr'><strong>in</strong></span> <span class='ocrx_word' id='word_1_655' title='bbox 2019 3967 2210 4020; x_wconf 84' lang='lat' dir='ltr'><strong>vallem</strong></span> <span class='ocrx_word' id='word_1_656' title='bbox 2267 3982 2326 4022; x_wconf 91' lang='lat' dir='ltr'><strong>se</strong></span> <span class='ocrx_word' id='word_1_657' title='bbox 2353 3967 2608 4034; x_wconf 88' lang='lat' dir='ltr'><strong>demittit,</strong></span> <span class='ocrx_word' id='word_1_658' title='bbox 2640 3968 2713 4022; x_wconf 89' lang='lat' dir='ltr'><strong>ibi</strong></span> <span class='ocrx_word' id='word_1_659' title='bbox 2763 3980 2912 4026; x_wconf 90' lang='lat' dir='ltr'><strong>arcta</strong></span> <span class='ocrx_word' id='word_1_660' title='bbox 2947 3981 3113 4044; x_wconf 91' lang='lat' dir='ltr'><strong>atque</strong></span> <span class='ocrx_word' id='word_1_661' title='bbox 3164 3993 3356 4048; x_wconf 88' lang='lat' dir='ltr'><strong>aspera</strong></span> <span class='ocrx_word' id='word_1_662' title='bbox 3399 3991 3506 4048; x_wconf 89' lang='lat' dir='ltr'><strong>est,</strong></span> 
     </span>
    </p>
   </div>
   <div class='ocr_carea' id='block_1_94' title="bbox 1935 4058 3509 4135">
    <p class='ocr_par' dir='ltr' id='par_1_94' title="bbox 1935 4058 3509 4135">
     <span class='ocr_line' id='line_1_94' title="bbox 1935 4058 3509 4135; baseline 0.013 -27"><span class='ocrx_word' id='word_1_663' title='bbox 1935 4058 2260 4126; x_wconf 89' lang='lat' dir='ltr'><strong>ordinesque</strong></span> <span class='ocrx_word' id='word_1_664' title='bbox 2307 4073 2498 4112; x_wconf 88' lang='lat' dir='ltr'><strong>eorum</strong></span> <span class='ocrx_word' id='word_1_665' title='bbox 2557 4060 2863 4127; x_wconf 80' lang='lat' dir='ltr'><strong>confundit,</strong></span> <span class='ocrx_word' id='word_1_666' title='bbox 2903 4074 2965 4118; x_wconf 93' lang='lat' dir='ltr'><strong>ut</strong></span> <span class='ocrx_word' id='word_1_667' title='bbox 3022 4068 3179 4135; x_wconf 91' lang='lat' dir='ltr'><strong>pauci</strong></span> <span class='ocrx_word' id='word_1_668' title='bbox 3241 4070 3509 4128; x_wconf 79' lang='lat' dir='ltr'><strong>duntaxat</strong></span> 
     </span>
    </p>
   </div>
   <div class='ocr_carea' id='block_1_95' title="bbox 1935 4151 3509 4230">
    <p class='ocr_par' dir='ltr' id='par_1_95' title="bbox 1935 4151 3509 4230">
     <span class='ocr_line' id='line_1_95' title="bbox 1935 4151 3509 4230; baseline 0.008 -23"><span class='ocrx_word' id='word_1_669' title='bbox 1935 4152 2170 4207; x_wconf 88' lang='lat' dir='ltr'><strong>transire</strong></span> <span class='ocrx_word' id='word_1_670' title='bbox 2197 4151 2427 4221; x_wconf 89' lang='lat' dir='ltr'><strong>possint,</strong></span> <span class='ocrx_word' id='word_1_671' title='bbox 2453 4153 2647 4219; x_wconf 83' lang='lat' dir='ltr'><strong>reliqui</strong></span> <span class='ocrx_word' id='word_1_672' title='bbox 2677 4153 2934 4226; x_wconf 89' lang='lat' dir='ltr'><strong>deinceps</strong></span> <span class='ocrx_word' id='word_1_673' title='bbox 2964 4158 3116 4228; x_wconf 90' lang='lat' dir='ltr'><strong>sequi</strong></span> <span class='ocrx_word' id='word_1_674' title='bbox 3143 4169 3306 4230; x_wconf 90' lang='lat' dir='ltr'><strong>atque</strong></span> <span class='ocrx_word' id='word_1_675' title='bbox 3329 4172 3509 4220; x_wconf 89' lang='lat' dir='ltr'><strong>trans-</strong></span> 
     </span>
    </p>
   </div>
   <div class='ocr_carea' id='block_1_96' title="bbox 1935 4243 3511 4323">
    <p class='ocr_par' dir='ltr' id='par_1_96' title="bbox 1935 4243 3511 4323">
     <span class='ocr_line' id='line_1_96' title="bbox 1935 4243 3511 4323; baseline 0.008 -27"><span class='ocrx_word' id='word_1_676' title='bbox 1935 4243 2150 4296; x_wconf 86' lang='lat' dir='ltr'><strong>mittere</strong></span> <span class='ocrx_word' id='word_1_677' title='bbox 2206 4249 2473 4311; x_wconf 81' lang='lat' dir='ltr'><strong>cogantur</strong></span> <span class='ocrx_word' id='word_1_678' title='bbox 2509 4261 2521 4294; x_wconf 88' lang='lat'><strong>:</strong></span> <span class='ocrx_word' id='word_1_679' title='bbox 2562 4243 2614 4296; x_wconf 92' lang='lat' dir='ltr'><strong>in</strong></span> <span class='ocrx_word' id='word_1_680' title='bbox 2665 4243 2938 4312; x_wconf 88' lang='lat' dir='ltr'><strong>ejusmodi</strong></span> <span class='ocrx_word' id='word_1_681' title='bbox 2979 4251 3244 4318; x_wconf 83' lang='lat' dir='ltr'><strong>angustiis</strong></span> <span class='ocrx_word' id='word_1_682' title='bbox 3298 4261 3511 4323; x_wconf 86' lang='lat' dir='ltr'><strong>oportet</strong></span> 
     </span>
    </p>
   </div>
   <div class='ocr_carea' id='block_1_97' title="bbox 1935 4336 3509 4410">
    <p class='ocr_par' dir='ltr' id='par_1_97' title="bbox 1935 4336 3509 4410">
     <span class='ocr_line' id='line_1_97' title="bbox 1935 4336 3509 4410; baseline 0.009 -20"><span class='ocrx_word' id='word_1_683' title='bbox 1935 4338 2212 4407; x_wconf 87' lang='lat' dir='ltr'><strong>pedestres</strong></span> <span class='ocrx_word' id='word_1_684' title='bbox 2233 4337 2378 4392; x_wconf 89' lang='lat' dir='ltr'><strong>acies</strong></span> <span class='ocrx_word' id='word_1_685' title='bbox 2423 4336 2488 4391; x_wconf 90' lang='lat' dir='ltr'><strong>ad</strong></span> <span class='ocrx_word' id='word_1_686' title='bbox 2523 4345 2814 4408; x_wconf 89' lang='lat' dir='ltr'><strong>utrumque</strong></span> <span class='ocrx_word' id='word_1_687' title='bbox 2842 4340 2986 4397; x_wconf 92' lang='lat' dir='ltr'><strong>latus</strong></span> <span class='ocrx_word' id='word_1_688' title='bbox 3016 4343 3265 4410; x_wconf 76' lang='lat' dir='ltr'><strong>hostium</strong></span> <span class='ocrx_word' id='word_1_689' title='bbox 3299 4349 3509 4404; x_wconf 85' lang='lat' dir='ltr'><strong>consti-</strong></span> 
     </span>
    </p>
   </div>
   <div class='ocr_carea' id='block_1_98' title="bbox 1933 4429 3510 4502">
    <p class='ocr_par' dir='ltr' id='par_1_98' title="bbox 1933 4429 3510 4502">
     <span class='ocr_line' id='line_1_98' title="bbox 1933 4429 3510 4502; baseline 0.008 -18"><span class='ocrx_word' id='word_1_690' title='bbox 1933 4429 2034 4495; x_wconf 89' lang='lat' dir='ltr'><strong>tui,</strong></span> <span class='ocrx_word' id='word_1_691' title='bbox 2067 4429 2226 4483; x_wconf 89' lang='lat' dir='ltr'><strong>binas</strong></span> <span class='ocrx_word' id='word_1_692' title='bbox 2253 4443 2283 4482; x_wconf 87' lang='lat' dir='ltr'><strong>a</strong></span> <span class='ocrx_word' id='word_1_693' title='bbox 2315 4429 2530 4493; x_wconf 81' lang='lat' dir='ltr'><strong>dextra,</strong></span> <span class='ocrx_word' id='word_1_694' title='bbox 2587 4431 2927 4501; x_wconf 86' lang='lat' dir='ltr'><strong>totidemque</strong></span> <span class='ocrx_word' id='word_1_695' title='bbox 2954 4434 3109 4502; x_wconf 65' lang='lat' dir='ltr'><strong>laeva,</strong></span> <span class='ocrx_word' id='word_1_696' title='bbox 3140 4437 3334 4494; x_wconf 89' lang='lat' dir='ltr'><strong>relicto</strong></span> <span class='ocrx_word' id='word_1_697' title='bbox 3365 4440 3510 4496; x_wconf 81' lang='lat' dir='ltr'><strong>inter</strong></span> 
     </span>
    </p>
   </div>
   <div class='ocr_carea' id='block_1_99' title="bbox 1937 4521 3511 4595">
    <p class='ocr_par' dir='ltr' id='par_1_99' title="bbox 1937 4521 3511 4595">
     <span class='ocr_line' id='line_1_99' title="bbox 1937 4521 3511 4595; baseline 0.007 -19"><span class='ocrx_word' id='word_1_698' title='bbox 1937 4521 2056 4576; x_wconf 87' lang='lat' dir='ltr'><strong>illas</strong></span> <span class='ocrx_word' id='word_1_699' title='bbox 2085 4521 2391 4576; x_wconf 87' lang='lat' dir='ltr'><strong>intervallo.</strong></span> <span class='ocrx_word' id='word_1_700' title='bbox 2419 4521 2549 4577; x_wconf 89' lang='lat' dir='ltr'><strong>Item</strong></span> <span class='ocrx_word' id='word_1_701' title='bbox 2583 4538 2612 4576; x_wconf 90' lang='lat' dir='ltr'><strong>a</strong></span> <span class='ocrx_word' id='word_1_702' title='bbox 2669 4531 2818 4595; x_wconf 88' lang='lat' dir='ltr'><strong>tergo</strong></span> <span class='ocrx_word' id='word_1_703' title='bbox 2846 4539 3036 4580; x_wconf 92' lang='lat' dir='ltr'><strong>eorum</strong></span> <span class='ocrx_word' id='word_1_704' title='bbox 3075 4527 3127 4582; x_wconf 91' lang='lat' dir='ltr'><strong>in</strong></span> <span class='ocrx_word' id='word_1_705' title='bbox 3162 4528 3377 4586; x_wconf 86' lang='lat' dir='ltr'><strong>insidiis</strong></span> <span class='ocrx_word' id='word_1_706' title='bbox 3397 4534 3511 4587; x_wconf 87' lang='lat' dir='ltr'><strong>col-</strong></span> 
     </span>
    </p>
   </div>
   <div class='ocr_carea' id='block_1_100' title="bbox 1937 4613 3511 4692">
    <p class='ocr_par' dir='ltr' id='par_1_100' title="bbox 1937 4613 3511 4692">
     <span class='ocr_line' id='line_1_100' title="bbox 1937 4613 3511 4692; baseline 0.007 -24"><span class='ocrx_word' id='word_1_707' title='bbox 1937 4613 2051 4669; x_wconf 80' lang='lat' dir='ltr'><strong>loca</strong></span> <span class='ocrx_word' id='word_1_708' title='bbox 2082 4613 2288 4684; x_wconf 91' lang='lat' dir='ltr'><strong>pedites</strong></span> <span class='ocrx_word' id='word_1_709' title='bbox 2319 4613 2455 4668; x_wconf 84' lang='lat' dir='ltr'><strong>bene</strong></span> <span class='ocrx_word' id='word_1_710' title='bbox 2479 4614 2681 4669; x_wconf 90' lang='lat' dir='ltr'><strong>multos</strong></span> <span class='ocrx_word' id='word_1_711' title='bbox 2716 4630 2842 4670; x_wconf 91' lang='lat' dir='ltr'><strong>cum</strong></span> <span class='ocrx_word' id='word_1_712' title='bbox 2894 4619 3139 4687; x_wconf 91' lang='lat' dir='ltr'><strong>equitatu</strong></span> <span class='ocrx_word' id='word_1_713' title='bbox 3175 4631 3339 4692; x_wconf 87' lang='lat' dir='ltr'><strong>atque</strong></span> <span class='ocrx_word' id='word_1_714' title='bbox 3374 4626 3511 4682; x_wconf 88' lang='lat' dir='ltr'><strong>duce</strong></span> 
     </span>
    </p>
   </div>
   <div class='ocr_carea' id='block_1_101' title="bbox 1937 4705 3508 4783">
    <p class='ocr_par' dir='ltr' id='par_1_101' title="bbox 1937 4705 3508 4783">
     <span class='ocr_line' id='line_1_101' title="bbox 1937 4705 3508 4783; baseline 0.006 -25"><span class='ocrx_word' id='word_1_715' title='bbox 1937 4705 2061 4760; x_wconf 78' lang='lat' dir='ltr'><strong>forti</strong></span> <span class='ocrx_word' id='word_1_716' title='bbox 2119 4713 2173 4760; x_wconf 90' lang='lat' dir='ltr'><strong>et</strong></span> <span class='ocrx_word' id='word_1_717' title='bbox 2227 4705 2560 4775; x_wconf 81' lang='lat' dir='ltr'><strong>peritissimo</strong></span> <span class='ocrx_word' id='word_1_718' title='bbox 2619 4705 2928 4776; x_wconf 91' lang='lat' dir='ltr'><strong>(siquidem</strong></span> <span class='ocrx_word' id='word_1_719' title='bbox 2986 4711 3298 4777; x_wconf 61' lang='lat' dir='ltr'><strong>prasidium</strong></span> <span class='ocrx_word' id='word_1_720' title='bbox 3363 4716 3508 4783; x_wconf 88' lang='lat' dir='ltr'><strong>quod</strong></span> 
     </span>
    </p>
   </div>
   <div class='ocr_carea' id='block_1_102' title="bbox 1938 4794 3508 4873">
    <p class='ocr_par' dir='ltr' id='par_1_102' title="bbox 1938 4794 3508 4873">
     <span class='ocr_line' id='line_1_102' title="bbox 1938 4794 3508 4873; baseline 0.005 -22"><span class='ocrx_word' id='word_1_721' title='bbox 1938 4809 2064 4851; x_wconf 89' lang='lat' dir='ltr'><strong>saea</strong></span> <span class='ocrx_word' id='word_1_722' title='bbox 2134 4804 2379 4859; x_wconf 87' lang='lat' dir='ltr'><strong>vocatur,</strong></span> <span class='ocrx_word' id='word_1_723' title='bbox 2421 4794 2475 4848; x_wconf 91' lang='lat' dir='ltr'><strong>in</strong></span> <span class='ocrx_word' id='word_1_724' title='bbox 2513 4794 2650 4850; x_wconf 88' lang='lat' dir='ltr'><strong>locis</strong></span> <span class='ocrx_word' id='word_1_725' title='bbox 2712 4798 3089 4866; x_wconf 85' lang='lat' dir='ltr'><strong>superioribus</strong></span> <span class='ocrx_word' id='word_1_726' title='bbox 3145 4802 3508 4873; x_wconf 86' lang='lat' dir='ltr'><strong>reliquerunt,</strong></span> 
     </span>
    </p>
   </div>
   <div class='ocr_carea' id='block_1_103' title="bbox 1939 4887 3510 4960">
    <p class='ocr_par' dir='ltr' id='par_1_103' title="bbox 1939 4887 3510 4960">
     <span class='ocr_line' id='line_1_103' title="bbox 1939 4887 3510 4960; baseline 0.008 -20"><span class='ocrx_word' id='word_1_727' title='bbox 1939 4895 1997 4940; x_wconf 94' lang='lat' dir='ltr'><strong>ut</strong></span> <span class='ocrx_word' id='word_1_728' title='bbox 2046 4895 2150 4941; x_wconf 84' lang='lat' dir='ltr'><strong>stet</strong></span> <span class='ocrx_word' id='word_1_729' title='bbox 2205 4887 2458 4956; x_wconf 89' lang='lat' dir='ltr'><strong>viamque</strong></span> <span class='ocrx_word' id='word_1_730' title='bbox 2514 4887 2789 4960; x_wconf 84' lang='lat' dir='ltr'><strong>observet)</strong></span> <span class='ocrx_word' id='word_1_731' title='bbox 2827 4907 2839 4946; x_wconf 90' lang='lat'><strong>:</strong></span> <span class='ocrx_word' id='word_1_732' title='bbox 2874 4905 3052 4960; x_wconf 83' lang='lat' dir='ltr'><strong>neque</strong></span> <span class='ocrx_word' id='word_1_733' title='bbox 3109 4902 3289 4949; x_wconf 90' lang='lat' dir='ltr'><strong>tamen</strong></span> <span class='ocrx_word' id='word_1_734' title='bbox 3346 4898 3510 4953; x_wconf 84' lang='lat' dir='ltr'><strong>nimis</strong></span> 
     </span>
    </p>
   </div>
   <div class='ocr_carea' id='block_1_104' title="bbox 1935 4976 3506 5054">
    <p class='ocr_par' dir='ltr' id='par_1_104' title="bbox 1935 4976 3506 5054">
     <span class='ocr_line' id='line_1_104' title="bbox 1935 4976 3506 5054; baseline 0.009 -26"><span class='ocrx_word' id='word_1_735' title='bbox 1935 4991 2124 5046; x_wconf 91' lang='lat' dir='ltr'><strong>prope,</strong></span> <span class='ocrx_word' id='word_1_736' title='bbox 2154 4976 2594 5032; x_wconf 90' lang='lat' dir='ltr'><strong>utanimadverti</strong></span> <span class='ocrx_word' id='word_1_737' title='bbox 2620 4992 2728 5033; x_wconf 92' lang='lat' dir='ltr'><strong>non</strong></span> <span class='ocrx_word' id='word_1_738' title='bbox 2775 4979 3011 5049; x_wconf 89' lang='lat' dir='ltr'><strong>possint.</strong></span> <span class='ocrx_word' id='word_1_739' title='bbox 3043 4978 3140 5036; x_wconf 83' lang='lat' dir='ltr'><strong>His</strong></span> <span class='ocrx_word' id='word_1_740' title='bbox 3172 4998 3407 5054; x_wconf 87' lang='lat' dir='ltr'><strong>superne</strong></span> <span class='ocrx_word' id='word_1_741' title='bbox 3452 4987 3506 5041; x_wconf 92' lang='lat' dir='ltr'><strong>in</strong></span> 
     </span>
    </p>
   </div>
   <div class='ocr_carea' id='block_1_105' title="bbox 1936 5067 3512 5142">
    <p class='ocr_par' dir='ltr' id='par_1_105' title="bbox 1936 5067 3512 5142">
     <span class='ocr_line' id='line_1_105' title="bbox 1936 5067 3512 5142; baseline 0.008 -21"><span class='ocrx_word' id='word_1_742' title='bbox 1936 5067 2156 5122; x_wconf 87' lang='lat' dir='ltr'><strong>latebris</strong></span> <span class='ocrx_word' id='word_1_743' title='bbox 2195 5067 2406 5133; x_wconf 80' lang='lat' dir='ltr'><strong>locatis,</strong></span> <span class='ocrx_word' id='word_1_744' title='bbox 2445 5069 2776 5140; x_wconf 91' lang='lat' dir='ltr'><strong>intentisque</strong></span> <span class='ocrx_word' id='word_1_745' title='bbox 2809 5071 2874 5125; x_wconf 90' lang='lat' dir='ltr'><strong>ad</strong></span> <span class='ocrx_word' id='word_1_746' title='bbox 2928 5073 3173 5142; x_wconf 71' lang='lat' dir='ltr'><strong>praelium</strong></span> <span class='ocrx_word' id='word_1_747' title='bbox 3215 5090 3512 5134; x_wconf 78' lang='lat' dir='ltr'><strong>conseren-</strong></span> 
     </span>
    </p>
   </div>
   <div class='ocr_carea' id='block_1_106' title="bbox 1937 5156 3508 5226">
    <p class='ocr_par' dir='ltr' id='par_1_106' title="bbox 1937 5156 3508 5226">
     <span class='ocr_line' id='line_1_106' title="bbox 1937 5156 3508 5226; baseline 0.01 -17"><span class='ocrx_word' id='word_1_748' title='bbox 1937 5156 2092 5220; x_wconf 87' lang='lat' dir='ltr'><strong>dum,</strong></span> <span class='ocrx_word' id='word_1_749' title='bbox 2122 5156 2342 5226; x_wconf 86' lang='lat' dir='ltr'><strong>quando</strong></span> <span class='ocrx_word' id='word_1_750' title='bbox 2395 5159 2540 5214; x_wconf 89' lang='lat' dir='ltr'><strong>acies</strong></span> <span class='ocrx_word' id='word_1_751' title='bbox 2577 5169 2782 5216; x_wconf 64' lang='lat' dir='ltr'><strong>nostra:</strong></span> <span class='ocrx_word' id='word_1_752' title='bbox 2838 5160 3068 5219; x_wconf 83' lang='lat' dir='ltr'><strong>inferius</strong></span> <span class='ocrx_word' id='word_1_753' title='bbox 3107 5167 3420 5222; x_wconf 70' lang='lat' dir='ltr'><strong>constitutae</strong></span> <span class='ocrx_word' id='word_1_754' title='bbox 3454 5169 3508 5225; x_wconf 92' lang='lat' dir='ltr'><strong>in</strong></span> 
     </span>
    </p>
   </div>
   <div class='ocr_carea' id='block_1_107' title="bbox 1936 5245 3508 5324">
    <p class='ocr_par' dir='ltr' id='par_1_107' title="bbox 1936 5245 3508 5324">
     <span class='ocr_line' id='line_1_107' title="bbox 1936 5245 3508 5324; baseline 0.009 -26"><span class='ocrx_word' id='word_1_755' title='bbox 1936 5261 2130 5315; x_wconf 82' lang='lat' dir='ltr'><strong>agmen</strong></span> <span class='ocrx_word' id='word_1_756' title='bbox 2167 5245 2405 5301; x_wconf 88' lang='lat' dir='ltr'><strong>hostium</strong></span> <span class='ocrx_word' id='word_1_757' title='bbox 2451 5251 2892 5317; x_wconf 68' lang='lat' dir='ltr'><strong>prmtereuntium</strong></span> <span class='ocrx_word' id='word_1_758' title='bbox 2943 5252 3207 5324; x_wconf 91' lang='lat' dir='ltr'><strong>impetum</strong></span> <span class='ocrx_word' id='word_1_759' title='bbox 3253 5255 3508 5324; x_wconf 80' lang='lat' dir='ltr'><strong>fecerint,</strong></span> 
     </span>
    </p>
   </div>
   <div class='ocr_carea' id='block_1_108' title="bbox 1935 5334 3510 5418">
    <p class='ocr_par' dir='ltr' id='par_1_108' title="bbox 1935 5334 3510 5418">
     <span class='ocr_line' id='line_1_108' title="bbox 1935 5334 3510 5418; baseline 0.01 -32"><span class='ocrx_word' id='word_1_760' title='bbox 1935 5335 2064 5388; x_wconf 86' lang='lat' dir='ltr'><strong>item</strong></span> <span class='ocrx_word' id='word_1_761' title='bbox 2089 5334 2181 5404; x_wconf 91' lang='lat' dir='ltr'><strong>qui</strong></span> <span class='ocrx_word' id='word_1_762' title='bbox 2220 5334 2274 5388; x_wconf 91' lang='lat' dir='ltr'><strong>in</strong></span> <span class='ocrx_word' id='word_1_763' title='bbox 2308 5335 2524 5390; x_wconf 91' lang='lat' dir='ltr'><strong>insidiis</strong></span> <span class='ocrx_word' id='word_1_764' title='bbox 2552 5338 2920 5396; x_wconf 87' lang='lat' dir='ltr'><strong>subsederunt</strong></span> <span class='ocrx_word' id='word_1_765' title='bbox 2944 5342 3145 5400; x_wconf 91' lang='lat' dir='ltr'><strong>milites</strong></span> <span class='ocrx_word' id='word_1_766' title='bbox 3183 5347 3510 5418; x_wconf 87' lang='lat' dir='ltr'><strong>equitesque</strong></span> 
     </span>
    </p>
   </div>
   <div class='ocr_carea' id='block_1_109' title="bbox 1935 5426 3510 5504">
    <p class='ocr_par' dir='ltr' id='par_1_109' title="bbox 1935 5426 3510 5504">
     <span class='ocr_line' id='line_1_109' title="bbox 1935 5426 3510 5504; baseline 0.008 -22"><span class='ocrx_word' id='word_1_767' title='bbox 1935 5426 2126 5491; x_wconf 91' lang='lat' dir='ltr'><strong>coorti,</strong></span> <span class='ocrx_word' id='word_1_768' title='bbox 2161 5427 2324 5481; x_wconf 89' lang='lat' dir='ltr'><strong>simul</strong></span> <span class='ocrx_word' id='word_1_769' title='bbox 2352 5444 2473 5482; x_wconf 90' lang='lat' dir='ltr'><strong>cum</strong></span> <span class='ocrx_word' id='word_1_770' title='bbox 2511 5429 2620 5485; x_wconf 91' lang='lat' dir='ltr'><strong>illis</strong></span> <span class='ocrx_word' id='word_1_771' title='bbox 2651 5447 2886 5502; x_wconf 82' lang='lat' dir='ltr'><strong>pugnam</strong></span> <span class='ocrx_word' id='word_1_772' title='bbox 2912 5446 3206 5504; x_wconf 90' lang='lat' dir='ltr'><strong>capessant</strong></span> <span class='ocrx_word' id='word_1_773' title='bbox 3245 5439 3510 5494; x_wconf 88' lang='lat' dir='ltr'><strong>adversus</strong></span> 
     </span>
    </p>
   </div>
   <div class='ocr_carea' id='block_1_110' title="bbox 1937 5518 3510 5597">
    <p class='ocr_par' dir='ltr' id='par_1_110' title="bbox 1937 5518 3510 5597">
     <span class='ocr_line' id='line_1_110' title="bbox 1937 5518 3510 5597; baseline 0.01 -25"><span class='ocrx_word' id='word_1_774' title='bbox 1937 5518 2148 5574; x_wconf 88' lang='lat' dir='ltr'><strong>hostes.</strong></span> <span class='ocrx_word' id='word_1_775' title='bbox 2181 5518 2336 5585; x_wconf 84' lang='lat' dir='ltr'><strong>Quod</strong></span> <span class='ocrx_word' id='word_1_776' title='bbox 2376 5519 2421 5574; x_wconf 91' lang='lat' dir='ltr'><strong>si</strong></span> <span class='ocrx_word' id='word_1_777' title='bbox 2443 5522 2534 5589; x_wconf 90' lang='lat' dir='ltr'><strong>qui</strong></span> <span class='ocrx_word' id='word_1_778' title='bbox 2573 5523 2626 5576; x_wconf 89' lang='lat' dir='ltr'><strong>in</strong></span> <span class='ocrx_word' id='word_1_779' title='bbox 2652 5523 2864 5580; x_wconf 88' lang='lat' dir='ltr'><strong>insidiis</strong></span> <span class='ocrx_word' id='word_1_780' title='bbox 2886 5528 3273 5597; x_wconf 88' lang='lat' dir='ltr'><strong>consederunt,</strong></span> <span class='ocrx_word' id='word_1_781' title='bbox 3299 5531 3424 5588; x_wconf 91' lang='lat' dir='ltr'><strong>inde</strong></span> <span class='ocrx_word' id='word_1_782' title='bbox 3450 5548 3510 5588; x_wconf 89' lang='lat' dir='ltr'><strong>se</strong></span> 
     </span>
    </p>
   </div>
   <div class='ocr_carea' id='block_1_111' title="bbox 1934 5611 3507 5694">
    <p class='ocr_par' dir='ltr' id='par_1_111' title="bbox 1934 5611 3507 5694">
     <span class='ocr_line' id='line_1_111' title="bbox 1934 5611 3507 5694; baseline 0.008 -28"><span class='ocrx_word' id='word_1_783' title='bbox 1934 5611 2219 5666; x_wconf 87' lang='lat' dir='ltr'><strong>demittere</strong></span> <span class='ocrx_word' id='word_1_784' title='bbox 2243 5628 2348 5666; x_wconf 89' lang='lat' dir='ltr'><strong>non</strong></span> <span class='ocrx_word' id='word_1_785' title='bbox 2367 5615 2610 5681; x_wconf 78' lang='lat' dir='ltr'><strong>-audent,</strong></span> <span class='ocrx_word' id='word_1_786' title='bbox 2635 5615 2762 5686; x_wconf 88' lang='lat' dir='ltr'><strong>quia</strong></span> <span class='ocrx_word' id='word_1_787' title='bbox 2793 5632 2920 5674; x_wconf 85' lang='lat' dir='ltr'><strong>saea</strong></span> <span class='ocrx_word' id='word_1_788' title='bbox 2953 5619 3008 5675; x_wconf 90' lang='lat' dir='ltr'><strong>in</strong></span> <span class='ocrx_word' id='word_1_789' title='bbox 3035 5620 3155 5678; x_wconf 85' lang='lat' dir='ltr'><strong>loco</strong></span> <span class='ocrx_word' id='word_1_790' title='bbox 3183 5637 3339 5694; x_wconf 69' lang='lat' dir='ltr'><strong>aquo</strong></span> <span class='ocrx_word' id='word_1_791' title='bbox 3369 5639 3507 5680; x_wconf 91' lang='lat' dir='ltr'><strong>con-</strong></span> 
     </span>
    </p>
   </div>
   <div class='ocr_carea' id='block_1_112' title="bbox 1404 5752 2369 5811">
    <p class='ocr_par' dir='ltr' id='par_1_112' title="bbox 1404 5752 2369 5811">
     <span class='ocr_line' id='line_1_112' title="bbox 1404 5752 2369 5811; baseline 0 -1"><span class='ocrx_word' id='word_1_792' title='bbox 1404 5754 1466 5810; x_wconf 91' lang='lat' dir='ltr'><strong>C.</strong></span> <span class='ocrx_word' id='word_1_793' title='bbox 1500 5755 1558 5810; x_wconf 89' lang='lat' dir='ltr'><strong>B.</strong></span> <span class='ocrx_word' id='word_1_794' title='bbox 1602 5752 1780 5808; x_wconf 84' lang='lat' dir='ltr'><strong>HASII</strong></span> <span class='ocrx_word' id='word_1_795' title='bbox 1817 5752 2369 5811; x_wconf 53' lang='lat' dir='ltr'><strong>ANNOTATIONI‘ZS.</strong></span> 
     </span>
    </p>
   </div>
   <div class='ocr_carea' id='block_1_113' title="bbox 350 5869 997 5943">
    <p class='ocr_par' dir='ltr' id='par_1_113' title="bbox 350 5869 997 5943">
     <span class='ocr_line' id='line_1_113' title="bbox 350 5869 997 5943; baseline 0.006 -21"><span class='ocrx_word' id='word_1_796' title='bbox 350 5873 396 5905; x_wconf 79' lang='grc'><strong><em>⁸⁸</em></strong></span> <span class='ocrx_word' id='word_1_797' title='bbox 421 5869 590 5943; x_wconf 72' lang='grc' dir='ltr'>ὅλων]</span> <span class='ocrx_word' id='word_1_798' title='bbox 632 5871 813 5926; x_wconf 76' lang='grc' dir='ltr'>ὃπλων</span> <span class='ocrx_word' id='word_1_799' title='bbox 838 5872 997 5928; x_wconf 87' lang='lat' dir='ltr'><strong>codd.</strong></span> 
     </span>
    </p>
   </div>
  </div>
