4178 6522
682 423 818 489 Ῑθθῖ

1628 422 2025 483 EXCERPTA
2065 422 2162 482 EX
2206 420 2600 482 llISTOHIlS
2644 422 2964 483 ARABUM

3813 417 3952 481 1003

678 543 838 603 stitit,
868 541 1188 596 contineant
1241 552 1299 593 se
1362 538 1415 590 in
1482 537 1707 591 latebris
1747 554 1759 589 :
1796 535 1889 589 sed
1945 534 2168 605 quando
2213 534 2321 597 id}

2377 529 2671 603 πολεμίων.
2723 533 2785 586 Et
2834 533 2891 585 δὲ
2945 531 3006 584 οὑ
3054 528 3424 600 θαρρήσουσιν
3457 529 3504 583 οι
3535 529 3615 592 εἰς
3657 529 3751 582 τὸν
3793 530 3955 598 λόχον

681 630 966 687 discedere
1000 631 1066 686 ad
1095 643 1336 698 suosque
1373 643 1432 683 se
1457 628 1700 698 recipere
1730 634 1959 681 conatur
1987 627 2098 696 (vix
2119 625 2264 680 enim

679 723 1013 778 credendum
1042 729 1146 786 est,
1181 721 1272 775 diu
1304 721 1710 791 perstiturum),
1735 719 1899 773 simul
1943 733 2005 772 ac
2049 733 2142 787 per
2169 716 2266 770 cli-

677 832 805 870 vum
839 815 1128 869 demittere
1157 828 1215 868 se
1236 813 1400 884 258
1427 814 1674 882 cmperit,
1717 811 2001 880 provolent
2032 810 2263 866 insidia-

681 921 825 964 tores
853 923 866 959 :
904 907 1104 978 viaque
1133 907 1356 962 obsessa
1390 916 1556 976 alque
1598 905 1733 958 locis
1767 902 2143 973 superioribus
2174 916 2267 956 0c-

679 1000 911 1071 cupatis,
944 999 998 1054 in
1035 1000 1158 1056 illos
1189 1000 1448 1069 impetum
1483 997 1717 1051 faciant;
1739 995 1913 1059 Tunc,
1941 1009 1970 1048 a
2003 994 2267 1049 militibus

679 1094 803 1148 telis
831 1092 1054 1164 appetiti
1109 1091 1326 1161 locique
1378 1090 1668 1160 iniquitate
1703 1087 1901 1158 pressi,
1925 1085 2182 1140 resistere
2212 1094 2266 1140 et

681 1199 986 1255 repugnare
1025 1198 1134 1240 non
1158 1191 1461 1254 poterunt:
1497 1181 1614 1244 sed,
1642 1181 1694 1234 in
1731 1178 1998 1248 angustiis
2035 1177 2102 1230 ab
2123 1177 2264 1230 acie-

679 1279 784 1334 bus
817 1277 1049 1345 nostris,
1085 1292 1210 1346 quae
1244 1275 1473 1331 inferiUS
1521 1283 1804 1351 steterant,
1839 1270 2105 1334 amictati,
2134 1283 2266 1324 suos

680 1369 897 1440 assequi
966 1369 1356 1440 properabunt,
1415 1381 1512 1436 spe
1574 1348 1894 1420 transeundi
1931 1362 2266 1428 domumque

678 1462 1054 1533 perveniendi.
1110 1461 1327 1515 Atenim
1379 1459 1606 1514 minime
1651 1457 1703 1512 id
1745 1457 1854 1510 illis
1901 1455 2175 1516 succedet,
2218 1451 2264 1506 si

678 1555 898 1624 quidem
939 1569 1005 1609 eo
1043 1568 1204 1624 quem
1230 1552 1592 1622 exposuimus
1613 1549 1775 1605 modo
1796 1547 2049 1618 praelium
2073 1545 2264 1599 adver-

679 1663 775 1702 sus
803 1647 928 1702 illos
978 1646 1421 1708 administratur,
1456 1643 1549 1698 sed
1579 1643 1840 1712 praeclare
1869 1639 2265 1710 expugnabun-

679 1750 788 1803 tur,
819 1753 923 1808 ope
978 1738 1093 1791 veri
1129 1735 1225 1791 Dei
1282 1735 1457 1790 nostri
1490 1753 1502 1788 :
1540 1734 1630 1788 cui
1678 1732 1954 1803 gloriare:
1999 1726 2261 1800 potentia,

679 1843 806 1881 cum
859 1826 999 1880 Filio
1040 1834 1094 1880 et
1143 1823 1353 1895 Spiritu
1409 1832 1624 1888 sancto,
1653 1838 1820 1888 nunc,
1847 1831 1899 1876 et
1939 1833 2174 1890 semper,
2214 1827 2267 1872 et

2373 625 2654 696 ἱστάμενοι
2702 623 2825 678 κατ’
2871 621 3038 679 αὐτοῦ
3082 621 3331 676 ἐπελθεῖν
3377 620 3649 689 κάτωθεν,
3684 623 3828 676 σάκα
3873 622 3957 683 εἰς

2369 719 2643 789 ὲφόμαλον
2696 718 2862 772 τόπον
2906 717 3221 786 ἱσταμένου,
3279 717 3699 786 καρτερήσωσιν
3753 717 3835 778 εἰς
3863 713 3957 766 τὸν

2367 811 2542 880 λόχον.
2570 809 2678 862 Καὶ
2704 810 2825 862 ἐπεὶ
2853 809 2984 862 αὐτὸ
3005 807 3238 862 διελθεῖν
3265 807 3663 874 κατεπείγεται
3705 807 3801 859 καὶ
3825 806 3955 869 τοὺς

2371 904 2536 967 ἰδίους
2587 903 2915 956 καταλαϐεῖν
2958 901 3039 974 (οὐ
3071 902 3181 972 γάρ
3239 901 3354 954 ὲστι
3400 901 3511 954 τῶν
3563 901 3956 970 ἐνδεχομένων,

2368 998 2550 1050 ἐκεῖσε
2583 995 2676 1048 ἐπὶ
2719 995 2854 1047 πολὺ
2910 991 3212 1061 ἵστασθαι),
3243 992 3329 1061 [Ρ.
3375 991 3478 1045 167
3504 989 3524 1062 ]
3554 991 3720 1061 ἡνίκα
3759 993 3860 1060 τῆς
3878 991 3958 1051 εἱς

2369 1085 2673 1140 κατάϐασιν
2720 1083 2994 1154 φερούσης
3027 1080 3147 1134 ὀδοῦ
3193 1079 3549 1149 ἐπιλάϐηται,
3582 1079 3678 1130 καὶ
3736 1076 3958 1146 ἐξερχέ-

2372 1179 2588 1232 σθωσαν
2616 1179 2664 1230 οἱ
2697 1179 2755 1230 ὲν
2786 1175 2864 1246 τῷ
2912 1174 3085 1245 λόχῳ·
3137 1174 3230 1227 καὶ
3260 1173 3360 1242 τὴν
3423 1171 3541 1223 ὁδὸν
3592 1169 3960 1240 κατασχόντες

2368 1273 2462 1324 καὶ
2501 1273 2564 1324 ὲκ
2614 1269 2723 1322 τῶν
2779 1269 2986 1324 ἄνωθεν
3032 1266 3216 1319 αὐτῶν
3267 1263 3574 1333 γενόμενοι,
3613 1263 3731 1316 κατ’
3773 1260 3958 1315 αὐτῶν

2368 1360 2795 1431 ὁρμησάτωσαν.
2845 1359 2956 1412 Καὶ
2985 1358 3046 1411 οὑ
3103 1357 3426 1425 δυνήσονται
3478 1353 3802 1422 ἀντιστῆναι
3864 1352 3958 1403 καὶ

2369 1453 2707 1524 ἀμύνασθαι,
2739 1452 2872 1520 παρ’
2907 1450 3088 1504 αὐτῶν
3135 1447 3481 1518 βαλλόμενοι,
3530 1445 3624 1499 τοῦ
3659 1445 3828 1498 τόπου
3861 1444 3962 1496 αὖ·

2367 1549 2483 1609 τοῖς
2541 1544 3002 1614 ἐναντιουμένου·
3054 1543 3192 1595 ἀλλὰ
3249 1540 3549 1594 σπεύσουσι
3589 1538 3716 1600 τοὺς
3786 1537 3955 1596 ἰδίους

2369 1639 2724 1702 καταλαϐεῖν,
2762 1635 3163 1707 πολεμούμενοι
3190 1635 3249 1686 ὲν
3287 1636 3400 1696 τοῖς
3434 1631 3745 1700 στενὼμασι
3801 1628 3958 1697 παρὰ

2365 1732 2476 1785 τῶν
2541 1731 2789 1785 κάτωθεν
2846 1729 3006 1800 ἡμῶν
3055 1725 3363 1796 ἱσταμένων
3406 1722 3788 1793 παρατάξεων,
3866 1721 3956 1773 ἐπ’

2367 1824 2543 1876 ἐλπίδι
2571 1823 2820 1887 διελθεῖν,
2850 1822 2946 1875 καὶ
2969 1821 3068 1887 τὴν
3096 1820 3232 1872 ἰδίαν
3259 1815 3607 1870 καταλαϐεῖν.
3625 1813 3769 1865 Ἀλλ’
3799 1811 3961 1864 οὐδε·

684 1921 740 1973 in
765 1920 965 1975 saecula
991 1919 1338 1974 saeculorum.
1363 1917 1560 1972 Amen.
2298 1898 2321 1956 Ῑ

2375 1911 2493 1981 μῶς
2528 1911 2719 1964 τούτου
2785 1908 3138 1980 ἐπιτύχωσιν,
3181 1907 3346 1975 εἴπερ
3377 1906 3440 1975 δὴ
3488 1905 3564 1968 ὡς
3604 1901 3904 1971 ὲξεθέμεθα
3930 1903 3960 1954 ὁ

683 2014 805 2067 κατ’
835 2014 1016 2069 αὐτῶν
1049 2011 1482 2086 παρασκευασθῇ
1509 2010 1768 2082 πόλεμος,
1805 2007 2005 2080 μᾶλλον
2034 2003 2090 2058 δὲ
2113 2003 2254 2057 κατὰ
2295 2003 2500 2074 κράτος
2531 2004 2961 2074 ἡττηθήσονται,
3028 2001 3123 2053 ἐπὶ
3182 1999 3278 2052 τοῦ
3313 1995 3571 2066 ἀληθινοῦ
3599 1995 3736 2048 Θεοῦ
3764 1993 3952 2064 ἡμῶν·

680 2101 724 2174 ᾧ
752 2110 786 2179 ὴ
814 2106 937 2174 δόξα
958 2107 1052 2160 καὶ
1081 2116 1143 2159 το
1169 2106 1390 2176 κράτος,
1425 2107 1522 2158 σὺν
1554 2105 1649 2159 καὶ
1664 2103 1741 2175 τῷ
1763 2102 1904 2172 ἁγίῳ
1937 2099 2241 2171 Πνεύματι,
2282 2097 2399 2163 νῦν,
2437 2098 2534 2151 κιιιλ⁸
2559 2098 2668 2161 ἀεὶ,
2688 2097 2782 2150 καὶ
2807 2098 2887 2158 εἰς
2941 2093 3067 2156 τοὺς
3105 2092 3310 2152 αἰῶνας
3335 2090 3444 2142 τῶν
3481 2086 3715 2141 αἰώνων.
3754 2087 3954 2158 Ἀμήν.

943 2200 1096 2258 Finis
1117 2217 1240 2257 cum
1272 2201 1381 2255 Deo
1402 2200 1528 2255 libri
1567 2199 1635 2255 de
1657 2213 1716 2255 re
1743 2197 1988 2253 militari.

2683 2192 2849 2253 Τέλος
2879 2197 2978 2242 συν
3009 2186 3130 2255 Θεῷ
3166 2185 3263 2239 τοῦ
3306 2185 3591 2237 τακτικοῦ.

693 2382 3952 2418 Mm

1927 2537 2697 2679 EXCERPTA

947 2801 1054 2861 EX
1124 2793 1523 2858 HISTORIIS
1582 2789 1914 2853 ARABUM
1972 2790 2079 2851 DE
2138 2783 2818 2851 EXPEDITIONIBUS
2871 2778 3236 2843 SYRIACIS
3280 2773 3711 2840 NICEPHORI

1697 2953 1987 3018 PHOCJE
2029 2953 2132 3014 ET
2171 2949 2500 3012 JOANNIS
2544 2945 2958 3009 TZIMISCIS.

2068 3114 2182 3178 (Ed.
2219 3115 2383 3164 Bonn.
2419 3110 2582 3172 1828.)

2271 3297 2342 3310 —

1534 3428 1868 3484 Christianus
1900 3423 2185 3480 Lassenius
2219 3419 2364 3475 Phil.
2409 3419 2477 3474 D.
2519 3417 2799 3473 lectoribus
2837 3414 2897 3468 S.
2943 3413 3007 3468 P.
3047 3412 3111 3466 ο.

767 3529 996 3599 Rogavit
1029 3539 1114 3580 me
1141 3524 1224 3578 vir
1252 3521 1479 3579 illustris
1535 3516 1873 3573 Niebuhrius
1906 3523 1967 3568 ut
2028 3511 2096 3566 ad
2130 3525 2347 3573 novam,
2381 3523 2501 3578 quae
2533 3521 2659 3560 mox
2696 3502 2952 3574 prodibit,
2975 3499 3173 3555 Leonis
3212 3495 3437 3552 Diaconi
3472 3494 3768 3551 editionem
3805 3494 3967 3549 adoro

697 3586 936 3672 nandam
962 3631 1026 3670 ex
1047 3611 1298 3668 Arabicis
1327 3609 1504 3673 libris,
1538 3619 1771 3676 quorum
1797 3599 2260 3658 consulendorum
2291 3597 2342 3649 in
2377 3595 2479 3650 hac
2509 3593 2641 3648 urbe
2671 3592 2802 3646 mihi
2830 3589 3064 3644 facultas
3106 3586 3232 3640 data
3265 3593 3430 3646 esset,
3459 3597 3812 3651 excerperem
3849 3597 3968 3652 qua:

698 3705 766 3760 ad
795 3719 882 3759 res
940 3703 1007 3756 ab
1045 3697 1472 3770 imperatoribus
1503 3673 1808 3762 Nicephoro
1864 3689 2052 3742 Phoca
2104 3696 2156 3740 et
2189 3682 2397 3739 Joanne
2426 3683 2698 3738 Tzimisee
2729 3681 2784 3735 in
2811 3679 3034 3734 Oriente
3069 3685 3250 3746 gestas
3308 3674 3661 3729 illustrandas
3698 3673 3965 3727 facerent.

699 3795 874 3861 Quam
899 3762 1247 3847 occasionem
1281 3787 1349 3840 ad
1382 3789 1619 3840 istorum
1651 3791 1958 3850 temporum
1992 3774 2280 3829 historiam
2329 3770 2764 3842 perspiciendam
2823 3768 3030 3837 aliquid
3060 3783 3124 3821 ex
3157 3765 3520 3819 orientalibus
3553 3762 3806 3816 futilibus
3837 3777 3968 3815 con-

702 3849 908 3939 tinendi
936 3889 1158 3951 propter
1183 3877 1382 3933 summi
1407 3873 1512 3928 viri
1547 3870 1690 3942 apud
1723 3849 1808 3924 me
1835 3865 2216 3922 auctoritatem
2242 3873 2295 3917 et
2322 3861 2591 3930 insignem
2617 3874 2743 3925 erga
2768 3872 2854 3911 me
2882 3855 3313 3910 benevolentiam
3336 3852 3699 3905 libentissime
3732 3849 3967 3918 arripui.

706 3936 1001 4041 Diligenter
1034 3936 1197 4036 igitur
1225 3963 1318 4035 qui
1358 3961 1490 4016 mihi
1518 3936 1718 4031 priesto
1745 3964 1932 4013 essent
1963 3953 2205 4009 historiae
2243 3948 2530 4005 orientalis
2564 3947 2861 4015 scriptores
2901 3942 3130 4013 perlegi,
3166 3956 3232 3995 ex
3261 3940 3462 4009 quibus
3516 3953 3636 4007 qua!
3687 3936 3967 4006 excerpsi,

701 4063 805 4114 hoc
839 4058 1030 4113 ordine
1063 4053 1330 4124 disposui.

775 4111 961 4202 l’rimo
1016 4111 1393 4198 locoexhibui
1425 4143 1682 4204 excerpta
1711 4149 1776 4188 ex
1811 4129 2201 4200 Abulpharagii
2257 4127 2372 4183 sive
2425 4119 2736 4177 Barhebrzei
2777 4116 3054 4204 Chronico
3107 4113 3356 4204 Syriaco,
3397 4111 3969 4204 quod-quadraginta

703 4198 902 4289 abhinc
933 4198 1093 4286 annis
1127 4228 1327 4300 publici
1361 4226 1501 4295 juris
1530 4198 1784 4277 fecerunt
1823 4217 1884 4273 V.
1921 4198 1982 4272 νζ
2017 4218 2084 4272 D.
2117 4198 2179 4270 D.
2216 4217 2276 4271 P.
2307 4215 2345 4268 1.
2382 4213 2581 4275 Bruns,
2616 4208 2897 4279 professor
2932 4203 3410 4300 Helmsladiensis,
3453 4209 3507 4253 et
3547 4198 3610 4253 G.
3641 4199 3706 4252 ϐ.
3747 4198 3970 4261 Kirsch,

704 4331 891 4378 rector
919 4287 1196 4373 Hofensis.
1228 4287 1436 4368 Auctor
1473 4308 1736 4365 Chroniei
1758 4306 2005 4361 medicus
2037 4305 2141 4358 fuit
2163 4300 2549 4362 Melitenensis,
2575 4298 2836 4366 religione
2861 4293 3248 4355 Christianus;
3275 4289 3562 4344 historiam
3601 4287 3971 4342 universalem

704 4429 734 4466 a
774 4409 1054 4466 creatione
1083 4402 1272 4459 mundi
1305 4414 1476 4470 usque
1505 4398 1571 4452 ad
1604 4396 1767 4450 linem
1809 4393 1996 4450 smeuli
2026 4391 2227 4446 decimi
2263 4390 2409 4445 tertii
2438 4386 2752 4443 summatim
2777 4393 2831 4437 et
2856 4383 3092 4437 breviter
3123 4379 3380 4447 exposuit
3419 4377 3580 4438 libro,
3611 4376 3703 4444 qni
3745 4377 3975 4429 minime

704 4512 790 4556 est
827 4492 1288 4553 contemnendus,
1317 4490 1452 4545 dum
1489 4485 1830 4555 copiosiores
1859 4495 1914 4538 et
1939 4479 2312 4536 accuratiores
2341 4476 2636 4532 Orientalis
2687 4472 2930 4526 historiae
2961 4467 3368 4531 commentarii,
3403 4464 3640 4518 Arabica
3671 4465 3970 4515 maximam

706 4596 914 4658 partem
952 4579 1254 4650 conscripti
1281 4579 1490 4646 lingua,
1522 4551 1744 4630 scriniis
1773 4569 1970 4639 sepulti
2002 4578 2056 4622 et
2076 4567 2418 4623 curiosorum
2448 4564 2621 4618 oculis
2645 4561 2874 4616 detracti
2904 4559 3112 4627 jacent.
3150 4555 3210 4608 ln
3241 4554 3402 4614 libro,
3430 4553 3497 4605 de
3528 4567 3636 4620 quo
3668 4551 3725 4603 h.
3763 4551 3806 4604 l.
3838 4556 3976 4603 dic:-

708 4640 818 4741 id},
849 4640 1228 4742 componendo
1275 4640 1462 4736 lingua
1494 4678 1630 4718 usus
1660 4670 1746 4716 est
1778 4658 2216 4728 Abulpharagius
2247 4656 2324 4725 (in
2373 4653 2586 4708 caeteris
2626 4649 2737 4704 fere
2782 4648 3012 4701 Arabice
3057 4643 3320 4712 loquitur)
3351 4641 3598 4710 Syriaca,
3641 4640 3803 4707 cujus
3848 4656 3971 4692 cum

709 4777 937 4835 prorsus
977 4728 1098 4815 Isim
1142 4758 1388 4826 ignarus,
1421 4753 1489 4807 de
1537 4746 1991 4818 interpretatione
2044 4745 2253 4798 nullum
2301 4757 2470 4812 penes
2501 4755 2588 4794 me
2636 4745 2720 4792 est
2771 4735 3061 4805 judicium,
3117 4745 3433 4802 quanquam
3481 4737 3788 4796 comparet,
3837 4728 3974 4782 adeo

710 4817 998 4905 verborum
1033 4817 1252 4900 tenaces
1312 4841 1485 4895 fuisse
1520 4817 1870 4904 interpretes,
1923 4841 1982 4885 nt
2015 4844 2267 4886 sermone
2301 4845 2492 4898 parum
2536 4827 2733 4881 Latino
2794 4826 2878 4878 usi
2962 4823 3113 4885 sint;
3157 4830 3398 4873 attamen
3449 4817 3664 4870 difﬁcile
3706 4833 3840 4869 sane
3871 4833 3972 4875 est,

710 4937 927 5009 ingenio
975 4936 1282 5002 linguarum
1328 4927 1684 4982 Orientalium
1731 4920 2149 4976 accommodare
2173 4917 2422 4970 Latinam
2449 4954 2463 4976 ,
2496 4924 2549 4968 et
2583 4924 2960 4981 saepenumero
3005 4921 3196 4961 vereor
3252 4919 3322 4958 ne
3366 4904 3508 4957 idem
3558 4904 3702 4970 quod
3754 4920 3882 4956 mox
3923 4911 3973 4956 in

711 5027 834 5081 aliis
864 5019 1222 5090 castigabam,
1257 5016 1350 5070 alii
1385 5015 1440 5068 in
1474 5028 1562 5067 me
1591 5009 1910 5080 castigaturi
1945 5009 2076 5061 sint.

781 5077 1250 5179 Abiilpharagiuni
1290 5102 1575 5172 excipiunt
1605 5077 1862 5165 excerpta
1910 5109 1973 5147 ex
2012 5090 2314 5146 Annalibus
2362 5086 2662 5151 Abulfedze,
2691 5101 2720 5138 a
2752 5081 2984 5137 Reiskio
3015 5079 3204 5134 Latine
3234 5077 3458 5132 redditis
3498 5085 3552 5130 et
3581 5085 3704 5146 post
3739 5085 3972 5130 mortem

715 5165 1152 5255 \‘igdoctissim'i
1181 5202 1234 5247 et
1269 5165 1467 5261 lingu—:1:
1499 5189 1744 5242 Arabicae
1775 5183 2021 5254 apprime
2051 5180 2210 5249 periti
2262 5177 2493 5230 Arahice
2531 5186 2584 5229 et
2618 5173 2810 5226 Latine
2845 5172 3005 5225 editis
3057 5170 3124 5221 ab
3155 5166 3206 5221 J.
3252 5165 3316 5220 G.
3347 5165 3409 5220 C.
3441 5165 3624 5224 Adler.
3661 5165 3977 5234 professore

714 5251 1017 5343 llafnitmsi.
1056 5283 1231 5337 Notus
1282 5251 1378 5334 est:
1432 5285 1625 5332 auctor
1665 5251 1859 5343 neque
1892 5270 2140 5323 instituta
2199 5267 2264 5319 de
2316 5280 2381 5318 eu
2419 5262 2788 5332 disputatione
2839 5269 3054 5326 tempus
3109 5255 3372 5329 obsidebo
3427 5253 3667 5308 lectoris.
3712 5251 3791 5305 Ex
3834 5266 3977 5307 IlOllS

718 5375 1030 5432 lteiskianis
1062 5386 1155 5428 eas
1189 5379 1400 5426 tantum
1440 5364 1662 5427 retinui,
1722 5340 1845 5432 qua:
1903 5356 2068 5412 rebus
2114 5350 2473 5409 dilucidandis
2528 5349 2893 5409 inservirent,
2950 5343 3182 5408 exteris,
3228 5356 3348 5412 quae
3405 5340 3514 5396 huc
3552 5356 3661 5395 non
3711 5342 3978 5406 facerem,

712 5465 955 5522 omissis.

787 5555 864 5608 Ex
902 5547 1168 5604 Elmacini
1199 5543 1426 5598 historia
1459 5537 1784 5593 Saracenica
1815 5548 1936 5604 quze
1961 5543 2362 5598 excerpseram,
2396 5526 2622 5582 omnino
2674 5521 2856 5585 omisi,
2885 5535 3008 5575 cum
3063 5517 3470 5587 comparatione
3513 5515 3651 5569 facta
3695 5517 3978 5577 vidissem,

719 5643 789 5697 nil
822 5642 933 5694 fere
962 5637 1030 5690 ab
1069 5650 1133 5688 eo
1167 5631 1443 5685 memoriae
1476 5625 1749 5698 proditum
1779 5622 1967 5686 fuisse,
2001 5618 2146 5689 quod
2173 5633 2282 5672 non
2312 5615 2590 5686 copiosius
2620 5622 2674 5665 et
2697 5610 2894 5664 melius
2920 5608 3031 5677 jam
3089 5608 3347 5660 traditum
3377 5609 3448 5658 sit
3477 5604 3544 5655 ab
3571 5604 3981 5672 Abul,»!iaiayo

715 5741 768 5784 et
799 5727 1083 5783 Abnlfeda.

792 5815 994 5869 Ultimo
1032 5809 1265 5879 denique
1315 5807 1438 5858 loco
1492 5801 1684 5855 Latine
1730 5800 2118 5865 interpretatus
2166 5809 2284 5847 sum
2318 5799 2527 5862 partem
2564 5789 2756 5851 libelli,
2791 5796 2916 5838 ante
2950 5785 3048 5838 hos
3081 5793 3206 5835 octo
3229 5797 3403 5834 annos
3441 5779 3569 5833 editi
3600 5794 3628 5831 a
3660 5777 3726 5832 Υ.
3765 5780 3977 5832 ςιοτὶεε.

718 5907 782 5962 ti.
814 5903 900 5957 ιιι.
933 5869 1228 5967 Freitagie,
1262 5898 1406 5964 ιὶιιδε
1464 5892 1695 5946 Orientt.
1726 5890 1778 5942 in
1821 5889 1920 5941 hac
1952 5883 2239 5938 Academia
2275 5879 2416 5950 prul‘.
2458 5878 2610 5948 publ.
2651 5876 2855 5939 ordin.,
2885 5888 3046 5944 quem
3081 5872 3278 5942 lingua:
3311 5869 3552 5923 Arabicae
3587 5881 3980 5938 praeteptcregu
