4178 6522
649 436 784 501 1011

1601 437 1996 497 EXCERPTA
2035 434 2139 494 EX
2179 431 2576 493 HIS’I‘ORIIS
2617 431 2943 492 ΑΙὶΛΒυΜ

3786 433 3923 498 1012

640 562 786 602 anno
810 543 989 607 Jones
1034 549 1124 617 qui
1159 549 1320 602 etiam
1349 545 1842 617 Sehumuschchig.
1873 544 1981 599 dux
2008 541 2226 598 exerci-
2255 545 2301 604 Α
2334 553 2455 609 post
2491 541 2658 597 festos
2684 541 2800 597 dies
2844 541 3146 597 rediturus.
3179 541 3469 599 Tarsensis
3511 543 3752 601 Arabum
3787 550 3923 605 diu.

639 650 751 703 tus,
773 649 822 694 et
855 638 1211 709 Nicephorius,
1246 639 1604 702 domesticus,
1636 638 1790 693 missi
1817 637 1885 692 ab
1921 651 1986 692 eo
2011 634 2064 689 in
2086 636 2226 689 Ara-

641 733 770 784 bum
799 732 954 794 lines,
991 729 1267 800 progressi
1300 738 1426 785 sunt
1453 744 1625 800 usque
1666 729 1736 785 ad
1771 730 2019 790 Abiram,
2052 726 2220 792 unde,

641 823 842 880 occisis
878 822 979 878 100
1011 822 1300 888 militibus,
1330 831 1384 877 et
1414 823 1654 877 incensis
1679 821 1946 892 frugibus,
1975 833 2100 873 cum
2131 818 2229 872 tri-

641 917 792 986 ginta
823 914 1055 983 captivis
1088 914 1358 969 abierunt.
1389 910 1996 984 Siphoddaula,Halebi
2020 908 2228 978 Emira,

641 1021 767 1061 cum
815 1006 957 1061 ’5000
987 1019 1266 1076 egressus,
1289 1003 1653 1060 Carsehenam
1699 1020 1824 1060 cum
1869 1005 2228 1075 pervenisset,

641 1115 994 1171 permagnam
1019 1099 1253 1168 praedam
1282 1098 1408 1153 inde
1432 1097 1680 1153 abduxit.
1708 1097 1920 1165 Redux,
1945 1110 2232 1168 propterea

642 1191 790 1261 quod
809 1188 812 1190 ⁷
831 1190 1060 1246 Romani
1087 1205 1278 1245 omnes
1308 1199 1571 1261 angustos
1597 1191 2227 1261 exitusinterceperant,

644 1299 770 1337 cum
809 1282 912 1338 100
967 1292 1179 1337 tantum
1227 1297 1294 1336 ex
1347 1283 1521 1337 servis
1561 1283 1679 1340 suis
1715 1284 1905 1339 evasit.
1958 1281 2223 1352 Reliquos

645 1375 878 1431 Romani
933 1375 1130 1445 partim
1186 1373 1523 1439 occiderunt,
1588 1374 1785 1445 partim
1850 1373 2062 1428 vinctos
2109 1386 2234 1428 cum

645 1469 827 1537 praeda
862 1477 1180 1536 recuperata
1207 1470 1566 1532 reduxerunt,
1597 1467 1784 1521 multis
1807 1466 2033 1535 insuper
2053 1465 2232 1537 equis,

645 1559 816 1613 armis
850 1566 903 1614 et
932 1561 1195 1624 nummis,
1235 1561 1326 1630 qui
1379 1558 1783 1631 Siphoddaulze,
1827 1559 1919 1612 lilii
1969 1556 2236 1611 Hamdani

648 1651 888 1714 fuerant,
931 1652 1111 1721 potiti.
1172 1652 1586 1721 Nobilium,qui
1643 1666 1767 1705 cum
1818 1666 1883 1704 eo
1939 1649 2237 1714 (militave-

647 1745 815 1811 rant),
851 1741 1012 1818 simul
1067 1743 1231 1798 occisi
1287 1752 1436 1809 sunt,
1491 1741 1720 1807 Hamed,
1784 1742 1927 1797 filius
1987 1739 2236 1803 Namusi,

647 1834 890 1889 Mususia
932 1835 1081 1890 Chan
1113 1846 1168 1889 et
1189 1835 1323 1890 (Iadi
1352 1833 1738 1892 Abu-Hozain.

721 1926 878 1980 Anno
905 1927 1010 1980 550
1041 1928 1312 1993 Arabum,
1343 1944 1538 1998 magna
1577 1928 1812 1982 Arabum
1864 1938 2106 1995 caterva,
2136 1929 2243 1982 An-

652 2019 859 2074 tiochia
909 2019 1138 2075 Tarsum
1181 2019 1446 2090 profecta,
1489 2021 1541 2074 in
1585 2019 1957 2075 Romanorum
2013 2021 2243 2077 insidias

652 2101 865 2177 incidit,
919 2114 1011 2182 qui
1074 2129 1141 2168 ex
1200 2115 1267 2169 iis
1327 2114 1543 2183 aliquos
1613 2114 1957 2180 occiderunt,
2000 2115 2244 2184 reliquos

654 2221 906 2275 inagnam
992 2209 1206 2259 turbam
1277 2207 1492 2262 vinctos
1561 2207 1925 2262 abduxerunt.
1975 2203 2245 2276 Indignati

654 2310 782 2353 sunt
810 2299 1041 2366 Arabes,
1097 2299 1330 2369 ideoque
1385 2315 1578 2356 servus
1631 2299 2038 2369 Siphoddaulae,
2070 2299 2244 2368 Naga,

656 2392 960 2460 irruptionc
1009 2407 1040 2448 a
1076 2393 1244 2447 latere
1278 2391 1595 2462 Miphractaa
1647 2392 1700 2446 in
1756 2392 2128 2447 Romanorum
2161 2406 2245 2446 re-

656 2487 872 2554 gionem
922 2483 1085 2548 facta,
1120 2501 1374 2556 magnam
1435 2490 1674 2557 praedam
1712 2502 1835 2542 cum
1878 2485 2021 2540 2000
2073 2484 2247 2540 homi-

658 2593 810 2636 num,
847 2586 899 2631 et
928 2577 982 2630 in
1017 2577 1100 2631 his
1126 2577 1195 2631 50
1223 2577 1436 2632 catenis
1464 2577 1678 2633 vinctos
1714 2578 1960 2632 abduxit.

726 2671 882 2722 Anno
910 2669 1225 2725 Graecorum
1269 2671 1429 2734 1274,
1459 2670 1697 2725 Arabum
1731 2670 1856 2733 451,
1892 2669 2240 2740 Nicephorus

658 2761 1161 2826 dmnesticus,cum
1213 2762 1448 2827 100,000
1477 2763 1723 2832 equitum
1762 2762 1815 2817 in
1839 2762 2088 2816 Ciliciam
2126 2777 2249 2831 pro-

660 2852 855 2914 t'cetus,
888 2851 1226 2906 Anazarbam
1275 2852 1490 2910 obsedit
1535 2853 1795 2923 gravique
1838 2853 1980 2909 bello
2011 2855 2248 2917 vexavit,

659 2943 834 2998 donec
873 2945 965 3014 qui
1012 2945 1156 3001 intus
1195 2957 1351 3001 erant
1416 2947 1643 3009 Arabes,
1674 2948 1741 3001 de
1795 2947 2005 3001 auxilio
2057 2947 2252 3017 despe-

662 3045 866 3097 rantes,
923 3036 1088 3104 pacti,
1141 3045 1200 3091 ut
1245 3037 1289 3093 si
1347 3053 1526 3092 arcem
1589 3038 1889 3099 traderent,
1946 3037 2250 3094 incolumes

663 3141 788 3181 cum
822 3124 1172 3184 facultatibus
1197 3129 1429 3194 exirent,
1463 3128 1568 3184 ﬁde
1592 3143 1621 3182 a
1655 3129 1963 3197 Nicephoro
2003 3136 2248 3198 accepta,

2333 634 2537 688 coactis
2571 634 2735 696 4000,
2764 634 2988 689 adortus
3031 633 3307 691 Romanos
3349 639 3527 693 victus
3574 646 3628 692 et
3667 655 3774 694 n0n
3808 641 3926 709 ipse

2332 732 2568 787 tantum,
2602 724 2696 780 sed
2737 739 2925 778 omnes
2953 724 3115 779 etiam
3158 723 3367 782 Arabes
3403 737 3456 783 et
3491 728 3658 784 frater
3699 747 3925 802 quoque

2335 816 2626 872 Tarsensis
2675 817 2853 880 ducis,
2882 815 3251 886 Bar-Rababi,
3274 820 3441 875 occisi
3484 832 3630 876 sunt.
3659 823 3920 890 Romani,

2335 909 2533 964 iterum
2593 909 2840 965 Ciliciam
2873 911 3127 980 ingressi,
3159 926 3546 985 expugnarunt
3594 932 3774 972 arcem
3828 917 3923 972 Ziz

2333 1009 2389 1055 et
2416 1002 2668 1070 prtesidio
2714 1016 2822 1056 non
2851 1003 2897 1057 ei
2929 1013 3162 1067 tantum,
3190 1006 3282 1060 sed
3319 1006 3544 1077 reliquis
3588 1009 3749 1062 etiam
3779 1011 3925 1063 arci-

2337 1092 2441 1147 bus
2483 1093 2758 1162 imposito,
2795 1095 3022 1164 profecti
3053 1106 3184 1152 sunt
3233 1095 3528 1154 llalebum.
3563 1099 3834 1168 Opposuit
3867 1118 3927 1155 se

2340 1183 2706 1255 Siphoddaula
2757 1185 3047 1252 Romanis,
3078 1189 3168 1243 sed
3223 1190 3403 1245 victus
3449 1202 3554 1247 est.
3595 1192 3928 1246 Ceciderunt

2337 1277 2502 1331 etiam
2553 1291 2742 1333 omnes
2797 1275 3065 1333 l‘lamdani
3113 1280 3211 1334 filii
3261 1290 3315 1336 et
3377 1282 3494 1352 ipse
3551 1283 3927 1353 Siphoddaula

2339 1382 2465 1424 cum
2525 1370 2713 1440 paucis
2772 1378 2983 1426 tantum
3041 1373 3242 1428 caedem
3276 1374 3482 1446 eﬂ‘ugit.
3525 1375 3753 1444 Sube‘git
3813 1375 3925 1428 Do-

2342 1462 2604 1518 mesticus
2632 1461 2811 1517 aulam
2843 1463 2984 1531 ejus,
3023 1478 3145 1533 qua:
3175 1472 3328 1519 extra
3363 1467 3517 1522 urbis
3546 1482 3764 1520 murum
3821 1467 3927 1521 sita

2341 1562 2480 1619 erat,
2507 1555 2576 1608 ab
2601 1569 2773 1625 eaque
2803 1569 2909 1608 non
2949 1565 3160 1612 tantum
3195 1557 3298 1614 590
3321 1560 3798 1628 argenti:talen:a,
3833 1562 3927 1612 sed

2341 1647 2504 1700 etiam
2539 1647 2682 1700 2400
2719 1648 2895 1704 mulos
2929 1658 2983 1704 ct
3013 1665 3291 1704 armorum
3330 1650 3601 1704 infinitum
3636 1667 3925 1704 numerum

2343 1741 2698 1809 exegit.Aula
2755 1740 3213 1807 incensa,nrbem
3263 1742 3434 1810 ipsam
3485 1743 3834 1812 oppugnavit,
3874 1741 3927 1794 in

2280 1879 2312 1901 ._
2343 1833 2503 1901 cujus
2534 1847 2690 1886 muro
2723 1841 3172 1901 cumaperturam
3210 1832 3445 1898 fecisset,
3477 1833 3709 1886 Romani
3745 1842 3927 1885 tra-zs-

2349 1925 2522 1996 gressi
2565 1925 2697 1979 cendi
2749 1940 2854 1978 non
2888 1926 3040 1995 prius
3076 1926 3235 1979 linem
3278 1924 3543 1990 fecerunt,
3581 1940 3746 1994 quam
3777 1922 3933 1978 defa-

2349 2017 2501 2089 tigati
2525 2027 2702 2074 crant.
2735 2018 3068 2074 Invenerunt
3115 2021 3170 2072 in
3206 2034 3268 2072 ea
3306 2018 3446 2072 1200
3479 2019 3756 2072 Romanos
3798 2019 3933 2070 vin-

2348 2120 2488 2176 ctos,
2520 2125 2660 2180 quos
2700 2111 2753 2164 in
2806 2111 3113 2166 libertatem
3165 2111 3541 2166 restituerunt.
3590 2110 3720 2165 Plus
3766 2126 3931 2180 quam

2351 2203 2548 2268 l0,000
2579 2220 2876 2274 puerorum
2909 2213 2961 2258 et
2987 2205 3291 2272 puellarum
3342 2205 3684 2260 abduxerunt
3715 2215 3769 2258 et
3800 2223 3936 2275 pri!)-

2348 2296 2432 2351 daz
2463 2305 2698 2362 tantum,
2725 2307 2934 2366 quanto
2972 2295 3198 2350 ferendo
3257 2312 3416 2367 pares
3463 2304 3639 2359 erant,
3687 2309 3936 2364 asporta-

2351 2397 2498 2442 runt.
2533 2389 2690 2455 Quod
2749 2390 3022 2459 reliquum
3061 2403 3200 2456 erat,
3228 2393 3672 2447 combusserunt.
3705 2392 3934 2444 Iurene-

2351 2475 2645 2531 runtlacus
2675 2475 2795 2532 oleo
2822 2478 3087 2532 olivarum
3113 2480 3325 2547 plenos,
3355 2495 3494 2549 quos
3517 2496 3656 2548 aqua
3678 2481 3938 2549 impleva

2350 2578 2499 2633 runt,
2556 2579 2617 2624 ut
2667 2571 2848 2625 oleum
2890 2587 3054 2626 omne
3117 2583 3502 2644 supernataret
3553 2583 3606 2627 ct
3651 2573 3850 2627 deinde
3883 2573 3934 2626 in

2355 2670 2554 2716 terram
2586 2661 2819 2717 eﬂ'usum
2843 2675 3312 2734 corrumperetur.
3336 2665 3563 2736 Templa
3597 2673 3934 2729 everterunt,

2351 2753 2550 2821 quibus
2581 2755 2929 2811 destruendis
2955 2757 3193 2812 Romani
3235 2773 3432 2812 novem
3470 2759 3587 2813 dies
3610 2757 3939 2826 absumpse-

2357 2854 2502 2898 runt.
2535 2843 2671 2898 Cum
2697 2845 2749 2898 in
2781 2859 2845 2899 eo
2890 2856 3096 2910 essent,
3130 2859 3188 2902 ut
3215 2848 3448 2910 abirent,
3481 2847 3695 2902 obstitit
3726 2848 3939 2904 sororis

2354 2935 2502 2989 tilius
2529 2935 2676 3004 regis
2699 2937 2955 3002 Romani,
2993 2937 3356 3008 Nicephorum
3392 2940 3444 2993 in
3464 2940 3662 2993 bellum
3689 2951 3936 3001 secutus,

2362 3041 2380 3073 ι
2417 3022 2532 3077 Νοη
2560 3022 2913 3089 discedimus,
2956 3043 2972 3075 ι
3008 3026 3281 3096 inquiens,
3313 3044 3331 3078 ‹
3371 3028 3542 3081 donec
3593 3042 3777 3080 arcem
3806 3041 3938 3095 ape-

2358 3118 2653 3172 ruerimus.
2684 3135 2702 3168 ι
2737 3117 3094 3187 Nicephorus,
3125 3119 3217 3188 qui
3253 3119 3531 3174 adversari
3566 3135 3675 3172 non
3711 3131 3937 3186 posset:

664 3219 905 3272 maxime
955 3218 1100 3287 quod
1165 3219 1437 3284 viderent,
1495 3219 1684 3275 hostes
1742 3235 1772 3274 a
1822 3219 2026 3274 montis
2081 3219 2251 3274 latere
2281 3236 2326 3298 ρ
2363 3226 2380 3258 ι
2419 3207 2498 3262 Et!
2537 3227 2556 3260 δ
2591 3209 2849 3272 aiebat."
2885 3225 2980 3263 at!
3011 3219 3134 3264 ante
3164 3220 3215 3265 le
3271 3220 3386 3277 €51;
3414 3211 3526 3273 3M.
3560 3222 3620 3265 ιιι
3670 3214 3881 3281 οδΡίτίεο
3918 3230 3935 3263 ι

667 3324 885 3362 mumm
916 3309 1068 3364 brevi
1117 3321 1498 3380 perrupturos,
1530 3320 1719 3381 portas
1775 3322 2130 3381 aperuerunt.
2165 3311 2250 3365 Ni-

665 3405 984 3472 erphorum,
1017 3419 1140 3459 cum
1195 3405 1477 3474 ingressus
1519 3405 1766 3472 vidisset,
1789 3421 1985 3474 parum
2007 3404 2251 3460 abfuisse

665 3495 798 3564 quin
855 3495 1017 3566 gladii
1065 3511 1170 3568 ope
1237 3497 1357 3551 sine
1407 3496 1656 3552 molestia
1710 3497 1946 3567 aperiret
1989 3495 2249 3567 (urbem),

669 3589 926 3655 paenituit
954 3587 1309 3659 promissum.
1340 3587 1528 3659 Itaque
1550 3589 1742 3653 edixit,
1775 3598 1834 3644 ut
1863 3589 1917 3643 in
1948 3590 2251 3644 oratorium

671 3684 932 3755 templum
967 3685 1148 3740 omnis
1169 3684 1409 3756 populus
1438 3695 1867 3756 eongregaretur
1899 3696 1953 3741 et
2006 3688 2243 3759 quicun-

672 3792 777 3845 que
842 3792 946 3831 non
1000 3777 1268 3842 introiret,
1316 3778 1584 3846 sanguine
1626 3793 1816 3848 pmnas
1879 3777 2074 3835 lueret.
2102 3776 2256 3834 luse-

673 3869 860 3938 quenti
896 3869 983 3923 die
1011 3869 1216 3938 pedites
1239 3885 1398 3924 mane
1421 3869 1473 3923 in
1498 3869 1687 3924 urbem
1712 3869 2032 3937 intromissi,
2060 3888 2256 3942 quem-

671 3977 888 4033 cunque
917 3961 1263 4026 invenerunt,
1290 3963 1458 4029 viros,
1493 3962 1750 4017 mulieres
1777 3972 1831 4018 et
1881 3978 2103 4033 pueros,
2140 3975 2255 4019 tru-

673 4054 949 4107 cidarunt.
983 4051 1121 4106 Tum
1178 4053 1513 4122 comportari
1564 4069 1717 4107 arma
1769 4053 1821 4107 in
1864 4054 1999 4108 urbe
2055 4067 2252 4125 erepta.

675 4147 902 4200 Inventa
933 4154 1063 4199 sunt
1115 4144 1316 4203 40,000
1364 4143 1658 4198 loricarum
1706 4153 1905 4213 praeter
1967 4146 2174 4216 gladios
2204 4155 2258 4198 et

675 4251 909 4293 arcuum
957 4252 1217 4304 magnum
1265 4251 1578 4290 numerum.
1622 4237 1935 4290 Palmarum
1997 4237 2254 4291 arborum

675 4331 876 4395 40,000
920 4329 1132 4385 succisa
1193 4337 1340 4384 sunt.
1366 4328 1528 4383 Exire
1593 4326 1788 4382 deinde
1833 4344 2046 4392 omnes,
2077 4331 2170 4398 qui
2202 4330 2256 4384 in

681 4425 880 4494 templo
930 4431 1108 4487 erant,
1134 4421 1319 4491 jussit,
1373 4431 1427 4476 et
1486 4436 1750 4491 quorsum
1807 4421 2024 4485 vellent,
2082 4422 2255 4489 abire,

680 4526 911 4572 mortem
935 4518 1174 4571 minatus
1195 4513 1470 4578 omnibus,
1501 4514 1591 4584 qui
1643 4515 1710 4568 ad
1760 4529 2041 4584 vesperam
2081 4530 2261 4569 rema-

2359 3300 2458 3355 llic
2475 3300 2617 3370 regis
2635 3301 2841 3355 sororis
2860 3302 3000 3356 filius
3020 3302 3105 3354 vix
3127 3304 3268 3356 arcis
3283 3313 3452 3371 porta:
3472 3305 3945 3371 appropinquare-

2359 3401 2464 3454 rat,
2481 3407 2603 3446 cum
2629 3392 2756 3461 quia
2776 3392 2914 3461 lapis
2931 3409 2992 3446 ex
3018 3405 3271 3462 apertura
3296 3408 3460 3463 super
3477 3395 3619 3448 arcis
3639 3407 3797 3462 porta
3816 3411 3944 3448 con-

2360 3486 2944 3554 traillum,projectus
2983 3487 3125 3556 apud
3153 3502 3278 3540 eum
3324 3487 3820 3542 deciderataversa
3864 3488 3944 3542 fu-

2358 3579 2441 3636 cie
2457 3578 2612 3649 fugit.
2633 3577 2770 3632 Tum
2785 3587 2971 3648 aperta
2986 3590 3140 3649 porta
3159 3577 3442 3634 Dailamita
3457 3580 3705 3650 quidam,
3721 3583 3944 3635 nomine

2359 3670 2592 3735 Bascha,
2637 3669 2934 3741 fugientem
2976 3681 3220 3736 secutus,
3247 3672 3460 3727 hastam
3502 3672 3641 3727 inter
3683 3673 3944 3727 humeros

2359 3764 2477 3832 ejus
2516 3763 2588 3817 ita
2620 3763 2821 3832 adegit,
2854 3771 2914 3816 ut
2943 3777 3039 3832 per
3078 3771 3268 3832 pectus
3306 3763 3501 3827 exiret,
3530 3773 3586 3817 et
3639 3762 3746 3816 hoc
3784 3763 3945 3816 modo

2362 3854 2658 3909 interemit.
2712 3853 2933 3909 Reversi
2959 3854 3080 3924 ejus
3131 3855 3270 3909 socii
3302 3855 3536 3910 cadaver
3569 3855 3635 3908 ad
3669 3853 3946 3923 Nicepho-

2362 3961 2485 4000 rum
2546 3945 2869 4007 retulerunt,
2939 3947 3032 4016 qui
3092 3958 3322 4001 mortem
3388 3945 3484 3999 ﬁlii
3540 3947 3747 4001 sororis
3802 3946 3942 4015 regis

2363 4039 2580 4094 uiturus
2614 4039 2752 4093 1200
2775 4038 3067 4104 Arabibus,
3100 4040 3191 4109 qui
3230 4039 3393 4093 vineti
3419 4038 3560 4108 apud
3589 4053 3716 4093 eum
3755 4049 3945 4093 custo-

2363 4134 2678 4200 diebantur,
2721 4135 2897 4204 capita
2945 4134 3192 4189 abscindi
3246 4131 3446 4201 jussit;
3506 4143 3617 4199 quo
3687 4129 3836 4182 facto
3890 4129 3941 4182 in

2366 4240 2567 4284 terram
2593 4231 2964 4284 Romanorum
3014 4227 3192 4282 rediit.
3219 4225 3274 4280 in
3305 4225 3442 4280 vicis
3481 4222 3669 4277 Halebi
3715 4227 3944 4276 omnino

2367 4323 2496 4378 nihil
2553 4324 2953 4390 corrupit,imo
2986 4329 3228 4390 agrestes
3283 4319 3355 4372 ita
3390 4315 3729 4372 commonuit
3764 4334 3778 4368 :
3821 4336 3838 4367 ε
3871 4314 3946 4367 Ne

2366 4425 2579 4474 cessate
2597 4416 2664 4470 ab
2685 4413 3110 4484 agricolatione;
3137 4427 3263 4465 nam
3294 4421 3478 4464 nostra
3504 4419 3586 4463 est
3615 4409 3727 4462 hazc
3754 4415 3902 4461 terra
3928 4422 3942 4471 ;

2366 4510 2519 4566 brevi
2569 4509 2636 4563 ad
2677 4522 2775 4562 vos
2822 4504 3144 4560 redibimus.
3179 4522 3197 4554 ι
3236 4541 3248 4554 .
3284 4503 3397 4556 11οο
3445 4512 3690 4570 tempore
3745 4501 3946 4553 iterum

681 4619 894 4664 nerent.
928 4608 1204 4662 Exeuntes
1231 4607 1366 4661 adeo
1395 4621 1453 4660 se
1501 4615 1974 4675 compresserunt,
2003 4615 2064 4660 ut
2103 4608 2257 4662 multi
2287 4597 2342 4658 D
2371 4603 2515 4657 mille
2534 4599 2739 4670 pedites
2771 4595 3017 4659 Armeni,
3045 4595 3099 4648 in
3151 4609 3340 4663 agrum
3372 4593 3707 4647 Edessenum
3745 4593 3948 4645 irrum-

681 4719 894 4764 corum,
918 4701 1050 4766 viri,
1075 4699 1330 4753 mulieres
1347 4707 1399 4753 et
1430 4698 1584 4752 liberi
1604 4713 1664 4751 ca
1685 4698 2092 4767 compressione
2118 4700 2261 4768 peri-

686 4802 824 4848 rent.
862 4792 1012 4846 Multi
1036 4793 1090 4846 in
1118 4793 1202 4846 via
1231 4790 1429 4845 mortui
1450 4798 1596 4845 sunt.
1629 4787 1734 4855 Qui
1763 4797 1942 4843 autem
1974 4803 2260 4844 remanse-

685 4891 832 4946 runt,
863 4897 1127 4950 quorsum
1167 4879 1474 4939 tenderent,
1518 4877 1864 4947 ignorabant.
1919 4874 2266 4944 Nicephorus

686 4975 948 5043 templum
977 4971 1168 5026 evertit
1193 4980 1246 5026 ct
1268 4970 1403 5025 duos
1443 4969 1592 5024 urbis
1634 4982 1822 5021 muros
1849 4982 1949 5020 nec
1982 4982 2087 5019 non
2114 4965 2268 5018 aulas

689 5065 980 5120 destruxit.
1014 5063 1238 5117 Duobus
1265 5070 1319 5116 et
1341 5061 1530 5130 viginti
1567 5059 1778 5124 diebus,
1807 5059 2007 5127 quibus
2039 5059 2092 5111 in
2137 5056 2269 5110 Cili-

693 5162 776 5215 cia
821 5168 1193 5213 commoratus
1233 5154 1737 5222 erat,l\'icephorus
1803 5151 1872 5206 55
1915 5166 2072 5206 arces
2100 5150 2267 5221 cepit,

693 5253 890 5323 partim
934 5251 1007 5313 vi,
1038 5250 1235 5319 partim
1262 5247 1558 5302 deditione.
1590 5247 1722 5300 Cum
1757 5259 1826 5299 ex
1851 5258 1976 5298 arce
2007 5243 2267 5313 quadam,

696 5357 858 5412 quam
891 5339 1095 5395 domini
1128 5339 1246 5408 ejus
1267 5337 1370 5391 fide
1389 5344 1607 5406 accepta
1637 5333 1993 5398 tradiderant,
2017 5333 2272 5387 mulieres

698 5435 904 5488 Arabes
952 5431 1362 5504 egrederentur,
1411 5438 1466 5484 et
1521 5429 1574 5482 in
1621 5428 1720 5482 has
1773 5427 1994 5481 Armeni
2049 5424 2269 5494 quidam

698 5527 991 5590 irruerent,
1058 5523 1238 5578 mariti
1317 5536 1506 5576 earum
1581 5520 1699 5574 zelo
1757 5519 2014 5582 correpti,
2061 5516 2274 5588 gladios

701 5618 1061 5672 strinxerunt.
1126 5613 1467 5682 Nicephorus
1538 5610 1832 5672 Arabibus,
1893 5609 1986 5677 qui
2065 5608 2275 5677 gladios

702 5710 1056 5772 strinxerant,
1087 5706 1283 5767 iratus,
1313 5703 1418 5757 400
1449 5703 1596 5756 viros
1648 5709 1703 5755 ct
1756 5699 2011 5753 mulieres
2073 5697 2274 5751 multas

704 5801 923 5854 occidit.
962 5798 1098 5864 Quia
1141 5795 1410 5866 jejunium
1457 5791 1927 5864 quadragesimale
1991 5790 2276 5859 appropin-

707 5903 987 5964 qnaveral,
1043 5890 1378 5961 Nicrpborus
1423 5903 1546 5943 cum
1600 5885 1712 5940 suis
1760 5883 2064 5940 Caesaream
2117 5881 2271 5945 abiit,

2368 4706 2578 4768 pentes,
2611 4690 2746 4745 1000
2768 4705 2915 4753 oves,
2950 4688 3053 4742 500
3095 4697 3280 4740 tauros
3329 4696 3382 4739 et
3437 4686 3503 4738 10
3550 4685 3694 4738 viros
3739 4684 3947 4736 Arabes

2369 4788 2732 4842 abduxerunt.
2766 4780 2927 4834 Hisce
2962 4779 3299 4848 temporibus
3364 4793 3486 4831 cum
3538 4776 3771 4830 Romani
3813 4778 3948 4828 Ara-

2369 4879 2532 4933 bibus
2589 4876 2940 4943 prazvalcrent
3003 4880 3055 4926 et
3087 4870 3391 4940 diripiendo
3431 4869 3612 4922 omnia
3646 4881 3820 4935 usque
3880 4866 3946 4919 ad

2371 4968 2686 5024 Armeniam
2765 4965 3027 5032 majorem
3118 4961 3513 5030 pervenissent,
3573 4959 3945 5011 Armenorum

2372 5061 2469 5124 illi,
2508 5058 2599 5129 qui
2658 5065 2825 5116 metu,
2857 5069 2924 5107 ne
2990 5053 3058 5106 ab
3113 5051 3404 5112 Arabibus,
3454 5058 3744 5119 propterea
3804 5048 3948 5114 quod

2373 5149 2673 5208 Christiani
2701 5155 2905 5211 essent,
2943 5153 3290 5204 vexarentur,
3323 5141 3670 5210 aufugerant,
3707 5140 3762 5193 in
3812 5139 3950 5194 lines

2373 5218 2748 5299 Romanorum
2815 5253 2874 5292 se
2945 5237 3309 5291 contulerunt.
3378 5231 3607 5286 Romani
3686 5231 3953 5286 dederunt

2376 5336 2482 5390 illis
2511 5330 2815 5386 Sebastiani
2841 5327 2892 5380 in
2923 5323 3291 5394 Cappadocia,
3317 5321 3486 5381 unde,
3529 5334 3650 5373 cum
3686 5334 3953 5372 numerus

2375 5438 2567 5480 eorum
2629 5419 2782 5473 valde
2815 5427 3007 5471 auctus
3057 5423 3222 5479 esset,
3259 5413 3549 5473 miserunt,
3579 5406 3672 5478 qui
3729 5409 3952 5462 arcibus

2375 5519 2446 5573 ab
2477 5513 2746 5570 Arabibus
2802 5510 2975 5578 captis
3034 5506 3286 5576 praesidio
3347 5513 3548 5559 essent.
3583 5503 3640 5556 ln
3695 5503 3955 5558 omnibus

2376 5604 2814 5677 expeditionibus
2848 5601 2899 5654 hi
2924 5614 3139 5670 quoque
3165 5598 3386 5652 Armeni
3419 5597 3626 5664 pedites
3674 5610 3800 5649 cum
3840 5595 3957 5650 Ro-

2379 5694 2560 5748 manis
2607 5694 2881 5752 exicrunt,
2930 5703 3191 5759 prospere
3231 5689 3554 5758 plerumque
3611 5686 3951 5755 praeliantes.

2379 5786 2742 5854 Nicephorum
2797 5782 3161 5838 domesticum
3195 5797 3318 5836 cum
3365 5779 3738 5834 Romanorum
3782 5780 3955 5847 copiis

2382 5881 2449 5936 ab
2490 5878 2693 5936 llalebo
2719 5890 3024 5942 reversum,
3051 5889 3174 5929 cum
3205 5871 3554 5928 Simandoam
3591 5872 3953 5941 pervenisset,
