4178 6522
229 483 364 548 1N3

968 483 1064 542 DE
1102 481 1538 542 NICEPIIORO
1579 477 1822 540 PlIOCA
1860 479 1952 538 ET
1990 477 2282 540 JOANNE
2317 474 2694 537 TZIMISCE-

3347 469 3491 536 1014

230 593 421 649 nuntio
450 591 517 647 de
548 597 724 644 morte
757 589 898 658 regis
932 589 1116 649 allato,
1149 604 1338 643 omnes
1371 588 1470 640 viri
1522 586 1795 656 principes
1831 592 1873 646 A
1908 587 2100 656 priscis
2133 586 2251 655 ejus
2281 584 2513 645 civibus,
2537 579 2735 636 reversi
2759 587 2904 642 sunt,
2925 578 3490 649 quorumaliquibap.

229 701 352 740 cum
417 685 930 756 Schumuschcliigo
1001 689 1246 742 unanimi
1309 703 1580 743 consensu
1653 702 1800 739 anno

227 779 539 833 Graacorum
573 777 711 832 1275
757 780 1249 848 pronuntiaverunt
1290 795 1468 850 regem
1497 789 1549 833 et
1585 792 1801 832 servum

229 869 347 938 ejus
373 869 936 942 Seliumuschchigum
967 873 1341 927 domesticum.
1370 870 1480 926 Hoc
1509 871 1572 924 ad
1607 869 1802 923 bellum

231 979 355 1018 cum
405 964 677 1018 Arabibus
722 967 1015 1034 gerendum
1045 966 1292 1028 dimisso,
1338 965 1452 1018 iese
1500 961 1809 1018 Constanti-

233 1055 474 1123 nopolim
509 1055 787 1122 ingressus
824 1055 876 1109 in
906 1072 1071 1125 regno
1099 1054 1453 1110 confirmatus
1487 1062 1588 1108 est.
1633 1049 1811 1105 Schu-

236 1147 558 1216 ntnschcltig
627 1146 1014 1218 Mopsuestiam
1084 1163 1180 1217 per
1229 1149 1260 1200 7
1328 1148 1444 1200 dies
1498 1145 1712 1200 obsedit
1758 1152 1812 1198 et

235 1237 485 1306 quamvis
518 1239 639 1306 plus
672 1254 836 1307 quam
867 1239 1146 1309 sexaginta
1182 1239 1319 1294 locis
1361 1254 1582 1293 murum
1627 1237 1810 1307 perfo-

235 1329 660 1400 tlisset,iugredi
716 1341 898 1384 tamen
959 1346 1066 1384 non
1112 1331 1309 1401 potuit.
1367 1331 1554 1398 Itaque
1623 1342 1813 1397 agrum

235 1422 356 1490 ejus
395 1431 628 1488 etagros
661 1422 860 1475 Adamn
895 1430 948 1476 et
995 1420 1151 1476 Tarsi
1183 1421 1443 1475 incendit.
1480 1421 1816 1489 Mopsueste-

236 1515 323 1566 nis
378 1513 516 1568 5000
564 1513 804 1566 virorum
870 1512 1044 1568 Tarso
1106 1513 1310 1567 auxilio
1383 1520 1672 1574 venerunt,
1721 1511 1815 1564 sed

237 1604 476 1660 Romani
528 1606 744 1659 obviam
803 1605 931 1660 facti
961 1621 1059 1661 eos
1103 1621 1294 1660 omnes
1319 1602 1677 1669 occiderunt;
1707 1617 1816 1671 quo

238 1696 405 1761 facto,
438 1698 625 1752 relicta
675 1699 831 1761 urbe,
861 1698 1250 1752 discesserunt.
1278 1697 1336 1751 In
1387 1695 1579 1751 Cilicia
1623 1710 1817 1765 magna

238 1787 411 1844 fames
429 1797 546 1842 orta
563 1795 665 1852 est,
682 1803 844 1856 quam
870 1791 940 1843 ob
956 1804 1066 1842 rem
1097 1789 1348 1858 permulti
1374 1787 1581 1842 Arabes
1601 1786 1824 1841 Damas-

240 1893 366 1932 cum
406 1877 788 1948 confugerunt.
822 1878 997 1933 Etiam
1027 1879 1237 1945 "ulebi,
1280 1879 1512 1934 Haranre
1529 1888 1584 1934 et
1609 1878 1825 1932 Edessze

1908 679 2053 732 tizati
2073 687 2124 731 et
2143 677 2436 732 ChriSIiani
2464 675 2588 728 facti
2619 684 2767 738 sunt,
2797 672 2988 742 aliqui,
3022 687 3258 741 quorum
3303 679 3483 724 tamen

1908 772 2062 826 liberi
2094 786 2282 826 omnes
2299 768 2733 839 baptizabantur.
2768 767 2821 820 in
2860 753 2963 818 fide
2986 779 3081 818 sua
3113 765 3491 835 perstiterunt.

1978 864 2136 918 Anno
2168 871 2293 932 post
2338 878 2433 917 rex
2480 860 2815 928 Nicephorus
2856 856 3106 911 Amidam
3156 855 3372 910 obsedit
3413 865 3491 922 et,

1911 971 2034 1013 eum
2058 970 2253 1025 capere
2281 953 2552 1024 nequiret,
2571 951 2918 1006 Antiochiam
2947 950 3151 1005 multos
3181 950 3296 1004 dies
3318 964 3494 1018 oppu-

1913 1051 2114 1122 gnavit,
2147 1051 2239 1104 sed
2271 1049 2520 1103 similiter
2553 1061 2748 1117 capere
2789 1061 2892 1100 non
2929 1045 3141 1116 potuit;
3177 1045 3360 1114 itaque
3407 1043 3493 1097 in-

1914 1143 2094 1198 censis
2117 1143 2250 1196 vicis
2289 1142 2569 1210 hortisque
2601 1139 2801 1194 vicinis
2823 1139 2973 1193 abiit.

1987 1237 2146 1289 Auno
2196 1232 2508 1288 Greecorum
2564 1232 2720 1298 ως),
2745 1231 2984 1285 Arabum
3031 1230 3157 1294 357,
3189 1228 3496 1285 Chorasani

1917 1327 2165 1383 nonnulli
2239 1341 2362 1380 cum
2431 1324 2572 1379 5000
2622 1323 2860 1377 Arabum
2920 1321 3386 1376 Antiochenorum
3442 1319 3501 1373 in

1917 1421 2315 1491 Cappadociam
2351 1419 2689 1488 irruperunt,
2726 1418 2818 1470 sed
2851 1415 3054 1481 40,000
3102 1414 3502 1476 Romanorum,

1919 1517 2011 1586 qui
2044 1522 2416 1577 occurrerant,
2440 1509 2742 1580 permultos
2761 1507 3202 1563 Cborasanorum
3231 1515 3283 1560 et
3307 1503 3503 1559 Antio-

1922 1610 2224 1663 chenorum
2260 1616 2374 1661 tum
2411 1602 2826 1665 interfecerunt,
2851 1611 2965 1655 tum
3011 1600 3224 1654 vinctos
3259 1598 3505 1652 abduxe-

1924 1710 2072 1755 runt.
2092 1699 2300 1754 Arabes
2330 1696 2657 1752 Antiocheni
2688 1693 3055 1765 patriarcham
3087 1688 3506 1746 Chalcedonen-

1926 1797 2063 1850 siuin
2094 1793 2410 1848 occiderunt
2435 1800 2489 1845 et
2523 1789 2785 1844 ecclesias
2818 1786 3122 1840 Antiochia:
3161 1777 3363 1837 multas
3417 1796 3510 1835 va-

1929 1894 2165 1940 starunt.
2208 1884 2441 1939 Romani
2483 1881 2751 1952 Sarugum
2778 1878 3005 1950 profecti
3033 1875 3139 1933 500
3190 1874 3400 1930 Arabes
3456 1882 3512 1930 et

243 1969 425 2038 gravis
451 1969 622 2023 fames
659 1969 774 2024 fuit.
805 1971 960 2025 Anno
988 1969 1828 2040 postDomesticusiterumCili-
1860 1966 1899 2020 Β
1931 1980 2130 2033 multas
2163 1977 2396 2048 pecudes
2426 1975 2788 2030 abduxerunt.

242 2063 382 2113 ciam
422 2062 699 2128 ingressus
745 2061 1129 2131 Mepsuestiam
1185 2063 1517 2132 oppugnavit
1564 2077 1660 2132 per
1717 2071 1828 2116 tres

244 2171 484 2215 menses,
516 2156 608 2209 sed
628 2169 939 2224 expugnare
970 2171 1075 2208 non
1094 2157 1288 2224 potuit;
1311 2158 1487 2223 itaque
1505 2170 1625 2209 cum
1654 2153 1829 2208 morbi

244 2249 607 2317 etpestilentia
637 2249 1171 2317 copiasinfestarent,
1189 2250 1390 2304 tributo
1409 2248 1658 2318 imposito
1677 2248 1827 2303 abiit.

317 2342 477 2391 Anno
516 2338 828 2391 Cra-corum
887 2337 1044 2400 H76,
1073 2339 1310 2390 Arabum
1371 2339 1496 2403 554,
1543 2354 1666 2390 eum
1736 2351 1827 2390 rex

248 2429 510 2497 Nicephoi
530 2447 590 2482 us
623 2429 1095 2498 ConstantinOpoli
1120 2429 1426 2484 Caesaream
1474 2430 1832 2499 Cappadocia:

248 2523 430 2574 sedem
511 2519 900 2583 transtulisset,
951 2519 1248 2574 Tarsenses
1313 2531 1367 2574 et
1435 2521 1828 2590 Mopsuesteni,

251 2615 422 2667 misso
459 2613 523 2665 ad
581 2629 705 2665 eum
744 2613 941 2681 legato,
985 2613 1314 2666 deditionem
1366 2613 1707 2681 pollicentes,
1744 2631 1828 2666 re-

252 2720 372 2772 gem
398 2704 466 2757 ab
497 2719 561 2755 eo
584 2703 950 2770 eXpetierunt.
980 2701 1284 2772 Respondit
1310 2703 1434 2757 ille:
1475 2722 1492 2754 ‹
1528 2705 1685 2758 Nunc
1734 2706 1830 2758 dc-

252 2809 403 2847 mutu
454 2810 577 2848 cum
625 2795 690 2847 de
719 2810 906 2863 regum
945 2805 1249 2850 vestrorum
1282 2796 1485 2849 auxilio
1537 2797 1832 2862 deSperan-

256 2894 340 2940 tes
374 2901 571 2940 canum
601 2888 958 2940 cadaveribus
992 2887 1103 2956 jam
1139 2887 1420 2941 vescimini
1453 2897 1507 2940 et
1527 2888 1832 2956 pestilentia

253 2994 354 3032 vos
386 2979 650 3042 absumit,
680 2979 810 3032 tnihi
845 2995 942 3033 vos
979 2980 1286 3048 subjicietis
1324 2981 1455 3048 (tam
1487 2981 1578 3034 diu
1617 2981 1831 3053 nempe)

255 3071 435 3124 donec
467 3071 608 3124 vires
669 3071 1140 3140 recnperaveritis,
1171 3079 1230 3124 ut
1275 3071 1538 3125 rebellare
1584 3071 1829 3138 possitis.

261 3163 480 3216 Vobisa
521 3179 605 3217 me
662 3164 737 3217 nil
793 3165 896 3217 nisi
943 3163 1156 3234 gladius
1210 3163 1608 3232 exspectandus
1670 3177 1771 3218 est.
1808 3182 1828 3217 ι

256 3255 480 3310 Litteris
509 3271 698 3309 eorum
728 3271 892 3324 super
930 3256 1086 3325 legati
1117 3256 1294 3322 capite
1321 3255 1393 3308 ita
1420 3255 1747 3321 combustis,
1774 3263 1834 3310 ut

261 3348 426 3414 hujus
453 3362 673 3416 queque
709 3348 872 3401 barba
917 3347 1352 3412 combureretur,
1389 3348 1624 3419 legatum
1653 3351 1832 3420 ejecit.

257 3437 398 3493 Tum
437 3440 576 3493 fama
619 3450 704 3494 est
748 3440 994 3508 quotidie
1037 3439 1140 3494 300
1186 3448 1531 3496 mortuorum
1581 3443 1751 3498 lectos
1807 3458 1838 3498 c

258 3531 435 3584 Tarso
493 3532 667 3585 elatos
721 3545 865 3584 esse.
923 3532 1036 3585 Rex
1097 3530 1435 3601 Nicephorus
1508 3544 1837 3605 congregato

256 3623 500 3677 exercitu
548 3622 929 3690 Mopsuestiam
1000 3622 1212 3676 obsedit
1295 3633 1344 3677 et
1415 3634 1698 3693 postquam
1751 3640 1838 3679 ce-

259 3717 336 3783 pit
379 3715 468 3767 die
533 3714 778 3774 Saturni,
826 3713 915 3768 die
982 3713 1051 3767 15
1109 3715 1314 3769 mensis
1376 3714 1684 3770 Radschabi
1737 3717 1840 3770 hu-

255 3807 346 3875 jus
415 3806 588 3868 anni,
632 3821 882 3875 magnam
940 3807 1140 3860 caedem
1194 3807 1248 3860 in
1315 3822 1377 3861 ea
1443 3807 1632 3861 edidit.
1701 3807 1841 3861 Cum

259 3897 507 3962 200,000
543 3898 804 3962 virorum,
834 3896 1125 3950 mulierum
1159 3907 1212 3950 et
1242 3897 1538 3951 liberorum
1573 3899 1754 3952 vincta
1789 3898 1840 3950 in

263 4001 468 4045 terram
517 3990 890 4042 Romanorum
944 3989 1206 4051 misisset,
1253 3989 1320 4042 ad
1375 3987 1606 4043 Tarsum
1667 4004 1844 4058 oppu-

265 4083 536 4146 gnandam
588 4080 862 4148 profectus
893 4089 995 4133 est.
1029 4078 1198 4148 Cujus
1227 4079 1374 4132 cives
1419 4095 1541 4132 cum
1574 4083 1843 4149 supplices

265 4172 701 4226 incolumitatem
733 4169 804 4223 ab
836 4184 900 4224 eo
933 4178 1200 4238 peterent,
1227 4169 1543 4238 pollicentes
1573 4186 1631 4224 se
1663 4182 1845 4240 portas

269 4276 579 4332 aperturos,
615 4263 871 4316 misertus
901 4276 1092 4315 eorum
1137 4263 1409 4329 promisit,
1443 4278 1501 4317 se
1541 4263 1703 4316 vitam
1738 4263 1844 4318 illis

269 4369 509 4422 opesque
553 4363 915 4407 servaturum.
961 4351 1247 4420 Ingressus
1308 4354 1495 4406 urbem
1568 4354 1846 4422 principes

271 4447 478 4499 Arabes
515 4447 742 4498 multum
778 4446 1086 4512 honoravit,
1113 4461 1317 4500 mensa;
1358 4445 1606 4498 adhibuit
1643 4453 1698 4498 et
1723 4445 1844 4512 jus-

270 4553 384 4602 sos,
417 4537 681 4606 quidquid
721 4551 883 4604 opum
909 4548 1148 4606 possent,
1187 4552 1370 4592 secum
1396 4535 1628 4602 auferre,
1654 4535 1848 4590 Antio-

2007 2073 2117 2126 lloc
2146 2087 2311 2133 anno,
2338 2081 2459 2123 orto
2509 2073 2649 2122 inter
2680 2067 3050 2129 Chorasanos,
3071 2064 3165 2132 qui
3203 2058 3510 2115 Antiochia:

1932 2172 2088 2221 erant
2135 2173 2190 2218 et
2238 2163 2444 2216 Arabes
2481 2160 2849 2214 Antiochenos
2893 2153 3396 2221 dissidio,llomani
3443 2168 3512 2208 ex

1933 2257 2154 2326 regione
2215 2254 2553 2308 Antiochcna
2613 2251 2680 2306 12
2733 2250 3012 2305 hoininum
3068 2248 3427 2312 millia,viros
3462 2253 3516 2299 et

1933 2349 2212 2411 mulieres,
2272 2362 2470 2416 pueros
2541 2344 2886 2414 puellasque,
2934 2343 3295 2397 abduxerunt.
3354 2341 3514 2393 Auno

1933 2453 2074 2514 post,
2102 2441 2207 2494 i.e.
2252 2438 2388 2494 1280
2441 2436 2777 2497 Graecorum,
2821 2433 3050 2488 Romani
3121 2432 3515 2502 Caphartutam

1935 2531 2161 2602 profecti
2190 2530 2293 2585 800
2326 2529 2575 2582 homines
2606 2543 2730 2581 cum
2781 2525 2947 2579 multa
2983 2523 3163 2594 praeda
3198 2523 3517 2591 abegcrunt.

1934 2624 2069 2678 Cum
2105 2621 2403 2676 llamadam
2440 2619 2842 2673 habitatoribus
2895 2631 3118 2670 vacuam
3159 2615 3518 2678 invenissent,

1936 2717 2059 2785 igne
2098 2714 2253 2769 tectis
2292 2711 2861 2779 subjecto,abierunt.

2008 2803 2180 2857 Paulo
2218 2812 2340 2872 post
2374 2799 2742 2870 Nicephorus,
2771 2797 3145 2852 Romanorum
3183 2809 3300 2860 rex,
3326 2792 3522 2847 Antio-

1935 2895 2113 2951 chiam
2145 2894 2358 2948 obsedit
2384 2899 2438 2946 et
2466 2891 2588 2946 inde
2619 2889 2862 2958 Tripolin
2898 2889 3156 2956 perrexit,
3199 2885 3291 2940 ubi
3332 2884 3518 2939 omnia

1935 2985 2161 3042 azdificia
2197 2994 2348 3040 extra
2397 2998 2612 3036 murum
2653 2982 2756 3036 sita
2798 2979 3122 3034 combussit.
3171 2977 3302 3030 Inde
3337 2974 3520 3045 profe-

1936 3088 2059 3133 ctus
2091 3091 2274 3131 arcem
2322 3073 2482 3129 Gazae
2520 3075 2658 3128 bene
2698 3073 2964 3126 munitam
3002 3072 3147 3139 cepit
3180 3078 3232 3122 et
3264 3081 3520 3136 magnam

1937 3184 2289 3224 nummorum
2323 3169 2427 3222 vim
2467 3183 2532 3222 ex
2559 3181 2622 3220 ea
2655 3164 2872 3234 egessit.
2897 3162 3096 3216 Deinde
3131 3161 3269 3216 inter
3314 3159 3520 3214 Hama-

1942 3262 2066 3318 dam
2105 3270 2159 3316 et
2191 3259 2455 3315 llalebutn
2489 3257 2756 3320 consedit,
2800 3255 2890 3310 ubi
2921 3255 3059 3309 duos
3092 3267 3308 3307 menses
3353 3266 3521 3306 com-

1943 3365 2187 3409 moratus
2219 3360 2324 3407 est.
2351 3351 2656 3420 Captivanti
2685 3357 2739 3402 et
2765 3347 3040 3416 diripienti
3070 3361 3231 3400 nemo
3256 3355 3394 3412 erat,
3424 3345 3520 3415 qui

1939 3451 2268 3500 occurreret.
2297 3441 2618 3502 Puerorum,
2648 3439 3080 3509 puellarumque,
3100 3438 3193 3508 qui
3221 3437 3362 3506 apud
3393 3452 3518 3492 cum

1939 3535 2106 3589 vincti
2153 3530 2599 3598 erant,100,000
2652 3540 2934 3584 numerata
2975 3541 3134 3597 sunt;
3185 3529 3324 3584 inter
3380 3545 3520 3599 quos

1941 3643 2050 3682 non
2108 3635 2224 3681 erat
2258 3625 2340 3678 vir
2381 3639 2543 3679 senex
2609 3633 2702 3676 aut
2750 3637 2914 3676 senex
2967 3621 3200 3680 femina:
3233 3636 3356 3675 nam
3419 3621 3522 3677 bos

1941 3718 2136 3790 partim
2180 3717 2398 3780 occidit,
2420 3717 2617 3785 partim
2654 3714 2853 3769 liberos
2897 3713 3124 3768 dimisit.
3153 3713 3269 3768 Nisi
3317 3723 3523 3768 morta-

1944 3811 2066 3864 litas
2100 3808 2379 3862 Romanos
2411 3808 2719 3871 invasisset,
2746 3807 2912 3860 etiam
2946 3806 3209 3861 l-lalebum
3240 3815 3294 3862 et
3324 3804 3518 3860 Antio-

1945 3902 2121 3958 chiam
2155 3901 2405 3968 cepisset.
2429 3898 2856 3968 Hierosolymam
2888 3913 3108 3968 quoque
3149 3897 3343 3952 faciem
3390 3913 3523 3954 con-

1945 4001 2203 4056 verterat,
2237 4006 2498 4059 quorsum
2552 4001 2754 4055 tamen,
2797 3990 2922 4059 quia
2967 3990 3167 4044 milites
3210 3989 3330 4059 ejus
3377 3989 3523 4044 caede

1945 4095 2154 4156 patrata
2211 4084 2489 4152 defatigati
2537 4091 2592 4137 et
2645 4083 2826 4151 praeda
2860 4097 3053 4153 magna
3109 4083 3292 4136 onusti
3343 4091 3522 4147 erant,

1947 4179 2100 4232 abire
2129 4193 2236 4230 non
2271 4176 2466 4245 potuit.

2020 4270 2177 4324 Anno
2211 4269 2486 4337 l9.80,qui
2541 4278 2625 4323 est
2675 4269 2915 4323 Arabum
2963 4269 3090 4334 359,
3121 4268 3350 4324 Romani
3395 4283 3522 4324 cum

1948 4360 2273 4417 Christianis
2303 4361 2444 4413 arcis
2475 4359 2632 4414 Lucae
2656 4373 2823 4430 prope
2855 4359 3200 4413 Antiochiam
3247 4360 3364 4415 sita:
3393 4373 3526 4412 con-

1950 4454 2250 4524 Spirarnnt,
2272 4452 2635 4520 convenitque
2685 4452 2825 4505 inter
2854 4466 2970 4513 eos,
3006 4459 3065 4504 ut
3095 4449 3149 4504 hi
3179 4449 3525 4504 Antiochiam

1949 4545 2382 4616 ingrederentur,
2418 4557 2584 4612 seque
2637 4550 2782 4596 metu
2823 4541 3196 4596 Romanorum
3249 4541 3528 4609 aufugisse

271 4635 453 4685 chiam
521 4631 684 4694 misit,
711 4630 854 4684 facta
909 4630 1070 4683 etiam
1115 4637 1396 4697 potestate,
1425 4638 1480 4682 ut
1534 4631 1928 4708 quicunqueD
1957 4637 2330 4706 signiﬁcarent
2385 4644 2569 4704 atque,
2601 4634 2777 4689 donec
2825 4636 3101 4690 exercitus
3153 4633 3526 4689 Romanorum

272 4741 379 4780 non
415 4723 786 4786 Antiochiam,
825 4723 918 4776 sed
974 4723 1026 4775 in
1069 4721 1204 4774 alias
1255 4722 1494 4775 Arabum
1558 4721 1723 4775 urbes
1768 4722 1846 4776 ire

276 4820 477 4879 nzailet,
550 4829 876 4884 quocunque
949 4816 1128 4874 vellet,
1181 4815 1374 4868 abiret.
1439 4814 1595 4869 Dedit
1629 4829 1848 4884 quoque

273 4908 532 4964 Custodes
573 4916 683 4961 tres
729 4907 1008 4975 patricios,
1045 4906 1139 4974 qui
1189 4906 1257 4958 ab
1295 4905 1442 4958 omni
1498 4921 1593 4960 eos
1640 4906 1844 4974 injuria

272 5000 652 5056 defenderent.
703 4999 956 5051 Armenis
1019 4980 1369 5066 quibusdam,
1419 4998 1512 5067 qui
1571 4999 1852 5053 nonnullis

275 5093 552 5144 Arabibus
588 5105 783 5143 manus
838 5089 1154 5152 intulerant,
1184 5104 1380 5143 manus
1435 5105 1706 5159 nasosque
1729 5105 1850 5144 amo

277 5183 510 5252 putavit,
559 5193 842 5249 postquam
899 5181 1128 5233 multum
1189 5179 1415 5248 ﬂagellis
1476 5182 1602 5236 cassi
1647 5190 1850 5237 essent.

276 5276 512 5345 Legatus
568 5275 620 5326 in
655 5288 842 5326 omnes
881 5275 995 5326 vias
1042 5288 1166 5326 cum
1217 5273 1320 5326 illis
1361 5273 1511 5326 misit
1551 5287 1605 5326 et
1633 5289 1852 5327 omnem

278 5367 427 5419 dedit
454 5380 695 5434 operam,
731 5372 788 5416 ut
814 5364 951 5416 bona
976 5378 1100 5417 cum
1127 5377 1256 5432 pace
1300 5364 1366 5418 ad
1404 5364 1630 5427 Arabes,
1675 5366 1856 5420 socios

281 5473 435 5520 suos,
502 5455 864 5525 pervenirent.
919 5455 1207 5522 Templum
1263 5453 1530 5509 Tarsense
1590 5471 1854 5526 equorum

282 5551 558 5605 stabulum
585 5547 730 5601 fecit.
763 5546 936 5601 Tarso
981 5548 1264 5616 patricium
1295 5563 1416 5601 cum
1447 5547 1586 5602 5000
1614 5549 1854 5617 equitum

289 5642 543 5711 imposuit
573 5639 909 5707 praesidium.
945 5639 1116 5692 Etiam
1174 5637 1416 5693 Massisa:
1459 5641 1623 5692 alium
1685 5640 1858 5707 patri-

285 5738 429 5790 cium
487 5732 723 5800 reliquit.
783 5731 1057 5785 Restituta
1116 5731 1321 5784 Tarsus
1382 5730 1611 5782 multum
1668 5730 1859 5784 florere

289 5827 470 5896 cmpit.
509 5823 682 5876 Tanta
707 5830 824 5876 erat
862 5823 917 5877 in
941 5837 1002 5877 ea
1037 5837 1266 5876 annona:
1313 5822 1668 5885 abundantia,
1703 5831 1760 5875 ut
1798 5822 1859 5875 Η

290 5918 438 5984 panis
466 5915 603 5969 liti-.e
623 5928 726 5968 una
748 5927 879 5968 zuza
913 5916 1292 5969 vcmlercnlur.
1321 5909 1468 5966 Multi
1485 5927 1545 5967 ex
1567 5909 1856 5975 Arabibus,

1952 4730 2184 4790 veniret,
2212 4728 2283 4782 ibi
2325 4735 2692 4792 remanerent,
2715 4727 2910 4781 deinde
2939 4727 3005 4781 ad
3050 4728 3242 4780 urbem
3282 4727 3530 4796 aperien-

1952 4819 2075 4874 dam
2112 4834 2307 4872 manus
2362 4819 2690 4872 intrinsecus
2747 4817 3070 4885 praeberent.
3096 4818 3251 4884 Quod
3298 4834 3424 4871 enm
3476 4819 3529 4871 hi

1953 4910 2483 4976 fecissent,duorum
2525 4910 2794 4964 mensium
2844 4911 3131 4964 intervallo
3177 4910 3345 4964 frater
3388 4911 3529 4980 regis

1953 4998 2243 5069 Nicephori
2287 5015 2410 5054 cum
2456 4999 2655 5061 40,000
2689 4999 3054 5054 Romanorum
3088 5017 3303 5056 murum
3333 5001 3529 5056 Antio-

1956 5093 2092 5147 chiae
2125 5093 2294 5147 cinxit
2323 5101 2375 5146 et
2421 5101 2532 5146 tum
2569 5091 2898 5148 habitatores
2943 5094 3086 5148 arcis
3126 5093 3284 5148 Lucae
3320 5111 3349 5149 a
3382 5105 3532 5164 parte

1957 5185 2158 5238 montis
2209 5182 2483 5252 adjutores
2529 5182 2766 5249 fuerunt,
2790 5192 2848 5238 ut
2899 5183 3130 5240 Romani
3188 5187 3530 5242 Antiochiam

1957 5275 2245 5329 introirent
2271 5283 2325 5328 et
2354 5283 2630 5344 caperent.
2659 5273 2847 5345 Magna
2881 5276 2955 5330 ibi
2996 5277 3140 5331 mede
3189 5277 3349 5342 facta,
3376 5294 3531 5348 sepa-

1959 5375 2147 5419 rarunt
2181 5365 2324 5418 viros
2371 5364 2710 5434 feminasque
2755 5382 2915 5422 senes
2946 5383 3070 5422 cum
3105 5370 3283 5437 parvis
3327 5380 3531 5426 statura

1959 5471 2181 5525 eosque,
2212 5471 2534 5526 quocunque
2565 5459 2780 5526 vellent,
2811 5461 3086 5515 discedere
3115 5462 3418 5531 jusserunt.
3443 5465 3532 5519 Vi-

1960 5564 2146 5604 rorum
2188 5564 2314 5601 vero
2364 5551 2796 5619 feminarmnque
2837 5553 3098 5620 juvenum
3141 5561 3194 5608 et
3236 5570 3528 5624 puerorum

1961 5641 2080 5710 plus
2111 5657 2273 5709 quain
2310 5641 2504 5705 -l0,000
2534 5643 2585 5694 in
2617 5639 2796 5696 Ierras'
2826 5643 3197 5700 Romanorum
3243 5647 3530 5702 miserunt.

1962 5732 2222 5787 Ilalebum
2257 5734 2417 5786 etiam
2457 5733 2648 5796 l0,000
2674 5737 2915 5803 equitum
2951 5753 3074 5791 cum
3104 5739 3402 5803 misissent,
3428 5739 3532 5793 lla-

1961 5823 2206 5878 lcbenscs
2230 5825 2618 5893 promiserunt,
2638 5843 2693 5878 se
2717 5828 3012 5895 quotannis
3036 5826 3300 5885 Romanis
3323 5840 3532 5885 certum

1961 5913 2232 5982 quoddam
2257 5915 2517 5968 tributum
2548 5917 2818 5973 soluturos
2847 5935 2988 5986 esse,
3012 5918 3062 5973 in
3090 5920 3245 5989 cujus
3267 5921 3340 5974 rei
3372 5921 3533 5980 fidem
