4178 6522
673 439 808 502 1015

1539 417 1545 422 ’
1623 443 2019 507 EXCEHPTA
2057 446 2156 506 EX
2199 446 2592 508 HISTOBIIS
2631 450 2949 511 ARABUM

3783 447 3924 514 1016

668 555 775 610 800
820 555 1037 611 obsides
1084 556 1368 611 dederunt.
1410 558 1487 611 lio
1531 571 1773 628 tempore
1824 561 2055 615 mullum
2103 562 2244 616 bello
2273 567 2315 621 Α
2347 562 2613 617 Adierunt
2651 565 2814 618 etiam
2866 564 3130 618 nobilium
3177 563 3397 634 quidam
3441 565 3681 618 Emiram
3729 565 3916 619 Ατού-

674 647 932 702 inclaruit
962 649 1257 717 imperator
1305 648 1666 719 Nieephorus,
1692 653 1784 720 qui
1816 667 2007 708 omnes
2040 653 2244 709 Ciliciae

671 740 854 803 urbes,
890 740 1238 796 Antiochiam
1268 752 1321 798 et
1355 742 1566 813 Syriam
1612 743 1666 796 in
1718 753 2041 814 potestatem
2086 761 2240 801 suam

666 831 1073 901 redegit,quam
1105 832 1174 888 ob
1198 850 1309 888 rem
1353 849 1544 889 omnes
1583 835 1824 890 Arabum
1870 848 2056 905 gentes
2094 847 2241 892 metu

666 924 930 991 perculsa:
983 935 1130 980 sunt.
1168 924 1353 995 Itaque
1386 928 1569 982 animo
1620 929 1794 984 elatus
1839 931 2241 999 impcratricem

665 1013 1098 1085 TheOphaniam,
1141 1018 1484 1086 imperatoris
1535 1019 1768 1076 Romani
1821 1038 2067 1088 uxorem,
2100 1025 2241 1078 invi-

663 1117 774 1162 tam
807 1118 1008 1176 tamen,
1033 1110 1133 1165 sibi
1166 1110 1485 1180 conjunxit;
1521 1128 1695 1180 neque
1737 1115 1840 1168 hac
1863 1131 1922 1169 re
1956 1126 2243 1173 contentus

664 1201 804 1256 duos
839 1202 999 1270 hujus
1032 1201 1194 1268 ﬁlios,
1220 1202 1480 1257 Basilium
1506 1213 1560 1259 et
1584 1205 2005 1261 Constantinum
2032 1219 2242 1264 castra-

667 1308 725 1346 re
769 1293 956 1356 voluit,
979 1303 1038 1348 ut
1068 1309 1258 1349 eorum
1294 1295 1555 1364 progenie
1585 1298 1902 1367 exstirpata,
1929 1315 1993 1354 ex
2029 1317 2088 1355 se
2123 1311 2242 1356 t..n-

667 1395 779 1438 tum
816 1387 961 1455 regia
996 1387 1176 1456 proles
1223 1387 1608 1442 deduceretur.
1635 1387 1986 1459 TheOphania
2037 1403 2238 1461 autem,

663 1477 884 1545 cognito
914 1478 1033 1546 ejus
1067 1479 1322 1540 consilio,
1361 1480 1428 1546 de
1468 1481 1589 1534 liliis
1620 1481 1734 1534 suis
1769 1483 2062 1539 admodum
2094 1488 2242 1541 solli-

662 1568 772 1620 cita
817 1567 1174 1623 domesticum
1215 1568 1801 1640 Sclmmuschchigum,
1827 1587 2060 1641 quocum
2107 1590 2244 1627 cen-

663 1659 988 1728 spiraverat,
1017 1661 1374 1717 muliebribus
1403 1661 1654 1717 indutum
1689 1665 1932 1720 vestibus
1961 1681 2084 1720 cum
2118 1667 2243 1735 qui-

662 1752 894 1807 busdam
937 1753 1056 1808 aliis
1101 1753 1358 1822 injuriam
1391 1757 1568 1824 passis
1592 1757 1647 1810 in
1675 1757 1856 1827 palatii
1881 1759 2048 1812 aedem
2078 1771 2241 1815 noctu

664 1846 966 1901 nativitatis
1024 1845 1334 1902 Servatoris
1407 1849 1705 1905 introduxit
1759 1860 1813 1905 et
1873 1851 2239 1922 Nicephorum

663 1939 953 1995 certiorem
985 1938 1204 2007 fecit,se
1235 1941 1422 2011 stirpis
1453 1958 1567 1997 suae
1596 1942 1830 2000 feminas
1863 1946 2129 2013 quasdam
2173 1947 2240 2002 ad

665 2045 725 2086 se
763 2031 817 2085 in
850 2031 1137 2086 ecclesiam
1178 2048 1428 2098 vocasse,
1484 2043 1544 2090 ut
1590 2051 1777 2089 earum
1816 2053 1999 2092 secum
2041 2053 2242 2108 perno-

662 2123 928 2177 otantium
961 2124 1234 2194 colloquio
1263 2134 1522 2182 uteretur.
1550 2125 1662 2182 Hac
1693 2130 1906 2186 ratione
1933 2146 2094 2200 quam
2124 2132 2237 2201 pri-

663 2229 812 2268 mttm
887 2215 1272 2284 imperatorem
1336 2230 1530 2274 somno
1599 2230 1882 2290 gravatum
1951 2224 2238 2291 sentiebat,

663 2305 1205 2376 Schumuschchigus
1240 2320 1294 2363 et
1333 2310 1423 2380 qui
1457 2327 1578 2366 cum
1627 2328 1692 2367 eo
1737 2315 2138 2378 erant,inducti
2185 2319 2239 2374 in

665 2399 803 2452 lecto
833 2412 955 2452 cum
988 2401 1327 2468 occiderunt,
1356 2418 1680 2475 eorumque,
1705 2407 1798 2476 qui
1839 2408 2026 2475 palatii
2055 2419 2240 2480 portas

661 2489 1064 2556 custodiebant,
1107 2493 1230 2562 plus
1279 2511 1442 2563 quam
1506 2496 1576 2548 70
1637 2497 2051 2554 interfecerunt.
2091 2500 2240 2556 ilanc

661 2579 825 2635 caedis
862 2579 1152 2652 Nicephori
1179 2600 1400 2640 causam
1435 2587 1488 2641 in
1526 2587 1679 2644 libris
1722 2601 1976 2646 accurate
2021 2594 2238 2663 scriptis

661 2672 1005 2741 invenimus;
1055 2691 1116 2730 ca
1177 2688 1380 2744 autem,
1427 2695 1590 2747 quam
1640 2683 1832 2738 beatus
1861 2682 2238 2741 Mar-Michael

662 2773 919 2834 tanquam
955 2767 1025 2822 ab
1074 2766 1279 2838 lgnatio
1328 2770 1663 2827 Melitenensi
1713 2784 1991 2844 acceptam
2049 2776 2235 2844 refert,

660 2857 902 2912 occisum
929 2873 1050 2914 esse
1082 2861 1201 2915 ideo
1245 2864 1388 2932 quod
1424 2864 1474 2917 iu
1523 2865 1779 2936 conjugio
1818 2883 2009 2938 parum
2063 2870 2237 2926 fidelis

659 2949 871 3017 fuisset,
906 2953 1129 3009 minime
1170 2955 1283 3010 veri
1333 2958 1530 3012 similis
1579 2970 1680 3023 est,
1714 2963 1861 3029 quia,
1905 2976 1970 3016 eo
2031 2963 2234 3028 occiso,

661 3059 836 3114 neque
864 3060 988 3100 cum
1021 3045 1550 3121 Schumuschchigo,
1576 3053 1668 3120 qui
1718 3063 1840 3122 post
1868 3053 2236 3124 Nicephorum

660 3135 926 3202 regnavit,
953 3151 1131 3205 neque
1159 3154 1283 3192 cum
1317 3139 1424 3193 alio
1450 3156 1725 3210 quoquam
1760 3159 1871 3197 rem
1906 3144 2114 3201 habuit.

2346 654 2586 719 daulam,
2648 653 2800 708 Curre
2861 663 3194 720 versantem,
3263 655 3782 726 sollieitaruntque,
3865 665 3922 711 ut

2347 755 2537 802 contra
2570 745 2848 801 Romanos
2889 746 3088 800 milites
3129 746 3388 802 mitteret.

2415 839 2575 891 Anno
2603 838 2842 892 Arabum
2871 836 2998 902 564,
3024 837 3338 892 Graacorum
3363 838 3522 903 1286,
3541 836 3918 892 Romanorum

2346 927 2810 996 imperatorlvan,
2839 929 2979 983 idem
3003 930 3092 984 ille
3116 928 3672 999 Schumuschchigus,
3702 929 3918 1000 Syriam

2347 1020 2651 1090 ingressus,
2704 1019 3005 1075 Hamadam
3057 1033 3109 1076 et
3159 1021 3452 1076 Balbecum
3499 1023 3660 1092 cepit'
3693 1032 3746 1076 et
3793 1038 3916 1076 cum

2346 1110 2673 1167 Damascum
2714 1113 3058 1183 profecturus
3081 1125 3248 1180 esset,
3275 1113 3676 1179 Bar—Zaccath,
3719 1114 3918 1168 nobilis

2344 1204 2522 1260 Arabs
2555 1204 2746 1276 Syrus.
2781 1206 2983 1276 scripta
3016 1207 3082 1259 ad
3118 1207 3364 1262 Damasci
3398 1207 3736 1277 praefectum,
3771 1205 3916 1262 Pha-

2345 1306 2596 1365 tganum,
2654 1298 2902 1368 epistola,
2966 1299 3258 1355 consilium
3323 1299 3372 1353 ei
3421 1299 3593 1364 dedit,
3655 1315 3743 1361 ne,
3792 1315 3916 1354 cum

2345 1390 2673 1447 imbecillior
2745 1403 2911 1460 esset,
2990 1394 3360 1450 Romanorum
3433 1397 3543 1464 regi
3604 1395 3916 1449 obsisteret.

2345 1483 2740 1554 Obtemperans
2773 1484 2862 1539 ille
2902 1486 3030 1539 huic
3083 1487 3318 1540 consilio
3372 1487 3687 1556 imperatori
3735 1484 3918 1541 Schu-

2346 1577 2702 1646 muschehigo
2727 1578 3090 1633 obedientiam
3125 1591 3176 1633 et
3197 1577 3432 1644 500,000
3464 1593 3722 1631 zuzarum
3748 1579 3922 1631 tribu-

2347 1677 2459 1722 tum
2520 1669 2794 1738 promisit,
2845 1685 2954 1740 quo
3005 1670 3302 1740 imperator
3369 1668 3918 1735 Schumuschchigus

2346 1768 2636 1815 contentus
2694 1761 2817 1815 fuit.
2889 1759 3026 1816 Huic
3103 1760 3367 1815 Damasco
3451 1761 3914 1829 appropinquanti

2345 1851 2659 1921 Phatganus
2689 1850 2903 1906 obviam
2936 1851 3113 1906 factus
3143 1865 3284 1921 equo
3314 1850 3593 1906 descendit
3621 1860 3673 1904 et
3719 1861 3918 1903 terram

2350 1944 2646 2014 aliquoties
2685 1943 2968 2000 osculatus
3011 1954 3113 1999 est.
3153 1942 3335 1999 Laetus
3371 1943 3472 1998 hac
3520 1958 3579 1997 re
3626 1943 3924 2012 imperator

2345 2051 2545 2107 equum
2583 2039 2948 2092 conscendere
2975 2051 3100 2091 eum
3146 2036 3312 2105 jussit
3355 2038 3699 2104 multumque
3744 2035 3922 2089 hono-

2344 2130 2505 2185 ravit.
2555 2129 2747 2185 Jussus
2797 2129 3011 2193 deinde,
3053 2139 3114 2183 ut
3163 2143 3348 2183 coram
3404 2143 3471 2182 eo
3504 2127 3821 2182 decurreret
3873 2136 3924 2178 et

2344 2220 2550 2275 militiae
2585 2221 2862 2290 specimen
2897 2220 3094 2285 ederet,
3121 2235 3246 2274 eum
3281 2220 3637 2279 decurrisset,
3684 2219 3923 2285 impera-

2345 2315 2478 2369 toris
2511 2312 2671 2368 laude
2699 2321 2880 2367 motus
2910 2313 3103 2366 iterum
3132 2327 3272 2380 equo
3303 2312 3582 2366 descendit
3614 2320 3924 2379 terramque

2342 2405 2623 2473 osculatus
2651 2417 2754 2460 est.
2796 2401 3150 2473 imperatoris
3178 2403 3335 2472 jussu
3365 2417 3566 2471 equum
3599 2401 3923 2456 conscendit

2341 2505 2395 2552 et
2423 2511 2547 2552 eum
2581 2497 2670 2550 ille
2721 2495 2886 2550 unius
2937 2504 3145 2549 tantum
3197 2495 3326 2548 anni
3362 2494 3623 2548 tributttm
3673 2493 3923 2562 exigeret

2340 2589 2520 2644 denuo
2579 2587 2883 2652 descendit,
2919 2596 3120 2640 terram
3175 2586 3545 2640 osculaturus.
3593 2583 3917 2654 Imperatori

2339 2694 2565 2750 equum,
2589 2693 2699 2748 quo
2724 2686 2916 2732 vectus
2941 2676 3280 2741 decurrerat,
3313 2675 3552 2747 gladium
3603 2685 3655 2729 et
3707 2676 3923 2728 hastam

2339 2771 2638 2842 postulanti
2671 2786 2778 2825 non
2804 2771 2918 2825 haec
2951 2779 3185 2836 tantum,
3207 2769 3302 2825 sed
3327 2769 3648 2824 vestimenta
3681 2781 3923 2836 quoque,

2341 2878 2584 2923 aromata
2610 2877 2663 2922 et
2691 2869 2878 2921 decem
2905 2881 3078 2937 equos
3113 2880 3237 2921 cum
3269 2864 3455 2919 multis
3488 2861 3658 2916 hastis
3683 2861 3887 2915 obtulit
3911 2877 3924 2924 ;

2339 2960 2434 3015 sed
2467 2960 2762 3028 imperator
2793 2958 2956 3014 istum
2987 2967 3196 3012 tantum
3223 2972 3424 3025 equum
3447 2965 3501 3010 et
3524 2956 3680 3008 istam
3709 2963 3923 3006 tantum

2340 3052 2555 3108 hastam
2587 3052 2815 3122 accepit,
2839 3051 3066 3120 reliquis
3097 3049 3347 3115 redditis,
3374 3047 3757 3103 benevolentia
3795 3045 3918 3114 ejus

2344 3154 2668 3201 contentus:
2701 3144 2811 3199 imo
2839 3143 3082 3198 amicivit
3107 3143 3445 3211 Phatganum
3493 3137 3794 3208 splendidis
3837 3149 3925 3189 ve-

729 3227 888 3281 Anno
918 3228 1023 3283 560
1061 3231 1324 3297 Arabum,
1350 3245 1636 3302 propterea
1669 3237 1813 3306 quod
1848 3237 2051 3292 inventi
2082 3248 2239 3294 erant
2267 3260 2314 3324 ο
2345 3239 2525 3294 stibus
2541 3245 2866 3306 etpraeterea
2883 3235 3138 3304 operibus
3167 3249 3301 3287 auro
3320 3229 3922 3292 fabrefactis,vestibus

662 3319 772 3371 duo
831 3320 1040 3374 Arabes
1095 3330 1258 3375 noctu
1333 3324 1386 3376 in
1460 3325 1658 3393 templo
1704 3328 1860 3395 juxta
1924 3329 2236 3383 crenobium

665 3409 942 3464 Michaelis
969 3408 1416 3467 Nestorianorum
1452 3412 1857 3470 Mozalanorum
1896 3417 2001 3470 sito
2045 3419 2235 3482 occisi,

661 3501 1005 3558 Christianos
1032 3503 1342 3560 Mozalanos
1375 3507 1772 3577 Abu-Thagleb
1795 3507 1939 3563 ﬁlius
1967 3507 2240 3566 Nazerob—

660 3595 834 3650 daulaa
867 3596 1097 3662 120,000
1125 3613 1382 3653 zuzarum
1421 3598 1723 3654 mulctavit.

731 3688 889 3741 Anno
924 3688 1028 3742 562
1057 3689 1296 3743 Arabum
1335 3689 1670 3746 domesticus
1701 3707 1822 3746 cum
1860 3693 2236 3751 Romanorum

663 3780 906 3833 exercitu
965 3778 1178 3836 Nisibin
1230 3781 1506 3850 profectus
1562 3799 1818 3853 magnam
1866 3797 2105 3855 stragem
2161 3787 2238 3843 ibi

660 3870 831 3925 edidit
885 3882 940 3925 et
975 3888 1069 3942 per
1120 3873 1190 3926 29.
1241 3874 1358 3929 dies
1423 3875 1558 3929 nihil
1615 3876 1760 3931 aliud
1811 3878 1941 3948 egit,
1980 3894 2144 3949 quam
2180 3889 2240 3935 ut

662 3962 981 4031 captivaret,
1024 3962 1285 4032 diriperet.
1327 3974 1377 4018 et
1431 3965 1708 4034 regionem
1745 3977 2004 4024 vastaret.
2044 3969 2238 4024 Postea

662 4069 785 4108 eum
814 4054 1064 4108 Amidam
1121 4055 1386 4121 tenderet,
1445 4057 1610 4125 hujus
1653 4058 1805 4113 urbis
1850 4060 1960 4114 dux
2006 4062 2237 4116 militum

662 4147 976 4216 impetravit
1021 4163 1050 4202 a
1085 4147 1307 4203 Mozalae
1361 4148 1638 4218 prmfecto,
1694 4149 2145 4220 Abu-Thaglebo.
2179 4163 2240 4209 ut

662 4254 890 4310 magnas
920 4240 1105 4308 copias
1140 4256 1261 4294 eum
1312 4240 1477 4295 fratre
1519 4257 1620 4295 suo
1656 4241 1914 4296 mitteret.
1962 4243 2239 4300 Romanos

661 4333 838 4385 adorti
895 4331 1131 4386 victores
1203 4332 1413 4387 Arabes
1471 4331 1696 4386 fuerunt
1752 4343 1806 4388 et
1874 4334 2234 4390 domesticum

662 4432 878 4490 captant
904 4423 1281 4492 vinetumque,
1303 4422 1564 4477 Romanis
1587 4422 1943 4492 fugientibus,
1963 4425 2228 4481 Mozalam

662 4515 949 4568 miserunt.
993 4514 1474 4582 Abu-Thaglebus,
1526 4531 1638 4584 quo
1687 4531 1930 4572 amorem
1966 4535 2089 4574 cum
2123 4518 2235 4574 Ro-

2345 3337 2576 3400 argento
2608 3328 2767 3383 tectis
2797 3338 2850 3382 et
2885 3325 3049 3380 mulis
3073 3325 3314 3378 donavit.
3336 3322 3466 3377 Inde
3496 3320 3757 3376 Sidonem
3793 3333 3920 3387 pro-

2345 3419 2524 3476 fectus
2553 3427 2656 3484 est,
2681 3417 2842 3488 cujus
2887 3418 3035 3472 cives
3079 3415 3293 3469 obviam
3329 3411 3533 3482 egressi
3571 3426 3628 3465 se
3673 3409 3925 3475 subjcce-

2344 3520 2474 3569 runt
2511 3511 2654 3566 dona
2685 3509 2997 3575 olIerentes,
3023 3516 3354 3578 quapropter
3405 3505 3472 3558 iis
3522 3503 3723 3557 relictis
3761 3501 3926 3570 Bery-

2346 3613 2438 3658 ton
2473 3601 2645 3667 duxit,
2669 3615 2831 3670 quam
2861 3602 2911 3654 vi
2939 3599 3156 3669 aperuit.
3200 3606 3255 3652 et
3299 3595 3546 3665 diripuit.
3576 3593 3702 3648 Inde
3742 3593 3926 3648 Gaba-

2344 3692 2451 3746 lam
2483 3690 2629 3744 venit
2651 3698 2705 3744 et
2731 3689 2858 3759 quia
2895 3688 3016 3758 ejus
3064 3687 3257 3741 incola:
3288 3684 3632 3747 resistebant,
3663 3684 3711 3735 vi
3759 3684 3923 3736 etiam

2344 3783 2698 3853 expugnavit.
2737 3780 2957 3850 Direpta
3004 3795 3068 3833 ea
3115 3777 3325 3832 Tarson
3379 3775 3657 3846 profectus
3697 3785 3802 3836 est,
3836 3774 3924 3828 ubi

2345 3874 2712 3945 imperatricis
2739 3870 3106 3941 Theophaniae
3138 3868 3306 3923 frater
3345 3881 3614 3923 venenum
3646 3865 3694 3919 ei
3731 3875 3927 3934 potan-

2343 3967 2468 4023 dum
2497 3965 2748 4036 praebuit,
2768 3970 3099 4034 quapropter
3129 3961 3182 4015 in
3211 3975 3430 4031 gravem
3481 3959 3737 4013 morbum
3791 3958 3926 4012 inci-

2344 4059 2423 4114 dit
2459 4067 2515 4113 et
2545 4058 2599 4111 in
2624 4057 2812 4111 urbem
2837 4055 3042 4126 regiam
3074 4068 3327 4108 reversus
3350 4060 3599 4106 mortuus
3622 4058 3727 4114 est,
3769 4060 3927 4119 post-

2344 4163 2508 4220 quam
2569 4159 2804 4218 quatuor
2849 4159 3024 4200 annos
3091 4148 3434 4214 regnaverat.
3464 4138 3565 4194 Hie
3618 4140 3672 4192 in
3711 4139 3924 4208 agendo

2346 4251 2627 4303 strenuus,
2658 4253 2889 4308 corpore
2917 4235 3153 4301 validus,
3187 4234 3373 4289 animo
3415 4231 3592 4296 fortis,
3619 4230 3762 4284 bello
3798 4230 3925 4283 t‘elix

2346 4341 2482 4389 erat.
2500 4331 2693 4386 Statim
2719 4345 2750 4384 a
2778 4330 2928 4399 regni
2955 4328 3111 4382 initio
3139 4341 3265 4396 erga
3295 4339 3484 4379 omnes
3511 4322 3922 4392 magnanimum

2345 4440 2404 4481 se
2467 4423 2718 4493 przebuit,
2760 4421 3117 4491 captivosque
3181 4417 3410 4472 dimisit.
3448 4414 3926 4483 Constantinopoli

2347 4529 2598 4585 magnam
2633 4513 2916 4568 ecclesiam
2944 4510 3250 4574 aediﬁcavit,
3277 4509 3472 4562 inultas
3491 4507 3653 4561 urbes
3698 4508 3930 4560 multas-

663 4606 842 4658 manis
871 4605 1238 4666 conﬁrmaret,
1302 4607 1694 4676 benignissime
1735 4610 1929 4664 habuit
1981 4611 2238 4667 domesti-
2270 4600 2316 4656 D
2346 4625 2454 4681 que
2481 4610 2731 4680 regiones
2760 4607 2992 4676 subegit.
3021 4603 3293 4657 Mortuum
3325 4602 3597 4672 principes
3627 4609 3684 4654 et
3741 4601 3928 4669 plebes

661 4712 808 4759 cum,
841 4696 932 4763 qui
975 4705 1153 4749 tamen
1187 4699 1368 4750 cancri
1401 4699 1590 4751 morbo
1623 4698 1694 4752 ibi
1727 4701 1882 4754 obiit.

734 4785 846 4841 Hoc
900 4802 1045 4840 anno
1103 4787 1337 4856 populus
1390 4788 1838 4854 Bagdalenensis,
1897 4791 1990 4860 qui
2033 4793 2234 4850 multos

659 4877 950 4934 Nisibenos
982 4880 1033 4933 in
1061 4881 1430 4948 Captivitatem
1468 4881 1748 4946 incidisse,
1792 4885 1993 4940 multos
2024 4889 2237 4942 occisos

661 4989 782 5026 esse
847 4973 1163 5035 audivisset,
1239 4970 1308 5023 ad
1385 4975 1520 5025 iram
1588 4975 1900 5028 concitatus
1974 4992 2233 5047 magnum

662 5067 927 5120 adversus
986 5062 1256 5118 Chalil‘am
1335 5062 1597 5128 Mntium,
1665 5065 1902 5119 ludibrio
1962 5067 2231 5135 habitum,

663 5158 959 5209 tumultum
1021 5151 1301 5213 excitavit,
1349 5152 1496 5222 quod
1549 5167 1646 5218 pro
1688 5153 1959 5208 Arabibus
2022 5166 2234 5211 certare

663 5249 851 5310 nollet,
895 5257 946 5301 ct
981 5245 1033 5299 in
1075 5245 1193 5313 ejus
1245 5244 1421 5298 auiam
1465 5245 1780 5314 amicosque
1833 5247 1936 5300 tela
1976 5247 2228 5317 conjeeit.

2348 4705 2548 4758 mirum
2579 4703 2632 4756 in
2675 4702 2896 4755 modum
2936 4700 3214 4752 luxerunt.
3238 4695 3367 4750 Post
3409 4709 3533 4750 eum
3569 4692 3924 4760 imperatoris

2347 4793 2580 4848 Romani
2603 4793 2718 4854 ﬁlii,
2743 4792 2975 4847 Basilius
3012 4798 3067 4845 et
3093 4787 3505 4851 Constantinus,
3531 4801 3629 4854 per
3657 4784 3726 4837 55
3753 4797 3928 4837 annos

2345 4888 2636 4957 imperium
2667 4886 3022 4941 obtinuerunt
3050 4898 3180 4938 vero
3209 4896 3392 4937 amore
3421 4896 3480 4936 se
3513 4877 3742 4933 invicem
3775 4893 3930 4931 com-

2337 4977 2504 5046 plexi.
2547 4975 2804 5040 Basilius,
2829 4975 2956 5045 quia
3006 4972 3314 5028 bellicosior
3375 4977 3516 5032 erat,
3557 4967 3926 5023 Constantino

2339 5066 2507 5120 fratre
2536 5067 2589 5120 in
2626 5066 2761 5122 urbe
2797 5067 2946 5138 regia
2974 5065 3190 5131 relicto,
3215 5061 3475 5119 continuo
3497 5074 3620 5116 cum
3648 5058 3923 5113 Arabibus

2339 5159 2478 5214 bella
2498 5159 2687 5231 gessit.
