4178 6522
239 434 368 499 1017

974 440 1071 498 DE
1113 438 1552 499 NICEI‘IIORO
1593 440 1832 499 PHOCA
1876 440 1970 501 ET
2010 441 2303 501 JOANNE
2342 440 2722 503 TZIMISCE.

3348 442 3486 509 1018

1721 602 1925 614 ..ι-οφ

490 781 624 871 ΙΙ.
705 781 865 870 EX
955 782 1617 871 ABULFEDZE
1692 780 2368 870 ANNALIBUS
2443 780 3210 870 MUSLEMICIS.

1340 994 1431 1059 (Ὗ.
1469 1002 1587 1044 tom.
1617 994 1677 1054 ll,
1715 1009 1762 1057 p.
1789 996 1878 1044 477
1902 1008 2041 1057 seqq.
2076 996 2158 1046 ed.
2185 994 2378 1061 Reisk.)

299 1303 455 1357 Anno
478 1302 671 1358 CCCLl
705 1303 818 1373 (qui
856 1303 941 1357 die
977 1302 1009 1357 8
1044 1300 1202 1355 Febr.
1245 1301 1308 1353 Α.
1347 1299 1407 1352 C.
1460 1300 1563 1354 962
1612 1300 1799 1369 coepit)
1834 1306 1881 1363 Α

225 1398 564 1464 occupabant
618 1394 871 1452 Romani.
937 1396 1074 1448 duce
1128 1393 1431 1446 Domestico
1485 1392 1559 1461 (l)
1616 1391 1800 1458 (Nice-

228 1490 399 1557 phoro
456 1487 681 1558 Phoca),
736 1486 1045 1541 Ain-Zarha
1104 1486 1177 1553 (ν.
1228 1487 1593 1553 Auazarbum)
1657 1486 1801 1553 pacis

226 1591 407 1648 pacto,
462 1583 762 1650 paucisque
793 1579 997 1649 aliquot
1032 1579 1101 1632 ibi
1156 1579 1483 1647 peremptis,
1534 1576 1797 1644 plurimos

227 1672 513 1725 inviolatos
547 1673 910 1725 dimittebant.
954 1670 1141 1733 iidem,
1178 1670 1367 1723 eodem
1404 1669 1561 1727 duce.
1627 1670 1799 1721 victo-

224 1765 320 1816 ria:
374 1763 673 1827 instabant,
734 1764 941 1816 vultum
1002 1770 1111 1813 tam
1172 1762 1403 1830 benigne
1452 1759 1797 1813 monstranti.

224 1854 490 1907 Halehum
524 1855 876 1924 impete‘uaut,
926 1868 978 1909 et
1030 1854 1140 1922 ipsa
1179 1854 1334 1917 urbe,
1374 1863 1563 1921 praeter
1593 1868 1799 1913 arcem,

221 1946 593 2014 potiebantur.
614 1945 770 2011 Quod
808 1948 879 1999 ita
904 1946 1131 2014 contigit
1164 1963 1177 1998 :
1210 1944 1555 1998 Domesticus
1586 1941 1797 1995 Seifed-

223 2037 444 2090 daulam
481 2052 761 2102 securum,
809 2038 1164 2107 omniumque
1194 2052 1379 2090 rerum
1428 2037 1675 2106 ignarum
1704 2035 1798 2089 de-

224 2140 449 2199 repente
504 2130 767 2196 obruens,
826 2132 1000 2200 copiis
1036 2146 1131 2197 per
1188 2130 1358 2184 otium
1411 2130 1797 2185 contrahendis

221 2222 567 2276 ext-ludebat.
603 2222 875 2290 Correptis
923 2222 1087 2290 igitur
1122 2223 1333 2291 paucis,
1399 2222 1491 2289 qui
1546 2223 1796 2283 aderant,

215 2311 463 2380 jactabat
498 2310 813 2365 llalebensis
858 2311 983 2364 belli
1020 2311 1210 2370 aleam,
1250 2310 1367 2377 sed,
1394 2311 1611 2363 amissis
1644 2310 1798 2374 longe

218 2402 493 2471 plurimis,
531 2417 653 2454 cum
682 2402 875 2471 exigua
911 2417 1075 2453 manu
1104 2401 1156 2453 in
1195 2399 1373 2468 fugam
1412 2400 1537 2451 ibat.
1572 2399 1661 2452 Sic
1698 2413 1797 2466 pa-

221 2493 372 2547 tebat
422 2491 623 2546 Graecis
655 2492 833 2546 omnis
892 2508 1021 2560 ager
1054 2492 1174 2544 urbi
1227 2490 1527 2555 subjectus,
1581 2492 1798 2559 patebat

221 2586 397 2654 ipsius
440 2586 800 2640 Seifeildaulae
845 2586 1014 2653 regia,
1067 2587 1153 2639 cui
1210 2601 1408 2638 nomen
1469 2593 1586 2637 erat
1618 2581 1794 2635 Daran

2524 1292 2559 1346 1.
2591 1293 2627 1346 1.
2657 1310 2708 1362 p.
2740 1291 2866 1347 479.

1977 1389 2178 1444 Eodem
2208 1403 2352 1441 anno
2388 1388 2772 1453 expugnabaut
2828 1382 3002 1438 Graeci
3047 1397 3230 1436 arcem
3292 1381 3482 1449 Dalue,

1910 1484 2153 1549 aliasque
2182 1490 2292 1533 tres
2318 1480 2524 1531 circum
2560 1493 2734 1531 arces.

1982 1574 2237 1642 Ejusdem
2282 1573 2407 1625 anni
2443 1571 2654 1623 decium
2706 1583 2891 1623 mense
2948 1566 3271 1621 auferebant
3324 1564 3486 1619 iidem

1910 1666 2180 1734 captivum
2215 1681 2275 1716 ex
2312 1664 2445 1716 urbe
2478 1660 2726 1729 lllanhcg,
2760 1663 2846 1713 cui
2881 1669 3130 1727 praeerat,
3167 1655 3490 1712 AhthFera-

1911 1774 2031 1813 sum
2067 1757 2351 1820 llaretum,
2379 1756 2550 1808 filium
2597 1752 2770 1812 Saidi.
2821 1752 2914 1804 filii
2945 1748 3211 1803 llamdani
3240 1750 3339 1819 (ὃ).

2506 1844 2543 1898 ι.
2590 1844 2627 1898 ι.
2664 1860 2715 1912 ρ.
2754 1843 2881 1897 481.

1978 1937 2179 1991 Eodem
2211 1952 2355 1990 anno
2389 1935 2447 2002 (ἱ.
2484 1951 2534 1989 e.
2580 1933 2822 1999 CCCLlI,
2866 1935 2957 2003 qui
2998 1934 3083 1987 die
3137 1930 3208 1985 29
3253 1929 3377 1984 Jan.
3417 1927 3487 1983 Δ.

1906 2029 2037 2085 Chr.
2073 2030 2179 2083 963
2214 2027 2399 2097 coepit.)
2428 2027 2747 2082 occiderunt
2780 2026 2952 2081 Graeci
2989 2042 3150 2080 suum
3186 2025 3488 2091 imperato-

1908 2138 2020 2176 rem
2050 2120 2694 2191 (Romauutnjuniorem)
2711 2119 2871 2189 eique
2896 2120 3061 2173 alium
3092 2117 3485 2185 subrogarunt.

1909 2213 2044 2267 Tum
2078 2216 2219 2268 illius
2251 2212 2677 2269 Schemesclikik
2709 2211 3057 2283 (Tzimisces)
3088 2207 3264 2265 evasit
3294 2206 3491 2262 Dome-

1909 2309 2077 2361 sticus
2117 2308 2216 2377 (4).

2527 2396 2564 2449 1.
2596 2416 2630 2450 ι.
2659 2412 2709 2464 p.
2745 2396 2869 2450 485.

1976 2493 2133 2548 Anno
2159 2488 2403 2547 CCCLIV
2428 2490 2543 2559 (qui
2576 2489 2661 2542 die
2694 2489 2725 2541 6
2765 2486 2889 2543 Jan.
2912 2488 2975 2541 A.
3002 2487 3131 2543 Chr.
3161 2489 3267 2545 965
3297 2493 3483 2562 cmpit)

1905 2585 2187 2638 Romanus
2216 2584 2513 2651 imperator
2550 2580 2909 2649 (Nicephorius
2955 2580 3185 2651 Phocus)
3227 2598 3487 2638 coronam

220 2683 342 2745 (seu
374 2679 602 2746 gemina:
632 2678 850 2747 domus)
877 2689 1027 2730 extra
1068 2677 1219 2730 urbis
1244 2677 1511 2729 ambitum
1550 2675 1672 2735 sita.
1708 2673 1796 2726 ubi
1836 2671 1871 2723 Β
1909 2676 2393 2731 Cittxiteltatttletn
2434 2675 2768 2742 expugnavit
2815 2672 3092 2735 Masisam,
3123 2674 3211 2728 die
3243 2673 3489 2738 Saturni.

222 2778 531 2821 tercentum
561 2769 768 2835 argenti
818 2780 970 2821 utres
1025 2767 1097 2836 (‘2)
1137 2766 1506 2830 inveniebant,
1538 2765 1798 2833 quadrin-

220 2869 415 2929 gentos
441 2871 603 2929 alque
637 2859 782 2912 mille
818 2859 1014 2921 mulos,
1048 2874 1435 2927 armorumque
1464 2868 1671 2909 tantum
1706 2872 1798 2924 ap-

223 2962 501 3020 paratum,
544 2961 603 3004 ut
631 2951 849 3005 modum
883 2966 1039 3019 ptene
1068 2951 1371 3002 excederet.
1410 2947 1571 3002 Urbis
1596 2950 1797 3001 lliCBllia

222 3057 340 3098 tum
370 3043 605 3097 admotis
642 3042 923 3104 machinis;
958 3041 1309 3109 quatiebant;
1351 3040 1559 3106 depulsi
1618 3048 1797 3091 tamen

220 3135 627 3202 Oppidanorum
658 3132 1002 3195 fortitudine,
1041 3146 1249 3199 suaque
1282 3145 1374 3196 Spe
1415 3130 1632 3197 deiecti.
1672 3144 1800 3196 pro-

222 3226 430 3279 ximum
465 3227 515 3277 in
544 3235 801 3287 montem,
823 3221 1133 3285 Gauschan,
1161 3220 1549 3275 concedebant.
1580 3220 1796 3273 Interim

223 3317 503 3370 incidebat
527 3317 580 3368 in
618 3316 763 3367 cives
785 3324 835 3367 et
862 3314 1102 3383 praetorii
1134 3313 1455 3380 peditatum,
1486 3327 1578 3363 seu
1617 3310 1799 3378 praesi-

220 3408 434 3469 ὼε.οῠ
464 3406 726 3475 quasdam
785 3405 837 3458 in
905 3406 1038 3457 urbe
1102 3405 1342 3471 rapinas,
1406 3403 1625 3463 seditio,
1678 3416 1798 3467 quae

227 3502 431 3551 mantia
491 3497 895 3560 defensoribus,
956 3496 1008 3547 in
1082 3494 1259 3547 forum
1320 3494 1795 3554 concurrentibus,

220 3590 483 3643 nudabat.
512 3587 684 3652 Quam
744 3586 989 3640 videntes
1024 3585 1195 3639 ϐηηοί
1232 3585 1582 3638 solitudinem
1627 3592 1680 3636 et
1712 3584 1800 3637 itt-

222 3684 485 3736 testiuum
513 3680 829 3740 tumultum,
874 3679 1053 3732 subito
1094 3678 1291 3743 adorti,
1342 3677 1635 3745 elfringunt
1671 3692 1797 3745 por-

217 3786 328 3835 tas,
359 3772 647 3843 gladioque
703 3772 756 3823 in
790 3770 998 3823 virilem
1031 3779 1242 3822 aetatem
1280 3780 1628 3837 grassantur;
1677 3767 1797 3835 plus

220 3870 411 3922 decem
444 3868 613 3921 millia
646 3880 938 3935 puerorum
984 3864 1271 3933 utriusque
1300 3879 1460 3916 sexus
1492 3870 1793 3930 asportant,

1906 2771 2116 2823 tlecimo
2141 2770 2299 2821 tertio
2333 2766 2548 2835 septimi
2586 2768 2810 2828 mensis,
2839 2774 2892 2819 et
2924 2777 3278 2835 posteaquam
3309 2768 3490 2836 gladio

1905 2860 1956 2913 in
1999 2858 2203 2911 incolas
2233 2857 2591 2916 desaeviisset,
2625 2857 2881 2923 parcebat
2915 2855 3139 2924 reliquis
3168 2858 3489 2926 etcaptivos

1904 2964 2089 3002 secum
2154 2948 2207 2999 in
2248 2948 2512 3000 ditionem
2568 2962 2722 2999 suam
2771 2947 3039 3015 rapiebat.
3095 2946 3336 3003 Ducenta
3378 2947 3491 3002 fere

1905 3041 2071 3092 millia
2110 3040 2387 3092 hominum
2422 3040 2743 3091 numerabat
2779 3040 2928 3091 urbs.
2969 3037 3097 3092 Inde
3143 3041 3295 3108 petiti
3351 3039 3489 3093 Tar-

1904 3147 2088 3187 Senses
2120 3148 2175 3183 se
2229 3133 2623 3185 sulimitteliant
2659 3140 2731 3191 et.
2789 3131 3165 3185 incolumitate
3216 3110 3478 3201 precibu'e

1907 3223 2220 3290 impetrata,
2278 3224 2549 3292 emigrare
2607 3223 2747 3291 jussi
2805 3233 2954 3277 sunt.
3032 3221 3200 3276 Terra
3244 3223 3491 3293 marique

1905 3316 2297 3383 emigrantibns
2328 3325 2733 3383 pt'oset‘ulorcs,
2783 3330 2812 3369 a
2868 3316 3066 3384 quibus
3126 3316 3179 3370 in
3221 3326 3333 3370 tuta
3367 3320 3488 3370 lora

1904 3407 2328 3467 deducerentur,
2376 3422 2403 3457 a
2456 3405 2706 3458 Romano
2765 3423 2937 3475 usque
3000 3409 3063 3460 ad
3136 3408 3484 3461 Antiochiam

1902 3498 2097 3552 additi.
2126 3496 2281 3551 Tarsi
2320 3497 2504 3551 fanum
2545 3507 2676 3553 tune
2720 3499 2771 3551 in
2802 3500 3080 3553 stabulum
3114 3500 3266 3561 abiit.
3294 3515 3493 3568 sugge-

1904 3598 2023 3643 stus
2059 3590 2109 3641 in
2139 3589 2348 3658 ignem;
2386 3591 2514 3642 urbs
2555 3590 2681 3642 aliis
2720 3591 2916 3644 incolis
2954 3600 3008 3645 et
3054 3593 3211 3645 novis
3247 3590 3489 3646 aedificiis

1902 3692 2065 3749 atque
2095 3682 2445 3735 munimentis
2480 3681 2775 3735 instructa.
2817 3680 2948 3735 Dein
2982 3682 3233 3735 redibant
3257 3682 3482 3752 quidam

1903 3773 2161 3841 paulatim
2236 3774 2299 3826 ad
2362 3773 2622 3841 pristinas
2684 3774 2861 3835 sedes,
2915 3775 3005 3829 alii
3073 3790 3303 3842 prorsus
3376 3790 3484 3827 non

1900 3876 2273 3929 excesserant,
2307 3865 2677 3918 Christianam
2711 3866 2867 3917 fidem
2906 3865 3163 3934 professi.
3196 3866 3291 3921 His
3328 3866 3490 3920 rebus

216 3970 273 4015 et
303 3960 540 4031 praedam
572 3968 775 4028 c0gunt
800 3955 1193 4019 incredibilem,
1220 3956 1308 4009 cui
1342 3954 1647 4010 deferendae
1668 3970 1793 4008 cum
1824 3991 1868 4049 ο
1902 3958 2068 4025 gestis
2101 3958 2308 4010 redibat
2340 3955 2628 4010 Romanus
2650 3955 3190 4027 Constantinopolin.

220 4067 331 4104 non
367 4048 698 4111 sufficerent,
730 4062 853 4116 qua:
890 4057 1087 4115 praesto
1120 4047 1345 4098 aderant
1376 4046 1645 4114 jumenta,
1684 4045 1794 4114 igni

217 4143 353 4194 dant
392 4155 514 4209 quin
545 4137 762 4192 auferre
792 4137 1107 4206 nequibant.
1133 4136 1355 4189 Decimo
1378 4136 1446 4189 ab
1473 4151 1536 4189 ea
1568 4137 1796 4189 victoria

218 4232 309 4285 die
352 4229 593 4297 receptui
630 4226 862 4280 canebat
895 4225 1237 4279 Domesticos
1282 4235 1333 4278 et
1364 4241 1582 4295 gravem
1615 4226 1791 4295 praeda

216 4323 525 4377 exercitum
555 4319 853 4374 deducebat
884 4332 977 4386 per
1006 4333 1196 4387 agrum
1233 4314 1613 4381 llalebensem,
1645 4318 1796 4386 pagis

218 4412 655 4483 parcens,jussis
675 4408 1046 4463 tantummodo
1070 4408 1279 4463 colonis
1298 4422 1477 4461 serere
1494 4415 1548 4461 et
1582 4409 1795 4473 colere;

217 4508 396 4558 altero
433 4518 577 4557 anno
606 4517 664 4557 se
694 4502 992 4555 rediturum
1025 4511 1078 4554 et
1110 4499 1291 4568 fruges
1324 4510 1795 4569 comportaturum

217 4614 364 4653 CSSC.

292 4757 371 4826 (l)
406 4753 514 4822 ipsi
545 4750 855 4826 imperatori
891 4751 1197 4826 Nicephoro
1241 4752 1449 4826 Phocag
1482 4753 1670 4807 tribuit
1698 4754 1798 4809 Ce-

216 4822 425 4883 dren’us
459 4825 867 4890 occupationem
893 4822 1157 4876 Anazarbi
1183 4840 1234 4891 p.
1264 4826 1390 4887 666,
1422 4823 1541 4885 D;e
1568 4840 1676 4893 quo
1707 4840 1800 4891 pa-

218 4909 293 4952 tet
320 4894 643 4950 Abulfedam
683 4904 989 4959 temporum
1031 4894 1275 4947 ordinem
1308 4894 1559 4960 turbare;
1598 4894 1799 4948 Cedre-

223 4986 324 5022 nus
354 4968 468 5019 haec
494 4978 637 5017 anno
663 4962 948 5029 Nicephori
976 4963 1166 5016 Phoca:
1188 4964 1536 5032 imperatoris
1561 4967 1800 5019 secundo

220 5037 471 5098 ascribit,
517 5036 611 5103 qui
665 5035 717 5085 in
774 5035 839 5084 A.
887 5033 1017 5086 Chr.
1052 5033 1156 5087 961
1204 5035 1410 5087 incidit.
1447 5032 1506 5085 R.
1562 5062 1630 5071 —
1660 5037 1798 5088 Cum

219 5109 489 5227 3‘1“;ng
528 5118 710 5158 tamen
744 5106 1015 5157 consentit
1050 5103 1472 5170 Bar-llebrteus;
1501 5106 1611 5159 vid.
1644 5120 1795 5175 supr.

220 5195 273 5227 [.
389 5218 397 5226 .
481 5215 494 5227 .

292 5250 371 5316 (Ξ)
410 5247 539 5366 me;
576 5244 785 5313 argenti
814 5244 1258 5301 continet~decies
1296 5245 1447 5302 mille
1474 5260 1671 5302 numos
1708 5260 1798 5300 ar-

292 5329 473 5366 ηιυος.
495 5356 509 5366 .
549 5355 561 5366 .

256 5329 473 5371 enteos.
495 5329 561 5366 Α.

224 5337 473 5389 genteos.
495 5337 561 5366 Α.

294 5392 372 5455 t5)
405 5388 489 5440 Cl.
520 5386 853 5458 Clinaeinum
892 5400 943 5452 p.
970 5384 1075 5439 223
1098 5393 1151 5439 et
1178 5385 1284 5458 224
1326 5386 1635 5458 (interpret.
1671 5388 1789 5443 Lat.

220 5460 327 5513 278
355 5454 490 5525 etp.
524 5454 675 5528 286.)
728 5456 819 5524 qui
854 5467 1168 5524 septenncm
1203 5454 1376 5511 fuisse
1423 5454 1791 5528 captivitati-n1

222 5528 402 5583 Abu-l'
417 5526 558 5580 erasi
591 5525 688 5589 ait,
714 5536 768 5577 et
799 5540 943 5580 anno
971 5528 1188 5580 demum
1223 5528 1328 5581 555
1352 5525 1581 5582 solutam
1606 5570 1621 5594 ,
1667 5545 1792 5583 cum

224 5598 550 5666 permutatio
575 5596 912 5664 captivorum
941 5596 1216 5650 Romanus
1245 5600 1384 5653 inter
1412 5612 1465 5651 et
1499 5600 1793 5655 illuslemos

222 5669 637 5737 institueretur.
669 5666 1235 5737 MemoratCedrenus
1287 5686 1341 5737 p.
1396 5669 1496 5722 657
1558 5673 1791 5737 aliquem

222 5738 523 5797 tlbabdaui,
562 5736 640 5789 vel
677 5738 880 5790 rectius
910 5736 1235 5797 Cliamdani.
1271 5736 1322 5790 li.
1348 5755 1397 5793 e.
1442 5736 1793 5793 llamdanitlze

222 5808 586 5880 Seil’eddaule
628 5807 859 5880 allinem,
910 5823 1071 5880 quem
1140 5811 1486 5880 Ἀπολεισάηρ
1534 5813 1787 5879 appellat,

223 5892 437 5948 captum
466 5887 520 5933 et
548 5877 1014 5947 Constantinopoli
1057 5881 1377 5948 prolurtuiu
1434 5877 1484 5935 in
1517 5877 1787 5952 triumpho

1828 5329 1876 5387 ι)
1902 5330 1988 5375 est
2020 5319 2280 5375 Abulfeda
2328 5319 2561 5388 p._497;
2602 5318 2673 5372 cl.

2518 4049 2552 4101 l.
2592 4050 2628 4102 t.
2658 4064 2709 4117 p.
2745 4049 2872 4103 487.

1969 4142 2131 4195 Anno
2149 4139 2369 4195 CCCLV
2403 4139 2515 4211 (qui
2546 4141 2635 4193 die
2660 4140 2730 4194 27
2753 4140 2881 4194 Der.
2913 4138 2977 4193 A.
3000 4138 3131 4193 Chr.
3164 4139 3270 4193 965
3300 4139 3485 4209 erepit)

1899 4234 2264 4288 excurrebant
2290 4232 2462 4286 Grzeci
2498 4234 2548 4285 iu
2584 4246 2773 4301 agrum
2806 4229 3206 4284 Musleniicum.
3263 4226 3481 4282 Primus

1901 4326 2140 4394 impetus
2172 4325 2425 4378 Amidam
2481 4325 2730 4392 perculit,
2791 4330 2905 4375 tum
2963 4322 3133 4375 missa
3182 4321 3319 4375 facta
3367 4322 3489 4388 ejus

1900 4418 2208 4479 obsidione,
2268 4415 2617 4481 Nisibinam;
2654 4415 2779 4469 inde
2808 4414 3134 4485 transgressi
3177 4429 3207 4467 e
3235 4412 3489 4482 MesOpo-

1901 4511 2069 4564 tamia
2108 4510 2158 4575 in
2190 4508 2427 4579 Syriam,
2464 4507 2555 4561 diu
2608 4508 2887 4561 haerebant
2929 4510 3070 4560 circa
3105 4506 3487 4572 Antiochiam;

1911 4602 2127 4656 tandem
2162 4600 2393 4654 Tarsum
2440 4602 2781 4669 repetebant.

1911 4761 2099 4816 fuisse.
2141 4759 2397 4812 Diversus
2428 4766 2513 4811 est
2542 4773 2573 4811 a
2603 4766 2792 4811 nostro
2821 4755 3199 4814 Abn-Feraso.
3230 4756 3294 4807 de
3330 4756 3489 4822 cujus

1910 4832 2234 4899 captivitate
2272 4828 2463 4892 Graeci,
2510 4840 2774 4896 quantum
2813 4828 2956 4889 novi,
3012 4844 3120 4880 non
3156 4836 3488 4899 memorant.

1910 4894 2081 4963 lllius,
2115 4914 2277 4967 quem
2340 4894 2538 4951 laudat
2584 4900 2887 4961 Cedrentts,
2930 4912 3125 4951 nomen
3167 4904 3269 4967 est
3296 4894 3490 4967 Abti‘l-

1908 4964 2192 5037 Aschajer.
2228 4967 2613 5035 Cenealogiam
2648 4969 2766 5035 ejus
2814 4984 2919 5019 non
2957 4965 3355 5037 constituerim.
3391 4964 3482 5037 El-

1907 5034 2298 5094 macinhseum
2333 5034 2565 5107 appellat
2590 5034 3018 5105 Abulasajirum,
3057 5037 3225 5107 lilium
3264 5034 3491 5107 llaseni',

1907 5111 2174 5164 vicarium
2230 5104 2608 5173 Seife'd'daulte,
2639 5104 2851 5161 scilicet
2900 5110 2952 5159 in
3008 5121 3131 5160 arce
3180 5104 3492 5173 Tel-Patrio

1905 5196 2141 5248 eumque
2182 5180 2235 5232 in
2271 5193 2485 5233 carcere
2516 5177 2993 5248 Constantinopoli
3026 5177 3257 5248 periisse
3286 5177 3380 5227 ait.
3416 5172 3485 5227 R.

1904 5246 2305 5315 Qtiad‘rienncm
2326 5250 2694 5317 captivitatem
2720 5246 3053 5301 Abu-Ferasi
3089 5247 3488 5317 fuisse,auctor

2712 5326 2969 5386 praeterea
3015 5317 3081 5369 de
3138 5314 3321 5369 Abu-F
3326 5329 3491 5386 eraso

1903 5408 2025 5461 quae
2069 5383 2343 5443 annotant'
2384 5386 2467 5443 Cl.
2508 5383 2725 5457 Freitag
2771 5388 2839 5441 ad
2891 5386 3002 5441 Sel.
3059 5401 3125 5441 ex
3183 5387 3310 5441 hist.
3360 5383 3483 5439 Hal.

1903 5476 1954 5513 ι).
1992 5461 2111 5513 158.
2152 5462 2274 5513 159.
2304 5459 2364 5511 L.

1975 5532 2051 5602 (4)
2084 5531 2380 5602 Confnndit
2420 5536 2608 5583 noster
2633 5527 3165 5602 li.‘l.__tempor_ahet
3205 5523 3485 5579 homines.

1896 5596 2167 5657 chtierat
2192 5601 2399 5656 dixisse
2429 5621 2441 5654 :
2467 5613 2610 5651 anno
2632 5598 2734 5653 360
2764 5597 2987 5662 (Christi
3018 5596 3140 5664 969)
3168 5602 3490 5664 peremptus

1894 5675 1999 5728 fuit
2031 5672 2310 5725 Romanus
2366 5672 2659 5738 imperator
2715 5668 3078 5736 (Nicephorus
3124 5662 3362 5738 'P_hoca_s)
3421 5671 3479 5716 et

1891 5746 1981 5814 qui
2020 5742 2284 5796 hactenus
2308 5733 2645 5814 Doriiesticus
2666 5733 3123 5814 lueratLJoannes
3144 5733 3477 5814 'l‘_z:_imis_ces.

1892 5803 1944 5867 in
1988 5815 2108 5879 ejus
2138 5813 2312 5866 locum
2344 5812 2643 5879 successit.
2666 5808 2799 5861 Nam
2844 5807 3144 5869 Romanus,
3176 5803 3479 5879 Nicgphori

1892 5872 2230 5946 ant-.‘cessor,
2269 5881 2590 5952 ja-ududuni
2626 5878 2741 5934 fato
2774 5894 2871 5933 suo
2903 5879 3228 5933 decesserat.
3263 5872 3330 5927 Β.
