4178 6522
679 437 814 506 1019

1622 432 2014 492 EXCERP’I‘A
2053 432 2156 491 EX
2193 430 2590 492 IIISTORlIS
2629 431 2946 492 ARABUM

3787 431 3936 494 1029

751 551 950 606 Eodem
987 541 1247 600 liberabat
1270 541 1613 598 Seifcddaula
1649 559 1806 596 suum
1833 541 2066 602 allinem,
2101 543 2246 596 Abu-
2279 549 2323 602 Α
2355 544 2406 594 in
2439 543 2696 597 sat-ellum
2722 543 2964 612 aliquod,
2991 540 3278 612 Nicephori
3309 539 3564 598 cubiculo
3589 543 3932 610 proximum,

678 645 936 697 Ferasum
974 637 1395 700 llamdanidam,
1431 650 1461 690 c
1501 634 1752 697 vinculis,
1809 633 1950 686 facta
2001 635 2248 702 captivo-

679 751 798 790 rum
852 730 1272 802 permutatirmc,
1315 745 1410 797 per
1443 743 1604 796 quam
1642 725 2027 780 Muslemorum
2059 726 2248 795 ingens

681 823 974 880 multitudo
1001 822 1307 876 libertatem
1344 818 1706 888 recuperavit.

1313 915 1348 966 1.
1381 913 1416 964 1.
1453 927 1506 980 p.
1541 911 1667 965 505.

751 1009 962 1062 Interea
995 1007 1123 1060 dum
1167 999 1576 1068 Mesopotamia:
1623 999 1824 1052 domini
1873 999 2018 1050 hunc
2045 996 2098 1049 in
2136 1011 2252 1050 mo-

679 1101 808 1152 dum
844 1098 1115 1153 intestinis
1157 1095 1311 1148 bellis
1343 1093 1442 1162 ipsi
1480 1108 1597 1146 sese
1627 1093 1885 1154 lacerant,
1917 1091 2002 1142 via
2037 1087 2254 1157 patebat

681 1193 942 1245 Romanis
989 1204 1082 1258 per
1113 1187 1324 1257 Syriam
1381 1199 1552 1253 usque
1601 1182 1667 1235 ad
1724 1181 1990 1250 Tripolin.
2057 1177 2252 1232 Arcem

679 1283 854 1336 Erach
882 1279 1228 1349 expugnabat
1261 1290 1449 1330 eorum
1497 1275 1814 1342 imperator.
1845 1272 1970 1324 lmle
2003 1270 2256 1324 tendebat

685 1371 1181 1438 Emessam,quam
1247 1367 1440 1420 incolis
1493 1381 1718 1419 vacuam
1775 1363 2030 1416 facillime
2063 1371 2255 1415 nactus

685 1463 1046 1532 (ulvenientis
1103 1471 1310 1512 terrore
1343 1458 1576 1527 patriam
1608 1457 2004 1524 deseruerant),
2042 1453 2254 1522 injectis

685 1556 902 1618 ignibus
947 1551 1310 1623 pervastabat.
1364 1551 1444 1604 Ab
1476 1565 1536 1603 ea
1571 1549 1892 1602 excursione
1927 1546 2134 1600 redibat
2186 1543 2252 1597 ad

682 1657 914 1700 tractum
941 1647 1296 1706 maritimmn,
1318 1657 1476 1709 quem
1511 1641 1718 1708 rapinis
1741 1649 1790 1692 et
1817 1637 2256 1708 populationibus

685 1739 984 1800 destdabat,
1019 1751 1068 1790 et
1097 1735 1400 1789 octodecim
1439 1743 1729 1802 suggestus
1775 1735 1824 1800 (c
1857 1729 2077 1783 totidem
2113 1727 2255 1782 fanis

687 1829 1008 1899 majoribus)
1057 1827 1324 1897 ejiciebat.
1367 1825 1662 1892 POSIquam
1693 1823 1798 1876 duo
1852 1837 2066 1874 menses
2097 1820 2254 1872 incu-

686 1923 894 1976 buisset
922 1921 1114 1990 Syrizc,
1149 1919 1334 1972 abibat
1365 1919 1586 1970 domum
1627 1915 1802 1984 praeda
1847 1913 2030 1982 gravis
2075 1921 2126 1966 et
2158 1925 2252 1965 ca-

682 2012 846 2081 ptivis
871 2027 1096 2063 numero
1130 2009 1270 2062 haud
1302 2009 1460 2062 facile
1491 2005 1936 2075 complectendis.

758 2102 918 2155 Anno
953 2099 1202 2156 CCCLIX
1233 2101 1346 2172 (qui
1372 2099 1460 2154 die
1485 2099 1549 2152 15
1581 2099 1719 2152 Nov.
1763 2101 1826 2151 A.
1857 2098 1987 2151 Chr.
2014 2096 2115 2150 969
2142 2108 2258 2148 coe-

691 2195 788 2264 pit)
813 2209 1004 2250 rursus
1032 2194 1358 2248 invadebant
1383 2191 1613 2248 Romani
1637 2191 1872 2261 Syriam,
1891 2199 1944 2242 et
1969 2187 2258 2241 Antiochia

691 2287 954 2340 violenter
994 2296 1303 2356 expugnata
1333 2285 1682 2352 aedibusque
1712 2290 1765 2336 et
1813 2281 2015 2350 rapinis
2063 2295 2256 2348 perva-

688 2387 850 2441 stata,
881 2377 1144 2432 llalebum
1178 2377 1458 2445 petebant,
1508 2391 1671 2445 quam
1709 2373 1957 2428 Corubeh
2013 2373 2087 2440 (5)
2131 2380 2260 2424 tunc

689 2471 930 2524 tenebat.
967 2468 1325 2522 Seifeddaulac
1363 2469 1716 2537 mancipium,
1758 2465 1874 2519 heri
1911 2463 2044 2528 lilio,
2071 2463 2260 2516 Abu‘l-

689 2557 887 2612 Manlio
924 2559 1176 2613 Scltalifo
1203 2567 1498 2621 extortam,
1557 2567 1614 2610 ut
1673 2555 1833 2609 modo
1865 2553 2120 2608 diximus.
2165 2551 2260 2606 llic

694 2652 748 2705 in
779 2667 960 2705 arcem
997 2667 1054 2704 se
1081 2657 1380 2718 receperat,
1417 2650 1550 2703 urbe
1587 2649 1732 2702 hosti
1779 2647 2068 2718 permissa.
2101 2643 2256 2698 Obsi-

686 2741 848 2794 dione
887 2742 952 2796 ad
985 2743 1244 2810 temporis
1268 2740 1484 2810 aliquod
1509 2739 1754 2802 tolerata,
1789 2749 1976 2806 pactus
2009 2735 2261 2790 Corubeh

687 2841 896 2888 certum
925 2850 1166 2888 annuum
1201 2835 1462 2888 tributum
1499 2848 1598 2902 pro
1629 2832 1830 2886 llalebo
1853 2839 1906 2885 et
1933 2845 2064 2902 agro
2092 2831 2260 2894 circa,

689 2925 972 2980 Romanos
1006 2927 1301 2990 avertebat,
1334 2926 1566 2994 sumptis
1605 2939 1787 2978 secum
1823 2922 2106 2978 obsidibus
2167 2921 2264 2974 ab-

691 3029 905 3074 euntes.
937 3017 1011 3072 lta
1037 3019 1187 3074 locus
1219 3019 1394 3072 fartus
1430 3017 1706 3072 llluslemis
1729 3016 1792 3069 ad
1819 3014 2072 3086 pristinas
2106 3012 2262 3067 sedes

689 3111 1111 3164 revertentibus.
1166 3108 1316 3162 .Ittris
1361 3107 1681 3162 llalebensis
1731 3115 1908 3160 autem
1947 3113 2058 3158 tum
2109 3111 2266 3156 erant

693 3201 775 3254 ha:
811 3213 1078 3269 primum,
1129 3199 1378 3262 llamata,
1408 3202 1654 3262 Emessa,
1675 3195 2002 3260 Cafar-Tab,
2032 3196 2262 3260 Maarra,

687 3293 948 3360 Apamea,
981 3291 1241 3347 Schaizar
1271 3303 1323 3346 et
1353 3293 1436 3346 bis
1466 3293 1744 3356 interiecta
1775 3291 1914 3344 loca.

761 3385 816 3436 lu
847 3385 1096 3436 Armenia
1125 3399 1342 3454 quoque
1387 3383 1560 3438 Graeci
1617 3380 2010 3436 Malazcardam
2063 3379 2138 3450 (li)
2169 3393 2268 3446 op-

687 3475 1110 3546 pugnabanLUt
1147 3479 1336 3547 paucis
1369 3479 1722 3546 complectar,
1760 3485 1908 3528 totus
1942 3473 2028 3525 ille
2059 3481 2266 3524 tractus

692 3570 859 3638 Syria-
893 3569 1216 3630 maritimus,
1249 3579 1300 3624 et
1327 3569 1602 3639 quaecirca
1637 3567 1974 3636 Euphraten,
2007 3564 2268 3632 patebant

693 3661 1006 3712 Graecorum
1040 3660 1256 3714 libidini
1287 3701 1301 3726 ,
1339 3661 1554 3714 neruine
1583 3675 1758 3728 neque
1783 3659 1992 3711 hostem
2027 3665 2264 3719 arcente,

695 3767 868 3821 neque
897 3761 1070 3805 terras
1096 3761 1296 3816 tuente,
1327 3751 1598 3820 przesidils
1621 3760 1674 3804 et
1699 3757 1914 3804 rectore
1939 3745 2192 3800 nudatas.

1299 3845 1336 3898 l.
1377 3843 1414 3897 l.
1469 3860 1522 3911 p.
1557 3843 1678 3897 507.

765 3935 908 3990 Deus
941 3945 1117 3990 tanten
1169 3937 1380 3990 afﬂictis
1411 3935 1692 3990 blualemis
1732 3937 2042 4004 praesidium
2084 3939 2272 3992 aderat

692 4039 745 4082 et
775 4029 1034 4082 liberator
1061 4043 1090 4081 e
1121 4028 1284 4080 tantis
1307 4027 1596 4096 angustiis.
1631 4027 1722 4081 Ille
1746 4031 1888 4082 enim
1927 4029 2042 4095 ipse
2067 4028 2272 4082 Roma-

695 4137 797 4175 nus
829 4121 1148 4190 imperator,
1186 4135 1347 4188 quem
1387 4121 1648 4174 hactenus
1683 4121 1734 4172 in
1777 4119 2153 4174 Muslemicam
2190 4121 2272 4174 di-

694 4213 900 4266 tionem
951 4214 1086 4267 adco
1145 4213 1454 4267 saevientem
1497 4213 1756 4277 vidimus,
1811 4213 1904 4281 qui
1957 4227 2054 4282 spe
2107 4223 2272 4282 atque

693 4305 950 4373 cupidine
989 4313 1154 4358 totam
1187 4302 1398 4374 Syriam
1423 4303 1531 4368 jam
1559 4304 1936 4368 devoraverat,
1962 4305 2054 4373 qui
2083 4305 2272 4359 orbem

695 4395 908 4450 lideletn
968 4404 1176 4448 terrore
1239 4394 1323 4448 sui
1374 4393 1762 4461 compleverat,
1825 4395 1927 4446 hoc
1959 4395 2076 4463 ipso
2127 4411 2274 4450 anno

699 4487 1061 4541 muliebribus
1083 4485 1300 4540 insidiis
1321 4485 1604 4540 occubuit.
1641 4485 1772 4538 Erat
1799 4486 1886 4538 ille
1918 4487 2274 4555 Nicephorus,

694 4579 786 4648 qui
816 4579 1360 4644 sublatodecessore,
1391 4593 1490 4632 suo
1561 4593 1704 4646 rege,
1753 4594 1978 4632 uxorem
2036 4581 2154 4646 ejus
2207 4581 2258 4632 in
2305 4603 2347 4657 ο

699 4671 1106 4724 matrimonium
1140 4670 1368 4722 duxerat
1407 4670 1577 4738 stirpe
1603 4679 1756 4724 ortus
1780 4685 1886 4722 non
1914 4671 2081 4738 regia,
2109 4671 2273 4738 idque

697 4765 882 4816 animo
908 4765 1171 4832 agitabat,
1197 4771 1254 4815 ut
1286 4762 1588 4828 superioris
1623 4763 1766 4815 thori
1803 4763 2103 4815 maseulam
2138 4779 2268 4831 pro-

701 4859 800 4910 lem
831 4867 1134 4914 exsecaret,
1176 4869 1284 4922 quo
1315 4869 1428 4907 suae
1483 4853 1686 4922 regiam
1731 4855 2048 4924 dignitatem
2084 4871 2276 4924 perpe-

702 4959 847 5002 tuam
867 4957 1156 5000 assereret.
1187 4945 1292 5000 Sed
1321 4945 1602 5016 indignum
1629 4956 1682 4999 et
1701 4947 2040 5000 intolerabile
2063 4947 2276 5002 facinus

700 5039 965 5092 detestata
1013 5047 1066 5090 et
1107 5037 1370 5106 impedire
1403 5039 1582 5090 nitens
1614 5051 1906 5104 puerorum
1941 5047 2116 5091 mater
2142 5053 2278 5092 con-

703 5129 944 5198 Spirabat
970 5143 1094 5182 cum
1133 5127 1440 5181 Domestico
1494 5129 1546 5180 in
1579 5128 1676 5180 viri
1709 5129 1934 5192 eaedem,
1980 5138 2186 5183 structo
2222 5129 2276 5183 in

704 5222 850 5274 hunc
881 5221 1099 5274 modum
1132 5219 1278 5274 dolo.
1316 5217 1600 5282 Conscios,
1640 5217 2010 5274 Domesticum
2040 5231 2170 5290 puta
2223 5229 2280 5276 et

701 5314 818 5381 ejus
845 5312 1072 5376 amicos,
1109 5311 1294 5365 habitu
1331 5310 1582 5364 muliebri
1616 5311 1974 5378 deformatos,
2010 5313 2078 5366 de
2109 5321 2270 5368 nocte

777 5445 853 5514 (ii)
883 5445 940 5499 In
968 5445 1237 5512 excvrptis
1265 5459 1326 5496 ex
1361 5443 1590 5497 historia
1625 5443 1814 5498 Halebi
1848 5443 1988 5498 infra
2019 5445 2282 5498 exhiben-

705 5517 788 5568 dis
813 5517 1069 5569 sci-ibitur
1097 5515 1198 5566 hoc
1243 5529 1440 5566 nomen
1469 5515 1816 5584 tiarghujah;
1847 5517 2014 5580 quod,
2053 5517 2152 5568 nisi
2184 5517 2284 5568 fal-

708 5587 810 5646 lor,
841 5595 986 5640 recte
1014 5601 1071 5636 se
1098 5585 1258 5636 habet
1279 5601 1292 5646 ;
1317 5587 1538 5637 omissis
1555 5586 1698 5637 enim
1735 5587 2280 5652 punctisdiacriticis,

707 5657 906 5722 quibus
931 5656 1340 5723 distinguuntur
1375 5657 1566 5708 littera:
1595 5653 1766 5708 Gltain
1801 5665 1854 5708 et
1885 5654 1961 5708 Ye
2002 5656 2070 5708 ab
2101 5655 2202 5708 Ain
2232 5667 2285 5710 et

711 5723 804 5786 lle,
867 5725 1022 5778 facile
1072 5725 1348 5792 corrumpi
1399 5725 1571 5792 p0tuit
1619 5743 1816 5778 nomen
1877 5727 2008 5778 illud
2059 5726 2112 5778 iu
2175 5727 2286 5780 Co-

711 5795 904 5847 rubch.
946 5793 1009 5848 L.

785 5865 860 5936 (6)
899 5863 1245 5920 Μιι1ίιιςὶιῑι1ιι·
1277 5867 1731 5934 Oppugnationetn
1767 5865 2074 5924 l-lln'acinus
2109 5883 2154 5936 ιι.
2181 5867 2284 5920 23:0

2357 633 2766 694 introducebat;
2827 643 2880 686 et
2934 642 3166 702 tyranno
3241 631 3570 702 profundum
3639 643 3932 698 stertente,

2355 721 2674 792 foribusque
2695 725 2988 786 obseratis,
3029 724 3145 787 ipsa
3183 739 3414 792 surgens
3455 739 3549 792 per
3579 739 3698 778 eam
3731 733 3932 794 portu-

2353 815 2462 868 lam
2493 815 2890 870 intromittebat
2909 829 3282 884 percussores,
3311 829 3408 883 per
3433 830 3594 884 quam
3613 829 3646 868 e
3667 815 3930 870 cubiculo

2355 907 2536 962 aditus
2583 908 2646 962 ad
2693 906 2950 960 sacellum
2985 908 3222 976 patebat.
3255 904 3442 975 Itaque
3475 921 3764 976 aggressus
3797 907 3934 960 dor-

2357 1001 2613 1052 mientem
2647 995 3010 1067 Nicephorum
3043 998 3326 1068 jugulabat
3361 997 3730 1064 Domesticus,
3783 997 3934 1052 Deus

2356 1101 2536 1144 autem
2571 1091 2691 1159 ejus
2715 1091 3022 1146 ministerio
3045 1089 3284 1159 quietem
3329 1092 3528 1160 populo
3561 1106 3662 1145 suo
3689 1107 3720 1145 a
3757 1093 3934 1144 mole-

2357 1181 2601 1236 stissimo
2633 1193 2888 1236 vexatore
2917 1181 3227 1250 praestabat.
3251 1181 3588 1236 Domesticus
3610 1182 3732 1236 inde
3755 1197 3932 1236 unum

2355 1287 2421 1328 ex
2453 1273 2814 1340 impcratricis
2851 1275 2998 1336 ﬁliis,
3033 1289 3064 1328 e
3103 1275 3286 1343 priore
3315 1274 3688 1338 matrimonio,
3723 1283 3780 1328 rt
3833 1291 3934 1344 ge-

2358 1364 2528 1418 nuino
2553 1367 2820 1434 sanguine
2846 1365 2996 1434 regio
3021 1375 3292 1426 creatum,
3315 1365 3622 1436 Augustum
3651 1383 3938 1434 ntmcupa-

2359 1457 2472 1510 bat.
2507 1456 2580 1510 De
2609 1467 2806 1511 c:etero
2863 1457 3204 1512 Domesticus
3249 1459 3296 1511 is
3343 1459 3668 1527 appellatur,
3705 1459 3796 1528 qui
3847 1475 3936 1512 re-

2357 1551 2576 1618 gionum
2605 1549 3024 1620 Byzantinarum
3053 1551 3131 1604 eis
3155 1547 3566 1620 Hellespontum
3593 1551 3646 1604 in
3667 1551 3936 1606 orientem

2357 1650 2730 1710 porrectarum
2759 1657 2949 1696 curam
2991 1645 3152 1712 gerit.

2957 1765 2998 1818 l.
3036 1765 3072 1818 l.
3109 1763 3328 1834 p.51].

2283 1892 2328 1952 Β
2429 1877 2584 1931 Anno
2617 1875 2864 1931 CCCLXI
2902 1877 3016 1947 (qui
3047 1877 3134 1932 die
3168 1877 3238 1932 25
3273 1878 3394 1932 Oct.
3423 1877 3486 1932 Α.
3517 1878 3648 1934 Chr.
3681 1881 3776 1936 971
3819 1897 3934 1936 οω-

2361 1971 2457 2040 pit)
2513 1970 2843 2022 invadebant
2895 1969 3067 2024 Graaei
3127 1969 3394 2040 Djeziram
3447 1971 3508 2042 ti.
3543 1971 3940 2042 e.Me50pota--

2363 2059 2548 2124 tniam)
2575 2057 2858 2122 Edessam,
2883 2059 3204 2120 Nisibinam,
3225 2059 3572 2128 czedihusque
3606 2065 3942 2128 grassaban-

2363 2157 2449 2202 tur
2471 2159 2524 2201 et
2559 2149 2804 2216 rapinis;
2841 2159 3032 2202 contra
3085 2165 3224 2218 quos
3267 2151 3530 2204 auxilium
3583 2151 3944 2220 implorantes

2365 2239 2673 2308 Bagdadum
2711 2241 3058 2294 confluebant
3093 2251 3341 2295 extorres
3376 2240 3646 2297 Muslemi.
3681 2243 3836 2309 Quod
3884 2247 3940 2299 in

2371 2333 2661 2385 tumultum
2709 2331 2921 2400 plebem
2972 2330 3330 2402 Bagdadicam
3387 2337 3716 2390 concitabat.
3749 2334 3942 2392 Perfe-

2363 2433 2560 2477 runtnr
2603 2424 2924 2476 miserorum
2977 2425 3330 2493 querimoniae
3389 2426 3452 2479 ad
3521 2425 3932 2494 Bochtciartnn,

2363 2513 2598 2583 Bagtladi
2631 2531 2948 2585 supremum
3001 2515 3266 2580 Emirum,
3325 2520 3616 2573 venatione
3649 2527 3766 2574 tum
3801 2531 3944 2574 tem-

2363 2607 2513 2674 poiis
2555 2615 2913 2674 occupatum;
2985 2605 3078 2672 qui
3131 2615 3437 2674 promptam
3493 2605 3708 2674 quidem
3779 2622 3942 2674 Opem

2365 2699 2625 2760 laturum.
2650 2709 2702 2752 et
2735 2699 2920 2754 hostes
2953 2699 3153 2752 finibus
3183 2709 3506 2752 exacturum
3549 2701 3942 2769 promittebat;

2367 2791 2596 2859 ideoque
2619 2788 2845 2844 Cbalifm
2872 2793 3213 2846 necessarios
3249 2793 3580 2846 instruenda:
3607 2793 3944 2859 expeditioni

2367 2897 2616 2952 sumptus
2637 2885 2878 2953 rogabat,
2901 2883 3196 2938 etinvitum
3217 2885 3556 2952 multumque
3569 2885 3942 2938 obluctantem

2365 2976 2562 3044 Opibus
2593 2976 2732 3028 haud
2759 2975 3172 3030 contemnendis
3203 2975 3549 3044 emungcbat.
3583 2973 3731 3028 Vana
3761 2985 3946 3029 tannn

2367 3068 2470 3120 ista
2503 3067 2684 3120 omnia
2717 3077 2768 3120 et
2797 3067 2863 3119 ad
2897 3068 3134 3136 speciem
3171 3067 3580 3135 ludibriumque
3614 3069 3945 3137 composita.

2371 3157 2532 3222 Queri
2567 3158 2784 3227 quidem
2817 3157 3014 3212 Metius
3037 3159 3323 3228 pecuniam
3379 3161 3478 3213 sibi
3523 3159 3728 3212 nullam
3787 3175 3944 3224 esse;

2294 3251 2337 3309 ϐ
2378 3251 2588 3314 mirari,
2621 3265 2792 3320 quare
2835 3265 3088 3305 nummos
3123 3267 3152 3305 a
3185 3267 3243 3305 se
3277 3253 3580 3321 requirant,
3632 3253 3719 3306 cui
3753 3265 3948 3321 pr:eter

2371 3343 2604 3395 neminis
2635 3343 2860 3410 gloriam
2891 3352 2940 3395 et
2984 3341 3267 3412 dignitatis
3315 3344 3367 3396 in
3425 3343 3656 3411 publicis
3693 3345 3948 3412 precibus

2371 3435 2630 3502 Speciem,
2673 3435 2726 3486 in
2786 3433 3134 3488 facultatibus
3187 3445 3242 3487 et
3294 3435 3622 3489 auctoritate
3675 3435 3946 3504 reliquum

2373 3527 2508 3579 nihil
2547 3525 2795 3579 fecerint.
2843 3523 2898 3576 Si
2935 3533 3113 3578 tamen
3149 3527 3335 3594 inique
3361 3541 3544 3579 secum
3577 3541 3740 3594 agere
3767 3529 3948 3580 decre-

2371 3618 2598 3679 vissent,
2629 3618 2787 3672 malle
2812 3615 3143 3670 Chalil'atum
3175 3616 3414 3686 ejurare.
3453 3619 3522 3670 At
3553 3619 3738 3671 ridens
3775 3618 3950 3672 [loch-

2373 3711 2505 3764 teiar
2523 3709 2768 3772 frigidam
2789 3709 3216 3770 excusationem,
3234 3711 3480 3776 graviora
3497 3719 3546 3762 et
3567 3711 3950 3764 necessitatem

2375 3801 2757 3870 tergiversanti
2807 3801 3200 3854 admovendam
3245 3801 3576 3855 minabatur.
3607 3801 3952 3872 Quaprcqu.r

2372 3903 2594 3948 coaetus
2637 3893 2850 3947 Chalifa
2901 3895 3172 3948 vendebat
3233 3893 3648 3962 supellectilem,
3715 3895 3952 3964 indeque

2373 3995 2620 4040 coactum
2672 4001 2744 4039 aes
2790 3987 2854 4038 ad
2910 3987 3270 4056 quadraginta
3335 3987 3504 4038 millia
3561 3986 3952 4040 drachmarum

2374 4079 2622 4132 mittebat
2645 4077 2848 4131 Buidze.
2878 4077 2969 4130 Ille
2993 4089 3169 4131 autem
3199 4087 3407 4132 tantum
3429 4079 3632 4142 aberat,
3655 4088 3716 4130 ut
3735 4095 3822 4140 eo,
3849 4097 3956 4148 quo

2375 4171 2664 4238 llagitarat,
2721 4169 3074 4238 impenderet,
3101 4179 3184 4230 ut,
3208 4169 3300 4237 qui
3327 4170 3726 4238 expeditionem
3766 4183 3956 4222 contra

2375 4261 2594 4314 Graecos
2645 4262 2728 4315 vel
2761 4260 2922 4314 fando
2960 4261 3288 4322 nominaret,
3349 4261 3568 4314 auditus
3599 4277 3764 4314 nemo
3797 4277 3864 4314 ex
3893 4279 3958 4314 eo

2375 4361 2618 4422 tempore
2643 4352 2826 4414 fuerit,
2853 4353 2945 4407 sed
2965 4353 3015 4404 in
3043 4353 3458 4406 necessnattbus
3485 4353 3809 4422 deliciisque
3841 4355 3956 4408 suis

2379 4447 2654 4514 perdebat.
2687 4444 2810 4498 lude
2837 4446 3102 4514 jactatum
3153 4445 3382 4514 Bagdadi
3420 4444 3519 4498 fttit
3567 4446 3790 4514 vulgate
3827 4447 3856 4498 i|
3887 4447 3956 4498 ud

2380 4553 2645 4600 scomma,
2677 4539 2962 4590 multatum
2992 4537 3258 4590 Chalilam
3307 4553 3336 4590 a
3395 4537 3724 4590 Bochtciaro
3783 4537 3956 4590 fuiSse

2381 4631 2662 4698 (tanquam
2697 4627 3010 4680 inferiorem
3043 4643 3071 4680 a
3103 4629 3339 4697 potiore,
3369 4635 3462 4680 aut
3495 4637 3708 4681 sontem
3739 4643 3768 4681 a
3817 4643 3960 4697 prae-

2383 4723 2542 4790 tore).

2988 4833 3024 4885 l.
3055 4831 3092 4886 l.
3127 4848 3180 4901 p.
3205 4833 3331 4888 515.

2451 4942 2608 4996 Anno
2625 4941 2894 4996 CCC-LXII
2921 4943 3034 5010 (qui
3055 4943 3140 4996 die
3167 4943 3222 4995 11
3252 4941 3370 4997 Oct.
3395 4943 3460 4995 Α.
3485 4942 3614 4998 Chr.
3639 4946 3746 5000 972
3773 4950 3960 5018 corplt)

2381 5032 2708 5086 excurrebat
2750 5031 3088 5086 Domesticus
3141 5033 3192 5085 in
3245 5045 3476 5086 tractum
3531 5034 3960 5103 Majalarekanzr,

2381 5141 2542 5196 quem
2589 5125 3020 5193 deprzedahatur.
3067 5123 3201 5178 lluic
3238 5124 3532 5180 Muslemos
3582 5133 3962 5184 contemnenti

2382 5227 2436 5271 et
2464 5215 2685 5272 incauto
2715 5215 3424 5287 immittebatAbu-Taglab
3479 5220 3784 5272 exercitum
3838 5237 3964 5276 cum

2383 5306 2576 5374 fratre,
2650 5307 2950 5370 Ilebatalla,
3023 5309 3116 5377 qui
3167 5309 3356 5378 praelia
3421 5325 3758 5378 congressus
3829 5315 3968 5368 fudit

2384 5447 2452 5500 ad
2488 5459 2691 5516 annum
2723 5445 2828 5499 555
2877 5444 3062 5498 refert.
3103 5442 3237 5498 Nam
3273 5445 3430 5516 quod
3491 5445 3562 5498 ibi
3621 5445 3706 5499 bis
3767 5448 3972 5516 legitur

2385 5517 2526 5586 regio
2553 5515 2762 5576 Kerdre,
2794 5515 3046 5568 vitiosum
3075 5525 3160 5568 est
3187 5527 3240 5568 et
3270 5514 3536 5586 tlalazcar
3565 5514 3966 5583 reponendum.

2387 5585 2548 5640 Forte
2589 5586 2865 5638 conciliari
2903 5589 3108 5653 possint
3157 5586 3212 5638 hi
3261 5585 3368 5638 duo
3413 5596 3690 5648 auctores,
3727 5589 3774 5640 si
3813 5591 3970 5640 dit-as

2387 5657 2662 5710 Romanos
2695 5657 2837 5726 hanc
2878 5671 3082 5718 arcem,
3128 5669 3290 5726 quam
3344 5670 3488 5708 anno
3541 5655 3644 5708 353
3681 5670 3968 5726 Ceperant,

2387 5729 2642 5847 deuti-el}?
2673 5725 2942 5790 amisisse,
2975 5735 3028 5778 et
3063 5727 3164 5780 hoc
3209 5725 3430 5779 demum
3487 5741 3680 5781 rursus
3739 5741 3970 5796 recupe-

2391 5811 2556 5847 I‘JSSC.
2643 5835 2655 5846 .

2391 5811 2556 5850 t‘dssC.
2595 5797 2655 5848 li.
