4178 6522
229 434 355 496 1021

967 441 1063 499 DE
1106 441 1540 503 NlCEPIIORO
1576 446 1816 506 PilOCA
1861 449 1954 508 ET
1988 447 2281 509 JOAN’NE
2324 452 2697 514 TZHIISCE.

3342 453 3475 518 1022

225 552 459 612 Grrecos,
511 549 797 622 ipsumque
856 553 1000 622 cepit
1059 553 1464 620 Domesticiim;
1533 574 1692 625 quem
1739 558 1790 611 in
1835 553 1875 609 Λ
1904 559 2312 615 Domesticusin
2349 566 2618 625 inorbiim,
2649 566 2788 619 unde
2817 567 2994 635 periit,
3030 567 3262 623 invalida
3299 577 3476 624 inedi-

227 642 454 698 vinculis
487 642 553 696 ad
580 641 802 696 fratrem
834 643 1012 698 misit.
1042 643 1113 696 Ea
1158 646 1212 700 in
1249 647 1498 700 custodia
1532 648 1802 701 incidebat

1574 848 3406 874 ______.__________________________________

1909 656 2052 714 cina,
2092 668 2256 722 quam
2291 655 2640 726 Ahu-Taglab
2675 658 2775 726 ipsi
2809 660 3120 714 adhibebat.

3407 859 3442 873 ο.

298 1009 482 1095 lll.
563 1008 726 1096 EX
797 1009 1633 1100 CEMALEDJINI
1717 1013 2392 1106 ANNALIBUS
2462 1019 3406 1112 HALEBENSIBUS.

298 1342 412 1399 lloc
433 1359 576 1399 anno
599 1345 657 1414 (i.
685 1359 735 1398 e.
760 1359 904 1400 anno
929 1343 1069 1415 fugae
1101 1344 1228 1414 557)
1257 1348 1579 1402 excurrebat
1607 1364 1800 1418 agmen

227 1434 626 1501 Romanorum,
658 1446 769 1490 tum
811 1439 1074 1506 peditum,
1118 1446 1230 1491 tum
1265 1441 1534 1509 equitum,
1582 1457 1646 1495 ex
1700 1443 1800 1508 eis,

227 1530 319 1598 qui
351 1531 556 1584 linibus
587 1531 798 1598 imperti
858 1531 1075 1586 tuendis
1106 1531 1280 1584 relicti
1333 1542 1520 1598 erant;
1577 1547 1804 1586 numero

227 1633 384 1675 erant
406 1622 439 1674 Vl
465 1623 654 1676 millia.
678 1621 918 1676 Primum
949 1639 1136 1692 agrum
1154 1623 1506 1678 llalebcnsein
1533 1627 1802 1692 petebant.

227 1715 378 1779 Quos
407 1730 529 1767 eum
559 1729 850 1784 aggressus
880 1725 1026 1767 esset
1056 1713 1373 1785 Karghujah
1409 1732 1530 1768 cum
1558 1718 1803 1771 exercitu

229 1806 542 1870 llalebensi,
601 1814 794 1874 captus
846 1814 965 1869 est;
1019 1809 1135 1874 ipse
1181 1807 1399 1875 quidem
1462 1809 1624 1876 paulo
1684 1818 1807 1877 post

226 1898 422 1961 evasit,
470 1899 640 1965 capia:
684 1905 866 1951 autem
907 1897 1027 1965 ejiis
1057 1896 1253 1968 fugatae
1302 1908 1450 1961 sunt,
1505 1899 1690 1954 multis
1738 1916 1807 1955 ex

227 1989 562 2044 satellitibus
596 1988 955 2044 Seifeddaulie
995 2006 1026 2044 a
1060 1989 1326 2046 Romanis
1368 1995 1566 2060 captis.
1605 1993 1808 2048 Deinde

226 2083 525 2149 imperator
543 2081 912 2135 Romanorum
935 2081 1619 2138 Maahrra-Alnohinaiiam
1643 2085 1806 2138 ador-

229 2185 319 2227 tus
344 2182 448 2237 est,
479 2173 794 2242 oppidoque
819 2174 1046 2242 politiis.
1074 2173 1256 2227 fanum
1284 2176 1580 2228 maximum
1614 2183 1669 2231 et
1694 2193 1807 2231 ma-

221 2268 399 2335 jorem
434 2266 784 2320 aediﬁciorum
817 2278 1022 2336 partem
1045 2266 1182 2319 dirui
1209 2267 1394 2336 jussit.
1426 2265 1627 2322 Eodem
1651 2269 1810 2322 modo

227 2361 285 2414 iii
314 2359 893 2413 Maahrra-Mazriiiain
921 2361 1201 2425 sieviebat,
1252 2363 1372 2414 vitae
1430 2371 1612 2415 tamen
1656 2363 1810 2416 inco-

229 2456 427 2511 larum,
472 2467 704 2517 quorum
753 2451 889 2504 MCC
937 2461 1115 2515 erant,
1174 2453 1435 2521 pepercit.
1491 2469 1697 2521 eosque
1754 2453 1808 2506 in

229 2545 492 2597 ditionem
528 2543 830 2597 Romanam
863 2545 1108 2610 captivos
1156 2545 1515 2598 abdiiceiidos
1571 2545 1805 2598 curavit.

229 2635 373 2688 Tum
429 2651 718 2706 aggressus
775 2645 857 2690 est
903 2635 1288 2689 Caferthabam
1333 2645 1388 2689 et
1431 2636 1803 2701 Schaizarain,

1905 1353 2338 1424 Karghujahum,
2379 1352 2473 1422 qui
2534 1352 2818 1422 Hadjibus,
2874 1355 2913 1410 i.
2959 1369 3008 1410 e.
3062 1369 3248 1411 comes
3297 1357 3481 1426 palatii

1909 1447 2339 1502 Saahilaililaiila:
2365 1458 2504 1507 erat,
2540 1462 2811 1500 summam
2848 1463 3030 1501 rerum
3083 1447 3482 1503 Halebensiuni

1906 1542 2008 1596 sibi
2040 1556 2343 1608 arrogasse,
2373 1541 2672 1610 urbemque
2715 1539 3002 1605 llalebum,
3031 1556 3155 1597 arce
3179 1534 3484 1606 exstructa,

1908 1634 2187 1700 murisque
2210 1632 2447 1694 refectis,
2471 1633 2792 1698 munivisse,
2814 1649 2962 1687 socio
2988 1636 3140 1703 regni
3174 1637 3319 1689 facto
3345 1634 3484 1689 Bac-

1907 1723 2083 1791 djuro,
2117 1723 2203 1776 eiii
2238 1737 2432 1775 nomen
2459 1722 2628 1776 Emiri
2669 1723 2896 1776 inditum
2937 1727 3044 1788 sit;
3089 1725 3477 1789 imperatorem

1909 1827 2085 1870 aiitein
2113 1814 2516 1880 Romanorum,
2539 1815 2644 1868 hoc
2691 1816 2902 1877 audito,
2932 1816 3156 1870 domum
3191 1832 3477 1872 reversum

1908 1921 2064 1971 esse;
2095 1905 2294 1959 factum
2325 1919 2446 1959 esse
2472 1905 2572 1959 hoc
2611 1919 2757 1958 anno
2783 1906 2887 1959 558
2926 1921 3115 1960 mense
3131 1908 3485 1968 Muharrein;

1908 1997 2102 2053 deinde
2142 1996 2648 2060 Saahiladdaulam,
2687 1999 2965 2051 sociorum
3023 2013 3188 2051 manu
3235 2000 3485 2058 collecta,

1909 2105 2099 2142 mense
2126 2088 2483 2140 Ramadhano
2519 2086 2785 2140 lialebuni
2819 2103 3165 2157 oppugnasse
3182 2099 3235 2142 et
3267 2103 3485 2141 manum

1911 2195 2035 2234 cum
2065 2177 2378 2247 Karghujah
2417 2188 2469 2231 et
2501 2178 2770 2243 Bacdjiiro
2798 2181 3179 2246 conseruisse;
3225 2188 3338 2232 tum
3374 2195 3490 2248 pcr-

1912 2271 1988 2340 git
2025 2269 2330 2338 :)Scripsit
2362 2270 2561 2322 deinde
2614 2268 2930 2338 Karghujah
2983 2270 3047 2323 ail
3114 2269 3392 2322 ltomanos
3437 2278 3490 2322 et

1912 2362 2207 2416 Patricium
2265 2361 2581 2430 quemdam,
2618 2361 2710 2428 qui
2755 2361 2807 2412 in
2865 2361 3061 2414 finibus
3110 2362 3335 2415 ditionis
3382 2360 3490 2413 ιιο-

1912 2469 2084 2507 manze
2107 2453 2452 2515 versabatur,
2503 2453 2731 2520 rogavit,
2769 2463 2826 2504 ut
2874 2453 2972 2505 sibi
3021 2454 3226 2505 aiixiho
3261 2454 3488 2506 veniret.

1915 2544 2036 2604 llic,
2081 2560 2222 2596 unus
2273 2543 2652 2596 cunuchorum
2704 2540 3015 2610 Nicephori,
3060 2544 3277 2596 nomine
3318 2541 3492 2594 Thor-

1915 2636 2053 2694 basi.
2101 2636 2285 2702 copias
2343 2635 2549 2698 eduxit,
2608 2642 2720 2686 tum
2768 2645 2946 2686 autem
2999 2635 3101 2687 iter
3146 2634 3492 2686 Antiochiam

229 2729 389 2794 Cujus
417 2729 675 2795 templum
710 2728 1037 2788 combussit,
1073 2743 1256 2796 neque
1313 2728 1468 2784 aliter
1519 2728 1807 2782 llamatani
1847 2706 1887 2760 Β
1917 2742 2103 2779 vei-siis
2137 2726 2356 2778 deflexit
2408 2735 2630 2793 propter
2681 2725 2822 2780 hanc
2866 2741 3115 2789 causam,
3153 2725 3296 2794 quod
3357 2725 3497 2778 inter

231 2820 528 2883 tractavit;
564 2818 753 2872 llﬁmza
802 2818 998 2873 deinde
1028 2831 1354 2888 expugnata,
1392 2836 1582 2874 omnes
1617 2824 1708 2890 qiii
1745 2836 1810 2874 eo

231 2909 597 2979 confugerant
622 2911 865 2975 captivos
901 2910 1050 2964 fecit.
1084 2909 1219 2963 Tum
1256 2910 1485 2963 lrcatain
1522 2912 1812 2980 impugna~

231 3003 334 3062 vit,
395 3017 502 3070 qua
569 3002 703 3054 urbe
761 3010 918 3068 capta
971 3002 1273 3069 incolisque
1333 3003 1384 3054 in
1440 3003 1808 3070 captivitatem

235 3095 506 3158 redactis,
553 3095 616 3146 ad
658 3091 903 3160 Tripolin
962 3108 1137 3161 usque
1183 3108 1510 3162 progressus
1563 3100 1683 3157 est;
1719 3093 1810 3145 sed

232 3201 360 3239 cum
414 3184 656 3242 vidisset.
713 3184 971 3237 snburbia
1004 3185 1071 3236 ab
1097 3185 1294 3238 incolis
1319 3184 1431 3251 jam
1465 3183 1635 3237 fuisse
1658 3198 1810 3237 com-

235 3278 415 3334 busta,
455 3274 730 3342 l)jabalam
761 3291 816 3328 se
850 3275 1142 3336 convertit,
1181 3290 1288 3342 qua
1321 3275 1546 3342 potitus,
1605 3274 1804 3329 Laodi-

232 3381 386 3418 cL-ain
418 3366 594 3418 duxit.
621 3365 887 3418 Convenit
909 3381 1032 3419 eum
1055 3366 1525 3420 Abu‘l-llosainus
1553 3365 1812 3420 Ali-Ben-

237 3455 1157 3523 Ibrahim-Ben-Jusuf—Alluzaiz,
1218 3460 1437 3527 quicum
1505 3460 1813 3527 pactionem

238 3549 305 3603 fex
332 3553 368 3604 it
415 3565 478 3602 ea
520 3550 862 3611 conditione,
897 3559 956 3602 ut
993 3549 1212 3602 obsides
1262 3566 1326 3602 ex
1371 3550 1501 3602 urbe
1547 3549 1650 3602 sibi
1707 3559 1818 3602 tia-

237 3643 536 3708 dei-ratur;
574 3641 808 3695 asseruit
833 3652 1014 3694 autem
1058 3642 1168 3706 ille,
1218 3642 1568 3710 imperatoris
1600 3656 1660 3695 se
1695 3655 1817 3694 esse

237 3743 526 3799 cognatum
571 3740 788 3786 etcum
834 3731 1114 3786 Romanus
1169 3733 1408 3800 majores
1471 3733 1589 3800 ejus
1645 3748 1816 3801 agno-

241 3829 428 3888 visset,
494 3822 832 3890 Sardeghum
873 3821 1226 3892 (Stratcguin)
1275 3839 1396 3877 eum
1451 3823 1682 3890 creavit;
1717 3826 1818 3877 hac

237 3920 424 3987 itaque
445 3919 654 3971 ratione
673 3916 975 3970 incolumes
997 3926 1286 3968 evaserunt
1308 3914 1586 3968 Laodiceae
1607 3915 1817 3968 incolie.

237 4011 369 4065 lnde
398 4009 739 4063 Antiochiam
795 4009 1003 4061 ducens
1056 4007 1108 4059 in
1154 4016 1420 4075 pctestatc
1479 4021 1576 4059 sua
1645 4007 1818 4059 tenuit

240 4102 476 4162 100,000
505 4101 867 4168 captivorum,
911 4113 1240 4167 puerorum,
1291 4098 1620 4166 puellarum,
1658 4098 1816 4166 juve-

241 4210 521 4263 numque;
562 4208 686 4246 nam
718 4195 815 4245 hos
868 4192 1015 4244 solos
1064 4191 1306 4257 captivos
1358 4189 1576 4254 fecerat,
1613 4189 1743 4242 viris
1768 4197 1822 4243 et

243 4289 461 4342 feminis
496 4283 854 4356 provectioris
881 4283 1078 4345 relatis,
1124 4291 1287 4350 atque
1317 4281 1541 4334 senibus
1597 4290 1691 4333 aut
1726 4282 1813 4333 in—

245 4379 485 4433 terfectis
521 4387 612 4430 aut
634 4376 902 4430 dimissis.
935 4375 1142 4428 Dicitur
1168 4375 1392 4427 omnino
1447 4373 1496 4424 in
1527 4373 1629 4428 hac
1653 4387 1818 4440 cxpe~

240 4472 446 4524 ditione
471 4469 536 4522 18
560 4469 828 4537 suggestis
853 4467 928 4536 (7)
955 4467 1158 4534 potitus
1180 4480 1339 4528 esse;
1369 4464 1615 4517 vicorum
1638 4473 1817 4516 autem

239 4580 375 4636 quos
401 4563 625 4632 diripuit
658 4560 1050 4625 etcombussit,
1081 4575 1344 4613 numerus
1375 4557 1587 4611 def-iniri
1611 4556 1818 4625 nequit.

309 4655 516 4707 Castris
544 4661 667 4705 ante
697 4651 1042 4704 Antiochiam
1087 4650 1303 4719 positis,
1360 4663 1536 4717 neque
1571 4662 1697 4701 cum
1727 4647 1817 4700 iii-

237 4743 375 4797 colis
409 4757 630 4795 manmn
663 4739 961 4803 conseruit,
1015 4754 1191 4808 neque
1226 4739 1454 4792 omnino
1485 4738 1717 4804 legatum
1745 4737 1811 4790 ad

232 4849 331 4890 ecs
363 4833 530 4894 misit,
563 4831 655 4884 sed
704 4829 990 4884 castellum
1023 4844 1051 4882 e
1083 4829 1303 4896 regione
1352 4829 1655 4882 Antiochiae
1717 4843 1821 4880 ex-

239 4924 464 4983 struxit,
497 4923 655 4988 eique
703 4920 996 4988 praeposuit
1041 4915 1358 4972 Michaelein
1387 4921 1626 4988 Albordji
1662 4920 1823 4986 (Bur-

239 5014 436 5078 tzain),
463 5012 614 5080 enjiis
641 5011 790 5064 dicto
839 5011 1122 5066 audientes
1147 5026 1270 5066 esse
1314 5011 1451 5080 jiissi
1504 5022 1629 5065 sunt
1657 5013 1824 5066 duces

238 5103 528 5158 limitanei.
557 5102 691 5155 Cum
719 5117 902 5153 rumor
933 5101 1074 5154 inter
1109 5101 1358 5154 homines
1402 5102 1821 5168 percrebuisset,

239 5195 295 5248 id
338 5191 551 5246 consilii
590 5191 837 5243 Romano
891 5206 1032 5250 esse,
1081 5200 1138 5243 ut
1174 5201 1339 5243 totam
1377 5192 1606 5245 hiemem
1633 5192 1824 5244 Antio-

239 5285 420 5338 chiam
459 5281 743 5334 obsidione
780 5281 1012 5333 cinctam
1045 5289 1273 5341 teneret,
1304 5281 1548 5349 aliasque
1581 5283 1821 5335 mitteret

1916 2818 2297 2886 imperatorem
2356 2818 2755 2878 Romanorum,
2788 2833 2913 2870 cum
2949 2820 3014 2880 is,
3050 2833 3236 2871 secum
3287 2818 3497 2870 ducens

1915 2903 2160 2971 captivos
2186 2913 2239 2958 ct
2292 2906 2551 2973 priedam,
2605 2915 2664 2960 ut
2713 2922 2876 2974 supra
2916 2907 3176 2960 traditum
3229 2916 3330 2971 est,
3383 2907 3493 2960 Bu-

1913 2993 1999 3049 kae
2037 2995 2115 3065 (9)
2171 3006 2503 3060 versaretur,
2545 3005 2599 3049 et
2661 2997 2871 3051 incolas
2942 2997 3104 3062 hujus
3183 2998 3358 3064 urbis,
3405 2999 3495 3068 qni

1915 3087 2215 3142 Christiani
2269 3096 2445 3151 erant,
2499 3092 2879 3153 convenisset,
2916 3101 2973 3141 iit
3041 3091 3092 3142 hi
3149 3091 3495 3144 Antiochiam

1919 3181 2237 3248 migrarent,
2273 3181 2594 3234 simulantes
2622 3198 2681 3235 se
2713 3192 2856 3235 metu
2910 3183 3281 3235 ltonianoruin
3316 3182 3496 3234 domi-

1918 3273 2041 3325 cilia
2093 3273 2412 3340 reliquisse,
2465 3273 2538 3325 ita
2579 3280 2638 3325 ut
2680 3274 2805 3326 istic
2850 3273 3161 3328 habitantes
3234 3273 3500 3328 Romanis

1920 3365 2272 3417 Antiochiam
2308 3365 2594 3417 obsidione
2640 3366 2953 3433 petentibus
2983 3367 3046 3418 ad
3096 3368 3283 3419 urbem
3329 3383 3500 3435 expu-

1921 3454 2195 3524 gnandam
2253 3455 2516 3508 auxilium
2554 3459 2776 3509 ferrent.
2823 3455 2944 3520 Quo
3007 3455 3153 3510 facto
3205 3459 3495 3511 consilium

1919 3563 2042 3601 com
2073 3547 2402 3601 Christianis
2457 3548 2763 3601 Antiochia:
2818 3549 3012 3602 incolis
3065 3550 3404 3616 conjunxerc
3443 3565 3492 3601 et

1919 3640 2281 3695 Thorhasiiim
2313 3641 2604 3694 certiorem
2641 3639 2840 3705 fecere,
2871 3658 3096 3695 vacuam
3145 3657 3268 3696 esse
3309 3643 3497 3696 urbem

1918 3740 1969 3786 ct
2001 3731 2255 3801 prmfecto
2278 3732 2616 3785 destitutam.
2651 3730 2844 3786 Incolae
2872 3746 3051 3786 autem
3076 3734 3227 3788 iirbis
3253 3733 3498 3786 Multam-

1926 3821 2141 3875 medani
2178 3836 2366 3874 muros
2397 3821 2756 3873 deseruerant
2785 3831 2839 3874 et.
2868 3821 3286 3889 iiegligeiitiores
3338 3829 3498 3872 erant

1929 3914 1983 3966 iii
2029 3913 2165 3966 urbe
2211 3911 2591 3973 custodienda,
2623 3927 2746 3965 cum
2798 3914 3075 3964 exercitus
3124 3911 3403 3965 ltomanus
3436 3911 3504 3963 ait

1926 4003 2018 4056 XL
2047 4004 2235 4066 millia,
2269 4004 2497 4057 iliicibus
2528 4003 2831 4056 Thorbasio
2872 4012 2926 4056 et
2967 4003 3502 4056 Jasino-ben-Scho-

1929 4096 2227 4159 meschkik,
2276 4098 2664 4165 aggrederetur
2703 4107 2758 4149 et
2806 4097 3155 4150 Antiochiam
3211 4097 3502 4149 obsidione

1926 4190 2188 4256 cingeret.
2216 4187 2408 4240 lncola:
2441 4187 2602 4240 Biike
2623 4188 2689 4241 ab
2709 4202 2769 4240 ea
2797 4204 2956 4255 quam
2985 4197 3276 4240 tenuerunt
3302 4187 3500 4240 sumini

1923 4280 2060 4332 muri
2109 4289 2259 4347 parte
2303 4279 2713 4332 descenderunt
2764 4289 2816 4332 ct
2876 4279 3077 4332 inmitia
3131 4279 3280 4332 urbis
3325 4295 3492 4331 Vacua

1923 4370 2294 4437 reliquerunt;
2363 4378 2473 4420 tiiin
2539 4370 2902 4422 ascenderunt
2951 4369 3184 4421 Romani
3249 4377 3304 4422 et
3363 4374 3502 4422 urte

1919 4461 2074 4530 potiti
2120 4471 2264 4514 sunt.
2344 4459 2566 4514 Factiini
2650 4463 2750 4515 hoc
2817 4471 2901 4514 est
2963 4472 3122 4514 nocte
3184 4462 3249 4515 l5
3300 4463 3503 4515 mensis

1923 4551 2284 4620 Dsulhidjdjie
2307 4553 2434 4605 aniii
2468 4553 2594 4606 558.
2647 4552 3007 4606 Penctrariint
3041 4553 3272 4604 Romani
3310 4551 3362 4603 in
3407 4567 3472 4602 ur

1921 4644 2065 4707 bem,
2097 4646 2516 4698 combusserunt
2547 4654 2594 4697 et
2621 4645 2862 4711 captivos
2892 4643 3158 4706 fecerunt,
3194 4641 3289 4696 fuit
3318 4651 3498 4696 autem

1924 4752 2026 4790 nox
2056 4736 2380 4789 Nativitatis.
2417 4735 2551 4789 Cum
2589 4737 2818 4788 Romani
2852 4746 3091 4788 montem
3127 4734 3281 4787 urbis
3304 4748 3499 4785 asceti-

1923 4829 2152 4891 dissent,
2218 4828 2628 4896 prehenderunt
2667 4829 2924 4881 custodes
2964 4836 3016 4880 et
3067 4827 3145 4879 eis
3197 4827 3445 4878 dixerunt
3487 4840 3500 4876 :

1930 4938 1947 4971 ι
1988 4919 2230 4974 Laudate
2253 4929 2307 4974 et
2344 4921 2634 4989 praedii-ate
2679 4921 2844 4973 Deum
2897 4934 3215 4986 magnum.»
3265 4917 3366 4983 Qui
3401 4917 3503 4969 hoc

1927 5028 2035 5065 non
2092 5011 2296 5076 fecerit,
2339 5013 2482 5066 hunc
2534 5013 2944 5065 interfecermit.
3008 5010 3273 5062 Custodes
3321 5009 3503 5076 itaque

1927 5103 2380 5171 proclamat-unt:
2425 5120 2441 5151 (
2474 5101 2694 5169 Magnos
2735 5112 2814 5153 est
2853 5100 2993 5154 Deus
3036 5113 3211 5166 neque
3249 5097 3388 5149 Deus
3420 5103 3503 5149 est

1925 5204 2118 5262 prieter
2143 5207 2290 5245 cum.
2323 5211 2339 5242 ι
2373 5195 2484 5256 Qua
2517 5192 2735 5260 quidem
2763 5207 2820 5243 re
2853 5190 3097 5258 impediti
3135 5199 3264 5242 sunt
3288 5187 3499 5246 incol-.e,

1927 5300 2035 5354 quo
2072 5286 2250 5338 minus
2291 5300 2476 5337 verum
2503 5299 2682 5336 rerum
2731 5294 2931 5337 statum
2980 5281 3498 5339 animadverterent,

238 5378 449 5442 copias,
502 5374 760 5427 Halebum
811 5382 1206 5441 Oppiignatum,
1272 5371 1580 5442 Karghujah
1649 5375 1822 5427 Sanb-

1929 5379 2096 5430 dniiei-
2126 5376 2354 5429 Romani
2392 5376 2648 5429 omnibus
2705 5377 2947 5428 turribus
3001 5374 3155 5442 potiti
3199 5372 3402 5425 fuerint
3448 5377 3500 5422 et

242 5467 534 5523 daddaulze
595 5467 670 5535 (ὃ)
705 5467 998 5535 persuasit,
1043 5475 1103 5518 ut
1148 5464 1410 5519 llalebum
1464 5468 1817 5534 relinqueret,

246 5574 321 5614 ne
364 5560 416 5612 in
481 5558 616 5612 urbe
675 5556 1039 5610 obsideretur.
1083 5556 1303 5624 (Narrat
1364 5558 1556 5611 deinde
1610 5571 1815 5615 ani-tor,

324 5720 397 5778 ἐτ’,
431 5718 468 5768 l.
504 5731 553 5770 e.
584 5718 828 5779 urbibus,
863 5718 951 5768 tibi
979 5713 1193 5769 condita
1244 5724 1398 5767 erant
1431 5716 1647 5780 templa.
1681 5715 1736 5767 L.

323 5793 390 5838 isi
426 5788 561 5910 [Libo
597 5789 970 5852 Seil'eddaulie,
1022 5785 1088 5838 de
1129 5797 1238 5854 quo
1293 5800 1454 5854 supra
1486 5786 1646 5839 veiha
1683 5787 1808 5840 iu"-

244 5879 386 5914 1ἱῦὶ2).
431 5879 491 5910 ιδ.

1928 5486 2117 5522 omnes
2173 5485 2274 5521 iiiia
2321 5469 2613 5520 clamorem
2680 5466 2968 5520 ediderint.
3001 5462 3226 5522 Omnes.
3287 5463 3377 5531 qui
3434 5461 3501 5513 ad

1933 5572 2138 5628 pirtazn
2175 5561 2438 5626 .-\liljenaii
2468 5560 2734 5628 (hortum)
2768 5558 2971 5611 dictam
3030 5555 3309 5625 pervenire
3365 5569 3495 5620 pro-

1996 5716 2070 5774 ilt)
2107 5719 2174 5767 Ex
2212 5720 2310 5765 hoc
2365 5716 2484 5768 loco
2517 5727 2735 5782 apparet
2782 5719 3035 5765 mendose
3086 5724 3278 5782 nomen
3324 5707 3495 5782 serit)-

1926 5798 2032 5836 tiiiii
2067 5803 2182 5839 es“;
2216 5806 2300 5854 .ip.
2353 5778 2675 5854 Abtlpitdt‘ug
2736 5802 2781 5852 ν.
2841 5784 2962 5842 "303.
3013 5783 3099 5834 Ubl
3163 5779 3304 5832 Lll"a
3364 5778 3495 5842 ‘93"

1927 5868 2028 5906 lll'.
2061 5855 2115 5906 I..
