4178 6522
695 425 834 491 1023

1640 443 2032 506 EXCERPTA
2073 448 2175 507 EX
2215 449 2614 512 HlSTORllS
2653 455 2972 516 ARABUM

3818 458 3960 522 ιδξι

691 543 974 612 perabant.
1004 545 1204 614 captivi
1249 547 1370 602 facti
1407 559 1552 605 sunt.
1597 553 1830 608 Caterva
1885 567 2089 624 autem,
2145 575 2266 640 quae
2301 569 2346 623 Α
2387 578 2500 615 ram
2541 563 3129 620 Muhammedanorum
3163 567 3439 638 suscipere
3482 570 3534 623 in
3577 571 3760 626 animo
3793 573 3962 626 habe-

691 637 757 687 aJ
791 649 1004 703 portam
1038 639 1205 693 maris
1233 654 1292 695 se
1319 655 1766 713 congregaverat,
1797 649 2054 718 repagula
2091 637 2267 706 remo-

692 727 766 778 vit
796 733 850 779 et
884 729 983 782 hoc
1008 731 1166 783 modo
1199 732 1492 788 incolumis
1521 738 1708 796 evasit,

767 819 997 872 Romani
1033 823 1082 873 in
1134 833 1318 879 monte
1375 827 1524 881 urbis
1557 843 1737 882 arcem
1789 844 2176 890 exstruxerunt
2208 850 2264 894 et

692 915 989 968 niaximum
1025 916 1209 971 fanum
1249 922 1382 974 suile
1411 923 1675 986 fecerunt,
1717 928 1943 994 posthac
1972 940 2146 985 tamen
2179 950 2273 1003 pa-

693 1007 929 1060 tiiarclia
993 1024 1058 1061 eo
1117 1012 1232 1064 loco
1275 1029 1372 1079 pro
1429 1015 1586 1070 horto
1641 1035 1773 1072 usus
1820 1029 1923 1074 est.
1959 1021 2088 1077 Dein
2144 1042 2267 1082 cum

691 1096 1031 1154 Thorhasius
1081 1101 1341 1158 llalebum
1391 1107 1632 1173 duceret,
1682 1121 1738 1164 nt
1791 1115 2052 1168 auxilium
2089 1117 2272 1182 jl‘erret

694 1187 1005 1258 liarghujnh
1035 1204 1086 1245 et
1111 1195 1373 1264 Bacdjuro
1407 1204 1496 1268 qni
1531 1204 1596 1254 ab
1626 1205 2022 1262 Abtt'ltnaahlio
2061 1211 2274 1276 (Sanb-

692 1281 991 1351 daddaula)
1033 1293 1434 1356 oppugnatione
1483 1299 1889 1363 prcutrlumtur,
1924 1299 2272 1356 Aliu'lmaalt-

687 1372 815 1434 lius,
845 1375 1128 1429 obsidione
1173 1380 1376 1438 relicta,
1401 1384 1632 1447 primum
1672 1387 2051 1454 Clmnazcrrh,
2080 1392 2272 1445 deinde

691 1461 937 1518 Maahrra
1001 1467 1284 1522 Cuohman
1353 1473 1628 1540 profectus
1679 1487 1796 1544 est;
1854 1479 2072 1534 Graecos
2140 1497 2270 1534 vero

689 1557 832 1622 cepit
881 1559 1079 1628 cupido
1163 1561 1346 1617 llalehi
1414 1571 1783 1632 occupandas;
1846 1575 2033 1628 urbem
2089 1576 2272 1644 itaque

689 1661 1074 1719 Oppugnarunt
1103 1665 1158 1707 ct
1187 1671 1212 1706 a
1241 1665 1390 1723 parte
1417 1661 1826 1724 septentrionali
1855 1678 2269 1736 expugnarunt;

693 1757 803 1808 quo
870 1741 1014 1795 facto
1070 1759 1249 1797 arcem
1310 1747 1800 1808 circumsederunt.
1862 1755 2000 1809 Tum
2063 1774 2148 1812 res
2205 1758 2270 1812 ad

687 1835 994 1902 pactionem
1029 1839 1198 1902 Vrttit,
1241 1840 1387 1894 hisce
1423 1845 1847 1912 c0nditionibus,
1899 1859 1956 1902 ut
2004 1867 2098 1918 pro
2135 1867 2272 1904 uno—

2379 665 2498 708 reut
2528 655 2821 724 imperator
2858 667 2912 712 et
2944 659 3051 713 dux
3103 660 3381 730 c0piarum
3421 661 3820 725 Romanorum,
3854 667 3959 717 oh-

2374 749 2518 800 viam
2573 749 2811 803 eundum
2853 767 2972 806 esse
3025 767 3054 806 a
3101 753 3368 822 Bacdjuro
3421 771 3594 823 usque
3627 757 3690 808 ad
3747 757 3950 814 locum.

2379 839 2469 892 ubi
2527 840 2852 909 imperatum
2885 844 2932 896 ei
2963 842 3154 898 fuisset
3185 863 3198 902 :
3235 855 3400 916 atque
3445 846 3710 916 Bacdjuro
3757 848 3960 902 Roma-

2375 943 2503 982 num
2535 945 2630 998 per
2663 931 2924 986 ditionem
2959 934 3109 1001 pacis
3140 936 3454 1000 comitante,
3495 952 3601 990 non
3639 937 3957 1007 fugiendum

2373 1037 2494 1076 esse
2527 1023 2594 1076 ab
2645 1024 2839 1080 incolis
2887 1027 3158 1092 vicorum;
3205 1027 3279 1082 ita
3329 1040 3384 1084 ut
3415 1041 3620 1085 emeret
3675 1035 3952 1088 exercitus

2375 1114 2656 1169 Romanus
2711 1133 2820 1186 quo
2854 1134 2988 1185 opus
3016 1119 3064 1172 ei
3113 1129 3277 1182 esset,
3327 1131 3520 1188 praeter
3567 1134 3956 1190 stramentum,

2375 1207 2518 1274 quod
2558 1223 2654 1276 pro
2694 1225 2846 1263 more
2877 1209 3072 1265 bellico
3103 1213 3246 1266 nulla
3279 1213 3552 1268 solutione
3588 1215 3728 1270 facta
3757 1233 3958 1286 suppe-

2377 1299 2660 1352 ditaudum
2698 1311 2842 1354 esset
2871 1317 2886 1366 ;
2921 1318 2949 1356 a
2982 1303 3119 1357 duce
3153 1303 3734 1361 Muhanunedauorum
3779 1324 3956 1378 usque

2375 1392 2440 1440 ad
2497 1392 2629 1444 lines
2683 1392 2896 1444 obviam
2935 1409 3056 1448 esse
3085 1395 3320 1448 cundum
3359 1395 3533 1463 copiis
3585 1392 3866 1462 Romanis,
3901 1411 3958 1452 ut

2373 1483 2454 1534 eis
2507 1491 2702 1549 pra-sto
2737 1493 2928 1548 esset;
2981 1501 3100 1552 qua:
3150 1502 3272 1540 cum
3331 1497 3480 1540 extra
3539 1488 3672 1542 ﬁnes
3722 1505 3958 1558 egi-esu.-

2373 1581 2575 1635 essent,
2603 1574 2807 1627 licitum
2832 1591 2950 1628 che
2975 1573 3159 1628 Emiro
3193 1577 3243 1629 in
3271 1577 3529 1632 ditionem
3557 1595 3709 1633 suam
3737 1583 3955 1636 reverti.

2377 1659 2432 1714 Si
2467 1663 2866 1731 expeditionem
2898 1665 3136 1720 facerent
3165 1665 3396 1720 Romani
3424 1680 3614 1724 contra
3652 1682 3856 1726 sectam
3881 1677 3950 1728 ab

2375 1753 2574 1808 lslamo
2627 1758 2920 1814 diversam.
2977 1757 3414 1828 conjungendum
3473 1776 3593 1814 esse
3651 1766 3954 1818 exercitum

2373 1845 2540 1899 Emiri
2578 1862 2699 1900 cum
2739 1847 2988 1902 Romano
3023 1859 3076 1903 et
3119 1853 3450 1906 consociatis
3480 1855 3647 1908 armis
3685 1855 3956 1910 dimican-

689 1941 906 1994 quoque
938 1929 1201 1994 locorum,
1241 1949 1560 2002 magnorum
1592 1947 1754 2006 atque
1796 1956 2109 2008 parvorum,
2147 1961 2266 2012 quae
2297 1921 2342 1980 Β
2371 1941 2519 2002 dum,
2561 1949 2681 1994 utut
2707 1941 2897 2010 jussus
2925 1941 3087 1995 fuerit
3115 1944 3354 1998 Emirus.
3385 1944 3438 1997 Si
3481 1947 3659 2014 quivis
3697 1962 3762 2001 ex
3803 1947 3954 2005 Mus-

691 2029 846 2083 pacto
895 2019 1104 2073 inclusa
1139 2032 1344 2084 essent,
1394 2026 1698 2081 solveretur
1729 2033 1988 2084 tributum
2035 2033 2264 2100 denarii,

690 2107 758 2161 46
811 2111 1102 2166 drachmas
1147 2114 1424 2171 Islamicas
1467 2123 1640 2186 pretio
1687 2123 1987 2191 :cquautis;
2030 2134 2082 2178 et
2127 2142 2266 2194 prav-

687 2209 833 2254 tcrca
924 2217 954 2255 e
1029 2207 1342 2274 regionibus
1425 2213 1675 2277 pactione
1743 2218 2267 2283 comprehendendis

690 2292 922 2354 700,000
988 2295 1370 2352 drachmarum
1440 2307 1736 2372 quotannis
1809 2305 2070 2364 Romanis
2135 2319 2268 2379 pcn-

685 2385 964 2441 derentur.
1028 2388 1200 2445 Urbes
1259 2394 1434 2456 llimz,
1479 2396 1772 2466 Dsnsijjah,
1824 2400 2104 2471 Salmijjah
2158 2405 2264 2459 lla-

688 2481 835 2539 mah,
893 2480 1172 2547 Sehaizar,
1209 2484 1524 2554 Cal‘erthab,
1575 2491 1867 2560 Al‘amijjah
1917 2495 2264 2564 (Apamea),

685 2567 1242 2638 Maabrra‘lnohman,
1269 2575 1552 2640 llalrbnm,
1577 2581 1996 2651 Djeblalsumak,
2019 2587 2268 2642 Maahra-

693 2660 919 2725 Muzrin,
967 2661 1280 2730 Keimisrin,
1319 2669 1552 2724 Atsareb
1593 2687 1765 2742 usque
1797 2675 1862 2728 ad
1895 2677 2118 2729 limitem
2164 2693 2264 2746 pa-

691 2753 826 2811 lalii.
863 2757 1006 2824 quod
1061 2758 1386 2814 Atsarebum
1437 2765 1651 2834 attingit
1685 2779 1734 2818 et
1775 2767 1986 2822 [irinum
2017 2781 2262 2837 vocatur,

691 2845 706 2910 (
743 2854 852 2897 tum
912 2849 1167 2903 universa
1215 2853 1363 2916 regio
1407 2871 1526 2923 qnze
1579 2858 1924 2928 porrigitur)
1978 2877 2150 2930 usque
2183 2863 2264 2929 ᾔεις]

683 2937 890 3000 Arhah,
929 2936 1199 3004 Masulan,
1225 2941 1406 2995 Cimar
1440 2945 1572 3009 (l0),
1623 2948 1844 3016 Barzaja
1880 2959 1930 3002 et
1985 2966 2260 3022 campum,

695 3029 786 3093 qui
829 3045 994 3098 pr0pe
1021 3033 1188 3085 Ahl'as
1227 3045 1328 3098 est,
1384 3051 1410 3088 a
1445 3037 1662 3091 dextera
1694 3053 1842 3106 parte
1883 3043 2070 3096 limitis
2104 3061 2116 3096 :
2154 3047 2266 3099 ha‘c

693 3121 873 3172 omnia
897 3137 1312 3188 permanserunt
1347 3129 1568 3182 domino
1606 3129 1816 3198 llalebi,
1844 3135 2265 3194 coaleraGraacis

689 3213 996 3279 a'ljudicata
1059 3227 1185 3270 sunt
1249 3221 1550 3288 (nimirum
1608 3232 1718 3277 tota
1775 3227 1994 3296 regio),

690 3303 910 3372 Barmja
958 3311 1218 3363 orientem
1265 3328 1456 3368 versus
1490 3317 1798 3370 extenditur
1835 3336 2008 3388 usque
2047 3325 2112 3375 ad
2163 3323 2261 3377 llu-

689 3397 832 3450 vium
870 3401 1299 3456 Ahu-Snlaiman
1359 3416 1412 3459 et
1463 3411 1614 3476 pylas
1669 3410 1873 3476 Sunjab
1916 3412 2111 3475 dictas,
2150 3424 2260 3468 tum

688 3491 754 3543 ad
809 3492 1128 3560 Naludmm,
1187 3498 1444 3552 Awanam
1477 3509 1529 3553 et
1578 3501 1898 3558 Tel-Hamid
1927 3513 1978 3557 et
2013 3506 2261 3560 dextram

691 3583 903 3655 Sadjuri
953 3589 1120 3654 ripa'n
1159 3601 1210 3642 et
1243 3592 1461 3659 quidem
1505 3611 1678 3664 usque
1715 3597 1778 3650 ad
1829 3597 2041 3651 alveum
2091 3599 2260 3666 ﬂuvii,

691 3677 776 3730 ubi
815 3679 868 3730 in
905 3679 1216 3749 Euphraten
1247 3699 1364 3738 sese
1387 3697 1664 3740 exonerat.
1699 3688 1918 3742 Cauerat
1943 3691 2094 3759 pacis
2134 3706 2264 3746 con-

687 3767 922 3821 ditiones
951 3771 1032 3823 lue
1071 3772 1260 3830 fuere:

759 3861 1095 3934 Kargltttjalt,
1153 3870 1288 3924 duce
1337 3872 1608 3945 (Emiro)
1655 3874 2260 3944 Muhammedanorum,

688 3954 777 4021 qui
821 3956 872 4008 in
916 3963 1014 4012 hac
1059 3960 1320 4027 dignitate
1356 3979 1676 4031 permanere
1729 3967 1970 4034 deberet,
2023 3981 2259 4035 mortuo,

688 4059 774 4098 res
804 4051 1094 4105 tradendus
1120 4068 1240 4106 esse
1271 4053 1560 4125 Bacdjuro,
1613 4073 1721 4126 quo
1761 4059 2017 4116 defuncto
2057 4061 2126 4115 ab
2161 4063 2263 4115 im-

688 4153 937 4205 peralore
974 4146 1220 4199 liomanu
1253 4149 1560 4214 eligendum
1595 4165 1716 4206 esse
1744 4152 1935 4206 ducem
1973 4169 2038 4208 ev
2068 4156 2262 4212 incolis

687 4227 872 4282 llalebi
904 4247 917 4294 ;
952 4231 1231 4290 illuslemis
1259 4247 1438 4290 autem
1478 4254 1584 4292 non
1616 4256 1735 4294 esse
1759 4241 1850 4310 jus
1892 4244 2132 4312 cujusvis
2162 4245 2264 4301 du-

688 4323 765 4374 cis
804 4327 1195 4381 constituendi.
1226 4331 1269 4381 A
1305 4330 1635 4388 Christianis
1684 4337 1891 4390 nullmn
1925 4353 2020 4406 per
2057 4337 2263 4396 hancce

683 4415 942 4469 ditionem
972 4419 1232 4473 tributum
1264 4438 1382 4476 esse
1406 4427 1755 4492 exigendum,
1789 4429 1854 4483 iis
1887 4433 2261 4486 tantummodo

681 4511 943 4574 exceptis,
976 4511 1068 4578 qui
1103 4513 1175 4564 ibi
1202 4515 1421 4568 domum
1450 4529 1543 4571 aut
1575 4520 1758 4573 villam
1793 4523 2176 4589 possiderent;
2211 4525 2258 4579 si

685 4601 962 4654 adveniret
1015 4606 1288 4660 exercitus
1344 4607 1714 4678 Muslemicus,
1755 4613 2160 4682 expeditionem
2201 4617 2256 4670 in

683 4709 880 4746 nomen
934 4696 1238 4751 liomanum
1289 4699 1552 4766 facturus,
1607 4703 2006 4760 defendendum
2058 4725 2179 4764 esse
2225 4727 2256 4764 a

683 4787 996 4858 Karghnjah
1034 4791 1184 4844 hisce
1233 4793 1410 4846 verbis
1445 4813 1460 4848 :
1525 4812 1542 4843 ι
1574 4793 1688 4849 Duc
1719 4813 1813 4865 per
1841 4799 1974 4852 alias
2005 4801 2256 4870 regiones

684 4893 745 4930 ac
789 4891 1034 4944 rmstras;
1089 4897 1155 4934 ne
1213 4882 1382 4937 intres
1421 4883 1680 4939 ditionem
1735 4889 2035 4954 pactionis;
2101 4908 2117 4940 ι
2173 4892 2254 4946 sin

684 4971 790 5022 dux
835 4975 1027 5024 harum
1090 4973 1388 5042 copiarum}
1420 4975 1564 5028 haud
1621 4987 1852 5044 pareret,
1909 4981 2076 5035 armis
2137 4996 2258 5036 esse

685 5066 974 5128 petendum
1013 5075 1064 5118 et
1099 5067 1148 5118 \i
1185 5067 1556 5135 repellendum
1595 5087 1608 5132 ;
1647 5070 1805 5138 cujus
1835 5071 1908 5124 rei
1943 5073 2024 5125 sin
2075 5074 2256 5127 minus

681 5155 822 5222 potis
872 5166 1016 5209 esset
1063 5158 1374 5228 Karghujah
1414 5161 1548 5230 ipse,
1579 5161 1772 5216 litteris
1813 5163 2088 5218 adeundos
2136 5180 2258 5219 esse

683 5247 1064 5314 imperatorem
1117 5251 1428 5308 Graecorum
1469 5264 1521 5308 et
1552 5253 1938 5317 Thorbasium,
1971 5270 2032 5311 ut
2071 5259 2256 5326 cepias

685 5340 963 5396 mitterent
996 5343 1244 5398 hostibus
1285 5346 1610 5415 repellendis
1643 5363 1822 5418 pares.
1863 5351 1918 5402 Si
1953 5350 2079 5419 quid
2109 5365 2255 5403 com-

683 5433 953 5498 perissent
1021 5436 1269 5492 Muslemi
1331 5441 1396 5494 de
1453 5443 1686 5496 adventu
1740 5443 1920 5511 magni
1980 5443 2254 5497 exercitus

683 5525 950 5594 (hostilis)
991 5565 1004 5586 .
1061 5531 1409 5585 scribendum
1460 5549 1578 5588 esse
1634 5535 1696 5588 ad
1764 5535 2142 5603 imperatorem
2199 5543 2252 5588 ct

679 5618 874 5670 «iacent
917 5621 1222 5688 copiarum.
1254 5635 1312 5678 ut
1343 5627 1416 5690 hi,
1444 5626 1510 5680 de
1539 5643 1596 5682 re
1619 5628 1880 5682 certiores
1910 5627 2057 5690 facti,
2090 5629 2250 5682 Iebus

677 5708 793 5762 διεδ
840 5714 1210 5770 consulerent.
1255 5717 1348 5772 Sin
1381 5727 1562 5774 autem
1608 5722 2006 5790 expeditionem
2061 5723 2110 5775 in
2147 5731 2252 5775 ler-

2044 3245 2164 3296 quae
2234 3247 2262 3285 a
2293 3263 2338 3322 α

2374 2032 2534 2086 lemis
2586 2033 2899 2102 religionem
2969 2034 3340 2089 Christianam
3396 2039 3680 2105 amplexus
3733 2039 3950 2104 luisset,

2371 2125 2446 2176 nil
2485 2134 2673 2177 contra
2729 2139 2853 2178 eum
2901 2125 3230 2194 permissum
3263 2141 3384 2182 esse
3417 2126 3715 2194 Musletnis,
3775 2148 3954 2201 neque

2370 2217 2696 2272 Christianis
2737 2220 3066 2288 permissum
3107 2234 3226 2274 esse
3261 2221 3388 2288 quid
3425 2234 3616 2277 contra
3651 2227 3954 2294 quemlibet

2369 2310 2804 2366 Christianorum
2867 2313 3044 2382 quiin
3095 2313 3470 2372 Muslemicam
3522 2321 3800 2376 transierit
3863 2337 3950 2378 se-

2369 2413 2537 2458 ctam.
2577 2403 2630 2458 Si
2668 2421 2880 2473 servus,
2913 2406 3260 2466 Christianus
3293 2428 3386 2466 seu
3437 2413 3814 2484 Muslemicus,
3871 2419 3950 2473 vir

2371 2499 2482 2548 sive
2517 2495 2733 2556 fetnina.
2769 2499 2822 2550 in
2851 2513 2972 2552 eam
2997 2516 3162 2569 quant
3195 2503 3542 2562 delinivimus
3575 2509 3850 2578 regionem
3883 2528 3948 2564 ex

2371 2587 2473 2639 alia
2535 2587 2854 2656 aufugisset,
2894 2590 3038 2644 haud
3079 2594 3366 2648 celandum
3419 2612 3542 2653 esse
3571 2614 3600 2652 a
3643 2599 3945 2666 Muslemig

2368 2680 2460 2734 sed
2499 2681 2850 2734 indicandum
2902 2700 2916 2746 ;
2951 2693 3062 2738 tum
3115 2688 3438 2742 solvendum
3493 2705 3614 2744 esse
3649 2708 3678 2746 a
3717 2694 3946 2746 domino

2367 2771 2598 2840 pretium
2631 2771 2696 2824 50
2728 2773 3076 2829 denariorum
3113 2793 3213 2846 pro
3241 2795 3326 2846 eo,
3357 2783 3400 2834 si
3435 2784 3512 2836 vir
3551 2795 3716 2848 esset,
3745 2803 3842 2854 pro
3877 2787 3948 2839 le-

2371 2863 2516 2916 mina
2558 2865 2626 2918 20
2659 2865 2915 2920 denarios
2949 2865 3250 2936 Romanos,
3289 2889 3388 2941 pro
3417 2891 3582 2943 puero
3616 2879 3726 2930 sive
3769 2880 3944 2946 puella

2372 2957 2437 3008 16
2467 2973 2482 3022 ;
2515 2957 2598 3008 sin
2631 2969 2810 3010 autem
2877 2974 2982 3012 non
3011 2962 3315 3030 possideret
3347 2965 3642 3034 (munitius)
3695 2985 3806 3036 quo
3835 2971 3948 3023 sol-

2367 3057 2518 3102 veret
2547 3049 2776 3116 pretium
2811 3050 3170 3116 liberatiouis,
3203 3069 3232 3106 a
3261 3055 3481 3110 domino
3511 3061 3800 3114 solvendus
3827 3077 3950 3116 esse

2370 3150 2482 3195 tres
2511 3140 2788 3206 denarios,
2814 3145 3016 3212 quibus
3050 3148 3119 3200 ab
3157 3149 3332 3202 emiro
3350 3152 3604 3220 acceptis,
3637 3155 3938 3208 restituen-

2373 3233 2499 3286 dmn
2561 3249 2682 3288 csse
2740 3251 2980 3290 servum.
3023 3239 3076 3290 Si
3116 3239 3422 3307 baptizatus
3455 3253 3618 3304 esset,
3663 3246 3754 3311 qui
3787 3247 3946 3298 aulu-

2371 3323 2558 3390 gisset,
2614 3323 2755 3376 haud
2819 3327 2982 3378 lieerc
3035 3327 3314 3382 Muslemis
3351 3333 3484 3394 ,‘eum
3543 3332 3799 3396 telini-re,
3855 3339 3944 3388 sel

2367 3413 2707 3481 pendendum
2748 3429 2867 3468 esse
2901 3415 3088 3470 Emiro
3118 3433 3146 3472 a
3179 3420 3420 3484 domino,
3479 3422 3622 3489 quod
3673 3426 3942 3478 sancitum

2367 3505 2553 3574 fuerit,
2607 3523 2716 3576 quo
2771 3507 2939 3571 laeto,
2993 3513 3386 3566 restituernlum
3437 3529 3557 3568 esse
3613 3531 3858 3572 Servum.
3891 3517 3944 3572 Si

2367 3599 2496 3668 quid
2545 3614 2610 3654 ex
2649 3600 2856 3654 ditionc
2906 3601 3152 3658 Romana
3189 3604 3276 3658 fur
3309 3609 3582 3675 rapuisset
3611 3619 3662 3663 et
3707 3609 3838 3680 fuga
3893 3629 3948 3667 se

2367 3691 2754 3754 subtraxisset,
2789 3693 3116 3748 mittendum
3155 3711 3276 3751 esse
3309 3698 3377 3752 ab
3412 3697 3594 3754 Emiro
3635 3703 3700 3754 ad
3751 3704 3946 3758 ducem

2367 3782 2642 3835 exercitus
2668 3783 2916 3848 Romani,
2965 3794 3026 3838 ut
3056 3802 3246 3854 pmnas
3299 3790 3494 3844 lueret.
3555 3789 3612 3844 Si
3661 3791 3948 3850 Romanus

2367 3869 2623 3938 regiones
2661 3869 3016 3928 Muslemicas
3051 3875 3318 3936 visitarct.
3351 3879 3494 3934 hand
3531 3881 3940 3950 impediendum

2365 3973 2484 4014 esse
2511 3974 2540 4012 a
2572 3963 2788 4030 negotio
2819 3978 2940 4017 suo.
2977 3964 3032 4018 Si
3067 3968 3380 4035 speculator
3409 3985 3474 4024 ex
3509 3971 3718 4026 ditione
3747 3973 3948 4030 Music-

2365 4050 2507 4104 mica
2539 4049 2843 4106 Romanam
2873 4055 3078 4110 intrare
3110 4059 3290 4124 vellet,
3320 4061 3692 4129 arripiendum
3741 4083 3866 4118 esse
3897 4077 3947 4120 et

2366 4137 2421 4190 in
2455 4139 2670 4194 vincula
2718 4141 3142 4210 conjiciendum.
3186 4147 3340 4202 Ilaud
3371 4151 3728 4205 excidendam
3761 4172 3882 4208 esse
3919 4173 3946 4209 a

2367 4231 2646 4286 Muslemis
2679 4249 2881 4300 arcem,
2917 4252 3017 4292 nec
3072 4255 3270 4294 novam
3319 4247 3748 4310 exstruendam;
3803 4251 3948 4315 quud
3987 4295 3998 4306 .

2365 4335 2543 4382 autem
2577 4331 2817 4383 excisum
2849 4329 3062 4400 fuisset,
3095 4338 3512 4390 restauramlmn
3547 4354 3688 4392 esse.
3725 4339 3946 4396 Nudum

2364 4419 2598 4474 emirum
2655 4419 3032 4478 Muslemicum
3098 4440 3200 4480 nec
3277 4427 3648 4496 recipiendum
3728 4444 3856 4484 esse
3919 4447 3946 4485 a

2365 4509 2645 4566 Muslemis
2673 4527 2851 4583 neque
2897 4515 2966 4568 ab
2997 4515 3109 4570 ullo
3158 4531 3348 4570 eorum
3378 4530 3573 4587 praeter
3609 4519 3942 4590 Bacdjmum

2286 4596 2418 4659 Det
2461 4603 2776 4674 Kargliujalt
2834 4605 3033 4661 litteris
3093 4622 3214 4662 esse
3264 4609 3595 4664 adeundum.
3649 4609 3746 4665 llis
3785 4614 3948 4678 (Kar-

2359 4697 2560 4768 ghujah
2592 4707 2645 4752 et
2677 4697 2944 4766 Bacdjuro
2973 4702 2988 4764 )
3027 4701 3260 4754 mortuis
3291 4701 3432 4756 haud
3465 4703 3632 4756 licere
3659 4703 3946 4760 liluslemts

2357 4793 2590 4846 emirum
2629 4807 2658 4846 e
2703 4793 2922 4861 regione
2957 4791 3271 4848 Muslemica
3316 4811 3592 4850 arcessere
3647 4813 3828 4866 neque
3879 4801 3946 4850 ab

2359 4885 2376 4954 (
2406 4885 2548 4952 aliis)
2586 4884 2862 4939 Muslemis
2893 4887 3159 4940 auxilium
3197 4897 3397 4956 petere,
3433 4889 3526 4941 sed
3561 4889 3940 4958 recipiendum

2355 4991 2474 5030 esse
2509 4992 2656 5040 cum,
2709 4979 2800 5046 qui
2837 4979 2905 5032 ab
2957 4979 3284 5047 imperatore
3313 4979 3564 5034 Romano
3614 4997 3678 5035 ex
3733 4981 3944 5036 ditiono

2357 5069 2508 5136 pacis
2549 5069 2753 5124 electus
2803 5068 2989 5124 fuerit.
3043 5069 3174 5124 Post
3227 5081 3456 5127 mortem
3513 5072 3830 5142 Karghujah
3887 5086 3940 5128 et

2357 5157 2608 5227 Bacdjuri
2635 5161 3078 5215 constituendum
3107 5177 3227 5216 esse
3259 5164 3326 5216 ab
3351 5164 3678 5232 imperatore
3697 5164 3939 5233 judicem

2357 5251 2376 5321 (
2405 5251 2574 5305 Kadhi
2609 5251 2626 5323 )
2659 5269 2688 5308 e
2718 5253 3017 5318 Muslemis,
3054 5255 3146 5320 qui
3205 5258 3510 5310 secundum
3561 5257 3710 5328 leges
3739 5273 3940 5314 eorum

2351 5345 2444 5413 jus
2475 5344 2697 5399 diceret.
2739 5345 2944 5402 Graecis
2975 5348 3138 5402 licere
3183 5347 3493 5402 destructas
3523 5349 3577 5401 in
3631 5349 3720 5402 his
3757 5353 3942 5418 regio-

2357 5438 2520 5492 nibus
2547 5439 2810 5494 ecclesias
2838 5452 3144 5495 restaurare
3177 5459 3191 5505 ;
3231 5442 3495 5510 patricios
3525 5449 3578 5494 ct
3617 5443 3754 5508 episi
3775 5457 3938 5510 epos,

2355 5529 2449 5598 qui
2499 5529 2562 5582 ad
2613 5529 2904 5586 Muslcmos
2954 5534 3320 5600 pervenirent,
3357 5547 3455 5601 pro
3511 5531 3778 5602 dignitate
3814 5549 3940 5586 esse

2355 5623 2724 5692 accipiendos.
2750 5623 2908 5690 Quod
2947 5638 3126 5678 autem
3169 5627 3364 5680 attinet
3403 5627 3468 5680 ad
3515 5631 3822 5696 poi-torium
3871 5641 3942 5678 ex

2356 5719 2562 5772 ditione
2591 5721 2832 5773 Romana
2861 5720 3211 5788 exigendum,
3245 5723 3496 5791 pactione
3527 5721 3796 5778 sancitum
3831 5735 3914 5776 est
3935 5766 3950 5794 ,

749 5914 858 5982 (l0)
896 5913 1098 5972 Nomen
1138 5918 1188 5972 in
1253 5921 1438 5975 (τοίίον
1469 5933 1678 5990 ριικιειιθ
1732 5925 2024 5978 ἀϊιιιιίίὶιοιξ
2079 5935 2242 5976 caret.

2365 5937 2511 5992 ili-pte
2546 5921 2760 5976 ilicet‘lx
2798 5931 2877 5977 est
2914 5934 3218 5994 :t‘ilj'l’lld'.
