4178 6522
217 376 352 440 1029

1618 362 2105 427 FRAGMENTA.

3332 357 3475 422 1030

290 490 413 541 Ἐπὶ
445 486 755 555 Αὐγούστου
792 480 1055 551 βαςιλέως
1083 478 1410 547 γεγέννηται
1442 476 1499 527 ἐν
1536 475 1788 545 σπηλαίῳ

1968 479 2079 531 Sub
2108 480 2351 547 Augusto
2387 478 2717 547 imperatore
2747 482 2913 531 natus
2951 482 3036 530 cst
3086 474 3141 529 in
3190 475 3473 542 spelunca,

217 583 382 653 μηνὸς
412 576 748 648 Δεκεμϐρίου
784 573 883 627 κε’.

293 674 428 727 Ἀπὸ
466 672 638 741 ’Λδάμ
669 670 831 739 μέχρι
869 665 990 718 Νῶε
1022 664 1116 733 ἔτη
1146 662 1328 733 βσμβν.

280 766 390 821 Καὶ
426 764 533 817 ἀπὸ
568 763 662 815 τοῦ
698 762 819 814 Νῶε
849 760 953 821 ἕως
981 757 1073 810 τοῦ
1120 754 1372 824 Ἀϐραὰμ
1411 752 1509 822 ἔτη
1540 756 1678 821 αρο¹.

284 857 394 909 Καὶ
424 854 532 909 ἀπὸ
572 851 821 923 Ἀϐραάμ
848 852 951 903 ’ἐωε
979 848 1219 909 Μωσέως
1256 846 1348 914 ἔτη
1391 844 1531 914 υμδ¹.

284 951 391 1001 Καὶ
418 946 523 1001 ἀπὸ
555 944 798 1005 Μωσέως
829 941 931 1002 ἓως
965 937 1130 991 Δαϐὶδ
1161 937 1254 1005 ἔτη
1288 954 1353 1004 φτ,
1384 934 1440 989 Υ.

283 1042 395 1093 Καὶ
432 1040 541 1092 ἀπὸ
589 1035 753 1088 Δαῧὶδ
793 1034 897 1095 ἕως
926 1030 1022 1084 τοῦ
1063 1027 1301 1101 Χριστοῦ
1352 1026 1451 1096 ἐτη
1484 1022 1627 1095 aps’,
1677 1023 1796 1094 ἅμα

214 1134 307 1201 ἔτη
337 1138 439 1198 εφ’.
1344 1122 1350 1127 ’

298 1220 431 1273 Ἀπὸ
464 1220 519 1271 δὲ
564 1218 663 1284 τῆς
708 1211 1180 1282 ὲνανορωπήσεως
1215 1206 1309 1261 τοῦ
1352 1205 1591 1279 Χριστοῦ
1631 1208 1795 1280 μέχρι

215 1313 315 1383 τῆς
350 1312 458 1363 τῶν
489 1311 696 1375 Μάγων
727 1304 1033 1375 παρουσίας
1064 1298 1129 1370 β’.

290 1406 365 1475 (Ι)
394 1404 500 1454 Καὶ
517 1400 623 1453 άπὸ
648 1401 744 1467 τῆς
772 1401 850 1459 εξς
874 1395 1153 1461 Αἴγυπτον
1178 1392 1479 1460 φυγαδείας
1508 1389 1667 1461 μέχρι
1695 1388 1796 1456 τῆς

216 1495 477 1565 τελευτῆς
523 1492 765 1562 Ἡρώδου
810 1487 925 1541 υἱοῦ
983 1484 1342 1554 Ἀντιπάτρου
1383 1485 1478 1553 ἔτη
1510 1490 1579 1551 γ’.

290 1587 635 1657 Παρῴκησαν
670 1584 728 1634 ἐν
759 1579 1018 1648 Αἰγύπτῳ
1066 1578 1123 1630 ὲν
1174 1575 1520 1629 Ἡλιουπόλει
1553 1576 1619 1645 τῇ
1655 1572 1798 1626 κατὰ

215 1679 443 1747 Μέμφιν
478 1676 572 1746 ἔτη
606 1681 676 1741 γ’.

303 1770 435 1822 Ἀπὸ
481 1770 538 1821 δὲ
580 1768 680 1837 τῆς
729 1765 866 1833 πρὸς
897 1762 1189 1818 Γαλιλαίαν
1238 1762 1317 1823 εἰς
1364 1758 1433 1812 τὰ
1477 1757 1584 1811 [δια
1619 1755 1799 1810 αὐτῶν

218 1863 477 1917 ἐπάνοδον
511 1860 673 1929 μέχρι
707 1858 806 1925 τῆς
834 1855 1091 1924 τελευτῆς
1129 1851 1426 1922 ’Λρχελάου
1458 1850 1552 1918 ἔτη
1581 1846 1667 1904 ιθ’.

292 1956 396 2007 Συν
428 1952 505 2022 τῷ
548 1950 823 2021 Ἀρχελάῳ
845 1949 1074 2017 τελευτᾷ
1099 1946 1194 1998 καὶ
1222 1944 1531 2013 Αὔγουστος
1559 1943 1653 2012 ἔτη
1688 1938 1799 2011 κη’,

219 2045 549 2116 βασιλεύσας
584 2044 658 2115 (2)
690 2042 783 2112 ἔτη
817 2038 928 2103 νς’.

306 2139 439 2190 Ἀπὸ
472 2138 529 2189 δὲ
570 2135 831 2204 τελευτῆς
881 2131 1175 2203 ’Δρχελάου
1217 2129 1379 2200 μέχρι
1428 2124 1802 2198 βαπτίσματος

215 2230 315 2283 τοῦ
352 2227 591 2298 Χριστοῦ
625 2228 717 2297 ἔτη
744 2224 815 2294 γ’,
842 2225 976 2294 ὁμοῦ
1005 2223 1099 2292 ἐτη
1131 2222 1196 2274 λ’.

307 2322 440 2374 ’Δπο
472 2321 527 2374 δὲ
554 2319 649 2372 τοῦ
689 2317 1069 2388 βαπτίσματος
1100 2313 1193 2367 τοῦ
1233 2307 1471 2383 Χριστοῦ
1508 2309 1670 2378 μέχρι
1705 2306 1803 2372 τῆς

214 2414 316 2465 τοῦ
350 2414 620 2481 Ζαχαρίου
648 2409 950 2468 λιθοϐολίας
980 2407 1097 2469 ἔτος
1133 2403 1201 2461 α’.

300 2505 373 2573 (5)
418 2504 549 2556 Ἀπὸ
577 2504 633 2555 δὲ
662 2503 762 2571 τῆς
791 2499 1046 2568 τελευτῆς
1068 2498 1259 2551 τούτου
1299 2495 1459 2565 μέχρι
1494 2492 1591 2562 τῆς
1629 2489 1807 2542 Ἰωάν-

219 2617 319 2651 νου
351 2596 466 2649 υἱοῦ
500 2595 664 2648 αὐτοῦ
699 2596 799 2663 τῆς
833 2594 926 2646 ἐπὶ
971 2590 1213 2661 Ἡρώδου
1245 2586 1339 2640 τοῦ
1385 2584 1652 2654 νεωτέρου
1688 2580 1805 2633 υἱοῦ

234 2690 534 2760 Ἀρχελάου
569 2690 626 2739 ἐν
651 2689 715 2757 τῇ
739 2686 957 2756 φρουρᾷ
984 2680 1273 2751 γεγονυίας
1300 2678 1419 2739 ἔτος
1451 2674 1521 2729 α’.

301 2783 411 2833 Καὶ
444 2781 552 2832 ἀπὸ
582 2776 840 2844 τελευτῆς
884 2775 1133 2827 Ἰωάννου
1184 2771 1347 2842 μέχρι
1391 2767 1485 2821 τοῦ
1538 2762 1806 2835 σωτηρίου

224 2871 438 2933 πάθους
470 2871 644 2939 μῆνας
673 2867 747 2933 ς’.

304 2962 504 3031 Ἐζησε
531 2962 638 3032 γάρ
679 2960 930 3030 Ἰωάννης
962 2959 989 3010 ὁ
1019 2954 1326 3023 Βαπτιστὴς
1361 2953 1454 3020 ἔτη
1490 2950 1570 3017 λγ¹
1607 2946 1705 3017 (4)·
1743 2945 1811 2997 τὰ

225 3053 332 3120 μὲν
360 3049 423 3103 λ’·
465 3051 765 3120 ὑποχωρῶν
815 3053 873 3103 ὲν
905 3052 1016 3111 τοῖς
1060 3047 1289 3115 ἐρήμοις
1315 3085 1328 3108 ,
1361 3045 1428 3096 τά
1463 3043 1519 3094 δὲ
1552 3041 1676 3109 τρία
1712 3039 1808 3108 βω

1891 584 2076 623 mense
2109 569 2417 623 Decembris
2445 568 2531 622 die
2557 568 2645 621 ‘25.

1962 664 2046 715 Ab
2078 662 2247 714 Adam
2277 675 2449 728 usque
2487 659 2553 713 ad
2583 657 2695 713 Noe
2722 661 2849 713 anni
2878 660 3040 714 22η.

1968 751 2031 803 Et
2062 766 2093 805 a
2126 749 2236 804 Noe
2265 763 2439 817 usque
2469 748 2829 802 adAbraham
2870 752 3000 804 anni
3031 750 3185 805 H70.

1968 843 2031 897 Et
2062 843 2130 897 ab
2160 844 2433 897 Abraham
2464 856 2637 911 usque
2677 843 2743 895 ad
2776 841 3011 913 Moysen:
3047 844 3174 897 anni
3200 842 3327 898 444.

1966 935 2030 988 Et
2060 952 2087 987 a
2124 935 2303 1004 Moyse
2334 948 2507 1003 usque
2534 934 2598 988 ad
2631 935 2798 988 David
2835 935 2961 989 anni
2996 923 3119 990 599.

1966 1026 2032 1082 Et
2064 1043 2093 1082 a
2134 1026 2303 1082 David
2339 1041 2513 1096 usque
2544 1024 2609 1079 ad
2652 1025 2931 1105 Christum
2968 1030 3094 1083 anni
3127 1028 3285 1094 1045,
3312 1028 3478 1083 simul

1897 1120 2023 1173 anni
2058 1122 2218 1176 5500.

1971 1217 2014 1265 A
2044 1213 2243 1268 Christi
2276 1215 2651 1273 incarnatione
2685 1225 2864 1271 autem
2897 1231 3069 1284 usque
3095 1215 3162 1270 ad
3195 1215 3479 1287 Magorum

1899 1303 2196 1358 adventum
2223 1306 2349 1359 anni
2388 1307 2518 1362 duo.

1974 1397 2038 1449 Et
2059 1412 2088 1449 a
2114 1397 2238 1465 fuga
2270 1398 2321 1449 in
2346 1397 2639 1467 Egyptum
2671 1416 2843 1469 usque
2879 1400 2944 1455 ad
2976 1408 3207 1454 mortem
3254 1397 3484 1452 Herodis

1904 1491 1997 1544 ﬁlii
2026 1492 2296 1557 Antipatri
2326 1492 2453 1544 anni
2493 1500 2625 1546 tres.

1971 1585 2301 1637 Habitarunt
2338 1584 2388 1636 in
2422 1582 2658 1654 Egypto
2714 1583 2977 1653 Heliopoli
3009 1589 3163 1653 juxta
3205 1581 3481 1652 Memphin

1901 1677 2059 1731 annis
2093 1678 2146 1731 ’5.

1974 1770 2015 1821 A
2058 1783 2312 1836 regressu
2348 1782 2479 1821 vero
2533 1756 2774 1837 ipsorum
2828 1771 2895 1823 ad
2943 1768 3159 1839 propria
3218 1767 3275 1820 in
3331 1764 3486 1820 Gali-

1905 1861 2080 1924 laeam,
2117 1877 2289 1928 usque
2318 1861 2383 1914 ad
2421 1872 2650 1914 mortem
2681 1861 2933 1915 Archelai
2983 1860 3110 1913 anni
3147 1858 3230 1912 I9.

1975 1952 2110 2005 Cum
2161 1952 2426 2007 Archelao
2481 1952 2718 2006 moritur
2778 1960 2833 2006 et
2890 1952 3170 2021 Augustus
3216 1962 3361 2002 anno
3393 1947 3485 2012 88,

1905 2045 2055 2111 regni
2086 2042 2175 2096 56.

1974 2137 2018 2187 A
2063 2143 2239 2188 morte
2292 2149 2424 2189 vero
2484 2134 2737 2187 Archelai
2798 2148 2972 2204 tuque
3030 2133 3096 2187 ad
3153 2132 3486 2203 baptismum

1903 2224 2105 2280 Christi
2143 2241 2232 2281 an.
2255 2224 2308 2286 5,
2331 2224 2491 2278 simul
2524 2240 2612 2277 an.
2637 2223 2725 2277 '50.

1978 2318 2021 2372 A
2063 2319 2388 2388 baptismate
2419 2330 2599 2373 autem
2635 2317 2840 2372 Christi
2890 2332 3062 2387 usque
3095 2318 3160 2372 ad
3197 2318 3489 2387 lapidatio-

1908 2426 2028 2464 nem
2058 2409 2334 2464 Zachariae
2365 2425 2457 2465 an.
2487 2426 2652 2465 unus.

1982 2506 2021 2555 A
2074 2511 2246 2557 morte
2304 2518 2432 2556 vero
2482 2502 2761 2556 Zacharias
2809 2517 2983 2571 usque
3027 2502 3091 2555 ad
3127 2500 3355 2555 Joannis
3398 2502 3488 2554 lilii

1912 2594 2085 2661 ipsius
2112 2603 2371 2656 mortem,
2400 2593 2503 2646 sub
2528 2590 2740 2645 Herode
2763 2590 2985 2659 juniore
3012 2591 3265 2644 Archelai
3296 2590 3407 2642 lilio
3436 2591 3488 2641 in

1910 2700 2129 2740 carcere
2158 2694 2425 2753 patratam
2454 2699 2544 2737 an.
2567 2700 2729 2738 unus.

1986 2775 2050 2829 Et
2098 2791 2127 2828 a
2176 2784 2351 2828 morte
2383 2772 2612 2829 Joannis
2634 2788 2808 2843 usque
2833 2776 2900 2828 ad
2950 2773 3249 2829 salviﬁcam
3281 2772 3492 2843 passio-

1917 2884 2039 2921 nem
2074 2883 2288 2922 menses
2319 2868 2372 2921 6.

1988 2956 2134 3011 Vixit
2177 2959 2323 3013 enim
2354 2958 2596 3015 Joannes
2650 2958 2889 3026 Baptista
2943 2959 3103 3013 annis
3135 2959 3226 3023 53,
3268 2958 3491 3028 triginta

1914 3051 2133 3117 quidem
2182 3051 2235 3103 in
2270 3066 2491 3113 eremo;
2532 3052 2707 3105 tribus
2742 3066 2870 3103 vero
2910 3052 3070 3104 anuis
3111 3051 3406 3119 baptizavit
3437 3051 3491 3105 in

223 3144 439 3207 πτίζων
513 3146 570 3194 ὲν
642 3143 934 3213 Ἰωρδάνῃ,
998 3140 1093 3193 καὶ
1147 3138 1434 3205 κηρύττων
1496 3134 1805 3201 μετάνοιαν.

1922 3137 2150 3193 lordane
2205 3140 2506 3208 praedicans
2538 3141 2939 3209 paenitentiam.
2983 3140 3182 3209 Sicque
3232 3138 3495 3194 Dominus

237 3234 520 3295 Ὡσαύτως
563 3235 656 3285 καὶ
690 3235 718 3284 ὁ
749 3233 953 3303 Κύριος
982 3229 1139 3299 ἡμῶν
1173 3226 1379 3295 Ἰησοῦς
1409 3224 1645 3294 Χριστὸς
1691 3237 1811 3289 τρι-

226 3327 439 3379 άκοντα
464 3326 559 3393 ἐτη
592 3327 649 3377 ὲν
677 3328 788 3387 τοῖς
818 3323 1088 3382 παιδικοῖς
1117 3319 1288 3387 διῆξε.

302 3418 459 3469 Μετὰ
503 3416 558 3468 δὲ
605 3418 663 3469 τὸ
722 3416 1007 3485 βάπτισμα
1054 3411 1347 3476 ἐπελέξατο
1383 3407 1512 3468 τοὺς
1564 3404 1813 3475 μαθητάς

228 3510 537 3579 κηρύσσειν
572 3510 669 3579 τὴν
710 3507 875 3559 αὑτοῦ
907 3504 1185 3575 βασιλεῖαν
1216 3502 1320 3563 ἓως
1357 3497 1593 3566 σταυροῦ
1621 3496 1716 3563 ἔτη
1741 3501 1808 3561 γ’.

305 3607 470 3658 ’Ὅθεν
502 3606 551 3657 οἱ
582 3603 639 3652 ἐν
686 3601 891 3668 Nimia.
937 3596 1177 3665 Πατέρες
1218 3591 1552 3656 διετάξαντο,
1596 3590 1666 3658 μὴ
1698 3606 1813 3658 χει-

232 3702 473 3772 ροτονεῖν
518 3695 889 3765 πρεσϐύτερον
922 3690 1027 3759 πρὸ
1059 3687 1193 3740 ἐτῶν
1224 3684 1515 3754 τριάκοντα
1536 3722 1549 3742 ,
1578 3680 1810 3749 ἀρκετὸν

227 3771 483 3854 εἰπόντες
508 3789 583 3857 τῷ
608 3787 824 3857 μαθητῇ
850 3783 907 3835 τὸ
929 3781 1019 3834 τοῦ
1046 3776 1391 3839 διδασκάλου,
1418 3774 1511 3826 καὶ
1543 3771 1620 3842 τῷ
1645 3771 1817 3841 δούλῳ

226 3888 292 3939 τι
324 3887 420 3936 τοῦ
454 3883 643 3951 κυρίου
678 3877 863 3931 αὑτοῦ.

317 3973 452 4025 ’Λπὸ
478 3971 533 4023 δὲ
560 3969 653 4021 τοῦ
686 3964 956 4035 σωτηρίου
988 3960 1215 4022 πάθους,
1244 3956 1337 4011 καὶ
1368 3955 1469 4024 τῆς
1501 3952 1818 4021 ἀναλήψεως

229 4068 366 4135 ἄχρι
401 4066 499 4131 τῆς
533 4060 626 4113 τοῦ
673 4060 945 4126 Στεφάνου
986 4051 1290 4111 λιθοῦολίας
1334 4046 1430 4115 ἔτη
1464 4044 1529 4109 ζ’,
1571 4046 1666 4097 καὶ
1712 4042 1821 4135 ama

229 4157 443 4222 ταύτης
472 4154 629 4221 μέχρι
654 4150 750 4203 τοῦ
776 4148 1034 4216 φανέντος
1053 4144 1130 4213 τῷ
1152 4142 1337 4208 Σαύλῳ
1358 4138 1533 4206 φωτὸς
1557 4136 1725 4206 μῆνες
1745 4130 1816 4197 ς’.

310 4247 421 4300 Καὶ
466 4245 572 4297 ἀπο
618 4241 1002 4312 βαπτίσματος
1056 4239 1151 4289 καὶ
1196 4234 1552 4304 κηρύγματος
1603 4230 1818 4282 Παύλου

236 4339 407 4409 μέχρι
440 4336 757 4404 ἀναλήψεως
786 4334 885 4400 τῆς
920 4329 1217 4397 Δεσποίνης
1252 4325 1409 4395 ἡμῶν
1443 4321 1818 4393 ὑπεραμώμου

234 4430 333 4498 ἔτη
372 4428 520 4497 τρία,
545 4424 678 4495 ὁμοῦ
712 4423 806 4493 ἔτη
838 4423 940 4492 μδ’.

1918 3240 2105 3285 noster
2142 3229 2304 3285 Jesus
2354 3232 2607 3287 Christus
2659 3231 2878 3300 triginta
2922 3232 3083 3286 annis
3128 3232 3183 3285 in
3207 3231 3497 3301 juventute

1915 3320 2068 3374 vixit.

1986 3414 2119 3467 Post
2149 3414 2480 3481 baptismum
2515 3428 2644 3467 vero
2669 3413 2832 3483 elegit
2859 3413 3179 3484 discipulos,
3212 3423 3272 3468 ut
3301 3413 3499 3484 praedi-

1916 3514 2103 3557 carent
2131 3518 2354 3571 regnum
2387 3519 2569 3567 suum,
2602 3521 2775 3573 usque
2802 3507 2867 3559 ad
2897 3520 3116 3561 erucem
3148 3507 3307 3562 annis
3333 3507 3386 3560 ὅ.

1993 3594 2144 3650 Unde
2201 3595 2391 3649 Patres
2432 3597 2484 3649 in
2526 3595 2740 3651 Nicmna
2791 3602 2997 3669 synodo
3047 3608 3378 3662 statuerunt,
3441 3606 3500 3653 ut

1918 3705 2027 3743 non
2091 3689 2477 3741 ordinarentur
2509 3692 2808 3761 presbyteri
2851 3699 2977 3745 ante
3038 3692 3261 3761 triginta
3298 3708 3497 3755 annos,

1918 3783 2284 3849 dixeruntque
2310 3782 2557 3837 sullicere
2597 3784 2902 3852 diacipulo,
2937 3795 2991 3839 ut
3031 3788 3100 3839 sit
3138 3787 3283 3840 sicut
3328 3787 3502 3856 magi-

1919 3885 2030 3926 ster
2059 3889 2073 3939 ;
2111 3883 2162 3925 et
2196 3888 2376 3937 servo,
2412 3882 2470 3927 ut
2502 3875 2574 3928 sit
2597 3877 2738 3929 sicut
2769 3875 3025 3931 dominus
3063 3877 3204 3945 ejus.

1990 3964 2035 4015 A
2079 3963 2316 4016 salviiica
2368 3978 2496 4017 vero
2538 3965 2814 4033 passione,
2850 3974 2904 4018 et
2947 3966 3296 4031 ascensione,
3322 3984 3500 4037 usque

1920 4054 1986 4106 ad
2023 4052 2286 4121 Stephani
2346 4053 2738 4122 lapidationem
2771 4057 2899 4109 anni
2936 4056 2988 4121 7,
3020 4065 3074 4111 et
3103 4058 3173 4110 ab
3204 4058 3293 4112 illa
3328 4075 3507 4129 usque

1920 4141 1985 4194 ad
2029 4141 2226 4204 lucem,
2260 4157 2381 4210 qua:
2402 4142 2570 4197 Paulo
2604 4145 2898 4213 apparuit,
2943 4161 3161 4201 menses
3200 4161 3320 4201 sex.

1992 4230 2055 4285 Et
2086 4248 2115 4285 a
2144 4233 2295 4286 Pauli
2331 4234 2657 4303 baptismate
2688 4250 2753 4289 ac
2803 4237 3190 4304 praedicatione
3230 4254 3407 4308 usque
3430 4240 3505 4293 ad

1922 4323 2165 4380 Dominae
2220 4339 2420 4381 nostra:
2460 4342 2719 4397 perquam
2755 4329 3119 4386 immaculata:
3164 4335 3501 4404 assumptio-

1924 4434 2046 4471 nem
2080 4428 2207 4473 sunt
2239 4421 2364 4473 anni
2393 4421 2709 4485 tres,simul
2731 4423 2859 4476 anni
2896 4424 2986 4477 44.

312 4520 519 4589 Ἐξησε
546 4518 653 4588 γὰρ
688 4517 787 4570 σὺν
816 4518 881 4586 τῇ
917 4513 1295 4586 ἀνθρωπότητι
1328 4514 1359 4582 ἡ
1387 4512 1661 4580 πάναγνος
1689 4512 1814 4565 Θεο-

1995 4512 2139 4566 Vixit
2172 4512 2315 4565 enim
2361 4513 2501 4566 inter
2551 4514 2799 4567 homines
2852 4515 3144 4581 purissima
3184 4516 3505 4586 Deiparain

236 4612 400 4673 τόκος
428 4612 486 4661 ἐν
512 4608 587 4672 τῷ
610 4606 721 4676 ναῷ
745 4605 841 4677 ἔτη
868 4606 951 4669 ιδ’,
977 4606 1033 4658 ἐν
1057 4603 1133 4674 τῷ
1155 4606 1286 4673 οῐκῳ
1327 4602 1527 4671 Ἰωσὴφ
1559 4605 1733 4671 μῆνας
1755 4602 1819 4666 δ’,

236 4703 337 4754 καὶ
365 4697 729 4768 εὐηγγελίσθη
750 4736 764 4760 ,
800 4696 895 4749 καὶ
922 4693 1261 4747 συλλαϐοῦσα
1304 4692 1458 4745 ἔτεκε
1493 4693 1586 4745 τὸν
1617 4691 1820 4763 Κύριον

236 4792 401 4862 ἡμῶν
447 4787 655 4859 -ιησοῦν
683 4785 937 4858 Χριστὸν,
968 4784 1103 4855 ὁμοῦ
1131 4784 1227 4855 ἐτη
1259 4780 1342 4837 ιε’,

329 4960 465 5014 Ἀπὸ
494 4960 547 5011 δὲ
582 4960 683 5030 τῆς
714 4960 1181 5031 ἐνανθρωπήσεως
1219 4958 1313 5011 τοῦ
1356 4957 1595 5030 Χριστοῦ
1626 4958 1823 5030 ἔζησεν

241 5056 335 5125 ἔτη
360 5056 462 5122 λγ¹ο

317 5150 395 5218 (5)
449 5149 596 5208 Ἕως
640 5146 966 5218 ἀναλήψεως
1010 5145 1104 5200 τοῦ
1154 5144 1392 5218 Χριστοῦ
1444 5147 1502 5198 ὲν
1552 5144 1631 5215 τῷ
1688 5145 1824 5215 οἴκῳ

255 5242 508 5295 Ἰωάννου
541 5240 636 5309 ἐτη
673 5245 759 5293 ια’.

322 5422 399 5490 (ι)
450 5419 549 5474 Hic
579 5419 770 5488 incipit
802 5417 1168 5489 fragmentum
1218 5415 1489 5490 Hippolyti
1521 5417 1766 5473 Thebani
1799 5434 1828 5473 a

252 5492 475 5550 Sanisio
506 5492 728 5543 editum.

325 5563 402 5629 (9.)
437 5559 561 5613 Haec
592 5560 811 5613 omnino
842 5558 1001 5611 aliter
1030 5557 1300 5613 habentur
1328 5558 1470 5627 apud
1518 5558 1823 5614 Canisium.

283 5703 295 5714 .
325 5633 403 5700 (ὃ)
449 5631 546 5683 Hic
592 5630 852 5682 nonnulla
891 5630 995 5682 alia
1029 5629 1433 5688 iiiteiseruntur
1478 5632 1617 5697 apud
1664 5631 1827 5685 Cani-

246 5718 583 5841 sl“(2').lmgit
610 5770 859 5825 Canisius
888 5766 973 5834 λς’
1006 5784 1102 5825 seu
1153 5768 1246 5837 56,
1293 5768 1385 5825 sed
1430 5783 1679 5836 crronee,
1719 5788 1823 5825 non

1930 4604 2129 4671 templo
2162 4603 2319 4656 atinis
2378 4606 2464 4665 14,
2503 4605 2556 4657 in
2586 4605 2749 4659 domo
2790 4603 2995 4676 Joseph
3047 4608 3327 4664 mensibus
3357 4610 3414 4675 Δ,
3448 4620 3504 4665 et

1928 4694 2271 4747 annuntiatio
2335 4693 2385 4747 ei
2436 4693 2577 4748 facta
2613 4705 2716 4759 est,
2760 4705 2811 4749 et
2863 4698 3137 4766 concepit,
3188 4702 3509 4770 peperitque

1931 4782 2218 4837 Dominum
2255 4796 2502 4838 uestrum
2549 4783 2733 4839 Jesum
2786 4785 3107 4854 Christum,
3137 4788 3303 4844 simul
3344 4792 3509 4845 annis

1936 4875 2016 4928 l5.

2006 4967 2480 5023 Abinearnatione
2512 4985 2642 5024 vero
2676 4968 2877 5024 Christi
2913 4970 3048 5025 vixit
3071 4986 3247 5026 annos
3271 4972 3365 5026 35.

2002 5144 2187 5215 Usque
2210 5146 2276 5200 ad
2301 5147 2731 5219 assumptionem
2773 5146 2980 5203 Christi
3022 5148 3076 5202 in
3092 5148 3255 5203 domo
3279 5147 3507 5203 Joannis

1929 5238 2057 5291 antri
2094 5237 2177 5293 ll.

1928 5422 2072 5501 enim
2101 5420 2241 5542 lvixit
2297 5420 2437 5474 ultra
2467 5419 2536 5474 53
2568 5434 2763 5488 annos,
2797 5420 2943 5475 unde
2985 5429 3172 5475 nostra
3224 5417 3384 5474 lectio
3423 5434 3507 5474 re-

1928 5503 2097 5542 ῑιηρηι
2120 5507 2169 5542 3.

1928 5503 2169 5544 ιιηρηιω.

2000 5561 2077 5630 (5)
2116 5562 2287 5613 Aliter
2319 5560 2433 5613 lure
2475 5561 2636 5614 habet
2666 5559 2799 5616 Can.
2844 5560 2916 5615 ita
2963 5560 3146 5630 legens
3184 5577 3197 5612 :
3231 5558 3339 5630 Ka‘t
3370 5558 3510 5626 μετὰ

1923 5627 2022 5699 τὴν
2059 5627 2329 5701 άνάληψιν
2358 5631 2450 5683 τοῦ
2484 5632 2711 5699 Κυρίου,
2749 5632 2942 5701 ἔζησεν
2974 5627 3216 5701 σῦνίτοῖς
3239 5627 3507 5701 μαθηταζς

1924 5695 2089 5771 αρτοῦ
2122 5703 2178 5754 ἐν
2314 5701 2448 5771 οἴκῳ
2472 5695 2718 5754 Ἰωάννου
2749 5695 2842 5753 τοῦ
2865 5698 3261 5771 Εὑαγγελιστοῦ
3413 5695 3506 5771 ια’.

1942 5768 2005 5823 Et
2052 5781 2167 5838 post
2214 5766 2432 5824 Domini
2467 5773 2879 5838 assumptionem
2926 5766 3042 5824 cuni
3077 5766 3354 5835 discipulis
3389 5769 3506 5837 ejus
