4178 6522
170 455 298 521 1033

1576 444 2055 508 FIIAGMEN'I‘A,

1756 559 1834 617 II.

3295 435 3428 500 1034

162 701 355 766 Aliud
416 698 856 774 Fragmentum
896 691 1271 774 jlippolyti
1313 689 1583 774 Thebaui
1619 708 1695 748 ex
1738 690 2107 774 _1_ns.codice
2157 687 2374 774 G‘rwco
2438 685 3020 774 Urbinoziaticano
3081 693 3226 744 ante
3283 686 3426 753 600.

240 796 438 840 annos
470 762 582 835 sui)
616 771 840 832 Alexio
877 762 1186 833 σοήιήεηό
1222 765 1801 846 Constantinopoli,
1836 778 1904 828 ut
1939 785 2014 826 ea:
2049 766 2317 846 ejusdem
2344 765 2613 842 imagine
2649 762 2810 825 libro
2841 766 3104 843 praeﬁxa
3137 776 3424 842 apparet,

246 855 635 931 conscripto.

233 977 570 1048 Εὑρίςκομεν
599 973 655 1026 δὲ
685 973 836 1042 παρὰ
861 974 926 1041 τῇ
965 970 1087 1040 θείᾳ
1111 971 1304 1040 Γραφῇ
1326 1008 1341 1034 ,
1370 969 1444 1032 ὡς
1473 970 1529 1020 ὲν
1571 966 1649 1037 τῷ
1680 966 1739 1030 ἒξ

163 1072 260 1124 καὶ
295 1069 506 1136 δεκάτῳ
539 1067 718 1136 χρόνῳ
754 1065 854 1132 τῆς
896 1063 1042 1131 ζωῆς
1075 1063 1243 1131 αὐτῆς
1287 1063 1320 1132 ὴ
1354 1060 1596 1127 παναγία
1645 1059 1742 1111 Δέο

165 1181 357 1215 σποινα
411 1161 672 1222 Θεοτόκος
731 1158 822 1210 τὸν
881 1158 1112 1225 Σωτῆρα
1171 1155 1266 1208 καὶ
1321 1153 1527 1224 Κύριον
1586 1152 1744 1223 ἡμῶν

174 1255 382 1322 Ἰησοῦν
424 1254 658 1322 Χριστὸν
714 1251 1028 1319 ἐγέννησεν.
1095 1247 1432 1316 Ἐϐαπτίσθη
1485 1247 1544 1300 δὲ
1593 1245 1746 1315 παρὰ

163 1348 371 1416 Πέτρου
405 1347 500 1399 καὶ
531 1346 778 1397 Ἰωάννου
808 1342 916 1394 τῶν
944 1339 1280 1404 ἀποστόλων,
1309 1340 1508 1402 αὐτοὺς
1539 1339 1595 1390 δὲ
1622 1337 1747 1391 τούς

158 1456 286 1499 τους
316 1438 609 1489 ἐϐάπτισεν
637 1437 664 1487 ὁ
697 1436 952 1504 Χριστός.
989 1432 1191 1502 Ἔζησε
1222 1432 1279 1484 δὲ
1315 1432 1452 1501 μετὰ
1478 1432 1536 1484 τὸ
1573 1432 1744 1500 σωτή-

165 1548 278 1596 ριον
312 1528 481 1585 πάθος
511 1530 544 1597 ἡ
569 1527 830 1587 Θεοτὸκος
858 1524 951 1594 ἔτη
979 1530 1066 1578 ια’.
1109 1524 1168 1576 Ὀ
1200 1524 1256 1575 δὲ
1281 1524 1378 1591 τῆς
1406 1522 1550 1592 ζωῆς
1577 1523 1743 1592 αὐτῆς

161 1620 350 1688 χρόνος
396 1614 474 1680 εἷς
527 1618 618 1670 καὶ
673 1617 956 1687 ἑξήκοντα.
1020 1615 1244 1668 Ἐϐίωσε
1290 1615 1346 1667 δὲ
1384 1615 1482 1666 καὶ
1515 1615 1542 1666 ὁ
1591 1614 1746 1681 ἅγιος

172 1715 430 1782 Ἰωάννης
465 1715 491 1764 ὁ
520 1711 784 1778 Θεολόγος
832 1709 995 1780 μέχρι
1027 1708 1286 1777 Δομετίου
1330 1704 1743 1776 [Δομετιανοῦ]

161 1805 435 1872 βασιλέως
491 1803 778 1868 Ῥωμαίων
811 1802 948 1872 (il),
995 1800 1071 1863 ὡς
1111 1802 1177 1852 ὲκ
1221 1799 1412 1852 τούτου
1463 1795 1601 1851 εἶναι
1654 1797 1743 1850 τὸν

159 1899 378 1951 ἅπαντα
410 1900 505 1966 τῆς
537 1896 680 1966 ζωῆς
711 1895 876 1948 αὑτοῦ
906 1893 1098 1964 χρόνον
1132 1893 1266 1946 δέκα
1290 1891 1428 1962 πρὸς
1454 1892 1670 1945 ἑκατόν.

1913 966 2226 1020 Invenimus
2252 978 2434 1019 autem
2484 964 2538 1017 in
2572 965 2754 1020 divina
2788 964 3067 1035 Scriptura
3089 1007 3104 1031 ,
3136 965 3280 1034 quod
3338 966 3432 1019 dt-

1848 1060 1991 1113 cimo
2040 1069 2194 1112 sexto
2249 1073 2394 1111 anno
2454 1056 2631 1111 aetatis
2673 1072 2784 1111 sua:
2822 1057 3172 1111 sanctissima
3205 1055 3432 1110 Doutina

1850 1153 2079 1221 Deipara
2135 1150 2477 1204 Salvatorem
2532 1157 2585 1203 et
2639 1147 2929 1202 Dominum
2963 1146 3429 1204 uostrumJesum

1848 1244 2128 1299 Christum
2174 1243 2444 1312 pepererit
2477 1259 2491 1300 ς
2522 1241 2799 1311 baptizata
2854 1255 2980 1294 vero
3006 1243 3075 1294 sit
3111 1255 3140 1293 a
3165 1240 3350 1301 Petro,
3380 1246 3436 1293 et

1849 1334 2058 1390 Joanne
2095 1335 2391 1404 apostolis,
2421 1336 2568 1403 ipsos
2618 1344 2797 1388 autem
2833 1332 3125 1403 baptizarit
3161 1332 3432 1386 Christus.

1855 1427 2000 1482 Vixit
2031 1442 2160 1482 vero
2193 1435 2315 1497 post
2359 1425 2662 1481 salviﬁcam
2713 1426 3026 1496 passionem
3075 1424 3307 1495 Deipara
3336 1440 3436 1478 an-

1853 1536 1954 1576 nos
1989 1538 2066 1586 xr,
2115 1521 2448 1590 fueruntque
2492 1534 2684 1574 omnes
2736 1519 2900 1574 totius
2951 1520 3076 1574 vita
3134 1519 3256 1588 ejus
3305 1518 3436 1572 anui

1850 1615 2131 1684 sexaginta
2191 1629 2358 1668 unus.
2400 1611 2551 1666 Vixit
2601 1622 2784 1668 autem
2849 1621 2904 1666 et
2967 1613 3126 1667 divus
3192 1608 3432 1666 Joannes

1853 1707 2164 1775 Thcologus
2201 1720 2373 1776 usque
2405 1705 2472 1759 ad
2514 1704 2883 1760 Domitianum
2917 1705 3298 1774 imperatorem
3331 1701 3437 1757 Ro~

1855 1815 2165 1859 manmnzn,
2194 1801 2330 1853 adeo
2361 1806 2419 1852 ut
2451 1813 2613 1853 oume
2649 1798 2777 1854 vitae”
2799 1797 2924 1868 ejus
2953 1806 3169 1866 tempus
3197 1796 3266 1852 sit
3286 1808 3433 1850 ‘ceu-

1854 1901 1966 1941 tttm
1998 1900 2048 1941 tl
2078 1891 2261 1942 decem
2296 1903 2589 1941 annorum.

1745 2025 1852 2084 III.

1045 2159 1486 2235 Fragmentum
1526 2171 1602 2212 ex
1639 2151 1774 2211 cod.
1809 2168 1922 2208 ms.
1958 2149 2148 2225 Regio
2184 2149 2338 2209 1296
2381 2149 2524 2228 (1'2).

245 2291 642 2362 Ἔγκωμιάζων
694 2291 749 2343 δὲ
808 2291 899 2342 τὸν
959 2287 1352 2357 εὐαγγελιστὴν
1407 2285 1661 2354 Ἰωάννην
1720 2285 1748 2336 ὁ

1927 2279 2321 2334 Sanctissimus
2358 2289 2541 2338 autem
2581 2279 2891 2347 patriarcha
2931 2275 3436 2348 Hierosolymorum

160 2385 467 2453 ἁγιώτατος
503 2384 852 2454 πατριάρχης
898 2381 1310 2452 Ἰεροσολύμων,
1344 2383 1370 2432 ὁ
1417 2380 1587 2449 μέγας
1632 2378 1747 2429 Σω-

160 2481 384 2548 ςιρένιος
414 2477 652 2530 διδάσκει
683 2477 780 2546 τὴν
813 2476 907 2528 τοῦ
926 2476 1059 2528 Θεοῦ
1092 2473 1443 2542 Ἐκκλησίαν,
1469 2473 1550 2524 ὃτι
1576 2468 1756 2541 πατὴρ

158 2569 258 2624 τοῦ
300 2569 565 2634 Θεολὸγου
610 2571 636 2620 ὁ
675 2568 960 2631 Ζεϐεδαῖος
1005 2563 1096 2635 ἦν,
1131 2564 1366 2633 Σαλώμη
1408 2563 1527 2632 δὲή
1574 2563 1756 2633 μήτηρ

158 2664 357 2724 αὑτοῦ,
392 2663 638 2730 θυγάτηρ
672 2658 804 2712 οὖσα
829 2659 969 2730 αὐτὴ
1010 2659 1104 2712 τοῦ
1143 2658 1344 2728 Ἰωσήψ
1366 2674 1378 2685 ·
1404 2657 1460 2719 ὃς
1486 2655 1758 2723 τέσσαρας

157 2755 318 2814 uio-2;
338 2746 469 2821 εἶχε,
499 2753 592 2804 καὶ
617 2751 923 2821 θυγατέρας
948 2753 1118 2818 τρεῖς.
1146 2749 1306 2809 Υίοὺς
1333 2749 1454 2816 μέν’
1477 2747 1754 2809 Ἰάκωϐον,

160 2845 413 2904 Σίλωνα,
483 2841 713 2901 Ἰούδαν,
768 2842 862 2895 καὶ
913 2841 1130 2911 Ἰωσήφ.
1166 2838 1484 2907 Θυγατέρας
1529 2837 1625 2889 δέ·
1659 2835 1758 2904 τὴν

172 2934 404 3002 Ἰ-ἶσθὴρ,
459 2934 554 3002 τὴν
604 2933 870 3003 Μάρθαν,
913 2934 1009 2986 καὶ
1053 2933 1151 2999 τὴν
1202 2930 1505 2998 Σαλώμην,
1537 2929 1658 2997 ἥτις
1687 2923 1755 2997 ἦν

162 3026 306 3091 γυιὴ
342 3025 437 3091 μὲν
470 3023 778 3083 Ζεϐεδαίου,
818 3023 1003 3091 μήτηρ
1047 3021 1102 3073 δὲ
1155 3019 1426 3072 Ἰωάννου.
1474 3018 1755 3070 Ἐντεῦθεν

158 3118 186 3167 ὁ
220 3117 412 3184 Σωτὴρ
449 3116 586 3176 θεῖος
615 3110 682 3182 ἦν
722 3115 992 3180 Ἰωάννου,
1018 3114 1092 3175 ὡς
1115 3113 1341 3181 ἁδελφὸς
1365 3113 1461 3180 τῆς
1490 3110 1756 3181 Σαλώμης

162 3207 268 3275 τῆς
301 3206 570 3274 θυγατρὸς
612 3205 832 3274 Ἰωσήφ.

1858 2388 2087 2442 magnus
2144 2371 2486 2440 Sopluonius
2543 2371 2796 2426 encomio
2843 2371 3127 2426 celebrans
3172 2369 3437 2426 Joannem

1855 2465 2239 2534 evangelistam
2261 2463 2419 2517 docet
2445 2463 2738 2519 Ecclesiam
2761 2463 2876 2530 Dei,
2903 2463 3048 2534 quod
3073 2473 3228 2534 pater
3254 2463 3440 2518 Theo-

1856 2558 1961 2621 logi
2005 2558 2219 2612 exstitit
2267 2556 2589 2618 Zebcdmus.
2641 2567 2818 2611 t'nater
2860 2572 2989 2612 vero
3019 2558 3168 2613 illius
3196 2555 3438 2619 Salonio,

1857 2652 1971 2720 ipsa
2024 2650 2130 2703 (ilia
2193 2647 2444 2718 Josephi,
2496 2649 2588 2719 qui
2651 2648 2925 2720 Josephus
2974 2661 3209 2721 quatuor
3250 2651 3442 2705 habuit

1856 2744 2016 2803 filios.
2039 2744 2340 2798 liliastres:
2373 2743 2514 2797 filios
2534 2743 2752 2812 quidem
2780 2761 2790 2796 :
2819 2741 3103 2807 Jacobum,
3135 2743 3437 2808 Simonem,

1853 2833 2045 2888 Iudam
2078 2843 2132 2889 et
2169 2833 2484 2904 Josephum.
2518 2832 2685 2888 Filias
2729 2847 2892 2887 vero:
2919 2831 3135 2898 Esther,
3165 2833 3438 2887 Martha-i1

1855 2937 1909 2980 et
1962 2927 2237 2990 Salomon,
2270 2942 2389 2995 quae
2432 2925 2531 2978 fuit
2575 2941 2712 2978 uxor
2747 2924 3013 2990 Zcbedaai,
3049 2934 3224 2978 mater
3257 2933 3438 2977 autem

1853 3019 2102 3074 Joannis.
2139 3019 2276 3072 Hinc
2310 3019 2560 3072 Salvator
2585 3031 2700 3072 erat
2735 3016 2966 3074 Joannis
2989 3019 3319 3085 avunculus,
3353 3029 3442 3073 ιιι-

1855 3120 1981 3179 pote
2012 3108 2178 3162 frater
2200 3108 2449 3163 Salomes
2483 3107 2604 3162 tiliae
2634 3106 2879 3177 Iosephi.

1751 3319 1852 3379 IV.

855 3446 1296 3522 Fragmentum
1326 3444 1498 3521 apud
1528 3444 1848 3521 Combe/is.
1885 3446 1948 3504 in
1979 3446 2349 3523 Originibus
2381 3445 2772 3508 CPolita-m's.

237 3598 316 3650 Τδ
352 3596 410 3649 δὲ
439 3593 726 3662 Πάνορμον
755 3590 1011 3660 κάστρον,
1039 3588 1144 3641 ὑπὸ
1170 3587 1265 3641 τοῦ
1297 3589 1584 3658 Πανόρμου
1622 3587 1749 3640 ’Ἑλ-

1927 3589 2182 3645 Castrum
2217 3591 2548 3645 Panormtttn
2596 3607 2626 3647 a
2665 3591 2938 3647 Panormo
2962 3593 3198 3662 quodam
3253 3593 3444 3652 Graeco

159 3695 332 3760 ληνος
367 3685 624 3754 ἐκτίσθη,
663 3683 1002 3752 διπλότειχον
1045 3681 1291 3750 ὑπάρχον
1318 3719 1332 3742 ,
1386 3681 1606 3750 σιδήρου
1657 3683 1750 3732 καὶ

1858 3684 2138 3738 conditum
2164 3691 2268 3749 est,
2290 3684 2488 3753 duplici
2516 3698 2676 3739 muro
2705 3692 3084 3739 constructum
3108 3692 3272 3758 atque
3297 3684 3444 3740 ferro

159 3781 371 3855 χαλκοῦ
397 3780 552 3848 δίκην
583 3776 1052 3845 ἀναμεμιγμένον.
1097 3774 1185 3826 Ἐν
1216 3775 1272 3826 δὲ
1300 3777 1364 3842 τῇ
1394 3776 1528 3843 πρὸς
1553 3774 1755 3845 βορρᾶν

162 3877 350 3944 πάρτῃ
369 3868 463 3922 τοῦ
488 3868 652 3921 αὑτοῦ
679 3866 943 3935 κάστρου,
977 3863 1164 3917 ἵστατο
1194 3865 1489 3933 στυράκων
1517 3863 1752 3932 ὴχμῶδι,

159 3967 261 4018 καὶ
312 3960 482 4030 στήλη
533 3957 824 4025 γυναικεία
869 3955 1182 4024 δικέφαλος.
1237 3953 1406 4007 Ἔνθα
1442 3956 1535 4006 καὶ
1574 3953 1753 4021 θέαμα

159 4059 419 4122 γέγονεν.
465 4047 847 4121 Ἐμπυρισμοῦ
892 4047 1000 4117 γάρ
1047 4063 1177 4099 ποτε
1232 4045 1292 4098 τὸ
1341 4046 1577 4116 κάστρον
1622 4063 1754 4098 κατ-

160 4143 599 4216 ειληφότος,ζκαὶ
631 4141 810 4210 πάσης
839 4143 936 4209 τῆς
970 4140 1179 4201 πόλεως
1205 4139 1582 4208 ὲδαφισθείσης
1619 4138 1754 4208 μετὰ

161 4241 262 4293 καὶ
317 4236 430 4288 τῶν
469 4233 688 4302 τειχῶν,
742 4231 995 4283 ἵστασθαι
1037 4229 1097 4281 τὸ
1147 4230 1377 4297 πυργίον
1426 4231 1604 4281 ἐκεῖνο
1653 4231 1754 4298 τῇς

161 4334 399 4400 πὲρτης,
437 4325 566 4378 ἔνθα
605 4323 698 4376 καὶ
730 4324 763 4393 ἠ
802 4320 969 4390 στήλη
1007 4320 1312 4372 συνίστατο.
1363 4321 1523 4374 Ἀλλὰ
1558 4321 1754 4372 πολλά-

163 4438 255 4484 zz;
287 4418 386 4472 xui.
409 4415 500 4469 τοῦ
528 4413 695 4484 πυρὸς
727 4411 1184 4481 προσεγγίζοντος
1216 4410 1293 4481 τῷ
1323 4411 1505 4480 τόπῳ,
1537 4412 1612 4472 ὡς
1649 4411 1752 4464 ὑπό

160 4528 309 4573 τινος
340 4507 629 4569 διώκοντος
661 4503 812 4566 αὐτὸ,
837 4501 1060 4554 ὄπισθεν
1086 4501 1160 4564 ὼς
1193 4502 1421 4572 ὀργυιὰς
1451 4511 1512 4565 ε’,
1545 4502 1750 4570 ὑπεχώ-

165 4622 254 4676 ρει
278 4603 382 4671 τῆς
409 4600 629 4669 στήλης.
654 4596 803 4666 Αὕτη
827 4595 883 4649 δὲ
906 4595 1226 4665 παρελήφθη
1259 4596 1362 4648 ὑπὸ
1386 4598 1627 4666 Χοσρόου
1658 4597 1749 4650 τοῦ

166 4695 400 4768 Περσῶν
430 4692 715 4762 τυράννου,
739 4689 834 4740 καὶ
859 4688 1006 4740 ἔστιν
1024 4688 1102 4750 είς
1122 4688 1352 4757 Περσίδα
1376 4689 1748 4758 λατρευομένη

163 4788 273 4846 ἓως
319 4783 414 4834 τοῦ
450 4780 577 4842 νῦν,
610 4776 790 4838 καθὼς
831 4779 858 4828 ὁ
902 4776 1250 4845 παραδείσιος
1288 4778 1524 4847 διαοιτὴς
1571 4778 1750 4829 ἐκεῖσε

165 4873 468 4945 κρατηθεὶς
497 4871 592 4923 καὶ
623 4867 898 4938 ἐκφυγὼν,
932 4868 1066 4936 δῆλα
1095 4869 1397 4936 πεποίηκεν
1429 4873 1485 4920 ὲν
1517 4869 1594 4939 τῷ
1620 4886 1749 4940 χρο-

165 4966 306 5033 νικῴ
358 4961 677 5015 Ἱππολύτου
700 5001 715 5026 ,
746 4959 808 5012 τὸ
843 4959 1024 5030 τριτδν
1067 4959 1546 5030 δημοσιευόμενον.
1589 4963 1748 5031 Ζήτει

167 5056 416 5126 ἱστορίαν
448 5054 706 5119 ἐξαίσιον.

243 5149 318 5200 Τὸ
357 5147 413 5197 δὲ
450 5145 787 5213 καλούμενον
827 5142 1096 5212 Σμύρνιον
1121 5185 1135 5208 ,
1166 5143 1394 5214 πλησίον
1433 5145 1526 5196 τοῦ
1553 5162 1747 5215 τετρα-

164 5241 346 5293 δισίου
409 5235 674 5305 ἐμϐόλου,
713 5235 827 5303 ἔχει
877 5235 1138 5287 ὑποκάτω
1186 5236 1283 5304 τῆς
1323 5238 1446 5304 γῆς,
1498 5237 1558 5290 τὸ
1610 5238 1746 5308 πρὸς

168 5335 377 5404 ,2ορρᾇ
407 5331 590 5400 μέρος,
617 5330 842 5400 ὀργυιὰς
871 5335 899 5381 ι’
930 5329 1152 5398 στήλας,
1183 5327 1210 5380 θ
1250 5331 1478 5398 πλησίον
1498 5329 1592 5382 τοῦ
1623 5331 1750 5383 ναοῦ

161 5429 262 5479 τοῦ
294 5425 454 5490 ἁγίου
477 5422 774 5492 Θεοδώρου.
813 5421 960 5472 Εἰσὶν
989 5422 1044 5473 δὲ
1071 5422 1126 5474 αί
1155 5419 1365 5489 στῆλαι,
1391 5423 1446 5473 αἱ
1474 5423 1573 5490 μὲν
1599 5424 1749 5492 τρεῖς

168 5510 590 5570 Κωνσταντίνου
621 5509 715 5561 τοῦ
749 5510 1008 5577 Μεγάλου
1045 5510 1261 5577 καὶτῆς
1292 5511 1550 5577 γυναικὸς
1583 5511 1750 5579 αὐτῆς

161 5608 443 5674 Φαῦστης,
478 5605 571 5656 καὶ
610 5601 912 5672 Ἰλαρίωνος
948 5604 1336 5671 πραιποσίτου,
1371 5607 1462 5656 καὶ
1493 5607 1587 5657 τοῦ
1621 5622 1749 5657 παι-

245 5787 370 5860 (Η)
415 5785 478 5860 D_.
516 5783 874 5860 Hieronymus
917 5776 1168 5860 allirmat,
1209 5795 1339 5860 eum
1381 5791 1503 5850 post
1541 5782 1746 5860 obitum

165 5848 468 5916 Donniiaui
524 5848 748 5907 rediisse
813 5864 880 5905 ex
956 5848 1144 5903 Patmo
1209 5848 1514 5922 Ephesum,
1565 5853 1748 5923 ibique

497 5951 772 6011 ΡΑτιιοι..
817 5945 936 6009 Gn.
979 5944 1230 6025 CXVII.

1858 3791 2075 3846 aereque
2103 3776 2482 3831 commistum.
2525 3775 2583 3829 In
2626 3776 2748 3846 ejus
2813 3785 2966 3846 porta
3028 3779 3442 3847 septentrionali

1859 3870 2041 3923 Stabat
2082 3869 2251 3923 turris
2280 3868 2552 3936 squalida,
2591 3883 2655 3923 ac
2687 3869 2873 3939 biceps
2901 3870 3184 3925 muliebris
3210 3878 3389 3928 statua
3425 3889 3440 3924 :

1860 3961 1947 4015 ubi
1980 3971 2034 4016 et
2067 3961 2484 4015 memorandum
2537 3961 2816 4031 quidpiam
2848 3962 3070 4016 accidit.
3102 3963 3241 4018 Cum
3292 3965 3440 4018 enim

1857 4060 2098 4106 castrum
2128 4051 2261 4104 illud
2293 4065 2439 4106 ειυπό
2483 4052 2700 4106 arderet
2744 4053 3018 4118 incendio,
3063 4068 3128 4109 ac
3162 4056 3295 4111 urbe
3326 4064 3441 4111 tota

1859 4158 1964 4196 una
1989 4159 2114 4196 cum
2139 4143 2313 4198 muris
2345 4143 2462 4198 solo
2497 4152 2734 4213 aequata,
2755 4145 2904 4200 stetit
2947 4147 3116 4201 turris
3149 4147 3239 4202 illa
3273 4159 3442 4217 portae

1855 4234 1908 4288 in
1951 4248 2057 4301 qua
2091 4243 2144 4287 et
2170 4240 2351 4288 statua
2375 4240 2496 4287 erat
2519 4233 2806 4288 collocata.
2847 4232 2952 4290 Sed
2992 4245 3046 4290 et
3075 4237 3278 4307 saepius
3317 4238 3441 4308 igne

1856 4323 2081 4391 propius
2130 4321 2442 4383 accedente,
2481 4321 2628 4375 velut
2658 4322 2895 4392 quodam
2936 4322 3183 4393 fugante,
3217 4323 3439 4381 ﬂamma

1854 4413 1922 4467 ab
1975 4421 2154 4468 statua
2194 4412 2349 4467 ulnas
2393 4413 2636 4483 quinque
2680 4413 2989 4469 recedebat.
3042 4414 3278 4470 Sustulit
3315 4432 3437 4472 eam

1854 4508 2124 4560 (Zhnsroes
2154 4505 2446 4561 Persarum
2495 4516 2783 4577 tyrannus,
2820 4509 3196 4578 hactenusque
3225 4509 3278 4562 in
3311 4508 3440 4565 Per-

1854 4599 1970 4653 side
2007 4600 2226 4664 colitur,
2287 4600 2363 4653 uti
2410 4600 2602 4653 vivarii
2644 4599 2933 4669 praefectus
2989 4601 3103 4655 illic
3127 4611 3339 4670 captus,
3371 4618 3438 4659 ac

1855 4689 1981 4758 fuga
2035 4693 2254 4762 elapsus
2318 4692 2635 4756 declaravit,
2700 4696 2752 4746 in
2800 4691 3073 4764 Hippolyti
3136 4693 3432 4760 Chronico,

1853 4784 1996 4853 quod
2041 4786 2201 4839 tertio
2235 4785 2510 4855 vulgatum
2542 4793 2646 4839 est.
2683 4783 2877 4850 Quaere
2918 4789 3286 4842 narrationem
3321 4787 3438 4842 exi-

1855 4889 2014 4928 mam

1930 5159 2107 5214 Locus
2133 5169 2481 5228 nuncupatus
2511 5158 2826 5229 Smyrnium
2851 5200 2865 5223 ,
2917 5174 3082 5229 prope
3107 5159 3433 5229 quadrupli-

1858 5266 1975 5305 cem
2003 5250 2292 5320 porticum,
2324 5250 2750 5319 septentrionem
2798 5266 2988 5305 versus
3017 5251 3430 5308 subterraneam

1852 5359 2072 5412 Specum
2103 5343 2262 5397 habet
2286 5343 2470 5398 decem
2508 5343 2760 5397 ulnarum
2791 5346 2877 5397 :in
2906 5360 2967 5398 ea
2994 5360 3190 5399 novem
3213 5355 3428 5413 statuae,

1854 5434 1996 5488 haud
2045 5435 2236 5504 procul
2301 5449 2332 5488 a
2394 5434 2568 5489 sancti
2611 5433 2885 5489 Theodori
2922 5451 3073 5490 sacra
3105 5437 3239 5490 aede.
3296 5437 3434 5494 Sunt

1850 5536 1979 5576 vero
2001 5532 2215 5589 stature,
2252 5521 2656 5596 tres[quatuor]
2693 5526 2909 5594 quidem
2941 5525 3281 5582 Constantini
3315 5528 3430 5584 Mu-

1854 5612 1964 5681 gni,
1991 5612 2217 5681 ejusque
2244 5615 2432 5669 uxoris
2465 5615 2699 5681 Faustze,
2724 5624 2778 5669 et
2801 5613 3097 5670 Hilarionis
3116 5619 3387 5686 prmpositi
3413 5659 3429 5682 ,

1857 5785 2154 5858 Ecclesiam
2190 5787 2400 5843 rexisse
2429 5804 2600 5854 usque
2623 5789 2688 5842 ad
2719 5788 2939 5858 Trajani
2974 5798 3236 5858 tempora.

1928 5856 2041 5926 (12)
2073 5857 2376 5929 Basnagius
2402 5861 2457 5918 in
2488 5859 2730 5930 Canisio,
2767 5856 3106 5918 Monument.
3129 5861 3380 5935 Apostol.
3448 5916 3455 5941 Ι,

2981 5956 3061 6018 33
