4182 6526
787 405 922 469 1127

1987 403 2414 464 GEORGIDIS
2455 403 2803 465 MONACHI

3921 410 4050 474 “28

783 521 1003 587 credet;
1033 518 1126 590 qui
1152 527 1334 572 autem
1367 526 1624 586 expertus
1660 526 1744 572 est
1774 515 1838 570 ad
1875 528 2164 569 assensum
2206 528 2364 582 para-

2475 530 2616 567 σειεν
2653 531 2664 544 ·
2707 517 2736 568 6
2769 515 2826 569 δὲ
2862 515 3049 570 παθὼν
3072 567 3086 582 ,
3126 517 3204 580 εις
3238 515 3632 584 συγκατάθεσιν
3681 515 4048 588 ἑτοιμότερος.

788 616 893 669 tior
921 613 1000 667 lit.

859 705 976 758 Non
1009 713 1182 757 tutum
1207 714 1290 758 est
1321 715 1446 756 cum
1481 709 1627 755 veste
1653 709 1863 765 natare,
1888 711 2063 766 neque
2083 698 2370 766 passiones

787 797 1002 850 habenti
1042 794 1326 861 theol0gia:
1356 807 1416 847 se
1438 794 1732 861 applicare.

857 886 1004 940 Nihil
1037 887 1366 940 imbecillius
1398 884 1617 938 hoznine
1645 891 1785 936 terra
1809 880 2078 950 producit.

854 977 1066 1046 Cyrillt’.
1100 1007 1169 1016 —
1199 976 1341 1032 Deus
1391 975 1712 1043 magnitieus
1757 984 1840 1026 est
1875 974 1927 1025 in
1977 967 2366 1033 beneﬁcentia;

781 1081 1061 1137 CSSpt'Clal
1093 1085 1222 1124 vero
1245 1068 1515 1137 cujusque
1548 1066 1842 1136 legitimam
1869 1065 2225 1116 voluntatem.

858 1161 1028 1214 Sexti.
1062 1190 1128 1201 -—
1157 1159 1272 1213 Non
1301 1160 1391 1228 qui
1429 1158 1584 1214 dives
1617 1167 1722 1224 est,
1755 1156 1847 1212 sed
1880 1156 1973 1226 qui
2009 1170 2117 1208 non
2163 1152 2369 1221 indiget

782 1255 1010 1317 divitiis,
1045 1254 1130 1306 ille
1161 1253 1354 1307 beatus
1379 1263 1485 1306 est.

853 1347 968 1399 Νυιι
1020 1346 1140 1399 vitae
1191 1345 1432 1399 brevitas
1463 1345 1712 1397 luctuosa
1754 1350 1860 1407 est,
1890 1339 1986 1395 sed
2031 1336 2200 1408 quod,
2239 1351 2365 1390 cum

783 1440 962 1492 brevis
988 1438 1082 1500 sit.
1119 1440 1305 1493 varias
1341 1439 1502 1490 habet
1529 1451 1716 1490 curas.

852 1527 996 1582 Nihil
1030 1531 1101 1582 ita
1131 1530 1196 1583 ad
1228 1529 1574 1582 dilectionem
1611 1526 1859 1590 adducit,
1895 1533 1951 1578 ut
1983 1523 2220 1592 aliquem
2254 1536 2364 1574 non

779 1622 929 1688 parvi
963 1619 1164 1675 facere.

853 1711 1179 1766 Salomonis.
1215 1739 1287 1751 —
1319 1709 1474 1764 Oculi
1503 1711 1583 1764 tui
1625 1720 1776 1762 recta
1821 1706 2060 1772 videant,
2097 1704 2358 1776 quoniam

783 1819 966 1858 coram
997 1804 1173 1857 oculis
1208 1802 1299 1857 Dei
1344 1811 1492 1856 sunt.

855 1895 936 1948 lra
965 1896 1233 1964 disperdit
1265 1897 1345 1948 vel
1369 1897 1664 1964 sapientes.

867 1988 974 2053 Qui
1052 1989 1194 2042 celat
1264 1989 1546 2049 delictum,
1610 1985 1806 2054 quaerit
1887 1982 2214 2049 amicitiam;
2276 1983 2368 2052 qui

783 2090 966 2134 autem
1027 2083 1206 2134 celare
1259 2078 1790 2148 recusat,disjungit
1838 2079 2045 2131 amicos
2093 2083 2148 2130 et
2206 2073 2368 2128 fami-

783 2171 968 2223 liares.

854 2259 1023 2314 Sexti.
1066 2291 1132 2302 —
1162 2259 1307 2314 Nihil
1357 2261 1498 2314 inter
1551 2259 1840 2329 praesentia
1889 2258 2216 2327 jucundum,
2264 2262 2370 2318 nisi

784 2355 930 2421 quod
965 2367 1178 2421 semper
1209 2360 1410 2404 manet.

857 2441 1044 2510 Neque
1070 2443 1382 2495 convivium
1416 2443 1536 2497 sine
1568 2444 1887 2505 concordia,
1930 2457 2111 2511 neque
2163 2442 2369 2498 divitia:

785 2534 1076 2590 εἰιιυϊὲῆιι
1086 2533 1180 2605 ιβ)
1190 2543 1376 2604 ιικνιιιιι.

861 2649 1182 2703 Salomonis.
1211 2680 1279 2690 —
1305 2647 1414 2716 Qui
1457 2647 1662 2704 revelat
1688 2647 2010 2717 mysterium
2057 2647 2215 2701 ﬁdem
2247 2663 2371 2717 per-

784 2745 937 2798 didit.

857 2834 960 2900 Qui
991 2848 1115 2887 cum
1166 2833 1350 2888 cordis
1409 2832 1610 2886 liducia
1657 2832 1854 2896 credit,
1893 2836 2094 2886 stultus
2122 2839 2205 2887 est
2239 2848 2254 2897 ;
2285 2845 2375 2885 sa-

786 2928 997 2995 pientes
1026 2937 1206 2978 autem
1233 2925 1574 2978 abscondent
1606 2927 1960 2978 sententiam.

859 3016 961 3081 Qui
994 3015 1229 3069 custoJit
1263 3030 1325 3069 os
1367 3030 1549 3075 suum,
1581 3024 1760 3068 servat
1787 3016 2024 3067 animam
2058 3028 2249 3079 suam;
2280 3011 2371 3084 qui

785 3120 968 3164 autem
1000 3119 1284 3178 promptus
1309 3117 1393 3161 est
1421 3106 1582 3161 labiis
1615 3107 1856 3174 seipsum
1893 3106 2135 3160 terrebit.

859 3291 962 3357 Qui
1010 3289 1291 3359 jucundus
1353 3298 1437 3344 est
1489 3289 1542 3343 in
1592 3290 1700 3343 vini
1760 3289 2261 3359 eompotationibus
2313 3290 2368 3342 in

787 3387 902 3439 suis
937 3382 1290 3436 mitnimentis
1315 3383 1583 3450 relinquet
1611 3383 1868 3436 dedecus.

857 3477 960 3542 Qui
1014 3477 1305 3545 respondet
1349 3481 1574 3528 verbum
1616 3476 1933 3544 priusquam
1995 3475 2198 3538 audiat,
2234 3474 2372 3528 stul-

789 3569 908 3623 titia
946 3569 1020 3623 illi
1056 3579 1137 3622 est
1169 3582 1219 3622 et
1246 3567 1518 3622 confusio.

861 3659 1048 3714 Nullus
1077 3664 1180 3714 erit
1212 3661 1426 3714 bibendi
1454 3674 1669 3724 amans,
1695 3659 1739 3714 si
1764 3673 1873 3728 prae
1895 3657 2067 3713 oculis
2095 3658 2368 3712 ebriorum

789 3752 1045 3806 indecora
1083 3753 1353 3806 habuerit.

860 3843 962 3908 Qui
990 3845 1041 3898 in
1080 3845 1245 3898 verbo
1276 3851 1566 3914 proruptus
1595 3850 1677 3896 est
1701 3840 1826 3895 odio
1854 3841 2161 3896 habebitur.

859 3935 1068 4006 Lapsus
1098 3951 1128 3989 a
1160 3936 1679 4005 pavimentopotius
1707 3948 1871 4004 quam
1902 3950 1932 3987 a
1965 3935 2172 4004 lingua.

858 4118 958 4185 Qui
985 4119 1178 4173 nititur
1211 4115 1532 4180 mendaciis,
1568 4114 1656 4168 ille
1681 4123 1868 4168 ventos
1896 4121 2100 4184 pascet.

858 4305 962 4371 Qui
993 4303 1174 4359 educit
1207 4303 1467 4358 eximium
1518 4317 1583 4356 ex
1635 4300 1878 4370 indigno,
1905 4298 2049 4354 velut
2079 4313 2142 4354 os
2187 4315 2366 4356 meum

784 4403 908 4454 erit.
1558 4463 1568 4473 ο

866 4490 1000 4546 Post
1054 4488 1526 4559 concupiscentias
1587 4496 1708 4542 tuas
1769 4500 1877 4540 non
1908 4499 2026 4549 eas,
2058 4493 2112 4538 et
2157 4499 2187 4538 a
2233 4499 2366 4539 con-

2545 704 2661 757 Οὐκ
2694 703 2935 770 ἀσφαλὲς
2985 703 3101 774 μετ’
3141 703 3367 773 ἐσθῆτος
3399 701 3676 774 νήχεσθαι,
3709 704 3834 758 οὐδὲ
3882 703 4052 767 πάθος

2473 792 2648 862 ἔχοντι
2689 793 2968 858 θεολογίας
3008 793 3297 846 ἅπτεσθαι.

2543 886 2712 938 Οὐδὲν
2743 886 2817 952 (5)
2846 887 3192 955 ἀκιδνότερον
3229 886 3298 954 γῆ
3336 888 3589 957 ἐκτρέφει
3625 885 3956 955 ἀνθρώποιο.

2549 978 2873 1043 Κιιρίλλου.
2901 1005 2971 1015 -
3015 977 3073 1028 'U
3101 976 3232 1038 Θεὸς
3261 975 3492 1045 δαψιλής
3528 979 3674 1029 ἐστιν
3720 976 3801 1037 εἰς
3829 977 4053 1045 εὐεργε-

2474 1065 2594 1119 σίαν
2617 1082 2631 1096 ο
2664 1067 2949 1136 περιμένει
2977 1067 3032 1120 δὲ
3063 1069 3295 1122 ἑκάστου
3320 1068 3416 1138 τὴν
3439 1069 3671 1138 γνησίαν
3702 1069 4049 1138 προαίρεσιν.

2542 1155 2838 1213 Σέκστου.
2874 1189 2944 1198 -
2975 1161 3086 1228 Οὐχ
3119 1159 3196 1230 (4)
3221 1162 3248 1212 ὁ
3288 1159 3556 1223 πλουτῶν,
3596 1158 3712 1211 ἀλλ’
3749 1163 3778 1212 ὁ
3812 1161 3890 1230 μὴ
3915 1160 4049 1230 χρῄ-

2472 1247 2578 1312 ζων
2612 1249 2860 1314 πλούτου,
2893 1253 3183 1322 μακάριος.

2542 1341 2694 1408 Οὐτὸ
2721 1341 2984 1410 σύντομον
3005 1343 3098 1395 τοῦ
3125 1341 3240 1412 βίου
3260 1341 3449 1403 δεινὸν,
3472 1342 3586 1395 ἀλλ’
3613 1343 3715 1407 ὅτι,
3742 1341 3952 1412 βραχὺς
3975 1344 4045 1411 (ὅ)

2471 1431 2752 1499 πεφυκὼς,
2779 1432 3029 1494 ποικίλας
3063 1432 3176 1500 ἔχει
3209 1434 3517 1503 φροντίδας.

2542 1522 2708 1574 Οὐδὲν
2733 1522 2905 1587 οὕτως
2929 1525 3208 1592 εὐάγωγον
3229 1529 3308 1588 είς
3329 1527 3568 1594 ἀγάπην,
3591 1525 3664 1589 ὡς
3690 1527 3750 1579 τὸ
3779 1527 3856 1597 μὴ
3883 1545 4048 1579 κατα-

2469 1612 2762 1681 γινώσκειν
2797 1616 2924 1670 τινί.

2539 1705 2942 1772 Σολομῶντος.
2975 1737 3045 1748 -
3071 1708 3134 1760 Οἱ
3165 1708 3239 1780 (6)
3273 1707 3542 1777 ὀφθαλμοί
3575 1725 3665 1762 σου
3691 1707 3826 1778 ὀρθὰ
3861 1708 4048 1777 βλεπέ-

2469 1813 2672 1862 τωσαν,
2712 1800 2795 1850 ὅτι
2825 1798 3055 1852 ἐνώπιόν
3083 1802 3188 1853 εἰσι
3223 1802 3330 1854 τῶν
3358 1801 3451 1854 τοῦ
3479 1801 3614 1854 Θεοῦ
3639 1802 3961 1871 όςξθαλμών.

2400 1877 2449 1938 Β
2547 1891 2650 1960 71
2696 1891 2863 1960 Ὀργὴ
2892 1892 2970 1961 (7)
3007 1892 3270 1946 ἀπόλλυσι
3299 1894 3394 1946 καὶ
3429 1895 3748 1964 φρονίμους.

2550 1987 2645 2048 Ὃς
2676 1985 2753 2054 (8)
2791 1986 3022 2055 κρύπτει
3050 1986 3312 2054 ἀδίκημα,
3349 1988 3504 2057 ζητεί
3537 1987 3720 2055 φιλίαν
3742 2005 3754 2014 ·
3779 1987 3837 2049 ὃς
3869 1987 3929 2038 δὲ
3965 2004 4050 2055 μι-

2475 2079 2559 2130 σεῖ
2589 2078 2877 2148 κρύπτειν,
2911 2079 3145 2146 διίστησι
3176 2079 3360 2147 φίλους
3395 2082 3487 2132 καὶ
3521 2079 3774 2140 οἰκείους.

2544 2265 2835 2318 Σέλιστοιν.
2872 2290 2936 2303 -υ
2965 2263 3129 2316 Οὐδὲν
3163 2261 3274 2315 τῶν
3309 2262 3592 2331 παρόντων
3636 2263 3752 2315 ἐστὶ
3794 2264 4044 2332 τερπ.δν,

2471 2360 2520 2411 εἰ
2558 2359 2635 2426 μὴ
2664 2358 2726 2408 τὸ
2757 2357 2913 2425 μένον
2945 2354 3052 2408 ἀεὶ.

2543 2448 2681 2502 Οὔτε
2712 2448 2788 2515 (9)
2831 2447 3129 2514 συμπόσιον
3171 2445 3298 2498 ἄνευ
3336 2445 3607 2515 ὁμονοίας,
3656 2445 3778 2496 οὔτε
3820 2445 4048 2507 πλοῦτος

2473 2541 2597 2611 δίχα
2621 2542 2822 2613 ἀρετῆς
2855 2540 3047 2610 ἡδονὴν
3077 2539 3212 2608 ἔχει.

2544 2655 2952 2723 Σολομῶντος.
2981 2682 3051 2691 -
3096 2653 3152 2706 '0
3190 2652 3300 2723 (10)
3351 2635 3710 2721 ἀποκαλξψας
3748 2655 4046 2724 μυστήριον

2473 2745 2724 2800 ἀπώλεσε
2762 2747 2964 2800 πίστιν.

2551 2841 2646 2900 ὐς
2683 2839 2796 2908 (11)
2831 2836 3088 2890 πέποιθεν
3139 2838 3231 2890 ἐπὶ
3277 2839 3464 2908 θράσει
3514 2839 3762 2909 καρδίας,
3815 2841 4046 2908 ἄφρων·

2477 2931 2630 2998 σοφοὶ¹
2659 2931 2716 2983 δὲ
2752 2932 2863 3000 (12)
2897 2930 3195 2999 κράξουσιν
3236 2930 3508 2999 αἴσθησιν.

2553 3026 2648 3085 Ὃς
2679 3023 2790 3089 (15)
2831 3022 3092 3089 φυλάσσει
3116 3022 3175 3073 τὸ
3211 3023 3383 3090 στόμα
3413 3023 3580 3076 αὑτοῦ
3608 3029 3768 3092 τηρεῖ
3795 3027 3894 3095 τὴν
3924 3030 4050 3079 ἑαυ-

2476 3115 2569 3168 τοῦ
2636 3116 2843 3184 ψυχήν·
2902 3115 2930 3166 ὁ
2990 3114 3046 3167 δὲ
3105 3117 3388 3183 προπετὴς
3449 3118 3504 3167 ἐν
3557 3118 3758 3186 χείλεσι
3824 3122 4051 3188 ﬂigi-‘33;

2397 3218 2443 3279 ρ
2475 3206 2687 3260 ἑαυτόν.

2548 3300 2646 3361 ’ος
2679 3299 2791 3367 (14)
2823 3301 2971 3353 ἐστιν
3025 3301 3153 3369 ἡδὺς
3203 3301 3260 3353 ἐν
3293 3301 3452 3353 οἴνων
3498 3301 3803 3372 διατριϐαῖς
3843 3302 3901 3353 ὲν
3943 3306 4051 3363 τοῖς

2475 3390 2668 3442 ἑαυτοῦ
2701 3391 3018 3462 ὀχυρώμασι
3055 3393 3367 3460 καταλείψει
3396 3393 3638 3460 ἀτιμίαν.

2551 3484 2644 3544 Ὃς
2678 3484 2788 3551 (15)
2819 3485 3172 3552 ἀποκρίνεται
3205 3483 3360 3552 λόγον
3406 3490 3533 3555 πρὶν
3574 3487 3830 3551 ἀκοῦσαι,
3879 3491 4050 3558 ἀφρο-

2476 3574 2607 3644 σύνη
2642 3574 2788 3644 αὐτῷ
2823 3578 2970 3627 ἐστιν
3008 3578 3100 3627 καὶ
3128 3577 3350 3638 ὄνειδος.

2543 3666 2733 3728 Οὐδεὶς
2767 3666 2876 3734 (16)
2909 3665 3060 3717 ἔσται
3085 3666 3398 3735 φιλοπότης,
3425 3667 3473 3718 εἰ
3503 3669 3608 3736 πρὸ
3635 3668 3932 3739 ὀφθαλμῶν
3956 3672 4049 3732 τὰς

2473 3756 2579 3809 τῶν
2617 3757 2924 3826 μεθυόντων
2964 3757 3348 3824 ἀσχημοσύνας
3380 3761 3511 3828 ἔχει.

2555 3849 2615 3898 '0
2657 3847 2768 3917 (17)
2808 3848 3083 3914 προπετὴς
3119 3849 3174 3896 ὲν
3207 3847 3349 3918 λόγῳ
3390 3851 3775 3920 μισηθὴσεται.

2556 3940 2856 4009 Ὀλίσθημα
2887 3938 2998 4008 (18)
3031 3937 3138 3991 ἀπὸ
3166 3938 3395 4008 ἐδάφους
3433 3944 3630 4011 μᾶλλον
3663 3945 3695 4013 ἦ
3729 3944 3838 3997 ἀπὸ
3871 3944 4048 4012 71d):-

2472 4049 2592 4099 σης.

2546 4123 2652 4192 72
2682 4124 2776 4185 Ὃς
2803 4123 2912 4193 (19)
2947 4125 3213 4193 ἐρείδεται
3237 4125 3331 4176 ἐπὶ
3362 4123 3634 4192 ψεύδεσιν,
3672 4143 3830 4189 ουτος
3853 4145 4044 4195 ποιμα·

2475 4215 2555 4264 νεῖ
2585 4215 2840 4280 ἀνέμους.

2557 4305 2615 4359 ’0
2645 4291 2852 4374 ἐξάῖίων
2883 4306 3062 4376 τίμιον
3092 4306 3148 4372 ὲξ
3175 4305 3414 4372 ἀναξίου,
3439 4306 3513 4370 ὼς
3545 4309 3720 4378 στόμα
3742 4328 3847 4378 μου
3874 4312 4045 4365 ἔσται.

2561 4488 2769 4541 Ὀπίσω
2806 4487 2918 4555 (20)
2952 4488 3060 4540 τῶν
3091 4488 3396 4558 ἐπιθυμιῶν
3437 4506 3530 4542 σου
3561 4491 3636 4558 μὴ
3663 4494 3924 4559 πορεύου,
3957 4496 4046 4545 καὶ

789 4584 929 4638 siliis
961 4582 1072 4638 tuis
1095 4592 1378 4645 avertere;
1412 4595 1480 4634 ne
1514 4578 1800 4633 oblecteris
1828 4579 1882 4630 in
1916 4576 2102 4630 multis
2137 4576 2366 4641 deliciis,

2479 4579 2586 4630 ἀπὸ
2610 4577 2718 4628 τῶν
2749 4576 2976 4646 όρέξεών
2999 4593 3089 4630 σου
3121 4577 3330 4630 κωλύου
3358 4594 3372 4607 ο
3397 4581 3489 4632 καὶ
3517 4580 3590 4648 μὴ
3615 4579 3908 4649 εὐφραίνου
3939 4584 4044 4651 (21)

846 4762 944 4830 ,(5)
977 4760 1244 4830 Corrupit
1266 4773 1482 4830 versum
1522 4755 1740 4811 Homeri
1783 4754 1884 4811 Od.
1920 4773 2071 4823 xviii,
2100 4757 2170 4810 50
2200 4774 2212 4808 :
2244 4757 2371 4810 Οὐδ.

793 4828 965 4883 amat.
996 4831 1124 4896 γαῖα
1154 4828 1344 4895 τρέφει
1381 4829 1537 4894 ἀθρ.

865 4901 939 4967 (ι)
978 4900 1041 4951 lit
1069 4902 1208 4964 apud
1254 4903 1378 4949 Ant.
1424 4896 1597 4949 Serm.
1640 4895 1762 4960 MO,
1792 4911 1845 4964 p.
1891 4895 2017 4960 220,
2055 4896 2144 4950 ubi
2181 4898 2207 4948 ὁ
2233 4897 2369 4968 χρῄ-

797 4969 930 5034 ζων,
987 4972 1129 5037 quod
1185 4968 1416 5034 pessime
1475 4969 1708 5020 reddidit
1757 4970 2044 5037 interpres,
2096 4985 2114 5014 ι
2170 4968 2372 5021 divitiis

794 5049 953 5092 utens
981 5036 1048 5091 ιθ»
1103 5039 1375 5089 inseratur
1427 5038 1523 5105 μὴ,
1564 5047 1614 5088 et
1641 5046 1784 5090 Verte
1815 5053 1829 5088 :
1859 5053 1876 5086 ι
1906 5036 1999 5090 sed
2031 5037 2120 5105 qui
2148 5051 2254 5090 ιιοιι
2291 5040 2372 5090 in-

791 5111 936 5178 diget
967 5108 1192 5169 divutiis,
1231 5106 1421 5178 beatus
1452 5107 1540 5159 ille
1578 5117 1678 5160 est.
1725 5125 1743 5156 ι

864 5177 942 5246 (5)
983 5178 1185 5240 Codex,
1219 5177 1413 5246 βραχύ.

868 5250 943 5316 (li)
986 5247 1144 5300 Prov.
1173 5263 1244 5308 Iv,
1273 5245 1376 5311 95;
1410 5257 1462 5301 et
1494 5262 1547 5310 ν,
1579 5246 1670 5300 21.

864 5322 940 5385 (7)
975 5317 1131 5370 Prov.
1165 5333 1252 5376 xv,
1288 5317 1338 5368 1.

866 5389 943 5456 (8)
976 5388 1132 5440 Prov.
1168 5403 1298 5448 ιιι-ιι,
1332 5386 1384 5449 9,
1417 5387 1505 5438 ubi
1535 5385 1866 5456 ἀδικήματα.

865 5460 944 5528 (9)
984 5459 1136 5525 Apud
1160 5460 1358 5528 Anton.
1387 5456 1564 5511 Serm.
1591 5455 1712 5516 MO,
1747 5473 1866 5524 pag.
1908 5456 2034 5520 220,
2063 5472 2184 5528 cum
2221 5466 2368 5512 nota-

801 5526 898 5584 bili
949 5530 1205 5581 varietate
1251 5526 1466 5594 όμιλίας
1498 5543 1594 5596 pm
1650 5528 1924 5596 ὁμονοίας,
1955 5539 2008 5579 et
2057 5527 2225 5598 χωρὶς
2272 5542 2366 5595 pro

792 5601 961 5720 facta:
1001 5614 1138 5667 quas
1190 5598 1446 5650 lectiones
1493 5598 1666 5665 reperi
1710 5608 1758 5650 et
1814 5598 1866 5649 itt
1898 5597 2084 5652 codice
2125 5597 2280 5662 1168,
2309 5612 2361 5667 p.

1016 5736 1232 5794 Sirach.
1282 5753 1453 5806 xxvii,
1491 5735 1577 5804 16,
1614 5735 1707 5792 tibi
1744 5738 1772 5790 6
1810 5736 2214 5792 ἀποκαλύπτων
2264 5753 2368 5808 μυ-

800 5823 1060 5878 στηρια...

2553 4756 2662 4879 (Ἦ)
2692 4756 2851 4810 Prov.
2884 4772 3076 4820 xxviii,
3100 4757 3189 4822 26,
3214 4756 3306 4810 ubi
3330 4756 3556 4827 Θρασείᾳ
3585 4759 3806 4828 καρδίᾳ,
3829 4763 3858 4814 6
3887 4762 4049 4814 το.οἰο

2553 4845 2566 4879 ξ
2642 4845 2812 4879 οοων.

2475 4843 2566 4888 τος
2602 4843 2812 4893 αφρων.

2547 4898 2657 4964 (li)
2691 4897 2847 4949 Prov.
2887 4911 2939 4957 ι,
2977 4898 3059 4950 11.

2510 5037 2519 5050 ,
2547 4967 2851 5086 αὖλξιον.
2894 4983 3011 5032 xui,
3040 4967 3094 5033 5,
3127 4967 3221 5022 ubi
3254 4968 3313 5021 τὸ
3344 4967 3538 5022 ἑαυτοῦ
3568 4969 3810 5038 στόμα...
3844 4988 4050 5041 προπεο

2510 5056 2567 5086 n:
2591 5055 2672 5086 γει
2713 5078 2725 5086 .

2471 5056 2567 5105 της
2591 5055 2725 5104 χειΑ.

2545 5109 2656 5176 (1.1)
2691 5108 2983 5178 Prov-,xtt.
3021 5108 3107 5160 11.
3139 5107 3231 5161 Est
3260 5119 3312 5163 et
3338 5109 3480 5178 apud
3511 5110 3712 5162 Anton.
3749 5110 3929 5166 Serm.
3961 5113 4048 5175 68,

2473 5194 2525 5248 p.
2556 5178 2796 5248 “6.315,
2827 5177 2916 5229 tibi
2953 5179 3266 5248 maleoi'vq).

2546 5247 2658 5313 (15)
2687 5246 2846 5300 Prov.
2875 5262 3027 5307 xviii,
3065 5247 3149 5300 15.

2552 5319 2662 5394 (lli)
2694 5319 2847 5385 Apud
2875 5316 3076 5371 Anton.
3107 5317 3283 5394 ξεῖ-ιιι.
3309 5317 3397 5394 _6_8_,
3424 5319 3528 5394 p_._l
3547 5318 3625 5394 16,
3652 5319 3741 5386 50,
3771 5321 3924 5394 σοφῷ
3951 5323 4052 5374 τινὶ

2477 5388 2754 5447 tribuitur,
2784 5398 2836 5439 et
2865 5401 2985 5438 cum
3030 5389 3284 5442 varietate
3310 5387 3385 5441 ibi
3417 5391 3666 5444 videnda.

2549 5457 2658 5524 (17)
2694 5455 2904 5509 Sirach.
2943 5472 3017 5519 ix,
3056 5457 3140 5510 18.

2549 5527 2660 5595 (18)
2699 5526 2912 5579 Sirach.
2948 5541 3040 5589 xx,
3076 5526 3161 5580 18.

2551 5600 2660 5666 (19)
2699 5597 2856 5667 l’rov.
2887 5611 2937 5659 ι,
2970 5595 3024 5659 5,
3057 5595 3146 5650 ubi
3182 5597 3478 5667 ποιμαίνει.

2552 5671 2662 5735 (τυ)
2695 5666 2907 5719 Sirach.
2947 5681 3097 5729 xviii,
3131 5667 3219 5720 30.

2550 5737 2662 5807 (21)
2699 5736 2912 5792 Sirach.
2955 5753 3105 5802 xviii,
3143 5735 3232 5791 52.
