4182 6526
739 408 870 476 1211

2021 423 2320 484 SUIl)AS.
2344 449 2410 460 -
2432 425 2770 487 NOTITlA.

3875 423 4022 490 1212

742 521 1029 594 Hesychia,
1077 543 1228 596 quem
1274 529 1652 597 compilabant,
1703 531 1785 585 vel
1841 532 1989 600 aliis,
2021 532 2320 604 glossariin,
2355 540 2399 596 Α
2427 533 2776 605 dilucideque
2811 533 3063 605 patefecit
3092 495 3165 591 cl.
3194 533 3473 601 Miillerus,
3507 543 3685 590 rector
3715 535 4016 600 Citzensis,

736 630 887 668 nunc
914 615 1072 669 nobis
1122 617 1346 685 ignotis,
1382 619 1602 684 debere,
1645 621 1728 675 Vel
1770 624 1993 692 praprio
2035 624 2218 678 studio
2248 639 2315 678 es

739 715 980 760 vett-rum
1029 709 1358 776 scriptorum
1416 715 1824 768 commentariis
1863 729 1914 768 et
1959 717 2182 770 scholiis
2217 735 2314 771 rx-

737 799 1038 866 cerpsTsse;
1090 800 1156 854 de
1199 801 1396 870 glossis
1430 805 1600 859 sacris
1650 804 2006 878 Hesychiauis
2059 811 2187 878 quid
2225 811 2315 864 alii

736 887 836 938 viri
865 886 1008 940 docti
1040 888 1308 956 judicent,
1339 893 1452 960 jam
1482 896 1718 951 vidimus
1751 901 1802 951 iu
1837 901 2014 969 capite
2046 902 2112 956 de
2145 903 2313 973 Hesy-

737 979 894 1045 chio;
923 980 1147 1035 Suidam
1183 993 1364 1038 autem
1409 1004 1474 1041 ex
1499 990 1621 1044 aliis
1664 993 2010 1060 potissimum
2049 996 2315 1054 fontibus.

738 1071 899 1125 hodie
953 1076 1242 1128 maximam
1296 1091 1502 1147 partem
1555 1083 1696 1136 haud
1749 1068 1983 1155 ignotis,
2045 1086 2315 1149 hausisse,

737 1162 925 1218 itidem
958 1166 1010 1218 in
1050 1167 1149 1220 hoc
1186 1169 1366 1236 capite
1398 1173 1800 1228 adnotavimus.
1831 1207 1900 1217 ——
1931 1177 2042 1230 Ccl.
2076 1178 2316 1233 Schulzii

736 1254 1010 1322 specimen
1051 1254 1363 1313 Observatt.
1399 1263 1629 1317 tuiSCell.
1664 1267 1716 1318 in
1747 1267 1971 1320 Suidam
2000 1269 2112 1337 jam
2147 1286 2312 1340 supra

736 1347 1100 1406 laudavimus.
1148 1351 1242 1404 Vir
1291 1363 1475 1408 autem
1541 1356 1687 1414 doct.
1749 1364 2098 1429 persequitur
2149 1366 2318 1418 multa

737 1440 918 1494 Suillio
977 1442 1093 1495 loca
1146 1444 1216 1497 ab
1268 1447 1468 1510 ’Λατος
1519 1466 1692 1518 usque
1743 1454 1806 1505 ad
1850 1453 2115 1522 Ἑφραθᾶ,
2149 1471 2319 1524 eaque

735 1532 902 1586 modo
960 1533 1075 1588 lace
1124 1537 1313 1591 critica
1375 1539 1628 1604 illustrat,
1682 1544 1842 1596 modo
1893 1543 2070 1600 fontes
2124 1547 2314 1615 aperit,

735 1621 882 1678 unde
916 1624 1156 1678 hauserit
1182 1625 1401 1693 Suidas,
1439 1631 1600 1686 modo
1633 1648 1718 1685 res
1749 1635 2020 1703 verbaque
2047 1621 2320 1704 gramma-

735 1719 966 1771 ticorum
1003 1736 1156 1776 more
1199 1723 1453 1792 explicat.
1508 1755 1575 1763 —
1625 1725 1827 1780 Locmn
1883 1725 2086 1782 Sui-lac'
2114 1729 2318 1796 Πτερο-

735 1811 964 1882 φοίτωρ,
997 1823 1103 1866 etc.
1137 1817 1427 1871 emendare
1471 1817 1702 1874 institue
1732 1836 1817 1872 ,;..ι
1865 1823 1916 1873 (3;
1956 1849 1980 1870 η
2004 1821 2097 1875 ζη-
2129 1833 2183 1876 et
2220 1821 2321 1874 Fao

2426 629 2477 682 in
2529 629 2715 698 Progr.
2751 631 2816 684 de
2853 629 3044 695 Suida,
3093 629 3576 684 observationibus
3628 627 3870 684 Reinesii
3916 647 4017 685 or-

2421 731 2570 786 nato,
2609 723 2775 778 Citzre
2830 733 2884 777 et
2942 721 3139 792 Lipsiae
3190 721 3350 787 {796,
3377 720 3433 776 8.
3471 720 3617 775 ldem
3658 721 3866 785 docuit,
3895 722 4015 791 jam

2422 813 2716 869 Kusterum
2766 816 2928 870 tacite
2969 829 3268 884 usurpasse
3317 814 3619 870 observatt.
3659 814 3780 869 illas
3808 813 4017 869 Reine-

2421 909 2627 962 siauas.
2833 964 2837 968 ⁴

2493 1002 2550 1056 1η
2585 1001 2775 1070 primis
2807 1002 3060 1057 notanda!
3092 1011 3221 1057 sunt
3250 999 3340 1059 ιο.
3383 1000 3578 1072 Toupii
3617 1003 4016 1056 emendatione:

2421 1093 2474 1145 in
2503 1091 2750 1157 Suidam,
2789 1094 2842 1148 in
2876 1095 3076 1164 quibus
3119 1095 3354 1164 plurima
3402 1095 3518 1149 loca
3552 1103 3684 1150 vett.
3731 1092 3914 1148 Graec.
3939 1121 4016 1141 ς-

2424 1193 2536 1238 tum
2565 1186 2927 1254 explicantur,
2963 1195 3076 1240 tum
3117 1186 3525 1254 emcndantur;
3573 1187 3802 1241 Londiui
3841 1188 4013 1242 “60-

2425 1277 2582 1340 1767,
2615 1289 2749 1333 tum.
2786 1277 2874 1338 Ill.
2917 1278 3063 1334 8.-
3113 1278 3369 1348 Ejusdem
3420 1278 3666 1348 Epistola
3717 1283 3910 1333 critica
3943 1281 4010 1332 ad

2420 1373 2750 1441 Gulielmum
2795 1372 2966 1440 episc.
3024 1372 3296 1426 Glocestr.
3356 1372 3590 1427 Loudiui
3644 1374 3800 1434 1767.
3852 1375 3910 1426 8.
3953 1404 4010 1411 --

2422 1464 2676 1534 Ejusdem
2726 1481 2868 1518 cum
2899 1465 3199 1519 novissima:
3241 1481 3286 1520 s.
3352 1466 3708 1535 appendicula
3752 1478 4009 1520 notarum

2421 1556 2939 1610 ctemendatiouum
2993 1557 3046 1609 in
3101 1554 3348 1622 Suidam,
3391 1567 3522 1622 etc.,
3572 1558 3702 1613 ibid.
3750 1559 3909 1618 1775.
3953 1562 4008 1613 8.

2423 1647 2552 1710 Quae
2585 1648 2766 1700 omnia
2811 1648 3047 1716 primum
3097 1663 3290 1704 recusa
3327 1659 3458 1704 sunt
3489 1649 3650 1718 hujus
3681 1651 3966 1703 sententia:
3994 1669 4008 1705 :

2421 1735 2508 1789 Jo.
2550 1736 2717 1807 Toup.
2774 1738 3026 1809 opuscula
3065 1741 3276 1803 critica,
3324 1739 3522 1810 Lipsiae
3578 1740 3716 1794 {780
3756 1753 3812 1794 et
3849 1741 4007 1801 l78l.

2424 1839 2555 1883 tom.
2587 1831 2649 1896 Il,
2682 1833 2734 1887 8.
2761 1862 2832 1875 ——
2864 1831 3071 1887 Deinde
3104 1848 3226 1886 cum
3262 1834 3460 1902 insigni
3491 1835 3808 1889 accessione
3840 1847 4011 1888 nova-

733 1905 940 1962 bricius
978 1910 1030 1961 in
1066 1911 1270 1965 mutuis
1319 1915 1589 1983 epistolis,
1634 1917 1898 1984 subjectis
1945 1913 2206 1979 Reimari,
2239 1915 2316 1970 De
2350 1895 2391 1951 Β
2421 1936 2542 1976 rum
2579 1921 2630 1974 iu
2657 1919 2878 1976 Suidam
2905 1922 3439 1979 animadversionum
3475 1935 3638 1993 atque
3667 1926 4011 1979 emendatio-

734 1997 862 2052 t'ita.
879 1999 1221 2055 etc.Fabricii
1241 2009 1637 2068 commentario,
1659 2023 1778 2076 pag.
1798 2009 1907 2062 2'25
1925 2006 2313 2076 sq.—Suidam

733 2087 1027 2156 aliquoties
1059 2094 1370 2147 emendavit
1392 2096 1587 2166 Taylor
1610 2097 1662 2150 in
1697 2099 2024 2153 lectionibus
2050 2099 2313 2170 Lysiaris,

733 2180 888 2249 praef.
921 2183 1066 2239 illius
1095 2185 1320 2241 editioni
1344 2187 1538 2259 Lysiae,
1573 2190 1805 2246 Londiui
1845 2194 1999 2256 I759,
2025 2196 2082 2258 4,
2115 2210 2233 2262 cap.
2259 2195 2312 2248 5.

732 2272 875 2328 Num
935 2287 1116 2332 autem
1177 2278 1263 2336 Jo.
1322 2281 1538 2352 Taylori
1610 2287 1878 2356 appendix
1943 2299 2196 2341 notarum
2261 2290 2314 2343 in

735 2365 919 2421 Suida:
949 2367 1185 2425 Lexicon
1217 2376 1293 2440 (ν.
1322 2373 1698 2444 Britggemann
1741 2375 1870 2430 l’iew
1903 2377 1964 2447 of
1988 2379 2070 2431 the
2100 2376 2315 2448 English

734 2458 1004 2526 Editions,
1037 2473 1168 2529 etc.,
1227 2481 1329 2537 pag
1382 2467 1532 2533 448),
1581 2468 1756 2523 lucem
1809 2471 2026 2533 viderit,
2060 2472 2314 2540 equidem

735 2553 944 2606 nescio.
984 2552 1244 2622 \'illoison
1272 2557 1322 2609 in
1361 2558 1560 2611 Anecd.
1588 2558 1661 2613 Gr
1716 2560 1780 2626 Il,
1818 2577 1938 2631 pag.
1969 2563 2058 2627 51,
2091 2579 2146 2617 n.
2176 2565 2226 2627 l,
2261 2573 2317 2618 ct

734 2657 860 2713 pag.
892 2644 1016 2709 163,
1048 2657 1188 2709 ιιοι.,
1210 2648 1319 2702 duo
1344 2647 1526 2704 Suida:
1554 2652 1668 2707 loca
1707 2653 1942 2708 illustrat
1970 2658 2311 2712 emendatve.

739 2738 844 2792 Sed
881 2739 1151 2796 inﬁnitum
1183 2743 1340 2806 foret,
1379 2748 1560 2799 omnia
1592 2763 1889 2818 congerere
1938 2761 1991 2806 et
2026 2755 2315 2819 adnotare,

737 2846 859 2898 qua:
892 2830 1300 2899 llemsterhus.,
1356 2833 1766 2904 Valrkeuarius,
1816 2840 2119 2908 Markland,
2167 2843 2319 2900 Pier-

736 2936 860 2982 son.
899 2925 1076 2985 Km-n,
1129 2926 1452 2995 interpretes
1489 2930 1555 2983 ad
1605 2929 1873 2986 Thomam
1925 2935 2062 3005 Mag.
2115 2938 2320 3008 aliique

737 3015 892 3066 inulti
923 3015 1020 3070 viri
1057 3017 1241 3073 Graace
1272 3022 1415 3074 docti
1466 3024 1668 3091 passim
1705 3027 1756 3078 in
1790 3027 1936 3082 notis
1971 3029 2037 3082 ad
2067 3040 2320 3088 aui-tores

738 3105 1001 3161 classicos
1061 3119 1156 3163 aut
1201 3111 1328 3165 alibi
1381 3113 1433 3165 iu
1481 3114 1632 3168 libris
1699 3115 1906 3184 Obss.,
1973 3119 2322 3179 Emendatio—

2420 2028 2548 2066 num
2578 2015 2630 2067 iu
2666 2012 2995 2084 Hesychium
3022 2016 3360 2081 uberiorum,
3387 2025 3441 2071 et
3467 2017 3520 2070 in
3543 2015 3818 2070 Pollucem
3842 2027 4010 2085 atque

2418 2105 2903 2177 llarpocrationcm
2935 2110 3276 2180 pauciorum,
3311 2119 3364 2163 et
3389 2110 3688 2179 appendrce
3717 2109 4007 2178 Tyrwhitti

2417 2201 2667 2268 aliusque
2696 2200 2759 2255 V.
2785 2199 2843 2254 D.
2870 2210 3122 2254 notarum
3159 2201 3210 2254 in
3245 2199 3440 2268 Toupii
3479 2203 3778 2255 emendatt.
3806 2202 3859 2254 in
3886 2204 4010 2255 Sui-

2418 2290 2566 2352 dam,
2591 2290 2850 2345 deluucto
2864 2302 3103 2349 auctore.
3126 2289 3322 2344 iterum
3361 2291 3412 2342 in
3436 2292 3625 2359 Anglia
3658 2305 3788 2343 cura
3811 2303 4007 2344 etcum

2419 2380 2733 2452 prarl'atione
2764 2380 2958 2436 Thom.
2995 2382 3290 2449 Burghess.
3316 2383 3447 2435 edit.
3477 2391 3608 2435 sunt
3643 2397 3770 2435 cum
3811 2382 4008 2434 inSeri-

2422 2473 2606 2543 ptione
2629 2490 2642 2526 :
2669 2471 3075 2527 Emendationes
3095 2473 3148 2526 in
3168 2470 3394 2526 Suidam
3410 2483 3457 2524 et
3473 2469 3794 2540 Hesycltium
3808 2482 3858 2524 et
3878 2471 4010 2524 alios

2422 2566 2823 2636 lexicoyraphos
2858 2564 3091 2620 ercos.
3134 2565 3370 2635 Scripsit
3406 2563 3493 2618 Jo.
3547 2562 3719 2634 Toup.
3760 2563 4011 2618 ecclesia:

2420 2659 2635 2714 cathed.
2671 2659 2842 2712 Exon.
2879 2658 3286 2728 praebendarius
3312 2669 3367 2713 et
3395 2657 3638 2713 ecclesiae
3687 2655 3745 2710 S.
3791 2655 4010 2709 Martiai

2421 2770 2545 2810 cum
2592 2753 2797 2822 capella
2845 2755 2911 2807 de
2959 2751 3069 2806 Loo
3124 2752 3177 2805 in
3231 2767 3362 2821 agro
3407 2750 3770 2804 Cornubieusi
3808 2761 4010 2804 rector.

2421 2845 2619 2901 Oxonii
2675 2862 2705 2900 e
2736 2845 3107 2916 typographeo
3135 2843 3466 2899 Clarendou.
3502 2843 3660 2904 1790,
3708 2842 3762 2903 8,
3797 2840 3864 2893 IV
3904 2843 4009 2894 vol.

2422 2937 2598 3006 Toup.
2627 2949 2744 2990 erat
2777 2947 2972 2992 acutus
3022 2938 3243 3006 quidem
3297 2936 3542 2996 critirus,
3580 2935 3672 2987 sed
3709 2935 3879 2986 etiam
3913 2935 4012 2985 im-

2356 3077 2365 3091 .
2425 3033 2740 3086 moderatus
2770 3039 2933 3100 atque
2963 3029 3320 3088 inhumanus,
3350 3044 3448 3081 nec
3479 3042 3603 3080 raro
3623 3030 3860 3095 agreStis
3886 3043 4012 3094 erga

2424 3120 2581 3173 alios.
2624 3117 2763 3172 Num
2813 3134 2943 3173 vero
3005 3117 3284 3172 l’earsonii
3340 3126 3392 3170 et
3441 3118 3574 3169 Adr.
3627 3115 3775 3169 Junii
3817 3118 4013 3185 opibus

743 3214 897 3263 num,
929 3210 1058 3264 etc.,
1117 3203 1181 3256 ad
1217 3204 1444 3259 Suidam
1479 3206 1862 3262 illustrandum
1905 3214 2320 3283 corrigendum-
2349 3236 2391 3294 (ς
2428 3210 2586 3266 fuerit
2617 3211 2855 3277 adjutus,
2883 3221 2931 3263 et
2959 3210 3156 3272 alieno,
3191 3210 3264 3262 uti
3300 3209 3473 3269 aiunt,
3500 3209 3670 3260 vitulo
3701 3210 3896 3267 ararit.
3938 3210 4010 3262 uti

740 3305 846 3356 que
905 3293 1052 3346 varia
1107 3296 1316 3350 ratione
1353 3306 1406 3350 ct
1451 3300 1666 3352 fortuna
1720 3303 2088 3358 contulerunt.
2140 3305 2318 3361 Pauca

740 3393 948 3436 tantum
1006 3384 1248 3439 iudicare.
1301 3388 1424 3442 libet
1480 3407 1676 3459 opera,
1742 3392 1795 3446 in
1842 3397 2078 3463 quibus,
2139 3401 2320 3456 dedita

737 3491 902 3543 opera
955 3488 1007 3529 et
1037 3481 1252 3546 copiose
1305 3491 1674 3550 pertractatur
1717 3487 1897 3541 Suidre
1952 3489 2210 3546 Lexicou.
2256 3527 2320 3536 -

739 3565 954 3644 Ernesti
983 3570 1171 3637 junior
1217 3572 1268 3624 in
1298 3571 1510 3628 Comm.
1555 3575 1624 3629 de
1656 3575 1902 3649 Procopii
1929 3580 2131 3636 Caesar.
2171 3601 2321 3639 com-

741 3663 1048 3725 mentariis,
1082 3673 1210 3725 etc.,
1245 3681 1366 3736 pag.
1404 3668 1458 3731 4,
1495 3679 1729 3735 notarat,
1762 3670 2038 3727 Olearium
2071 3680 2322 3748 exemplo

741 3767 842 3806 suo
903 3755 1100 3810 multas
1149 3758 1297 3811 obss.
1349 3758 1538 3814 doctas
1582 3765 1920 3832 asrripsissc.
1977 3766 2170 3822 Postea
2223 3772 2320 3824 viri

741 3847 887 3904 illius
920 3851 1302 3906 humanissimi
1340 3869 1469 3908 cura
1504 3873 1553 3908 ιιι
1592 3857 1766 3911 lucem
1809 3861 1914 3914 illa:
1946 3864 2268 3931 prodierunt
2295 3883 2324 3920 e

742 3944 982 3999 tenebris
1014 3945 1066 3998 in
1098 3945 1236 3999 lilrro
1273 3948 1574 4017 inscripto:
1607 3948 1694 4002 lo.
1726 3953 1859 4021 Aug.
1894 3953 2106 4009 Ernesti
2135 3956 2326 4012 Obser-

740 4046 871 4089 vatt.
916 4036 1472 4108 philologico-critica’
1518 4043 1566 4094 in
1627 4043 1999 4115 Aristophanis
2045 4047 2226 4105 Nubes
2277 4061 2326 4105 et

742 4127 918 4185 Flavii
945 4130 1162 4202 Josephi
1195 4133 1418 4202 Autiqq.
1455 4132 1580 4190 Jud.
1633 4137 2000 4193 Accesseruut
2029 4138 2324 4198 Godolredi

741 4224 941 4278 Olearii
975 4227 1196 4292 nota'jad
1217 4224 1463 4279 Suidam.
1495 4227 1690 4296 Lipsia:
1714 4230 1874 4292 1795,
1907 4230 2106 4287 Mai.8.
2141 4235 2325 4288 Enim-

745 4332 875 4371 vero
907 4327 1048 4372 notae
1076 4318 1140 4371 ad
1175 4318 1424 4380 Suidam,
1457 4335 1580 4388 quae
1627 4321 1904 4376 immerito
1951 4326 2329 4380 attribuuntur

745 4408 986 4475 Oleario,
1037 4420 1092 4465 et
1141 4402 1487 4478 potissimum
1541 4423 1792 4482 spectant
1823 4415 1891 4469 ad
1929 4431 2016 4470 res
2053 4418 2330 4473 homines-

740 4520 872 4574 que,
906 4504 974 4558 dc
1007 4505 1204 4573 quibus
1239 4520 1419 4559 sermo
1452 4515 1538 4561 est
1562 4507 1703 4575 apud
1739 4505 1987 4570 Suidam.
2011 4509 2326 4566 Reinesium

744 4699 798 4743 et
852 4689 1244 4744 solertissimus
1289 4690 1492 4755 Suida‘,
1550 4693 1619 4746 ah
1673 4691 1895 4747 Emilio
1959 4693 2121 4749 Porto
2173 4697 2324 4762 editi,

746 4782 1068 4849 exemplari,
1099 4782 1243 4849 quod
1274 4783 1438 4836 Cilla:
1471 4783 1524 4836 in
1560 4783 1693 4839 bibl.
1730 4786 1944 4854 publica
1995 4789 2173 4843 adhuc
2209 4805 2326 4844 ser-

745 4883 924 4934 vatur.
959 4874 1128 4926 multa
1164 4874 1514 4942 ascripserat,
1555 4877 1756 4944 quibus
1789 4879 2096 4934 versionem
2139 4898 2326 4935 emen-

747 4963 905 5016 darat
933 4961 1204 5027 Latinam,
1232 4965 1313 5017 vel
1346 4974 1553 5019 textum
1592 4966 1794 5036 ipsum,
1823 4969 2096 5039 prmtipue
2130 4987 2329 5027 secun-

749 5059 873 5109 dqu
903 5058 1032 5110 edit.
1073 5055 1485 5120 Mcdiolanens.,
1516 5073 1658 5127 saepe
1687 5074 1782 5126 per
1811 5060 2202 5128 conjecturam,
2236 5074 2332 5118 aut

750 5164 846 5217 per
875 5150 1338 5218 comparationem
1371 5160 1652 5204 auctOrum
1698 5165 1728 5206 e
1749 5153 1948 5221 quibus
1979 5153 2178 5209 Suidas
2201 5171 2332 5211 suas

748 5243 934 5299 hausit
969 5234 1198 5314 glossas,
1229 5247 1508 5314 supplerat
1552 5245 1798 5311 lacunas,
1837 5258 1932 5301 aut
1958 5265 2139 5302 veram
2169 5251 2331 5305 resti-

752 5347 931 5392 tuerat
979 5339 1302 5402 lectionem,
1337 5341 1537 5408 saepius
1575 5341 1799 5394 nomina
1841 5341 2174 5410 explicuerat
2207 5357 2333 5412 pro-

749 5433 866 5500 pria
915 5446 1216 5498 eorumque
1265 5433 1371 5484 vim
1427 5442 1481 5485 et
1513 5442 1832 5501 potestatem
1879 5447 1972 5487 aut
2024 5436 2329 5499 historiam,

751 5532 846 5577 aut
889 5525 1042 5578 novis
1064 5523 1440 5591 locupletarat.
1473 5522 1581 5579 llas
1611 5523 1967 5580 Reinesianas
1995 5527 2336 5581 observatio-

752 5634 846 5669 nes
870 5619 921 5672 in
956 5633 1115 5671 suum
1146 5617 1393 5671 Olearius
1419 5618 2066 5688 transtuleratexemplar
2094 5637 2106 5672 :
2135 5621 2334 5674 multas

755 5721 934 5763 tamen
989 5721 1180 5765 acutas
1247 5710 1486 5765 Reinesii
1564 5710 1978 5766 emendationes
2031 5710 2334 5782 doctasque

753 5801 1124 5870 expositiones
1177 5801 1448 5874 neglexit,
1494 5811 1685 5856 contra
1727 5803 1978 5872 proprias
2036 5805 2332 5872 quasdam,

755 5907 958 5962 easque
1015 5893 1284 5949 interdum
1343 5893 1574 5949 leviores
1623 5894 1854 5961 adlcvit;
1919 5895 1992 5960 id,
2048 5897 2190 5966 quod
2233 5897 2339 5953 late

2427 3305 2634 3359 Eckard
2671 3305 2724 3357 iu
2761 3324 2773 3358 :
2835 3301 3139 3357 Uebersicht
3185 3302 3278 3355 der
3314 3300 3500 3356 Oerter
3546 3329 3616 3340 ο·-
3665 3303 3774 3352 und
3801 3299 4013 3355 Grund~

2425 3399 2570 3449 sélze
2620 3411 2716 3446 zur
2779 3391 3080 3446 Geschichte
3129 3393 3224 3445 der
3271 3390 3650 3454 Bibliotheken,
3701 3406 3824 3460 pag.
3893 3391 4011 3451 H5,

2426 3490 2736 3556 suspicatus
2773 3486 2884 3540 fere
2915 3494 3016 3549 est,
3063 3485 3313 3554 equidem
3371 3484 3556 3538 ncscio
3593 3494 3644 3537 et
3692 3500 3780 3536 Vix
3839 3486 4014 3538 Credi-

2425 3583 2618 3636 derim.
2675 3609 2744 3619 —
2798 3577 3116 3649 Ingeniosus
3167 3593 3410 3648 quoque,
3453 3590 3508 3630 at
3563 3591 3702 3646 pene
3746 3576 4012 3629 audacior

2427 3675 2649 3729 eriticus
2676 3685 2779 3728 est.

2497 3766 2776 3820 Gilbertus
2806 3764 3103 3819 Wakeﬁeld
3143 3763 3195 3816 iu
3239 3764 3385 3817 Silva
3425 3763 3638 3824 critica,
3692 3764 3802 3816 sire
3833 3767 3887 3816 in
3927 3781 4018 3816 au-

2429 3867 2595 3908 ctores
2641 3872 2820 3908 sacros
2868 3855 3222 3922 profanosque
3264 3856 3640 3906 commentario
3675 3855 4012 3924 philologico.

2427 3950 2792 4018 Cantabr-igitr:
2827 3950 3161 4004 17894795.
3191 3951 3246 4013 8,
3286 3949 3318 4002 V
3358 3961 3519 4019 part.,
3551 3952 3645 4019 qui
3696 3955 4017 4020 per'omues

2429 4047 2669 4112 quinque
2707 4055 2887 4113 partes
2931 4044 3151 4097 criticas
3184 4042 3252 4107 .in
3283 4040 3504 4096 Suidam
3536 4043 3695 4096 modo
3734 4047 4014 4111 parciore,

2431 4137 2592 4190 modo
2624 4137 2932 4190 liberaliore
2960 4151 3124 4188 tuauu
3159 4136 3358 4204 sparsit
3388 4135 3925 4189 animadversiones.

2505 4229 2823 4283 Praeclaram
2876 4227 3174 4295 futuroque
3228 4225 3412 4280 Suidas
3467 4228 3666 4281 editori
3717 4228 4014 4281 admodum

2431 4321 2616 4374 utilem
2649 4336 2870 4390 Operam
2898 4321 3160 4388 suscepit,
3210 4321 3446 4387 aliisque
3485 4321 3817 4372 monstravit
3852 4321 4015 4381 viam,

2429 4429 2495 4469 ex
2532 4413 2655 4467 aliis
2685 4413 2908 4467 scholiis
2943 4421 2995 4466 et
3026 4411 3310 4482 glossariis
3338 4410 3453 4480 pari
3483 4413 3695 4464 ratione
3727 4422 3784 4464 et
3839 4413 4020 4464 consi-

2433 4507 2504 4559 lio
2548 4505 2854 4560 illustrandi
2896 4503 3333 4572 emendandique
3379 4503 3584 4564 Suidaz,
3611 4503 3684 4557 cl.
3737 4502 4020 4573 lloepl'ne-

651 4666 657 4669 _
744 4600 926 4666 potius
981 4597 1183 4651 habent
1218 4606 1520 4667 parentem.
1563 4628 1634 4638 —
1672 4599 1770 4654 Hic
1802 4600 1945 4653 enim
1986 4603 2070 4655 vir
2098 4603 2322 4660 doctiss.
2361 4581 2401 4633 θ
2435 4614 2560 4662 rus,
2604 4605 2846 4652 conrect.
2884 4594 3163 4666 Gymnasii
3217 4593 3480 4649 lslebens.
3537 4593 3744 4662 optime
3793 4597 4021 4650 meritus

2433 4691 2548 4761 (qui
2582 4694 2696 4760 ipse
2722 4689 3014 4760 aliquando
3052 4703 3247 4741 novam
3283 4687 3650 4740 meditabatur
3685 4685 4016 4755 LexiCograo

2433 4785 2522 4852 phi
2559 4783 2876 4846 editionem,
2913 4781 3007 4835 sed
3043 4779 3241 4833 deinde
3271 4778 3564 4832 consilium
3593 4778 3854 4848 abjecit),
3895 4780 4018 4831 dum

2430 4876 2599 4928 edidit
2632 4892 2644 4928 :
2679 4871 2990 4927 Glossarum
3021 4870 3206 4926 Suida:
3235 4887 3263 4924 ρ
3309 4869 3568 4934 Sophocle
3595 4871 3821 4938 ejusque
3857 4869 4022 4923 schol.

2431 4970 2854 5036 depromptum»:
2887 4968 3145 5036 specimen
3175 4964 3201 5018 1
3234 4965 3541 5017 accuratius
3583 4961 3821 5030 collegit,
3848 4979 4024 5016 emen-

2432 5065 2596 5126 davit,
2633 5061 2920 5114 illustravit
2955 5059 3004 5113 1.
3053 5057 3116 5113 G.
3154 5058 3216 5114 C.
3247 5057 3505 5126 Hoepfner
3555 5056 3608 5108 in
3645 5071 3659 5108 :
3698 5053 3892 5108 Neuen
3919 5056 4026 5110 lla-

2431 5157 2589 5226 gazin
2619 5156 2705 5224 [ἂν
2739 5153 3106 5216 Schullehrer,
3140 5152 3555 5219 herausgegeben
3589 5165 3689 5201 von
3717 5146 3786 5204 G.
3816 5151 3886 5202 Δ.
3921 5149 4026 5204 Rue

2433 5251 2566 5318 perii
2604 5248 2710 5300 und
2750 5245 2816 5301 Η.
2838 5245 3240 5305 Schilchthorst,
3272 5252 3404 5296 tom.
3438 5242 3481 5306 l,
3502 5254 3642 5310 part.
3673 5256 3713 5304 ι,
3744 5256 3875 5311 pag.
3898 5242 4021 5299 250.

2433 5339 2562 5394 εδδ.
2621 5370 2689 5379 -
2731 5337 3002 5408 Specimen
3039 5335 3100 5390 11
3147 5337 3280 5390 ibid.
3313 5345 3451 5405 part.
3481 5350 3539 5396 tt,
3583 5348 3706 5403 pag.
3745 5333 4023 5388 ιδξ-ιτι.

2435 5432 2777 5501 —Specimen
2811 5429 2907 5485 1H
2938 5431 2992 5485 iu
3014 5429 3331 5486 earumdem
3363 5428 3634 5481 editorum
3661 5426 3918 5497 Magazin
3942 5429 4028 5497 fur

2440 5524 2769 5591 Philologcn,
2801 5531 2934 5577 tom.
2973 5523 3015 5586 l,
3063 5537 3185 5592 pag.
3217 5519 3478 5574 ηεξ-154.
3509 5548 3577 5560 —
3610 5517 3686 5571 Ex
3724 5519 3813 5572 his
3851 5520 4026 5572 mani.

2439 5619 2634 5674 festum
2684 5617 2762 5676 iit.
2839 5624 3075 5687 quantus
3151 5622 3334 5684 pateat
3387 5627 3615 5682 campus
3693 5612 3744 5665 ei
3811 5613 3909 5680 qui
3971 5613 4024 5666 in

2439 5711 2608 5765 Suida
2659 5708 2994 5763 restituendo
3039 5707 3185 5760 vires
3223 5704 3426 5775 ingenii
3479 5714 3642 5772 atque
3694 5705 4025 5758 eruditionis

2440 5818 2696 5858 exercere
2731 5803 2879 5857 velit.
2922 5801 3094 5855 lianc.
3123 5798 3276 5872 [Post
3315 5795 3579 5866 Ludolphi
3622 5794 3844 5851 Kusteri
3908 5797 4022 5850 edi-

2443 5896 2642 5951 tionem
2702 5909 2845 5948 anno
2893 5892 3052 5956 i705,
3115 5889 3474 5961 Cantabrigim
3525 5889 3731 5955 datam,
3781 5887 4020 5944 Lexicon
