  <div class='ocr_page' id='page_1' title='image "/cluster/home/n/w/nwhite01/storage/ocr_20150623/117/nnc1.0046980202/619.png"; bbox 0 0 4182 6526; ppageno 0'>
   <div class='ocr_carea' id='block_1_1' title="bbox 724 411 861 478">
    <p class='ocr_par' dir='ltr' id='par_1_1' title="bbox 724 411 861 478">
     <span class='ocr_line' id='line_1_1' title="bbox 724 411 861 478; baseline -0.015 -2"><span class='ocrx_word' id='word_1_1' title='bbox 724 411 861 478; x_wconf 80' lang='grc'><strong>1219</strong></span> 
     </span>
    </p>
   </div>
   <div class='ocr_carea' id='block_1_2' title="bbox 720 512 2384 590">
    <p class='ocr_par' dir='ltr' id='par_1_2' title="bbox 720 512 2384 590">
     <span class='ocr_line' id='line_1_2' title="bbox 720 512 2384 590; baseline -0.007 -15"><span class='ocrx_word' id='word_1_2' title='bbox 720 534 775 577; x_wconf 75' lang='lat' dir='ltr'><strong>et</strong></span> <span class='ocrx_word' id='word_1_3' title='bbox 805 537 925 590; x_wconf 59' lang='lat' dir='ltr'><strong>quae</strong></span> <span class='ocrx_word' id='word_1_4' title='bbox 951 535 1012 574; x_wconf 74' lang='lat' dir='ltr'><strong>es</strong></span> <span class='ocrx_word' id='word_1_5' title='bbox 1044 517 1246 582; x_wconf 82' lang='lat' dir='ltr'><strong>verbis,</strong></span> <span class='ocrx_word' id='word_1_6' title='bbox 1277 512 1746 569; x_wconf 74' lang='lat' dir='ltr'><strong>incantationibus</strong></span> <span class='ocrx_word' id='word_1_7' title='bbox 1771 521 1826 568; x_wconf 88' lang='lat' dir='ltr'><strong>et</strong></span> <span class='ocrx_word' id='word_1_8' title='bbox 1854 514 2062 583; x_wconf 67' lang='lat' dir='ltr'><strong>scriptis</strong></span> <span class='ocrx_word' id='word_1_9' title='bbox 2120 515 2208 568; x_wconf 63' lang='lat' dir='ltr'><strong>‘ha</strong></span> <span class='ocrx_word' id='word_1_10' title='bbox 2247 531 2303 564; x_wconf 85' lang='lat' dir='ltr'><strong>a-</strong></span> <span class='ocrx_word' id='word_1_11' title='bbox 2345 523 2384 572; x_wconf 66' lang='grc' dir='ltr'><strong>Α</strong></span> 
     </span>
    </p>
   </div>
   <div class='ocr_carea' id='block_1_3' title="bbox 721 599 2311 672">
    <p class='ocr_par' dir='ltr' id='par_1_3' title="bbox 721 599 2311 672">
     <span class='ocr_line' id='line_1_3' title="bbox 721 599 2311 672; baseline -0.008 -7"><span class='ocrx_word' id='word_1_12' title='bbox 721 610 966 666; x_wconf 89' lang='lat' dir='ltr'><strong>cteribus</strong></span> <span class='ocrx_word' id='word_1_13' title='bbox 1017 613 1292 667; x_wconf 92' lang='lat' dir='ltr'><strong>constant,</strong></span> <span class='ocrx_word' id='word_1_14' title='bbox 1345 606 1622 672; x_wconf 88' lang='lat' dir='ltr'><strong>mirosque</strong></span> <span class='ocrx_word' id='word_1_15' title='bbox 1673 599 1900 656; x_wconf 81' lang='lat' dir='ltr'><strong>ell‘ectns</strong></span> <span class='ocrx_word' id='word_1_16' title='bbox 1954 602 2178 657; x_wconf 75' lang='lat' dir='ltr'><strong>haben.</strong></span> <span class='ocrx_word' id='word_1_17' title='bbox 2231 603 2311 655; x_wconf 83' lang='lat' dir='ltr'><strong>Ad</strong></span> 
     </span>
    </p>
   </div>
   <div class='ocr_carea' id='block_1_4' title="bbox 724 695 2310 773">
    <p class='ocr_par' dir='ltr' id='par_1_4' title="bbox 724 695 2310 773">
     <span class='ocr_line' id='line_1_4' title="bbox 724 695 2310 773; baseline -0.005 -18"><span class='ocrx_word' id='word_1_18' title='bbox 724 702 970 773; x_wconf 82' lang='lat' dir='ltr'><strong>ejusdem</strong></span> <span class='ocrx_word' id='word_1_19' title='bbox 1003 706 1351 768; x_wconf 88' lang='lat' dir='ltr'><strong>argumenta,</strong></span> <span class='ocrx_word' id='word_1_20' title='bbox 1385 706 1574 751; x_wconf 89' lang='lat' dir='ltr'><strong>contra</strong></span> <span class='ocrx_word' id='word_1_21' title='bbox 1607 695 1898 749; x_wconf 82' lang='lat' dir='ltr'><strong>historiam</strong></span> <span class='ocrx_word' id='word_1_22' title='bbox 1938 695 2202 748; x_wconf 79' lang='lat' dir='ltr'><strong>Susanna:</strong></span> <span class='ocrx_word' id='word_1_23' title='bbox 2229 695 2310 747; x_wconf 87' lang='lat' dir='ltr'><strong>al-</strong></span> 
     </span>
    </p>
   </div>
   <div class='ocr_carea' id='block_1_5' title="bbox 723 787 1489 860">
    <p class='ocr_par' dir='ltr' id='par_1_5' title="bbox 723 787 1489 860">
     <span class='ocr_line' id='line_1_5' title="bbox 723 787 1489 860; baseline -0.008 -12"><span class='ocrx_word' id='word_1_24' title='bbox 723 796 852 856; x_wconf 83' lang='lat' dir='ltr'><strong>lata,</strong></span> <span class='ocrx_word' id='word_1_25' title='bbox 883 791 1163 860; x_wconf 66' lang='lat' dir='ltr'><strong>resliondit</strong></span> <span class='ocrx_word' id='word_1_26' title='bbox 1199 787 1489 858; x_wconf 77' lang='lat' dir='ltr'><strong>Origenes.</strong></span> 
     </span>
    </p>
   </div>
   <div class='ocr_carea' id='block_1_6' title="bbox 792 881 2310 957">
    <p class='ocr_par' dir='ltr' id='par_1_6' title="bbox 792 881 2310 957">
     <span class='ocr_line' id='line_1_6' title="bbox 792 881 2310 957; baseline -0.007 -14"><span class='ocrx_word' id='word_1_27' title='bbox 792 891 1093 957; x_wconf 84' lang='lat' dir='ltr'><strong>Agapetus,</strong></span> <span class='ocrx_word' id='word_1_28' title='bbox 1130 883 1475 956; x_wconf 88' lang='lat' dir='ltr'><strong>Synadorum</strong></span> <span class='ocrx_word' id='word_1_29' title='bbox 1510 883 1828 953; x_wconf 85' lang='lat' dir='ltr'><strong>episc0pus,</strong></span> <span class='ocrx_word' id='word_1_30' title='bbox 1872 883 1941 937; x_wconf 90' lang='lat' dir='ltr'><strong>de</strong></span> <span class='ocrx_word' id='word_1_31' title='bbox 1967 899 2077 952; x_wconf 88' lang='lat' dir='ltr'><strong>quo</strong></span> <span class='ocrx_word' id='word_1_32' title='bbox 2109 881 2310 936; x_wconf 79' lang='lat' dir='ltr'><strong>Euseb.</strong></span> 
     </span>
    </p>
   </div>
   <div class='ocr_carea' id='block_1_7' title="bbox 722 973 2309 1054">
    <p class='ocr_par' dir='ltr' id='par_1_7' title="bbox 722 973 2309 1054">
     <span class='ocr_line' id='line_1_7' title="bbox 722 973 2309 1054; baseline -0.006 -18"><span class='ocrx_word' id='word_1_33' title='bbox 722 984 858 1054; x_wconf 88' lang='lat' dir='ltr'><strong>(imo</strong></span> <span class='ocrx_word' id='word_1_34' title='bbox 898 979 1342 1050; x_wconf 79' lang='lat' dir='ltr'><strong>Philostorgius:</strong></span> <span class='ocrx_word' id='word_1_35' title='bbox 1396 973 1592 1031; x_wconf 78' lang='lat' dir='ltr'><strong>confer</strong></span> <span class='ocrx_word' id='word_1_36' title='bbox 1625 975 1960 1029; x_wconf 87' lang='lat' dir='ltr'><strong>Tillleinont.</strong></span> <span class='ocrx_word' id='word_1_37' title='bbox 1999 973 2066 1028; x_wconf 85' lang='grc' dir='ltr'><strong>Τ.</strong></span> <span class='ocrx_word' id='word_1_38' title='bbox 2106 973 2165 1037; x_wconf 80' lang='grc' dir='ltr'><em>γ,</em></span> <span class='ocrx_word' id='word_1_39' title='bbox 2203 990 2309 1027; x_wconf 87' lang='lat' dir='ltr'><strong>nie-</strong></span> 
     </span>
    </p>
   </div>
   <div class='ocr_carea' id='block_1_8' title="bbox 723 1074 887 1146">
    <p class='ocr_par' dir='ltr' id='par_1_8' title="bbox 723 1074 887 1146">
     <span class='ocr_line' id='line_1_8' title="bbox 723 1074 887 1146; baseline -0.006 -16"><span class='ocrx_word' id='word_1_40' title='bbox 723 1074 887 1146; x_wconf 92' lang='lat' dir='ltr'><strong>mor.)</strong></span> 
     </span>
    </p>
   </div>
   <div class='ocr_carea' id='block_1_9' title="bbox 796 1158 2316 1237">
    <p class='ocr_par' dir='ltr' id='par_1_9' title="bbox 796 1158 2316 1237">
     <span class='ocr_line' id='line_1_9' title="bbox 796 1158 2316 1237; baseline -0.003 -17"><span class='ocrx_word' id='word_1_41' title='bbox 796 1167 1055 1237; x_wconf 88' lang='lat' dir='ltr'><strong>Agapius,</strong></span> <span class='ocrx_word' id='word_1_42' title='bbox 1090 1161 1467 1229; x_wconf 83' lang='lat' dir='ltr'><strong>Atheniensis,</strong></span> <span class='ocrx_word' id='word_1_43' title='bbox 1520 1160 1906 1230; x_wconf 81' lang='lat' dir='ltr'><strong>philoSOphus,</strong></span> <span class='ocrx_word' id='word_1_44' title='bbox 1962 1167 2084 1228; x_wconf 88' lang='lat' dir='ltr'><strong>post</strong></span> <span class='ocrx_word' id='word_1_45' title='bbox 2140 1158 2316 1215; x_wconf 84' lang='lat' dir='ltr'><strong>Procli</strong></span> 
     </span>
    </p>
   </div>
   <div class='ocr_carea' id='block_1_10' title="bbox 721 1251 2094 1324">
    <p class='ocr_par' dir='ltr' id='par_1_10' title="bbox 721 1251 2094 1324">
     <span class='ocr_line' id='line_1_10' title="bbox 721 1251 2094 1324; baseline -0.009 -10"><span class='ocrx_word' id='word_1_46' title='bbox 721 1259 953 1320; x_wconf 90' lang='lat' dir='ltr'><strong>obitum,</strong></span> <span class='ocrx_word' id='word_1_47' title='bbox 988 1255 1327 1324; x_wconf 75' lang='lat' dir='ltr'><strong>temporibus</strong></span> <span class='ocrx_word' id='word_1_48' title='bbox 1364 1253 1580 1306; x_wconf 88' lang='lat' dir='ltr'><strong>Marini.</strong></span> <span class='ocrx_word' id='word_1_49' title='bbox 1632 1253 1718 1322; x_wconf 82' lang='lat' dir='ltr'><strong>(ex</strong></span> <span class='ocrx_word' id='word_1_50' title='bbox 1760 1251 2094 1321; x_wconf 81' lang='lat' dir='ltr'><strong>Damaseio.)</strong></span> 
     </span>
    </p>
   </div>
   <div class='ocr_carea' id='block_1_11' title="bbox 793 1344 2317 1422">
    <p class='ocr_par' dir='ltr' id='par_1_11' title="bbox 793 1344 2317 1422">
     <span class='ocr_line' id='line_1_11' title="bbox 793 1344 2317 1422; baseline -0.01 -18"><span class='ocrx_word' id='word_1_51' title='bbox 793 1351 1057 1422; x_wconf 86' lang='lat' dir='ltr'><strong>Agapius,</strong></span> <span class='ocrx_word' id='word_1_52' title='bbox 1089 1347 1513 1411; x_wconf 79' lang='lat' dir='ltr'><strong>Alexandrinus,</strong></span> <span class='ocrx_word' id='word_1_53' title='bbox 1543 1344 1705 1400; x_wconf 85' lang='lat' dir='ltr'><strong>CPoli</strong></span> <span class='ocrx_word' id='word_1_54' title='bbox 1757 1345 2018 1415; x_wconf 71' lang='grc' dir='ltr'><strong>ἰατρικῶν</strong></span> <span class='ocrx_word' id='word_1_55' title='bbox 2053 1345 2317 1413; x_wconf 79' lang='grc' dir='ltr'><strong>μαθημοὶ-</strong></span> 
     </span>
    </p>
   </div>
   <div class='ocr_carea' id='block_1_12' title="bbox 721 1442 1153 1512">
    <p class='ocr_par' dir='ltr' id='par_1_12' title="bbox 721 1442 1153 1512">
     <span class='ocr_line' id='line_1_12' title="bbox 721 1442 1153 1512; baseline -0.012 -15"><span class='ocrx_word' id='word_1_56' title='bbox 721 1462 830 1498; x_wconf 77' lang='grc' dir='ltr'><strong>των</strong></span> <span class='ocrx_word' id='word_1_57' title='bbox 863 1442 1153 1512; x_wconf 77' lang='grc' dir='ltr'><strong>ἐξηγητής.</strong></span> 
     </span>
    </p>
   </div>
   <div class='ocr_carea' id='block_1_13' title="bbox 799 1528 2315 1604">
    <p class='ocr_par' dir='ltr' id='par_1_13' title="bbox 799 1528 2315 1604">
     <span class='ocr_line' id='line_1_13' title="bbox 799 1528 2315 1604; baseline -0.003 -16"><span class='ocrx_word' id='word_1_58' title='bbox 799 1535 1084 1604; x_wconf 84' lang='lat' dir='ltr'><strong>Agathias,</strong></span> <span class='ocrx_word' id='word_1_59' title='bbox 1155 1531 1544 1594; x_wconf 83' lang='lat' dir='ltr'><strong>scholasticus,</strong></span> <span class='ocrx_word' id='word_1_60' title='bbox 1615 1530 1902 1600; x_wconf 77' lang='grc' dir='ltr'><strong>μυριναῖος</strong></span> <span class='ocrx_word' id='word_1_61' title='bbox 1966 1528 2315 1599; x_wconf 88' lang='lat' dir='ltr'><strong>Myriuensis,</strong></span> 
     </span>
    </p>
   </div>
   <div class='ocr_carea' id='block_1_14' title="bbox 725 1623 2321 1696">
    <p class='ocr_par' dir='ltr' id='par_1_14' title="bbox 725 1623 2321 1696">
     <span class='ocr_line' id='line_1_14' title="bbox 725 1623 2321 1696; baseline -0.004 -13"><span class='ocrx_word' id='word_1_62' title='bbox 725 1628 947 1696; x_wconf 87' lang='lat' dir='ltr'><strong>scripsit</strong></span> <span class='ocrx_word' id='word_1_63' title='bbox 980 1623 1262 1678; x_wconf 90' lang='lat' dir='ltr'><strong>historiam</strong></span> <span class='ocrx_word' id='word_1_64' title='bbox 1289 1640 1352 1678; x_wconf 65' lang='lat' dir='ltr'><strong>es</strong></span> <span class='ocrx_word' id='word_1_65' title='bbox 1386 1638 1450 1676; x_wconf 91' lang='lat' dir='ltr'><strong>eo</strong></span> <span class='ocrx_word' id='word_1_66' title='bbox 1483 1631 1750 1690; x_wconf 80' lang='lat' dir='ltr'><strong>tempore,</strong></span> <span class='ocrx_word' id='word_1_67' title='bbox 1811 1623 1899 1676; x_wconf 90' lang='lat' dir='ltr'><strong>ubi</strong></span> <span class='ocrx_word' id='word_1_68' title='bbox 1933 1624 2089 1677; x_wconf 91' lang='lat' dir='ltr'><strong>desiit</strong></span> <span class='ocrx_word' id='word_1_69' title='bbox 2119 1623 2321 1677; x_wconf 84' lang='lat' dir='ltr'><strong>Proco-</strong></span> 
     </span>
    </p>
   </div>
   <div class='ocr_carea' id='block_1_15' title="bbox 725 1719 2318 1794">
    <p class='ocr_par' dir='ltr' id='par_1_15' title="bbox 725 1719 2318 1794">
     <span class='ocr_line' id='line_1_15' title="bbox 725 1719 2318 1794; baseline -0.002 -19"><span class='ocrx_word' id='word_1_70' title='bbox 725 1726 888 1794; x_wconf 84' lang='lat' dir='ltr'><strong>pius:</strong></span> <span class='ocrx_word' id='word_1_71' title='bbox 920 1738 1018 1776; x_wconf 92' lang='lat' dir='ltr'><strong>nec</strong></span> <span class='ocrx_word' id='word_1_72' title='bbox 1043 1739 1146 1777; x_wconf 68' lang='lat' dir='ltr'><strong>IIOJ</strong></span> <span class='ocrx_word' id='word_1_73' title='bbox 1179 1723 1316 1776; x_wconf 89' lang='lat' dir='ltr'><strong>alios</strong></span> <span class='ocrx_word' id='word_1_74' title='bbox 1345 1722 1516 1776; x_wconf 88' lang='lat' dir='ltr'><strong>libros</strong></span> <span class='ocrx_word' id='word_1_75' title='bbox 1549 1722 1743 1791; x_wconf 81' lang='lat' dir='ltr'><strong>partim</strong></span> <span class='ocrx_word' id='word_1_76' title='bbox 1779 1721 1964 1789; x_wconf 86' lang='lat' dir='ltr'><strong>ligata,</strong></span> <span class='ocrx_word' id='word_1_77' title='bbox 2006 1719 2203 1788; x_wconf 85' lang='lat' dir='ltr'><strong>partim</strong></span> <span class='ocrx_word' id='word_1_78' title='bbox 2235 1733 2318 1772; x_wconf 87' lang='lat' dir='ltr'><strong>so-</strong></span> 
     </span>
    </p>
   </div>
   <div class='ocr_carea' id='block_1_16' title="bbox 729 1810 2318 1882">
    <p class='ocr_par' dir='ltr' id='par_1_16' title="bbox 729 1810 2318 1882">
     <span class='ocr_line' id='line_1_16' title="bbox 729 1810 2318 1882; baseline -0.006 -12"><span class='ocrx_word' id='word_1_79' title='bbox 729 1819 838 1870; x_wconf 86' lang='lat' dir='ltr'><strong>luta</strong></span> <span class='ocrx_word' id='word_1_80' title='bbox 891 1816 1158 1876; x_wconf 83' lang='lat' dir='ltr'><strong>oratione,</strong></span> <span class='ocrx_word' id='word_1_81' title='bbox 1215 1825 1268 1866; x_wconf 82' lang='lat' dir='ltr'><strong>et</strong></span> <span class='ocrx_word' id='word_1_82' title='bbox 1323 1814 1625 1882; x_wconf 56' lang='grc' dir='ltr'><strong>Δωρνιικὰ,</strong></span> <span class='ocrx_word' id='word_1_83' title='bbox 1664 1821 1717 1865; x_wconf 86' lang='lat' dir='ltr'><strong>cl</strong></span> <span class='ocrx_word' id='word_1_84' title='bbox 1771 1810 1970 1863; x_wconf 70' lang='grc' dir='ltr'><strong>κύκλον</strong></span> <span class='ocrx_word' id='word_1_85' title='bbox 2021 1811 2126 1862; x_wconf 80' lang='grc' dir='ltr'><strong>τῶν</strong></span> <span class='ocrx_word' id='word_1_86' title='bbox 2186 1811 2318 1863; x_wconf 60' lang='grc' dir='ltr'>νέων</span> 
     </span>
    </p>
   </div>
   <div class='ocr_carea' id='block_1_17' title="bbox 728 1909 1196 1978">
    <p class='ocr_par' dir='ltr' id='par_1_17' title="bbox 728 1909 1196 1978">
     <span class='ocr_line' id='line_1_17' title="bbox 728 1909 1196 1978; baseline 0 -18"><span class='ocrx_word' id='word_1_87' title='bbox 728 1909 1196 1978; x_wconf 73' lang='grc' dir='ltr'><strong>ἐπιγραμμάτων.</strong></span> 
     </span>
    </p>
   </div>
   <div class='ocr_carea' id='block_1_18' title="bbox 801 1995 2318 2069">
    <p class='ocr_par' dir='ltr' id='par_1_18' title="bbox 801 1995 2318 2069">
     <span class='ocr_line' id='line_1_18' title="bbox 801 1995 2318 2069; baseline -0.003 -14"><span class='ocrx_word' id='word_1_88' title='bbox 801 2003 1071 2069; x_wconf 67' lang='lat' dir='ltr'><strong>Agathon,</strong></span> <span class='ocrx_word' id='word_1_89' title='bbox 1110 1999 1371 2068; x_wconf 79' lang='lat' dir='ltr'><strong>tragicus,</strong></span> <span class='ocrx_word' id='word_1_90' title='bbox 1403 2009 1454 2049; x_wconf 90' lang='lat' dir='ltr'><strong>et</strong></span> <span class='ocrx_word' id='word_1_91' title='bbox 1486 1997 1882 2051; x_wconf 76' lang='lat' dir='ltr'><strong>commdiarum</strong></span> <span class='ocrx_word' id='word_1_92' title='bbox 1917 1999 2175 2066; x_wconf 88' lang='lat' dir='ltr'><strong>scriptor,</strong></span> <span class='ocrx_word' id='word_1_93' title='bbox 2211 1995 2318 2050; x_wconf 89' lang='lat' dir='ltr'><strong>So-</strong></span> 
     </span>
    </p>
   </div>
   <div class='ocr_carea' id='block_1_19' title="bbox 732 2090 1259 2160">
    <p class='ocr_par' dir='ltr' id='par_1_19' title="bbox 732 2090 1259 2160">
     <span class='ocr_line' id='line_1_19' title="bbox 732 2090 1259 2160; baseline -0.006 -15"><span class='ocrx_word' id='word_1_94' title='bbox 732 2094 901 2145; x_wconf 77' lang='lat' dir='ltr'><strong>cratis</strong></span> <span class='ocrx_word' id='word_1_95' title='bbox 938 2090 1259 2160; x_wconf 75' lang='lat' dir='ltr'><strong>discipulus.</strong></span> 
     </span>
    </p>
   </div>
   <div class='ocr_carea' id='block_1_20' title="bbox 801 2182 2317 2252">
    <p class='ocr_par' dir='ltr' id='par_1_20' title="bbox 801 2182 2317 2252">
     <span class='ocr_line' id='line_1_20' title="bbox 801 2182 2317 2252; baseline -0.003 -14"><span class='ocrx_word' id='word_1_96' title='bbox 801 2186 1036 2246; x_wconf 66' lang='lat' dir='ltr'><strong>Alea-us,</strong></span> <span class='ocrx_word' id='word_1_97' title='bbox 1099 2184 1472 2245; x_wconf 78' lang='lat' dir='ltr'><strong>Atheniensis,</strong></span> <span class='ocrx_word' id='word_1_98' title='bbox 1531 2183 1790 2252; x_wconf 72' lang='lat' dir='ltr'><strong>tragicus,</strong></span> <span class='ocrx_word' id='word_1_99' title='bbox 1853 2197 2016 2252; x_wconf 88' lang='lat' dir='ltr'><strong>quem</strong></span> <span class='ocrx_word' id='word_1_100' title='bbox 2071 2182 2317 2235; x_wconf 73' lang='lat' dir='ltr'><strong>nonnulli</strong></span> 
     </span>
    </p>
   </div>
   <div class='ocr_carea' id='block_1_21' title="bbox 734 2273 1884 2346">
    <p class='ocr_par' dir='ltr' id='par_1_21' title="bbox 734 2273 1884 2346">
     <span class='ocr_line' id='line_1_21' title="bbox 734 2273 1884 2346; baseline -0.003 -17"><span class='ocrx_word' id='word_1_101' title='bbox 734 2278 972 2346; x_wconf 88' lang='lat' dir='ltr'><strong>primum</strong></span> <span class='ocrx_word' id='word_1_102' title='bbox 1006 2275 1177 2328; x_wconf 79' lang='lat' dir='ltr'><strong>fuisse</strong></span> <span class='ocrx_word' id='word_1_103' title='bbox 1221 2277 1486 2342; x_wconf 72' lang='lat' dir='ltr'><strong>tragicum</strong></span> <span class='ocrx_word' id='word_1_104' title='bbox 1521 2273 1884 2328; x_wconf 87' lang='lat' dir='ltr'><strong>contendunt.</strong></span> 
     </span>
    </p>
   </div>
   <div class='ocr_carea' id='block_1_22' title="bbox 805 2363 2320 2435">
    <p class='ocr_par' dir='ltr' id='par_1_22' title="bbox 805 2363 2320 2435">
     <span class='ocr_line' id='line_1_22' title="bbox 805 2363 2320 2435; baseline -0.001 -15"><span class='ocrx_word' id='word_1_105' title='bbox 805 2369 1040 2429; x_wconf 68' lang='lat' dir='ltr'><strong>Alcaeus,</strong></span> <span class='ocrx_word' id='word_1_106' title='bbox 1076 2365 1430 2435; x_wconf 64' lang='lat' dir='ltr'><strong>Myilenaeus,</strong></span> <span class='ocrx_word' id='word_1_107' title='bbox 1461 2365 1654 2418; x_wconf 88' lang='lat' dir='ltr'><strong>deinde</strong></span> <span class='ocrx_word' id='word_1_108' title='bbox 1678 2363 2054 2427; x_wconf 81' lang='lat' dir='ltr'><strong>Atheniensis,</strong></span> <span class='ocrx_word' id='word_1_109' title='bbox 2077 2363 2320 2418; x_wconf 74' lang='lat' dir='ltr'><strong>comicus</strong></span> 
     </span>
    </p>
   </div>
   <div class='ocr_carea' id='block_1_23' title="bbox 736 2455 2322 2527">
    <p class='ocr_par' dir='ltr' id='par_1_23' title="bbox 736 2455 2322 2527">
     <span class='ocr_line' id='line_1_23' title="bbox 736 2455 2322 2527; baseline -0.001 -17"><span class='ocrx_word' id='word_1_110' title='bbox 736 2461 931 2513; x_wconf 82' lang='lat' dir='ltr'><strong>t&#39;clct&#39;is</strong></span> <span class='ocrx_word' id='word_1_111' title='bbox 963 2460 1246 2512; x_wconf 63' lang='lat' dir='ltr'><strong>contmdim</strong></span> <span class='ocrx_word' id='word_1_112' title='bbox 1277 2459 1524 2527; x_wconf 76' lang='lat' dir='ltr'><strong>quintus,</strong></span> <span class='ocrx_word' id='word_1_113' title='bbox 1567 2457 1720 2510; x_wconf 86' lang='lat' dir='ltr'><strong>Micci</strong></span> <span class='ocrx_word' id='word_1_114' title='bbox 1760 2455 1843 2521; x_wconf 81' lang='lat' dir='ltr'><strong>F.,</strong></span> <span class='ocrx_word' id='word_1_115' title='bbox 1879 2456 2099 2524; x_wconf 82' lang='lat' dir='ltr'><strong>scripsit</strong></span> <span class='ocrx_word' id='word_1_116' title='bbox 2132 2472 2322 2508; x_wconf 80' lang='lat' dir='ltr'><strong>coma:-</strong></span> 
     </span>
    </p>
   </div>
   <div class='ocr_carea' id='block_1_24' title="bbox 731 2551 948 2607">
    <p class='ocr_par' dir='ltr' id='par_1_24' title="bbox 731 2551 948 2607">
     <span class='ocr_line' id='line_1_24' title="bbox 731 2551 948 2607; baseline 0.009 -2"><span class='ocrx_word' id='word_1_117' title='bbox 731 2555 850 2606; x_wconf 83' lang='lat' dir='ltr'><strong>dias</strong></span> <span class='ocrx_word' id='word_1_118' title='bbox 875 2551 948 2607; x_wconf 76' lang='grc' dir='ltr'><strong>Χ.</strong></span> 
     </span>
    </p>
   </div>
   <div class='ocr_carea' id='block_1_25' title="bbox 806 2642 2321 2714">
    <p class='ocr_par' dir='ltr' id='par_1_25' title="bbox 806 2642 2321 2714">
     <span class='ocr_line' id='line_1_25' title="bbox 806 2642 2321 2714; baseline -0.001 -16"><span class='ocrx_word' id='word_1_119' title='bbox 806 2645 1142 2705; x_wconf 83' lang='lat' dir='ltr'><strong>Aleidamas,</strong></span> <span class='ocrx_word' id='word_1_120' title='bbox 1179 2642 1410 2706; x_wconf 83' lang='lat' dir='ltr'><strong>Eleates,</strong></span> <span class='ocrx_word' id='word_1_121' title='bbox 1459 2643 1696 2697; x_wconf 83' lang='lat' dir='ltr'><strong>Asianus</strong></span> <span class='ocrx_word' id='word_1_122' title='bbox 1747 2642 2128 2714; x_wconf 86' lang='lat' dir='ltr'><strong>philosophus,</strong></span> <span class='ocrx_word' id='word_1_123' title='bbox 2175 2642 2321 2696; x_wconf 80' lang='lat' dir='ltr'><strong>illius</strong></span> 
     </span>
    </p>
   </div>
   <div class='ocr_carea' id='block_1_26' title="bbox 735 2733 2320 2807">
    <p class='ocr_par' dir='ltr' id='par_1_26' title="bbox 735 2733 2320 2807">
     <span class='ocr_line' id='line_1_26' title="bbox 735 2733 2320 2807; baseline -0.003 -16"><span class='ocrx_word' id='word_1_124' title='bbox 735 2739 956 2802; x_wconf 86' lang='lat' dir='ltr'><strong>Dioclis,</strong></span> <span class='ocrx_word' id='word_1_125' title='bbox 993 2740 1082 2807; x_wconf 85' lang='lat' dir='ltr'><strong>qui</strong></span> <span class='ocrx_word' id='word_1_126' title='bbox 1117 2738 1326 2790; x_wconf 78' lang='lat' dir='ltr'><strong>musica</strong></span> <span class='ocrx_word' id='word_1_127' title='bbox 1379 2737 1620 2805; x_wconf 83' lang='lat' dir='ltr'><strong>scripsit,</strong></span> <span class='ocrx_word' id='word_1_128' title='bbox 1689 2747 1743 2790; x_wconf 89' lang='lat' dir='ltr'><strong>et</strong></span> <span class='ocrx_word' id='word_1_129' title='bbox 1791 2735 2008 2806; x_wconf 75' lang='lat' dir='ltr'><strong>Gorgia:</strong></span> <span class='ocrx_word' id='word_1_130' title='bbox 2071 2733 2320 2788; x_wconf 84' lang='lat' dir='ltr'><strong>Leontini</strong></span> 
     </span>
    </p>
   </div>
   <div class='ocr_carea' id='block_1_27' title="bbox 731 2831 1057 2900">
    <p class='ocr_par' dir='ltr' id='par_1_27' title="bbox 731 2831 1057 2900">
     <span class='ocr_line' id='line_1_27' title="bbox 731 2831 1057 2900; baseline -0.015 -13"><span class='ocrx_word' id='word_1_131' title='bbox 731 2831 1057 2900; x_wconf 84' lang='lat' dir='ltr'><strong>discipulus.</strong></span> 
     </span>
    </p>
   </div>
   <div class='ocr_carea' id='block_1_28' title="bbox 809 2921 1832 2992">
    <p class='ocr_par' dir='ltr' id='par_1_28' title="bbox 809 2921 1832 2992">
     <span class='ocr_line' id='line_1_28' title="bbox 809 2921 1832 2992; baseline -0.002 -16"><span class='ocrx_word' id='word_1_132' title='bbox 809 2927 1143 2988; x_wconf 81' lang='lat' dir='ltr'><strong>Aleinu-ncs,</strong></span> <span class='ocrx_word' id='word_1_133' title='bbox 1179 2921 1529 2992; x_wconf 77' lang='lat' dir='ltr'><strong>Megarensis,</strong></span> <span class='ocrx_word' id='word_1_134' title='bbox 1573 2921 1832 2991; x_wconf 86' lang='lat' dir='ltr'><strong>tragicus.</strong></span> 
     </span>
    </p>
   </div>
   <div class='ocr_carea' id='block_1_29' title="bbox 804 3014 1851 3080">
    <p class='ocr_par' dir='ltr' id='par_1_29' title="bbox 804 3014 1851 3080">
     <span class='ocr_line' id='line_1_29' title="bbox 804 3014 1851 3080; baseline -0.001 -11"><span class='ocrx_word' id='word_1_135' title='bbox 804 3017 1132 3080; x_wconf 85' lang='lat' dir='ltr'><strong>Alcimenes,</strong></span> <span class='ocrx_word' id='word_1_136' title='bbox 1171 3014 1542 3076; x_wconf 69' lang='lat' dir='ltr'><strong>Atheniensis,</strong></span> <span class='ocrx_word' id='word_1_137' title='bbox 1584 3016 1851 3068; x_wconf 85' lang='lat' dir='ltr'><strong>comicus.</strong></span> 
     </span>
    </p>
   </div>
   <div class='ocr_carea' id='block_1_30' title="bbox 801 3104 2318 3177">
    <p class='ocr_par' dir='ltr' id='par_1_30' title="bbox 801 3104 2318 3177">
     <span class='ocr_line' id='line_1_30' title="bbox 801 3104 2318 3177; baseline -0.002 -16"><span class='ocrx_word' id='word_1_138' title='bbox 801 3109 1099 3176; x_wconf 82' lang='lat' dir='ltr'><strong>Alcipliron</strong></span> <span class='ocrx_word' id='word_1_139' title='bbox 1141 3105 1360 3174; x_wconf 79' lang='lat' dir='ltr'><strong>Magnes</strong></span> <span class='ocrx_word' id='word_1_140' title='bbox 1389 3123 1455 3160; x_wconf 81' lang='lat' dir='ltr'><strong>ex</strong></span> <span class='ocrx_word' id='word_1_141' title='bbox 1499 3104 1777 3177; x_wconf 78' lang='lat' dir='ltr'><strong>Magnesia</strong></span> <span class='ocrx_word' id='word_1_142' title='bbox 1835 3108 1904 3161; x_wconf 88' lang='lat' dir='ltr'><strong>ad</strong></span> <span class='ocrx_word' id='word_1_143' title='bbox 1956 3105 2318 3169; x_wconf 65' lang='lat' dir='ltr'><strong>Maeandrum,</strong></span> 
     </span>
    </p>
   </div>
   <div class='ocr_carea' id='block_1_31' title="bbox 733 3200 1112 3272">
    <p class='ocr_par' dir='ltr' id='par_1_31' title="bbox 733 3200 1112 3272">
     <span class='ocr_line' id='line_1_31' title="bbox 733 3200 1112 3272; baseline 0 -20"><span class='ocrx_word' id='word_1_144' title='bbox 733 3200 1112 3272; x_wconf 79' lang='lat' dir='ltr'><strong>philosophus.</strong></span> 
     </span>
    </p>
   </div>
   <div class='ocr_carea' id='block_1_32' title="bbox 801 3292 2319 3354">
    <p class='ocr_par' dir='ltr' id='par_1_32' title="bbox 801 3292 2319 3354">
     <span class='ocr_line' id='line_1_32' title="bbox 801 3292 2319 3354; baseline -0.002 -4"><span class='ocrx_word' id='word_1_145' title='bbox 801 3295 1054 3354; x_wconf 80' lang='lat' dir='ltr'><strong>Alcman,</strong></span> <span class='ocrx_word' id='word_1_146' title='bbox 1096 3292 1273 3346; x_wconf 73' lang='lat' dir='ltr'><strong>Laion</strong></span> <span class='ocrx_word' id='word_1_147' title='bbox 1324 3293 1662 3348; x_wconf 84' lang='lat' dir='ltr'><strong>Messoates:</strong></span> <span class='ocrx_word' id='word_1_148' title='bbox 1698 3293 2003 3348; x_wconf 89' lang='lat' dir='ltr'><strong>secundum</strong></span> <span class='ocrx_word' id='word_1_149' title='bbox 2047 3293 2319 3348; x_wconf 89' lang='lat' dir='ltr'><strong>Cratetem</strong></span> 
     </span>
    </p>
   </div>
   <div class='ocr_carea' id='block_1_33' title="bbox 733 3384 2320 3456">
    <p class='ocr_par' dir='ltr' id='par_1_33' title="bbox 733 3384 2320 3456">
     <span class='ocr_line' id='line_1_33' title="bbox 733 3384 2320 3456; baseline -0.002 -14"><span class='ocrx_word' id='word_1_150' title='bbox 733 3389 996 3442; x_wconf 73' lang='grc' dir='ltr'><strong>πταίοντα</strong></span> <span class='ocrx_word' id='word_1_151' title='bbox 1048 3392 1125 3456; x_wconf 88' lang='lat' dir='ltr'><strong>(iu</strong></span> <span class='ocrx_word' id='word_1_152' title='bbox 1176 3389 1276 3440; x_wconf 89' lang='lat' dir='ltr'><strong>hoc</strong></span> <span class='ocrx_word' id='word_1_153' title='bbox 1318 3388 1528 3454; x_wconf 89' lang='lat' dir='ltr'><strong>lapsum</strong></span> <span class='ocrx_word' id='word_1_154' title='bbox 1590 3388 1704 3441; x_wconf 90' lang='lat' dir='ltr'><strong>sive</strong></span> <span class='ocrx_word' id='word_1_155' title='bbox 1750 3387 2073 3455; x_wconf 90' lang='lat' dir='ltr'><strong>errantem),</strong></span> <span class='ocrx_word' id='word_1_156' title='bbox 2119 3384 2320 3456; x_wconf 87' lang='lat' dir='ltr'><strong>Lydus,</strong></span> 
     </span>
    </p>
   </div>
   <div class='ocr_carea' id='block_1_34' title="bbox 734 3479 2324 3543">
    <p class='ocr_par' dir='ltr' id='par_1_34' title="bbox 734 3479 2324 3543">
     <span class='ocr_line' id='line_1_34' title="bbox 734 3479 2324 3543; baseline -0.003 -7"><span class='ocrx_word' id='word_1_157' title='bbox 734 3481 1003 3536; x_wconf 83' lang='lat' dir='ltr'><strong>Sardibus</strong></span> <span class='ocrx_word' id='word_1_158' title='bbox 1029 3481 1328 3533; x_wconf 87' lang='lat' dir='ltr'><strong>oriundus:</strong></span> <span class='ocrx_word' id='word_1_159' title='bbox 1363 3495 1429 3535; x_wconf 83' lang='lat' dir='ltr'><strong>ex</strong></span> <span class='ocrx_word' id='word_1_160' title='bbox 1463 3479 1730 3533; x_wconf 84' lang='lat' dir='ltr'><strong>servitute</strong></span> <span class='ocrx_word' id='word_1_161' title='bbox 1763 3479 2158 3543; x_wconf 84' lang='lat' dir='ltr'><strong>manumissus,</strong></span> <span class='ocrx_word' id='word_1_162' title='bbox 2183 3479 2324 3532; x_wconf 90' lang='lat' dir='ltr'><strong>lilius</strong></span> 
     </span>
    </p>
   </div>
   <div class='ocr_carea' id='block_1_35' title="bbox 735 3569 2320 3642">
    <p class='ocr_par' dir='ltr' id='par_1_35' title="bbox 735 3569 2320 3642">
     <span class='ocr_line' id='line_1_35' title="bbox 735 3569 2320 3642; baseline -0.002 -16"><span class='ocrx_word' id='word_1_163' title='bbox 735 3574 1018 3627; x_wconf 86' lang='lat' dir='ltr'><strong>Daniautis</strong></span> <span class='ocrx_word' id='word_1_164' title='bbox 1053 3573 1134 3624; x_wconf 86' lang='lat' dir='ltr'><strong>vel</strong></span> <span class='ocrx_word' id='word_1_165' title='bbox 1167 3570 1362 3625; x_wconf 84' lang='lat' dir='ltr'><strong>Titari.</strong></span> <span class='ocrx_word' id='word_1_166' title='bbox 1399 3570 1593 3626; x_wconf 90' lang='lat' dir='ltr'><strong>Dorice</strong></span> <span class='ocrx_word' id='word_1_167' title='bbox 1627 3572 1866 3642; x_wconf 88' lang='lat' dir='ltr'><strong>scripsit,</strong></span> <span class='ocrx_word' id='word_1_168' title='bbox 1911 3580 1969 3624; x_wconf 92' lang='lat' dir='ltr'><strong>ut</strong></span> <span class='ocrx_word' id='word_1_169' title='bbox 2003 3571 2177 3625; x_wconf 83' lang='lat' dir='ltr'><strong>solent</strong></span> <span class='ocrx_word' id='word_1_170' title='bbox 2212 3569 2320 3623; x_wconf 87' lang='lat' dir='ltr'><strong>La-</strong></span> 
     </span>
    </p>
   </div>
   <div class='ocr_carea' id='block_1_36' title="bbox 734 3661 2324 3734">
    <p class='ocr_par' dir='ltr' id='par_1_36' title="bbox 734 3661 2324 3734">
     <span class='ocr_line' id='line_1_36' title="bbox 734 3661 2324 3734; baseline -0.006 -10"><span class='ocrx_word' id='word_1_171' title='bbox 734 3665 1055 3723; x_wconf 64' lang='lat' dir='ltr'><strong>cedaemonii</strong></span> <span class='ocrx_word' id='word_1_172' title='bbox 1085 3681 1098 3717; x_wconf 71' lang='grc' dir='ltr'>ε</span> <span class='ocrx_word' id='word_1_173' title='bbox 1131 3665 1382 3718; x_wconf 83' lang='lat' dir='ltr'><strong>inventor</strong></span> <span class='ocrx_word' id='word_1_174' title='bbox 1413 3664 1693 3734; x_wconf 75' lang='grc' dir='ltr'><strong>ἐρωτικῶν</strong></span> <span class='ocrx_word' id='word_1_175' title='bbox 1720 3661 1914 3730; x_wconf 73' lang='grc' dir='ltr'><strong>μελῶν,</strong></span> <span class='ocrx_word' id='word_1_176' title='bbox 1942 3663 2324 3716; x_wconf 85' lang='lat' dir='ltr'><strong>amatoriorunt</strong></span> 
     </span>
    </p>
   </div>
   <div class='ocr_carea' id='block_1_37' title="bbox 735 3755 2315 3825">
    <p class='ocr_par' dir='ltr' id='par_1_37' title="bbox 735 3755 2315 3825">
     <span class='ocr_line' id='line_1_37' title="bbox 735 3755 2315 3825; baseline -0.004 -11"><span class='ocrx_word' id='word_1_177' title='bbox 735 3759 1054 3814; x_wconf 85' lang='lat' dir='ltr'><strong>carminum.</strong></span> <span class='ocrx_word' id='word_1_178' title='bbox 1089 3755 1325 3825; x_wconf 84' lang='lat' dir='ltr'><strong>Scripsit</strong></span> <span class='ocrx_word' id='word_1_179' title='bbox 1359 3756 1528 3809; x_wconf 77' lang='lat' dir='ltr'><strong>libros</strong></span> <span class='ocrx_word' id='word_1_180' title='bbox 1554 3772 1647 3809; x_wconf 69' lang='lat'><strong>30?;</strong></span> <span class='ocrx_word' id='word_1_181' title='bbox 1682 3755 1976 3824; x_wconf 85' lang='lat' dir='ltr'><strong>lyricorum</strong></span> <span class='ocrx_word' id='word_1_182' title='bbox 2004 3755 2315 3808; x_wconf 75' lang='lat' dir='ltr'><strong>carminum</strong></span> 
     </span>
    </p>
   </div>
   <div class='ocr_carea' id='block_1_38' title="bbox 734 3844 2326 3919">
    <p class='ocr_par' dir='ltr' id='par_1_38' title="bbox 734 3844 2326 3919">
     <span class='ocr_line' id='line_1_38' title="bbox 734 3844 2326 3919; baseline -0.007 -13"><span class='ocrx_word' id='word_1_183' title='bbox 734 3861 789 3906; x_wconf 81' lang='lat' dir='ltr'><strong>et</strong></span> <span class='ocrx_word' id='word_1_184' title='bbox 820 3848 1204 3919; x_wconf 68' lang='grc' dir='ltr'><strong>κολυμὸώσας,</strong></span> <span class='ocrx_word' id='word_1_185' title='bbox 1241 3855 1504 3900; x_wconf 83' lang='lat' dir='ltr'><strong>natantes.</strong></span> <span class='ocrx_word' id='word_1_186' title='bbox 1534 3845 1748 3915; x_wconf 80' lang='grc' dir='ltr'><strong>πρῶτος</strong></span> <span class='ocrx_word' id='word_1_187' title='bbox 1776 3844 2062 3916; x_wconf 65' lang='grc' dir='ltr'><strong>εἰσήγαγε,</strong></span> <span class='ocrx_word' id='word_1_188' title='bbox 2099 3844 2174 3912; x_wconf 77' lang='grc' dir='ltr'><strong>μὴ</strong></span> <span class='ocrx_word' id='word_1_189' title='bbox 2203 3844 2326 3908; x_wconf 72' lang='grc' dir='ltr'><strong>ἑξα-</strong></span> 
     </span>
    </p>
   </div>
   <div class='ocr_carea' id='block_1_39' title="bbox 739 3937 2328 4012">
    <p class='ocr_par' dir='ltr' id='par_1_39' title="bbox 739 3937 2328 4012">
     <span class='ocr_line' id='line_1_39' title="bbox 739 3937 2328 4012; baseline -0.004 -18"><span class='ocrx_word' id='word_1_190' title='bbox 739 3943 958 4012; x_wconf 78' lang='grc' dir='ltr'><strong>μέτροις</strong></span> <span class='ocrx_word' id='word_1_191' title='bbox 998 3940 1279 4010; x_wconf 69' lang='grc' dir='ltr'><strong>μελῳδεῖν,</strong></span> <span class='ocrx_word' id='word_1_192' title='bbox 1327 3938 1534 4008; x_wconf 78' lang='lat' dir='ltr'><strong>primus</strong></span> <span class='ocrx_word' id='word_1_193' title='bbox 1581 3937 1876 3995; x_wconf 74' lang='lat' dir='ltr'><strong>introduxit</strong></span> <span class='ocrx_word' id='word_1_194' title='bbox 1907 3952 2082 3998; x_wconf 81' lang='lat' dir='ltr'><strong>usum,</strong></span> <span class='ocrx_word' id='word_1_195' title='bbox 2122 3946 2177 3988; x_wconf 87' lang='lat' dir='ltr'><strong>ut</strong></span> <span class='ocrx_word' id='word_1_196' title='bbox 2210 3952 2328 3988; x_wconf 87' lang='lat' dir='ltr'><strong>car-</strong></span> 
     </span>
    </p>
   </div>
   <div class='ocr_carea' id='block_1_40' title="bbox 735 4027 2324 4093">
    <p class='ocr_par' dir='ltr' id='par_1_40' title="bbox 735 4027 2324 4093">
     <span class='ocr_line' id='line_1_40' title="bbox 735 4027 2324 4093; baseline -0.003 -7"><span class='ocrx_word' id='word_1_197' title='bbox 735 4036 882 4088; x_wconf 87' lang='lat' dir='ltr'><strong>mina</strong></span> <span class='ocrx_word' id='word_1_198' title='bbox 913 4033 1099 4085; x_wconf 73' lang='lat' dir='ltr'><strong>melica</strong></span> <span class='ocrx_word' id='word_1_199' title='bbox 1128 4032 1357 4086; x_wconf 76' lang='lat' dir='ltr'><strong>versibus</strong></span> <span class='ocrx_word' id='word_1_200' title='bbox 1382 4047 1483 4083; x_wconf 87' lang='lat' dir='ltr'><strong>non</strong></span> <span class='ocrx_word' id='word_1_201' title='bbox 1513 4029 1832 4093; x_wconf 67' lang='lat' dir='ltr'><strong>hexametris</strong></span> <span class='ocrx_word' id='word_1_202' title='bbox 1855 4027 2324 4082; x_wconf 76' lang='lat' dir='ltr'><strong>conscriberentur.</strong></span> 
     </span>
    </p>
   </div>
   <div class='ocr_carea' id='block_1_41' title="bbox 807 4120 2078 4191">
    <p class='ocr_par' dir='ltr' id='par_1_41' title="bbox 807 4120 2078 4191">
     <span class='ocr_line' id='line_1_41' title="bbox 807 4120 2078 4191; baseline -0.005 -12"><span class='ocrx_word' id='word_1_203' title='bbox 807 4127 1062 4188; x_wconf 83' lang='lat' dir='ltr'><strong>Alcman,</strong></span> <span class='ocrx_word' id='word_1_204' title='bbox 1100 4124 1239 4178; x_wconf 91' lang='lat' dir='ltr'><strong>alius</strong></span> <span class='ocrx_word' id='word_1_205' title='bbox 1268 4121 1594 4186; x_wconf 88' lang='lat' dir='ltr'><strong>Messenius,</strong></span> <span class='ocrx_word' id='word_1_206' title='bbox 1631 4121 1816 4175; x_wconf 89' lang='lat' dir='ltr'><strong>itidem</strong></span> <span class='ocrx_word' id='word_1_207' title='bbox 1849 4120 2078 4191; x_wconf 86' lang='lat' dir='ltr'><strong>lyricus.</strong></span> 
     </span>
    </p>
   </div>
   <div class='ocr_carea' id='block_1_42' title="bbox 805 4211 2329 4286">
    <p class='ocr_par' dir='ltr' id='par_1_42' title="bbox 805 4211 2329 4286">
     <span class='ocr_line' id='line_1_42' title="bbox 805 4211 2329 4286; baseline -0.005 -15"><span class='ocrx_word' id='word_1_208' title='bbox 805 4217 1134 4278; x_wconf 76' lang='lat' dir='ltr'><strong>Alexander,</strong></span> <span class='ocrx_word' id='word_1_209' title='bbox 1152 4215 1393 4286; x_wconf 63' lang='lat' dir='ltr'><strong>Egzetis,</strong></span> <span class='ocrx_word' id='word_1_210' title='bbox 1420 4224 1572 4284; x_wconf 86' lang='lat' dir='ltr'><strong>pater</strong></span> <span class='ocrx_word' id='word_1_211' title='bbox 1597 4212 1771 4274; x_wconf 68' lang='lat' dir='ltr'><strong>Caelii,</strong></span> <span class='ocrx_word' id='word_1_212' title='bbox 1794 4211 2154 4281; x_wconf 89' lang='lat' dir='ltr'><strong>philosophus</strong></span> <span class='ocrx_word' id='word_1_213' title='bbox 2184 4212 2329 4282; x_wconf 85' lang='lat' dir='ltr'><strong>peri-</strong></span> 
     </span>
    </p>
   </div>
   <div class='ocr_carea' id='block_1_43' title="bbox 736 4303 2330 4379">
    <p class='ocr_par' dir='ltr' id='par_1_43' title="bbox 736 4303 2330 4379">
     <span class='ocr_line' id='line_1_43' title="bbox 736 4303 2330 4379; baseline -0.005 -15"><span class='ocrx_word' id='word_1_214' title='bbox 736 4310 1028 4379; x_wconf 67' lang='lat' dir='ltr'><strong>patetieus,</strong></span> <span class='ocrx_word' id='word_1_215' title='bbox 1063 4323 1189 4362; x_wconf 90' lang='lat' dir='ltr'><strong>cum</strong></span> <span class='ocrx_word' id='word_1_216' title='bbox 1218 4306 1594 4366; x_wconf 69' lang='lat' dir='ltr'><strong>Chaaremone,</strong></span> <span class='ocrx_word' id='word_1_217' title='bbox 1629 4303 1978 4374; x_wconf 87' lang='lat' dir='ltr'><strong>philosopho,</strong></span> <span class='ocrx_word' id='word_1_218' title='bbox 2030 4313 2330 4372; x_wconf 62' lang='lat' dir='ltr'><strong>pratceptor</strong></span> 
     </span>
    </p>
   </div>
   <div class='ocr_carea' id='block_1_44' title="bbox 734 4395 2326 4470">
    <p class='ocr_par' dir='ltr' id='par_1_44' title="bbox 734 4395 2326 4470">
     <span class='ocr_line' id='line_1_44' title="bbox 734 4395 2326 4470; baseline -0.007 -12"><span class='ocrx_word' id='word_1_219' title='bbox 734 4403 987 4466; x_wconf 84' lang='lat' dir='ltr'><strong>Neronis,</strong></span> <span class='ocrx_word' id='word_1_220' title='bbox 1019 4402 1150 4470; x_wconf 89' lang='lat' dir='ltr'><strong>imp.</strong></span> <span class='ocrx_word' id='word_1_221' title='bbox 1183 4417 1342 4470; x_wconf 88' lang='lat' dir='ltr'><strong>quem</strong></span> <span class='ocrx_word' id='word_1_222' title='bbox 1375 4398 1590 4452; x_wconf 82' lang='lat' dir='ltr'><strong>vocavit</strong></span> <span class='ocrx_word' id='word_1_223' title='bbox 1621 4396 1793 4466; x_wconf 77' lang='grc' dir='ltr'><strong>πηλὸν</strong></span> <span class='ocrx_word' id='word_1_224' title='bbox 1821 4395 2017 4466; x_wconf 80' lang='grc' dir='ltr'><strong>αἵματι</strong></span> <span class='ocrx_word' id='word_1_225' title='bbox 2042 4396 2326 4467; x_wconf 74' lang='grc' dir='ltr'><strong>πεφυρμέο</strong></span> 
     </span>
    </p>
   </div>
   <div class='ocr_carea' id='block_1_45' title="bbox 735 4494 1754 4562">
    <p class='ocr_par' dir='ltr' id='par_1_45' title="bbox 735 4494 1754 4562">
     <span class='ocr_line' id='line_1_45' title="bbox 735 4494 1754 4562; baseline -0.005 -13"><span class='ocrx_word' id='word_1_226' title='bbox 735 4513 848 4560; x_wconf 83' lang='grc' dir='ltr'>νον,</span> <span class='ocrx_word' id='word_1_227' title='bbox 893 4495 1065 4548; x_wconf 88' lang='lat' dir='ltr'><strong>lutum</strong></span> <span class='ocrx_word' id='word_1_228' title='bbox 1103 4494 1361 4562; x_wconf 78' lang='lat' dir='ltr'><strong>sanguine</strong></span> <span class='ocrx_word' id='word_1_229' title='bbox 1394 4502 1754 4544; x_wconf 83' lang='lat' dir='ltr'><strong>maceratum.</strong></span> 
     </span>
    </p>
   </div>
   <div class='ocr_carea' id='block_1_46' title="bbox 1969 405 2746 468">
    <p class='ocr_par' dir='ltr' id='par_1_46' title="bbox 1969 405 2746 468">
     <span class='ocr_line' id='line_1_46' title="bbox 1969 405 2746 468; baseline -0.004 0"><span class='ocrx_word' id='word_1_230' title='bbox 1969 406 2216 468; x_wconf 81' lang='lat' dir='ltr'><strong>INDEX</strong></span> <span class='ocrx_word' id='word_1_231' title='bbox 2254 405 2746 468; x_wconf 79' lang='lat' dir='ltr'><strong>SCRIPTORUM</strong></span> 
     </span>
    </p>
   </div>
   <div class='ocr_carea' id='block_1_47' title="bbox 3865 403 4014 470">
    <p class='ocr_par' dir='ltr' id='par_1_47' title="bbox 3865 403 4014 470">
     <span class='ocr_line' id='line_1_47' title="bbox 3865 403 4014 470; baseline -0.027 0"><span class='ocrx_word' id='word_1_232' title='bbox 3865 403 4014 470; x_wconf 77' lang='lat'><strong>122!)</strong></span> 
     </span>
    </p>
   </div>
   <div class='ocr_carea' id='block_1_48' title="bbox 2489 509 4028 584">
    <p class='ocr_par' dir='ltr' id='par_1_48' title="bbox 2489 509 4028 584">
     <span class='ocr_line' id='line_1_48' title="bbox 2489 509 4028 584; baseline 0.001 -18"><span class='ocrx_word' id='word_1_233' title='bbox 2489 513 2823 576; x_wconf 79' lang='lat' dir='ltr'><strong>Alexander,</strong></span> <span class='ocrx_word' id='word_1_234' title='bbox 2872 509 3137 574; x_wconf 83' lang='lat' dir='ltr'><strong>Milesius,</strong></span> <span class='ocrx_word' id='word_1_235' title='bbox 3169 511 3282 581; x_wconf 84' lang='lat' dir='ltr'><strong>(5i)</strong></span> <span class='ocrx_word' id='word_1_236' title='bbox 3316 511 3643 584; x_wconf 82' lang='lat' dir='ltr'><strong>polyhistor,</strong></span> <span class='ocrx_word' id='word_1_237' title='bbox 3695 510 3887 568; x_wconf 72' lang='lat' dir='ltr'><strong>Romae</strong></span> <span class='ocrx_word' id='word_1_238' title='bbox 3917 512 4028 568; x_wconf 77' lang='lat' dir='ltr'><strong>fuit</strong></span> 
     </span>
    </p>
   </div>
   <div class='ocr_carea' id='block_1_49' title="bbox 2425 602 4032 675">
    <p class='ocr_par' dir='ltr' id='par_1_49' title="bbox 2425 602 4032 675">
     <span class='ocr_line' id='line_1_49' title="bbox 2425 602 4032 675; baseline 0 -15"><span class='ocrx_word' id='word_1_239' title='bbox 2425 605 2761 674; x_wconf 87' lang='lat' dir='ltr'><strong>temporibus</strong></span> <span class='ocrx_word' id='word_1_240' title='bbox 2787 602 2946 674; x_wconf 68' lang='lat' dir='ltr'><strong>Syllae</strong></span> <span class='ocrx_word' id='word_1_241' title='bbox 2963 612 3016 659; x_wconf 92' lang='lat' dir='ltr'><strong>et</strong></span> <span class='ocrx_word' id='word_1_242' title='bbox 3051 613 3176 658; x_wconf 83' lang='lat' dir='ltr'><strong>ante</strong></span> <span class='ocrx_word' id='word_1_243' title='bbox 3199 621 3211 656; x_wconf 90' lang='lat'><strong>:</strong></span> <span class='ocrx_word' id='word_1_244' title='bbox 3243 617 3273 658; x_wconf 88' lang='lat' dir='ltr'><strong>a</strong></span> <span class='ocrx_word' id='word_1_245' title='bbox 3300 602 3558 658; x_wconf 88' lang='lat' dir='ltr'><strong>Cornelio</strong></span> <span class='ocrx_word' id='word_1_246' title='bbox 3583 604 3837 671; x_wconf 87' lang='lat' dir='ltr'><strong>Lentulo,</strong></span> <span class='ocrx_word' id='word_1_247' title='bbox 3860 606 4032 675; x_wconf 79' lang='lat' dir='ltr'><strong>cujus</strong></span> 
     </span>
    </p>
   </div>
   <div class='ocr_carea' id='block_1_50' title="bbox 2423 693 4034 767">
    <p class='ocr_par' dir='ltr' id='par_1_50' title="bbox 2423 693 4034 767">
     <span class='ocr_line' id='line_1_50' title="bbox 2423 693 4034 767; baseline 0.002 -19"><span class='ocrx_word' id='word_1_248' title='bbox 2423 700 2751 767; x_wconf 73' lang='lat' dir='ltr'><strong>paedagogus</strong></span> <span class='ocrx_word' id='word_1_249' title='bbox 2779 713 2842 751; x_wconf 91' lang='lat' dir='ltr'><strong>ac</strong></span> <span class='ocrx_word' id='word_1_250' title='bbox 2879 697 3108 750; x_wconf 87' lang='lat' dir='ltr'><strong>libertus</strong></span> <span class='ocrx_word' id='word_1_251' title='bbox 3138 693 3264 759; x_wconf 79' lang='lat' dir='ltr'><strong>fuit,</strong></span> <span class='ocrx_word' id='word_1_252' title='bbox 3295 694 3531 750; x_wconf 91' lang='lat' dir='ltr'><strong>Cornelii</strong></span> <span class='ocrx_word' id='word_1_253' title='bbox 3565 698 3795 753; x_wconf 78' lang='lat' dir='ltr'><strong>sortitus</strong></span> <span class='ocrx_word' id='word_1_254' title='bbox 3817 715 4034 766; x_wconf 76' lang='lat' dir='ltr'><strong>cogno-</strong></span> 
     </span>
    </p>
   </div>
   <div class='ocr_carea' id='block_1_51' title="bbox 2425 786 4029 861">
    <p class='ocr_par' dir='ltr' id='par_1_51' title="bbox 2425 786 4029 861">
     <span class='ocr_line' id='line_1_51' title="bbox 2425 786 4029 861; baseline 0.001 -19"><span class='ocrx_word' id='word_1_255' title='bbox 2425 805 2569 852; x_wconf 89' lang='lat' dir='ltr'><strong>men,</strong></span> <span class='ocrx_word' id='word_1_256' title='bbox 2595 788 2848 841; x_wconf 90' lang='lat' dir='ltr'><strong>Laurenti</strong></span> <span class='ocrx_word' id='word_1_257' title='bbox 2865 787 3047 856; x_wconf 86' lang='lat' dir='ltr'><strong>periit,</strong></span> <span class='ocrx_word' id='word_1_258' title='bbox 3067 787 3276 841; x_wconf 86' lang='lat' dir='ltr'><strong>aedibus</strong></span> <span class='ocrx_word' id='word_1_259' title='bbox 3289 786 3411 856; x_wconf 87' lang='lat' dir='ltr'><strong>ejus</strong></span> <span class='ocrx_word' id='word_1_260' title='bbox 3427 787 3497 841; x_wconf 90' lang='lat' dir='ltr'><strong>ab</strong></span> <span class='ocrx_word' id='word_1_261' title='bbox 3517 788 3636 857; x_wconf 85' lang='lat' dir='ltr'><strong>igne</strong></span> <span class='ocrx_word' id='word_1_262' title='bbox 3652 803 3940 861; x_wconf 84' lang='lat' dir='ltr'><strong>consutnp:</strong></span> <span class='ocrx_word' id='word_1_263' title='bbox 3954 794 4029 861; x_wconf 87' lang='lat' dir='ltr'><strong>is,</strong></span> 
     </span>
    </p>
   </div>
   <div class='ocr_carea' id='block_1_52' title="bbox 2423 880 4027 953">
    <p class='ocr_par' dir='ltr' id='par_1_52' title="bbox 2423 880 4027 953">
     <span class='ocr_line' id='line_1_52' title="bbox 2423 880 4027 953; baseline 0.003 -18"><span class='ocrx_word' id='word_1_264' title='bbox 2423 884 2569 952; x_wconf 87' lang='lat' dir='ltr'><strong>qttod</strong></span> <span class='ocrx_word' id='word_1_265' title='bbox 2605 883 2696 936; x_wconf 88' lang='lat' dir='ltr'><strong>ubi</strong></span> <span class='ocrx_word' id='word_1_266' title='bbox 2732 882 3001 951; x_wconf 83' lang='lat' dir='ltr'><strong>comperit</strong></span> <span class='ocrx_word' id='word_1_267' title='bbox 3045 895 3185 934; x_wconf 88' lang='lat' dir='ltr'><strong>uxor</strong></span> <span class='ocrx_word' id='word_1_268' title='bbox 3228 880 3374 950; x_wconf 84' lang='lat' dir='ltr'><strong>ejus,</strong></span> <span class='ocrx_word' id='word_1_269' title='bbox 3428 880 3655 946; x_wconf 84' lang='lat' dir='ltr'><strong>Helena,</strong></span> <span class='ocrx_word' id='word_1_270' title='bbox 3708 882 4027 953; x_wconf 79' lang='grc' dir='ltr'><strong>ἀπήγξατο,</strong></span> 
     </span>
    </p>
   </div>
   <div class='ocr_carea' id='block_1_53' title="bbox 2426 970 4028 1045">
    <p class='ocr_par' dir='ltr' id='par_1_53' title="bbox 2426 970 4028 1045">
     <span class='ocr_line' id='line_1_53' title="bbox 2426 970 4028 1045; baseline 0.003 -17"><span class='ocrx_word' id='word_1_271' title='bbox 2426 977 2620 1045; x_wconf 82' lang='lat' dir='ltr'><strong>laqueo</strong></span> <span class='ocrx_word' id='word_1_272' title='bbox 2680 975 2844 1028; x_wconf 88' lang='lat' dir='ltr'><strong>vitam</strong></span> <span class='ocrx_word' id='word_1_273' title='bbox 2911 973 3104 1026; x_wconf 90' lang='lat' dir='ltr'><strong>linivit.</strong></span> <span class='ocrx_word' id='word_1_274' title='bbox 3148 970 3274 1026; x_wconf 90' lang='lat' dir='ltr'><strong>Fuit</strong></span> <span class='ocrx_word' id='word_1_275' title='bbox 3328 972 3696 1042; x_wconf 84' lang='lat' dir='ltr'><strong>grammatici,</strong></span> <span class='ocrx_word' id='word_1_276' title='bbox 3757 972 4028 1042; x_wconf 86' lang='lat' dir='ltr'><strong>Cratctis,</strong></span> 
     </span>
    </p>
   </div>
   <div class='ocr_carea' id='block_1_54' title="bbox 2425 1065 4031 1138">
    <p class='ocr_par' dir='ltr' id='par_1_54' title="bbox 2425 1065 4031 1138">
     <span class='ocr_line' id='line_1_54' title="bbox 2425 1065 4031 1138; baseline 0 -14"><span class='ocrx_word' id='word_1_277' title='bbox 2425 1068 2746 1138; x_wconf 82' lang='lat' dir='ltr'><strong>discipulus,</strong></span> <span class='ocrx_word' id='word_1_278' title='bbox 2774 1066 3080 1136; x_wconf 66' lang='grc' dir='ltr'><strong>συνέγραψε</strong></span> <span class='ocrx_word' id='word_1_279' title='bbox 3100 1065 3284 1136; x_wconf 73' lang='grc' dir='ltr'><strong>βιϐλία</strong></span> <span class='ocrx_word' id='word_1_280' title='bbox 3305 1066 3542 1137; x_wconf 70' lang='grc' dir='ltr'>ἀριθμοῦ</span> <span class='ocrx_word' id='word_1_281' title='bbox 3565 1067 3823 1136; x_wconf 81' lang='grc' dir='ltr'><strong>κρείττω,</strong></span> <span class='ocrx_word' id='word_1_282' title='bbox 3850 1069 4031 1128; x_wconf 78' lang='lat' dir='ltr'><strong>libros</strong></span> 
     </span>
    </p>
   </div>
   <div class='ocr_carea' id='block_1_55' title="bbox 2425 1157 4030 1230">
    <p class='ocr_par' dir='ltr' id='par_1_55' title="bbox 2425 1157 4030 1230">
     <span class='ocr_line' id='line_1_55' title="bbox 2425 1157 4030 1230; baseline 0.001 -14"><span class='ocrx_word' id='word_1_283' title='bbox 2425 1162 2646 1230; x_wconf 83' lang='lat' dir='ltr'><strong>scripsit</strong></span> <span class='ocrx_word' id='word_1_284' title='bbox 2690 1161 3028 1224; x_wconf 88' lang='lat' dir='ltr'><strong>innumeros,</strong></span> <span class='ocrx_word' id='word_1_285' title='bbox 3075 1170 3128 1213; x_wconf 92' lang='lat' dir='ltr'><strong>ct</strong></span> <span class='ocrx_word' id='word_1_286' title='bbox 3163 1161 3294 1230; x_wconf 79' lang='grc' dir='ltr'>περὶ</span> <span class='ocrx_word' id='word_1_287' title='bbox 3345 1157 3588 1230; x_wconf 77' lang='grc' dir='ltr'><strong>Ῥώμης,</strong></span> <span class='ocrx_word' id='word_1_288' title='bbox 3645 1158 3711 1210; x_wconf 83' lang='lat' dir='ltr'><strong>de</strong></span> <span class='ocrx_word' id='word_1_289' title='bbox 3746 1157 3918 1216; x_wconf 82' lang='lat' dir='ltr'><strong>Roma</strong></span> <span class='ocrx_word' id='word_1_290' title='bbox 3953 1167 4030 1218; x_wconf 82' lang='lat' dir='ltr'><strong>li-</strong></span> 
     </span>
    </p>
   </div>
   <div class='ocr_carea' id='block_1_56' title="bbox 2429 1253 2653 1308">
    <p class='ocr_par' dir='ltr' id='par_1_56' title="bbox 2429 1253 2653 1308">
     <span class='ocr_line' id='line_1_56' title="bbox 2429 1253 2653 1308; baseline -0.004 -1"><span class='ocrx_word' id='word_1_291' title='bbox 2429 1255 2547 1308; x_wconf 84' lang='lat' dir='ltr'><strong>bros</strong></span> <span class='ocrx_word' id='word_1_292' title='bbox 2594 1253 2653 1306; x_wconf 83' lang='lat' dir='ltr'><strong>V.</strong></span> 
     </span>
    </p>
   </div>
   <div class='ocr_carea' id='block_1_57' title="bbox 2498 1343 3518 1416">
    <p class='ocr_par' dir='ltr' id='par_1_57' title="bbox 2498 1343 3518 1416">
     <span class='ocr_line' id='line_1_57' title="bbox 2498 1343 3518 1416; baseline 0.003 -16"><span class='ocrx_word' id='word_1_293' title='bbox 2498 1346 2824 1408; x_wconf 75' lang='lat' dir='ltr'><strong>Alexander,</strong></span> <span class='ocrx_word' id='word_1_294' title='bbox 2859 1344 3109 1399; x_wconf 78' lang='lat' dir='ltr'><strong>Numenii</strong></span> <span class='ocrx_word' id='word_1_295' title='bbox 3143 1343 3204 1400; x_wconf 72' lang='lat' dir='ltr'><strong>F.</strong></span> <span class='ocrx_word' id='word_1_296' title='bbox 3250 1345 3518 1416; x_wconf 85' lang='lat' dir='ltr'><strong>sophista.</strong></span> 
     </span>
    </p>
   </div>
   <div class='ocr_carea' id='block_1_58' title="bbox 2494 1433 4030 1505">
    <p class='ocr_par' dir='ltr' id='par_1_58' title="bbox 2494 1433 4030 1505">
     <span class='ocr_line' id='line_1_58' title="bbox 2494 1433 4030 1505; baseline 0.005 -17"><span class='ocrx_word' id='word_1_297' title='bbox 2494 1435 2821 1501; x_wconf 84' lang='lat' dir='ltr'><strong>Alexander,</strong></span> <span class='ocrx_word' id='word_1_298' title='bbox 2855 1434 3210 1500; x_wconf 87' lang='lat' dir='ltr'><strong>Pleuronius,</strong></span> <span class='ocrx_word' id='word_1_299' title='bbox 3265 1449 3332 1488; x_wconf 90' lang='lat' dir='ltr'><strong>ex</strong></span> <span class='ocrx_word' id='word_1_300' title='bbox 3363 1433 3655 1505; x_wconf 88' lang='lat' dir='ltr'><strong>Pleurone,</strong></span> <span class='ocrx_word' id='word_1_301' title='bbox 3695 1439 3914 1495; x_wconf 71' lang='lat' dir='ltr'><strong>Aitolia:</strong></span> <span class='ocrx_word' id='word_1_302' title='bbox 3949 1442 4030 1495; x_wconf 81' lang='lat' dir='ltr'><strong>ci-</strong></span> 
     </span>
    </p>
   </div>
   <div class='ocr_carea' id='block_1_59' title="bbox 2429 1526 4026 1605">
    <p class='ocr_par' dir='ltr' id='par_1_59' title="bbox 2429 1526 4026 1605">
     <span class='ocr_line' id='line_1_59' title="bbox 2429 1526 4026 1605; baseline 0.005 -26"><span class='ocrx_word' id='word_1_303' title='bbox 2429 1528 2615 1590; x_wconf 85' lang='lat' dir='ltr'><strong>vitate,</strong></span> <span class='ocrx_word' id='word_1_304' title='bbox 2649 1526 2830 1598; x_wconf 80' lang='lat' dir='ltr'><strong>Satyri</strong></span> <span class='ocrx_word' id='word_1_305' title='bbox 2866 1539 2920 1580; x_wconf 94' lang='lat' dir='ltr'><strong>et</strong></span> <span class='ocrx_word' id='word_1_306' title='bbox 2952 1527 3268 1582; x_wconf 70' lang='lat' dir='ltr'><strong>Stratoclea:</strong></span> <span class='ocrx_word' id='word_1_307' title='bbox 3306 1526 3392 1594; x_wconf 86' lang='lat' dir='ltr'><strong>F.,</strong></span> <span class='ocrx_word' id='word_1_308' title='bbox 3427 1533 3819 1598; x_wconf 88' lang='lat' dir='ltr'><strong>grammaticus</strong></span> <span class='ocrx_word' id='word_1_309' title='bbox 3853 1534 4026 1605; x_wconf 79' lang='lat' dir='ltr'><strong>(circa</strong></span> 
     </span>
    </p>
   </div>
   <div class='ocr_carea' id='block_1_60' title="bbox 2431 1615 4028 1688">
    <p class='ocr_par' dir='ltr' id='par_1_60' title="bbox 2431 1615 4028 1688">
     <span class='ocr_line' id='line_1_60' title="bbox 2431 1615 4028 1688; baseline 0.006 -19"><span class='ocrx_word' id='word_1_310' title='bbox 2431 1619 2636 1688; x_wconf 85' lang='lat' dir='ltr'><strong>olymp.</strong></span> <span class='ocrx_word' id='word_1_311' title='bbox 2670 1615 2908 1686; x_wconf 70' lang='lat' dir='ltr'><strong>CXXIV)</strong></span> <span class='ocrx_word' id='word_1_312' title='bbox 2948 1618 3244 1687; x_wconf 69' lang='lat' dir='ltr'><strong>tragoedias</strong></span> <span class='ocrx_word' id='word_1_313' title='bbox 3269 1619 3512 1688; x_wconf 88' lang='lat' dir='ltr'><strong>scripsit,</strong></span> <span class='ocrx_word' id='word_1_314' title='bbox 3546 1636 3689 1677; x_wconf 90' lang='lat' dir='ltr'><strong>unus</strong></span> <span class='ocrx_word' id='word_1_315' title='bbox 3710 1639 3778 1677; x_wconf 88' lang='lat' dir='ltr'><strong>ex</strong></span> <span class='ocrx_word' id='word_1_316' title='bbox 3800 1622 4028 1678; x_wconf 87' lang='lat' dir='ltr'><strong>Pleiade</strong></span> 
     </span>
    </p>
   </div>
   <div class='ocr_carea' id='block_1_61' title="bbox 2432 1710 2791 1780">
    <p class='ocr_par' dir='ltr' id='par_1_61' title="bbox 2432 1710 2791 1780">
     <span class='ocr_line' id='line_1_61' title="bbox 2432 1710 2791 1780; baseline 0 -18"><span class='ocrx_word' id='word_1_317' title='bbox 2432 1710 2791 1780; x_wconf 82' lang='lat' dir='ltr'><strong>tragicorum.</strong></span> 
     </span>
    </p>
   </div>
   <div class='ocr_carea' id='block_1_62' title="bbox 2502 1802 4029 1876">
    <p class='ocr_par' dir='ltr' id='par_1_62' title="bbox 2502 1802 4029 1876">
     <span class='ocr_line' id='line_1_62' title="bbox 2502 1802 4029 1876; baseline 0.008 -21"><span class='ocrx_word' id='word_1_318' title='bbox 2502 1803 2827 1870; x_wconf 65' lang='lat' dir='ltr'><strong>Alexander,</strong></span> <span class='ocrx_word' id='word_1_319' title='bbox 2861 1802 3248 1870; x_wconf 86' lang='lat' dir='ltr'><strong>Seleuciensis,</strong></span> <span class='ocrx_word' id='word_1_320' title='bbox 3273 1803 3416 1860; x_wconf 80' lang='lat' dir='ltr'><strong>Cilix</strong></span> <span class='ocrx_word' id='word_1_321' title='bbox 3439 1847 3453 1868; x_wconf 94' lang='lat'><strong>,</strong></span> <span class='ocrx_word' id='word_1_322' title='bbox 3477 1807 3772 1863; x_wconf 82' lang='lat' dir='ltr'><strong>Alexandri</strong></span> <span class='ocrx_word' id='word_1_323' title='bbox 3798 1857 3812 1876; x_wconf 77' lang='lat'><strong>,</strong></span> <span class='ocrx_word' id='word_1_324' title='bbox 3842 1812 4029 1866; x_wconf 61' lang='lat' dir='ltr'><strong>(ausi-</strong></span> 
     </span>
    </p>
   </div>
   <div class='ocr_carea' id='block_1_63' title="bbox 2347 1896 4028 1968">
    <p class='ocr_par' dir='ltr' id='par_1_63' title="bbox 2347 1896 4028 1968">
     <span class='ocr_line' id='line_1_63' title="bbox 2347 1896 4028 1968; baseline 0.005 -18"><span class='ocrx_word' id='word_1_325' title='bbox 2347 1903 2393 1963; x_wconf 81' lang='grc' dir='ltr'><strong>Β</strong></span> <span class='ocrx_word' id='word_1_326' title='bbox 2428 1897 2556 1962; x_wconf 86' lang='lat' dir='ltr'><strong>dici,</strong></span> <span class='ocrx_word' id='word_1_327' title='bbox 2594 1896 2656 1952; x_wconf 83' lang='lat' dir='ltr'><strong>F.</strong></span> <span class='ocrx_word' id='word_1_328' title='bbox 2689 1899 2892 1963; x_wconf 84' lang='lat' dir='ltr'><strong>rhetor,</strong></span> <span class='ocrx_word' id='word_1_329' title='bbox 2931 1896 3293 1968; x_wconf 75' lang='grc' dir='ltr'><strong>πηλοπλάτων</strong></span> <span class='ocrx_word' id='word_1_330' title='bbox 3341 1899 3457 1955; x_wconf 85' lang='lat' dir='ltr'><strong>sive</strong></span> <span class='ocrx_word' id='word_1_331' title='bbox 3487 1901 3660 1955; x_wconf 86' lang='lat' dir='ltr'><strong>luteus</strong></span> <span class='ocrx_word' id='word_1_332' title='bbox 3712 1901 3875 1957; x_wconf 88' lang='lat' dir='ltr'><strong>Pla:o</strong></span> <span class='ocrx_word' id='word_1_333' title='bbox 3921 1921 4028 1958; x_wconf 86' lang='lat' dir='ltr'><strong>co-</strong></span> 
     </span>
    </p>
   </div>
   <div class='ocr_carea' id='block_1_64' title="bbox 2427 1993 2798 2062">
    <p class='ocr_par' dir='ltr' id='par_1_64' title="bbox 2427 1993 2798 2062">
     <span class='ocr_line' id='line_1_64' title="bbox 2427 1993 2798 2062; baseline 0 -18"><span class='ocrx_word' id='word_1_334' title='bbox 2427 1993 2798 2062; x_wconf 88' lang='lat' dir='ltr'><strong>gnominatus.</strong></span> 
     </span>
    </p>
   </div>
   <div class='ocr_carea' id='block_1_65' title="bbox 2498 2082 4023 2156">
    <p class='ocr_par' dir='ltr' id='par_1_65' title="bbox 2498 2082 4023 2156">
     <span class='ocr_line' id='line_1_65' title="bbox 2498 2082 4023 2156; baseline 0.005 -19"><span class='ocrx_word' id='word_1_335' title='bbox 2498 2083 2681 2138; x_wconf 61' lang='lat' dir='ltr'><strong>Alexis</strong></span> <span class='ocrx_word' id='word_1_336' title='bbox 2712 2101 2775 2138; x_wconf 86' lang='lat' dir='ltr'><strong>ex</strong></span> <span class='ocrx_word' id='word_1_337' title='bbox 2810 2082 3041 2149; x_wconf 84' lang='lat' dir='ltr'><strong>Titurio,</strong></span> <span class='ocrx_word' id='word_1_338' title='bbox 3095 2101 3216 2156; x_wconf 75' lang='lat' dir='ltr'><strong>qua:</strong></span> <span class='ocrx_word' id='word_1_339' title='bbox 3263 2095 3390 2141; x_wconf 90' lang='lat' dir='ltr'><strong>ante</strong></span> <span class='ocrx_word' id='word_1_340' title='bbox 3445 2086 3693 2156; x_wconf 83' lang='lat' dir='ltr'><strong>Sybaris,</strong></span> <span class='ocrx_word' id='word_1_341' title='bbox 3746 2091 4023 2153; x_wconf 79' lang='lat' dir='ltr'><strong>comiCns,</strong></span> 
     </span>
    </p>
   </div>
   <div class='ocr_carea' id='block_1_66' title="bbox 2424 2175 4024 2250">
    <p class='ocr_par' dir='ltr' id='par_1_66' title="bbox 2424 2175 4024 2250">
     <span class='ocr_line' id='line_1_66' title="bbox 2424 2175 4024 2250; baseline 0.006 -21"><span class='ocrx_word' id='word_1_342' title='bbox 2424 2175 2611 2230; x_wconf 85' lang='lat' dir='ltr'><strong>docuit</strong></span> <span class='ocrx_word' id='word_1_343' title='bbox 2643 2176 2854 2231; x_wconf 80' lang='lat' dir='ltr'><strong>fabulas</strong></span> <span class='ocrx_word' id='word_1_344' title='bbox 2884 2177 3139 2232; x_wconf 76' lang='lat' dir='ltr'><strong>CCXLV.</strong></span> <span class='ocrx_word' id='word_1_345' title='bbox 3174 2177 3408 2234; x_wconf 87' lang='lat' dir='ltr'><strong>Patruus</strong></span> <span class='ocrx_word' id='word_1_346' title='bbox 3456 2179 3741 2237; x_wconf 80' lang='lat' dir='ltr'><strong>Menandri</strong></span> <span class='ocrx_word' id='word_1_347' title='bbox 3795 2185 4024 2250; x_wconf 78' lang='lat' dir='ltr'><strong>comici,</strong></span> 
     </span>
    </p>
   </div>
   <div class='ocr_carea' id='block_1_67' title="bbox 2428 2264 3378 2340">
    <p class='ocr_par' dir='ltr' id='par_1_67' title="bbox 2428 2264 3378 2340">
     <span class='ocr_line' id='line_1_67' title="bbox 2428 2264 3378 2340; baseline 0.006 -22"><span class='ocrx_word' id='word_1_348' title='bbox 2428 2264 2718 2335; x_wconf 84' lang='lat' dir='ltr'><strong>Stephani,</strong></span> <span class='ocrx_word' id='word_1_349' title='bbox 2757 2267 2946 2321; x_wconf 91' lang='lat' dir='ltr'><strong>itidem</strong></span> <span class='ocrx_word' id='word_1_350' title='bbox 2975 2269 3171 2323; x_wconf 86' lang='lat' dir='ltr'><strong>comici</strong></span> <span class='ocrx_word' id='word_1_351' title='bbox 3207 2282 3378 2340; x_wconf 90' lang='lat' dir='ltr'><strong>pater.</strong></span> 
     </span>
    </p>
   </div>
   <div class='ocr_carea' id='block_1_68' title="bbox 2503 2359 4026 2438">
    <p class='ocr_par' dir='ltr' id='par_1_68' title="bbox 2503 2359 4026 2438">
     <span class='ocr_line' id='line_1_68' title="bbox 2503 2359 4026 2438; baseline 0.008 -27"><span class='ocrx_word' id='word_1_352' title='bbox 2503 2359 2779 2423; x_wconf 89' lang='lat' dir='ltr'><strong>Amelius,</strong></span> <span class='ocrx_word' id='word_1_353' title='bbox 2838 2363 3231 2431; x_wconf 86' lang='lat' dir='ltr'><strong>Apameeusis,</strong></span> <span class='ocrx_word' id='word_1_354' title='bbox 3291 2364 3688 2435; x_wconf 88' lang='lat' dir='ltr'><strong>philosophus,</strong></span> <span class='ocrx_word' id='word_1_355' title='bbox 3756 2369 4026 2438; x_wconf 85' lang='lat' dir='ltr'><strong>magister</strong></span> 
     </span>
    </p>
   </div>
   <div class='ocr_carea' id='block_1_69' title="bbox 2426 2450 3682 2528">
    <p class='ocr_par' dir='ltr' id='par_1_69' title="bbox 2426 2450 3682 2528">
     <span class='ocr_line' id='line_1_69' title="bbox 2426 2450 3682 2528; baseline 0.006 -24"><span class='ocrx_word' id='word_1_356' title='bbox 2426 2450 2736 2524; x_wconf 80' lang='lat' dir='ltr'><strong>Porphyrii,</strong></span> <span class='ocrx_word' id='word_1_357' title='bbox 2764 2455 2988 2524; x_wconf 62' lang='lat' dir='ltr'><strong>aequalis</strong></span> <span class='ocrx_word' id='word_1_358' title='bbox 3017 2457 3292 2510; x_wconf 88' lang='lat' dir='ltr'><strong>Atntnonii</strong></span> <span class='ocrx_word' id='word_1_359' title='bbox 3324 2466 3377 2511; x_wconf 85' lang='lat' dir='ltr'><strong>et</strong></span> <span class='ocrx_word' id='word_1_360' title='bbox 3410 2457 3682 2528; x_wconf 83' lang='lat' dir='ltr'><strong>Urigenis.</strong></span> 
     </span>
    </p>
   </div>
   <div class='ocr_carea' id='block_1_70' title="bbox 2499 2547 4023 2624">
    <p class='ocr_par' dir='ltr' id='par_1_70' title="bbox 2499 2547 4023 2624">
     <span class='ocr_line' id='line_1_70' title="bbox 2499 2547 4023 2624; baseline 0.005 -24"><span class='ocrx_word' id='word_1_361' title='bbox 2499 2549 2917 2608; x_wconf 85' lang='lat' dir='ltr'><strong>Ammoniauus.</strong></span> <span class='ocrx_word' id='word_1_362' title='bbox 2950 2550 3368 2618; x_wconf 88' lang='lat' dir='ltr'><strong>grammaticus,</strong></span> <span class='ocrx_word' id='word_1_363' title='bbox 3405 2547 3644 2621; x_wconf 80' lang='lat' dir='ltr'><strong>Syriani,</strong></span> <span class='ocrx_word' id='word_1_364' title='bbox 3683 2552 4023 2624; x_wconf 86' lang='lat' dir='ltr'><strong>philosophi,</strong></span> 
     </span>
    </p>
   </div>
   <div class='ocr_carea' id='block_1_71' title="bbox 2430 2636 4027 2710">
    <p class='ocr_par' dir='ltr' id='par_1_71' title="bbox 2430 2636 4027 2710">
     <span class='ocr_line' id='line_1_71' title="bbox 2430 2636 4027 2710; baseline 0 -20"><span class='ocrx_word' id='word_1_365' title='bbox 2430 2636 2770 2706; x_wconf 87' lang='lat' dir='ltr'><strong>propinquus</strong></span> <span class='ocrx_word' id='word_1_366' title='bbox 2828 2639 3019 2706; x_wconf 66' lang='grc' dir='ltr'><strong>ἠγάπα</strong></span> <span class='ocrx_word' id='word_1_367' title='bbox 3058 2639 3156 2708; x_wconf 76' lang='grc' dir='ltr'><strong>τὴν</strong></span> <span class='ocrx_word' id='word_1_368' title='bbox 3197 2639 3291 2692; x_wconf 83' lang='grc' dir='ltr'>ἐπὶ</span> <span class='ocrx_word' id='word_1_369' title='bbox 3322 2639 3564 2709; x_wconf 74' lang='grc' dir='ltr'><strong>ποιητῶν</strong></span> <span class='ocrx_word' id='word_1_370' title='bbox 3613 2639 3879 2710; x_wconf 66' lang='grc' dir='ltr'><strong>ἐξηγήσει</strong></span> <span class='ocrx_word' id='word_1_371' title='bbox 3927 2644 4027 2695; x_wconf 64' lang='grc' dir='ltr'><strong>καὶ</strong></span> 
     </span>
    </p>
   </div>
   <div class='ocr_carea' id='block_1_72' title="bbox 2424 2727 4025 2804">
    <p class='ocr_par' dir='ltr' id='par_1_72' title="bbox 2424 2727 4025 2804">
     <span class='ocr_line' id='line_1_72' title="bbox 2424 2727 4025 2804; baseline 0.001 -23"><span class='ocrx_word' id='word_1_372' title='bbox 2424 2727 2708 2798; x_wconf 84' lang='grc' dir='ltr'><strong>δ.ορθώσει</strong></span> <span class='ocrx_word' id='word_1_373' title='bbox 2734 2730 2834 2798; x_wconf 75' lang='grc' dir='ltr'><strong>τῆς</strong></span> <span class='ocrx_word' id='word_1_374' title='bbox 2870 2729 3192 2800; x_wconf 75' lang='grc' dir='ltr'><strong>Ἑλληνικῆς</strong></span> <span class='ocrx_word' id='word_1_375' title='bbox 3227 2730 3424 2796; x_wconf 77' lang='grc' dir='ltr'><strong>λέξεως</strong></span> <span class='ocrx_word' id='word_1_376' title='bbox 3446 2732 3780 2802; x_wconf 64' lang='grc' dir='ltr'><strong>καθειμένην</strong></span> <span class='ocrx_word' id='word_1_377' title='bbox 3800 2735 4025 2804; x_wconf 60' lang='grc' dir='ltr'><strong>τέχνην,</strong></span> 
     </span>
    </p>
   </div>
   <div class='ocr_carea' id='block_1_73' title="bbox 2427 2824 4024 2891">
    <p class='ocr_par' dir='ltr' id='par_1_73' title="bbox 2427 2824 4024 2891">
     <span class='ocr_line' id='line_1_73' title="bbox 2427 2824 4024 2891; baseline 0.004 -16"><span class='ocrx_word' id='word_1_378' title='bbox 2427 2833 2593 2875; x_wconf 79' lang='lat' dir='ltr'><strong>artem</strong></span> <span class='ocrx_word' id='word_1_379' title='bbox 2626 2824 2678 2876; x_wconf 82' lang='lat' dir='ltr'><strong>in</strong></span> <span class='ocrx_word' id='word_1_380' title='bbox 2732 2834 3006 2891; x_wconf 79' lang='lat' dir='ltr'><strong>poetarum</strong></span> <span class='ocrx_word' id='word_1_381' title='bbox 3058 2826 3399 2878; x_wconf 78' lang='lat' dir='ltr'><strong>enarratione</strong></span> <span class='ocrx_word' id='word_1_382' title='bbox 3453 2835 3500 2877; x_wconf 83' lang='lat' dir='ltr'><strong>et</strong></span> <span class='ocrx_word' id='word_1_383' title='bbox 3529 2824 3731 2879; x_wconf 65' lang='lat' dir='ltr'><strong>(intra:</strong></span> <span class='ocrx_word' id='word_1_384' title='bbox 3769 2830 4024 2881; x_wconf 75' lang='lat' dir='ltr'><strong>dictionis</strong></span> 
     </span>
    </p>
   </div>
   <div class='ocr_carea' id='block_1_74' title="bbox 2424 2911 4028 2990">
    <p class='ocr_par' dir='ltr' id='par_1_74' title="bbox 2424 2911 4028 2990">
     <span class='ocr_line' id='line_1_74' title="bbox 2424 2911 4028 2990; baseline 0.002 -23"><span class='ocrx_word' id='word_1_385' title='bbox 2424 2917 2786 2968; x_wconf 76' lang='lat' dir='ltr'><strong>enieudatione</strong></span> <span class='ocrx_word' id='word_1_386' title='bbox 2817 2928 3130 2986; x_wconf 84' lang='lat' dir='ltr'><strong>occupatam</strong></span> <span class='ocrx_word' id='word_1_387' title='bbox 3168 2917 3441 2988; x_wconf 83' lang='lat' dir='ltr'><strong>diligebat.</strong></span> <span class='ocrx_word' id='word_1_388' title='bbox 3483 2911 3652 2981; x_wconf 66' lang='grc' dir='ltr'><strong>Οὗτος</strong></span> <span class='ocrx_word' id='word_1_389' title='bbox 3679 2915 3748 2988; x_wconf 77' lang='grc' dir='ltr'>ἦν</span> <span class='ocrx_word' id='word_1_390' title='bbox 3792 2919 4028 2990; x_wconf 65' lang='grc' dir='ltr'><strong>Ἄμμω-</strong></span> 
     </span>
    </p>
   </div>
   <div class='ocr_carea' id='block_1_75' title="bbox 2425 3001 4028 3078">
    <p class='ocr_par' dir='ltr' id='par_1_75' title="bbox 2425 3001 4028 3078">
     <span class='ocr_line' id='line_1_75' title="bbox 2425 3001 4028 3078; baseline 0.004 -19"><span class='ocrx_word' id='word_1_391' title='bbox 2425 3009 2626 3074; x_wconf 67' lang='grc' dir='ltr'><strong>νιανός,</strong></span> <span class='ocrx_word' id='word_1_392' title='bbox 2657 3001 2701 3075; x_wconf 84' lang='grc' dir='ltr'>ᾧ</span> <span class='ocrx_word' id='word_1_393' title='bbox 2734 3010 3032 3078; x_wconf 68' lang='grc' dir='ltr'><strong>κεκτῆσθαι</strong></span> <span class='ocrx_word' id='word_1_394' title='bbox 3063 3009 3407 3078; x_wconf 76' lang='grc' dir='ltr'><strong>συμϐέϐηκεν</strong></span> <span class='ocrx_word' id='word_1_395' title='bbox 3457 3009 3576 3062; x_wconf 73' lang='grc' dir='ltr'>ὄνον</span> <span class='ocrx_word' id='word_1_396' title='bbox 3627 3025 3872 3074; x_wconf 75' lang='lat' dir='ltr'><strong>(servum</strong></span> <span class='ocrx_word' id='word_1_397' title='bbox 3925 3012 4028 3065; x_wconf 68' lang='lat' dir='ltr'><strong>hoc</strong></span> 
     </span>
    </p>
   </div>
   <div class='ocr_carea' id='block_1_76' title="bbox 2427 3101 3245 3172">
    <p class='ocr_par' dir='ltr' id='par_1_76' title="bbox 2427 3101 3245 3172">
     <span class='ocr_line' id='line_1_76' title="bbox 2427 3101 3245 3172; baseline 0.001 -19"><span class='ocrx_word' id='word_1_398' title='bbox 2427 3101 2668 3168; x_wconf 82' lang='lat' dir='ltr'><strong>nomine)</strong></span> <span class='ocrx_word' id='word_1_399' title='bbox 2717 3103 2906 3168; x_wconf 57' lang='grc' dir='ltr'><strong>σοφίας</strong></span> <span class='ocrx_word' id='word_1_400' title='bbox 2940 3103 3245 3172; x_wconf 69' lang='grc' dir='ltr'><strong>ἀκροατήν.</strong></span> 
     </span>
    </p>
   </div>
   <div class='ocr_carea' id='block_1_77' title="bbox 2499 3195 4029 3265">
    <p class='ocr_par' dir='ltr' id='par_1_77' title="bbox 2499 3195 4029 3265">
     <span class='ocr_line' id='line_1_77' title="bbox 2499 3195 4029 3265; baseline 0.003 -19"><span class='ocrx_word' id='word_1_401' title='bbox 2499 3195 2824 3251; x_wconf 84' lang='lat' dir='ltr'><strong>Ammonius</strong></span> <span class='ocrx_word' id='word_1_402' title='bbox 2853 3195 3073 3260; x_wconf 85' lang='lat' dir='ltr'><strong>Saccas,</strong></span> <span class='ocrx_word' id='word_1_403' title='bbox 3098 3195 3458 3265; x_wconf 89' lang='lat' dir='ltr'><strong>philosophus</strong></span> <span class='ocrx_word' id='word_1_404' title='bbox 3474 3196 3628 3251; x_wconf 85' lang='lat' dir='ltr'><strong>Alex.</strong></span> <span class='ocrx_word' id='word_1_405' title='bbox 3655 3211 3724 3250; x_wconf 70' lang='lat' dir='ltr'><strong>ex</strong></span> <span class='ocrx_word' id='word_1_406' title='bbox 3749 3195 4029 3252; x_wconf 83' lang='lat' dir='ltr'><strong>Christia-</strong></span> 
     </span>
    </p>
   </div>
   <div class='ocr_carea' id='block_1_78' title="bbox 2433 3288 3338 3358">
    <p class='ocr_par' dir='ltr' id='par_1_78' title="bbox 2433 3288 3338 3358">
     <span class='ocr_line' id='line_1_78' title="bbox 2433 3288 3338 3358; baseline 0 -17"><span class='ocrx_word' id='word_1_407' title='bbox 2433 3304 2504 3341; x_wconf 89' lang='lat' dir='ltr'><strong>no</strong></span> <span class='ocrx_word' id='word_1_408' title='bbox 2535 3289 2816 3353; x_wconf 88' lang='lat' dir='ltr'><strong>ethnicus,</strong></span> <span class='ocrx_word' id='word_1_409' title='bbox 2845 3297 2980 3343; x_wconf 87' lang='lat' dir='ltr'><strong>teste</strong></span> <span class='ocrx_word' id='word_1_410' title='bbox 3011 3288 3338 3358; x_wconf 80' lang='lat' dir='ltr'><strong>Porphyrio.</strong></span> 
     </span>
    </p>
   </div>
   <div class='ocr_carea' id='block_1_79' title="bbox 2496 3379 4026 3451">
    <p class='ocr_par' dir='ltr' id='par_1_79' title="bbox 2496 3379 4026 3451">
     <span class='ocr_line' id='line_1_79' title="bbox 2496 3379 4026 3451; baseline 0.003 -20"><span class='ocrx_word' id='word_1_411' title='bbox 2496 3380 2846 3442; x_wconf 83' lang='lat' dir='ltr'><strong>Ammonius,</strong></span> <span class='ocrx_word' id='word_1_412' title='bbox 2902 3381 3181 3434; x_wconf 83' lang='lat' dir='ltr'><strong>Amnionii</strong></span> <span class='ocrx_word' id='word_1_413' title='bbox 3218 3379 3310 3448; x_wconf 90' lang='lat' dir='ltr'><strong>F.,</strong></span> <span class='ocrx_word' id='word_1_414' title='bbox 3347 3381 3652 3451; x_wconf 89' lang='lat' dir='ltr'><strong>discipulus</strong></span> <span class='ocrx_word' id='word_1_415' title='bbox 3703 3382 4026 3447; x_wconf 78' lang='lat' dir='ltr'><strong>Alexandri,</strong></span> 
     </span>
    </p>
   </div>
   <div class='ocr_carea' id='block_1_80' title="bbox 2428 3471 4028 3541">
    <p class='ocr_par' dir='ltr' id='par_1_80' title="bbox 2428 3471 4028 3541">
     <span class='ocr_line' id='line_1_80' title="bbox 2428 3471 4028 3541; baseline 0.004 -20"><span class='ocrx_word' id='word_1_416' title='bbox 2428 3471 2797 3540; x_wconf 84' lang='lat' dir='ltr'><strong>gr.-.mmatici,</strong></span> <span class='ocrx_word' id='word_1_417' title='bbox 2833 3473 2926 3541; x_wconf 86' lang='lat' dir='ltr'><strong>qui</strong></span> <span class='ocrx_word' id='word_1_418' title='bbox 2958 3473 3012 3526; x_wconf 93' lang='lat' dir='ltr'><strong>in</strong></span> <span class='ocrx_word' id='word_1_419' title='bbox 3045 3474 3229 3527; x_wconf 86' lang='lat' dir='ltr'><strong>schola</strong></span> <span class='ocrx_word' id='word_1_420' title='bbox 3261 3474 3564 3528; x_wconf 88' lang='lat' dir='ltr'><strong>Aristarchi</strong></span> <span class='ocrx_word' id='word_1_421' title='bbox 3603 3488 3897 3530; x_wconf 88' lang='lat' dir='ltr'><strong>successor</strong></span> <span class='ocrx_word' id='word_1_422' title='bbox 3927 3475 4028 3529; x_wconf 86' lang='lat' dir='ltr'><strong>l&#39;eit</strong></span> 
     </span>
    </p>
   </div>
   <div class='ocr_carea' id='block_1_81' title="bbox 2431 3566 3282 3634">
    <p class='ocr_par' dir='ltr' id='par_1_81' title="bbox 2431 3566 3282 3634">
     <span class='ocr_line' id='line_1_81' title="bbox 2431 3566 3282 3634; baseline 0.001 -17"><span class='ocrx_word' id='word_1_423' title='bbox 2431 3575 2557 3618; x_wconf 86' lang='lat' dir='ltr'><strong>ante</strong></span> <span class='ocrx_word' id='word_1_424' title='bbox 2587 3566 2817 3633; x_wconf 82' lang='lat' dir='ltr'><strong>Augusti</strong></span> <span class='ocrx_word' id='word_1_425' title='bbox 2850 3566 2981 3634; x_wconf 86' lang='lat' dir='ltr'><strong>imp.</strong></span> <span class='ocrx_word' id='word_1_426' title='bbox 3017 3574 3282 3634; x_wconf 87' lang='lat' dir='ltr'><strong>tempora.</strong></span> 
     </span>
    </p>
   </div>
   <div class='ocr_carea' id='block_1_82' title="bbox 2500 3657 4029 3728">
    <p class='ocr_par' dir='ltr' id='par_1_82' title="bbox 2500 3657 4029 3728">
     <span class='ocr_line' id='line_1_82' title="bbox 2500 3657 4029 3728; baseline 0.001 -19"><span class='ocrx_word' id='word_1_427' title='bbox 2500 3658 2798 3727; x_wconf 84' lang='lat' dir='ltr'><strong>Amphion,</strong></span> <span class='ocrx_word' id='word_1_428' title='bbox 2835 3658 3083 3728; x_wconf 78' lang='lat' dir='ltr'><strong>antiqua:</strong></span> <span class='ocrx_word' id='word_1_429' title='bbox 3108 3659 3334 3712; x_wconf 70' lang='lat' dir='ltr'><strong>musica</strong></span> <span class='ocrx_word' id='word_1_430' title='bbox 3361 3657 3634 3723; x_wconf 78' lang='lat' dir='ltr'><strong>inventor,</strong></span> <span class='ocrx_word' id='word_1_431' title='bbox 3668 3657 3929 3713; x_wconf 77' lang='lat' dir='ltr'><strong>Julianus</strong></span> <span class='ocrx_word' id='word_1_432' title='bbox 3977 3662 4029 3712; x_wconf 64' lang='lat' dir='ltr'><strong>in</strong></span> 
     </span>
    </p>
   </div>
   <div class='ocr_carea' id='block_1_83' title="bbox 2433 3751 2606 3821">
    <p class='ocr_par' dir='ltr' id='par_1_83' title="bbox 2433 3751 2606 3821">
     <span class='ocr_line' id='line_1_83' title="bbox 2433 3751 2606 3821; baseline 0.006 -17"><span class='ocrx_word' id='word_1_433' title='bbox 2433 3751 2606 3821; x_wconf 80' lang='lat' dir='ltr'><strong>Epist.</strong></span> 
     </span>
    </p>
   </div>
   <div class='ocr_carea' id='block_1_84' title="bbox 2501 3843 3912 3914">
    <p class='ocr_par' dir='ltr' id='par_1_84' title="bbox 2501 3843 3912 3914">
     <span class='ocr_line' id='line_1_84' title="bbox 2501 3843 3912 3914; baseline 0.003 -18"><span class='ocrx_word' id='word_1_434' title='bbox 2501 3847 2690 3910; x_wconf 83' lang='lat' dir='ltr'><strong>Anius,</strong></span> <span class='ocrx_word' id='word_1_435' title='bbox 2723 3843 3033 3914; x_wconf 59' lang='lat' dir='ltr'><strong>Egyptius,</strong></span> <span class='ocrx_word' id='word_1_436' title='bbox 3069 3845 3123 3898; x_wconf 91' lang='lat' dir='ltr'><strong>in</strong></span> <span class='ocrx_word' id='word_1_437' title='bbox 3149 3854 3331 3899; x_wconf 88' lang='lat' dir='ltr'><strong>monte</strong></span> <span class='ocrx_word' id='word_1_438' title='bbox 3363 3844 3548 3899; x_wconf 66' lang='lat' dir='ltr'><strong>Nitriae</strong></span> <span class='ocrx_word' id='word_1_439' title='bbox 3577 3845 3912 3900; x_wconf 86' lang='lat' dir='ltr'><strong>monachus.</strong></span> 
     </span>
    </p>
   </div>
   <div class='ocr_carea' id='block_1_85' title="bbox 2500 3937 4030 4010">
    <p class='ocr_par' dir='ltr' id='par_1_85' title="bbox 2500 3937 4030 4010">
     <span class='ocr_line' id='line_1_85' title="bbox 2500 3937 4030 4010; baseline -0.002 -17"><span class='ocrx_word' id='word_1_440' title='bbox 2500 3940 2856 4003; x_wconf 81' lang='lat' dir='ltr'><strong>Anacharsis,</strong></span> <span class='ocrx_word' id='word_1_441' title='bbox 2893 3938 3060 4008; x_wconf 73' lang='lat' dir='ltr'><strong>(iuyri</strong></span> <span class='ocrx_word' id='word_1_442' title='bbox 3099 3938 3187 4000; x_wconf 85' lang='lat' dir='ltr'><strong>F.,</strong></span> <span class='ocrx_word' id='word_1_443' title='bbox 3231 3938 3456 4010; x_wconf 86' lang='lat' dir='ltr'><strong>Scytha,</strong></span> <span class='ocrx_word' id='word_1_444' title='bbox 3489 3939 3879 4008; x_wconf 86' lang='lat' dir='ltr'><strong>philosophus.</strong></span> <span class='ocrx_word' id='word_1_445' title='bbox 3921 3937 4030 3990; x_wconf 80' lang='lat' dir='ltr'><strong>fra-</strong></span> 
     </span>
    </p>
   </div>
   <div class='ocr_carea' id='block_1_86' title="bbox 2433 4031 4022 4102">
    <p class='ocr_par' dir='ltr' id='par_1_86' title="bbox 2433 4031 4022 4102">
     <span class='ocr_line' id='line_1_86' title="bbox 2433 4031 4022 4102; baseline -0.002 -18"><span class='ocrx_word' id='word_1_446' title='bbox 2433 4041 2510 4084; x_wconf 87' lang='lat' dir='ltr'><strong>ter</strong></span> <span class='ocrx_word' id='word_1_447' title='bbox 2531 4031 2771 4083; x_wconf 60' lang='lat' dir='ltr'><strong>meum</strong></span> <span class='ocrx_word' id='word_1_448' title='bbox 2801 4031 3039 4093; x_wconf 63' lang='lat' dir='ltr'><strong>Caduim,</strong></span> <span class='ocrx_word' id='word_1_449' title='bbox 3069 4032 3397 4102; x_wconf 73' lang='lat' dir='ltr'><strong>Scytharum</strong></span> <span class='ocrx_word' id='word_1_450' title='bbox 3431 4032 3590 4098; x_wconf 61' lang='lat' dir='ltr'><strong>regis,</strong></span> <span class='ocrx_word' id='word_1_451' title='bbox 3631 4042 3804 4083; x_wconf 79' lang='lat' dir='ltr'><strong>matre</strong></span> <span class='ocrx_word' id='word_1_452' title='bbox 3835 4032 4022 4085; x_wconf 64' lang='lat' dir='ltr'><strong>Graeca</strong></span> 
     </span>
    </p>
   </div>
   <div class='ocr_carea' id='block_1_87' title="bbox 2432 4122 4028 4191">
    <p class='ocr_par' dir='ltr' id='par_1_87' title="bbox 2432 4122 4028 4191">
     <span class='ocr_line' id='line_1_87' title="bbox 2432 4122 4028 4191; baseline -0.004 -14"><span class='ocrx_word' id='word_1_453' title='bbox 2432 4133 2614 4186; x_wconf 88' lang='lat' dir='ltr'><strong>natus,</strong></span> <span class='ocrx_word' id='word_1_454' title='bbox 2642 4125 2860 4190; x_wconf 86' lang='lat' dir='ltr'><strong>scripsit</strong></span> <span class='ocrx_word' id='word_1_455' title='bbox 2888 4123 3096 4191; x_wconf 67' lang='grc' dir='ltr'><strong>νΰμιμα</strong></span> <span class='ocrx_word' id='word_1_456' title='bbox 3131 4122 3354 4175; x_wconf 76' lang='grc' dir='ltr'>Σκυθῶν</span> <span class='ocrx_word' id='word_1_457' title='bbox 3390 4123 3458 4175; x_wconf 79' lang='grc' dir='ltr'><strong>δι’</strong></span> <span class='ocrx_word' id='word_1_458' title='bbox 3499 4123 3671 4186; x_wconf 79' lang='grc' dir='ltr'>ἐπῶν,</span> <span class='ocrx_word' id='word_1_459' title='bbox 3727 4125 3789 4175; x_wconf 80' lang='lat' dir='ltr'><strong>de</strong></span> <span class='ocrx_word' id='word_1_460' title='bbox 3819 4125 4028 4190; x_wconf 72' lang='lat' dir='ltr'><strong>legibus</strong></span> 
     </span>
    </p>
   </div>
   <div class='ocr_carea' id='block_1_88' title="bbox 2430 4216 4022 4287">
    <p class='ocr_par' dir='ltr' id='par_1_88' title="bbox 2430 4216 4022 4287">
     <span class='ocr_line' id='line_1_88' title="bbox 2430 4216 4022 4287; baseline -0.003 -16"><span class='ocrx_word' id='word_1_461' title='bbox 2430 4218 2691 4272; x_wconf 77' lang='lat' dir='ltr'><strong>institutis</strong></span> <span class='ocrx_word' id='word_1_462' title='bbox 2720 4216 3040 4287; x_wconf 79' lang='lat' dir='ltr'><strong>Scytharum</strong></span> <span class='ocrx_word' id='word_1_463' title='bbox 3073 4233 3230 4272; x_wconf 78' lang='lat' dir='ltr'><strong>versu</strong></span> <span class='ocrx_word' id='word_1_464' title='bbox 3266 4218 3509 4272; x_wconf 84' lang='lat' dir='ltr'><strong>heroico.</strong></span> <span class='ocrx_word' id='word_1_465' title='bbox 3564 4221 3697 4287; x_wconf 68' lang='grc' dir='ltr'><strong>Περὶ</strong></span> <span class='ocrx_word' id='word_1_466' title='bbox 3737 4217 4022 4273; x_wconf 61' lang='grc' dir='ltr'><strong>εὐτελείας</strong></span> 
     </span>
    </p>
   </div>
   <div class='ocr_carea' id='block_1_89' title="bbox 2429 4309 4031 4380">
    <p class='ocr_par' dir='ltr' id='par_1_89' title="bbox 2429 4309 4031 4380">
     <span class='ocr_line' id='line_1_89' title="bbox 2429 4309 4031 4380; baseline -0.002 -18"><span class='ocrx_word' id='word_1_467' title='bbox 2429 4313 2538 4363; x_wconf 82' lang='grc' dir='ltr'><strong>τῶν</strong></span> <span class='ocrx_word' id='word_1_468' title='bbox 2593 4313 2673 4374; x_wconf 86' lang='grc' dir='ltr'><strong>εἰς</strong></span> <span class='ocrx_word' id='word_1_469' title='bbox 2729 4312 2821 4362; x_wconf 79' lang='grc' dir='ltr'><strong>τὸν</strong></span> <span class='ocrx_word' id='word_1_470' title='bbox 2870 4310 3216 4380; x_wconf 79' lang='grc' dir='ltr'>ἀνθρώπινον</span> <span class='ocrx_word' id='word_1_471' title='bbox 3259 4309 3392 4380; x_wconf 77' lang='grc' dir='ltr'><strong>βίον,</strong></span> <span class='ocrx_word' id='word_1_472' title='bbox 3443 4313 3509 4364; x_wconf 86' lang='lat' dir='ltr'><strong>de</strong></span> <span class='ocrx_word' id='word_1_473' title='bbox 3559 4312 3878 4380; x_wconf 73' lang='lat' dir='ltr'><strong>frugalitate</strong></span> <span class='ocrx_word' id='word_1_474' title='bbox 3913 4313 4031 4361; x_wconf 80' lang='lat' dir='ltr'><strong>rita:</strong></span> 
     </span>
    </p>
   </div>
   <div class='ocr_carea' id='block_1_90' title="bbox 2430 4402 4024 4473">
    <p class='ocr_par' dir='ltr' id='par_1_90' title="bbox 2430 4402 4024 4473">
     <span class='ocr_line' id='line_1_90' title="bbox 2430 4402 4024 4473; baseline -0.003 -18"><span class='ocrx_word' id='word_1_475' title='bbox 2430 4406 2699 4465; x_wconf 66' lang='lat' dir='ltr'><strong>humanm,</strong></span> <span class='ocrx_word' id='word_1_476' title='bbox 2726 4418 2917 4473; x_wconf 86' lang='lat' dir='ltr'><strong>poema</strong></span> <span class='ocrx_word' id='word_1_477' title='bbox 2942 4403 3220 4458; x_wconf 86' lang='lat' dir='ltr'><strong>heroicum</strong></span> <span class='ocrx_word' id='word_1_478' title='bbox 3243 4403 3492 4457; x_wconf 80' lang='lat' dir='ltr'><strong>versibus</strong></span> <span class='ocrx_word' id='word_1_479' title='bbox 3529 4402 3720 4455; x_wconf 67' lang='lat' dir='ltr'><strong>DCCC.</strong></span> <span class='ocrx_word' id='word_1_480' title='bbox 3749 4404 4024 4456; x_wconf 75' lang='lat' dir='ltr'><strong>Auroram</strong></span> 
     </span>
    </p>
   </div>
   <div class='ocr_carea' id='block_1_91' title="bbox 2431 4495 4036 4566">
    <p class='ocr_par' dir='ltr' id='par_1_91' title="bbox 2431 4495 4036 4566">
     <span class='ocr_line' id='line_1_91' title="bbox 2431 4495 4036 4566; baseline -0.004 -15"><span class='ocrx_word' id='word_1_481' title='bbox 2431 4508 2485 4551; x_wconf 86' lang='lat' dir='ltr'><strong>et</strong></span> <span class='ocrx_word' id='word_1_482' title='bbox 2547 4510 2722 4550; x_wconf 86' lang='lat' dir='ltr'><strong>rotam</strong></span> <span class='ocrx_word' id='word_1_483' title='bbox 2785 4495 3024 4566; x_wconf 89' lang='lat' dir='ltr'><strong>liglinam</strong></span> <span class='ocrx_word' id='word_1_484' title='bbox 3083 4497 3315 4561; x_wconf 79' lang='lat' dir='ltr'><strong>invenit,</strong></span> <span class='ocrx_word' id='word_1_485' title='bbox 3390 4495 3629 4564; x_wconf 73' lang='lat' dir='ltr'><strong>risitque</strong></span> <span class='ocrx_word' id='word_1_486' title='bbox 3690 4496 4036 4563; x_wconf 63' lang='lat' dir='ltr'><strong>temporibus</strong></span> 
     </span>
    </p>
   </div>
   <div class='ocr_carea' id='block_1_92' title="bbox 808 4582 2782 4661">
    <p class='ocr_par' dir='ltr' id='par_1_92' title="bbox 808 4582 2782 4661">
     <span class='ocr_line' id='line_1_92' title="bbox 808 4582 2782 4661; baseline -0.005 -19"><span class='ocrx_word' id='word_1_487' title='bbox 808 4587 1133 4653; x_wconf 63' lang='lat' dir='ltr'><strong>Alexander,</strong></span> <span class='ocrx_word' id='word_1_488' title='bbox 1155 4585 1551 4648; x_wconf 85' lang='lat' dir='ltr'><strong>Antiochenus,</strong></span> <span class='ocrx_word' id='word_1_489' title='bbox 1586 4595 1708 4654; x_wconf 88' lang='lat' dir='ltr'><strong>post</strong></span> <span class='ocrx_word' id='word_1_490' title='bbox 1730 4583 2093 4655; x_wconf 88' lang='lat' dir='ltr'><strong>Porphyrium</strong></span> <span class='ocrx_word' id='word_1_491' title='bbox 2116 4582 2330 4650; x_wconf 85' lang='lat' dir='ltr'><strong>episco-</strong></span> <span class='ocrx_word' id='word_1_492' title='bbox 2364 4607 2404 4661; x_wconf 71' lang='grc' dir='ltr'>υ</span> <span class='ocrx_word' id='word_1_493' title='bbox 2436 4590 2638 4653; x_wconf 61' lang='lat' dir='ltr'><strong>(gl-(Esi,</strong></span> <span class='ocrx_word' id='word_1_494' title='bbox 2677 4597 2782 4644; x_wconf 64' lang='lat' dir='ltr'><strong>ego,</strong></span> 
     </span>
    </p>
   </div>
   <div class='ocr_carea' id='block_1_93' title="bbox 739 4673 2329 4752">
    <p class='ocr_par' dir='ltr' id='par_1_93' title="bbox 739 4673 2329 4752">
     <span class='ocr_line' id='line_1_93' title="bbox 739 4673 2329 4752; baseline -0.005 -18"><span class='ocrx_word' id='word_1_495' title='bbox 739 4697 868 4752; x_wconf 90' lang='lat' dir='ltr'><strong>pus,</strong></span> <span class='ocrx_word' id='word_1_496' title='bbox 918 4680 1260 4749; x_wconf 89' lang='lat' dir='ltr'><strong>temporibus</strong></span> <span class='ocrx_word' id='word_1_497' title='bbox 1291 4677 1696 4750; x_wconf 75' lang='lat' dir='ltr'><strong>(Lhrysostomi,</strong></span> <span class='ocrx_word' id='word_1_498' title='bbox 1723 4678 1945 4740; x_wconf 87' lang='lat' dir='ltr'><strong>virtute,</strong></span> <span class='ocrx_word' id='word_1_499' title='bbox 1987 4673 2329 4744; x_wconf 85' lang='lat' dir='ltr'><strong>philosophia</strong></span> 
     </span>
    </p>
   </div>
   <div class='ocr_carea' id='block_1_94' title="bbox 736 4774 1422 4845">
    <p class='ocr_par' dir='ltr' id='par_1_94' title="bbox 736 4774 1422 4845">
     <span class='ocr_line' id='line_1_94' title="bbox 736 4774 1422 4845; baseline -0.003 -15"><span class='ocrx_word' id='word_1_500' title='bbox 736 4785 791 4830; x_wconf 89' lang='lat' dir='ltr'><strong>ct</strong></span> <span class='ocrx_word' id='word_1_501' title='bbox 822 4775 1136 4845; x_wconf 89' lang='lat' dir='ltr'><strong>eloquentia</strong></span> <span class='ocrx_word' id='word_1_502' title='bbox 1172 4774 1422 4844; x_wconf 84' lang='lat' dir='ltr'><strong>insignis.</strong></span> 
     </span>
    </p>
   </div>
   <div class='ocr_carea' id='block_1_95' title="bbox 812 4861 2064 4935">
    <p class='ocr_par' dir='ltr' id='par_1_95' title="bbox 812 4861 2064 4935">
     <span class='ocr_line' id='line_1_95' title="bbox 812 4861 2064 4935; baseline -0.006 -14"><span class='ocrx_word' id='word_1_503' title='bbox 812 4868 1139 4930; x_wconf 78' lang='lat' dir='ltr'><strong>Alexander,</strong></span> <span class='ocrx_word' id='word_1_504' title='bbox 1181 4864 1650 4935; x_wconf 81' lang='lat' dir='ltr'><strong>AplirodiSIensis,</strong></span> <span class='ocrx_word' id='word_1_505' title='bbox 1683 4861 2064 4934; x_wconf 87' lang='lat' dir='ltr'><strong>philosophus.</strong></span> 
     </span>
    </p>
   </div>
   <div class='ocr_carea' id='block_1_96' title="bbox 806 4950 2329 5020">
    <p class='ocr_par' dir='ltr' id='par_1_96' title="bbox 806 4950 2329 5020">
     <span class='ocr_line' id='line_1_96' title="bbox 806 4950 2329 5020; baseline -0.005 -8"><span class='ocrx_word' id='word_1_506' title='bbox 806 4959 1137 5020; x_wconf 78' lang='lat' dir='ltr'><strong>Alexander,</strong></span> <span class='ocrx_word' id='word_1_507' title='bbox 1175 4955 1450 5010; x_wconf 89' lang='lat' dir='ltr'><strong>Casilonis</strong></span> <span class='ocrx_word' id='word_1_508' title='bbox 1503 4955 1592 5019; x_wconf 88' lang='lat' dir='ltr'><strong>F.,</strong></span> <span class='ocrx_word' id='word_1_509' title='bbox 1640 4956 1846 5016; x_wconf 80' lang='lat' dir='ltr'><strong>rhetor,</strong></span> <span class='ocrx_word' id='word_1_510' title='bbox 1887 4954 2050 5006; x_wconf 79' lang='lat' dir='ltr'><strong>frater</strong></span> <span class='ocrx_word' id='word_1_511' title='bbox 2088 4950 2329 5012; x_wconf 77' lang='lat' dir='ltr'><strong>Eusebii,</strong></span> 
     </span>
    </p>
   </div>
   <div class='ocr_carea' id='block_1_97' title="bbox 744 5047 1594 5118">
    <p class='ocr_par' dir='ltr' id='par_1_97' title="bbox 744 5047 1594 5118">
     <span class='ocr_line' id='line_1_97' title="bbox 744 5047 1594 5118; baseline -0.006 -11"><span class='ocrx_word' id='word_1_512' title='bbox 744 5051 1004 5115; x_wconf 73' lang='lat' dir='ltr'><strong>rhetoris,</strong></span> <span class='ocrx_word' id='word_1_513' title='bbox 1035 5047 1243 5102; x_wconf 81' lang='lat' dir='ltr'><strong>Juliani</strong></span> <span class='ocrx_word' id='word_1_514' title='bbox 1270 5049 1594 5118; x_wconf 62' lang='lat' dir='ltr'><strong>discipulus.</strong></span> 
     </span>
    </p>
   </div>
   <div class='ocr_carea' id='block_1_98' title="bbox 811 5141 1701 5207">
    <p class='ocr_par' dir='ltr' id='par_1_98' title="bbox 811 5141 1701 5207">
     <span class='ocr_line' id='line_1_98' title="bbox 811 5141 1701 5207; baseline -0.001 -8"><span class='ocrx_word' id='word_1_515' title='bbox 811 5143 1140 5207; x_wconf 78' lang='lat' dir='ltr'><strong>Alexander,</strong></span> <span class='ocrx_word' id='word_1_516' title='bbox 1167 5141 1450 5205; x_wconf 85' lang='lat' dir='ltr'><strong>Claudius,</strong></span> <span class='ocrx_word' id='word_1_517' title='bbox 1491 5141 1701 5198; x_wconf 89' lang='lat' dir='ltr'><strong>rhetor.</strong></span> 
     </span>
    </p>
   </div>
   <div class='ocr_carea' id='block_1_99' title="bbox 807 5234 2334 5305">
    <p class='ocr_par' dir='ltr' id='par_1_99' title="bbox 807 5234 2334 5305">
     <span class='ocr_line' id='line_1_99' title="bbox 807 5234 2334 5305; baseline -0.007 -12"><span class='ocrx_word' id='word_1_518' title='bbox 807 5236 1135 5302; x_wconf 73' lang='lat' dir='ltr'><strong>Alexander,</strong></span> <span class='ocrx_word' id='word_1_519' title='bbox 1179 5234 1642 5305; x_wconf 84' lang='lat' dir='ltr'><strong>liierapolitanus,</strong></span> <span class='ocrx_word' id='word_1_520' title='bbox 1678 5235 1846 5303; x_wconf 87' lang='lat' dir='ltr'><strong>cpisc.</strong></span> <span class='ocrx_word' id='word_1_521' title='bbox 1867 5244 1922 5288; x_wconf 92' lang='lat' dir='ltr'><strong>et</strong></span> <span class='ocrx_word' id='word_1_522' title='bbox 1948 5241 2176 5304; x_wconf 80' lang='lat' dir='ltr'><strong>martyr,</strong></span> <span class='ocrx_word' id='word_1_523' title='bbox 2201 5234 2334 5285; x_wconf 84' lang='lat' dir='ltr'><strong>scri-</strong></span> 
     </span>
    </p>
   </div>
   <div class='ocr_carea' id='block_1_100' title="bbox 743 5326 2332 5404">
    <p class='ocr_par' dir='ltr' id='par_1_100' title="bbox 743 5326 2332 5404">
     <span class='ocr_line' id='line_1_100' title="bbox 743 5326 2332 5404; baseline -0.004 -20"><span class='ocrx_word' id='word_1_524' title='bbox 743 5334 873 5404; x_wconf 86' lang='lat' dir='ltr'><strong>psit,</strong></span> <span class='ocrx_word' id='word_1_525' title='bbox 905 5333 953 5384; x_wconf 79' lang='grc' dir='ltr'><strong>τξ</strong></span> <span class='ocrx_word' id='word_1_526' title='bbox 1001 5330 1185 5383; x_wconf 75' lang='grc' dir='ltr'>καινὸν</span> <span class='ocrx_word' id='word_1_527' title='bbox 1217 5329 1503 5399; x_wconf 74' lang='grc' dir='ltr'><strong>εἰσήνεγκε</strong></span> <span class='ocrx_word' id='word_1_528' title='bbox 1561 5329 1795 5399; x_wconf 78' lang='grc' dir='ltr'><strong>Χριστὸς</strong></span> <span class='ocrx_word' id='word_1_529' title='bbox 1832 5329 1911 5390; x_wconf 82' lang='grc' dir='ltr'><strong>εἰς</strong></span> <span class='ocrx_word' id='word_1_530' title='bbox 1963 5327 2053 5378; x_wconf 71' lang='grc' dir='ltr'><strong>τὸν</strong></span> <span class='ocrx_word' id='word_1_531' title='bbox 2105 5326 2332 5394; x_wconf 71' lang='grc' dir='ltr'><strong>κόσμον,</strong></span> 
     </span>
    </p>
   </div>
   <div class='ocr_carea' id='block_1_101' title="bbox 745 5418 2332 5494">
    <p class='ocr_par' dir='ltr' id='par_1_101' title="bbox 745 5418 2332 5494">
     <span class='ocr_line' id='line_1_101' title="bbox 745 5418 2332 5494; baseline -0.008 -13"><span class='ocrx_word' id='word_1_532' title='bbox 745 5425 1014 5494; x_wconf 68' lang='grc' dir='ltr'>κεφάλαια</span> <span class='ocrx_word' id='word_1_533' title='bbox 1041 5421 1142 5484; x_wconf 79' lang='grc' dir='ltr'><strong>ϐ’..</strong></span> <span class='ocrx_word' id='word_1_534' title='bbox 1173 5423 1236 5476; x_wconf 82' lang='lat' dir='ltr'><strong>dc</strong></span> <span class='ocrx_word' id='word_1_535' title='bbox 1266 5429 1415 5474; x_wconf 80' lang='lat' dir='ltr'><strong>rebus</strong></span> <span class='ocrx_word' id='word_1_536' title='bbox 1451 5423 1617 5483; x_wconf 82' lang='lat' dir='ltr'><strong>novis,</strong></span> <span class='ocrx_word' id='word_1_537' title='bbox 1649 5437 1779 5491; x_wconf 85' lang='lat' dir='ltr'><strong>quas</strong></span> <span class='ocrx_word' id='word_1_538' title='bbox 1813 5418 2057 5474; x_wconf 75' lang='lat' dir='ltr'><strong>Christus</strong></span> <span class='ocrx_word' id='word_1_539' title='bbox 2089 5419 2146 5471; x_wconf 88' lang='lat' dir='ltr'><strong>in</strong></span> <span class='ocrx_word' id='word_1_540' title='bbox 2179 5435 2332 5470; x_wconf 80' lang='lat' dir='ltr'><strong>inuu-</strong></span> 
     </span>
    </p>
   </div>
   <div class='ocr_carea' id='block_1_102' title="bbox 745 5511 2336 5586">
    <p class='ocr_par' dir='ltr' id='par_1_102' title="bbox 745 5511 2336 5586">
     <span class='ocr_line' id='line_1_102' title="bbox 745 5511 2336 5586; baseline -0.004 -14"><span class='ocrx_word' id='word_1_541' title='bbox 745 5524 872 5573; x_wconf 79' lang='lat' dir='ltr'><strong>dum</strong></span> <span class='ocrx_word' id='word_1_542' title='bbox 908 5517 1111 5582; x_wconf 87' lang='lat' dir='ltr'><strong>intulit,</strong></span> <span class='ocrx_word' id='word_1_543' title='bbox 1149 5518 1323 5586; x_wconf 77' lang='lat' dir='ltr'><strong>Capita</strong></span> <span class='ocrx_word' id='word_1_544' title='bbox 1373 5514 1474 5580; x_wconf 73' lang='lat' dir='ltr'><strong>IX,</strong></span> <span class='ocrx_word' id='word_1_545' title='bbox 1525 5516 1720 5568; x_wconf 88' lang='lat' dir='ltr'><strong>librum</strong></span> <span class='ocrx_word' id='word_1_546' title='bbox 1771 5512 2004 5583; x_wconf 73' lang='lat' dir='ltr'><strong>egregiis</strong></span> <span class='ocrx_word' id='word_1_547' title='bbox 2051 5511 2336 5566; x_wconf 86' lang='lat' dir='ltr'><strong>sententiis</strong></span> 
     </span>
    </p>
   </div>
   <div class='ocr_carea' id='block_1_103' title="bbox 748 5613 1035 5669">
    <p class='ocr_par' dir='ltr' id='par_1_103' title="bbox 748 5613 1035 5669">
     <span class='ocr_line' id='line_1_103' title="bbox 748 5613 1035 5669; baseline -0.017 0"><span class='ocrx_word' id='word_1_548' title='bbox 748 5613 1035 5669; x_wconf 84' lang='lat' dir='ltr'><strong>refertum.</strong></span> 
     </span>
    </p>
   </div>
   <div class='ocr_carea' id='block_1_104' title="bbox 821 5759 2340 5834">
    <p class='ocr_par' dir='ltr' id='par_1_104' title="bbox 821 5759 2340 5834">
     <span class='ocr_line' id='line_1_104' title="bbox 821 5759 2340 5834; baseline -0.005 -14"><span class='ocrx_word' id='word_1_549' title='bbox 821 5765 930 5834; x_wconf 79' lang='lat'><strong>(5|)</strong></span> <span class='ocrx_word' id='word_1_550' title='bbox 963 5764 1230 5819; x_wconf 80' lang='lat' dir='ltr'><strong>Kusterus</strong></span> <span class='ocrx_word' id='word_1_551' title='bbox 1267 5764 1412 5818; x_wconf 89' lang='lat' dir='ltr'><strong>lnmc</strong></span> <span class='ocrx_word' id='word_1_552' title='bbox 1443 5761 1758 5834; x_wconf 82' lang='lat' dir='ltr'><strong>Cornelium</strong></span> <span class='ocrx_word' id='word_1_553' title='bbox 1790 5759 2163 5834; x_wconf 58' lang='lat' dir='ltr'><strong>Alexandrum</strong></span> <span class='ocrx_word' id='word_1_554' title='bbox 2207 5774 2340 5834; x_wconf 84' lang='lat' dir='ltr'><strong>con-</strong></span> 
     </span>
    </p>
   </div>
   <div class='ocr_carea' id='block_1_105' title="bbox 751 5829 2333 5902">
    <p class='ocr_par' dir='ltr' id='par_1_105' title="bbox 751 5829 2333 5902">
     <span class='ocr_line' id='line_1_105' title="bbox 751 5829 2333 5902; baseline -0.004 -12"><span class='ocrx_word' id='word_1_555' title='bbox 751 5829 926 5891; x_wconf 81' lang='lat' dir='ltr'><strong>fundit</strong></span> <span class='ocrx_word' id='word_1_556' title='bbox 944 5852 1065 5889; x_wconf 86' lang='lat' dir='ltr'><strong>cum</strong></span> <span class='ocrx_word' id='word_1_557' title='bbox 1091 5837 1264 5889; x_wconf 88' lang='lat' dir='ltr'><strong>altero</strong></span> <span class='ocrx_word' id='word_1_558' title='bbox 1280 5833 1660 5902; x_wconf 79' lang='lat' dir='ltr'><strong>longejuniore</strong></span> <span class='ocrx_word' id='word_1_559' title='bbox 1677 5831 2008 5893; x_wconf 77' lang='lat' dir='ltr'><strong>Alexandro,</strong></span> <span class='ocrx_word' id='word_1_560' title='bbox 2037 5829 2333 5900; x_wconf 79' lang='lat' dir='ltr'><strong>Cotyamsi,</strong></span> 
     </span>
    </p>
   </div>
   <div class='ocr_carea' id='block_1_106' title="bbox 750 5903 2336 5976">
    <p class='ocr_par' dir='ltr' id='par_1_106' title="bbox 750 5903 2336 5976">
     <span class='ocr_line' id='line_1_106' title="bbox 750 5903 2336 5976; baseline -0.008 -13"><span class='ocrx_word' id='word_1_561' title='bbox 750 5923 816 5963; x_wconf 72' lang='lat' dir='ltr'><strong>ex</strong></span> <span class='ocrx_word' id='word_1_562' title='bbox 851 5907 1186 5976; x_wconf 64' lang='lat' dir='ltr'><strong>Asclepiadis:</strong></span> <span class='ocrx_word' id='word_1_563' title='bbox 1239 5906 1426 5960; x_wconf 84' lang='lat' dir='ltr'><strong>schola</strong></span> <span class='ocrx_word' id='word_1_564' title='bbox 1462 5903 1840 5972; x_wconf 84' lang='lat' dir='ltr'><strong>grammatico,</strong></span> <span class='ocrx_word' id='word_1_565' title='bbox 1917 5905 2078 5972; x_wconf 83' lang='lat' dir='ltr'><strong>cujus</strong></span> <span class='ocrx_word' id='word_1_566' title='bbox 2128 5903 2336 5954; x_wconf 86' lang='lat' dir='ltr'><strong>obitum</strong></span> 
     </span>
    </p>
   </div>
   <div class='ocr_carea' id='block_1_107' title="bbox 2504 4679 4035 4752">
    <p class='ocr_par' dir='ltr' id='par_1_107' title="bbox 2504 4679 4035 4752">
     <span class='ocr_line' id='line_1_107' title="bbox 2504 4679 4035 4752; baseline 0 -18"><span class='ocrx_word' id='word_1_567' title='bbox 2504 4683 2816 4746; x_wconf 89' lang='lat' dir='ltr'><strong>Anacreon,</strong></span> <span class='ocrx_word' id='word_1_568' title='bbox 2855 4682 3042 4745; x_wconf 85' lang='lat' dir='ltr'><strong>Teius,</strong></span> <span class='ocrx_word' id='word_1_569' title='bbox 3083 4680 3304 4752; x_wconf 90' lang='lat' dir='ltr'><strong>lyricus,</strong></span> <span class='ocrx_word' id='word_1_570' title='bbox 3358 4679 3605 4750; x_wconf 85' lang='lat' dir='ltr'><strong>Scytliini</strong></span> <span class='ocrx_word' id='word_1_571' title='bbox 3665 4681 3757 4747; x_wconf 87' lang='lat' dir='ltr'><strong>(al.</strong></span> <span class='ocrx_word' id='word_1_572' title='bbox 3795 4682 4035 4745; x_wconf 84' lang='lat' dir='ltr'><strong>Ennieli,</strong></span> 
     </span>
    </p>
   </div>
   <div class='ocr_carea' id='block_1_108' title="bbox 2436 4774 4035 4845">
    <p class='ocr_par' dir='ltr' id='par_1_108' title="bbox 2436 4774 4035 4845">
     <span class='ocr_line' id='line_1_108' title="bbox 2436 4774 4035 4845; baseline 0.002 -17"><span class='ocrx_word' id='word_1_573' title='bbox 2436 4774 2714 4830; x_wconf 84' lang='lat' dir='ltr'><strong>Paitlu-nii</strong></span> <span class='ocrx_word' id='word_1_574' title='bbox 2780 4779 2858 4831; x_wconf 88' lang='lat' dir='ltr'><strong>vel</strong></span> <span class='ocrx_word' id='word_1_575' title='bbox 2915 4777 3251 4845; x_wconf 80' lang='lat' dir='ltr'><strong>Aristoeriti)</strong></span> <span class='ocrx_word' id='word_1_576' title='bbox 3312 4777 3497 4840; x_wconf 79' lang='lat' dir='ltr'><strong>illius,</strong></span> <span class='ocrx_word' id='word_1_577' title='bbox 3556 4777 3795 4830; x_wconf 86' lang='lat' dir='ltr'><strong>dialecto</strong></span> <span class='ocrx_word' id='word_1_578' title='bbox 3851 4778 4035 4832; x_wconf 53' lang='lat' dir='ltr'><strong>lenita</strong></span> 
     </span>
    </p>
   </div>
   <div class='ocr_carea' id='block_1_109' title="bbox 2435 4869 4036 4941">
    <p class='ocr_par' dir='ltr' id='par_1_109' title="bbox 2435 4869 4036 4941">
     <span class='ocr_line' id='line_1_109' title="bbox 2435 4869 4036 4941; baseline 0.002 -20"><span class='ocrx_word' id='word_1_579' title='bbox 2435 4869 2890 4939; x_wconf 81' lang='lat' dir='ltr'><strong>scripsitelegias.</strong></span> <span class='ocrx_word' id='word_1_580' title='bbox 2919 4869 3175 4941; x_wconf 76' lang='grc' dir='ltr'>παροίνια.</span> <span class='ocrx_word' id='word_1_581' title='bbox 3215 4869 3371 4938; x_wconf 72' lang='grc' dir='ltr'><strong>μέλη,</strong></span> <span class='ocrx_word' id='word_1_582' title='bbox 3428 4869 3544 4922; x_wconf 82' lang='lat' dir='ltr'><strong>sive</strong></span> <span class='ocrx_word' id='word_1_583' title='bbox 3590 4873 3854 4933; x_wconf 83' lang='lat' dir='ltr'><strong>carmina,</strong></span> <span class='ocrx_word' id='word_1_584' title='bbox 3912 4888 4036 4937; x_wconf 63' lang='lat' dir='ltr'><strong>gua-</strong></span> 
     </span>
    </p>
   </div>
   <div class='ocr_carea' id='block_1_110' title="bbox 2436 4960 4041 5030">
    <p class='ocr_par' dir='ltr' id='par_1_110' title="bbox 2436 4960 4041 5030">
     <span class='ocr_line' id='line_1_110' title="bbox 2436 4960 4041 5030; baseline 0.003 -20"><span class='ocrx_word' id='word_1_585' title='bbox 2436 4961 2574 5013; x_wconf 85' lang='lat' dir='ltr'><strong>inter</strong></span> <span class='ocrx_word' id='word_1_586' title='bbox 2606 4962 2797 5030; x_wconf 80' lang='lat' dir='ltr'><strong>pocula</strong></span> <span class='ocrx_word' id='word_1_587' title='bbox 2829 4961 3205 5024; x_wconf 78' lang='lat' dir='ltr'><strong>conlabantur,</strong></span> <span class='ocrx_word' id='word_1_588' title='bbox 3238 4969 3287 5012; x_wconf 89' lang='lat' dir='ltr'><strong>ct</strong></span> <span class='ocrx_word' id='word_1_589' title='bbox 3323 4960 3546 5022; x_wconf 83' lang='lat' dir='ltr'><strong>iambos,</strong></span> <span class='ocrx_word' id='word_1_590' title='bbox 3580 4968 3632 5012; x_wconf 89' lang='lat' dir='ltr'><strong>et</strong></span> <span class='ocrx_word' id='word_1_591' title='bbox 3667 4976 3789 5027; x_wconf 77' lang='lat' dir='ltr'><strong>qua:</strong></span> <span class='ocrx_word' id='word_1_592' title='bbox 3831 4976 4041 5014; x_wconf 68' lang='lat' dir='ltr'><strong>iocan-</strong></span> 
     </span>
    </p>
   </div>
   <div class='ocr_carea' id='block_1_111' title="bbox 2437 5049 4040 5122">
    <p class='ocr_par' dir='ltr' id='par_1_111' title="bbox 2437 5049 4040 5122">
     <span class='ocr_line' id='line_1_111' title="bbox 2437 5049 4040 5122; baseline -0.001 -16"><span class='ocrx_word' id='word_1_593' title='bbox 2437 5049 2524 5106; x_wconf 87' lang='lat' dir='ltr'><strong>tur</strong></span> <span class='ocrx_word' id='word_1_594' title='bbox 2555 5054 2962 5106; x_wconf 71' lang='lat' dir='ltr'><strong>Anacreontica.</strong></span> <span class='ocrx_word' id='word_1_595' title='bbox 3005 5053 3154 5106; x_wconf 74' lang='lat' dir='ltr'><strong>Vixit</strong></span> <span class='ocrx_word' id='word_1_596' title='bbox 3204 5062 3444 5121; x_wconf 88' lang='lat' dir='ltr'><strong>tempore</strong></span> <span class='ocrx_word' id='word_1_597' title='bbox 3470 5049 3800 5122; x_wconf 78' lang='lat' dir='ltr'><strong>Polycratis,</strong></span> <span class='ocrx_word' id='word_1_598' title='bbox 3859 5053 4040 5107; x_wconf 79' lang='lat' dir='ltr'><strong>Samii</strong></span> 
     </span>
    </p>
   </div>
   <div class='ocr_carea' id='block_1_112' title="bbox 2438 5142 4044 5217">
    <p class='ocr_par' dir='ltr' id='par_1_112' title="bbox 2438 5142 4044 5217">
     <span class='ocr_line' id='line_1_112' title="bbox 2438 5142 4044 5217; baseline 0.002 -18"><span class='ocrx_word' id='word_1_599' title='bbox 2438 5147 2651 5217; x_wconf 79' lang='lat' dir='ltr'><strong>tyranni</strong></span> <span class='ocrx_word' id='word_1_600' title='bbox 2708 5148 2852 5200; x_wconf 85' lang='lat' dir='ltr'><strong>circa</strong></span> <span class='ocrx_word' id='word_1_601' title='bbox 2883 5147 3085 5216; x_wconf 88' lang='lat' dir='ltr'><strong>olymp.</strong></span> <span class='ocrx_word' id='word_1_602' title='bbox 3132 5143 3196 5199; x_wconf 82' lang='lat' dir='ltr'><strong>LI</strong></span> <span class='ocrx_word' id='word_1_603' title='bbox 3228 5145 3341 5213; x_wconf 90' lang='lat' dir='ltr'><strong>(alii</strong></span> <span class='ocrx_word' id='word_1_604' title='bbox 3373 5142 3464 5198; x_wconf 85' lang='lat' dir='ltr'><strong>LII</strong></span> <span class='ocrx_word' id='word_1_605' title='bbox 3503 5153 3752 5213; x_wconf 81' lang='lat' dir='ltr'><strong>tempore</strong></span> <span class='ocrx_word' id='word_1_606' title='bbox 3807 5145 3935 5216; x_wconf 80' lang='lat' dir='ltr'><strong>Cyri</strong></span> <span class='ocrx_word' id='word_1_607' title='bbox 3989 5162 4044 5202; x_wconf 86' lang='lat' dir='ltr'><strong>et</strong></span> 
     </span>
    </p>
   </div>
   <div class='ocr_carea' id='block_1_113' title="bbox 2437 5239 4045 5312">
    <p class='ocr_par' dir='ltr' id='par_1_113' title="bbox 2437 5239 4045 5312">
     <span class='ocr_line' id='line_1_113' title="bbox 2437 5239 4045 5312; baseline 0.001 -18"><span class='ocrx_word' id='word_1_608' title='bbox 2437 5240 2765 5312; x_wconf 69' lang='lat' dir='ltr'><strong>Cambysae).</strong></span> <span class='ocrx_word' id='word_1_609' title='bbox 2800 5240 2909 5296; x_wconf 89' lang='lat' dir='ltr'><strong>Teo</strong></span> <span class='ocrx_word' id='word_1_610' title='bbox 2937 5241 3132 5312; x_wconf 88' lang='lat' dir='ltr'><strong>pulsus</strong></span> <span class='ocrx_word' id='word_1_611' title='bbox 3156 5241 3226 5294; x_wconf 94' lang='lat' dir='ltr'><strong>ob</strong></span> <span class='ocrx_word' id='word_1_612' title='bbox 3255 5239 3460 5295; x_wconf 77' lang='lat' dir='ltr'><strong>Histizei</strong></span> <span class='ocrx_word' id='word_1_613' title='bbox 3496 5241 3825 5295; x_wconf 84' lang='lat' dir='ltr'><strong>seditionem</strong></span> <span class='ocrx_word' id='word_1_614' title='bbox 3853 5243 4045 5296; x_wconf 59' lang='lat' dir='ltr'><strong>Alide-</strong></span> 
     </span>
    </p>
   </div>
   <div class='ocr_carea' id='block_1_114' title="bbox 2441 5333 3346 5404">
    <p class='ocr_par' dir='ltr' id='par_1_114' title="bbox 2441 5333 3346 5404">
     <span class='ocr_line' id='line_1_114' title="bbox 2441 5333 3346 5404; baseline 0.001 -16"><span class='ocrx_word' id='word_1_615' title='bbox 2441 5351 2496 5388; x_wconf 89' lang='lat' dir='ltr'><strong>ra</strong></span> <span class='ocrx_word' id='word_1_616' title='bbox 2540 5338 2730 5389; x_wconf 89' lang='lat' dir='ltr'><strong>urbem</strong></span> <span class='ocrx_word' id='word_1_617' title='bbox 2772 5333 3022 5388; x_wconf 77' lang='lat' dir='ltr'><strong>Thraciae</strong></span> <span class='ocrx_word' id='word_1_618' title='bbox 3073 5333 3346 5404; x_wconf 80' lang='lat' dir='ltr'><strong>migravit.</strong></span> 
     </span>
    </p>
   </div>
   <div class='ocr_carea' id='block_1_115' title="bbox 2510 5423 3816 5493">
    <p class='ocr_par' dir='ltr' id='par_1_115' title="bbox 2510 5423 3816 5493">
     <span class='ocr_line' id='line_1_115' title="bbox 2510 5423 3816 5493; baseline 0.002 -16"><span class='ocrx_word' id='word_1_619' title='bbox 2510 5426 2835 5478; x_wconf 85' lang='lat' dir='ltr'><strong>Anastasius</strong></span> <span class='ocrx_word' id='word_1_620' title='bbox 2857 5465 2871 5486; x_wconf 92' lang='lat'><strong>,</strong></span> <span class='ocrx_word' id='word_1_621' title='bbox 2911 5424 3258 5478; x_wconf 88' lang='lat' dir='ltr'><strong>Silentiarius</strong></span> <span class='ocrx_word' id='word_1_622' title='bbox 3280 5464 3293 5487; x_wconf 91' lang='lat'><strong>,</strong></span> <span class='ocrx_word' id='word_1_623' title='bbox 3325 5423 3458 5493; x_wconf 91' lang='lat' dir='ltr'><strong>imp.</strong></span> <span class='ocrx_word' id='word_1_624' title='bbox 3498 5423 3816 5480; x_wconf 64' lang='lat' dir='ltr'><strong>haereticus.</strong></span> 
     </span>
    </p>
   </div>
   <div class='ocr_carea' id='block_1_116' title="bbox 2511 5517 4050 5591">
    <p class='ocr_par' dir='ltr' id='par_1_116' title="bbox 2511 5517 4050 5591">
     <span class='ocr_line' id='line_1_116' title="bbox 2511 5517 4050 5591; baseline 0.005 -23"><span class='ocrx_word' id='word_1_625' title='bbox 2511 5520 2887 5586; x_wconf 74' lang='lat' dir='ltr'><strong>Anaxagoras,</strong></span> <span class='ocrx_word' id='word_1_626' title='bbox 2922 5517 3168 5586; x_wconf 81' lang='lat' dir='ltr'><strong>scphista</strong></span> <span class='ocrx_word' id='word_1_627' title='bbox 3201 5518 3279 5582; x_wconf 89' lang='lat' dir='ltr'><strong>(id</strong></span> <span class='ocrx_word' id='word_1_628' title='bbox 3307 5529 3390 5572; x_wconf 89' lang='lat' dir='ltr'><strong>est</strong></span> <span class='ocrx_word' id='word_1_629' title='bbox 3421 5518 3829 5588; x_wconf 83' lang='lat' dir='ltr'><strong>philosOphus,)</strong></span> <span class='ocrx_word' id='word_1_630' title='bbox 3861 5522 4050 5591; x_wconf 76' lang='lat' dir='ltr'><strong>Hege-</strong></span> 
     </span>
    </p>
   </div>
   <div class='ocr_carea' id='block_1_117' title="bbox 2441 5603 4044 5677">
    <p class='ocr_par' dir='ltr' id='par_1_117' title="bbox 2441 5603 4044 5677">
     <span class='ocr_line' id='line_1_117' title="bbox 2441 5603 4044 5677; baseline 0.002 -17"><span class='ocrx_word' id='word_1_631' title='bbox 2441 5605 2604 5661; x_wconf 88' lang='lat' dir='ltr'><strong>sibuli</strong></span> <span class='ocrx_word' id='word_1_632' title='bbox 2629 5603 2690 5660; x_wconf 58' lang='grc' dir='ltr'><strong>μ’.</strong></span> <span class='ocrx_word' id='word_1_633' title='bbox 2711 5605 3114 5672; x_wconf 84' lang='lat' dir='ltr'><strong>Clazomenius,</strong></span> <span class='ocrx_word' id='word_1_634' title='bbox 3135 5608 3556 5677; x_wconf 82' lang='lat' dir='ltr'><strong>cognominatus</strong></span> <span class='ocrx_word' id='word_1_635' title='bbox 3577 5609 3702 5672; x_wconf 72' lang='grc' dir='ltr'>νοῦς</span> <span class='ocrx_word' id='word_1_636' title='bbox 3724 5614 3841 5666; x_wconf 81' lang='lat' dir='ltr'><strong>sire</strong></span> <span class='ocrx_word' id='word_1_637' title='bbox 3856 5609 3913 5664; x_wconf 73' lang='grc'><strong>11</strong></span> <span class='ocrx_word' id='word_1_638' title='bbox 3919 5629 4044 5676; x_wconf 76' lang='lat' dir='ltr'><strong>ens,</strong></span> 
     </span>
    </p>
   </div>
   <div class='ocr_carea' id='block_1_118' title="bbox 2440 5757 4047 5818">
    <p class='ocr_par' dir='ltr' id='par_1_118' title="bbox 2440 5757 4047 5818">
     <span class='ocr_line' id='line_1_118' title="bbox 2440 5757 4047 5818; baseline 0.002 -4"><span class='ocrx_word' id='word_1_639' title='bbox 2440 5770 2496 5814; x_wconf 91' lang='lat' dir='ltr'><strong>et</strong></span> <span class='ocrx_word' id='word_1_640' title='bbox 2524 5757 2713 5814; x_wconf 90' lang='lat' dir='ltr'><strong>laudes</strong></span> <span class='ocrx_word' id='word_1_641' title='bbox 2748 5759 2951 5814; x_wconf 86' lang='lat' dir='ltr'><strong>diserta</strong></span> <span class='ocrx_word' id='word_1_642' title='bbox 2987 5760 3236 5814; x_wconf 87' lang='lat' dir='ltr'><strong>oratione</strong></span> <span class='ocrx_word' id='word_1_643' title='bbox 3265 5760 3546 5816; x_wconf 81' lang='lat' dir='ltr'><strong>decoravit</strong></span> <span class='ocrx_word' id='word_1_644' title='bbox 3573 5762 3867 5818; x_wconf 82' lang='lat' dir='ltr'><strong>Aristides.</strong></span> <span class='ocrx_word' id='word_1_645' title='bbox 3904 5762 4047 5818; x_wconf 66' lang='lat' dir='ltr'><strong>Vide</strong></span> 
     </span>
    </p>
   </div>
   <div class='ocr_carea' id='block_1_119' title="bbox 2443 5830 4046 5902">
    <p class='ocr_par' dir='ltr' id='par_1_119' title="bbox 2443 5830 4046 5902">
     <span class='ocr_line' id='line_1_119' title="bbox 2443 5830 4046 5902; baseline 0.002 -22"><span class='ocrx_word' id='word_1_646' title='bbox 2443 5846 2562 5902; x_wconf 74' lang='lat' dir='ltr'><strong>qua:</strong></span> <span class='ocrx_word' id='word_1_647' title='bbox 2593 5830 2793 5902; x_wconf 83' lang='lat' dir='ltr'><strong>dehoc</strong></span> <span class='ocrx_word' id='word_1_648' title='bbox 2819 5830 3042 5899; x_wconf 87' lang='lat' dir='ltr'><strong>juniore</strong></span> <span class='ocrx_word' id='word_1_649' title='bbox 3081 5831 3520 5902; x_wconf 71' lang='lat' dir='ltr'><strong>Alexandrodivi</strong></span> <span class='ocrx_word' id='word_1_650' title='bbox 3558 5835 3652 5886; x_wconf 86' lang='lat' dir='ltr'><strong>tib.</strong></span> <span class='ocrx_word' id='word_1_651' title='bbox 3678 5848 3753 5895; x_wconf 75' lang='grc' dir='ltr'><strong>ιν,</strong></span> <span class='ocrx_word' id='word_1_652' title='bbox 3795 5848 3917 5902; x_wconf 78' lang='lat' dir='ltr'><strong>cap.</strong></span> <span class='ocrx_word' id='word_1_653' title='bbox 3953 5833 4046 5887; x_wconf 74' lang='lat'><strong>&#39;57.</strong></span> 
     </span>
    </p>
   </div>
   <div class='ocr_carea' id='block_1_120' title="bbox 2447 5899 3197 5972">
    <p class='ocr_par' dir='ltr' id='par_1_120' title="bbox 2447 5899 3197 5972">
     <span class='ocr_line' id='line_1_120' title="bbox 2447 5899 3197 5972; baseline -0.027 0"><span class='ocrx_word' id='word_1_654' title='bbox 2447 5899 2593 5972; x_wconf 60' lang='lat' dir='ltr'><strong>il’aso</strong></span> <span class='ocrx_word' id='word_1_655' title='bbox 2628 5901 2691 5953; x_wconf 75' lang='grc' dir='ltr'><strong><em>Π</em></strong></span> <span class='ocrx_word' id='word_1_656' title='bbox 2725 5916 2808 5971; x_wconf 79' lang='lat' dir='ltr'><strong>sq.</strong></span> <span class='ocrx_word' id='word_1_657' title='bbox 2841 5904 2894 5956; x_wconf 89' lang='lat' dir='ltr'><strong>in</strong></span> <span class='ocrx_word' id='word_1_658' title='bbox 2926 5902 3026 5956; x_wconf 89' lang='lat' dir='ltr'><strong>hoc</strong></span> <span class='ocrx_word' id='word_1_659' title='bbox 3063 5899 3197 5972; x_wconf 70' lang='lat' dir='ltr'><strong>voL}</strong></span> 
     </span>
    </p>
   </div>
  </div>
