4182 6526
192 407 311 467 1221

1433 394 1528 453 ΒΕ
1568 394 1854 461 QUIBUS
1893 394 2191 454 SUIDAS.

3334 387 3467 453 1222

192 519 446 573 Periclem
476 516 599 569 licet
632 528 811 567 causa:
853 525 965 566 sua
1004 519 1197 564 nactus
1225 520 1515 580 patronum
1545 508 1774 561 Athenis
1809 514 1847 567 Α
1881 508 1971 562 sed
2000 507 2145 561 illius
2174 517 2228 559 et
2255 504 2602 559 Stesimhrott
2638 505 2894 558 auditor:
2950 506 3082 561 vixit
3116 514 3242 562 ante
3290 506 3455 563 Plato-

193 616 396 682 pnlsus,
430 608 713 679 Lampsaci
750 607 913 659 vitam
949 602 1123 657 ﬁnivit
1153 602 1357 667 inedia,
1391 609 1497 653 etc.
1534 600 1651 652 vide
1696 598 1773 650 iti-

194 706 268 758 fl'a
312 704 370 754 Ἀ
382 700 585 752 πώλων
596 716 669 760 ιος
681 741 691 750 .

263 795 697 854 Anaxandrides,
729 788 1041 843 Anaxmdri
1074 786 1114 839 F
1146 828 1161 852 ,
1195 801 1224 837 θ
1260 784 1478 838 Catniro
1508 784 1771 844 Rhodius,

192 892 269 945 vel
291 935 304 957 ,
337 901 393 945 ut
424 890 514 944 alii
538 929 551 951 ,
585 886 957 955 CoIOphonius
980 924 992 945 ,
1024 881 1169 935 ludis
1199 879 1431 949 Philip"i
1466 878 1777 931 Macedonis

191 987 395 1057 olymp.
431 982 554 1047 tOt,
585 981 865 1042 interfuit,
895 978 1223 1046 scripsitque
1266 974 1566 1029 commdias
1610 968 1776 1033 LXV,

189 1094 252 1130 ex
282 1076 482 1145 quibus
516 1071 644 1127 vicit
681 1070 742 1123 Χ.
779 1069 995 1123 Primus
1023 1081 1240 1121 amores
1275 1066 1327 1119 in
1357 1078 1577 1120 scenam
1608 1065 1776 1114 intro-

189 1172 367 1224 duxit.

261 1261 542 1319 Anaxilas,
576 1256 817 1311 comicus
843 1262 1020 1324 poeta.

258 1350 687 1407 Anaximander.
717 1346 996 1400 Praxiada-
1014 1343 1100 1409 F.,
1132 1340 1374 1394 Milesius
1396 1337 1775 1409 philosophus,

189 1450 478 1511 cognatus,
510 1440 817 1507 discipulus
854 1446 907 1491 ct
940 1450 1227 1489 successor
1260 1433 1520 1487 Thaletis.
1564 1432 1779 1485 Primus

187 1533 577 1601 :cquinoctium
622 1527 861 1591 invenit,
905 1534 958 1579 et
979 1525 1210 1579 solstitia
1257 1534 1311 1577 et
1364 1521 1672 1591 horologia,
1727 1530 1781 1572 et

187 1635 395 1677 terram
419 1621 471 1674 in
492 1621 671 1675 medio
707 1618 894 1673 tnundi
920 1621 1077 1673 sitam
1100 1630 1240 1671 esse.
1281 1613 1585 1666 Gnomonis
1616 1612 1777 1665 etiam

188 1733 349 1771 usum
378 1714 769 1777 introduxit,et
796 1711 1141 1781 γεωμετρίας
1173 1706 1525 1759 ὑποτύπωσιν
1558 1705 1776 1769 ἔδειξεν,

187 1809 504 1876 geometrie
538 1806 940 1860 institutionem
978 1800 1222 1854 tradidit.
1255 1797 1487 1867 Scripsit
1513 1800 1642 1865 περὶ
1673 1796 1767 1863 φά.

190 1920 357 1963 σεως,
404 1902 468 1954 de
520 1910 715 1952 natura
762 1911 984 1950 rerum:
1021 1896 1128 1964 γῆς
1160 1894 1429 1963 περίοδον,
1465 1891 1775 1959 descriptio-

188 2011 309 2046 nun
346 2004 518 2045 terrm.
560 1992 688 2059 περὶ
717 1990 825 2044 τῶν
852 1987 1111 2042 ἀπλανῶν
1140 1987 1235 2040 καὶ
1277 1988 1533 2054 σφαῖραν,
1564 1984 1626 2036 de
1655 1982 1781 2035 stel-

188 2089 260 2139 lis
297 2087 420 2153 lixis
454 2096 504 2136 et
537 2084 797 2152 spharram
821 2123 834 2144 ,
871 2081 1107 2150 aliaque.

268 2178 698 2240 Anaximander,
742 2173 1133 2226 Anaximandri
1166 2171 1254 2235 F.,
1285 2169 1547 2234 Milesius,
1578 2170 1781 2239 junior,

190 2272 518 2331 historicus,
540 2268 879 2337 temporibus
904 2265 1226 2317 Artaxerxis
1245 2262 1569 2317 Mnemonis.
1635 2262 1786 2315 Scri-

192 2366 308 2435 psit
344 2363 632 2432 συμόὀὶων
666 2360 1054 2429 Πυθαγορείων
1103 2359 1399 2427 ἐξήγηπιν,
1428 2357 1786 2426 symbolarum

191 2457 679 2526 Pythagoricorum
707 2455 1215 2521 interpretationem.

265 2548 639 2600 Anaximenes
659 2585 673 2609 ,
703 2543 939 2598 Eustrali
983 2541 1069 2606 F.,
1095 2542 1360 2604 Milesius,
1394 2539 1750 2608 philosophus
1769 2578 1783 2603 ,

191 2640 506 2707 discipulus
539 2650 593 2691 et
629 2653 915 2691 successor
944 2633 1377 2698 Anaximandri,
1432 2632 1620 2685 Milesii
1648 2672 1660 2694 ,
1702 2632 1785 2685 vel

192 2745 258 2788 ut
288 2732 402 2795 alii,
432 2728 794 2783 Parmenidis.
824 2726 963 2781 Vixit
992 2723 1299 2793 olynpiade
1324 2721 1433 2777 LV.
1480 2739 1585 2792 qua
1610 2721 1787 2793 Cyrus

191 2825 451 2878 Crmsum
490 2836 657 2890 regno
684 2820 856 2873 exuit.

270 2917 662 2978 Anaximenes,
695 2912 985 2967 Aristoclis
1019 2909 1104 2974 Β,
1137 2909 1547 2978 Lampsacenus
1569 2947 1582 2971 ,
1604 2915 1791 2960 orator

186 3022 251 3066 et
282 3008 590 3076 diseipulus
618 3006 871 3074 Diogenis
900 3003 1099 3066 Canis,
1136 3011 1190 3053 et
1222 2999 1395 3066 Zoili,
1446 2999 1787 3067 Amphipoli-

190 3105 313 3156 tatti
339 3143 352 3165 ,
379 3102 716 3168 gt'attttnatici
743 3142 756 3163 ,
786 3108 1081 3165 pt'mceplnr
1120 3096 1407 3148 Alcmindri
1443 3093 1751 3147 MaCedOniS
1772 3131 1786 3154 ,

187 3214 222 3252 a
275 3213 388 3267 quo
436 3194 624 3263 patria:
672 3209 782 3246 sua:
825 3193 1038 3244 veniam
1081 3200 1135 3243 ct
1169 3191 1397 3243 salutem
1452 3185 1784 3255 impetravit.

1882 618 2025 655 nem.
2070 600 2152 670 (ν.
2189 599 2402 654 KuStcri
2436 600 2574 664 not.)

1952 694 2333 756 Antimachus,
2370 693 2804 763 Heliopolitanus
2842 694 3150 763 Egyptius,
3209 695 3303 765 qui
3335 695 3471 749 scri-

1882 786 1987 853 psit
2020 787 2393 852 Κοσμοποιῒαν
2422 788 2669 842 versibus
2699 787 2929 840 heroicis
2957 787 3112 840 3780.

1951 879 2328 940 Antimachus,
2355 892 2511 947 poeta
2533 881 2779 941 melicos,
2817 880 2997 933 dictus
3020 880 3215 947 ψεκᾶς,
3244 881 3469 949 perinde

1882 985 1939 1028 ut
1980 974 2091 1043 (59.)
2139 971 2457 1043 Olympicus
2507 976 2751 1042 quidam,
2800 977 2943 1043 quod
2995 976 3295 1044 discipulus
3342 992 3470 1032 suos

1883 1065 2026 1117 inter
2068 1066 2447 1120 ilisSeretrlum
2494 1080 2878 1133 eurisperaeret
2919 1084 2981 1121 ac
3027 1069 3278 1121 minutim
3334 1084 3471 1122 con-

1881 1167 2116 1224 spueret.
2150 1158 2430 1211 liceretnm
2456 1156 2600 1218 fecit,
2636 1157 2905 1210 neminem
2940 1160 2991 1210 in
3022 1175 3182 1212 scena
3221 1159 3472 1213 nomina-

1882 1251 1976 1301 tim
2030 1264 2055 1297 a
2101 1252 2324 1302 etrmicis
2377 1249 2869 1316 perstringendum.
2909 1248 3195 1319 [Quinque
3224 1252 3472 1304 Antima-

1882 1342 2004 1393 clios
2031 1341 2226 1393 Suidas
2260 1342 2523 1394 nominat.
2558 1352 2593 1394 ι.
2631 1342 2667 1403 l,
2710 1357 2828 1411 pag.
2856 1342 2982 1400 223.
3017 1344 3104 1395 uhi
3142 1361 3191 1396 γ,
3220 1341 3472 1416 [msice]

1952 1434 2277 1500 Antimhns,
2306 1434 2463 1496 Cilix,
2491 1431 2754 1501 Cynicum
2805 1449 2863 1487 se
2889 1433 3271 1503 phiIOSnphum
3304 1437 3478 1490 simu-

1884 1528 2002 1582 lans
2042 1540 2094 1579 et
2138 1526 2439 1580 honoribus
2471 1537 2661 1579 auctus
2693 1543 2720 1579 a
2760 1528 2961 1580 Severo
3005 1538 3057 1580 ct
3087 1531 3362 1583 Antonino
3408 1531 3474 1584 ad

1885 1622 2208 1687 Tiridatem,
2236 1630 2285 1675 et
2318 1638 2438 1675 cum
2482 1636 2548 1673 co
2594 1621 2657 1673 ad
2712 1620 2940 1675 Parthos
2991 1621 3319 1696 transfugit;
3351 1625 3477 1678 hinc

1884 1711 1913 1761 ὁ
1937 1710 2266 1779 Abduci-1);,
2304 1711 2603 1779 transfuga,
2638 1710 2815 1764 dictus
2848 1722 2951 1765 est.

1960 1801 2265 1865 Antipater,
2285 1797 2456 1851 Joalai
2475 1797 2533 1851 F.
2548 1840 2560 1862 ,
2580 1799 2883 1863 disripulus
2899 1800 3223 1861 Aristotelis,
3243 1801 3479 1855 Alexan-

1887 1892 1969 1945 dri
2007 1890 2075 1943 51.
2114 1892 2221 1944 dux
2257 1902 2309 1943 et
2334 1892 2529 1945 deinde
2561 1908 2653 1944 rex
2693 1890 3057 1955 Macedonia);
3097 1895 3318 1963 reliquit
3350 1895 3476 1965 Epi-

1887 1984 2154 2039 stolarum
2196 1984 2539 2053 σύγγραμμοι
2598 1986 2753 2038 libris
2803 1986 3037 2050 duohus,
3092 1995 3145 2040 et
3193 1988 3476 2042 histOriam

1888 2077 1986 2137 τὰς
2021 2074 2320 2143 Περδίκκου
2350 2076 2578 2145 πράξεις
2622 2077 2942 2146 Ἰλλυρικάς.

1964 2170 2263 2238 Antipater,
2314 2168 2521 2222 Nicolai
2571 2169 2919 2233 Damasceni,
2976 2170 3247 2233 historici,
3301 2182 3476 2241 pater,

1891 2264 2227 2318 Stratonices
2260 2266 2511 2328 maritus,
2537 2264 2848 2333 eloquentia
2881 2264 3135 2332 poilehat,
3162 2282 3269 2333 qua
3301 2268 3480 2321 nemi-

1893 2373 2013 2412 nem
2051 2357 2209 2420 lzesit,
2241 2358 2427 2425 patria:
2458 2369 2510 2411 et
2541 2357 2755 2413 civibus
2790 2356 3012 2426 profuit.

1963 2449 2337 2517 Antiphanes,
2396 2450 2778 2514 Atheniensis,
2829 2451 3097 2511 Comicus,
3145 2452 3331 2520 jnuior
3379 2453 3483 2507 Pa-

1893 2546 2074 2596 metio.

1965 2639 2306 2707 Antiphanes
2336 2638 2641 2708 Carystius,
2683 2638 2849 2691 Trani
2883 2636 2922 2690 F
2954 2677 2969 2703 ,
2997 2635 3311 2709 Thespidis,
3364 2650 3482 2694 tra-

1894 2731 2020 2801 gici,
2058 2744 2320 2799 tempore,
2353 2732 2600 2784 comicus
2631 2732 2927 2800 antiquior.

1965 2822 2341 2891 Antiphanes,
2381 2822 2747 2891 Demophanis
2784 2823 2863 2877 vel
2894 2823 3154 2892 Stephani
3192 2822 3251 2877 F.
3289 2824 3482 2897 Smyr-

1895 2930 2067 2978 nzcus,
2099 2915 2200 2977 vel,
2234 2930 2298 2967 ex
2332 2913 2573 2985 Dionysii
2610 2917 2902 2979 sententia,
2940 2916 3203 2980 Rhodius,
3237 2918 3483 2972 comicus

1895 3008 2087 3061 media:
2124 3009 2424 3070 commilite,
2459 3025 2523 3061 ex
2565 3010 2828 3063 servitute
2859 3012 3252 3074 manumiSsus,
3284 3012 3485 3065 (lar-uit

1896 3100 2039 3153 circa
2067 3101 2272 3169 olymp.
2328 3100 2514 3163 XCIII,
2565 3101 2791 3169 scripsit
2843 3104 3141 3157 conimdias
3185 3102 3480 3157 CCCLXV.

1895 3191 1977 3243 vel
2008 3202 2064 3245 ut
2094 3193 2183 3244 alii
2212 3191 2516 3256 CCLXXX,
2540 3194 2776 3263 vicitque
2804 3194 2985 3249 decies
3017 3205 3120 3249 ter.
3149 3196 3343 3249 Filium
3385 3198 3483 3249 ha-

186 3251 562 3356 Theopoinpo
612 3287 665 3339 in
708 3286 895 3339 odium
944 3284 1264 3337 addueendo
1308 3282 1505 3335 librum
1548 3279 1789 3347 vulgmit
1816 3251 1856 3309 Ο
1896 3280 2013 3334 buit
2050 3281 2385 3348 Stephanum
2419 3251 2727 3345 comicnui,
2760 3284 2893 3339 obiit
2932 3286 2982 3339 in
3016 3285 3151 3351 Cio,
3189 3288 3307 3356 piro
3340 3286 3481 3342 forte

185 3383 305 3439 sub
339 3381 483 3434 nlius
520 3379 742 3433 nomine
769 3381 1029 3432 adversus
1058 3375 1420 3429 Athenienses
1452 3382 1506 3425 et
1536 3370 1791 3424 Lacedae-

188 3489 460 3538 monios,
515 3473 836 3539 συγγραφὴν
890 3470 1131 3539 λοίδορον
1175 3470 1231 3530 ἐς
1284 3468 1346 3518 τὸ
1395 3465 1791 3536 ἀκριϐέστατον

191 3568 618 3641 μιμῑσάμενος,
680 3565 1031 3617 historiarum
1068 3560 1409 3631 Theopompi
1463 3557 1789 3612 maledicunt]

186 3662 405 3731 stylum
441 3667 696 3711 accurate
732 3656 996 3711 imitatus.

272 3753 607 3811 Andocides,
631 3748 1003 3809 Atheniensis,
1037 3745 1265 3816 Leogori
1308 3741 1394 3807 F.,
1437 3759 1578 3797 unus
1606 3758 1667 3795 ex
1703 3742 1795 3796 dc-

179 3862 317 3904 cem
361 3844 693 3906 oratoribus,
722 3856 892 3909 genus
921 3839 1124 3892 ducens
1160 3852 1188 3889 a
1209 3834 1559 3896 Telemacho,
1585 3830 1793 3902 Ulyssis

178 3942 315 3993 tilio
355 3946 409 3989 et
443 3933 712 3988 Nausicaa
737 3971 751 3995 ,
786 3940 844 3985 ut
877 3932 1040 3983 tradit
1073 3928 1417 3986 Hellanicus.

269 4025 664 4089 Androclides,
704 4023 919 4093 Synesii
974 4022 1107 4090 Lydi
1172 4019 1663 4087 Philadelphiensis
1707 4019 1794 4080 F.,

175 4136 452 4190 tempore
512 4116 839 4185 Porphyrii,
895 4111 1234 4183 philosophi,
1283 4111 1511 4176 docuit,
1564 4112 1795 4179 ejusque

172 4216 455 4272 uteminit
482 4213 532 4265 in
562 4212 806 4262 oratione
837 4208 899 4259 de
926 4208 1007 4259 sui
1048 4205 1295 4271 temporis
1322 4204 1646 4256 doctoribus.

272 4303 697 4360 Andromachus
723 4317 785 4355 ex
813 4299 1035 4369 Neapoli
1069 4298 1239 4369 Syria:
1259 4336 1272 4361 ,
1315 4296 1553 4365 sophista
1579 4334 1592 4358 ,
1632 4293 1794 4347 Zona?

168 4402 286 4456 vel
320 4397 513 4452 Sabini
539 4393 600 4450 F.
644 4395 827 4449 docuit
850 4391 1183 4446 Nicomediae
1214 4390 1552 4459 temporibus
1587 4386 1795 4441 Diocle-

166 4493 337 4549 tiani
378 4493 509 4559 imp.

1896 3390 2213 3444 pereussus,
2261 3393 2407 3430 anno
2442 3379 2619 3432 aitalis
2651 3377 2890 3434 LXXIV.

1968 3470 2269 3539 Antiphon,
2300 3470 2673 3535 Atheniensis,
2717 3475 3145 3545 τερατοσκόπος,
3198 3476 3482 3545 prodigio-

1898 3579 2017 3615 rum
2069 3565 2382 3632 c0njector,
2446 3580 2603 3634 poeta
2652 3569 2840 3635 cpiens
2886 3578 2939 3620 et
2979 3569 3222 3635 sOphista
3259 3586 3271 3622 :
3304 3571 3487 3625 dictus

1898 3656 2291 3725 λογομὰγειρος
2314 3662 2468 3725 quasi
2498 3676 2799 3712 sermonum
2825 3676 3046 3729 coquum
3070 3662 3296 3714 dixeris.
3324 3661 3487 3716 Eunt-

1896 3750 2015 3801 dem
2052 3766 2171 3803 esse
2208 3760 2358 3817 puto,
2387 3766 2549 3820 quem
2601 3750 2763 3820 paido
2798 3765 2918 3820 post
2952 3754 3327 3823 ὀνειροκρίτην
3359 3754 3483 3809 Sui-

1895 3840 1992 3893 das
2030 3851 2184 3893 vocat
2220 3851 2273 3894 et
2307 3844 2435 3912 περὶ
2482 3843 2715 3911 κρίσεως
2762 3843 2990 3913 ὀνείρων
3041 3845 3104 3896 de
3152 3848 3484 3899 somniorum

1890 3931 2116 3998 judiciis
2151 3932 2225 3985 ait
2252 3933 2565 3999 scripsisse.

1968 4024 2268 4091 Antiphon,
2295 4022 2503 4092 Suphili
2527 4022 2614 4089 F.,
2642 4024 3014 4084 Atheniensis.
3051 4027 3249 4094 populo
3287 4027 3485 4081 Itham-

1898 4115 2111 4177 nusius,
2144 4116 2471 4179 cognomine
2499 4114 2715 4176 Nestor,
2747 4124 2871 4183 post
2903 4114 3160 4180 Gorgiam
3190 4116 3244 4170 in
3278 4117 3482 4173 forensi

1898 4204 2110 4257 dicendi
2146 4220 2343 4274 genere
2390 4207 2645 4259 excelluit
2672 4244 2688 4271 ,
2716 4206 2982 4273 magister
3009 4206 3367 4278 Thucydidis.
3403 4208 3481 4283 [v.

1899 4298 2114 4353 Kustcri
2150 4298 2289 4371 not.]

1974 4394 2350 4457 Antisthenes,
2404 4402 2554 4462 patre
2598 4394 2944 4463 cognomine,
2995 4394 3367 4461 Atheniensis,
3416 4413 3483 4452 ex

1900 4496 2119 4540 oratore
2160 4486 2519 4555 philosophus
2552 4484 2895 4551 Socraticus,
2925 4486 3321 4555 Peripateticus
3373 4492 3487 4560 prio

270 4586 620 4649 Androtion,
658 4579 936 4635 Andronis
962 4578 1107 4632 iilius
1131 4574 1512 4637 Atheniensis,
1543 4583 1727 4628 orator
1747 4581 1801 4627 ct
1834 4600 1878 4654 ι)
1905 4596 2052 4633 mttm
2086 4580 2285 4643 dictus,
2318 4581 2511 4633 deinde
2565 4581 2618 4633 in
2667 4582 2980 4650 Cynosarge
3030 4581 3237 4647 docuit,
3266 4582 3489 4651 Cynij
3536 4568 3542 4573 ’

163 4688 541 4748 cletnagoigus
562 4715 576 4736 .
608 4674 859 4728 Isocratis
890 4673 1209 4739 discipulus.

273 4774 569 4841 Angelius,
610 4765 847 4818 Valentis
878 4775 1120 4832 tempore
1146 4762 1434 4830 episcopus
1466 4757 1630 4813 CPol.

256 4865 584 4927 Anniceris,
613 4871 804 4916 auctor
827 4873 986 4913 seetm
1013 4858 1337 4919 Attiiiceriw,
1364 4864 1605 4923 tempore
1632 4853 1797 4908 Alex—

160 4962 365 5020 andri
393 4959 465 5011 Μ.
502 4958 798 5026 Cyrena-us
820 4993 833 5015 ,
873 4950 1228 5019 philosophus
1256 4948 1547 5015 epieureus
1585 4946 1762 5001 factus
1783 4987 1797 5011 ,

153 5056 307 5115 etsi
337 5052 621 5104 Pal-allata:
648 5046 840 5100 fuisset
867 5043 1166 5111 discipulus
1188 5081 1201 5105 ,
1228 5041 1321 5110 qui
1363 5039 1647 5093 audiverat
1678 5040 1802 5091 Ari-

151 5168 193 5209 s
240 5152 471 5216 ippum.
505 5137 1065 5193 FraterAnnieeridis
1092 5134 1379 5199 Nicoteles,
1421 5134 1796 5203 piliiUSOpitUS.

150 5234 520 5305 Discipulus
554 5232 813 5293 celebris,
845 5227 1193 5282 Posidonius.

258 5327 667 5395 Antigenides,
701 5321 877 5392 Satyri
915 5318 1000 5384 F.,
1037 5319 1350 5383 Thebanus,
1381 5316 1645 5378 mUsicus,
1673 5314 1797 5368 tibi-
1870 5382 1873 5385 ν

147 5442 307 5487 εει]
357 5418 665 5474 Philoxcni.
724 5415 957 5485 Scripsit
1009 5415 1181 5484 μέλη,
1238 5411 1477 5463 carmina
1527 5408 1797 5467 (modulis

142 5520 458 5579 animata
490 5510 763 5578 musicis.)

253 5606 681 5669 Antimachus,
728 5603 1135 5673 Colophonius,
1188 5597 1463 5671 llyparchi
1502 5595 1585 5659 F.,
1613 5611 1797 5667 gram-

139 5703 450 5767 maticus
484 5705 541 5753 et
567 5708 747 5768 poeta.
786 5696 1099 5766 Panyasidis
1121 5735 1135 5760 ,
1173 5704 1340 5764 poeta:
1366 5732 1379 5757 ,
1421 5706 1529 5745 non
1581 5704 1793 5752 servus,

1902 4688 2062 4727 sirczae
2093 4675 2363 4743 princeps,
2395 4671 2675 4742 Diogenis,
2706 4673 2921 4744 Cynici,
2968 4685 3286 4745 prmeeptor.
3336 4675 3487 4731 Scri-

1901 4768 2009 4835 psit
2041 4774 2216 4819 tomos
2249 4764 2314 4832 Χ,
2368 4766 2603 4832 primum
2652 4766 2946 4835 magicum,
2979 4766 3032 4819 in
3060 4782 3171 4837 quo
3203 4779 3389 4823 narrat
3420 4769 3489 4823 de

1904 4854 2217 4919 Zoroastre,
2247 4858 2531 4924 sapientia:
2557 4867 2855 4926 repertore.
2880 4855 3036 4910 lianc
3053 4859 3335 4913 Aristoteli
3359 4860 3485 4929 qui-

1905 4946 2051 5009 dam,
2083 4946 2173 4999 alii
2210 4944 2479 4999 lihodioni
2516 4948 2780 5001 tribuunt.

1972 5038 2258 5104 Antonius,
2284 5039 2709 5105 Alexandrinus,
2746 5039 2907 5095 Gaza:
2932 5049 2986 5095 et
3014 5040 3257 5113 Byzantii
3290 5055 3489 5098 causas

1904 5131 2033 5199 egit,
2064 5132 2239 5185 sacris
2270 5132 2471 5202 alioqui
2507 5132 2745 5187 maxime
2774 5132 3026 5200 deditus,
3077 5134 3149 5188 ita
3194 5141 3254 5186 ut
3282 5130 3487 5189 Gazam

1906 5223 2153 5277 redderet
2186 5224 2601 5293 religiosiorem.

1974 5316 2207 5386 Anytus,
2241 5317 2622 5372 Anthemionis
2652 5314 2739 5384 F.,
2768 5318 3142 5384 Atheniensis,
3169 5328 3372 5374 orator.

1973 5412 2207 5480 Apelles,
2238 5412 2636 5481 Colophonius,
2674 5411 2850 5483 Pythii
2880 5410 2965 5477 F.,
3004 5411 3230 5481 Ephori,
3268 5410 3489 5481 Ephesii

1907 5516 1957 5561 et
1984 5503 2276 5575 Pamphili,
2302 5503 2756 5573 Amphipolitani.
2786 5502 3112 5572 discipulus,
3145 5502 3322 5573 pictor
3345 5501 3489 5556 cele-

1908 5599 2038 5664 bris,
2076 5599 2144 5653 ab
2171 5596 2425 5667 Ephesiis
2452 5597 2673 5654 civitate
2700 5597 2957 5661 donatus,
2992 5595 3160 5652 lratcr
3189 5592 3487 5661 Ctesiochi,

1904 5704 2147 5762 pictoris.

252 5882 399 5959 (52)
436 5878 514 5934 Ita
545 5877 795 5941 Ψεκαδες
847 5878 975 5934 dicti
1036 5876 1324 5932 recentiori
1376 5883 1530 5931 :etate
1558 5872 1799 5926 Atciatus
1840 5878 1889 5925 et
1923 5868 2220 5926 Hallwrba.
