4182 6526
764 384 901 450 1223

2000 388 2240 448 INDEX
2281 390 2777 454 SCRIPTORUM

3893 414 4036 480 122l

827 492 1181 562 Apelliconis,
1215 491 1352 557 Teii,
1379 490 1710 548 bibliotheca
1744 507 1772 547 a
1804 493 1950 564 Sylla
1996 494 2048 548 in
2100 508 2340 566 potesta-
2374 513 2415 564 Α
2456 503 2586 555 tium
2621 507 2880 559 orationis
2911 508 3073 563 libros
3100 510 3200 565 IV.
3224 512 3276 583 3}
3301 513 3372 568 De
3397 521 3548 571 verba
3573 520 3681 574 sire
3705 523 4037 592 ρηαατικδν,

760 599 867 642 tem
902 587 1140 642 redacta.

833 683 1139 750 Aphareus,
1173 677 1527 734 Atheniensis
1569 687 1775 741 orator,
1807 677 1949 733 filius
1978 678 2208 748 Hippi:e,
2253 698 2345 738 so-

759 775 970 840 phistze,
999 782 1050 825 et
1072 773 1386 836 l’lathancs,
1416 772 1670 826 Isocratis
1701 772 1980 842 privignus
2007 774 2340 844 (πρόγονος),

755 867 937 919 clarus
964 867 1107 920 circa
1145 866 1512 936 Olympiadem
1547 862 1712 930 XCV,
1741 870 1958 930 eodem,
2010 883 2118 936 quo
2166 867 2338 931 l’lato,

757 968 1023 1026 tempore.

826 1051 1108 1118 Appianus
1139 1049 1250 1102 sive
1279 1048 1525 1118 Apiauus
1573 1049 1796 1118 scripsit
1834 1048 2136 1105 Romanam
2167 1052 2342 1105 histo-

754 1140 917 1202 riam,
972 1141 1071 1209 τὴν
1128 1140 1472 1209 καλουμένην
1526 1139 1933 1210 βασιλικὴν.....
1996 1141 2338 1208 Ῥωααῖκους

751 1230 947 1300 λόγους
976 1232 1133 1284 ἐννέα
1166 1241 1272 1285 etc.

819 1323 890 1378 Μ.
928 1323 1176 1390 Apicius,
1206 1334 1307 1380 etc.

819 1413 1038 1481 Apion,
1090 1411 1403 1468 Piistouicis
1457 1410 1547 1476 F.,
1593 1424 1953 1484 cognomento
2011 1413 2329 1473 Moclulms.

750 1505 1062 1577 Egyptius,
1097 1511 1210 1561 sive
1236 1505 1516 1561 Cretensis
1538 1547 1553 1571 ,
1583 1508 1996 1578 grammaticus.
2031 1509 2330 1574 discipulus

749 1602 1042 1669 Apollonii,
1079 1601 1320 1653 Arehibii
1354 1612 1406 1653 et
1438 1599 1835 1668 Euphranoris,
1869 1602 2181 1654 centenario
2215 1615 2330 1654 ma-

745 1692 902 1759 joris,
951 1701 1004 1743 ct
1052 1691 1290 1761 Didymi.
1345 1692 1533 1746 Docuit
1562 1693 1749 1745 Romae
1785 1691 1984 1752 Tiberii
2030 1700 2085 1744 et
2114 1691 2326 1745 Claudii

747 1793 924 1846 :ctatc,
952 1799 1241 1837 successor
1270 1783 1530 1846 Theonis,
1555 1783 1922 1851 grammatici,
1954 1784 2179 1852 :cqualis
2202 1784 2326 1836 Dio-

2451 596 2595 650 libris
2641 597 2697 651 V.
2738 599 2793 669 4)
2842 599 2914 652 De
2959 603 3124 656 verbis
3166 607 3419 661 derivatis
3467 609 3520 661 in
3553 628 3612 679 μι
3643 613 4032 673 desinentibus.

2449 689 2501 747 5)
2539 690 2613 742 Dc
2650 693 2949 746 nominibus
2985 697 3094 748 sive
3126 697 3470 767 ὀνοματικόν.
3517 703 3572 771 6)
3618 705 3691 758 De
3731 712 4036 766 nominibus

2444 795 2536 846 per
2582 782 2759 834 varias
2804 784 3082 838 dialectos.
3128 785 3180 854 7)
3218 788 3289 840 De
3335 793 3606 846 nominum
3651 796 4034 863 [emininorum

2442 889 2569 924 casu
2621 884 2780 926 recto.
2831 874 2885 944 8.)
2935 876 3007 930 De
3062 884 3390 950 paronymis.
3431 887 3484 954 9)
3524 888 3595 942 De
3626 897 4030 959 comparatirix.

2443 961 2530 1032 10)
2552 962 2868 1018 Dedialectis
2890 965 3102 1027 Dorica.
3126 969 3332 1035 Ionica,
3360 974 3594 1038 Αἳοιίιθα,
3619 980 3818 1034 Attica.
3841 983 3932 1045 Η)
3951 983 4033 1037 De

2439 1057 2622 1125 ﬁguris
2646 1056 2958 1113 Homericis.
2987 1062 3074 1132 12)
3101 1067 3230 1134 περὶ
3270 1069 3718 1141 κατεψευσμένης
3756 1077 4029 1147 ἱστορίας,

2439 1151 2503 1204 de
2531 1155 2752 1206 historia
2788 1157 3170 1210 commentitia.
3227 1160 3315 1229 15)
3348 1161 3424 1216 De
3456 1165 3847 1232 affectionibus.
3892 1174 4032 1241 περὶ

2438 1244 2648 1297 παθῶν.
2684 1245 2770 1310 M)
2797 1248 2928 1316 περὶ
2953 1250 3122 1304 τόνων
3148 1259 3761 1326 κατηναγκασμμὲνων,
3793 1260 3858 1314 de
3882 1255 4028 1316 ionis

2436 1340 2631 1389 coactis
2663 1337 2822 1392 libros
2857 1341 3010 1395 duos.
3046 1343 3134 1414 I5)
3171 1347 3296 1415 περὶ
3320 1346 3490 1399 τόνων
3518 1351 3766 1414 σκολιῶν,
3793 1355 3857 1406 de
3882 1356 4023 1407 lanis

2434 1428 2678 1496 obliquis.
2719 1431 2971 1501 16)1:spi
3006 1436 3345 1504 προσιςςδιῶν,
3392 1437 3454 1491 de
3504 1440 3800 1493 accentibus
3852 1443 4024 1496 libros

2444 1520 2503 1573 γ.
2554 1523 2634 1591 l7)
2685 1525 2813 1594 περ).
2867 1529 3167 1596 στοιχεῖων,
3221 1529 3286 1584 de
3330 1531 3595 1587 elementis
3643 1535 3749 1588 sive
3797 1535 4020 1589 litteris.

2435 1615 2521 1682 18)
2561 1615 2632 1668 De
2666 1619 3147 1685 pra'positionibus.
3189 1620 3276 1690 l9)
3298 1623 3426 1691 περὶ
3453 1625 3560 1675 τῶν
3586 1627 3820 1695 Διδυμου
3852 1628 4022 1679 πιθα-

2433 1705 2573 1768 νῶν,
2605 1707 2668 1758 de
2704 1707 2917 1777 Didymi
2948 1711 3338 1779 probabilibus.
3379 1713 3470 1778 20)
3503 1714 3577 1768 De
3611 1718 4016 1782 compositione.

2429 1796 2519 1866 21)
2560 1797 2630 1850 De
2677 1800 2762 1864 iis,
2817 1817 2934 1868 qua:
2987 1803 3186 1855 duobus
3242 1806 3408 1858 modis
3446 1806 3759 1874 efferuntur.
3807 1809 3900 1876 22)
3933 1810 4016 1863 De

747 1880 889 1947 nysii
924 1876 1348 1930 Ilalicarnassei.
1386 1875 1613 1944 Scripsit
1649 1876 1890 1940 ἱστορίαν
1922 1878 2041 1929 κατ’
2067 1875 2218 1938 ἔθνος
2247 1878 2321 1928 hi-

2431 1889 2615 1941 vocula
2667 1907 2771 1952 τις.
2828 1892 2916 1960 25)
2956 1894 3031 1948 De
3076 1898 3372 1965 generibus.
3436 1871 3527 1968 2i)
3592 1900 3664 1955 De
3709 1871 4014 1970 spiritibus.

745 1973 965 2023 storiam
995 1971 1059 2022 de
1087 1969 1307 2038 singulis
1334 1968 1596 2037 gentibus,
1632 1969 1866 2038 aliaque.

815 2063 1164 2130 Apollinaris,
1203 2061 1564 2124 Laodiccnus,
1615 2075 1859 2132 tempore
1910 2063 2213 2119 Constantii
2271 2070 2326 2117 et

744 2152 966 2219 Iuliani,
1017 2153 1328 2216 Parabatw,
1381 2157 1804 2223 grammaticus,
1860 2157 2217 2225 phil050phus
2273 2169 2326 2210 ct

744 2253 922 2310 poeta,
977 2243 1193 2309 scripsit
1241 2252 1423 2293 contra
1459 2241 1812 2312 Porphyrium
1862 2245 2024 2298 libros
2071 2244 2238 2310 XXX,
2273 2256 2326 2300 ct

747 2336 990 2386 versibus
1022 2333 1222 2386 Grai-cis
1255 2335 1490 2388 ἱππ-υἱοῖς
1533 2337 1713 2388 πᾶσαν
1761 2336 1856 2406 τὴν
1905 2338 2012 2388 τῶν
2055 2337 2326 2407 Ἐϐραίων

742 2428 990 2495 γραφὴν,
1042 2436 1212 2479 totum
1250 2425 1416 2480 Vetus
1453 2428 1860 2481 Testamentum
1906 2431 2158 2486 reddidit.
2193 2433 2325 2502 Epi-

743 2520 910 2570 stolas
963 2519 1087 2570 item
1139 2519 1355 2585 seripsit
1407 2527 1459 2572 ct
1512 2521 1716 2572 multos
1769 2521 1822 2572 in
1878 2519 1934 2573 S.
1982 2522 2320 2590 Scripturam

742 2614 1187 2663 comnu-utaiios.
1243 2609 1388 2664 Idem
1451 2613 1759 2676 haereticus,
1811 2612 1950 2667 lilius
1995 2617 2321 2684 Apollinaris

738 2700 1116 2754 Afexaudriui.

809 2791 1088 2859 Apologus
1110 2793 1319 2845 Alcinoi
1345 2793 1439 2844 ἐπὶ
1464 2794 1570 2844 τῶν
1601 2794 2006 2865 φλυαρούντων,
2032 2796 2097 2850 dc
2125 2797 2210 2861 iis,
2231 2799 2319 2867 qui

741 2883 879 2938 futili
909 2894 963 2938 et
995 2886 1210 2953 piolixo
1241 2901 1495 2940 sermone
1531 2894 1783 2940 utuntur.

809 2976 1200 3043 Apollodorus,
1238 2977 1616 3040 Atheniensis,
1649 2978 1914 3043 comicus,
1951 2978 2158 3034 fabulas
2192 2980 2322 3036 scri-

739 3068 844 3135 psit
869 3065 1083 3119 XLVII.
1123 3066 1266 3124 Vicit
1295 3068 1609 3137 quinquies.

811 3156 1198 3224 Apollodorus,
1226 3156 1448 3221 Gelous,
1475 3159 1741 3223 comicus,
1775 3159 2050 3214 Menandri
2072 3162 2315 3230 mqualis.

739 3247 868 3318 Ejus
895 3250 1138 3302 dramatu
1170 3267 1182 3302 :
1231 3248 1652 3319 Ἀποκαρτερῶν
1686 3251 1718 3319 ἢ
1750 3251 2087 3322 φιλάδελφοι,
2125 3258 2314 3308 Δευσο·

736 3339 887 3402 ποιὸς
909 3378 924 3402 ,
963 3342 1155 3408 Ἱέρεια
1179 3380 1192 3405 ,
1222 3342 1739 3411 Γραμματόδειπνος
1783 3345 1920 3407 (nul,
1958 3354 2015 3397 ut
2068 3344 2262 3400 Kitslcr
2290 3363 2319 3400 ε

736 3431 955 3487 Polluce
990 3431 1100 3486 Vll.
1137 3435 1228 3488 25.
1286 3435 1460 3503 legere
1512 3436 1686 3500 malit,
1733 3436 2316 3509 Γραμματοδιοποιὸς.)

739 3523 1035 3588 Ψευδαίας,
1069 3525 1323 3592 Σίσυφος,
1355 3526 1647 3596 Αἰσχρίων.

809 3617 1193 3685 Apollodorus,
1220 3615 1522 3680 Tarsensis,
1559 3620 1819 3689 tragicus,
1848 3623 2008 3689 cujus
2034 3622 2312 3678 tII'atttula:

737 3707 1107 3777 ἁκανθοπλὴξ,
1140 3710 1515 3773 τεκνοκτόνος,
1541 3710 1824 3780 Ἕλληνες,
1853 3715 2117 3783 Θυέστης⁹
2154 3719 2318 3768 ἱκέτι-

736 3801 844 3864 ὂες,
889 3799 1198 3862 Ὀδυσσεύς.
2299 3851 2304 3856 .

807 3893 1191 3961 Apollodorus,
1225 3891 1596 3954 Atheniensis,
1637 3894 1972 3965 Asclepiadis
2005 3895 2092 3962 F.,
2130 3915 2315 3967 gmn-

740 3987 991 4049 maticus,
1031 3987 1276 4047 Panaetii,
1304 3984 1498 4038 Rhodii
1531 3986 1835 4056 pl‘iilosOphi
1859 4029 1874 4053 ,
1905 3999 1957 4041 et
1989 3991 2314 4054 Aristarchi,

737 4078 1099 4144 grammatici.
1137 4078 1462 4146 discipulus,
1513 4079 1722 4146 primus
1775 4095 1910 4133 usus
1963 4082 2317 4149 tragiambico

736 4169 997 4222 carminis
1033 4185 1250 4237 genere,
1282 4165 1416 4238 ἦρξε
1455 4170 1510 4220 δὲ
1556 4171 1768 4240 πρῶτος
1816 4171 1922 4224 τῶν
1965 4174 2316 4243 καλουμένων

736 4277 760 4311 τ
773 4260 1116 4328 ραγιάμῧων.

812 4355 967 4421 Apoll
995 4355 1151 4416 nius,
1175 4354 1592 4419 Alexandrinus,
1617 4365 1772 4424 poeta
1797 4357 2006 4427 epicus,
2025 4361 2115 4430 qui
2142 4359 2312 4416 Rhodi

739 4448 895 4508 visit,
931 4446 1071 4500 filius
1117 4447 1289 4510 billei,
1337 4444 1653 4502 Callimachi
1705 4450 2022 4522 discipulus,
2078 4461 2132 4507 ct
2182 4452 2313 4508 Era-

2429 1978 2522 2049 25)
2559 1981 2628 2034 De
2659 1985 2987 2048 possessiris.
3022 1986 3113 2055 26)
3147 1989 3274 2058 περὶ
3325 1989 3617 2058 συζυγίας,
3647 1993 3711 2046 de
3746 1997 4013 2064 conjuge-

2431 2073 2587 2126 tione.

2499 2165 2858 2231 Apollonius,
2895 2169 3186 2224 Archcbuli
3237 2173 3353 2228 sive
3391 2177 3643 2232 Arcliebii
3681 2177 3738 2232 F.
3785 2181 4013 2248 scripsit

2428 2256 2492 2307 de
2527 2255 2859 2312 dictionibus
2882 2258 3203 2327 lloiiiericis,
3225 2264 3418 2318 ordino
3445 2268 3819 2336 alphabetico:
3851 2269 4010 2342 [Ejus

2430 2347 3003 2404 lexicoullotnericum
3037 2354 3195 2408 hodie
3229 2366 3428 2422 exstat,
3462 2375 3490 2412 a
3516 2357 4010 2427 Villoisonio,dein

2429 2455 2456 2492 tt
2486 2439 2661 2493 Tullii)
2692 2443 2943 2514 cdilum.j

2498 2535 2839 2600 Apollonius,
2871 2538 3335 2606 Aphrodisiensis,
3383 2559 3629 2598 summus
3660 2548 3920 2602 sacerdos
3955 2559 4010 2602 et

2427 2625 2742 2690 historicus,
2777 2631 2994 2698 scripsit
3020 2633 3239 2701 Καρικὰ
3277 2635 3390 2690 sive
3418 2638 3696 2691 historiam
3732 2641 4006 2696 Caricam.

2429 2717 2561 2787 Περὶ
2603 2718 2912 2788 Τράλλεων,
2960 2723 3035 2777 De
3088 2724 3370 2780 Trallibus.
3431 2732 3564 2800 Περὶ
3620 2733 3864 2800 Ὀρφέως
3915 2737 4011 2788 καὶ

2427 2807 2534 2858 τῶν
2567 2808 2796 2862 τελετῶν
2834 2811 3021 2865 αὑτοῦ.
3054 2813 3129 2866 De
3164 2815 3369 2883 Orpheo
3399 2828 3446 2871 et
3483 2821 3646 2887 ipsius
3680 2825 3870 2876 sacris.

2502 2898 2930 2970 Apollophanes,
2992 2905 3362 2976 Atheniensis,
3417 2913 3663 2968 comicus
3718 2917 4008 2984 antiquus,

2426 2990 2582 3057 cujus
2617 2992 2862 3046 dramata
2898 3013 2910 3047 :
2955 2995 3136 3061 Δάλις,
3184 2997 3487 3071 Ἰφιγέρων,
3527 3005 3767 3074 Κρῆτες,
3796 3010 4004 3078 Aman,

2427 3082 2638 3132 Κένταυ
2649 3098 2750 3150 ροι.

2495 3174 2723 3240 Apsines
2744 3214 2758 3237 ,
2806 3176 3156 3236 Atheniensis
3179 3224 3193 3246 ,
3251 3185 3495 3253 sophista
3528 3189 3782 3258 egregius
3803 3230 3818 3254 ,
3852 3206 4008 3262 pater

2420 3261 2660 3318 Onasimi
2685 3308 2699 3330 ,
2736 3269 3024 3336 sophistae,
3063 3274 3153 3341 qui
3183 3274 3405 3344 Apsinis
3439 3289 3590 3346 pater
3621 3280 3747 3336 fuit.

2492 3357 2755 3425 Apsincs,
2819 3360 3173 3429 Cadarensis,
3243 3369 3522 3435 50pbista,
3585 3387 3651 3425 ex
3708 3371 3894 3441 Pane,
3949 3389 4009 3432 ut

2421 3446 2560 3498 farina
2606 3447 2741 3509 fert,
2781 3453 2994 3518 genitus
3038 3453 3317 3525 Smyrnae,
3348 3461 3646 3530 discipulus
3697 3463 3800 3518 fuit
3831 3466 4006 3523 Hera-

2421 3538 2605 3603 clidis,
2653 3538 2834 3609 Lycii,
2859 3555 2909 3596 et.
2939 3546 3131 3601 deinde
3167 3548 3419 3617 Basilici,
3451 3551 3799 3612 Nicomediu'.
3838 3565 4009 3617 Athe—

2423 3631 2504 3684 nis
2533 3642 2703 3685 artem
2732 3635 3056 3690 rhzrtoricam
3082 3640 3359 3707 professus
3379 3658 3482 3712 est,
3511 3651 3808 3714 imperante
3833 3654 4006 3709 Masi-

2423 3722 2634 3784 miauo,
2674 3736 2726 3778 et
2763 3727 2828 3778 ad
2861 3729 3203 3785 consularem
3229 3733 3545 3801 dignitatem
3573 3745 3839 3807 pervenit.

2491 3815 2756 3882 Apsines,
2803 3818 3079 3885 Ouasimi,
3148 3824 3533 3893 Atheniensis,
3606 3834 3870 3902 sophista:
3944 3840 4003 3892 F.

2420 3907 2685 3973 sOphisIa,
2710 3909 2896 3976 junior
2927 3911 3126 3980 Apsine
3157 3913 3475 3972 Gadarensi.

2495 4002 2781 4069 Apsyilus,
2816 3999 3162 4069 Prusaénsis,
3211 4008 3290 4060 vel
3322 4009 3772 4080 Ncontcdiensis,
3823 4022 4006 4085 miles,

2421 4088 2514 4156 qui
2545 4093 2646 4143 sub
2676 4091 2806 4158 imp.
2833 4091 3194 4148 Constantino
3226 4098 3290 4150 ad
3326 4101 3518 4155 Istrum
3557 4104 3608 4155 in
3639 4105 3862 4176 Scythia
3898 4115 4007 4167 mi-

2420 4181 2612 4234 litavit.
2652 4182 2753 4236 llic
2789 4185 2988 4236 librum
3042 4187 3104 4238 de
3137 4203 3402 4256 equorum
3459 4196 3729 4252 medicina
3783 4206 4010 4271 scripsit

2419 4276 2475 4321 et
2511 4267 2577 4322 de
2617 4270 2802 4324 iisdem
2838 4273 3010 4327 brutis
3041 4276 3409 4334 animantibus
3441 4285 3726 4353 physicum
3769 4267 4006 4347 alterum

2423 4360 2660 4429 aliaque.
2697 4363 2930 4432 Scripsit
2965 4367 3128 4420 etiam
3161 4371 3369 4437 Cimon,
3400 4373 3776 4444 Atheniensis,
3829 4387 4010 4440 admi-

2420 4451 2646 4507 rabilem
2680 4453 2876 4508 librum
2915 4458 3335 4528 ἱπποσκοπικὸν,
3369 4464 3438 4519 dc
3495 4482 3763 4537 equorum
3816 4479 4006 4548 ίηςρε-

741 4541 1005 4594 tosthcnis
1039 4540 1282 4608 a-qualis,
1302 4548 1356 4592 ct
1382 4551 1502 4608 post
1533 4541 1684 4595 illum
1720 4544 2058 4601 bibliotheca:
2076 4549 2308 4600 Alexau-
2347 4562 2389 4615 ι)
2418 4543 2617 4597 ctione.

737 4631 907 4683 dcimo
943 4630 1249 4698 praefectus.

819 4723 1154 4791 Apollonius,
1177 4723 1501 4794 Tyancnsis.
1531 4726 1910 4797 philosophus,
1932 4731 2200 4798 Apollonii
2231 4731 2312 4796 F.,

743 4819 1076 4884 temporibus
1105 4817 1340 4882 Claudii,
1372 4817 1490 4870 Caii
1523 4830 1575 4870 et
1609 4817 1840 4875 Neronis
1876 4839 2048 4890 usque
2080 4829 2145 4878 ad
2180 4826 2315 4879 Ner-

739 4922 858 4961 vam
894 4908 1092 4961 clarus.
1125 4908 1353 4975 Scripsit
1379 4908 1600 4970 τελετὲις
1626 4911 1776 4964 initia
1806 4915 1908 4966 sive
1933 4916 1995 4967 de
2017 4917 2315 4985 sacrificiis,

739 4999 1029 5068 διαθήκην,
1069 5010 1466 5062 testamentum,
1515 5007 1815 5071 χρησμοὺς,
1863 5009 2100 5068 oracula,
2167 5010 2314 5060 Ἐπι-

745 5092 962 5154 στολὰς,
1016 5093 1308 5160 lt‘pistolas,
1363 5093 1682 5160 Πυθαγόρου
1729 5093 1862 5164 βίον,
1923 5099 2078 5150 ritcm
2119 5099 2318 5168 Pytha-

741 5197 902 5252 gorw.
943 5179 1121 5235 Vitam
1145 5183 1414 5252 Apollonii
1449 5187 1668 5252 scripsit
1694 5185 2070 5256 Philostratus,
2106 5203 2208 5244 etc.

816 5274 1159 5340 Apoll0uius,
1187 5272 1460 5343 Tyaneus,
1488 5276 1846 5346 philosophus
1870 5279 2076 5346 junior,
2112 5293 2320 5351 tempo-

744 5363 895 5416 ribus
942 5364 1165 5417 Adriani
1229 5371 1358 5435 imp.
1407 5373 1541 5419 teste
1571 5366 1962 5438 Agresphonte.
1993 5372 2048 5422 ἐν
2079 5373 2156 5442 τῷ
2191 5376 2319 5443 περὶ

743 5455 1072 5524 ὁμωνύμων.

814 5549 1156 5616 Apollonius.
1203 5549 1357 5604 Alex.
1409 5564 1773 5620 cognomento
1832 5553 2126 5626 Dyscolus,
2172 5573 2320 5627 pater

744 5638 1068 5701 IIerodiaui,
1101 5643 1463 5710 grammatici.
1507 5645 1599 5697 τοῦ
1649 5651 2057 5718 τεχνογράῳου.
2104 5654 2322 5724 scripsit

747 5732 800 5802 1)
831 5735 958 5803 περὶ
989 5733 1282 5804 μερισμοῦ,
1339 5737 1404 5788 de
1447 5737 1737 5803 partitione
1782 5743 2013 5802 partium
2059 5748 2318 5801 orationis

746 5823 906 5879 libros
945 5824 1044 5878 Il".
1078 5826 1132 5894 2)
1172 5829 1299 5899 περ).
1333 5829 1656 5893 συντάξεως,
1686 5835 1749 5886 de
1770 5841 2160 5893 constructione
2191 5857 2316 5910 pur-

2490 4634 2703 4701 Aquila,
2739 4635 3132 4706 philosophus,
3164 4643 3382 4714 scripsit
3428 4649 3613 4716 σχὸλια
3647 4652 3844 4722 λογικὰ
3878 4666 4013 4732 περὶ

2422 4723 2813 4792 συλλογισμῶν.

2488 4817 2708 4884 Aquila,
2743 4823 3129 4887 grammaticus
3166 4842 3178 4877 :
3220 4827 3484 4883 musicus.

2495 4916 2716 4981 Araros,
2749 4919 3122 4987 Atheniensis,
3163 4927 3430 4992 comicus,
3486 4932 3631 4986 lilius
3677 4933 4015 5003 Aristopha-

2423 5005 2527 5066 nis,
2563 5007 2781 5068 comici,
2817 5009 2908 5076 qui
2953 5012 3190 5079 primum
3243 5014 3427 5071 docuit
3480 5025 3791 5078 comoedias
3827 5030 4020 5093 obun-

2421 5100 2577 5169 piade
2602 5102 2811 5156 lOI.l$x
2841 5108 3177 5164 dramatibus
3210 5111 3329 5180 ejus
3357 5122 3487 5168 sunt.
3515 5135 3524 5165 :
3558 5117 3822 5181 Καινεὺς.
3841 5122 4018 5190 Καμ-

2423 5192 2628 5246 πυλίων
2655 5235 2669 5260 ,
2707 5195 2881 5259 Πανὸς
2943 5201 3114 5266 γοναὶ,
3161 5203 3467 5272 Ὑμέναιος,
3503 5207 3759 5272 Ἄδωνις,
3790 5211 4018 5281 Παρθε-

2421 5299 2604 5340 νιοιον.

2494 5380 2713 5448 Aratus,
2767 5381 3011 5440 Solensis
3051 5387 3228 5456 Cilix,
3274 5390 3613 5447 Athenodori
3663 5393 3752 5461 F.,
3788 5398 4021 5453 aud:tor

2423 5471 2767 5540 Menecratis,
2817 5483 3158 5548 grammatici
3209 5483 3466 5553 Ephesii,
3521 5487 4020 5559 philosophorum,

2424 5563 2670 5621 Timonis
2697 5581 2748 5622 et
2771 5568 3098 5626 Menedemi.
3130 5575 3281 5629 Vixit
3308 5578 3619 5648 Olympiade
3648 5581 3895 5638 CXXIV.
3932 5585 4020 5640 fa-

2425 5659 2654 5714 miliaris
2692 5664 2964 5732 Antigono
2999 5665 3226 5722 Conatus
3275 5673 3384 5740 regi
3418 5669 3777 5734 MaCetlonim,
3811 5675 4021 5732 Deme—

2423 5751 2536 5814 trii,
2574 5750 2912 5831 Poliorcetw,
2946 5757 3087 5822 lilio,
3125 5761 3350 5828 aequalis
3378 5763 3684 5832 Antigone,
3729 5765 3933 5821 Rhodii
3967 5784 4021 5824 et

2424 5844 2740 5912 Alexandri,
2787 5848 2971 5918 ιΕιοΙὶ,
3017 5851 3213 5910 fratres
3249 5855 3434 5911 habuit
3468 5856 3664 5927 Myrin,
3695 5858 4013 5917 Calondam
