4182 6526
221 466 357 532 122.3

1479 448 1576 505 DE
1617 443 1904 516 QUIBUS
1944 443 2240 504 SUIDAS.

3365 439 3502 510 1226

210 593 260 634 et
289 572 724 631 Athenodorum.
772 563 938 619 Poeta
978 560 1168 630 epicus
1215 558 1437 627 scripsit
1477 556 1806 626 Φαινόμενει,
1839 561 1882 614 Α
1916 569 2079 618 nona,
2130 549 2545 622 quadringentis
2577 551 2736 607 annis
2773 562 2894 621 post
2927 549 3129 606 bellum
3164 547 3504 618 Trojauum:

215 676 266 728 in
301 667 504 740 quibus
545 660 763 716 initium
797 653 1128 711 admirabile
1163 662 1216 707 et
1244 649 1466 707 Homeri
1520 649 1647 703 felix
1683 650 1808 702 imi-

212 766 366 822 tatio.
404 760 639 830 Ilymnos
691 755 745 806 in
789 749 1018 812 Panem,
1074 746 1502 816 Σπονδοφόρους,
1549 743 1806 808 Παίγνια,

219 851 604 918 Ἀπουλογίαν
622 846 715 900 καὶ
742 839 1151 911 ‘Ao'rpoOso-lzv,
1193 838 1450 891 E'Jvesatv
1480 835 1808 904 φαρμάκων,

208 912 504 1015 Θηριίικῶν
547 933 852 1002 ἐπιτήδεια,
901 929 1399 999 Ἀκιθρωπογονίαν,
1441 925 1808 985 Ἐπιουτικόν,

211 1038 291 1097 et;
343 1033 662 1098 Θεὸπροπον
717 1021 1118 1095 (epicedium),
1155 1022 1234 1082 εἰς
1272 1020 1600 1083 Ἀντι,ονον.
1650 1017 1807 1068 ’Ποθ-

210 1115 782 1184 πτοιῖεις,Ἒπιστο).ἀς,
825 1113 1257 1182 Ἐπιγράμματα
1293 1113 1347 1164 in
1385 1108 1626 1173 Philam,
1655 1108 1813 1181 Anti—

210 1219 355 1290 patri
383 1209 832 1280 liliam,Anligoni
864 1223 1115 1269 uxorem,
1149 1204 1477 1274 Ἀνατομὴν,
1510 1203 1573 1257 In
1611 1204 1814 1255 Pausa-

211 1317 382 1372 niam,
410 1310 783 1364 Macedonem.
807 1304 1116 1372 Epicedium
1143 1298 1483 1354 Cleombroti.
1510 1297 1812 1366 Διόρθωσιν

223 1403 562 1461 Ὀἰυσςεὶας.
597 1398 1012 1452 emendationem
1042 1394 1308 1464 Odysseaz,
1347 1401 1400 1446 et
1421 1391 1670 1460 epistolas
1691 1405 1814 1444 ora-

209 1499 362 1550 liOtw
403 1496 600 1548 Saluta.

285 1587 578 1646 Arcalius,
608 1582 1024 1652 grammaticus,
1069 1579 1466 1642 Antiochenus,
1494 1577 1717 1647 scripsit
1746 1577 1813 1631 de

212 1677 635 1747 Otiltograpltia,
682 1676 746 1728 de
790 1672 1204 1727 constructione
1233 1669 1469 1740 partium
1500 1670 1808 1732 orationis;

211 1773 622 1827 onmnasticum
653 1767 996 1822 admirabile.

293 1864 635 1921 Arcesilaus,
666 1858 1050 1928 philosophus.

287 1956 626 2011 Archedicns
657 1952 1147 2022 κωμῳδιογράφος,
1173 1949 1265 2020 qui
1297 1956 1486 2004 contra
1506 1945 1810 2001 Democha-

215 2063 355 2106 rem,
383 2041 766 2097 Demosthenis
798 2042 1010 2096 sororis
1045 2042 1237 2104 lilium,
1274 2038 1518 2108 scripsit.
1543 2035 1620 2091 Ex
1657 2035 1811 2090 fabu-

210 2140 282 2191 lis
312 2137 431 2205 rjus
463 2143 590 2190 sunt
613 2133 900 2203 Θησαυρὺς
931 2142 983 2186 et
1011 2134 1106 2182 Δια
1120 2130 1428 2200 μαρτάνων.

282 2228 609 2291 Archelaus,
661 2225 974 2295 Apollodori
1017 2224 1098 2278 vel
1143 2222 1374 2277 Midonis
1417 2221 1506 2288 F.,
1543 2221 1807 2283 Milesius,

211 2322 573 2392 philosophus
608 2317 884 2388 physicus,
911 2317 1120 2386 primus
1147 2332 1209 2368 ex
1236 2315 1384 2369 lonia
1411 2312 1806 2384 physiologiam

213 2416 269 2466 in
296 2412 561 2466 Graeciam
595 2409 927 2471 introduxit,
961 2407 1265 2476 disi-ipulus
1290 2406 1647 2474 Anaxagorae,
1675 2420 1810 2473 pra:-

214 2518 408 2574 Ccptot‘
439 2502 684 2557 Socratis
719 2510 771 2554 et
809 2499 1085 2568 Euripidis
1116 2515 1129 2550 :
1159 2498 1378 2567 scripsit
1412 2497 1806 2568 physiologiam

215 2604 270 2646 ct
302 2593 406 2644 ;.lia
436 2591 720 2643 nonnulla.
751 2587 893 2641 Nihil
924 2588 1132 2656 justum
1163 2590 1242 2642 vel
1274 2597 1433 2656 turpe
1462 2597 1657 2640 natura
1688 2603 1809 2641 esse

213 2685 432 2744 docuit,
470 2684 563 2738 sed
596 2682 847 2737 instituto
883 2681 1086 2733 omnia.

286 2778 615 2840 Archelaus,
639 2775 879 2829 Colonia:
937 2774 1244 2844 presbyter,
1275 2781 1461 2825 contra
1491 2787 1651 2841 quem
1679 2771 1810 2824 scri-

210 2869 322 2938 psit
359 2866 615 2930 Basilius,
654 2863 956 2934 lrenopolis
991 2863 1301 2930 (’plSCOIIllS.

289 2959 633 3021 Art-Iniurius,
700 2957 1043 3024 Theagenem
1100 2955 1169 3008 ob
1229 2953 1517 3009 facultates
1573 2956 1808 3010 ιηυίεεειε

210 3050 511 3103 exsulans
548 3051 632 3116 (ex
663 3047 991 3115 Daniascio).

285 3143 542 3202 Archias,
597 3137 1003 3207 φυγαδοθὴρας,
1053 3137 1143 3205 qui
1199 3145 1470 3201 oratores,
1522 3133 1645 3204 fuga
1703 3136 1805 3188 sibi

216 3234 507 3304 cupientes
543 3230 851 3297 consulere,
881 3237 1109 3284 venatus
1138 3238 1242 3294 est,
1284 3237 1344 3281 ut
1375 3226 1664 3297 Antipatro
1697 3237 1806 3280 tra-

213 3325 392 3379 tlcrct.

285 3417 617 3479 Archibius,
676 3415 950 3482 Apollonii
999 3412 1084 3476 F.,
1116 3413 1537 3480 grammaticus,
1591 3412 1810 3482 scripsit

211 3511 484 3578 ἐξήγησιν
515 3510 957 3577 epigrammatum
992 3504 1333 3560 Callimachi.

291 3602 608 3662 Archihius,
642 3599 917 3652 Ptolemaei
946 3596 1030 3659 F.,
1054 3597 1360 3652 Leucadius
1389 3599 1469 3651 vel
1494 3598 1817 3652 Alexandri-

216 3711 329 3748 nus
382 3692 798 3763 grammaticus,
847 3705 915 3744 ex
964 3705 1155 3743 eorum
1195 3705 1450 3754 numero,
1502 3692 1596 3760 qui
1628 3690 1818 3744 Romae

215 3801 397 3852 usque
433 3785 495 3835 ad
531 3779 754 3851 Trajani
791 3781 924 3848 imp.
956 3790 1199 3848 tempora
1237 3781 1563 3837 docuerunt.

290 3876 650 3943 Atclrigenes,
691 3873 918 3942 Philippi
956 3871 1043 3936 F.,
1071 3872 1430 3942 Apameensis
1478 3875 1669 3946 Syrus,
1707 3891 1815 3928 me-

213 3970 404 4032 dicus,
435 3968 692 4034 Agathini
725 3965 1048 4033 discipulus,
1075 3966 1166 4034 qui
1203 3965 1390 4022 Itonia:
1424 3966 1644 4036 Trajani
1680 3977 1815 4020 tem-

216 4075 357 4129 pore
390 4070 562 4110 artem
602 4059 867 4111 medicam
899 4057 1168 4110 exercuit.
1206 4056 1348 4110 Vixit
1377 4075 1550 4114 annos
1585 4057 1817 4122 LXXIII,

217 4152 562 4220 scripsitque
600 4151 768 4204 multa
812 4150 1022 4203 medica
1059 4151 1414 4220 physicaquc.

295 4248 665 4300 Archilochus
708 4244 1008 4298 maledicus
1033 4285 1046 4307 ε
1099 4247 1344 4314 alioquin
1384 4247 1613 4316 insignis
1641 4257 1818 4316 poeta,

217 4353 412 4407 quem,
459 4352 485 4388 a
519 4336 758 4390 Calonda
795 4335 1169 4398 interfectum,
1207 4335 1397 4407 Pythia
1439 4339 1550 4397 ulta
1581 4349 1684 4404 est,
1713 4350 1818 4394 etc.

300 4426 697 4490 Archimedes,
752 4423 1107 4490 Trallianus,
1167 4425 1552 4497 philosophus,
1603 4430 1825 4498 scripsit

229 4517 589 4586 Ὑπόμνημα,
618 4515 1068 4568 Commentarium
1104 4517 1158 4570 in
1198 4516 1503 4581 Homerum,
1529 4530 1573 4569 et
1612 4517 1823 4573 Mecha-

216 4629 362 4664 mca.

297 4705 637 4771 Archippus,
679 4701 1032 4756 Atheniensis
1055 4745 1069 4768 ,
1113 4719 1360 4758 comicus
1393 4704 1652 4773 antiquus
1676 4747 1688 4765 ,
1725 4707 1814 4774 qui

215 4796 394 4850 semel
434 4796 565 4847 vicit
603 4795 909 4863 Olympiade
947 4793 1085 4850 XCI.

295 4887 592 4952 Archytas,
627 4884 980 4950 Tarentinus,
1017 4885 1231 4940 llestimi
1279 4887 1338 4939 F.
1384 4898 1477 4941 aut
1510 4887 1815 4942 Mnesarchi

216 4982 305 5034 vel
343 4979 704 5048 Mnasagorze,
739 4979 1100 5048 philosophus
1133 4977 1547 5050 Pythagoricus,
1576 4981 1668 5049 qui
1696 4979 1819 5034 Pla-

218 5087 406 5126 tonem
465 5073 721 5136 servavit,
784 5088 908 5127 cum
961 5087 1082 5126 eum
1138 5073 1203 5124 ad
1259 5081 1490 5126 nmrtem
1549 5085 1818 5141 quaereret

215 5167 519 5236 Bnniysius
589 5177 876 5235 tyrannus.
912 5165 1259 5235 Empedoclis
1293 5167 1594 5236 discipulus
1640 5169 1817 5237 philo-

209 5262 478 5329 sophian]
514 5258 704 5312 docuit
737 5261 1051 5328 multosque
1081 5261 1252 5314 libros
1277 5261 1522 5330 scripsit.
1563 5259 1816 5316 Inventor

207 5353 508 5420 πλιτειγῆς
539 5353 657 5406 sive
689 5352 1025 5420 crepitaculi.
1055 5350 1162 5403 Τοῦ
1197 5352 1380 5404 κοινοῦ
1425 5353 1534 5405 τῶν
1579 5354 1815 5408 Ἰταλιω-

201 5442 326 5494 τῶν
358 5443 625 5510 προέστη,
667 5442 974 5511 στρατηγὸς
1019 5441 1261 5512 αἱρεθεὶς
1303 5443 1663 5514 αὐτοκράτωρ
1713 5446 1815 5498 ὑπὸ

198 5533 328 5588 τῶν
372 5533 608 5586 πολιτῶν
641 5536 736 5587 καὶ
765 5533 875 5586 τῶν
899 5536 1026 5604 περὶ
1055 5539 1264 5589 ἐκεῖνον
1294 5537 1382 5588 τὸν
1414 5538 1580 5590 τόπον
1627 5537 1814 5607 Ἐλλή-

199 5644 348 5690 νων,
385 5625 665 5680 Communi
704 5627 1054 5681 Italtotarum
1089 5632 1331 5700 prwfttit,
1381 5632 1616 5684 dictator
1661 5650 1690 5685 a
1740 5633 1815 5684 ci-

199 5717 368 5774 vibus
405 5730 451 5772 et
495 5720 675 5772 vicinis
709 5719 908 5774 (Jra'cis
943 5733 1173 5777 creatus.

299 5813 581 5874 Arctinus,
616 5811 881 5878 Milesius,
922 5827 1101 5884 poeta,
1139 5816 1355 5872 llomcri
1407 5817 1490 5886 (ut
1531 5819 1605 5873 ait
1655 5819 1812 5874 Arte-

199 5917 404 5970 nson‘,
440 5907 745 5976 discipulus
782 5917 835 5960 et
874 5917 1052 5964 tamen
1102 5909 1305 5965 vixisse
1357 5911 1557 5966 dicitur
1607 5913 1808 5984 olymp.

541 6005 816 6064 Parnm.
865 6005 953 6067 Gn
971 6052 984 6068 .
1038 6008 1286 6072 CXVII.

1917 644 2083 715 [quod
2158 644 2244 696 vix
2305 641 2589 711 probabile
2641 654 2744 707 est,
2810 642 2930 697 vide
2988 657 3194 712 supra,
3280 643 3388 698 vol.
3447 639 3505 710 Ι,

1916 755 2036 808 pag.
2080 738 2113 792 9
2157 735 2305 808 sqq.]

1991 833 2212 896 Ariani;
2262 832 2630 903 Psalhyriani,
2664 841 2768 886 etc.
2939 903 2943 909 ἱ

1987 929 2274 996 Arignote,
2311 926 2520 989 Samia,
2574 923 2842 994 discipula
2881 920 3206 993 Pythagorae
3237 931 3292 976 et
3323 921 3504 978 Thea-

1917 1038 2057 1084 nus,
2113 1021 2435 1090 philostrpha
2506 1018 2887 1089 Pythagorica.
2957 1015 3192 1083 Scripsit
3247 1016 3508 1071 Bacchica

1917 1112 2032 1167 sive
2062 1111 2286 1173 τελετὰς
2327 1109 2608 1172 Διονύσου,
2645 1119 2696 1161 et
2727 1108 2789 1160 de
2817 1107 3025 1162 Cereris
3062 1107 3350 1178 mysteriis,
3385 1124 3510 1162 nec-

1917 1221 2023 1259 non
2061 1204 2488 1274 Epigrammata.
2526 1201 2723 1254 Fertur
2753 1200 2917 1254 etiam
2959 1200 3105 1255 illius
3147 1202 3252 1255 sub
3283 1200 3511 1254 nomine

1917 1299 2049 1351 libcr
2080 1314 2251 1358 sacer,
2292 1296 2436 1365 ἱερὸς
2479 1294 2656 1360 λόγος,

1990 1389 2196 1451 Arion,
2239 1388 2420 1456 Cyclei
2474 1385 2511 1438 F
2544 1426 2559 1449 ,
2594 1384 3017 1455 lllethymnarus,
3069 1381 3275 1452 lyricus
3302 1423 3316 1447 ,
3377 1383 3515 1438 vixit

1916 1481 2228 1553 Olympiade
2279 1476 2566 1532 XXXVIII.
2603 1478 2835 1543 Quidam
2869 1475 3151 1531 Alcmanis
3187 1474 3359 1528 lilium
3403 1486 3508 1528 tra-

1916 1575 2122 1630 didere.
2181 1570 2417 1640 Scripsit
2476 1569 2740 1640 ᾄσματα.
2812 1568 3022 1620 cantica
3085 1575 3140 1622 et
3205 1567 3509 1637 προοίμια,

1919 1666 2138 1734 hymnos
2167 1661 2234 1715 ad
2267 1675 2454 1715 versus
2485 1661 2735 1714 heroicos
2766 1657 2852 1712 bis
2887 1656 3055 1710 tnille.
3083 1654 3287 1709 Dicitur
3319 1654 3512 1724 tragici

1919 1754 2066 1810 modi
2099 1756 2353 1808 inventor
2383 1751 2555 1806 fuisse
2585 1762 2638 1805 et
2668 1751 2882 1816 primus
2914 1747 3148 1802 chorum
3182 1745 3510 1808 inStituisse,

1917 1859 1972 1904 et
1998 1847 2410 1918 dithyrambum
2441 1843 2734 1907 cecinisse,
2769 1854 2822 1896 et
2854 1842 2927 1897 ita
2981 1843 3324 1906 nominasse,
3359 1841 3511 1912 quod

1917 1958 1946 1996 a
1980 1943 2152 1996 choro
2204 1940 2443 2005 canitur,
2483 1947 2538 1993 et
2589 1946 2807 2008 satyros
2848 1934 3227 1990 introduxisse
3259 1933 3512 1989 versibus

1917 2031 2222 2100 loquentes.

1989 2123 2380 2188 Aristarchus,
2429 2122 2577 2175 θέσει
2629 2117 3013 2188 (habitatione)
3067 2117 3510 2182 Alexandrinus,

1919 2217 2082 2287 φύσει
2152 2216 2353 2288 (gente)
2413 2213 2782 2279 Samothrax,
2854 2211 3158 2267 Aristarchi
3213 2209 3302 2275 F.,
3329 2211 3515 2266 clarus

1918 2313 2123 2382 olymp.
2165 2307 2324 2363 CLVI
2349 2318 2592 2377 tempore
2615 2305 2893 2360 Ptolemaei
2915 2304 3322 2369 Philometoris,
3352 2305 3512 2374 cujus

1919 2406 2090 2460 lilium
2132 2401 2354 2460 erudiit.
2387 2401 2586 2456 Fertur
2615 2400 2906 2471 scripsisse
2952 2401 3092 2454 ultra
3124 2398 3300 2455 DCCC
3339 2400 3515 2454 libros

1920 2498 2333 2567 ὑπομνημάτων
2392 2495 2505 2549 sive
2580 2493 3124 2548 commentariorum.
3201 2492 3512 2563 Discipulus

1920 2591 2329 2659 Aristophanis,
2389 2587 2752 2658 grammatici,
2807 2601 2931 2640 cum
2991 2586 3242 2650 Cratete,
3303 2583 3510 2654 Perga-

1921 2700 2116 2747 meno,
2163 2681 2411 2752 Pergami
2446 2695 2588 2748 smpe
2641 2679 3004 2733 concertavit.
3055 2676 3367 2747 Discipulos
3411 2678 3502 2730 ha-
3546 2699 3556 2742 ι,

1919 2777 2037 2829 ltuit
2063 2774 2458 2844 grammaticos
2489 2771 2710 2826 circiter
2743 2768 2857 2825 XL.
2900 2771 3088 2825 Annos
3121 2780 3284 2825 natus
3320 2766 3515 2823 LXXII
3558 2759 3559 2767 “

1920 2869 1972 2920 in
2007 2868 2186 2937 Cypro
2219 2881 2358 2935 aqua
2393 2867 2666 2920 intercute
2696 2864 2951 2918 laborans
2981 2879 3169 2917 necem
3205 2863 3306 2918 sibi
3334 2864 3511 2918 int-dia

1918 2960 2208 3024 conscivit,
2247 2958 2452 3012 relictis
2484 2957 2631 3020 ﬁliis,
2683 2956 3006 3010 Aristarcho
3059 2965 3113 3008 et
3168 2957 3506 3025 Aristagora,

1919 3052 2125 3105 nullius
2169 3050 2396 3119 ingenii,
2428 3064 2493 3102 ex
2544 3049 2747 3115 quibus
2785 3047 3169 3102 Aristarchum
3225 3049 3508 3103 venditum

1917 3144 2278 3198 Athenienses
2310 3143 2677 3197 redemerunt.

1989 3237 2370 3300 Aristarchus,
2421 3234 2707 3306 Tegeates,
2757 3235 3020 3304 tragicus,
3074 3236 3302 3305 arqualis
3351 3233 3510 3289 Euri-

1920 3329 2081 3397 pidis,
2120 3328 2215 3398 qui
2265 3329 2475 3397 primus
2537 3329 2784 3382 dratnata
2829 3329 2894 3380 ad
2939 3328 3084 3381 illam
3142 3329 3508 3397 prolixitatem

1919 3419 2200 3489 produxit,
2256 3419 2445 3473 docuit
2488 3421 2782 3489 tragmdias
2838 3419 3034 3481 LXX,
3089 3420 3214 3474 vicit
3273 3421 3507 3475 duabus.

1918 3510 2065 3564 Obiit
2113 3511 2430 3565 centenario
2482 3512 2680 3579 major.
2740 3512 2938 3564 Morbo
2991 3525 3115 3564 cum
3172 3512 3510 3578 laborasset,

1917 3604 2236 3672 {Lsculapio
2292 3618 2390 3673 pro
2451 3604 2704 3657 restituta
2754 3603 3067 3658 valetudine
3123 3604 3314 3658 drama
3385 3605 3512 3658 Ἀσ-

1923 3699 2155 3765 κλήπιον
2202 3696 2500 3750 detliCnvit.

1992 3787 2261 3852 AriSIeas,
2315 3787 2725 3842 Democharidis
2771 3797 2865 3842 aut
2906 3787 3216 3845 Canstrobii
3266 3787 3515 3853 F.,I’ro-

1923 3879 2241 3944 connesius,
2301 3890 2458 3948 poeta
2500 3882 2710 3950 epicus,
2755 3881 2975 3950 scripsit
3027 3882 3097 3934 τὰ
3137 3883 3512 3952 Ἀριμάσπεια

1923 3974 2236 4041 καλούμενα
2268 3975 2400 4044 ἔπη,
2436 3976 2680 4027 carmina
2729 3974 3046 4045 Arimaspca
3081 3977 3196 4031 sive
3227 3978 3515 4032 historiam

1923 4067 2345 4136 Arimasporum
2384 4066 2864 4136 llyperboreorum
2921 4067 3074 4122 libris
3129 4067 3192 4122 lll
3244 4077 3300 4123 et
3336 4068 3516 4123 soluta

1924 4158 2176 4211 Oratione
2213 4159 2500 4223 nonnulla,
2548 4166 2602 4211 et
2647 4155 2998 4228 Theogoniam
3046 4161 3297 4217 versibus
3347 4164 3516 4218 mille.

1927 4246 2171 4318 [Aristh
2210 4250 2474 4313 fabulam,
2518 4249 2744 4319 Cyclops
2779 4261 3048 4317 vocatam,
3083 4268 3357 4310 memorat
3387 4257 3516 4311 Sui-

1926 4341 2025 4394 das
2071 4340 2111 4404 l,
2149 4357 2273 4410 pag.
2308 4340 2434 4405 5%,
2472 4343 2561 4394 ubi
2593 4357 2644 4394 v.
2683 4340 2898 4396 Kttsteri
2929 4353 3044 4397 not.
3085 4343 3162 4417 1.]

1997 4438 2290 4504 Aristides,
2324 4438 2705 4504 Adrianensis,
2755 4455 2821 4493 ex
2870 4441 3126 4496 Adrianis
3171 4434 3355 4515 Mysiae
3401 4447 3519 4500 sive

1930 4527 2220 4599 Bithyniee,
2262 4530 2529 4599 sophista.
2579 4531 2894 4584 Polemonis
2957 4529 3223 4602 Smyrnaei
3283 4537 3518 4590 rhetoris

1857 4623 1896 4676 D
1930 4622 2255 4691 discipulus,
2320 4621 2465 4676 liltus
2534 4621 2866 4677 Eudemonis
2909 4624 3218 4694 philosophi
3273 4626 3514 4684 ﬂaminis

1930 4715 2096 4768 Dialis
2125 4716 2176 4768 in
2207 4715 2380 4784 patria
2417 4731 2540 4769 sua.
2572 4716 2805 4771 Athenis
2857 4716 3125 4773 Herodem
3177 4729 3231 4774 et
3263 4720 3513 4792 Pergami

1927 4809 2250 4862 Aristoclem
2285 4808 2518 4874 audivit,
2563 4809 2856 4879 ﬂoruitque
2890 4811 3152 4866 Antonini
3201 4815 3334 4883 imp.
3373 4825 3515 4869 tem-

1929 4910 2058 4963 pore
2113 4906 2166 4949 et
2221 4896 2387 4950 vitam
2443 4913 2615 4968 usque
2673 4901 2742 4954 ad
2804 4899 3168 4957 Cutnmodum
3231 4905 3508 4974 produxit.

1926 4987 2217 5044 Orationes
2249 4990 2369 5060 ejus
2406 5007 2570 5062 quam
2605 4993 2874 5062 plurimm,
2908 4997 3028 5051 aliae
3060 4999 3201 5067 apud
3235 4999 3372 5053 alios
3406 5004 3513 5054 cir-

1927 5081 2324 5137 cnmlerttntur.

1996 5177 2332 5247 Aristippus,
2381 5178 2619 5233 Aritada:
2658 5180 3068 5252 F.,Cyrena;tts
3115 5185 3513 5256 philosophus,

1929 5266 2172 5323 Socratis
2215 5271 2454 5332 auditor,
2501 5282 2663 5326 secta:
2712 5283 2905 5328 auctor
2942 5275 3271 5347 Cyrenaicar,
3303 5282 3514 5349 primus

1928 5357 2357 5427 Socraticorum,
2402 5363 2496 5431 qui
2551 5366 2857 5420 mercedem
2901 5384 2930 5421 τι
2976 5369 3260 5439 discipulis
3309 5376 3510 5445 exegit.

1924 5449 2275 5520 Xenophonti
2330 5453 2587 5522 infestus,
2634 5461 2972 5515 austeritatis
3020 5463 3367 5521 Antisthenis
3419 5468 3514 5522 de-

1925 5545 2088 5599 risor.
2117 5545 2156 5596 A
2187 5545 2423 5616 Diogene
2450 5550 2564 5618 ipse
2598 5552 2773 5608 dictus
2807 5555 2954 5607 κύων
2993 5551 3292 5625 βασιλικός.
3345 5558 3511 5616 Plura

1923 5636 2044 5706 ejus
2079 5635 2332 5691 feruntur
2405 5633 2903 5712 apophthegmata,
2954 5656 3059 5702 etc.
3113 5649 3337 5705 Audivit
3370 5650 3510 5707 eum

1924 5730 2086 5784 Arcte
2149 5729 2282 5796 ﬁlia,
2321 5733 2479 5802 cujus
2512 5735 2679 5799 ﬁlius,
2714 5735 3021 5809 Aristippus
3047 5741 3254 5811 junior,
3309 5742 3514 5801 Metro-

1925 5823 2173 5877 didactus
2195 5827 2516 5895 appellatus.
2533 5827 2709 5896 llujus
2733 5832 2947 5886 auditor
2963 5833 3304 5900 Theodorus,
3331 5835 3512 5895 dictus

1927 5915 2159 5982 atheus,
2217 5933 2341 5974 mox
2392 5920 2547 5978 deus.
2599 5919 2944 5980 Theodorum
2998 5929 3303 5997 Antipater,
3355 5931 3536 5986 Anti-‘

3107 6023 3186 6083 39
