4182 6526
170 423 304 489 1229

1425 432 1522 496 DE
1562 434 1847 508 QUIBUS
1887 437 2184 502 SUlDAS.

3317 446 3460 517 ιεεθ

160 567 226 605 ex
273 551 468 606 morbo
499 549 802 606 decessisse
850 567 1026 608 annos
1087 561 1277 607 natum
1319 552 1483 611 LXX.
1518 555 1758 610 Timaeus

1870 557 2190 628 Ῥωμαϊκὰς
2216 560 2509 628 συνέταξεν
2537 563 2815 617 historiam
2843 563 3037 618 Latine
3063 570 3358 633 composuit
3387 571 3458 624 ii.

161 641 509 696 Aristotelem
538 641 801 696 omnibus
829 643 1132 711 proscindit
1157 643 1451 709 conviciis;
1495 645 1588 698 sed
1617 644 1754 700 alio-

161 751 282 790 rum
311 736 521 805 judicio
546 735 649 805 τῆς
681 735 897 805 φύσεως
925 737 1312 805 γραμματεὺτ,
1340 746 1548 791 natura:
1578 738 1755 791 scriba

162 826 288 888 fuit,
311 828 403 880 τὸν
442 829 689 898 κάλαμον
717 830 1043 898 ἀποϐρέχων
1074 829 1155 891 εἰς
1187 829 1332 892 νοῦν,
1369 830 1458 898 qui
1488 830 1756 884 calamum

163 921 217 973 in
273 930 497 974 mentem
551 923 806 987 ititinxit,
856 936 1132 990 quemque
1184 921 1320 976 nihil
1383 920 1522 992 fugit
1573 939 1755 977 rerum

164 1013 382 1066 utilium
415 1013 955 1084 abstrusiorumqoe.

235 1108 638 1164 Aristoxenus.
690 1107 910 1162 Moesiae
951 1102 1256 1178 Spinthari,
1308 1109 1507 1163 musici
1558 1107 1761 1164 Taren-

160 1197 286 1258 tini,
315 1197 563 1268 F.,apud
606 1197 1010 1254 Mantineenses
1045 1216 1266 1270 operam
1321 1201 1468 1255 dedit
1515 1202 1760 1270 philoso-

157 1292 304 1359 plna:
327 1303 381 1346 et
408 1293 656 1354 musicae,
687 1293 908 1346 auditor
940 1296 1110 1362 patris
1131 1289 1440 1364 etLanfpri,
1471 1294 1759 1365 Erythraei,

162 1383 482 1451 Xenophili,
515 1383 864 1456 Pythagorei,
891 1396 944 1440 et
973 1386 1210 1456 denique
1242 1387 1572 1452 Aristotelis,
1599 1403 1761 1455 quem

158 1476 482 1529 tlel'onctum
533 1480 799 1531 conviciis
851 1478 1150 1533 insectatus
1201 1489 1306 1544 est,
1363 1480 1508 1548 quod
1560 1480 1762 1533 scholas

160 1587 547 1625 snt-cessurem
594 1569 1043 1641 Theophrastum
1108 1571 1458 1641 reliquisset,
1524 1588 1633 1625 non
1680 1587 1757 1636 se,

165 1668 329 1733 cujus
359 1676 468 1718 tam
499 1681 694 1736 magna
722 1675 867 1720 esset
893 1667 1035 1719 inter
1064 1668 1342 1720 auditores
1371 1666 1542 1736 ipsius
1567 1666 1758 1734 gloria.

165 1759 425 1828 Aiqualis
473 1760 576 1813 fuit
628 1761 952 1824 Diczcatchi,
995 1759 1288 1822 Messenii,
1340 1754 1409 1813 ab
1459 1759 1764 1830 Olympiade

162 1854 308 1908 LXI.
362 1855 707 1925 Conscripsit
758 1855 989 1919 musica,
1046 1855 1452 1924 philosophica,
1503 1855 1761 1910 historias

160 1957 216 2001 et
265 1918 1177 2018 omnigcna:eruditionislibros
1240 1918 1554 2002 CCCCLIII.
1604 1946 1758 2001 Alius
1795 1918 1834 1971 Β

157 2041 540 2104 Aristoxenus,
598 2042 919 2110 Cyrenaeus,
983 2041 1133 2093 luxui
1200 2039 1338 2093 adeo
1391 2039 1644 2105 deditus,
1701 2049 1758 2092 ttt

159 2134 412 2187 lactucas
445 2135 496 2186 in
525 2135 686 2189 horto
719 2150 819 2187 suo
851 2135 1066 2202 vesperi
1095 2134 1273 2188 mulso
1295 2133 1516 2203 rigaret,
1548 2133 1757 2196 dicens,

154 2228 363 2281 virides
411 2227 532 2280 inde
563 2227 842 2296 placentas
881 2225 984 2280 sibi
1016 2226 1222 2280 enasci.
1481 2219 1489 2232 ⁸

235 2321 540 2390 Arnuphis,
572 2320 867 2391 Egyptios
898 2320 1281 2390 philosophus,
1329 2321 1422 2389 qui
1472 2318 1757 2383 Romanis,

152 2414 250 2468 siti
305 2414 703 2473 labetautibus,
760 2424 1030 2484 praesente
1073 2411 1259 2467 Marco
1297 2411 1754 2480 Antoninoitnp.,

153 2507 370 2560 dicitur
405 2519 524 2561 arte
557 2508 804 2576 coegisse
854 2507 1029 2561 nubes
1061 2517 1112 2560 et
1149 2506 1378 2559 imbrem
1408 2505 1755 2558 conciliasse.

149 2599 267 2652 Alii
309 2600 485 2662 aiunt,
534 2600 638 2653 hoc
679 2599 928 2653 eﬂecisse
962 2597 1280 2664 Iulianum,
1312 2595 1654 2650 Chaldantm.

235 2694 563 2756 Arrhesius,
607 2693 930 2745 monachus.

233 2787 538 2844 Arrianus.
573 2795 732 2854 poeta
764 2785 974 2854 epicos,
1007 2783 1260 2838 versibus
1284 2782 1488 2838 Graecis
1520 2783 1760 2837 heroicis

150 2879 396 2948 Ceotgia
431 2877 638 2948 Virgilii
677 2877 934 2938 reddidit,
965 2878 1297 2946 scripsitque
1335 2877 1758 2946 Ἀλεξανδριάὸα

154 2973 280 3025 site
312 2973 378 3022 de
410 2975 574 3024 rebus
602 2970 767 3039 gestis
798 2969 1091 3024 Alexandri
1116 2971 1441 3039 rhapsodias
1471 2968 1672 3035 XXIV;
1708 2979 1760 3024 et

154 3064 214 3116 in
253 3062 522 3125 Atta’um,
571 3060 988 3131 Pergamenum,
1021 3073 1291 3130 poemata.

230 3156 530 3214 Arrianus.
583 3153 1039 3220 Nicomediensis,
1086 3155 1446 3225 philosqphus
1502 3157 1758 3228 Ἐπικτή-

1860 647 1968 702 bris
1997 648 2179 704 XVII.
2213 646 2380 714 Οὗτος
2413 654 2627 724 πρῶτος
2667 654 2987 726 Ἑλληνικὴν
3025 655 3273 727 ἱστορίαν
3327 655 3460 709 Ῥω-

1862 739 2076 809 μαῖκῶς
2136 741 2535 811 συνεγράψατο.
2610 741 2824 796 I’rimus
2879 743 3162 798 historiam
3215 740 3459 798 Gratum

1859 834 1998 902 style
2030 833 2222 889 Latino
2251 837 2491 890 tradidit.
2512 836 2676 892 ana.
2711 867 2780 876 —
2807 837 2882 893 De
2913 855 2978 895 eo
3010 839 3262 910 pluribus
3283 839 3366 912 egi
3403 840 3459 896 in

1860 924 2162 982 Introduct.
2211 931 2264 985 in
2319 934 2572 987 notitiam
2632 936 2860 991 litterat.
2904 932 3168 989 Romana:
3210 943 3341 989 tom.
3389 932 3454 999 ll,

1860 1037 1983 1092 pag.
2029 1023 2129 1077 257
2177 1041 2298 1096 sqq.
2350 1027 2527 1083 "an.

1931 1114 2191 1185 Aspasia,
2226 1118 2460 1185 Milesia,
2496 1120 2696 1174 femina
2722 1121 3077 1176 celeberrima
3108 1128 3163 1175 et
3191 1119 3458 1188 singulari

1863 1205 2176 1276 eloquentia
2239 1199 2484 1277 pi‘a’dita,
2544 1212 2865 1280 sophistria,
2915 1211 3232 1273 διδάσκαλος
3282 1210 3460 1276 λόγων

1867 1302 2199 1370 ῥητορικῶν,
2232 1304 2493 1372 magistra
2528 1312 2581 1356 et
2616 1305 2792 1357 amica
2839 1301 3068 1356 Periclis
3110 1312 3167 1357 et
3200 1319 3340 1356 uxor
3366 1303 3461 1354 de-

1864 1393 2054 1461 nique,
2108 1411 2228 1463 qua:
2275 1397 2512 1450 duorum
2565 1397 2858 1461 bellorum,
2911 1395 3147 1450 Samiaci
3200 1405 3254 1450 et
3305 1395 3462 1448 Pelo-

1864 1486 2207 1554 ponnes'aci,
2247 1502 2413 1541 causa
2467 1487 2641 1542 fuisse
2681 1490 2940 1554 traditur,
2986 1498 3042 1543 et
3083 1503 3150 1542 ex
3201 1502 3310 1557 qua
3355 1486 3460 1540 Pe-

1865 1579 2028 1634 ricles
2076 1581 2292 1643 (ilium,
2341 1580 2446 1635 sibi
2499 1586 2926 1651 cognominem,
2986 1581 3253 1651 suscepit.
3331 1579 3461 1635 Fuit

1865 1681 1918 1728 ct
1953 1675 2147 1736 altera,
2194 1673 2480 1740 meretrix,
2516 1675 2585 1728 ab
2615 1675 2846 1744 Aspasia
2883 1674 3111 1730 Periclis
3143 1675 3383 1728 diversa.

1938 1767 2242 1835 Aspasius,
2290 1768 2549 1839 Byblius,
2607 1769 2878 1837 sophista.
2919 1769 3151 1838 aequalis
3201 1767 3460 1825 AriStidis

1868 1869 1922 1914 et
1966 1861 2213 1924 Adriani,
2265 1863 2491 1931 scripsit
2535 1862 2599 1914 de
2630 1861 2822 1931 Byblo,
2855 1862 2985 1933 περὶ
3019 1862 3266 1914 στάσεων
3289 1863 3462 1931 ὲσχη-

1867 1956 2243 2022 ματισμένων,
2285 1955 2350 2007 de
2389 1953 2620 2008 statibus
2655 1955 2940 2024 ﬁguratis;
2975 1955 3228 2025 μελέτας,
3281 1954 3464 2008 decla-

1863 2048 2162 2112 mationes;
2201 2048 2412 2118 Τέχνας
2456 2059 2624 2102 artem
2657 2051 3008 2115 rhetoricam;
3061 2050 3456 2121 ὑπομνήματα,

1862 2143 2308 2206 commentarios;
2377 2142 2606 2206 λαλιὰς,
2675 2160 2966 2197 sermones.
3039 2140 3459 2197 Encomiuutin

1861 2234 2158 2286 Adrianum
2205 2236 2331 2301 imp.
2371 2245 2419 2288 et
2453 2237 2507 2288 in
2542 2237 2678 2290 alios
2711 2237 2992 2306 quosdam.

1939 2330 2226 2396 Aspasius,
2263 2326 2482 2398 Tyrius,
2522 2329 2771 2397 sophista
2806 2339 2858 2382 et
2889 2329 3208 2393 historicus,
3237 2329 3461 2399 scripsit

1860 2425 1924 2478 de
1948 2421 2108 2490 Epiro
2131 2428 2178 2473 et
2207 2421 2356 2473 rebus
2382 2418 2672 2486 Epiroticis
2696 2419 2979 2476 historiam
3008 2419 3320 2488 σύμμικτον
3343 2420 3460 2475 sive

1865 2515 2265 2568 miscellaneam
2303 2513 2453 2565 libris
2490 2510 2617 2567 XX.
2654 2512 2728 2566 De
2760 2523 2876 2565 arte
2907 2512 3204 2578 rhetorica,
3235 2521 3292 2568 et
3325 2515 3456 2568 alia.

1932 2604 2204 2674 Aspasius
2231 2643 2246 2668 ,
2284 2603 2642 2666 Demetriani,
2679 2603 2854 2658 critici
2885 2611 2940 2657 et
2965 2604 3333 2659 mathematici
3368 2603 3460 2671 F.,

1861 2698 2170 2762 Ravennas,
2197 2698 2467 2766 sophista,
2487 2697 2825 2766 temporibus
2842 2696 3138 2750 Alexandri
3170 2697 3454 2752 Mantinea:

1863 2792 2081 2860 scripsit
2107 2790 2241 2860 πρὸς
2261 2789 2388 2850 τοὺς
2414 2787 2813 2859 φιλολοιδόρους
2837 2787 2932 2840 καὶ
2955 2788 3092 2851 πρὸς
3125 2789 3456 2859 Ἀρίστωνα,

1863 2884 2114 2940 adrersus
2163 2878 2450 2932 maledicos
2498 2886 2546 2931 et
2587 2878 2894 2932 Aristonem
2939 2879 3116 2933 varias
3163 2880 3454 2935 orationes.

1863 2974 2083 3028 Audivit
2120 2969 2448 3025 Pausaniam
2481 2980 2535 3025 et
2555 2970 3019 3038 Hippodrontutq,
3044 2978 3098 3025 et
3129 2979 3298 3025 artem
3329 2974 3456 3026 rhe-

1869 3067 2101 3120 toricam
2137 3065 2320 3117 Romae
2354 3063 2563 3128 docuit,
2596 3064 2684 3115 ubi
2714 3062 2805 3117 diu
2837 3063 3020 3117 clarus
3053 3061 3177 3117 fuit.

1935 3155 2384 3228 Astramsychos,
2425 3155 2647 3224 scripsit
2681 3154 2887 3224 βιϐλίον
2921 3153 3163 3226 ἰατρικὸν
3204 3154 3285 3218 εἰς
3317 3154 3456 3208 ὄνων

2377 2142 2568 2206 λαλιὰς
2592 2182 2606 2205 ,

150 3263 330 3309 τειος,
371 3247 560 3313 jouior
602 3245 989 3316 Xenophonte.
1029 3245 1218 3302 Romae
1253 3247 1386 3300 vixit
1419 3250 1759 3318 temporibus
1788 3275 1829 3330 ς
1867 3251 2196 3320 Θεραπείαν,
2234 3251 2429 3302 librant
2470 3250 2853 3303 reterinarium
2889 3249 2952 3303 de
2986 3249 3260 3302 asinorum
3292 3264 3455 3304 cura-

152 3341 418 3402 Adriani,
458 3341 720 3394 Antonini
769 3351 823 3394 et
865 3339 1054 3401 Marci,
1107 3340 1526 3407 imperatorum,
1568 3353 1621 3393 et
1668 3341 1758 3392 διὰ

149 3433 260 3503 τὴν
303 3433 403 3501 τῆς
462 3432 710 3496 παιδείας
758 3433 1078 3502 δεξιότητα,
1143 3439 1366 3500 propter
1441 3434 1758 3500 praeclaram

153 3525 498 3591 doctrinam,
549 3535 687 3579 teste
721 3525 1021 3589 lleliconio,
1066 3525 1131 3578 ad
1173 3525 1520 3578 consularem
1589 3541 1762 3594 usque

151 3617 490 3688 dignitatem
546 3629 795 3671 evectus.
875 3616 1111 3686 Scripsit
1181 3617 1351 3672 libros
1405 3633 1568 3687 quam
1637 3618 1761 3688 plu-

150 3714 356 3764 rimus.

233 3801 640 3864 Artemidorus,
688 3816 752 3855 ex
801 3801 978 3868 Daldi,
1030 3801 1207 3874 Lycia:
1249 3802 1470 3872 oppido,
1519 3804 1763 3873 philoso-

150 3896 328 3968 phus,
369 3895 593 3964 scripsit
636 3895 1093 3966 Ὀνειροκριτικὰ,
1122 3895 1186 3948 de
1237 3896 1561 3949 somniorum
1600 3899 1760 3950 inter-

150 3988 462 4058 pretatione
503 3987 662 4040 libros
723 3986 825 4040 IV.
873 3987 1311 4050 Οἰωνοσκοπικά,
1371 3987 1436 4040 de
1483 3989 1758 4058 auguriis;

147 4077 584 4152 χειροσκοπικᾶ,
617 4080 681 4133 de
713 4081 1061 4144 divinatione,
1112 4097 1229 4151 qua:
1261 4083 1320 4149 ﬁt
1369 4098 1460 4150 per
1510 4097 1759 4134 manuum

152 4173 566 4241 inspectionem.

238 4266 626 4318 Artemidorus
653 4306 666 4329 ,
739 4261 1374 4333 Pseudoaristophanios
1403 4304 1418 4327 ,

150 4360 506 4430 epsartytica
541 4359 656 4412 sive
689 4358 755 4410 de
793 4373 852 4410 re
889 4357 1212 4425 coquinaria
1244 4356 1486 4426 collegit.

235 4451 615 4519 Asclepiades,
662 4448 881 4503 Diotimi
924 4447 1014 4510 F.,
1050 4447 1362 4519 lilyrleanus
1395 4451 1488 4517 (ex
1532 4446 1754 4520 Myrlea,

151 4543 462 4613 Bithyniae,
511 4542 708 4595 deinde
761 4541 903 4594 dicta
969 4539 1256 4609 Apamea),
1323 4547 1380 4592 at
1434 4539 1494 4591 τὸ
1549 4541 1758 4593 ᾶνωΟεν

1493 4264 1758 4334 voeabula

1866 3346 2025 3409 tione,
2070 3353 2124 3397 et
2161 3341 2606 3412 ovatcozptctxbv,
2642 3341 2705 3395 de
2745 3343 3182 3410 interpretatione
3223 3344 3457 3396 somnio-

1865 3452 1925 3489 ru
1934 3453 1979 3487 m
1991 3475 2003 3489 ι

1935 3529 2344 3582 Astronomiam
2399 3527 2540 3580 inter
2592 3525 2922 3596 Babylonios
2975 3525 3185 3595 primus
3242 3525 3454 3581 invenit

1864 3621 2183 3676 Zoroastres
2212 3631 2264 3674 et
2290 3630 2412 3690 post
2436 3637 2558 3674 eum
2589 3619 2882 3684 Hostanes,
2915 3621 3008 3689 qui
3029 3637 3095 3675 ex
3118 3621 3370 3692 genitura
3399 3631 3454 3675 et

1864 3724 2013 3767 motu
2068 3714 2192 3768 coeli
2245 3713 2356 3766 fata
2409 3713 2694 3766 hominum
2753 3713 3100 3766 nascentium
3156 3713 3454 3767 observare

1862 3815 2168 3875 coeperunt.
2193 3798 2276 3859 ‘Ab
2299 3805 2385 3860 his
2411 3804 2647 3877 Egyptii
2675 3813 2730 3860 et
2758 3805 2930 3859 Graeci
2959 3805 3266 3860 doctrinam
3303 3806 3452 3860 illam

1864 3913 2143 3967 accepere,
2177 3897 2271 3966 qtti
2308 3899 2662 3954 nascentibus
2699 3898 2882 3953 itidem
2916 3898 3154 3953 themata
3191 3899 3454 3954 notabilia

1867 3992 2164 4060 assignant.

1933 4082 2218 4152 Astyages,
2252 4083 2666 4152 grammaticus,
2710 4083 2931 4153 scripsit
2972 4093 3144 4138 artem
3179 4091 3454 4154 gramma-

1863 4173 2046 4226 ticam.
2085 4173 2160 4226 De
2193 4173 2460 4228 dialectis.
2489 4173 2568 4227 De
2593 4176 2771 4228 metris
2799 4176 3030 4238 κανόνας
3063 4177 3449 4247 ὀνοματικοὺς.

1863 4265 2072 4335 regulas
2107 4262 2419 4331 hominum;
2457 4268 2901 4320 commentarium
2937 4269 2994 4320 in
3029 4268 3450 4324 Callimachum.

1931 4358 2292 4427 Astyanassa,
2329 4360 2549 4427 scripsit
2580 4360 2706 4428 περὶ
2746 4361 3043 4434 σχημάτων
3080 4377 3453 4414 συνουσιαστι-

1861 4449 1996 4505 κῶν.
2037 4445 2426 4504 Ea‘miniitatae
2457 4453 2716 4506 Philaenis
2747 4465 2801 4506 et
2833 4453 3222 4522 Elephantine.

1929 4543 2288 4614 Astydamas,
2328 4544 2544 4609 senior,
2585 4544 2731 4598 lilius
2762 4545 3010 4600 Morsimi
3037 4556 3091 4600 et
3121 4562 3289 4616 nepos
3317 4544 3450 4602 Plii-

144 4638 347 4705 γένος,
381 4636 428 4689 si
457 4635 621 4688 altius
652 4649 825 4704 genus
857 4643 1092 4701 repetas.
1126 4630 1454 4696 Nicaeensis,
1481 4647 1754 4700 gramma-
1790 4629 1831 4683 D
1864 4633 2040 4698 loclis,
2088 4633 2445 4704 tragicarum,
2496 4637 2740 4704 tragicus
2785 4645 2839 4690 et
2880 4638 3018 4706 ipse,
3074 4639 3445 4699 Atheniensis,

145 4732 332 4793 ticus,
401 4727 675 4796 Apollonii
742 4726 1089 4794 discipulus,
1143 4723 1235 4793 qui
1287 4723 1426 4778 vixit
1491 4723 1657 4776 Attali
1699 4733 1754 4777 et

148 4821 452 4882 Eumenis,
503 4818 964 4887 Pergamenorum
1017 4831 1243 4890 regum,
1289 4827 1555 4885 tempore.
1606 4815 1753 4870 Scri-

146 4915 271 4986 psit
296 4911 605 4980 (pilosdzpwv
635 4910 852 4981 βιϐλίων
887 4909 1235 4976 διορθωτικὰ,
1270 4908 1752 4977 philosoplticorum

145 5007 427 5057 librorum
492 5001 942 5060 emendationem,
999 4999 1214 5066 alioque
1253 4999 1480 5059 .multa.
1559 4999 1753 5052 Docuit

147 5099 358 5150 Romae
427 5103 669 5160 tempore
730 5093 974 5163 Pmupeii
1033 5094 1234 5164 Magni,
1298 5103 1353 5146 et
1407 5093 1752 5146 Alexandriae

143 5195 428 5258 regnante
493 5185 786 5239 Ptolemaeo
820 5196 1019 5255 quarto
1075 5187 1396 5241 adolescens
1445 5200 1752 5240 commora-

143 5296 248 5338 IUS
299 5289 404 5333 εει.

228 5377 616 5445 Δεριερὶειιιε,
685 5373 918 5439 medici,
970 5373 1050 5428 ab.
1086 5371 1426 5442 Esculapio,
1470 5373 1754 5428 medicina?

137 5475 322 5546 Γιτιιεί
365 5487 415 5526 e.

226 5566 681 5634 Asclepiodotus,
717 5562 1141 5624 Alexandrinus,
1189 5560 1258 5614 de
1290 5577 1398 5630 quo
1426 5562 1593 5615 multa
1627 5561 1751 5616 Sui-

137 5665 257 5718 (as
307 5659 348 5724 1,
393 5675 515 5728 pag.
565 5658 672 5712 552
726 5675 810 5726 sq.
865 5672 895 5711 e
942 5656 1252 5710 Damascio.

224 5754 532 5815 Asconius,
585 5750 891 5804 Paedianus.

221 5849 488 5901 Ascrreus
507 5883 520 5908 ,
568 5842 862 5898 Hesiodus.

223 5938 462 5997 Asinius
506 5936 824 6008 (Ἀσίννιος)
880 5934 1078 6002 Pollio,
1135 5933 1454 6003 Romanus,
1511 5933 1753 6006 ἱστορέας

1856 4727 2077 4795 scriprit
2114 4725 2414 4795 ttagtedias
2447 4726 2651 4792 CCXL,
2713 4728 2844 4783 vicit
2881 4727 2998 4783 XV.
3039 4729 3342 4799 Antequam
3378 4731 3448 4785 ad

1857 4817 2153 4887 tragoedias
2188 4819 2510 4872 scribendas
2548 4833 2606 4874 se
2639 4819 2950 4886 conferret,
2989 4821 3201 4876 audivit
3233 4821 3447 4878 Isocra-

1857 4925 1986 4971 lCnl.

1926 5011 2251 5082 Astydamas
2274 5053 2290 5078 ,
2319 5010 2526 5081 junior,
2558 5007 2757 5077 prioris
2788 5007 2957 5074 ﬁlius,
2990 5011 3256 5079 tragicus,
3282 5009 3445 5080 cujus

1854 5105 2102 5158 dramata
2141 5104 2421 5175 Ἡρακλῆς
2447 5102 2760 5169 σατυρικὸς,
2804 5101 3098 5169 Ἐπίγονοι,
3133 5104 3446 5172 Ἀῐαςνμαισ

1854 5197 2081 5266 νόμενος
2108 5240 2122 5263 ,
2155 5196 2588 5266 Βελλεροφόντης
2609 5234 2625 5261 ,
2659 5192 2850 5264 Τυρὼ,
2893 5193 3176 5265 Ἀλκμήνη
3195 5236 3208 5257 ,
3239 5194 3442 5260 Φοῖνιξ.

1856 5289 2210 5360 Παλαμήδης.

1926 5383 2222 5436 Athenaeus
2243 5422 2258 5445 ,
2292 5379 2608 5435 Nancratita
2632 5421 2646 5445 ,
2683 5381 3108 5451 grammaticus,
3141 5381 3233 5450 qui
3275 5380 3442 5438 Marci

1856 5472 1989 5543 imp.
2023 5482 2263 5541 tempore
2293 5472 2452 5538 vixit,
2484 5473 2700 5541 Scripsit
2732 5472 2930 5526 librum
2980 5471 3074 5541 qui
3122 5472 3446 5528 inscribitur

1857 5565 2335 5634 Δειπνοσοφισταὶ,
2363 5574 2469 5620 etc.

1927 5657 2348 5727 Athenodorus,
2381 5658 2589 5712 stoicus
2620 5657 2980 5728 philosophus
3009 5656 3114 5712 sub
3141 5655 3440 5713 Octaviano

1858 5753 2017 5821 imp.,
2048 5763 2155 5804 etc.

1927 5847 2314 5900 Athenodorus
2336 5884 2350 5908 ,
2377 5843 2601 5914 iunior,
2639 5844 2898 5900 omnibus
2930 5843 2998 5900 ad
3033 5843 3438 5915 philosophiam

1855 5936 2118 5994 subsidiis
2159 5937 2227 5992 ab
2277 5937 2495 6007 ingenio
2537 5945 2590 5993 et
2629 5943 2775 5992 recta
2822 5935 2988 5992 animi
3025 5936 3303 5992 voluntate
3351 5934 3442 5988 tn-
