4182 6526
735 405 869 468 I939

1943 410 2020 468 IN
2035 410 2181 468 DEX
2225 411 2357 470 SCIi
2375 411 2390 467 l
2405 413 2719 473 P’I‘OIIUM

3873 413 4007 477 1940

726 520 1054 587 (lanstantti,
1079 524 1419 577 Censtantini
1446 522 1516 576 Μ.
1543 525 1659 586 lilii,
1686 533 1738 578 ct
1769 523 2033 586 Flaviani,
2065 526 2304 595 episcopi
2333 526 2385 583 Α
2480 527 2787 592 Cleanthes,
2822 526 3070 595 Cassius,
3098 527 3320 586 Phaniae
3351 531 3435 598 F.,
3455 534 3668 599 Assius,
3706 533 4008 602 discipulus

727 614 1054 679 Antiochim,
1081 614 1334 668 bifariam
1372 614 1591 670 Davidis
1620 616 1870 671 Psalmos
1904 615 2308 680 canentes.Qui

729 723 852 761 mos
910 707 1399 777 (autipltonaruni),
1433 708 1735 762 Antiochiae
1782 708 2020 778 primum
2071 717 2305 778 coeptus,

729 810 899 852 totum
934 808 1202 852 terrarum
1231 800 1415 854 orbem
1441 810 1626 869 postea
1653 803 1913 869 pervasit.

796 893 1120 958 (Iliosroem,
1154 910 1331 963 regem
1379 892 1693 959 Persarum,
1734 894 2102 965 deprzudieant
2142 910 2306 963 supra

724 985 898 1052 ipsius
926 986 1179 1039 meritum
1221 1000 1325 1038 non
1359 995 1567 1039 tantum
1600 984 1798 1049 Persa},
1837 986 1929 1040 scd
1965 995 2015 1039 et
2060 985 2306 1038 nonnulli

729 1075 766 1124 ιι
795 1092 1126 1141 unanerum,
1180 1088 1235 1129 ut
1293 1077 1601 1131 litterarum
1652 1087 1949 1131 amatorem
1992 1079 2196 1147 quique
2239 1077 2304 1130 ad

723 1168 1082 1236 philosophiae
1113 1179 1313 1221 nostrae
1349 1171 1562 1224 culmen
1587 1170 1840 1233 evaserit,
1863 1184 1985 1223 cum
2010 1169 2056 1222 ei
2087 1167 2307 1222 Greeca-

726 1264 846 1314 nica
899 1262 1102 1330 scripta
1158 1263 1226 1315 ab
1274 1264 1569 1331 interprete
1622 1262 1860 1330 quodam
1913 1262 1965 1315 in
2029 1260 2305 1315 Persicam

722 1353 962 1411 linguam
990 1361 1174 1407 essent
1205 1368 1484 1417 conversa,
1528 1352 1600 1407 ita
1641 1362 1698 1405 ut
1734 1353 2079 1406 Aristotelem
2110 1351 2306 1407 melius

722 1443 1024 1498 edidicerit.
1053 1461 1218 1513 quam
1252 1444 1641 1498 Demosthenes
1665 1442 2064 1515 Thucydidem,
2093 1457 2146 1500 et
2184 1446 2307 1500 Pla-

724 1535 922 1587 tunicis
976 1535 1322 1603 dogn‘iatibus
1371 1544 1518 1588 totus
1578 1548 1722 1590 esset
1778 1536 2050 1600 refertus,
2094 1549 2152 1589 ut
2206 1552 2306 1591 nec

722 1621 1117 1691 Tumens-ejus
1161 1624 1574 1692 intelligentiam
1622 1625 1887 1695 effugerit,
1924 1641 2021 1680 nec
2060 1624 2300 1679 Phaedon

719 1732 820 1767 iure
853 1714 1101 1783 Gorgias,
1125 1726 1229 1770 t'IC.
1269 1715 1347 1767 lix
1374 1717 1624 1782 Agat/tiu.

789 1807 1208 1868 Cluistodorus,
1247 1805 1460 1861 Panisci
1488 1806 1573 1870 F.,
1596 1824 1658 1862 eti
1692 1807 1862 1877 Copto
1900 1809 2036 1862 urbe
2065 1808 2299 1878 Egypti,

719 1906 875 1963 poeta
918 1897 1140 1965 rpicus,
1177 1898 1453 1951 Anastasii
1505 1898 1637 1968 imp.
1679 1901 2038 1969 temporibus.
2071 1900 2305 1970 Scripsit

717 1991 964 2044 .Isattrit‘n
996 1991 1146 2045 libris
1172 1990 1269 2055 VI,
1301 1994 1412 2045 sive
1441 1994 1504 2046 de
1532 1993 1753 2045 Isauria!
1785 1994 2206 2062 expugnatione,
2236 1993 2305 2048 ab

719 2084 1013 2137 Anastasio
1042 2082 1180 2137 facta
1208 2101 1221 2146 ;
1258 2086 1468 2150 Πάτρια
1511 2084 1626 2137 sive
1657 2086 1897 2154 Origines
1931 2085 2137 2148 CPulis,
2181 2102 2301 2140 vcr-

720 2175 872 2227 siluts
933 2174 1165 2227 heroicis
1208 2174 1356 2227 libris
1409 2173 1526 2228 ΧΗ
1604 2175 1846 2245 Origines
1911 2175 2305 2231 Thessalonice:

723 2266 872 2317 libris
914 2264 1092 2320 XXV.
1126 2266 1369 2336 Origines
1414 2267 1606 2322 Nacles
1657 2284 1824 2337 prope
1872 2268 2217 2338 llcliopolim,
2249 2271 2302 2324 in

719 2374 828 2421 qua
892 2370 1021 2414 sunt
1074 2361 1315 2426 Aphaca.
1379 2360 1621 2429 Origines
1675 2360 1871 2425 Mileti,
1928 2362 2078 2415 urbis
2121 2360 2303 2417 Ioniae.

723 2453 965 2521 Origines
1046 2452 1333 2509 Trallimu.
1403 2454 1645 2524 Origines
1706 2452 2137 2522 Aplirodisiazlis.
2201 2455 2307 2510 Ec—

716 2546 953 2611 νίὲνηιῑὶιη
993 2547 1105 2599 sive
1148 2546 1550 2611 descriptionem
1588 2557 1893 2600 statuarum
1932 2549 1985 2600 in
2032 2551 2305 2620 gymnasio

721 2637 1003 2707 Zt’t:.t‘.ippi,
1040 2649 1088 2692 et
1115 2640 1218 2694 alia
1257 2641 1448 2693 multa.

789 2733 1216 2802 Chrysanthius,
1289 2734 1613 2797 Sardianus,
1684 2734 2081 2804 philosophus,
2145 2749 2303 2805 quem

717 2825 966 2878 Julianus
1009 2842 1098 2893 per
1130 2826 1338 2880 litteras
1372 2826 1677 2880 arcessivit.
1730 2826 1825 2881 Ille
1865 2842 1993 2880 vero
2034 2841 2136 2881 suo
2186 2827 2305 2881 loco

718 2918 941 2981 ληκηξτ,
974 2935 1001 2971 a
1031 2934 1166 2971 vana
1199 2919 1369 2989 gloria
1393 2920 1606 2974 alienus
1641 2930 1696 2975 et
1734 2920 1922 2974 divino
1950 2930 2083 2975 nutu
2120 2922 2305 2976 omnia

716 3010 946 3063 finiens.
992 3010 1070 3062 [2'1
1109 3011 1374 3079 lirnapio.

788 3104 1143 3173 Chrysippus,
1170 3102 1509 3172 Apollonida:
1540 3103 1626 3169 F.,
1651 3102 1919 3169 Solensis,
1958 3103 2041 3158 Vt‘I
2065 3104 2303 3159 Tarsen-

2413 619 2664 684 Cratetis,
2695 622 2888 676 deinde
2933 621 3190 689 Zenonis,
3222 625 3309 678 cui
3342 627 3503 679 etiam
3542 626 3847 682 successit:
3885 641 4005 678 ma-

2413 714 2578 778 gister
2612 712 2920 783 Chrysippi,
2968 713 3280 783 philosophi
3334 713 3598 780 Solensis,
3637 727 3691 770 et
3746 713 4005 783 Antigoni

2417 803 2580 871 rrgis.
2616 803 2715 857 IIie
2746 804 2891 872 pugil
2932 813 3110 870 antea,
3146 804 3386 861 Athenas
3423 806 3717 876 profectus,
3756 807 4003 876 philoso-

2413 896 2553 965 phim
2606 912 2788 950 amore
2828 907 3022 967 captus
3067 909 3152 953 est
3186 916 3201 953 :
3232 901 3558 966 laboriosus,
3594 911 3651 956 ut
3682 902 3818 955 alter
3867 899 4006 953 Her-

2414 989 2561 1044 cules
2586 988 2879 1054 diceretur,
2917 1000 2968 1045 et
2997 992 3325 1061 φρεάντλης,
3362 993 3509 1061 quia,
3540 1009 3662 1047 cum
3698 1009 3802 1046 non
3836 993 4006 1045 liabe-

2413 1093 2514 1143 ret,
2546 1082 2689 1136 unde
2719 1084 2946 1146 viveret,
2978 1094 3139 1138 noctu
3177 1086 3424 1140 mercede
3467 1102 3662 1155 aquam
3692 1086 4004 1149 haurietat,

2415 1176 2646 1229 interdiu
2693 1176 2993 1245 disciplinis
3018 1186 3071 1232 ct
3101 1178 3253 1233 libris
3304 1178 3553 1234 vacabat.
3602 1177 3836 1249 Scripsit
3881 1180 4004 1248 plu-

2413 1282 2575 1320 l'IIlta.

2483 1358 2800 1424 Clearchus,
2840 1357 3103 1422 Solensis,
3145 1363 3293 1415 varia
3319 1363 3560 1432 scripsit.

2481 1451 2797 1515 Clearchus,
2856 1453 3137 1517 Ponticus,
3190 1453 3432 1509 Athenas
3485 1454 3763 1524 profectus
3788 1464 3875 1509 est
3903 1470 4001 1509 au-

2409 1544 2591 1599 diendi
2639 1545 2882 1601 Platonis
2943 1564 3128 1603 causa.
3180 1549 3285 1603 Sed
3338 1551 3388 1603 in
3436 1552 3645 1605 somnis
3697 1552 3830 1605 vidit
3881 1568 4005 1604 mu.

2409 1638 2594 1692 lienem
2619 1680 2634 1704 ,
2683 1639 2786 1693 sibi
2841 1640 3112 1695 dicentem
3147 1659 3160 1694 :
3200 1642 3405 1695 Excede
3444 1645 3717 1697 academia
3746 1654 3796 1697 et
3824 1645 4000 1709 linque

2407 1731 2814 1799 philosophiam,
2839 1750 2943 1801 qua
2989 1733 3099 1800 [rui
3128 1735 3220 1787 tibi
3245 1735 3327 1799 fas
3352 1751 3449 1787 non
3500 1747 3595 1799 est,
3630 1737 3835 1800 infenso
3862 1736 3998 1788 enim

2408 1824 2552 1878 cultu
2592 1834 2639 1878 te
2672 1826 2929 1878 intuetur.
2989 1824 3129 1879 Iline
3174 1826 3224 1879 in
3272 1829 3503 1895 patriam
3566 1828 3762 1887 rediit,
3804 1825 4001 1880 deinde

2410 1917 2554 1970 venit
2582 1918 2646 1970 ad
2679 1916 3072 1980 Mithridatem,
3127 1919 3362 1988 denique
3413 1918 3862 1973 Heracleotarum
3918 1929 4002 1987 ty-

2407 2025 2611 2064 rannus
2640 2024 2761 2062 cum
2808 2010 3095 2066 evasissﬂ.
3152 2010 3447 2064 crudeliter
3485 2010 3794 2075 imperavit,
3834 2009 4003 2061 veszi.

2407 2101 2549 2163 lius,
2596 2098 2786 2169 quales
2832 2099 3247 2168 conspiciuntur
3294 2098 3346 2151 in
3394 2098 3703 2154 simulacris
3745 2097 4000 2159 deorum,

2410 2191 2707 2245 insolenter
2738 2207 2796 2245 se
2831 2189 3039 2253 induit,
3097 2190 3266 2244 filium
3321 2190 3605 2259 κεραυνὸν,
3661 2190 3865 2257 fulmen
3912 2204 4009 2259 ap-

2407 2276 2640 2345 pellavit.
2693 2275 3014 2331 Interfectus
3054 2291 3084 2331 a
3115 2275 3345 2344 Chione,
3374 2274 3610 2332 Leonide
3639 2286 3693 2330 et
3718 2277 4007 2346 Antitheo,

2407 2368 2690 2437 discipulis
2725 2368 2964 2423 Platonis
3000 2368 3333 2438 philosophi.

2480 2459 2754 2527 Clemens,
2798 2460 3116 2523 historicus,
3163 2462 3382 2529 scripsit
3411 2461 3477 2515 de
3507 2461 3887 2515 Romanorum
3924 2478 4007 2515 re-

2410 2554 2569 2621 gibus
2600 2562 2652 2605 et
2686 2553 3127 2621 imperatoribus,
3163 2561 3215 2606 ct
3244 2552 3312 2607 ad
3341 2551 3727 2623 Hieronymum
3763 2554 3833 2607 de
3866 2553 4002 2622 ligu-

2411 2645 2486 2699 ris
2519 2645 2829 2699 Isocratieis
2860 2654 2912 2699 et
2940 2645 3069 2697 alia.

2479 2737 2757 2803 Cleobins,
2791 2752 2987 2791 nomen
3020 2736 3321 2790 sacerdotis
3359 2735 3647 2789 idolorum.

2479 2830 2815 2888 Cleobuline,
2877 2828 3098 2893 Lindia,
3167 2829 3439 2893 Cleohnli,
3511 2828 3797 2893 sapientis,
3875 2830 4006 2887 lilia.

2410 2924 2724 2991 ἑξαμέτρων
2759 2922 3097 2987 αἰνιγμάτων
3148 2922 3431 2991 ποιήτρια,
3485 2921 3705 2989 scripsit
3735 2936 3930 2975 versus
3959 2933 4009 2970 et.

2408 3015 2629 3084 griphos
2660 3022 2714 3066 et
2749 3014 2958 3066 rclcin‘e
3012 3012 3144 3066 illud
3200 3016 3429 3082 aenigma
3479 3014 3530 3066 in
3566 3029 3796 3070 annum.
3856 3014 4001 3081 quod

2409 3104 2638 3173 inc':pit:
2673 3100 2766 3163 Εἷς
2822 3105 2849 3154 ὀ
2901 3102 3124 3174 πατὴρ,
3180 3103 3369 3165 παῖδες
3415 3101 3471 3155 δὲ
3518 3102 3746 3166 δώδεκα,
3794 3102 3906 3153 τῶν
3954 3101 4011 3154 δὲ

720 3197 821 3251 sis.
851 3195 1233 3264 philosophus,
1284 3196 1588 3264 discipulus
1620 3196 1899 3250 Cleanthis
1925 3239 1938 3261 ,
1976 3208 2098 3266 post
2141 3213 2300 3265 quem

2415 3197 2631 3262 ἑκάστῳ
2660 3194 2848 3254 παῖδες
2873 3194 3191 3260 τριάκοντα,

721 3288 919 3343 Stoica:
945 3287 1144 3340 SCIIOI‘J’
1186 3288 1426 3353 praefuit,
1456 3296 1509 3340 ct
1531 3287 1666 3341 obiit
1694 3289 1868 3342 (elatis
1899 3303 2041 3341 anno
2069 3287 2303 3353 LXXIII,

722 3380 794 3432 ob
842 3381 1094 3433 haustum
1145 3378 1360 3433 avidius
1421 3395 1632 3431 merum
1682 3379 1945 3442 vertiguie
1994 3392 2300 3447 correptus,

723 3472 830 3536 vel,
881 3482 938 3525 ιιι
990 3470 1122 3534 alii,
1176 3472 1246 3525 ob
1299 3471 1529 3524 nimium
1579 3473 1751 3526 risum
1813 3472 2016 3541 olymp.
2074 3470 2303 3525 CXLIII.

718 3564 1055 3631 Conscripsit
1091 3564 1259 3617 lihrcs
1289 3564 1471 3631 plures
1508 3578 1671 3631 quam
1710 3562 1837 3616 DCC
1868 3563 2302 3632 philos0phicos,

722 3643 1016 3712 historicos
1060 3666 1113 3710 et
1159 3657 1571 3726 grammaticos.
1635 3654 1989 3725 Sophismata
2050 3655 2302 3725 quaedam

717 3748 1007 3819 Chrysippi
1046 3746 1248 3801 Suidas
1285 3746 1501 3801 afferte
1538 3744 1781 3800 Laerlio.

786 3840 867 3894 Ad
928 3841 1343 3909 Chrysogonum
1398 3837 1769 3893 confessorem
1839 3837 2099 3907 epistolas
2168 3839 2307 3894 duas

718 3933 1023 3988 Anastasis:
1068 3931 1344 4001 martyris,
1393 3946 1422 3984 a
1454 3930 1670 3995 Publio,
1731 3944 1830 3984 suo
1875 3931 2093 3992 marito,
2133 3929 2309 3987 idolo-

715 4039 840 4078 rum
887 4021 1113 4085 cultore,
1163 4021 1382 4076 liberari
1435 4020 1722 4089 cupientis,
1780 4034 1888 4074 una
1920 4035 2042 4074 eum
2074 4019 2309 4092 Chryso—

715 4116 841 4187 goni
895 4115 1348 4185 responsionibus
1404 4113 1601 4168 Suidas
1648 4114 1875 4167 ascribit
1927 4113 2187 4183 integras,
2239 4115 2307 4170 de

713 4208 915 4277 quibus
968 4206 1155 4262 confer
1202 4205 1521 4276 Menagiana
1558 4217 1688 4259 tom.
1723 4202 1810 4271 IV,
1842 4220 1963 4274 pag.
1994 4204 2122 4271 208,
2173 4205 2305 4260 edit.

712 4303 893 4357 Amst.

784 4391 1030 4457 Cicilius,
1081 4391 1339 4461 Argivus,
1388 4399 1545 4461 poeta
1598 4392 1806 4461 epicos,
1856 4391 1949 4460 qui
2005 4389 2306 4445 Halieutica

713 4484 930 4552 scripsit
960 4483 1232 4547 versibus,
1265 4496 1324 4537 ιιι
1359 4483 1661 4537 Numenius
1691 4483 2033 4549 Heraclema,
2067 4484 2306 4538 Pancra-

2483 3284 2813 3346 Cleobulus,
2870 3283 3125 3353 Evagon».
3173 3283 3549 3345 F..Lindins,
3602 3299 3745 3337 unus
3799 3294 4006 3350 septem

2416 3375 2754 3445 Sapientutn,
2810 3374 3017 3429 viribus
3066 3377 3313 3443 Corporis
3356 3386 3409 3429 et
3461 3375 3647 3428 fol-nire
3694 3376 4010 3443 pirestantia

2412 3468 2707 3538 excellens,
2736 3468 2827 3534 qui
2854 3466 3016 3520 etiam
3044 3464 3422 3536 {Egyptioruin
3463 3467 3810 3535 philosophia
3843 3467 4009 3519 iusti-

2415 3568 2564 3613 tutus
2616 3558 2735 3612 fuit.
2803 3556 3036 3627 Scripsit
3091 3557 3313 3627 ᾄπματα
3366 3560 3457 3609 καὶ
3504 3558 3733 3627 γρίιξςυς
3775 3562 3855 3620 εἰς
3903 3560 4010 3627 ἔπη

2414 3651 2705 3720 τρισχὲλια,
2748 3650 2953 3702 cantica
2981 3660 3026 3701 ct
3060 3650 3271 3718 griphos
3323 3650 3553 3703 uersibus
3588 3651 3905 3702 hexametris
3942 3650 4009 3701 ad

2414 3755 2492 3796 ter
2521 3744 2684 3795 mille.
2722 3740 2869 3795 Obiit
2911 3756 3074 3795 senex
3109 3756 3254 3794 anno
3306 3740 3480 3794 atatis
3516 3740 3678 3794 L.\X.
3725 3742 3860 3796 Filia
3891 3745 4012 3810 tjus

2412 3837 2753 3892 Cleobuline.
2813 3836 3280 3905 Apopluhegmata
3340 3837 3587 3906 quaedam
3643 3838 3707 3897 ie
3750 3836 4010 3904 Laertio)

2416 3929 2616 3985 Suidas
2660 3929 2852 3983 recitat
2880 3941 2933 3984 et
2964 3928 3326 4001 fragmentum
3376 3944 3441 3984 ex
3477 3929 3700 3999 epistola
3745 3930 3813 3983 ad
3850 3931 4013 3984 Solo-

2418 4039 2570 4079 nem.

2485 4118 2785 4188 Cleophon,
2819 4116 3187 4179 Atheniensis,
3229 4114 3489 4185 tragicus,
3544 4128 3608 4167 ex
3658 4114 3816 4179 cujus
3878 4115 4015 4169 dra-

2416 4208 2655 4264 natatibus
2709 4217 2838 4262 sunt
2904 4208 3193 4269 Ἀκταίων,
3273 4206 3635 4275 Ἀμφιάραος,

2416 4302 2650 4371 Βάκχαι,
2684 4300 3007 4369 Δεξαμενὸς,
3061 4298 3339 4370 Ἠριγόνῃ,
3374 4300 3633 4360 Boiam,
3668 4301 4012 4364 Λεύκιππῡς,

2417 4392 2641 4463 Περσὶς,
2674 4392 2941 4460 Τήλεφος.

2481 4484 2787 4539 Cleoxenus
2810 4492 2863 4537 et
2888 4483 3216 4538 Democlitus
3243 4485 3579 4553 scripserunt
3601 4485 3729 4553 περὶ
3767 4484 4012 4553 mgnas,

3706 4207 4010 4275 Ἀχιλλεὺς,

712 4585 795 4628 tes
819 4574 1012 4636 Arcas,
1066 4573 1398 4628 Posidonius
1444 4572 1783 4638 Corinthius,
1817 4574 2096 4644 Oppianus
2126 4574 2265 4628 Cilix
2294 4592 2308 4627 :
2347 4583 2391 4640 ι)
2421 4578 2487 4632 de
2536 4576 2744 4633 facibus
2769 4617 2784 4639 ,
2844 4575 3045 4643 quibus
3080 4576 3132 4628 in
3166 4577 3304 4630 bello
3346 4576 3562 4647 signum
3597 4591 3658 4627 ex
3706 4579 4014 4643 composito

715 4665 967 4719 oratione
999 4679 1127 4719 vero
1157 4666 1329 4719 soluta
1383 4662 1648 4718 Seleucus
1696 4664 2003 4731 Tarsensis,
2045 4664 2311 4721 Leonides

716 4757 1050 4825 Itytantinus
1108 4757 1437 4826 Agathocles
1468 4757 1742 4812 Atracins.

786 4853 1003 4918 Cimon,
1049 4852 1302 4907 Miltiadis
1335 4853 1496 4919 filius,
1529 4862 1659 4917 elc.,
1709 4853 1846 4907 adde
1898 4869 2061 4924 supra
2096 4853 2161 4907 Υ.
2198 4854 2308 4922 Αρ-

714 4954 923 5013 syrius.

785 5035 1053 5098 Cinesias,
1086 5046 1245 5103 poeta
1272 5035 1724 5105 dithyrambicus,
1750 5036 1843 5104 qui
1876 5036 1945 5090 ob
1977 5036 2306 5105 impietatem

718 5133 772 5177 ct
799 5125 1123 5193 injustitiain
1159 5127 1302 5181 male
1334 5126 1616 5181 audiebat.

787 5216 1042 5288 Cinyras,
1094 5220 1236 5273 filius
1265 5218 1537 5285 Thianlis,
1587 5220 1729 5289 regis
1757 5218 1940 5289 Cypri,
1979 5217 2131 5272 valde
2159 5218 2309 5273 dives

716 5318 770 5363 et
799 5311 935 5364 artis
968 5310 1189 5364 musica.-
1229 5311 1445 5381 egregie
1482 5312 1707 5380 peritus.

786 5402 1191 5465 Κειτούκειτος,
1249 5402 1538 5469 Ulpianus,
1586 5418 1729 5457 unus
1764 5402 2306 5472 dipnosophistarum

718 5496 882 5566 (apud
920 5494 1285 5562 Athenaeum),
1315 5495 1385 5548 ita
1409 5495 1609 5560 dictus,
1643 5495 1769 5564 quia
1795 5495 1862 5549 de
1893 5494 2122 5564 singulis
2162 5494 2308 5547 voci-

718 5591 821 5645 I-us
853 5586 1061 5644 solebat
1101 5587 1439 5656 interrogare
1484 5589 1661 5637 κεῖται,
1697 5584 1729 5653 ἣ
1763 5585 1823 5638 οὐ
1856 5586 2070 5649 κεῖται,
2112 5593 2304 5648 exstat,

717 5696 892 5734 annon
924 5689 1118 5740 exstat.
1154 5678 1228 5747 (in
1264 5676 1503 5747 probatis
1533 5676 1961 5745 scriptoribus?)

788 5772 1144 5835 Claudianus,
1185 5770 1610 5833 Alexandrinus,
1648 5779 1806 5838 pocla
1831 5768 2085 5823 heroicus
2117 5784 2302 5823 recen-

720 5867 844 5933 tior,
875 5864 966 5934 qui
998 5864 1213 5923 Arcadii
1239 5872 1289 5920 ct
1328 5862 1547 5919 Ιιοιιυι·ἰί
1583 5862 1745 5932 impp.
1789 5864 2121 5932 tciupor‘bm
2150 5863 2301 5917 vixu.

2413 4667 2594 4721 datur.
2650 4668 2855 4721 IIorum
2905 4681 3046 4734 opus
3095 4666 3374 4737 Polybius,
3434 4667 3838 4735 Megalopolim,
3892 4683 4015 4719 (or-

2414 4759 2577 4825 rcxit,
2621 4768 2678 4811 ut
2711 4759 2826 4825 ipse
2855 4761 2904 4810 in
2938 4759 3168 4812 historia
3210 4775 3310 4814 sua
3366 4761 3549 4813 refert.
3595 4757 3766 4829 [cont
3823 4756 4011 4827 Po.’yb.

2413 4851 2482 4916 Χ,
2525 4868 2572 4905 c.
2627 4852 2717 4915 39,
2754 4863 2808 4905 et
2854 4851 3176 4919 Ii'ernsdorf
3219 4852 3283 4905 ad
3336 4850 3555 4905 IIimerii
3612 4859 3754 4905 orat.
3788 4850 3858 4903 de
3898 4853 4015 4905 lau-

2413 4944 2577 4997 dibus
2625 4944 2774 4997 urbis
2831 4943 2993 4997 (LPol.
3035 4954 3088 4997 et
3130 4943 3330 4997 Iuliani
3388 4947 3524 5013 Aug.
3575 4960 3604 4997 a
3656 4961 3743 4999 me
3788 4948 4011 5003 editam,

2413 5033 2657 5103 I'Zrlanga:
2684 5034 2841 5098 I785,
2888 5033 3019 5098 iit-3,
3055 5051 3104 5102 p.
3135 5034 3222 5099 liO,
3257 5051 3400 5103 sqq.,
3427 5051 3709 5104 nuperque
3734 5036 3800 5089 de
3834 5037 3933 5090 hac
3958 5050 4014 5090 re

2411 5123 2747 5194 disputatum
2808 5136 2891 5180 est
2926 5142 2955 5179 a
2986 5125 3209 5180 Bretton'
3240 5129 3291 5180 in
3334 5126 3612 5191 Ilenniani
3669 5128 3793 5180 libr.
3857 5144 4014 5181 meno

2411 5224 2601 5269 struo:
2637 5213 2828 5268 Genius
2862 5215 2955 5266 der
3007 5215 3141 5269 Zcit.
3186 5215 3255 5269 M.
3285 5215 3413 5269 Jun.
3453 5216 3606 5277 I797,
3645 5231 3698 5285 p.
3738 5216 3840 5269 IG‘Z
3890 5232 4013 5285 s.;q.

2411 5306 2479 5360 de
2515 5305 2877 5376 Telegrapnia
2909 5307 3152 5362 Griecor.
3181 5317 3235 5362 et
3266 5306 3590 5380 Romanun]

2483 5398 2675 5451 Κωνὸν
2754 5402 3136 5467 γραμματεῖον
3189 5400 3285 5452 καὶ
3352 5400 3730 5469 ληξιαρχικόν.
3804 5398 4013 5452 Tabula

2410 5492 2719 5545 Communis
2743 5491 3025 5544 dieehatur
3050 5507 3133 5554 ea,
3161 5493 3211 5544 in
3240 5508 3346 5561 qua
3377 5494 3759 5546 scribebantur
3788 5493 4014 5545 nomina

2413 5583 2651 5645 illorum,
2702 5581 2797 5650 qui
2851 5582 2903 5634 in
2952 5582 3241 5636 curialium
3274 5593 3326 5637 et
3357 5582 3688 5637 familiarum
3743 5584 4013 5637 nobilium

2414 5687 2702 5727 numerum
2755 5671 3145 5727 referebantur.
3197 5672 3545 5729 Lesiarehira
3598 5689 3751 5736 vero,
3802 5676 3891 5727 cui
3934 5674 4014 5725 ius

2413 5764 2795 5821 scribebantur
2826 5765 2924 5829 illi,
2955 5767 3044 5835 qui
3074 5769 3211 5821 inter
3244 5767 3482 5835 plebeios
3506 5768 3912 5821 referebantur.

2481 5856 2769 5922 Colutltus,
2828 5855 3161 5929 Lys-opoiita,
3223 5860 3537 5927 Thclanus,
3591 5872 3752 5932 poeta
3794 5862 4008 5929 epici».
