4182 6526
172 433 301 496 ῙΞΗ

1419 429 1516 487 DE
1556 428 1842 500 QUIBUS
1883 428 2185 488 SUIDAS.

3314 413 3458 480 1242

167 551 504 620 temporibus
575 549 846 603 Anastasii
902 550 1033 614 imp.
1104 547 1335 615 Scripsit
1392 545 2014 615 ChatydonicaAmspt
2092 541 2357 609 λιμένων,
2435 537 2691 592 laudante
2760 536 2810 588 id
2861 549 3000 604 opus
3069 530 3322 586 Eustath.
3387 527 3462 584 ad

164 640 320 694 libris
351 638 452 704 VI;
513 636 774 692 Eucomia
807 637 1056 691 versibus
1123 635 1376 697 heroicis,
1417 642 1466 686 et
1517 633 1751 686 Persica.

235 732 438 797 Corax,
496 731 902 801 Syracusanus,
967 730 1266 783 rhetorices
1318 727 1566 781 inventor
1623 741 1637 776 :
1702 726 1754 777 in

166 826 315 878 hunc
359 831 413 878 et
459 821 574 888 ejus
627 821 978 889 discipulum,
1039 819 1267 882 Tisiam,
1333 819 1536 872 dictum
1608 816 1754 871 fuit:

167 916 304 970 Mali
354 915 494 968 corvi
545 914 740 966 malum
783 929 955 967 ovum.
989 911 1190 966 Confer
1228 909 1450 965 Suidam
1485 910 1538 962 in
1569 906 1755 961 Κακθῦ

166 1007 426 1075 κόρακος.

235 1096 506 1160 Corinna,
563 1094 817 1164 Thespia,
862 1095 1046 1165 lyrica,
1087 1108 1251 1162 quam
1293 1092 1382 1146 alii
1416 1089 1755 1146 Corinthiam

164 1188 339 1244 fuisse
370 1191 646 1253 dixerunt,
680 1189 898 1257 scripsit
933 1203 1124 1242 nomos
1157 1186 1378 1256 lyricos.

234 1283 501 1346 Corinna,
545 1283 751 1352 junior.
783 1280 1144 1335 Acheloodori
1175 1290 1228 1332 et
1259 1277 1553 1332 Procratia:
1605 1276 1710 1329 lilia
1737 1316 1752 1336 ,

163 1371 448 1433 Thebana,
487 1373 567 1426 vel
614 1371 930 1438 Tanagraea,
987 1370 1250 1439 discipula
1294 1369 1562 1438 Myrtidis,
1621 1367 1754 1438 Myia

162 1463 553 1528 Cognominata
589 1500 602 1523 ,
661 1460 848 1530 lyrica,
902 1475 1022 1528 qua:
1074 1459 1389 1528 quinquies,
1435 1468 1494 1513 ut
1555 1457 1753 1520 lerunt,

161 1551 460 1604 Pindarum
527 1551 672 1606 vicit.
753 1551 982 1620 Scripsit
1031 1551 1382 1620 (carminum)
1443 1550 1610 1606 libros
1690 1548 1754 1613 V,

158 1643 408 1713 itemque
442 1646 841 1717 epigrammata
872 1657 920 1699 et
949 1646 1161 1699 cantica
1205 1646 1391 1715 lyrica.

235 1737 528 1796 Coi-ianus,
580 1737 812 1800 Iliensis,
877 1747 1032 1807 poeta
1080 1737 1333 1791 heroicus
1389 1735 1669 1805 (Homero,
1701 1747 1759 1791 ut

161 1831 388 1900 quidam
445 1840 656 1900 putant,
692 1830 1015 1899 antiquior),
1095 1830 1186 1898 qui
1256 1832 1466 1898 primus
1531 1827 1756 1882 Iliadem

1866 634 2058 703 Odyss.
2096 633 2137 697 I,
2166 648 2287 702 pag.
2326 631 2481 695 I6l5,
2519 631 2631 698 '59),
2661 637 2713 682 et
2742 628 2866 682 alia.

1934 725 2210 788 Cratinus,
2237 723 2547 777 Callimedis
2581 720 2670 783 F.,
2701 717 3075 780 Atheniensis,
3099 713 3343 769 comicus
3369 726 3461 766 an-

1865 817 2026 886 tiqua:
2076 814 2396 877 comoediae,
2451 813 2702 884 λαμπρὸς
2735 811 2829 864 τὸν
2867 809 3212 880 χαρακτῆρα,
3260 817 3459 874 genere

1865 911 2078 966 dicendi
2121 909 2405 978 splendido
2452 922 2605 972 usus,
2628 915 2734 961 etc.
2785 901 3014 972 Scripsit
3060 899 3270 955 fabulas
3296 893 3457 962 XXI;

1865 1003 1992 1059 vicit
2010 1002 2214 1057 novies.

1934 1114 2550 1187 Creophylus,Astyclis
2581 1112 2671 1176 F.,
2699 1111 2888 1172 Chius,
2917 1108 2996 1162 vel
3034 1105 3269 1163 Samius.
3302 1111 3458 1172 poeta

1865 1209 2073 1280 epicus.
2102 1224 2262 1276 quem
2284 1207 2528 1262 nonnulli
2559 1203 2775 1258 Homeri
2797 1216 3054 1271 generum
3080 1198 3250 1251 luisse
3272 1197 3458 1260 aiunt;

1867 1303 1956 1355 alii
1985 1304 2222 1358 amicum
2261 1309 2467 1355 tantum
2488 1341 2502 1364 ,
2533 1316 2561 1352 a
2589 1313 2719 1367 quo,
2741 1311 2864 1350 eum
2895 1292 3130 1360 hospitio
3149 1305 3273 1345 eum
3300 1301 3462 1342 exce-

1867 1394 2058 1462 pisset,
2103 1410 2292 1462 poema
2322 1392 2576 1462 Οἰχαλίαν
2622 1391 2846 1451 ἅλωσιν,
2899 1383 3164 1441 Oechalia:
3197 1381 3463 1435 excidium

1867 1487 2152 1553 acceperit.
2196 1485 2261 1539 ν.
2302 1485 2524 1537 Kusteri
2551 1493 2664 1538 nol.
2695 1481 2759 1543 il,
2793 1496 2845 1548 p.
2871 1477 2996 1530 9.75.

1938 1577 2154 1644 Criton,
2188 1577 2562 1641 Atheniensis,
2614 1573 2998 1644 philosophus,
3029 1568 3270 1623 Socratis
3299 1564 3464 1623 disciv

1869 1668 2027 1737 putus
2071 1682 2121 1720 et
2145 1670 2375 1730 amicus,
2400 1668 2580 1720 onmia
2633 1665 2732 1734 ipsi
2764 1663 2990 1733 largitus
3017 1669 3101 1715 est
3129 1657 3460 1714 necessaria.

1867 1760 2099 1827 Scripsit
2126 1760 2361 1812 Socratis
2396 1760 2775 1827 defensionem.

1943 1851 2151 1916 Criton,
2177 1853 2268 1921 qui
2306 1852 2489 1905 Getica
2520 1852 2761 1918 scripsit.

161 1924 408 1993 scripsit,
456 1925 688 1977 durante
739 1922 919 1977 adhuc
955 1922 1094 1976 bello
1147 1922 1406 1991 Trojano.
1451 1921 1758 1976 Palamedis
1792 1930 1832 1984 Β
1933 1947 2144 2011 Criwn,
2177 1947 2404 2009 Naxi“,
2442 1947 2757 2010 hismricus,
2794 1943 3014 2013 scripsit
3054 1937 3459 2002 Octaeleridem,

161 2020 495 2088 diSt'ipllillS,
544 2017 755 2072 Doricis
844 2017 1040 2070 litteris
1093 2033 1123 2070 a
1173 2017 1462 2070 Palamede
1524 2015 1759 2068 inventis

160 2113 329 2180 (Opus
361 2113 543 2178 suum)
578 2111 842 2165 exaravit.
883 2110 1114 2178 Scripsit
1168 2110 1329 2164 etiam
1391 2110 1590 2163 bellum
1624 2109 1760 2162 Dar-

161 2207 295 2259 dani
355 2205 618 2259 adversus
675 2204 1055 2273 Paphlagonas
1097 2221 1109 2256 :
1154 2211 1214 2258 ut
1262 2203 1528 2258 Ilomerus
1586 2212 1758 2257 totum

156 2297 431 2367 poematis
466 2299 546 2351 sui
585 2307 965 2364 argumentum
1000 2298 1067 2349 ah
1096 2312 1160 2350 eo
1197 2297 1512 2366 sumpserit.

237 2388 546 2452 Cornelius,
588 2390 899 2458 episcopus,
956 2389 1110 2459 quia
1137 2387 1329 2460 Novati
1373 2389 1760 2445 coarmunione

159 2481 416 2536 recessit.

236 2595 513 2649 Cornutus
572 2595 705 2665 (58).
751 2595 866 2649 Duo
919 2595 1152 2650 Romani
1211 2595 1455 2650 historici
1515 2595 1754 2660 luerunt,

159 2684 328 2738 'l'itus
384 2684 589 2751 Livius,
645 2686 800 2753 cujus
832 2686 1044 2739 celebre
1073 2695 1127 2739 et
1157 2686 1365 2740 illustre
1393 2695 1476 2738 est
1509 2699 1704 2738 nomen
1739 2701 1751 2735 :

160 2790 217 2833 et
265 2781 562 2832 Cornutus.
618 2779 921 2832 Cornutum
957 2778 1180 2831 divitem
1233 2778 1388 2830 multi
1435 2777 1758 2832 audiverunt

159 2872 558 2924 asscntationis
618 2885 781 2924 causa
811 2880 864 2924 ct
907 2881 1125 2938 propter
1178 2870 1506 2925 haereditatis
1554 2886 1702 2939 spem
1742 2888 1753 2921 :

159 2963 379 3018 Livium
437 2963 615 3030 pauci,
671 2961 764 3016 sed
820 2963 1085 3030 praeclari.
1143 2961 1358 3016 Livium
1410 2978 1601 3018 omnes
1641 2963 1754 3031 jam

158 3064 392 3115 norunt,
434 3055 740 3108 Cornutum
779 3069 939 3107 neuio
979 3055 1112 3108 fere.

234 3146 534 3208 Cornutus,
568 3161 633 3199 ex
664 3145 837 3213 Lepti,
887 3146 1084 3200 Afr-iet):
1128 3146 1345 3215 oppido,
1394 3146 1756 3215 philosophus

157 3241 355 3293 nonnae
393 3240 526 3292 vixit
559 3240 895 3306 temporibus
947 3237 1176 3293 Neronis
1217 3248 1269 3292 et
1298 3251 1421 3292 ante
1454 3255 1576 3292 eum
1616 3256 1628 3291 :
1671 3240 1755 3292 in-

160 3332 428 3385 terfectus
485 3348 608 3385 cum
670 3331 940 3385 Musonio.
1005 3330 1235 3398 Scripsit
1297 3332 1470 3385 multa
1525 3324 1832 3400 philoso-C

161 3424 323 3494 phica
355 3432 407 3475 et
433 3423 692 3476 oratoria.
725 3422 784 3474 ν.
822 3423 1043 3476 Kusteri
1079 3431 1194 3476 not.

235 3535 540 3588 Cet/turnus
619 3535 916 3587 vocabatur
980 3533 1347 3588 Theramenes
1415 3533 1763 3588 Atheniensis

160 3638 375 3690 orator,
412 3627 648 3685 Prodici.
687 3626 820 3686 Ceii.
854 3625 1173 3692 discipulus.
1230 3625 1438 3678 Dicitur
1488 3635 1665 3678 autent
1698 3626 1764 3678 de

161 3723 391 3774 homine
419 3717 662 3771 versatili
691 3729 744 3771 et
772 3717 896 3768 levi.
941 3715 1037 3768 llic
1068 3717 1212 3768 enim
1240 3726 1294 3771 et
1327 3715 1471 3769 XXX
1521 3717 1764 3787 tyrannis

157 3821 216 3865 ct
249 3811 454 3880 populo
487 3808 723 3862 favebat.
772 3806 912 3860 lnl'ra
947 3808 998 3859 in
1030 3807 1235 3870 Δεξιὸς.

232 3923 448 3984 Crates,
491 3920 840 3973 Athrnicnsis
881 3919 1101 3987 (veteris
1139 3919 1464 3988 commlizc),
1495 3920 1760 3984 comicus,

161 4016 397 4086 I-Ipilyci,
430 4023 600 4081 poetae
633 4015 792 4082 epici,
837 4015 1022 4067 l’rater.
1056 4013 1352 4066 Comoedias
1401 4012 1571 4080 ipsius
1600 4029 1612 4063 :
1645 4012 1762 4063 Γεί-

158 4125 338 4170 τονες,
403 4107 646 4176 Ἥρωες,
701 4106 898 4175 Θηρία,
955 4106 1160 4173 Λαμεα,
1222 4104 1483 4174 meam,
1545 4105 1760 4174 Σάμιοι.

161 4194 477 4262 Scripsitet
505 4193 752 4248 oratione
794 4193 972 4248 soluta
1015 4193 1297 4249 nonnulla.

233 4306 447 4370 Crates,
483 4307 855 4371 Atheniensis,
882 4307 1125 4362 comicus
1162 4307 1320 4372 alter,
1352 4307 1516 4360 etiam
1550 4307 1666 4377 ipse
1695 4323 1761 4362 ex

161 4398 333 4453 veteri
375 4397 662 4457 comoedia,
704 4398 862 4466 cujus
895 4405 1005 4450 tres
1036 4396 1499 4452 circumferuntur
1528 4394 1724 4452 fabula:
1745 4437 1759 4452 .

168 4490 486 4559 (θησαυρὸς,
519 4488 792 4558 Ὅρνιθες,
826 4488 1190 4558 Φιλάργυρος.

234 4582 450 4643 Crates,
483 4581 748 4634 Ascondce
777 4579 1198 4641 F.,Thchanus,
1234 4580 1590 4650 philosophus
1613 4581 1762 4651 cyni-

1869 2056 2031 2111 quam
2068 2039 2276 2092 Eudoxi
2313 2039 2504 2093 dicunt
2536 2054 2678 2093 esse.

1939 2130 2147 2191 Criton,
2197 2128 2484 2188 Pieriotes,
2519 2143 2581 2180 ex
2613 2125 2814 2189 Pieria,
2865 2120 3191 2178 Macedoniae
3237 2113 3460 2184 oppido,

1868 2221 2184 2276 historicus.
2230 2219 2462 2288 Scripsit
2512 2218 2810 2272 Pallenica.
2861 2215 3257 2284 Syracusarum
3301 2204 3462 2274 origi-

1867 2331 1974 2368 nes.
2030 2313 2262 2368 Persica.
2307 2313 2410 2366 Res
2445 2311 2677 2366 Siculas.
2731 2308 3115 2379 Syracusarum
3150 2298 3465 2368 descriptio-

1867 2421 2002 2459 nem.
2039 2405 2111 2458 De
2144 2403 2498 2458 Macedonum
2528 2403 2772 2468 imperio.

1937 2519 2166 2584 Ctesias,
2205 2519 2506 2573 Ctesiarchi
2547 2517 2659 2571 sive
2690 2515 2966 2570 Ctesiochi
3013 2515 3175 2578 ﬁlius,
3209 2513 3459 2577 Cnidius,

1866 2614 2136 2677 medicus,
2173 2617 2382 2669 curavit
2427 2616 2785 2670 Artaxerxem
2840 2613 3205 2674 Mnemonem,
3236 2619 3288 2664 et
3321 2609 3461 2663 scri-

1865 2707 1974 2775 psit
2014 2706 2252 2770 I’ersica,
2293 2707 2414 2759 lihr.
2450 2707 2638 2760 XXIII.

1935 2795 2257 2866 Ctesiphon,
2293 2815 2436 2852 unus
2465 2815 2494 2852 e
2523 2800 2707 2853 decem
2743 2797 2835 2866 qui
2868 2812 2989 2850 cum
3027 2795 3388 2848 Demosthene
3411 2802 3466 2847 et

1867 2885 2128 2942 Eschine
2181 2889 2502 2960 legationem
2543 2892 2850 2944 nbiverunt.
2909 2889 3079 2951 Alius,
3130 2886 3223 2956 qui
3279 2885 3468 2939 decre-

1865 2986 1978 3032 tum
2013 2980 2077 3033 de
2121 2981 2331 3048 (aurea)
2371 2995 2571 3036 corona
2597 3022 2610 3044 ,
2675 2979 3022 3033 Demostheni
3063 2977 3277 3041 danda,
3330 2974 3468 3031 scri-

1862 3077 1990 3142 psit,
2019 3087 2206 3130 contra
2243 3094 2404 3148 quem
2433 3077 2906 3132 exstatAEschinis
2929 3078 3124 3130 oratio.

1945 3190 2178 3242 Κύκλια.
2230 3190 2361 3254 Qua:
2413 3191 2574 3244 unius
2624 3190 2867 3259 ejusdem
2921 3200 3076 3243 crant
3132 3189 3464 3259 argumenti,

1867 3286 2037 3348 cvclia
2091 3283 2446 3344 vocabantur,
2488 3293 2544 3336 ut
2585 3284 2821 3346 cantica,
2877 3283 3086 3352 hymni,
3123 3283 3378 3353 prosodia
3409 3289 3468 3336 et

1872 3374 2138 3435 carmina,
2177 3389 2298 3439 qua:
2336 3373 2387 3424 in
2420 3373 2658 3441 virgines
2692 3372 3047 3426 canebantur.

1943 3465 2494 3527 κυκλιοδιδάσκαλος.
2521 3464 2832 3534 Cycliorum
2859 3467 3153 3519 chororum
3181 3468 3461 3536 magister.

1869 3557 2090 3610 Primus
2142 3555 2336 3621 Lasus,
2391 3556 2826 3622 llermionensis,
2882 3559 3083 3626 cyclios
3139 3558 3340 3613 choros
3382 3559 3464 3612 in-

1875 3648 2074 3705 stituit.

1947 3741 2200 3794 Kuxiiitov
2225 3757 2283 3792 τε
2319 3743 2494 3810 χορῶν
2522 3741 2997 3811 ᾀσματοκάμπτας
3054 3744 3314 3797 vocabant
3348 3759 3466 3797 mu-

1868 3837 1994 3889 sicce
2039 3846 2389 3903 corruptores
2415 3852 2478 3890 ac
2510 3837 2782 3889 dillirilem
2835 3839 2980 3890 illam
3027 3840 3339 3892 modulandi
3380 3855 3466 3892 ra-

1869 3928 2096 3986 tionem.
2147 3943 2310 3996 quam
2357 3927 2588 3997 Phrynis
2655 3929 2997 3991 introduxit,
3058 3939 3330 3984 sectantes
3381 3930 3466 3985 vcl

1867 4020 2144 4087 sophistas
2194 4031 2377 4088 poetas
2415 4021 2840 4090 dithyrambicos
2887 4023 3180 4092 cycliorum
3230 4024 3458 4078 chorum

1867 4112 2180 4181 magistros,
2228 4122 2286 4165 ut
2332 4111 2606 4164 Cinesiant
2644 4121 2696 4166 et
2739 4113 3086 4168 Cleomenem
3127 4126 3181 4168 et
3212 4113 3467 4170 Philoxe-

1866 4218 2016 4256 num.
2055 4201 2208 4268 Quod
2245 4214 2426 4257 autem
2464 4205 2663 4273 seripta
2716 4205 2929 4259 illorum
2970 4206 3071 4260 sub
3119 4208 3462 4262 harmoniam

1865 4308 1974 4348 non
2005 4295 2222 4356 cadant,
2266 4294 2384 4347 ideo
2419 4293 2595 4348 ﬂexus
2629 4295 2830 4350 habent
2864 4297 3064 4364 plures,
3097 4312 3237 4365 quos
3267 4299 3464 4352 musici

1867 4393 2062 4439 vocant
2117 4385 2366 4452 strophas
2397 4396 2451 4438 et
2495 4385 2868 4453 antistmphas
2911 4395 2964 4438 et
3003 4388 3233 4455 epodas.
3279 4386 3464 4454 Quare

1866 4477 2030 4530 etiam
2061 4477 2113 4530 in
2149 4475 2428 4545 tragoediis
2461 4476 2612 4529 chori
2651 4487 2780 4530 sunt
2807 4477 3066 4530 instituti.

1939 4589 2234 4657 κυνήγιον,
2272 4587 2427 4642 locus
2475 4587 2678 4656 (CPoli)
2715 4585 2805 4641 ubi
2840 4595 3034 4640 statuae
3093 4587 3335 4655 quaedam
3366 4603 3466 4656 po-

163 4690 282 4736 eus,
343 4673 644 4741 discipulus
698 4672 951 4740 Diogenis
983 4680 1034 4725 et
1069 4672 1346 4742 Brysouis,
1402 4673 1607 4727 Αειιωῖ-
1651 4673 1759 4726 Νυ-
1797 4660 1836 4713 θ
1868 4681 2007 4740 sitre,
2063 4696 2293 4750 quarum
2338 4695 2523 4742 unam,
2575 4680 2797 4732 minime
2859 4679 3096 4748 longam,
3160 4680 3250 4734 sed
3308 4681 3464 4733 valde

165 4767 310 4834 ptias
356 4779 485 4817 suas
511 4779 632 4818 cum
666 4762 990 4832 IIipparchia
1027 4763 1348 4818 Maronitide
1397 4767 1758 4833 κυνογαμὶαν,

163 4872 362 4909 mnum
427 4857 821 4908 matrimonium
880 4858 1192 4925 appellavit,
1246 4873 1309 4912 ex
1367 4875 1476 4927 quo
1526 4863 1764 4927 susci'pit

167 4950 459 5004 Pasiclem.
525 4946 673 5002 Vixit
711 4947 1028 5018 Olympiade
1097 4949 1277 5003 CXIII.
1331 4951 1763 5020 Coguominatus

166 5043 641 5111 (ῖέοδρεπειιιοξκτης,
679 5042 820 5110 quod
857 5041 909 5094 in
945 5042 1188 5110 cujusvis
1234 5044 1454 5097 domum
1509 5045 1766 5098 audacter

168 5136 566 5204 i.:gredcrctttr.
613 5134 844 5203 Scripsit
881 5136 1276 5204 philosophica,
1314 5146 1421 5192 etc.

237 5228 452 5288 Crates,
476 5224 798 5281 Timocratis
826 5225 909 5291 F.,
939 5226 1210 5290 Mallotcs,
1241 5229 1598 5298 philosophus
1628 5229 1769 5284 Stoi-

168 5335 301 5378 cus,
365 5320 783 5386 cognominatus
842 5319 1160 5375 Homericus
1205 5331 1258 5374 ct
1293 5323 1516 5377 criticus
1547 5323 1616 5377 ob
1645 5334 1765 5377 stu-

168 5412 318 5462 dium
356 5408 430 5461 rei
465 5410 832 5477 grammaticae
878 5419 932 5463 et
975 5411 1198 5479 poetica:
1231 5428 1242 5462 :
1270 5413 1493 5482 aequalis
1531 5415 1764 5470 Aristar-

171 5502 283 5562 chi,
320 5499 686 5566 grammatici,
734 5510 972 5569 tempore
1021 5500 1300 5556 Ptolelnrei
1361 5503 1763 5559 Philomctmis.

172 5591 407 5660 Scripsit
447 5594 814 5646 correctionem
872 5591 1065 5646 Iliadis
1095 5603 1143 5647 et
1177 5594 1426 5664 Odyssea:
1455 5596 1606 5649 libris
1642 5596 1762 5659 IV;

249 5799 364 5859 (.38)
405 5796 590 5872 Miror,
619 5799 701 5872 ait
751 5798 946 5872 hoster
999 5811 1114 5854 Itot.
1175 5811 1305 5854 tom.
1366 5801 1426 5862 II,
1473 5819 1590 5872 pag.
1647 5805 1773 5869 530,

178 5885 320 5930 tum,
355 5869 447 5937 qui
498 5870 715 5938 quidem
751 5871 908 5924 hodie
942 5872 1120 5927 adhuc
1150 5884 1382 5928 exstant.
1419 5869 1586 5927 Ilanii.

1861 4772 2023 4826 latam
2048 4783 2099 4825 et
2121 4787 2384 4837 crassam,
2416 4771 2726 4831 'I‘hendoro,
2780 4782 3100 4839 anagnoste,
3131 4773 3460 4836 adu'tirante,

1867 4864 2142 4918 llimerius
2176 4863 2545 4915 chartularius
2594 4864 2823 4930 rogavit,
2867 4864 3121 4930 quisnam
3165 4861 3460 4932 Cynesinm

1862 4953 2236 5007 condidisset?
2270 4964 2380 5004 tum
2415 4953 2540 5004 ille:
2572 4951 2903 5004 Maximinus
2956 4952 3220 5014 coodidit,
3262 4951 3458 5007 Aristi-

1863 5045 1957 5100 des
2009 5059 2137 5098 vero
2185 5045 2464 5098 dimensus
2496 5052 2596 5096 est.
2645 5042 2765 5108 Quo
2811 5045 2978 5110 dicto,
3037 5053 3234 5111 statua,
3262 5046 3464 5101 exalto

1865 5135 2124 5203 delapsa,
2186 5134 2484 5188 Ilimerium
2543 5134 2831 5202 oppressit.
2905 5133 3142 5188 Joannes
3203 5135 3461 5203 quidam,

1867 5228 2244 5295 philosophus,
2282 5243 2338 5280 se
2387 5226 2688 5294 scriptum,
2741 5226 3012 5279 invenisse
3059 5225 3217 5290 dixit,
3262 5225 3376 5280 fore
3403 5235 3462 5279 ut

1869 5321 1937 5372 ab
1966 5319 2054 5372 illa
2086 5329 2262 5373 statua
2315 5318 2499 5372 clarus
2527 5319 2608 5370 vir
2643 5319 3064 5387 opprimeretur.
3116 5317 3303 5388 Itaque
3332 5319 3459 5374 Phi-

1866 5414 2097 5483 lippicus
2126 5414 2420 5480 imperator
2443 5427 2563 5465 eam
2593 5422 2736 5465 terra
2771 5413 2926 5465 obrui
2956 5414 3138 5482 jussit.

1938 5505 2254 5576 Cynismus,
2300 5514 2445 5558 secta
2475 5505 2953 5574 phil030phorum,
2986 5505 3452 5576 compendiariam

1868 5599 1934 5652 ad
1970 5599 2221 5651 virtutem
2274 5598 2415 5650 viam
2450 5613 2508 5654 se
2538 5599 2750 5654 tradere
2775 5608 2829 5654 et
2859 5599 3156 5654 secundum
3202 5599 3452 5653 virtutem

1838 5805 1977 5858 tl::tic
2008 5803 2119 5858 hsce
2153 5802 2368 5859 Suidas.
2413 5803 2568 5857 Certe
2629 5818 2692 5858 cx
2725 5803 2895 5868 nullo,
2949 5812 3007 5857 ut
3034 5812 3183 5872 puto,
3217 5801 3446 5873 scripto-
