4182 6526
191 427 325 488 13‘.)

261 539 588 600 Dinart-hus,
641 535 985 599 Corinthius,
1027 547 1168 588 unus
1214 547 1278 586 ex
1335 530 1377 583 Χ
1439 534 1776 594 oratoribus,
1813 544 1851 595 Α

183 631 406 700 scripsit.
458 630 761 685 secundum
821 629 1086 696 quosdam
1148 625 1426 679 orationes
1458 621 1614 687 CLX,
1672 624 1773 687 \‘t'l,

183 723 329 792 quod
362 723 546 775 verius
574 721 808 783 videtur,
839 718 956 782 LX,
993 733 1184 772 onmes
1217 717 1488 778 forenses,
1532 717 1777 785 publicas

181 813 340 876 alias,
368 813 503 866 alias
531 812 792 882 privatas.
826 809 972 864 Obiit
1002 809 1358 878 Peloponnesi
1387 808 1674 876 praefectus
1702 808 1768 859 ab

180 905 470 974 Antipatro
500 906 852 967 constitutus,
903 901 1366 972 I‘olysperchonte
1426 908 1551 968 post
1612 899 1774 951 Anti-

180 997 326 1066 patri
353 999 561 1050 obitum
591 998 638 1050 ei
674 1005 919 1050 struente
951 994 1204 1048 insidias.

255 1089 612 1149 Dinoloelius,
648 1086 1031 1158 Syracusanus
1072 1088 1186 1139 sive
1219 1085 1643 1154 Agrigentinus,
1681 1098 1775 1136 co-

181 1183 385 1247 micus,
419 1182 554 1234 vixit
594 1182 907 1251 Olympiade
960 1179 1194 1232 LXXIII.
1240 1177 1554 1246 Epicharmi
1610 1177 1773 1240 Iilius,

183 1274 291 1334 vel,
328 1282 386 1324 ιιι
417 1275 642 1336 quidam
676 1272 918 1334 tradunt,
956 1272 1285 1338 discipulus.
1316 1269 1511 1323 Docuit
1563 1267 1774 1322 fabulas

179 1362 326 1428 XIV,
366 1363 559 1416 Dorica
589 1363 818 1418 dialecto
859 1365 1112 1432 scriptas.

258 1456 498 1518 Diocles,
527 1455 884 1509 Atheniensis
917 1467 1012 1508 aut
1038 1454 1334 1518 Phliasius,
1362 1454 1604 1507 comicus
1637 1453 1774 1506 anti-

179 1565 346 1617 quus,
375 1549 600 1618 :rqualis
622 1549 979 1617 Sannyriouis
1008 1559 1062 1600 et.
1095 1547 1350 1616 I’hilyllii.
1381 1547 1600 1600 Fabulae
1632 1549 1771 1613 ejus:

177 1641 436 1693 Θάλαττα
486 1641 812 1710 (meretricis
856 1642 959 1692 hoc
1012 1655 1248 1703 nomen,
1299 1648 1433 1693 teste
1467 1639 1772 1701 Athenaeo),

179 1735 474 1792 Μέλιττα,
515 1735 775 1800 Ὄνειροε,
809 1733 1039 1801 Βάκχαι,
1073 1734 1317 1800 Θυέστης
1351 1730 1414 1800 β’.
1445 1732 1599 1784 Ilune
1625 1734 1777 1783 aiunt

180 1825 467 1878 invenisse
503 1825 841 1878 harmoniam
877 1828 1173 1893 quamdam
1212 1829 1503 1883 musicam,
1541 1841 1604 1877 ex
1640 1842 1775 1877 sono

181 1916 606 1967 acetabuiorum
673 1924 726 1966 et
767 1931 1018 1968 vasorum
1089 1915 1335 1968 tictilium
1390 1922 1777 1980 constantem,

179 2022 308 2076 qua:
347 2008 542 2059 bacillo
576 2007 754 2075 ligneo
783 2008 1138 2076 percutiebat.

261 2100 636 2151 Diocletianus
676 2100 844 2152 libros
871 2100 943 2152 De
985 2102 1186 2153 ehemia
1232 2101 1342 2170 igni
1390 2101 1631 2164 tradidit,
1671 2112 1776 2156 etc.

179 2189 384 2257 Silpia,
423 2191 473 2242 in
508 2190 744 2243 Chemia.

262 2282 554 2344 Diodorus,
592 2284 916 2343 monachus,
951 2282 1153 2336 Juliani
1208 2292 1262 2337 et
1311 2282 1550 2338 Valentis
1613 2289 1778 2354 impp.

183 2378 532 2445 temporibus
572 2378 703 2430 vixit
731 2391 781 2431 et
820 2377 974 2432 Tarsi
1016 2381 1066 2431 in
1103 2380 1291 2433 Cicilia
1336 2381 1622 2449 episcopus
1653 2383 1778 2434 fuit.

183 2471 420 2539 Scripsit
446 2473 624 2534 varia,
665 2483 722 2524 ιιι
760 2471 1080 2526 Theodorus
1115 2472 1304 2526 Lector
1340 2473 1393 2524 in
1426 2474 1566 2526 Ilist.
1601 2479 1778 2527 iculu-

181 2562 407 2612 siastira
443 2562 626 2622 tradit,
652 2560 1128 2629 Interpretationes
1159 2563 1210 2613 in
1246 2569 1414 2612 totum
1451 2560 1602 2614 I'ctus
1640 2561 1778 2616 Tcst.

180 2650 424 2710 Cem'ain,
461 2649 706 2702 Erotium
739 2661 785 2703 et
812 2652 1034 2720 reliqua.
1067 2650 1131 2702 In
1157 2651 1423 2706 Psalmos.
1450 2652 1513 2704 In.
1551 2666 1781 2722 quatuor

181 2741 348 2793 libros
381 2740 597 2808 Regum.
630 2739 694 2791 In
729 2740 840 2792 loca
870 2743 1165 2808 di/iiciliora
1209 2740 1673 2809 Paralipomenon.
1715 2744 1779 2796 In

184 2830 403 2882 I’rerrri
426 2832 494 2881 in.
519 2830 792 2893 Quomodo
816 2832 1030 2898 (li/ferat
1066 2832 1265 2885 theoria
1289 2834 1400 2902 (6:!)
1430 2844 1479 2886 et
1503 2834 1776 2903 allegoria.

183 2921 255 2974 In
298 2921 671 2973 Ecclesiasten.
713 2921 778 2973 In
827 2920 1107 2976 Canticum
1161 2927 1513 2979 canticorum.
1560 2925 1625 2979 In
1657 2945 1782 2994 pro-

182 3015 395 3081 phetas.
426 3013 743 3076 ChroniCon,
775 3013 826 3064 in
849 3028 949 3079 quo
981 3024 1161 3064 errata
1187 3013 1248 3064 ab
1271 3012 1496 3066 Eusebio
1521 3013 1783 3084 l’amphiti

183 3109 422 3159 nil-nissa
458 3108 827 3159 emendantur.
865 3107 924 3158 In
958 3123 1008 3158 tv
1041 3105 1346 3174 Evangelia.
1382 3105 1444 3158 In
1492 3109 1625 3159 Acta
1659 3125 1759 3175 apo

1448 424 1542 481 DE
1586 422 1876 494 QUIBUS
1911 425 2033 484 SUl
2051 425 2212 485 DAS.

3331 419 3476 484 1250

1963 533 2252 592 Diodotus,
2312 530 2573 592 -omicus,
2623 529 2782 598 cujus
2833 529 3081 584 tlt‘amata
3120 545 3130 580 :
3167 529 3476 601 Αὐλητρὶς..

1889 624 2191 693 ἐπίκληρος
2237 635 2288 676 ιιι
2338 622 2735 692 πανεγυρισταὶ
2775 622 2842 673 ab
2875 623 3136 675 Atltcnazo
3165 636 3478 677 memoran-

1887 721 1996 764 tur.

1959 803 2347 872 lliOgenianus.
2408 802 2747 864 lleraeleota,
2807 799 3087 867 Ponzicus,
3139 803 3480 872 temporibus

1887 894 2151 958 Adriani,
2208 898 2619 963 graintnaticus.
2657 893 2963 946 Videndum
3007 908 3073 946 an
3134 912 3240 948 non
3293 896 3477 950 forsan

1887 988 1957 1040 sit
2025 988 2292 1051 medicus,
2341 1004 2404 1039 ex
2460 988 2657 1040 Albaee
2702 985 2983 1049 Heraclea,
3031 986 3232 1054 Oppido
3267 987 3477 1048 Cariae.

1833 1087 1836 1090 ’
1885 1079 2154 1132 oriundus
2185 1099 2194 1132 :
2236 1088 2353 1132 erat
2389 1080 2534 1131 enim
2565 1081 2715 1132 omni
2769 1079 3031 1132 doctrinae
3068 1095 3265 1145 genere
3297 1081 3480 1132 erudi-

1889 1183 1994 1233 tus,
2031 1187 2204 1239 neque
2239 1186 2496 1238 expresse
2532 1170 2787 1223 traditum
2836 1171 3009 1236 reperi
3044 1183 3165 1222 esse
3202 1185 3265 1222 ex
3308 1168 3480 1224 Hera-

1884 1264 1995 1314 clea
2023 1263 2198 1324 I‘onti,
2232 1263 2325 1315 sed
2353 1264 2421 1315 ita
2452 1263 2701 1315 nonnulli
2734 1262 3048 1328 opinantur.
3087 1261 3236 1316 Libri
3269 1263 3389 1331 ejus
3424 1263 3478 1314 hi

1884 1366 2012 1410 sunt
2067 1373 2079 1406 :
2129 1357 2308 1408 (.ntnis
2364 1357 2566 1422 generis
2621 1354 2875 1409 vocabula
2925 1355 3109 1405 ordine
3155 1355 3480 1421 alphabetico

1884 1448 2035 1499 libris
2089 1446 2144 1500 γ.
2204 1446 2296 1499 Est
2358 1456 2537 1499 autem
2599 1447 2833 1514 epitome
2875 1444 3290 1521 vocabulorum,
3351 1460 3474 1514 quae

1884 1540 2205 1606 Pamphilus
2258 1547 2311 1591 et
2380 1538 2650 1608 Zopyrion
2709 1538 2860 1589 libris
2910 1535 3047 1589 XCV
3089 1546 3476 1605 exposuerunt.

1889 1630 2234 1698 Florilegium
2273 1632 2756 1698 epigrammatum;
2792 1634 2854 1681 de
2881 1630 3476 1697 ﬂunainibus,lacubns,

1884 1724 2137 1791 fontibus,
2174 1727 2436 1774 montibus
2471 1733 2517 1774 et
2550 1723 2969 1788 promontoriis;
3006 1721 3312 1774 Fluminum
3357 1726 3476 1775 bre-

1886 1816 1958 1867 t'is
2003 1815 2230 1866 recensio
2268 1817 2553 1864 serundum
2603 1813 2840 1864 ordinem
2890 1811 3323 1877 alphabetical»;
3357 1811 3480 1866 Col-

1888 1907 2038 1960 ἐστι.ίο
2095 1917 2141 1959 et
2198 1906 2400 1958 Tabula
2453 1907 2684 1957 omnium
2743 1910 2899 1959 totius
2941 1915 3096 1958 tcrrw
3137 1905 3387 1967 urbium,
3427 1915 3481 1960 et

1885 2000 2009 2051 uita.

1957 2091 2244 2160 Diogenes,
2288 2090 2509 2153 Iliccsii,
2549 2093 2846 2160 trapezitze,
2879 2091 2965 2157 F.,
2999 2093 3346 2163 Sinopensis,
3371 2092 3481 2161 pri-

1888 2200 2034 2236 mum
2069 2185 2231 2237 Cleon
2271 2184 2506 2254 (λιι-ηδε.
2547 2185 2729 2253 κλύω)
2767 2187 3213 2253 cognoritinatus,
3261 2187 3434 2254 patria
3463 2225 3478 2247 ,

1885 2275 2027 2341 quod
2055 2285 2324 2327 monetam
2354 2277 2736 2338 aiulterassct,
2765 2274 3053 2344 profugus,
3075 2277 3481 2342 Antistheni-tn,

1884 2367 2157 2435 ciuicam,
2189 2375 2428 2420 sectatus
2462 2378 2566 2430 est,
2613 2369 2824 2436 magnis
2871 2384 3011 2436 quas
3077 2369 3310 2421 habebat
3357 2371 3478 2437 Opi-

1886 2459 1983 2509 lus
2024 2460 2374 2527 contemptis.
2451 2458 2625 2512 Senex
2677 2475 2706 2512 a
2745 2459 3000 2525 Scit-talo,
3055 2460 3253 2528 pirata,
3289 2469 3480 2528 captus

1886 2563 1931 2602 et
1971 2550 2242 2607 chiadac.
2284 2554 2593 2616 Corinthio,
2630 2555 2880 2607 venditus
2909 2556 3050 2621 apud
3078 2570 3201 2606 cum
3229 2568 3483 2621 perman-

1885 2647 1975 2709 sit,
2007 2659 2103 2697 nec
2133 2646 2199 2696 ab
2224 2646 2656 2699 Atheniensibus
2687 2661 2783 2698 nec
2819 2646 2885 2698 ab
2928 2646 3121 2697 amicis
3150 2647 3341 2698 redimi
3379 2661 3479 2698 vo-

1887 2739 2022 2790 lens.
2063 2738 2211 2790 Ubiit
2247 2739 2451 2808 olymp.
2481 2737 2665 2800 (ZXIiI,
2697 2755 2816 2792 cum
2849 2738 3187 2792 curationem
3224 2740 3423 2804 cruris,
3449 2755 3478 2792 a

1883 2847 2018 2884 iane
2053 2832 2317 2896 admorsi,
2351 2833 2698 2899 neglexisset,
2735 2833 2924 2886 eodem
2964 2831 3051 2884 die
3109 2845 3219 2898 quo
3245 2832 3476 2886 Alexan-

1882 2923 1977 2975 der
2015 2921 2289 2992 Babylone
2321 2923 2476 2984 obiit,
2508 2935 2614 2977 etc.

1959 3012 2240 3082 Diogenes,
2289 3013 2366 3065 t'cl
2400 3013 2789 3082 Diogenianus,
2823 3013 3153 3084 Cyzicenus,
3201 3029 3480 3086 gramma-

1883 3105 2044 3168 ticus,
2079 3105 2301 3172 scripsit
2331 3103 2573 3172 Origines
2616 3105 2834 3173 Cyzici;
2865 3109 2996 3177 Περὶ
3024 3107 3133 3160 τῶν
3165 3110 3222 3159 ὲν
3253 3110 3365 3170 τοῖς
3400 3107 3481 3174 βι-

180 3200 469 3252 stolorum.
503 3202 568 3251 In
599 3198 896 3266 Epistulam
921 3197 1150 3250 Joannis
1177 3199 1532 3267 evangelistw.
1581 3199 1656 3252 De
1694 3218 1774 3264 eo,
1808 3235 1851 3292 C
1885 3197 2052 3258 ϐλίοις
2076 3198 2342 3266 σημείων,
2369 3197 2438 3249 De
2464 3198 2600 3250 notis
2621 3199 2818 3251 criticis
2846 3199 3125 3252 librorum.
3149 3199 3223 3253 De
3251 3201 3477 3268 poetica.

181 3295 324 3358 quod
360 3304 425 3344 sit
475 3307 608 3342 unus
667 3291 800 3342 Deus
842 3291 895 3342 in
937 3290 1221 3342 Trinitate.
1267 3291 1463 3342 Contra
1502 3289 1779 3344 Melchise-

181 3386 411 3436 dceitus.
474 3385 670 3436 Con'ra
706 3382 946 3435 Judwos.
1004 3382 1078 3434 De
1131 3385 1513 3436 resurrectione
1546 3396 1781 3435 mortuo-

184 3493 330 3529 rum.
375 3474 450 3527 De
483 3476 685 3526 anima.
723 3474 916 3526 Contra
946 3475 1178 3524 diversas
1209 3476 1271 3524 de
1311 3489 1373 3525 ea
1414 3474 1777 3526 hwreticorunt

186 3571 478 3636 Opiniones.
513 3568 593 3618 Ad
625 3564 940 3618 Gratianum
973 3566 1166 3631 capita.
1198 3564 1397 3618 Contra
1447 3577 1776 3620 astronontos

185 3671 235 3714 et
266 3660 564 3727 astrologos
601 3667 646 3710 et
683 3657 877 3724 fatum.
917 3655 992 3708 De
1040 3658 1247 3724 spha’ra
1278 3669 1325 3711 et
1387 3656 1488 3710 I'Il
1544 3662 1687 3711 zonis
1731 3669 1776 3711 cl

184 3753 460 3806 contrario
491 3760 762 3802 astrorum
791 3759 958 3800 motu.
1007 3747 1085 3800 De
1121 3747 1417 3816 Hipparchi
1448 3753 1677 3818 spira-ra.
1704 3751 1778 3805 De

183 3848 551 3902 Providentia.
606 3844 807 3898 Contra
865 3842 1145 3896 Plataitem
1200 3844 1264 3894 de
1312 3843 1407 3896 deo
1450 3855 1494 3896 et
1545 3845 1668 3897 diis.
1700 3844 1777 3899 De

185 3955 386 3996 natura
439 3948 487 3992 et
542 3939 769 3989 materia
796 3978 810 4001 ,
856 3937 909 3987 in
965 3951 1067 4004 quo
1109 3950 1260 4003 opere
1305 3945 1568 3988 tractatur
1598 3937 1661 3990 (le
1695 3954 1774 4000 eo,

181 4031 324 4102 quod
344 4031 497 4097 justu
521 4047 550 4079 ιι
583 4038 680 4081 est.
711 4026 786 4080 De
820 4027 927 4079 Deo
962 4039 1007 4080 et
1040 4026 1178 4094 falsa
1206 4025 1508 4080 (iratorum
1531 4029 1774 4089 materia.

181 4125 428 4176 Naturas
468 4119 751 4172 invisibiles
783 4134 884 4170 non
923 4119 1212 4182 elementis,
1241 4119 1332 4170 sed
1364 4135 1472 4172 una
1511 4137 1626 4171 cum
1670 4122 1776 4174 illis

179 4229 248 4268 ex
285 4213 453 4265 nihilo
499 4215 672 4278 [actas
700 4225 832 4263 esse.
861 4208 940 4261 Ad
975 4207 1358 4275 Euphronium,
1388 4210 1776 4278 philosophum,

178 4322 274 4371 per
312 4302 751 4370 interrogationes
783 4314 829 4353 et
871 4300 1256 4368 responsiones.
1287 4299 1487 4354 Contra
1521 4303 1777 4356 Aristote-

180 4398 287 4449 lem
334 4400 396 4448 de
445 4410 662 4462 corpore
716 4393 935 4446 ccelesti.
972 4391 1248 4456 Quomodo
1296 4394 1377 4446 sol
1431 4395 1499 4446 sit
1545 4397 1773 4450 calidus.

182 4488 389 4543 Contra
421 4504 504 4540 eos
531 4527 543 4548 ,
579 4485 666 4554 qui
701 4486 884 4539 malum
925 4488 1126 4538 animal
1169 4486 1374 4540 dicunt.
1425 4487 1498 4540 De
1529 4505 1609 4545 eo.
1646 4506 1775 4557 quo-

1887 3288 1960 3340 De
1995 3289 2282 3342 clementis.

1959 3381 2226 3450 Diogenes
2269 3381 2346 3433 vel
2396 3380 2745 3445 OEnomaus,
2788 3382 3158 3448 Atheniensis,
3207 3386 3478 3454 tragicus,

1885 3480 2128 3538 tmnpore
2158 3472 2500 3523 sublaturum
2531 3471 2679 3524 XXX
2706 3482 3084 3541 tyrannorum.
3115 3474 3332 3530 Fabula.-
3358 3476 3479 3544 ejus

1883 3575 2010 3619 sunt
2042 3565 2295 3628 Achilles,
2337 3563 2539 3618 Helena
2562 3608 2575 3630 ,
2623 3565 2875 3619 Hercules
2896 3610 2908 3630 ,
2942 3566 3210 3636 Thyestes,
3249 3570 3434 3624 Medea
3456 3611 3473 3635 ,

1885 3659 2147 3727 OEtIipus,
2191 3658 2538 3728 Chrysippus,
2573 3658 2792 3712 Seuele.

1953 3752 2111 3815 Dion,
2164 3750 2444 3820 Hipparini
2523 3751 2624 3817 F.,
2661 3751 3076 3822 Syracusanus,
3120 3756 3479 3826 philosophus

1882 3845 2218 3910 Platonicus,
2254 3844 2651 3898 Aristomaclitc
2677 3887 2692 3910 ,
2741 3848 2928 3901 uxoris
2970 3845 3214 3918 Dionysii
3255 3849 3474 3915 prioris,

1881 3939 2080 3994 Sicilia:
2113 3941 2348 4010 tyranni,
2380 3940 2565 4004 frater,
2611 3942 2764 4008 cujus
2806 3942 2998 4007 lilium,
3030 3944 3348 4013 Dionysium
3377 3944 3469 4012 ju-

1881 4034 2114 4100 niorem,
2164 4031 2341 4101 ejecit,
2387 4033 2628 4100 dejectus
2674 4034 2917 4089 vicissim
2949 4051 2976 4088 a
3036 4033 3203 4089 fratre
3265 4037 3472 4105 ipsius,

1881 4124 2082 4179 Nisaeo.
2145 4123 2385 4194 Scripsit
2433 4123 2704 4192 Epistolas
2754 4127 2820 4181 ad
2873 4125 3156 4180 Platonem
3219 4140 3271 4182 et
3336 4128 3475 4185 alios

1881 4213 2171 4280 quosdam.

1954 4304 2089 4355 Dion
2111 4302 2359 4368 Cassius,
2374 4305 2701 4374 cegnomiue
2718 4303 2982 4358 Cocceius
3010 4303 3092 4358 vel
3113 4303 3472 4370 Cocceianus,

1881 4396 2161 4458 Nicamus,
2209 4395 2508 4450 hist0ricus
2560 4397 2899 4465 temporibus
2943 4397 3263 4459 Alexandri,
3307 4396 3475 4450 Mam-

1882 4503 2029 4540 nncae
2061 4487 2180 4542 ﬁlii.
2211 4487 2442 4554 Scripsit
2471 4489 2729 4540 Historiae
2760 4485 3012 4542 Romanae
3044 4487 3204 4541 libros
3237 4486 3469 4552 LXXX,

181 4581 343 4633 modo
383 4580 557 4647 opifex
605 4580 815 4646 quidem
870 4595 1094 4648 semper,
1144 4596 1306 4647 opera
1365 4597 1483 4634 vero
1519 4584 1630 4648 ejus
1665 4600 1765 4636 ηοη
1805 4569 1846 4624 D
1878 4578 1970 4645 qui
2001 4577 2052 4628 in
2085 4576 2317 4629 thCallCS
2345 4575 2622 4629 distributi
2657 4584 2808 4630 sunt.
2847 4576 2979 4629 Item
3008 4575 3244 4642 Persica,
3289 4575 3474 4632 Getica

179 4687 389 4738 semper
420 4671 650 4741 (fuerint
691 4679 786 4722 aut
826 4673 1227 4738 permaneant).
1258 4671 1533 4735 Quomodo
1562 4674 1692 4726 velle
1722 4682 1770 4727 et

179 4761 325 4814 nolle
355 4762 460 4812 sint
487 4763 540 4812 in
569 4760 671 4811 lico
703 4775 927 4814 (eterna.
953 4758 1152 4813 Contra
1186 4758 1540 4831 Porphyrium
1567 4763 1630 4815 de
1656 4764 1774 4816 atti-

180 4852 417 4903 maltbus
455 4863 500 4902 et
529 4852 830 4918 sacriﬁciis.

256 4933 507 4994 Valerius
539 4940 827 5000 Diodorus,
861 4940 1243 5008 philosophus,
1271 4939 1502 4995 Teleelis
1534 4942 1774 5010 discipu-

184 5033 296 5096 lus,
340 5031 765 5094 Alexandrinus,
809 5031 950 5084 Iilius
992 5030 1237 5098 (Valerii)
1272 5031 1550 5096 Pollionis,
1592 5035 1768 5102 philo-

180 5125 369 5193 SOplti,
399 5126 488 5191 qui
519 5124 584 5177 de
615 5124 840 5176 vocibus
873 5124 1064 5178 Atticis
1095 5126 1334 5194 scripsit.
1368 5124 1512 5178 Vixit
1544 5128 1764 5180 Adriani

178 5215 420 5269 Ctesaris
463 5216 814 5280 temporibus.

256 5305 551 5370 Diodorus,
593 5306 827 5369 SiCUiIlS,
862 5305 1176 5370 historicus,
1217 5307 1438 5376 scripsit
1471 5307 1765 5361 Bibliothe-

181 5415 332 5460 cam,
371 5415 493 5468 qua:
522 5400 812 5454 Historiam
855 5400 1157 5454 liotuanam
1197 5411 1250 5453 et
1281 5403 1486 5454 variam
1514 5402 1667 5455 libris
1700 5400 1766 5453 XI

181 5493 592 5561 complectitur.
627 5491 773 5547 Vixit
809 5495 1146 5563 temporibus
1193 5494 1420 5562 Augusti
1464 5506 1516 5548 ct
1553 5505 1674 5548 ante
1707 5495 1768 5545 il-

183 5586 322 5638 lum.

255 5784 370 5853 (6-2)
407 5783 463 5837 ιιι
498 5792 581 5837 est
628 5788 683 5838 h.
733 5786 769 5838 ι.
808 5799 1003 5840 sensus
1053 5784 1360 5838 abstrusior
1390 5793 1442 5836 et
1477 5784 1766 5852 mysticus,

181 5861 272 5910 cui
335 5857 630 5924 opponitur
691 5856 751 5907 τὸ
805 5857 990 5926 ῥητὸν,
1054 5872 1168 5910 sne
1221 5870 1417 5911 Sensus
1486 5855 1755 5909 litterulis.

1881 4669 2016 4736 (65),
2055 4668 2283 4731 ‘Evét‘na,
2309 4668 2377 4719 τὰ
2397 4669 2537 4719 κατὰ
2556 4668 2848 4735 Τραϊανὸν,
2865 4683 2946 4721 res
2971 4684 3002 4720 a
3030 4666 3262 4736 Trojano
3274 4677 3470 4738 gestas,

1893 4759 2067 4813 Vitam
2103 4761 2322 4813 Arriani
2347 4761 2665 4827 philosophi.

1955 4851 2267 4920 Dionysius,
2312 4852 2663 4920 Art-opogita,
2711 4850 2974 4906 doctrina:
3023 4850 3337 4906 Grzecorum
3373 4867 3470 4922 pe-

1876 4942 2203 5004 ritissimus,
2235 4942 2403 4996 Paulo
2429 4943 2748 4996 Atheniensi
2785 4944 2992 5007 audito,
3033 4945 3097 4996 ad
3146 4944 3467 5013 religionem

1880 5036 2250 5089 Christianam
2281 5049 2582 5088 conversus
2612 5047 2774 5103 atque
2810 5035 2936 5088 imle
2979 5037 3271 5106 episcopus
3301 5035 3471 5090 Allie-

1880 5143 2075 5180 narum
2113 5128 2441 5180 constitutus
2472 5137 2573 5180 est.
2609 5127 2811 5180 Tiberii
2850 5127 3182 5196 temporibus
3218 5128 3270 5179 in
3298 5126 3468 5198 Egy-

1880 5226 2034 5286 ptum
2073 5217 2348 5286 profectus
2379 5226 2518 5279 erat,
2555 5218 2754 5271 comite
2777 5217 3167 5286 Apollophane,
3196 5217 3463 5286 sophista,

1877 5311 2094 5373 eodem,
2134 5324 2293 5377 quem
2341 5307 2583 5372 Polemo,
2634 5308 3009 5370 Laodicensis,
3050 5308 3308 5376 magister
3344 5307 3466 5360 Ari-

1880 5404 2061 5463 stidis,
2094 5400 2339 5470 Smyrna:
2365 5401 2590 5454 audivit.
2625 5400 2893 5468 Tempore
2943 5399 3214 5468 passionis
3260 5396 3463 5454 Christi

1881 5494 2041 5545 ambo
2075 5502 2229 5546 erant
2256 5492 2519 5560 IIcliopoli
2564 5493 2615 5545 in
2645 5490 2903 5560 Egypto,
2947 5505 3068 5543 cum
3121 5491 3290 5544 solem
3333 5490 3462 5542 luna

1881 5587 2038 5655 plena
2073 5588 2426 5640 obscuratum
2456 5585 2756 5640 observans
2789 5585 3194 5654 Apollophanes
3220 5600 3233 5637 :
3259 5581 3303 5639 Ο
3335 5582 3466 5637 bone

1888 5780 1943 5835 ε’.
1988 5781 2191 5838 Kustcr
2237 5785 2275 5848 I,
2319 5801 2440 5854 pag.
2481 5786 2604 5846 595,
2643 5792 2756 5837 not.
2791 5785 2844 5837 4.
2883 5782 3051 5837 "aut.

1943 5855 2052 5923 (65)
2088 5855 2210 5913 llwc
2251 5856 2454 5922 Dionis,
2488 5855 2714 5922 I‘rusaci,
2751 5857 2932 5924 potius
2963 5863 3108 5907 sunt.
