4182 6526
715 459 848 524 1951

1923 465 2170 528 INDEX
2209 465 2702 528 SCRIP‘I‘ORUM

3885 479 4016 544 1952

713 573 955 644 Dionysi,
982 573 1177 643 inquit,
1202 574 1434 643 ἀμοιϐαὶ
1462 575 1623 630 οείων
1649 576 2021 648 πραγμάτων,
2049 580 2186 632 cii-es
2214 595 2307 632 sun

2510 578 2824 646 Dionysius,
2891 580 3244 648 Corinthius,
3305 593 3462 653 pot-ta
3509 587 3722 656 epieus.
3783 587 4014 658 Scripsit

708 681 884 718 rerum
910 665 1232 716 divinarum.
1259 664 1358 718 Cui
1387 665 1710 737 Dionysius;
1734 667 1799 720 "ll
1831 668 1892 720 τὸ
1911 667 2056 720 θεῖον
2086 669 2307 738 πάσχει,

706 756 741 827 ἢ
771 757 850 824 τῷ
887 757 1148 824 πάσχοντι
1179 759 1517 828 συμπάσχει.
1541 758 1630 812 γει
1655 759 1792 814 Deus
1815 763 2042 830 patitur,
2066 762 2143 814 rel
2169 777 2312 814 com-

707 852 913 918 patitur
957 867 1076 904 cum
1123 854 1375 920 patiente.
1424 833 1658 923 Scripsii
1687 853 1980 925 Dionysius
2027 857 2093 910 ad
2123 854 2312 909 Timo-

707 943 920 1006 theum,
955 943 1108 996 Pauli
1153 946 1483 1015 discipulum
1512 957 1564 999 et
1620 948 1937 1017 episcopum
1989 947 2187 1018 Ephesi
2234 947 2310 1001 De

706 1033 900 1086 divinis
936 1037 1240 1089 nominibus
1286 1037 1450 1089 libros
1501 1037 1620 1090 XII
1665 1040 1800 1107 (imo
1833 1039 2030 1108 capita,
2073 1054 2309 1110 quorum

707 1125 898 1180 titulos
929 1129 1190 1197 deinceps
1221 1131 1301 1184 bis
1330 1131 1532 1186 Suiilas
1563 1143 1828 1196 recenset,
1857 1135 2066 1188 omisso
2096 1135 2312 1190 decimo

709 1219 870 1272 tertio
907 1221 1035 1287 περὶ
1056 1221 1266 1274 τελείου
1303 1223 1399 1275 καὶ
1427 1224 1588 1289 ἑνός).
1623 1225 1694 1278 De
1721 1219 2081 1279 ecclesiastica
2101 1227 2313 1279 hiet-ar-

707 1312 846 1372 cltia,
881 1317 1056 1376 cupita
1088 1312 1134 1365 Χ
1158 1311 1214 1364 γ.
1243 1314 1318 1366 De
1349 1315 1545 1368 cmlesti
1572 1319 1895 1383 ltierarrltia,
1933 1325 2110 1389 capita
2135 1319 2254 1384 XV,
2281 1338 2310 1376 a

706 1419 816 1472 quo
847 1407 986 1456 male
1031 1414 1292 1475 tanquam
1347 1408 1663 1462 distinetum
1717 1409 1882 1463 refert
1926 1411 2125 1466 Suidas
2181 1414 2309 1482 περὶ

704 1493 814 1544 τῶν
841 1495 1120 1564 οὐρανίων
1172 1496 1472 1562 ταγμάτων
1527 1499 1621 1549 καὶ
1669 1498 1770 1552 ὅσα
1825 1500 1902 1568 τῷ
1955 1502 2194 1570 ἀριθμῷ.
2237 1501 2310 1555 De

703 1587 932 1653 mystica
993 1587 1254 1655 theologia
1301 1590 1478 1654 cupita
1539 1589 1597 1642 ι’.
1653 1591 1904 1659 lapislolae
1964 1603 2198 1661 quatuo‘r
2241 1593 2306 1646 ad

703 1676 916 1738 Caium,
964 1681 1318 1729 monachum.
1367 1678 1610 1748 Sittglliil‘.
1641 1687 1706 1732 ait
1743 1681 2087 1746 Daret/reum,
2125 1683 2308 1750 publi-

701 1786 826 1822 cum
863 1771 1200 1834 ministrum,
1235 1771 1301 1824 ad
1338 1770 1651 1840 Sopatrum,
1689 1777 2054 1836 sacerdotem,
2081 1777 2146 1828 ad
2195 1776 2303 1828 Po-

701 1861 1000 1930 lycarpum,
1067 1865 1384 1932 episcopum
1453 1863 1698 1935 Smyrna:
1771 1873 1858 1935 (ex
1934 1884 2041 1936 qua
2109 1867 2305 1920 Suidas

701 1955 926 2008 adducit
957 1955 1136 2006 locum
1174 1957 1238 2007 de
1264 1956 1453 2026 eclipsi
1484 1959 1594 2024 jam
1630 1969 1976 2026 lllClllttl'iIl-l),
2015 1963 2080 2012 ad
2113 1959 2303 2014 Demo-

698 2047 925 2115 pliilum,
983 2049 1315 2101 monachum
1348 2088 1362 2111 ,
1413 2062 1465 2102 et
1512 2049 1577 2101 ad
1630 2048 1896 2103 Joannem
1944 2053 2301 2122 theologum,

700 2147 875 2205 apost.
941 2147 996 2190 ct
1044 2141 1460 2207 evangelistam.
1534 2139 1830 2194 Sciendum
1895 2149 2298 2212 est,quusdam

699 2239 1050 2284 externorum
1077 2232 1414 2300 sapientum,
1443 2249 1718 2303 prieeipue
1751 2233 2029 2301 Proclum,
2063 2235 2302 2307 Dionysii

701 2325 1158 2388 tlteorcntatihus,
1195 2325 1469 2379 interdum
1516 2330 1648 2395 ipsis
1687 2331 1869 2383 verbis
1921 2346 2051 2384 usos
2099 2329 2289 2384 fuisse.

701 2415 841 2470 llinc
875 2419 1150 2482 susiiicari
1209 2419 1358 2484 lieet,
1413 2421 1740 2475 vetustiores
1787 2421 2162 2490 philosophos,
2209 2421 2304 2490 qui

702 2511 938 2566 Athenis
966 2523 1146 2578 erant,
1185 2514 1332 2567 illius
1364 2531 1530 2582 opera
1554 2555 1568 2578 ,
1602 2532 1834 2585 quorum
1875 2518 1987 2584 ipse
2020 2518 2302 2581 meminit,

701 2605 768 2657 ad
799 2601 1146 2658 Timomeuni
1184 2605 1465 2669 scribens,
1501 2607 1605 2659 sibi
1635 2607 1947 2660 vindicasse
1988 2623 2163 2676 eaque
2207 2621 2304 2660 oc-

705 2697 966 2760 cultasse,
999 2707 1056 2749 ut
1087 2697 1192 2767 ipsi
1228 2697 1539 2751 divinorum
1569 2700 1744 2766 ipsius
1773 2717 2088 2755 sermonum
2125 2714 2306 2755 aucto-

699 2805 791 2844 res
822 2791 1159 2845 videremur.
1185 2791 1282 2846 llic
1309 2795 1502 2862 plenUs
1524 2795 1760 2854 dierum,
1793 2797 2056 2866 martyrio
2081 2795 2306 2864 Spiritus

701 2895 1120 2938 consummatus
1178 2896 1262 2938 est
1311 2898 1554 2954 tempore
1589 2885 1812 2954 Trajani
1849 2891 2010 2957 imp.,
2071 2889 2261 2942 eodem
2290 2927 2304 2950 ,

703 2991 815 3045 quo
858 2977 1078 3029 divinus
1127 2975 1387 3046 lgnatins.
1443 2977 1619 3048 Magni
1689 2977 1930 3049 Dionysii
1991 2979 2304 3033 encomium

703 3070 925 3135 Scripsit
969 3071 1207 3122 Michael
1258 3071 1562 3142 Syncellns,
1616 3071 2171 3144 llierosolymilauus.

777 3177 1094 3247 Dionysius,
1128 3177 1328 3243 Terus,
1360 3180 1788 3243 AleXandrinus,
1853 3196 1883 3234 a
1931 3189 2088 3252 patre
2120 3179 2262 3238 Tero
2287 3225 2302 3250 ,

703 3265 912 3330 Thrax,
961 3269 1272 3322 Aristarchi
1335 3271 1680 3338 discipulus,
1739 3275 2152 3340 grammaticus,
2212 3277 2378 3344 quic

703 3361 892 3414 Itonia:
936 3363 1119 3414 docuit
1161 3363 1404 3431 l’oinpcii
1433 3363 1611 3432 Magni
1648 3367 1988 3434 temporibus
2019 3377 2072 3420 et
2095 3365 2310 3437 Tyran-

705 3452 891 3504 ttionis
929 3453 1126 3518 prioris
1158 3454 1418 3521 magister
1456 3453 1577 3507 fuit.
1605 3453 1844 3509 Plurima
1887 3459 2104 3526 scripsit
2131 3475 2311 3527 gram-
2370 3497 2374 3500 .

701 3545 900 3598 malim
941 3555 996 3597 et
1034 3549 1433 3614 syntagmatica
1466 3557 1518 3600 et
1548 3551 2021 3604 commentarios.

818 3637 1063 3708 ionysius
1093 3637 1514 3698 Alexandrinus,
1560 3639 1749 3692 Glauci
1781 3638 1870 3703 Ρη
1898 3642 2308 3710 grammaticus,

700 3727 794 3796 qui
829 3737 1071 3796 tempore
1103 3727 1337 3780 Neronis
1371 3738 1426 3782 et
1457 3735 1802 3797 sequentium
1831 3733 2000 3800 itnpp.
2035 3749 2207 3802 usque
2239 3737 2306 3787 ad

701 3819 1004 3890 Trajanum
1040 3821 1175 3873 vixit
1206 3829 1258 3873 et
1293 3822 1636 3876 bibliothecis
1663 3823 1900 3892 praefuit,
1930 3836 1981 3878 et
2013 3827 2079 3880 ab
2102 3829 2307 3896 cpisto—

705 3915 798 3975 lis,
835 3913 1205 3980 legationibus
1237 3924 1290 3966 et
1319 3917 1598 3982 responsis
1633 3917 1758 3970 fuit.
1803 3915 1948 3970 Idem
2001 3917 2302 3984 Parthenii,

698 4008 1062 4074 grammatici,
1091 4007 1710 4077 magister,discipulus
1759 4008 2138 4066 Clueremonis
2179 4012 2306 4082 phi-

698 4100 939 4168 Iosephi,
979 4099 1068 4152 cui
1110 4099 1276 4152 etiam
1314 4100 1670 4153 Alexandria:
1705 4103 1994 4156 suecessit.

768 4207 1088 4276 Dionysius,
1126 4205 1562 4268 Alexandrinus,
1597 4206 1756 4274 cujus
1789 4209 1970 4262 inveni
2012 4211 2304 4264 Commen-

697 4299 896 4352 tarium
937 4297 1090 4350 valde
1133 4298 1401 4350 disertum
1441 4299 1492 4350 in
1525 4297 1902 4354 Ecclesiasten
1966 4301 2301 4358 Salomonis.

776 4390 1092 4458 Dionysms,
1124 4391 1418 4442 Alexandri
1459 4389 1544 4454 F.,
1584 4391 2063 4458 Halicarnasseus,
2097 4407 2300 4465 orator,
2357 4407 2362 4416 ‘

693 4490 748 4536 et
779 4483 928 4534 omni
958 4495 1157 4549 genere
1193 4483 1470 4536 doctrinae
1508 4485 1782 4548 excultus,
1813 4485 2044 4542 Caesaris
2067 4489 2300 4560 Augusti

697 4578 1037 4645 temporibus
1071 4578 1224 4628 vixit.
1263 4575 1341 4628 Ex
1384 4576 1552 4643 hujus
1583 4579 1818 4646 posteris
1847 4579 1952 4634 fuit
1978 4581 2275 4654 Dionysius

693 4669 971 4730 Atlic.sta,
998 4670 1102 4721 sub
1134 4669 1376 4721 Adriano
1405 4669 1538 4737 imp.

767 4759 1062 4828 Dionysius
1095 4800 1110 4823 ,
1163 4759 1613 4816 Halicarnasseus
1650 4803 1663 4826 ,
1708 4765 1800 4832 qui
1861 4766 1998 4820 vixit
2051 4775 2294 4839 tempore

693 4853 922 4905 Adriani
999 4855 1156 4920 imp.,
1229 4853 1516 4922 sophista,
1584 4872 1952 4926 cognomento
2025 4861 2290 4928 illusicus,

693 4945 838 5012 quod
883 4947 932 4994 in
991 4953 1106 4996 arte
1141 4961 1350 4999 Inllstca
1385 4949 1540 5002 valde
1575 4955 1908 5006 exercitatus
1939 4965 2101 5010 esset.
2142 4959 2292 5011 Scri-

696 5053 802 5104 {‘szt
849 5037 1367 5090 Conuttentariorum
1423 5042 1834 5111 rhythmicorum
1885 5049 2050 5104 libros
2099 5051 2286 5106 XXIV.

697 5125 956 5178 Historiis
995 5130 1210 5180 musica:
1249 5131 1418 5184 libros
1452 5131 1670 5187 XXXVI
1696 5175 1711 5200 ,
1765 5139 1818 5190 in
1870 5142 2072 5208 quibus
2119 5145 2299 5198 tibici—

700 5236 855 5282 tiutn,
917 5221 1350 5275 citharoedorum
1401 5234 1454 5277 ct
1511 5241 1794 5295 poetarum
1849 5237 2030 5288 omnis
2084 5238 2298 5302 generis

701 5313 1034 5365 mentionem
1073 5313 1222 5368 iatll.
1255 5314 1524 5371 Doctrina:
1559 5323 1774 5375 inrtsicce
1793 5325 1906 5376 sive
1929 5325 2299 5382 Diatriburum

702 5406 868 5457 libros
888 5403 1032 5458 XXI.
1059 5405 1132 5457 De
1164 5408 1253 5474 iis,
1280 5424 1394 5478 qua:
1427 5413 1478 5463 in
1509 5409 1634 5480 Περ.
1661 5411 1906 5469 Platonis
1933 5421 2128 5474 musice
2155 5423 2297 5476 dicta

700 5505 844 5548 8M)”.

773 5588 1083 5657 Dionysius,
1121 5591 1437 5663 Byzantius,
1483 5611 1640 5666 poeta
1679 5603 1890 5671 epiens.
1919 5605 2146 5677 Scripsit
2193 5609 2295 5663 Dc-

699 5681 1039 5746 icriptionem
1071 5689 1422 5755 navigationis
1471 5707 1562 5759 per
1600 5691 1914 5760 Bosporum.
1967 5699 2042 5753 De
2099 5702 2296 5756 tltrenis

701 5781 892 5836 poema
927 5773 1187 5828 refertum
1228 5780 1512 5847 epicediis.

1401 5899 1690 5988 Scholiasta
1713 5903 1988 5978 Aristoph.
2045 5914 2318 5985 corrigere
2343 5921 2488 5988 jubet
2519 5925 2644 5976 ἀστέ

699 5955 908 6008 stellam
935 5965 1372 6032 exspectavimus,
1407 5977 1514 6024 (τις.
1555 5955 1727 6026 Haut.

2419 669 2696 740 Praecepta
2737 688 2964 726 morum.
3001 673 3302 727 Causarum
3333 676 3547 729 librum.
3582 677 4016 750 Meteorotogim;

2418 763 2481 816 Et
2536 767 2788 819 oratione
2846 767 3024 820 soluta
3081 765 3533 822 Commentariun:
3587 773 3640 824 in
3700 770 4016 828 Hesiodum.

2418 855 2572 908 Orbis
2627 869 2890 910 terrarum
2948 859 3399 928 descriptionem,
3459 863 3708 918 versibus
3757 867 4015 918 heroicis.

2417 949 2538 1002 Ilaec
2564 959 2742 1004 autem
2779 951 2952 1018 reperi
2989 953 3152 1005 etiam
3204 953 3256 1006 in
3299 953 3586 1026 Dionysio,
3622 958 3716 1024 qui
3767 957 4018 1011 Lithiaca

2415 1055 2512 1094 seu
2545 1039 2613 1094 de
2645 1041 2916 1109 lapidibus
2940 1045 3183 1112 scripsit.
3215 1042 3348 1099 Uter
3379 1059 3562 1100 tamen
3594 1047 3787 1101 hormn
3822 1055 3896 1102 sit
3925 1065 4020 1102 au-

2415 1141 2562 1194 ctor,
2603 1133 2812 1202 ignoro.

2491 1219 2811 1289 Dionysius,
2852 1221 3116 1283 Milesius,
3151 1223 3469 1289 historicus,
3505 1225 3604 1278 Res
3631 1239 3746 1294 post
3789 1228 4016 1282 Darium

2415 1319 2585 1378 gestas
2605 1307 2641 1359 γ
2663 1309 2814 1362 libris
2837 1311 3132 1376 descripsit.
3161 1311 3318 1367 Orbis
3341 1315 4020 1380 descriptionem.Persica.

2416 1400 2597 1452 Ionica
2641 1401 2876 1455 dialecto
2907 1443 2920 1466 ,
2987 1403 3180 1456 Rerum
3236 1403 3591 1472 Trojanarum
3637 1406 3804 1460 libros
3853 1419 3964 1462 tres
4003 1429 4020 1462 :

2414 1493 2648 1559 fabulas.
2691 1492 2905 1545 Κύκλον
2958 1496 3231 1566 ἱπτορικὸν
3291 1503 3496 1566 cyclum
3566 1501 3880 1554 historicum
3955 1504 4021 1557 li-

2413 1585 2522 1636 bris
2571 1581 2707 1639 VII;

2485 1672 2782 1742 Dionysius
2817 1672 3184 1745 Mitylenaeas,
3219 1686 3376 1745 poeta
3415 1679 3624 1746 epicos,
3670 1682 3762 1748 qui
3821 1697 4018 1734 σκυτοο

2418 1759 2658 1832 ὄραχίων
2701 1776 2752 1818 et
2793 1775 2950 1818 sutor
2987 1767 3166 1820 d:etus
3190 1767 3310 1822 fuit.
3335 1767 3566 1838 Scripsit
3597 1769 3790 1824 Bacchi
3826 1784 3878 1826 ct
3917 1773 4022 1826 ilii-

2415 1871 2586 1908 nerine
2623 1858 3005 1922 expeditionem
3025 1859 3416 1928 :Argnnautira
3447 1863 3594 1914 libris
3619 1879 3732 1927 sex,
3763 1868 4020 1920 oratione

2342 1946 2377 1996 Β
2409 1948 2593 2000 soluta
2621 1966 2633 2000 :
2663 1947 2896 2016 Mytltica
2923 1948 2992 2000 ad
3031 1946 3458 2003 l’crmenontem.

2485 2039 2800 2110 Dionysius,
2839 2039 3070 2094 Musonii
3107 2041 3201 2103 Ε..
3243 2041 3491 2098 Rhodius
3524 2056 3619 2098 aut
3655 2045 3902 2112 Samius,
3939 2049 4020 2100 hi-

2409 2131 2668 2192 storicus,
2705 2134 2794 2201 qui
2823 2137 2986 2186 etiam
3021 2135 3279 2190 sacerdos
3304 2135 3406 2188 fuit
3439 2139 3618 2207 templi
3659 2141 3830 2198 Solis.
3868 2143 4016 2208 quod

2411 2225 2522 2278 illic
2557 2235 2696 2278 erat.
2747 2223 2984 2295 Scripsit
3035 2228 3280 2296 ἱστορίας
3317 2231 3566 2293 τοπικὰς,
3609 2231 3849 2285 locarunt
3903 2236 4016 2288 sive

2409 2325 2680 2369 certarum
2738 2318 3021 2385 regionum
3067 2317 3344 2373 Historias
3384 2321 3537 2375 libris
3561 2321 3649 2377 Vl.
3704 2321 3864 2378 Orbis
3913 2325 4018 2378 De-

2407 2411 2768 2476 scriptianem,
2787 2411 3051 2480 Ἱστορίας
3077 2412 3458 2482 παιδευτικῆς,
3492 2413 3774 2469 Historiae
3799 2419 4014 2470 institu-

2415 2503 2577 2554 tionis
2631 2503 2790 2554 ἰών-οδ
2837 2501 2909 2555 Χ.
2961 2505 3267 2570 Existimo,
3309 2507 3645 2577 Dionysium,
3685 2511 3776 2578 qui
3823 2513 4016 2563 urbem

2409 2593 2722 2661 descripsit,
2759 2593 3080 2662 Byzantium
3131 2595 3303 2651 fuisse
3335 2597 3590 2668 (Vossius
3643 2600 3772 2670 legit
3821 2601 4016 2673 Bithy-

2413 2699 2592 2760 num,
2624 2695 2844 2754 propter
2883 2685 3130 2752 ﬂuvium,
3177 2689 3450 2744 liltebam.

2485 2777 2803 2846 Dionysius,
2865 2777 3066 2832 Sicilia1
3101 2791 3370 2852 tyrannus
3397 2823 3410 2846 ,
3445 2782 3665 2851 scripsit
3697 2781 4014 2853 Tragoedias

2411 2877 2461 2921 et
2503 2867 2797 2922 Commdius
2825 2880 2878 2923 et
2917 2869 3210 2926 Historias.

2485 2957 2798 3029 Dionysius,
2834 2961 2977 3014 lilius
3019 2961 3220 3017 Siciliae
3256 2967 3492 3033 tyranni,
3517 2979 3569 3021 et
3601 2967 3717 3037 ipse
3743 2979 4016 3038 tyrannus

2410 3059 2462 3100 et
2497 3051 2882 3117 philosOphus,
2921 3053 3141 3120 scripsit
3188 3053 3456 3122 Epistolas
3488 3069 3542 3112 et
3581 3057 3656 3112 De
3683 3061 4014 3128 poematibus

2413 3139 2460 3192 15
2462 3143 2742 3208 picltarmt.

2486 3234 2738 3284 Διονύσια
2781 3233 3114 3304 σκώμματα,
3149 3235 3380 3291 dicteria
3429 3239 3482 3292 in
3545 3238 4010 3297 Bacchanalibus.

2489 3323 2771 3392 Diopithcs
2812 3324 2983 3393 leéem
3015 3328 3234 3388 tulerat,
3269 3337 3406 3382 teste
3434 3329 3672 3396 Ain-ano,
3709 3347 3766 3385 ut
3801 3339 3932 3397 ervi,
3959 3339 4012 3388 in

2419 3415 2600 3468 Piraeo
2645 3418 2986 3482 pernoctauti
3014 3457 3028 3480 ,
3069 3419 3303 3487 capitale
3341 3433 3504 3474 esset.
3545 3422 3667 3491 Ipse
3715 3425 3918 3480 deinde
3949 3443 4012 3481 eo

2413 3508 2658 3571 nemine,
2710 3524 2834 3561 cum
2897 3510 3218 3577 aliquando,
3259 3527 3484 3580 vespera
3524 3520 3870 3583 Oppl'tlllcnle
3898 3557 3914 3578 ,
3957 3521 4010 3572 in

2412 3597 2588 3652 Piraeo
2627 3611 2842 3654 noctem
2878 3611 3194 3670 mansnsset,
3227 3608 3293 3659 ab
3337 3607 3574 3661 inimicis
3603 3611 3800 3677 capitis
3839 3627 4012 3665 accu-

2413 3699 2586 3743 satus.

2394 3811 2396 3815 -
2485 3779 2854 3845 Dioscorides,
2883 3781 3311 3848 Auazarbensis,
3340 3787 3605 3851 medicus,
3641 3803 4010 3856 cognomento

2409 3872 2615 3936 Φακᾶς,
2655 3873 2724 3926 ob
2763 3873 2936 3927 lentes
2971 3891 3108 3942 quas
3133 3877 3185 3929 in
3222 3875 3360 3931 facie
3390 3881 3643 3934 habebat.
3687 3880 4010 3954 Vixitapud

2411 3963 2755 4032 Cleopatram
2822 3967 3046 4020 Antonii
3109 3977 3373 4038 tempore,
3437 3975 3774 4042 sm'ipsitque
3831 3975 4008 4032 libros

2407 4055 2578 4108 XXIV
2606 4096 2621 4121 ,
2656 4073 2848 4112 omnes
2882 4059 2949 4112 de
2981 4075 3037 4112 re
3077 4064 3307 4126 medica,
3356 4079 3560 4134 eosque
3593 4067 4007 4124 celeberrimos.

2481 4149 2800 4204 Dioscorius
2839 4191 2852 4216 ,
2917 4149 3174 4218 Miracus,
3231 4163 3662 4224 grammaticus,
3718 4161 4010 4228 praefectus

2383 4239 2531 4294 .urbi
2567 4250 2620 4292 et
2661 4243 2939 4309 praemi-io,
2983 4244 3076 4310 qui
3113 4244 3312 4302 Leonis
3382 4249 3514 4319 imp.
3571 4251 3712 4306 tilias
3755 4251 4008 4322 Byzantii

2407 4329 2611 4383 docuit.
2649 4331 2795 4385 lnira
2852 4333 3148 4405 Θυάτειρα..

2479 4421 2808 4493 Dioxippus,
2834 4427 3206 4494 Atheniensis,
3243 4433 3509 4489 comicus.
3555 4435 3690 4504 Ejus
3753 4437 3956 4494 fabulae
3991 4457 4002 4492 :

2419 4515 2960 4586 Ἀντιπορνοὸοσκὸς,
2985 4521 3348 4595 Φιλάργυρος,
3387 4527 3851 4598 Ἱστοριογράφος,
3883 4538 4010 4586 Δια.-

2283 4627 2296 4652 ς
2333 4625 2378 4680 υ
2405 4605 2776 4677 δικαζόμενοι.

2475 4705 2736 4772 Διφθέρα.
2771 4705 2861 4769 Εἰς
2888 4707 3170 4780 διφθέρας,
3200 4711 3250 4764 in
3287 4713 3514 4781 pellibus
3539 4715 3740 4786 scripta
3769 4721 4002 4774 consilia

2403 4807 2500 4846 sua
2547 4792 2858 4852 Thoraeion
2891 4815 3020 4854 cum
3061 4801 3314 4858 hostibus
3363 4806 3416 4858 in
3453 4805 3696 4862 Laconia
3750 4826 4004 4866 commu-

2404 4885 2641 4939 nieabat.

2475 4975 2935 5046 Dipnosophistw,
2966 4983 3105 5039 liher
3133 4986 3286 5042 valde
3319 4989 3487 5052 utilis,
3521 4993 3679 5062 cujus
3705 4995 4004 5051 Athenians

2398 5079 2590 5122 auctor
2640 5085 2746 5125 est.
2788 5073 3049 5144 Ulpiauus
3083 5094 3222 5135 unus
3257 5079 3830 5154 Dipuosophistarum,
3895 5101 4000 5144 etc.

2411 5159 2602 5231 Supra,
2633 5169 3022 5233 κειτούκειτος.

2480 5254 3122 5325 Dithyramhodidascali.
3141 5265 3202 5319 Hi
3235 5268 3302 5322 de
3331 5267 3518 5332 rebus.
3545 5287 3668 5340 quae
3695 5273 3748 5327 in
3777 5277 4000 5332 sublimi

2408 5343 2546 5398 ﬁunt
2573 5357 2626 5400 et
2659 5353 2920 5416 nubibus,
2950 5359 3118 5408 multa
3149 5359 3332 5412 dicere
3361 5364 3632 5424 solebant,
3663 5371 4004 5438 vocibusque

2408 5443 2729 5507 compositis
2767 5447 3082 5510 utebantur,
3111 5450 3357 5506 dicentes
3384 5457 3622 5524 exempli
3651 5472 3823 5512 causa
3859 5461 4004 5513 ἐνδι-

2407 5537 2978 5604 αεριανερινηχέτους.
3014 5539 3162 5596 Talis
3197 5555 3314 5598 erat
3362 5545 3479 5609 Ion,
3535 5551 3730 5614 Chius,
3799 5568 3956 5620 poeta
3985 5596 4002 5618 ,

2407 5625 2496 5690 qni
2535 5641 2722 5692 poema
2773 5631 2918 5694 fecit,
2972 5635 3130 5702 cujus
3193 5639 3408 5694 initium
3455 5654 3585 5696 est:
3639 5645 4004 5718 Ἀοίονὴερο-

2408 5712 2599 5778 φοίτα-κ
2631 5719 2838 5788 ἀστέρα
2869 5723 3015 5792 μῆνα
3043 5729 3142 5795 μέν
3169 5729 3282 5799 (64)
3303 5734 3446 5787 unde
3467 5712 3890 5806 AristOphaues,
3910 5712 4004 5809 jo-

2407 5818 2560 5872 caus,
2605 5821 2924 5868 matutnum
2963 5820 3172 5874 stellam
3214 5840 3338 5878 eum
3387 5839 3640 5884 vocatum
3689 5831 3862 5886 fuisse
3902 5835 4000 5886 ait.

2625 5925 2719 5995 ἐρα
2752 5931 3039 6003 μείναμεν,
3073 5947 3177 5994 etc.
3237 5943 3554 5996 matutinum
3619 5955 3664 5999 et
3700 5962 4002 6016 cer-rugata
