  <div class='ocr_page' id='page_1' title='image "/cluster/home/n/w/nwhite01/storage/ocr_20150623/117/nnc1.0046980202/637.png"; bbox 0 0 4182 6526; ppageno 0'>
   <div class='ocr_carea' id='block_1_1' title="bbox 742 439 882 508">
    <p class='ocr_par' dir='ltr' id='par_1_1' title="bbox 742 439 882 508">
     <span class='ocr_line' id='line_1_1' title="bbox 742 439 882 508; baseline -0.014 -3"><span class='ocrx_word' id='word_1_1' title='bbox 742 439 882 508; x_wconf 75' lang='lat'><strong>1255</strong></span> 
     </span>
    </p>
   </div>
   <div class='ocr_carea' id='block_1_2' title="bbox 1959 435 2742 501">
    <p class='ocr_par' dir='ltr' id='par_1_2' title="bbox 1959 435 2742 501">
     <span class='ocr_line' id='line_1_2' title="bbox 1959 435 2742 501; baseline 0.004 -3"><span class='ocrx_word' id='word_1_2' title='bbox 1959 435 2212 500; x_wconf 80' lang='lat' dir='ltr'><strong>INDEX</strong></span> <span class='ocrx_word' id='word_1_3' title='bbox 2251 436 2742 501; x_wconf 80' lang='lat' dir='ltr'><strong>SCRIPTORUM</strong></span> 
     </span>
    </p>
   </div>
   <div class='ocr_carea' id='block_1_3' title="bbox 3899 438 4022 500">
    <p class='ocr_par' dir='ltr' id='par_1_3' title="bbox 3899 438 4022 500">
     <span class='ocr_line' id='line_1_3' title="bbox 3899 438 4022 500; baseline 0.008 -2"><span class='ocrx_word' id='word_1_4' title='bbox 3899 438 4022 500; x_wconf 61' lang='lat'><strong>1236</strong></span> 
     </span>
    </p>
   </div>
   <div class='ocr_carea' id='block_1_4' title="bbox 737 547 4021 626">
    <p class='ocr_par' dir='ltr' id='par_1_4' title="bbox 737 547 4021 626">
     <span class='ocr_line' id='line_1_4' title="bbox 737 547 4021 626; baseline -0.002 -12"><span class='ocrx_word' id='word_1_5' title='bbox 737 559 976 618; x_wconf 79' lang='lat' dir='ltr'><strong>Colonia,</strong></span> <span class='ocrx_word' id='word_1_6' title='bbox 1012 555 1266 626; x_wconf 83' lang='lat' dir='ltr'><strong>eppidum</strong></span> <span class='ocrx_word' id='word_1_7' title='bbox 1299 551 1623 618; x_wconf 67' lang='lat' dir='ltr'><strong>obscurum,</strong></span> <span class='ocrx_word' id='word_1_8' title='bbox 1651 559 1704 606; x_wconf 92' lang='lat' dir='ltr'><strong>et</strong></span> <span class='ocrx_word' id='word_1_9' title='bbox 1729 548 1873 621; x_wconf 87' lang='lat' dir='ltr'><strong>quod</strong></span> <span class='ocrx_word' id='word_1_10' title='bbox 1908 551 2084 604; x_wconf 87' lang='lat' dir='ltr'><strong>bonos</strong></span> <span class='ocrx_word' id='word_1_11' title='bbox 2114 557 2326 604; x_wconf 88' lang='lat' dir='ltr'><strong>tantum</strong></span> <span class='ocrx_word' id='word_1_12' title='bbox 2361 557 2402 611; x_wconf 80' lang='grc' dir='ltr'><strong>Α</strong></span> <span class='ocrx_word' id='word_1_13' title='bbox 2439 549 2596 604; x_wconf 89' lang='lat' dir='ltr'><strong>utait</strong></span> <span class='ocrx_word' id='word_1_14' title='bbox 2625 548 3013 619; x_wconf 81' lang='lat' dir='ltr'><strong>Epicharmus.</strong></span> <span class='ocrx_word' id='word_1_15' title='bbox 3051 548 3264 604; x_wconf 87' lang='lat' dir='ltr'><strong>Dictum</strong></span> <span class='ocrx_word' id='word_1_16' title='bbox 3311 547 3378 604; x_wconf 84' lang='lat' dir='ltr'><strong>ad</strong></span> <span class='ocrx_word' id='word_1_17' title='bbox 3437 549 3798 606; x_wconf 86' lang='lat' dir='ltr'><strong>imitationem</strong></span> <span class='ocrx_word' id='word_1_18' title='bbox 3829 553 3974 610; x_wconf 78' lang='lat' dir='ltr'><strong>illius</strong></span> <span class='ocrx_word' id='word_1_19' title='bbox 4010 575 4021 606; x_wconf 93' lang='lat'><strong><em>:</em></strong></span> 
     </span>
    </p>
   </div>
   <div class='ocr_carea' id='block_1_5' title="bbox 737 643 2327 716">
    <p class='ocr_par' dir='ltr' id='par_1_5' title="bbox 737 643 2327 716">
     <span class='ocr_line' id='line_1_5' title="bbox 737 643 2327 716; baseline -0.005 -14"><span class='ocrx_word' id='word_1_20' title='bbox 737 653 888 706; x_wconf 87' lang='lat' dir='ltr'><strong>viros</strong></span> <span class='ocrx_word' id='word_1_21' title='bbox 912 652 1056 704; x_wconf 89' lang='lat' dir='ltr'><strong>alere</strong></span> <span class='ocrx_word' id='word_1_22' title='bbox 1079 656 1316 716; x_wconf 89' lang='lat' dir='ltr'><strong>poterat.</strong></span> <span class='ocrx_word' id='word_1_23' title='bbox 1343 646 1497 699; x_wconf 83' lang='lat' dir='ltr'><strong>Hanc</strong></span> <span class='ocrx_word' id='word_1_24' title='bbox 1518 645 1668 699; x_wconf 87' lang='lat' dir='ltr'><strong>Zeno</strong></span> <span class='ocrx_word' id='word_1_25' title='bbox 1699 644 1872 713; x_wconf 87' lang='lat' dir='ltr'><strong>magis</strong></span> <span class='ocrx_word' id='word_1_26' title='bbox 1900 643 2138 704; x_wconf 89' lang='lat' dir='ltr'><strong>amabat,</strong></span> <span class='ocrx_word' id='word_1_27' title='bbox 2161 656 2327 711; x_wconf 89' lang='lat' dir='ltr'><strong>quam</strong></span> 
     </span>
    </p>
   </div>
   <div class='ocr_carea' id='block_1_6' title="bbox 738 733 2328 807">
    <p class='ocr_par' dir='ltr' id='par_1_6' title="bbox 738 733 2328 807">
     <span class='ocr_line' id='line_1_6' title="bbox 738 733 2328 807; baseline -0.007 -10"><span class='ocrx_word' id='word_1_28' title='bbox 738 741 1156 797; x_wconf 76' lang='lat' dir='ltr'><strong>Atheniensium</strong></span> <span class='ocrx_word' id='word_1_29' title='bbox 1206 737 1568 807; x_wconf 77' lang='lat' dir='ltr'><strong>iactantiam;</strong></span> <span class='ocrx_word' id='word_1_30' title='bbox 1607 739 1788 804; x_wconf 84' lang='lat' dir='ltr'><strong>itaque</strong></span> <span class='ocrx_word' id='word_1_31' title='bbox 1837 749 1962 788; x_wconf 85' lang='lat' dir='ltr'><strong>raro</strong></span> <span class='ocrx_word' id='word_1_32' title='bbox 2013 734 2156 802; x_wconf 88' lang='lat' dir='ltr'><strong>apud</strong></span> <span class='ocrx_word' id='word_1_33' title='bbox 2211 733 2328 786; x_wconf 85' lang='lat' dir='ltr'><strong>illos</strong></span> 
     </span>
    </p>
   </div>
   <div class='ocr_carea' id='block_1_7' title="bbox 739 829 1618 902">
    <p class='ocr_par' dir='ltr' id='par_1_7' title="bbox 739 829 1618 902">
     <span class='ocr_line' id='line_1_7' title="bbox 739 829 1618 902; baseline -0.011 -12"><span class='ocrx_word' id='word_1_34' title='bbox 739 843 984 890; x_wconf 77' lang='lat' dir='ltr'><strong>versatus</strong></span> <span class='ocrx_word' id='word_1_35' title='bbox 1019 834 1072 886; x_wconf 91' lang='lat' dir='ltr'><strong>in</strong></span> <span class='ocrx_word' id='word_1_36' title='bbox 1107 833 1280 902; x_wconf 88' lang='lat' dir='ltr'><strong>patria</strong></span> <span class='ocrx_word' id='word_1_37' title='bbox 1313 829 1618 884; x_wconf 83' lang='lat' dir='ltr'><strong>censenuit.</strong></span> 
     </span>
    </p>
   </div>
   <div class='ocr_carea' id='block_1_8' title="bbox 823 921 2326 996">
    <p class='ocr_par' dir='ltr' id='par_1_8' title="bbox 823 921 2326 996">
     <span class='ocr_line' id='line_1_8' title="bbox 823 921 2326 996; baseline -0.006 -17"><span class='ocrx_word' id='word_1_38' title='bbox 823 928 1150 996; x_wconf 65' lang='grc' dir='ltr'>Ἐλεγεὶρειν</span> <span class='ocrx_word' id='word_1_39' title='bbox 1206 923 1318 993; x_wconf 65' lang='lat' dir='ltr'><strong>(iiii)</strong></span> <span class='ocrx_word' id='word_1_40' title='bbox 1383 939 1478 992; x_wconf 87' lang='lat' dir='ltr'><strong>pro</strong></span> <span class='ocrx_word' id='word_1_41' title='bbox 1531 921 1762 972; x_wconf 72' lang='lat' dir='ltr'><strong>delirare</strong></span> <span class='ocrx_word' id='word_1_42' title='bbox 1820 921 2044 988; x_wconf 76' lang='lat' dir='ltr'><strong>quidam</strong></span> <span class='ocrx_word' id='word_1_43' title='bbox 2082 930 2326 970; x_wconf 82' lang='lat' dir='ltr'><strong>veterum</strong></span> 
     </span>
    </p>
   </div>
   <div class='ocr_carea' id='block_1_9' title="bbox 739 1010 2328 1086">
    <p class='ocr_par' dir='ltr' id='par_1_9' title="bbox 739 1010 2328 1086">
     <span class='ocr_line' id='line_1_9' title="bbox 739 1010 2328 1086; baseline -0.008 -12"><span class='ocrx_word' id='word_1_44' title='bbox 739 1020 1014 1074; x_wconf 68' lang='lat' dir='ltr'><strong>dixerunt.</strong></span> <span class='ocrx_word' id='word_1_45' title='bbox 1043 1017 1108 1070; x_wconf 81' lang='lat' dir='ltr'><strong>Et</strong></span> <span class='ocrx_word' id='word_1_46' title='bbox 1133 1026 1282 1080; x_wconf 90' lang='lat' dir='ltr'><strong>sunt,</strong></span> <span class='ocrx_word' id='word_1_47' title='bbox 1301 1015 1392 1086; x_wconf 88' lang='lat' dir='ltr'><strong>qui</strong></span> <span class='ocrx_word' id='word_1_48' title='bbox 1415 1029 1636 1066; x_wconf 84' lang='lat' dir='ltr'><strong>carmen</strong></span> <span class='ocrx_word' id='word_1_49' title='bbox 1662 1012 1959 1080; x_wconf 68' lang='lat' dir='ltr'><strong>elegiacnm</strong></span> <span class='ocrx_word' id='word_1_50' title='bbox 1983 1013 2106 1064; x_wconf 80' lang='lat' dir='ltr'><strong>hinc</strong></span> <span class='ocrx_word' id='word_1_51' title='bbox 2123 1010 2328 1062; x_wconf 72' lang='lat' dir='ltr'><strong>dictum</strong></span> 
     </span>
    </p>
   </div>
   <div class='ocr_carea' id='block_1_10' title="bbox 739 1102 2328 1184">
    <p class='ocr_par' dir='ltr' id='par_1_10' title="bbox 739 1102 2328 1184">
     <span class='ocr_line' id='line_1_10' title="bbox 739 1102 2328 1184; baseline -0.009 -15"><span class='ocrx_word' id='word_1_52' title='bbox 739 1123 950 1184; x_wconf 89' lang='lat' dir='ltr'><strong>putent.</strong></span> <span class='ocrx_word' id='word_1_53' title='bbox 1001 1111 1292 1171; x_wconf 79' lang='lat' dir='ltr'><strong>Theoi-les,</strong></span> <span class='ocrx_word' id='word_1_54' title='bbox 1347 1106 1554 1161; x_wconf 72' lang='lat' dir='ltr'><strong>Naxius</strong></span> <span class='ocrx_word' id='word_1_55' title='bbox 1589 1117 1684 1160; x_wconf 88' lang='lat' dir='ltr'><strong>aut</strong></span> <span class='ocrx_word' id='word_1_56' title='bbox 1725 1104 2072 1164; x_wconf 80' lang='lat' dir='ltr'><strong>Eretriensis,</strong></span> <span class='ocrx_word' id='word_1_57' title='bbox 2115 1102 2328 1155; x_wconf 84' lang='lat' dir='ltr'><strong>insania</strong></span> 
     </span>
    </p>
   </div>
   <div class='ocr_carea' id='block_1_11' title="bbox 742 1197 1937 1274">
    <p class='ocr_par' dir='ltr' id='par_1_11' title="bbox 742 1197 1937 1274">
     <span class='ocr_line' id='line_1_11' title="bbox 742 1197 1937 1274; baseline -0.013 -12"><span class='ocrx_word' id='word_1_58' title='bbox 742 1215 1048 1274; x_wconf 78' lang='lat' dir='ltr'><strong>correptus,</strong></span> <span class='ocrx_word' id='word_1_59' title='bbox 1083 1218 1302 1256; x_wconf 84' lang='lat' dir='ltr'><strong>carmen</strong></span> <span class='ocrx_word' id='word_1_60' title='bbox 1340 1201 1441 1252; x_wconf 91' lang='lat' dir='ltr'><strong>hoc</strong></span> <span class='ocrx_word' id='word_1_61' title='bbox 1473 1201 1684 1268; x_wconf 90' lang='lat' dir='ltr'><strong>primus</strong></span> <span class='ocrx_word' id='word_1_62' title='bbox 1714 1197 1937 1251; x_wconf 77' lang='lat' dir='ltr'><strong>cecinit.</strong></span> 
     </span>
    </p>
   </div>
   <div class='ocr_carea' id='block_1_12' title="bbox 817 1287 2334 1368">
    <p class='ocr_par' dir='ltr' id='par_1_12' title="bbox 817 1287 2334 1368">
     <span class='ocr_line' id='line_1_12' title="bbox 817 1287 2334 1368; baseline -0.007 -16"><span class='ocrx_word' id='word_1_63' title='bbox 817 1300 1036 1368; x_wconf 80' lang='lat' dir='ltr'><strong>Elegus,</strong></span> <span class='ocrx_word' id='word_1_64' title='bbox 1059 1311 1278 1350; x_wconf 81' lang='lat' dir='ltr'><strong>carmen</strong></span> <span class='ocrx_word' id='word_1_65' title='bbox 1309 1293 1538 1362; x_wconf 77' lang='lat' dir='ltr'><strong>lugubre</strong></span> <span class='ocrx_word' id='word_1_66' title='bbox 1556 1291 1630 1346; x_wconf 81' lang='lat' dir='ltr'><strong>sic</strong></span> <span class='ocrx_word' id='word_1_67' title='bbox 1647 1291 2002 1360; x_wconf 85' lang='lat' dir='ltr'><strong>appellatum,</strong></span> <span class='ocrx_word' id='word_1_68' title='bbox 2025 1287 2168 1358; x_wconf 86' lang='lat' dir='ltr'><strong>quod</strong></span> <span class='ocrx_word' id='word_1_69' title='bbox 2190 1302 2334 1358; x_wconf 64' lang='lat' dir='ltr'><strong>smpe</strong></span> 
     </span>
    </p>
   </div>
   <div class='ocr_carea' id='block_1_13' title="bbox 741 1381 2328 1452">
    <p class='ocr_par' dir='ltr' id='par_1_13' title="bbox 741 1381 2328 1452">
     <span class='ocr_line' id='line_1_13' title="bbox 741 1381 2328 1452; baseline -0.008 -5"><span class='ocrx_word' id='word_1_70' title='bbox 741 1395 794 1448; x_wconf 89' lang='lat' dir='ltr'><strong>in</strong></span> <span class='ocrx_word' id='word_1_71' title='bbox 830 1409 896 1447; x_wconf 89' lang='lat' dir='ltr'><strong>eo</strong></span> <span class='ocrx_word' id='word_1_72' title='bbox 931 1394 955 1444; x_wconf 84' lang='grc' dir='ltr'><strong>ἒ</strong></span> <span class='ocrx_word' id='word_1_73' title='bbox 987 1392 1008 1443; x_wconf 79' lang='grc' dir='ltr'>ἕ</span> <span class='ocrx_word' id='word_1_74' title='bbox 1042 1393 1275 1445; x_wconf 87' lang='lat' dir='ltr'><strong>dicatur.</strong></span> <span class='ocrx_word' id='word_1_75' title='bbox 1311 1385 1406 1440; x_wconf 80' lang='lat' dir='ltr'><strong>Vel</strong></span> <span class='ocrx_word' id='word_1_76' title='bbox 1445 1385 1865 1439; x_wconf 82' lang='lat' dir='ltr'><strong>lamentationes</strong></span> <span class='ocrx_word' id='word_1_77' title='bbox 1894 1399 2016 1452; x_wconf 78' lang='lat' dir='ltr'><strong>qua:</strong></span> <span class='ocrx_word' id='word_1_78' title='bbox 2045 1381 2111 1434; x_wconf 87' lang='lat' dir='ltr'><strong>ad</strong></span> <span class='ocrx_word' id='word_1_79' title='bbox 2138 1383 2328 1434; x_wconf 84' lang='lat' dir='ltr'><strong>tibiam</strong></span> 
     </span>
    </p>
   </div>
   <div class='ocr_carea' id='block_1_14' title="bbox 739 1471 2336 1538">
    <p class='ocr_par' dir='ltr' id='par_1_14' title="bbox 739 1471 2336 1538">
     <span class='ocr_line' id='line_1_14' title="bbox 739 1471 2336 1538; baseline -0.009 -1"><span class='ocrx_word' id='word_1_80' title='bbox 739 1491 1036 1538; x_wconf 85' lang='lat' dir='ltr'><strong>canuntur.</strong></span> <span class='ocrx_word' id='word_1_81' title='bbox 1081 1477 1273 1531; x_wconf 88' lang='lat' dir='ltr'><strong>Postea</strong></span> <span class='ocrx_word' id='word_1_82' title='bbox 1307 1475 1549 1538; x_wconf 76' lang='lat' dir='ltr'><strong>Midiam,</strong></span> <span class='ocrx_word' id='word_1_83' title='bbox 1587 1473 1774 1528; x_wconf 86' lang='lat' dir='ltr'><strong>Gordii</strong></span> <span class='ocrx_word' id='word_1_84' title='bbox 1831 1471 2023 1534; x_wconf 87' lang='lat' dir='ltr'><strong>filium,</strong></span> <span class='ocrx_word' id='word_1_85' title='bbox 2081 1472 2210 1524; x_wconf 90' lang='lat' dir='ltr'><strong>dum</strong></span> <span class='ocrx_word' id='word_1_86' title='bbox 2249 1487 2336 1524; x_wconf 89' lang='lat' dir='ltr'><strong>rc-</strong></span> 
     </span>
    </p>
   </div>
   <div class='ocr_carea' id='block_1_15' title="bbox 741 1561 2334 1644">
    <p class='ocr_par' dir='ltr' id='par_1_15' title="bbox 741 1561 2334 1644">
     <span class='ocr_line' id='line_1_15' title="bbox 741 1561 2334 1644; baseline -0.008 -17"><span class='ocrx_word' id='word_1_87' title='bbox 741 1585 954 1644; x_wconf 83' lang='lat' dir='ltr'><strong>gnaret,</strong></span> <span class='ocrx_word' id='word_1_88' title='bbox 1010 1571 1195 1624; x_wconf 88' lang='lat' dir='ltr'><strong>tibiam</strong></span> <span class='ocrx_word' id='word_1_89' title='bbox 1249 1567 1316 1620; x_wconf 89' lang='lat' dir='ltr'><strong>ad</strong></span> <span class='ocrx_word' id='word_1_90' title='bbox 1374 1579 1498 1618; x_wconf 84' lang='lat' dir='ltr'><strong>aras</strong></span> <span class='ocrx_word' id='word_1_91' title='bbox 1563 1575 1617 1618; x_wconf 90' lang='lat' dir='ltr'><strong>et</strong></span> <span class='ocrx_word' id='word_1_92' title='bbox 1668 1561 1936 1617; x_wconf 80' lang='lat' dir='ltr'><strong>sacrificia</strong></span> <span class='ocrx_word' id='word_1_93' title='bbox 1987 1561 2334 1614; x_wconf 87' lang='lat' dir='ltr'><strong>transtulisse</strong></span> 
     </span>
    </p>
   </div>
   <div class='ocr_carea' id='block_1_16' title="bbox 740 1653 2330 1734">
    <p class='ocr_par' dir='ltr' id='par_1_16' title="bbox 740 1653 2330 1734">
     <span class='ocr_line' id='line_1_16' title="bbox 740 1653 2330 1734; baseline -0.01 -12"><span class='ocrx_word' id='word_1_94' title='bbox 740 1669 954 1730; x_wconf 76' lang='lat' dir='ltr'><strong>dicunt,</strong></span> <span class='ocrx_word' id='word_1_95' title='bbox 983 1663 1128 1734; x_wconf 90' lang='lat' dir='ltr'><strong>quod</strong></span> <span class='ocrx_word' id='word_1_96' title='bbox 1173 1671 1402 1714; x_wconf 88' lang='lat' dir='ltr'><strong>matrem</strong></span> <span class='ocrx_word' id='word_1_97' title='bbox 1439 1673 1594 1712; x_wconf 88' lang='lat' dir='ltr'><strong>suam</strong></span> <span class='ocrx_word' id='word_1_98' title='bbox 1648 1655 1963 1710; x_wconf 81' lang='lat' dir='ltr'><strong>defunctam</strong></span> <span class='ocrx_word' id='word_1_99' title='bbox 2015 1654 2071 1706; x_wconf 88' lang='lat' dir='ltr'><strong>in</strong></span> <span class='ocrx_word' id='word_1_100' title='bbox 2101 1653 2330 1707; x_wconf 89' lang='lat' dir='ltr'><strong>dearum</strong></span> 
     </span>
    </p>
   </div>
   <div class='ocr_carea' id='block_1_17' title="bbox 741 1753 1501 1813">
    <p class='ocr_par' dir='ltr' id='par_1_17' title="bbox 741 1753 1501 1813">
     <span class='ocr_line' id='line_1_17' title="bbox 741 1753 1501 1813; baseline -0.012 0"><span class='ocrx_word' id='word_1_101' title='bbox 741 1773 1034 1813; x_wconf 86' lang='lat' dir='ltr'><strong>numerum</strong></span> <span class='ocrx_word' id='word_1_102' title='bbox 1073 1753 1282 1809; x_wconf 82' lang='lat' dir='ltr'><strong>referre</strong></span> <span class='ocrx_word' id='word_1_103' title='bbox 1323 1753 1501 1806; x_wconf 83' lang='lat' dir='ltr'><strong>vellet.</strong></span> 
     </span>
    </p>
   </div>
   <div class='ocr_carea' id='block_1_18' title="bbox 807 1838 2328 1917">
    <p class='ocr_par' dir='ltr' id='par_1_18' title="bbox 807 1838 2328 1917">
     <span class='ocr_line' id='line_1_18' title="bbox 807 1838 2328 1917; baseline -0.007 -15"><span class='ocrx_word' id='word_1_104' title='bbox 807 1849 1082 1912; x_wconf 79' lang='lat' dir='ltr'><strong>Eleusius,</strong></span> <span class='ocrx_word' id='word_1_105' title='bbox 1117 1846 1418 1917; x_wconf 85' lang='lat' dir='ltr'><strong>Cyzicenus</strong></span> <span class='ocrx_word' id='word_1_106' title='bbox 1443 1852 1497 1897; x_wconf 86' lang='lat' dir='ltr'><strong>et</strong></span> <span class='ocrx_word' id='word_1_107' title='bbox 1524 1840 1923 1904; x_wconf 83' lang='lat' dir='ltr'><strong>Marathonius,</strong></span> <span class='ocrx_word' id='word_1_108' title='bbox 1950 1849 2006 1896; x_wconf 91' lang='lat' dir='ltr'><strong>et</strong></span> <span class='ocrx_word' id='word_1_109' title='bbox 2027 1838 2189 1895; x_wconf 85' lang='lat' dir='ltr'><strong>CPol.</strong></span> <span class='ocrx_word' id='word_1_110' title='bbox 2221 1855 2328 1893; x_wconf 92' lang='lat' dir='ltr'><strong>non</strong></span> 
     </span>
    </p>
   </div>
   <div class='ocr_carea' id='block_1_19' title="bbox 2435 640 4027 714">
    <p class='ocr_par' dir='ltr' id='par_1_19' title="bbox 2435 640 4027 714">
     <span class='ocr_line' id='line_1_19' title="bbox 2435 640 4027 714; baseline 0.005 -20"><span class='ocrx_word' id='word_1_111' title='bbox 2435 642 2586 695; x_wconf 83' lang='grc' dir='ltr'><strong>Θεῶν</strong></span> <span class='ocrx_word' id='word_1_112' title='bbox 2622 643 2680 694; x_wconf 82' lang='grc' dir='ltr'><strong>ὲν</strong></span> <span class='ocrx_word' id='word_1_113' title='bbox 2709 643 2938 708; x_wconf 77' lang='grc' dir='ltr'><strong>γούνασι</strong></span> <span class='ocrx_word' id='word_1_114' title='bbox 2975 643 3175 695; x_wconf 77' lang='grc' dir='ltr'>κεῖται.</span> <span class='ocrx_word' id='word_1_115' title='bbox 3213 640 3355 696; x_wconf 90' lang='lat' dir='ltr'><strong>Olim</strong></span> <span class='ocrx_word' id='word_1_116' title='bbox 3417 642 3470 694; x_wconf 92' lang='lat' dir='ltr'><strong>in</strong></span> <span class='ocrx_word' id='word_1_117' title='bbox 3534 645 3768 710; x_wconf 84' lang='lat' dir='ltr'><strong>genibus</strong></span> <span class='ocrx_word' id='word_1_118' title='bbox 3815 645 4027 714; x_wconf 80' lang='lat' dir='ltr'><strong>judiccs</strong></span> 
     </span>
    </p>
   </div>
   <div class='ocr_carea' id='block_1_20' title="bbox 2433 734 3814 804">
    <p class='ocr_par' dir='ltr' id='par_1_20' title="bbox 2433 734 3814 804">
     <span class='ocr_line' id='line_1_20' title="bbox 2433 734 3814 804; baseline 0.002 -16"><span class='ocrx_word' id='word_1_119' title='bbox 2433 735 2708 788; x_wconf 80' lang='lat' dir='ltr'><strong>habebant</strong></span> <span class='ocrx_word' id='word_1_120' title='bbox 2736 749 2798 788; x_wconf 88' lang='lat' dir='ltr'><strong>ca</strong></span> <span class='ocrx_word' id='word_1_121' title='bbox 2823 749 2946 804; x_wconf 77' lang='lat' dir='ltr'><strong>qua:</strong></span> <span class='ocrx_word' id='word_1_122' title='bbox 2972 749 3116 787; x_wconf 90' lang='lat' dir='ltr'><strong>nunc</strong></span> <span class='ocrx_word' id='word_1_123' title='bbox 3146 735 3198 786; x_wconf 93' lang='lat' dir='ltr'><strong>in</strong></span> <span class='ocrx_word' id='word_1_124' title='bbox 3229 734 3444 788; x_wconf 91' lang='lat' dir='ltr'><strong>tabellis</strong></span> <span class='ocrx_word' id='word_1_125' title='bbox 3475 735 3814 791; x_wconf 89' lang='lat' dir='ltr'><strong>scribuntur.</strong></span> 
     </span>
    </p>
   </div>
   <div class='ocr_carea' id='block_1_21' title="bbox 2511 827 4026 898">
    <p class='ocr_par' dir='ltr' id='par_1_21' title="bbox 2511 827 4026 898">
     <span class='ocr_line' id='line_1_21' title="bbox 2511 827 4026 898; baseline 0.002 -17"><span class='ocrx_word' id='word_1_126' title='bbox 2511 827 2942 898; x_wconf 85' lang='lat' dir='ltr'><strong>Epaphroditus.</strong></span> <span class='ocrx_word' id='word_1_127' title='bbox 2984 827 3392 891; x_wconf 72' lang='lat' dir='ltr'><strong>Cliteroncnsis,</strong></span> <span class='ocrx_word' id='word_1_128' title='bbox 3445 829 3864 898; x_wconf 80' lang='lat' dir='ltr'><strong>grammaticus,</strong></span> <span class='ocrx_word' id='word_1_129' title='bbox 3913 833 4026 884; x_wconf 82' lang='lat' dir='ltr'><strong>Ar-</strong></span> 
     </span>
    </p>
   </div>
   <div class='ocr_carea' id='block_1_22' title="bbox 2434 922 4026 993">
    <p class='ocr_par' dir='ltr' id='par_1_22' title="bbox 2434 922 4026 993">
     <span class='ocr_line' id='line_1_22' title="bbox 2434 922 4026 993; baseline -0.001 -15"><span class='ocrx_word' id='word_1_130' title='bbox 2434 923 2592 986; x_wconf 60' lang='lat' dir='ltr'><strong>chiae,</strong></span> <span class='ocrx_word' id='word_1_131' title='bbox 2618 923 3000 986; x_wconf 79' lang='lat' dir='ltr'><strong>Alexandrini,</strong></span> <span class='ocrx_word' id='word_1_132' title='bbox 3029 923 3396 992; x_wconf 85' lang='lat' dir='ltr'><strong>grammatici,</strong></span> <span class='ocrx_word' id='word_1_133' title='bbox 3415 922 3672 978; x_wconf 89' lang='lat' dir='ltr'><strong>alumnus</strong></span> <span class='ocrx_word' id='word_1_134' title='bbox 3695 923 3840 993; x_wconf 84' lang='lat' dir='ltr'><strong>apud</strong></span> <span class='ocrx_word' id='word_1_135' title='bbox 3867 939 4026 992; x_wconf 83' lang='lat' dir='ltr'><strong>quem</strong></span> 
     </span>
    </p>
   </div>
   <div class='ocr_carea' id='block_1_23' title="bbox 2433 1013 4028 1087">
    <p class='ocr_par' dir='ltr' id='par_1_23' title="bbox 2433 1013 4028 1087">
     <span class='ocr_line' id='line_1_23' title="bbox 2433 1013 4028 1087; baseline -0.003 -17"><span class='ocrx_word' id='word_1_136' title='bbox 2433 1015 2740 1078; x_wconf 82' lang='lat' dir='ltr'><strong>inStitutns,</strong></span> <span class='ocrx_word' id='word_1_137' title='bbox 2772 1032 2802 1069; x_wconf 89' lang='lat' dir='ltr'><strong>a</strong></span> <span class='ocrx_word' id='word_1_138' title='bbox 2831 1015 3096 1078; x_wconf 81' lang='lat' dir='ltr'><strong>Modesto,</strong></span> <span class='ocrx_word' id='word_1_139' title='bbox 3125 1015 3342 1087; x_wconf 63' lang='lat' dir='ltr'><strong>Egypti</strong></span> <span class='ocrx_word' id='word_1_140' title='bbox 3371 1013 3650 1084; x_wconf 63' lang='lat' dir='ltr'><strong>pra-lecto,</strong></span> <span class='ocrx_word' id='word_1_141' title='bbox 3675 1026 3898 1084; x_wconf 80' lang='lat' dir='ltr'><strong>emptus</strong></span> <span class='ocrx_word' id='word_1_142' title='bbox 3925 1026 4028 1074; x_wconf 82' lang='lat' dir='ltr'><strong>est,</strong></span> 
     </span>
    </p>
   </div>
   <div class='ocr_carea' id='block_1_24' title="bbox 2432 1106 4028 1178">
    <p class='ocr_par' dir='ltr' id='par_1_24' title="bbox 2432 1106 4028 1178">
     <span class='ocr_line' id='line_1_24' title="bbox 2432 1106 4028 1178; baseline -0.001 -14"><span class='ocrx_word' id='word_1_143' title='bbox 2432 1108 2594 1178; x_wconf 89' lang='lat' dir='ltr'><strong>cujus</strong></span> <span class='ocrx_word' id='word_1_144' title='bbox 2646 1109 2820 1163; x_wconf 85' lang='lat' dir='ltr'><strong>lilium</strong></span> <span class='ocrx_word' id='word_1_145' title='bbox 2877 1109 3176 1162; x_wconf 85' lang='lat' dir='ltr'><strong>Pitelinum</strong></span> <span class='ocrx_word' id='word_1_146' title='bbox 3237 1109 3497 1164; x_wconf 85' lang='lat' dir='ltr'><strong>instituit.</strong></span> <span class='ocrx_word' id='word_1_147' title='bbox 3569 1106 3782 1162; x_wconf 89' lang='lat' dir='ltr'><strong>Claruit</strong></span> <span class='ocrx_word' id='word_1_148' title='bbox 3841 1107 4028 1162; x_wconf 66' lang='lat' dir='ltr'><strong>Roma:</strong></span> 
     </span>
    </p>
   </div>
   <div class='ocr_carea' id='block_1_25' title="bbox 2435 1199 4032 1271">
    <p class='ocr_par' dir='ltr' id='par_1_25' title="bbox 2435 1199 4032 1271">
     <span class='ocr_line' id='line_1_25' title="bbox 2435 1199 4032 1271; baseline 0 -16"><span class='ocrx_word' id='word_1_149' title='bbox 2435 1211 2680 1269; x_wconf 87' lang='lat' dir='ltr'><strong>tempore</strong></span> <span class='ocrx_word' id='word_1_150' title='bbox 2708 1200 2943 1256; x_wconf 86' lang='lat' dir='ltr'><strong>Neronis</strong></span> <span class='ocrx_word' id='word_1_151' title='bbox 2969 1201 3035 1255; x_wconf 90' lang='lat' dir='ltr'><strong>ad</strong></span> <span class='ocrx_word' id='word_1_152' title='bbox 3063 1199 3296 1255; x_wconf 79' lang='lat' dir='ltr'><strong>Nervam</strong></span> <span class='ocrx_word' id='word_1_153' title='bbox 3325 1217 3500 1270; x_wconf 85' lang='lat' dir='ltr'><strong>usque</strong></span> <span class='ocrx_word' id='word_1_154' title='bbox 3531 1219 3544 1255; x_wconf 96' lang='lat'>:</span> <span class='ocrx_word' id='word_1_155' title='bbox 3570 1217 3678 1271; x_wconf 90' lang='lat' dir='ltr'><strong>quo</strong></span> <span class='ocrx_word' id='word_1_156' title='bbox 3707 1209 3958 1270; x_wconf 82' lang='lat' dir='ltr'><strong>tempore</strong></span> <span class='ocrx_word' id='word_1_157' title='bbox 3981 1213 4032 1255; x_wconf 88' lang='lat' dir='ltr'><strong>et</strong></span> 
     </span>
    </p>
   </div>
   <div class='ocr_carea' id='block_1_26' title="bbox 2435 1293 4030 1363">
    <p class='ocr_par' dir='ltr' id='par_1_26' title="bbox 2435 1293 4030 1363">
     <span class='ocr_line' id='line_1_26' title="bbox 2435 1293 4030 1363; baseline 0 -15"><span class='ocrx_word' id='word_1_158' title='bbox 2435 1293 2760 1348; x_wconf 73' lang='lat' dir='ltr'><strong>Ptolemzeus</strong></span> <span class='ocrx_word' id='word_1_159' title='bbox 2784 1294 3182 1363; x_wconf 76' lang='lat' dir='ltr'><strong>llephaestionis</strong></span> <span class='ocrx_word' id='word_1_160' title='bbox 3203 1295 3348 1349; x_wconf 83' lang='lat' dir='ltr'><strong>filius</strong></span> <span class='ocrx_word' id='word_1_161' title='bbox 3370 1296 3525 1356; x_wconf 83' lang='lat' dir='ltr'><strong>vixit,</strong></span> <span class='ocrx_word' id='word_1_162' title='bbox 3545 1305 3599 1349; x_wconf 78' lang='lat' dir='ltr'><strong>et</strong></span> <span class='ocrx_word' id='word_1_163' title='bbox 3626 1295 3784 1349; x_wconf 88' lang='lat' dir='ltr'><strong>multi</strong></span> <span class='ocrx_word' id='word_1_164' title='bbox 3815 1294 3908 1346; x_wconf 86' lang='lat' dir='ltr'><strong>alii</strong></span> <span class='ocrx_word' id='word_1_165' title='bbox 3930 1294 4030 1348; x_wconf 86' lang='lat' dir='ltr'><strong>viri</strong></span> 
     </span>
    </p>
   </div>
   <div class='ocr_carea' id='block_1_27' title="bbox 2434 1385 4030 1452">
    <p class='ocr_par' dir='ltr' id='par_1_27' title="bbox 2434 1385 4030 1452">
     <span class='ocr_line' id='line_1_27' title="bbox 2434 1385 4030 1452; baseline 0 -14"><span class='ocrx_word' id='word_1_166' title='bbox 2434 1385 2682 1440; x_wconf 85' lang='lat' dir='ltr'><strong>doctrina</strong></span> <span class='ocrx_word' id='word_1_167' title='bbox 2720 1386 2876 1439; x_wconf 90' lang='lat' dir='ltr'><strong>clari.</strong></span> <span class='ocrx_word' id='word_1_168' title='bbox 2924 1387 3069 1440; x_wconf 89' lang='lat' dir='ltr'><strong>Idem</strong></span> <span class='ocrx_word' id='word_1_169' title='bbox 3097 1405 3220 1442; x_wconf 90' lang='lat' dir='ltr'><strong>cum</strong></span> <span class='ocrx_word' id='word_1_170' title='bbox 3243 1388 3415 1442; x_wconf 88' lang='lat' dir='ltr'><strong>libros</strong></span> <span class='ocrx_word' id='word_1_171' title='bbox 3451 1389 3686 1443; x_wconf 87' lang='lat' dir='ltr'><strong>subinde</strong></span> <span class='ocrx_word' id='word_1_172' title='bbox 3719 1389 4030 1452; x_wconf 86' lang='lat' dir='ltr'><strong>emeret,ad</strong></span> 
     </span>
    </p>
   </div>
   <div class='ocr_carea' id='block_1_28' title="bbox 2439 1477 4032 1550">
    <p class='ocr_par' dir='ltr' id='par_1_28' title="bbox 2439 1477 4032 1550">
     <span class='ocr_line' id='line_1_28' title="bbox 2439 1477 4032 1550; baseline 0.002 -20"><span class='ocrx_word' id='word_1_173' title='bbox 2439 1477 2580 1531; x_wconf 79' lang='lat' dir='ltr'><strong>XXX</strong></span> <span class='ocrx_word' id='word_1_174' title='bbox 2615 1479 2760 1532; x_wconf 89' lang='lat' dir='ltr'><strong>mille</strong></span> <span class='ocrx_word' id='word_1_175' title='bbox 2791 1478 2892 1532; x_wconf 84' lang='lat' dir='ltr'><strong>sibi</strong></span> <span class='ocrx_word' id='word_1_176' title='bbox 2924 1481 3286 1548; x_wconf 80' lang='lat' dir='ltr'><strong>comparavit,</strong></span> <span class='ocrx_word' id='word_1_177' title='bbox 3309 1495 3514 1550; x_wconf 84' lang='lat' dir='ltr'><strong>eosque</strong></span> <span class='ocrx_word' id='word_1_178' title='bbox 3539 1485 3711 1534; x_wconf 89' lang='lat' dir='ltr'><strong>bonos</strong></span> <span class='ocrx_word' id='word_1_179' title='bbox 3731 1481 4032 1534; x_wconf 77' lang='lat' dir='ltr'><strong>etminime</strong></span> 
     </span>
    </p>
   </div>
   <div class='ocr_carea' id='block_1_29' title="bbox 2435 1569 4031 1642">
    <p class='ocr_par' dir='ltr' id='par_1_29' title="bbox 2435 1569 4031 1642">
     <span class='ocr_line' id='line_1_29' title="bbox 2435 1569 4031 1642; baseline 0.004 -24"><span class='ocrx_word' id='word_1_180' title='bbox 2435 1569 2712 1638; x_wconf 79' lang='lat' dir='ltr'><strong>vulgares.</strong></span> <span class='ocrx_word' id='word_1_181' title='bbox 2750 1569 2992 1638; x_wconf 85' lang='lat' dir='ltr'><strong>Corpore</strong></span> <span class='ocrx_word' id='word_1_182' title='bbox 3041 1569 3143 1624; x_wconf 91' lang='lat' dir='ltr'><strong>fuit</strong></span> <span class='ocrx_word' id='word_1_183' title='bbox 3198 1588 3398 1642; x_wconf 84' lang='lat' dir='ltr'><strong>magno</strong></span> <span class='ocrx_word' id='word_1_184' title='bbox 3427 1582 3480 1625; x_wconf 87' lang='lat' dir='ltr'><strong>ct</strong></span> <span class='ocrx_word' id='word_1_185' title='bbox 3523 1575 3680 1642; x_wconf 85' lang='lat' dir='ltr'><strong>nigro</strong></span> <span class='ocrx_word' id='word_1_186' title='bbox 3713 1575 3890 1626; x_wconf 89' lang='lat' dir='ltr'><strong>instar</strong></span> <span class='ocrx_word' id='word_1_187' title='bbox 3921 1572 4031 1625; x_wconf 83' lang='lat' dir='ltr'><strong>ele-</strong></span> 
     </span>
    </p>
   </div>
   <div class='ocr_carea' id='block_1_30' title="bbox 2433 1661 4030 1733">
    <p class='ocr_par' dir='ltr' id='par_1_30' title="bbox 2433 1661 4030 1733">
     <span class='ocr_line' id='line_1_30' title="bbox 2433 1661 4030 1733; baseline 0.003 -21"><span class='ocrx_word' id='word_1_188' title='bbox 2433 1661 2709 1730; x_wconf 81' lang='lat' dir='ltr'><strong>phanliaci</strong></span> <span class='ocrx_word' id='word_1_189' title='bbox 2743 1663 2838 1733; x_wconf 85' lang='grc' dir='ltr'><strong>(ὡς</strong></span> <span class='ocrx_word' id='word_1_190' title='bbox 2868 1662 3294 1733; x_wconf 78' lang='grc' dir='ltr'><strong>ἐλεφαντώόης).</strong></span> <span class='ocrx_word' id='word_1_191' title='bbox 3337 1665 3614 1720; x_wconf 64' lang='lat' dir='ltr'><strong>Habitavit</strong></span> <span class='ocrx_word' id='word_1_192' title='bbox 3673 1665 3728 1716; x_wconf 89' lang='lat' dir='ltr'><strong>in</strong></span> <span class='ocrx_word' id='word_1_193' title='bbox 3779 1664 4030 1719; x_wconf 60' lang='lat' dir='ltr'><strong>Phania-</strong></span> 
     </span>
    </p>
   </div>
   <div class='ocr_carea' id='block_1_31' title="bbox 2435 1751 4031 1826">
    <p class='ocr_par' dir='ltr' id='par_1_31' title="bbox 2435 1751 4031 1826">
     <span class='ocr_line' id='line_1_31' title="bbox 2435 1751 4031 1826; baseline 0.004 -23"><span class='ocrx_word' id='word_1_194' title='bbox 2435 1751 2700 1816; x_wconf 86' lang='lat' dir='ltr'><strong>nocoriis,</strong></span> <span class='ocrx_word' id='word_1_195' title='bbox 2753 1753 2846 1806; x_wconf 91' lang='lat' dir='ltr'><strong>ubi</strong></span> <span class='ocrx_word' id='word_1_196' title='bbox 2915 1752 3072 1809; x_wconf 90' lang='lat' dir='ltr'><strong>binas</strong></span> <span class='ocrx_word' id='word_1_197' title='bbox 3102 1755 3248 1810; x_wconf 72' lang='lat' dir='ltr'><strong>aedes</strong></span> <span class='ocrx_word' id='word_1_198' title='bbox 3308 1755 3522 1809; x_wconf 81' lang='lat' dir='ltr'><strong>habuit.</strong></span> <span class='ocrx_word' id='word_1_199' title='bbox 3589 1755 3842 1810; x_wconf 86' lang='lat' dir='ltr'><strong>Decessit</strong></span> <span class='ocrx_word' id='word_1_200' title='bbox 3891 1771 4031 1826; x_wconf 84' lang='lat' dir='ltr'><strong>aqua</strong></span> 
     </span>
    </p>
   </div>
   <div class='ocr_carea' id='block_1_32' title="bbox 2435 1839 4030 1920">
    <p class='ocr_par' dir='ltr' id='par_1_32' title="bbox 2435 1839 4030 1920">
     <span class='ocr_line' id='line_1_32' title="bbox 2435 1839 4030 1920; baseline 0.004 -22"><span class='ocrx_word' id='word_1_201' title='bbox 2435 1845 2728 1908; x_wconf 84' lang='lat' dir='ltr'><strong>intercute,</strong></span> <span class='ocrx_word' id='word_1_202' title='bbox 2787 1839 2991 1901; x_wconf 83' lang='lat' dir='ltr'><strong>anitum</strong></span> <span class='ocrx_word' id='word_1_203' title='bbox 3036 1864 3204 1919; x_wconf 83' lang='lat' dir='ltr'><strong>agens</strong></span> <span class='ocrx_word' id='word_1_204' title='bbox 3245 1847 3456 1915; x_wconf 76' lang='lat' dir='ltr'><strong>LXXV,</strong></span> <span class='ocrx_word' id='word_1_205' title='bbox 3515 1850 3800 1920; x_wconf 87' lang='lat' dir='ltr'><strong>multaque</strong></span> <span class='ocrx_word' id='word_1_206' title='bbox 3829 1851 4030 1920; x_wconf 89' lang='lat' dir='ltr'><strong>scripta</strong></span> 
     </span>
    </p>
   </div>
   <div class='ocr_carea' id='block_1_33' title="bbox 739 1911 3410 2016">
    <p class='ocr_par' dir='ltr' id='par_1_33' title="bbox 739 1911 3410 2016">
     <span class='ocr_line' id='line_1_33' title="bbox 739 1911 3410 2016; baseline -0.013 -15"><span class='ocrx_word' id='word_1_207' title='bbox 739 1947 960 2014; x_wconf 83' lang='lat' dir='ltr'><strong>quidem</strong></span> <span class='ocrx_word' id='word_1_208' title='bbox 999 1911 1190 2013; x_wconf 76' lang='lat' dir='ltr'><strong>magna</strong></span> <span class='ocrx_word' id='word_1_209' title='bbox 1219 1939 1431 1992; x_wconf 69' lang='lat' dir='ltr'><strong>dicendi</strong></span> <span class='ocrx_word' id='word_1_210' title='bbox 1469 1936 1728 1990; x_wconf 81' lang='lat' dir='ltr'><strong>facultate</strong></span> <span class='ocrx_word' id='word_1_211' title='bbox 1779 1933 2020 2004; x_wconf 79' lang='lat' dir='ltr'><strong>praediti,</strong></span> <span class='ocrx_word' id='word_1_212' title='bbox 2078 1933 2174 1988; x_wconf 87' lang='lat' dir='ltr'><strong>sed</strong></span> <span class='ocrx_word' id='word_1_213' title='bbox 2227 1948 2330 1986; x_wconf 88' lang='lat' dir='ltr'><strong>au-</strong></span> <span class='ocrx_word' id='word_1_214' title='bbox 2365 1911 2410 1968; x_wconf 77' lang='grc' dir='ltr'><strong>Β</strong></span> <span class='ocrx_word' id='word_1_215' title='bbox 2439 1941 2678 2010; x_wconf 48' lang='lat' dir='ltr'><strong>reliqum</strong></span> <span class='ocrx_word' id='word_1_216' title='bbox 2713 1939 2778 1994; x_wconf 53' lang='grc' dir='ltr'><strong>γ,</strong></span> <span class='ocrx_word' id='word_1_217' title='bbox 2813 1951 2998 1996; x_wconf 59' lang='lat' dir='ltr'><strong>&quot;Nam</strong></span> <span class='ocrx_word' id='word_1_218' title='bbox 3039 1911 3246 2016; x_wconf 40' lang='lat' dir='ltr'><strong>ﬁlms.</strong></span> <span class='ocrx_word' id='word_1_219' title='bbox 3287 1944 3410 1999; x_wconf 72' lang='lat'><strong>790_</strong></span> 
     </span>
    </p>
   </div>
   <div class='ocr_carea' id='block_1_34' title="bbox 740 2024 2330 2103">
    <p class='ocr_par' dir='ltr' id='par_1_34' title="bbox 740 2024 2330 2103">
     <span class='ocr_line' id='line_1_34' title="bbox 740 2024 2330 2103; baseline -0.009 -11"><span class='ocrx_word' id='word_1_220' title='bbox 740 2049 888 2092; x_wconf 88' lang='lat' dir='ltr'><strong>stcro</strong></span> <span class='ocrx_word' id='word_1_221' title='bbox 935 2038 1054 2088; x_wconf 68' lang='lat' dir='ltr'><strong>vita:</strong></span> <span class='ocrx_word' id='word_1_222' title='bbox 1107 2047 1304 2103; x_wconf 86' lang='lat' dir='ltr'><strong>genere</strong></span> <span class='ocrx_word' id='word_1_223' title='bbox 1360 2041 1412 2084; x_wconf 89' lang='lat' dir='ltr'><strong>et</strong></span> <span class='ocrx_word' id='word_1_224' title='bbox 1460 2029 1598 2082; x_wconf 53' lang='lat' dir='ltr'><strong>fictae</strong></span> <span class='ocrx_word' id='word_1_225' title='bbox 1648 2026 1930 2080; x_wconf 74' lang='lat' dir='ltr'><strong>modestia:</strong></span> <span class='ocrx_word' id='word_1_226' title='bbox 1981 2024 2330 2079; x_wconf 83' lang='lat' dir='ltr'><strong>simulatione</strong></span> 
     </span>
    </p>
   </div>
   <div class='ocr_carea' id='block_1_35' title="bbox 739 2120 2331 2202">
    <p class='ocr_par' dir='ltr' id='par_1_35' title="bbox 739 2120 2331 2202">
     <span class='ocr_line' id='line_1_35' title="bbox 739 2120 2331 2202; baseline -0.011 -16"><span class='ocrx_word' id='word_1_227' title='bbox 739 2147 994 2202; x_wconf 86' lang='lat' dir='ltr'><strong>magnam</strong></span> <span class='ocrx_word' id='word_1_228' title='bbox 1039 2129 1224 2196; x_wconf 84' lang='lat' dir='ltr'><strong>adepti</strong></span> <span class='ocrx_word' id='word_1_229' title='bbox 1263 2124 1670 2184; x_wconf 88' lang='lat' dir='ltr'><strong>auctoritatem,</strong></span> <span class='ocrx_word' id='word_1_230' title='bbox 1720 2120 1990 2190; x_wconf 88' lang='lat' dir='ltr'><strong>plurimos</strong></span> <span class='ocrx_word' id='word_1_231' title='bbox 2033 2126 2331 2174; x_wconf 87' lang='lat' dir='ltr'><strong>sectatores</strong></span> 
     </span>
    </p>
   </div>
   <div class='ocr_carea' id='block_1_36' title="bbox 740 2207 2326 2280">
    <p class='ocr_par' dir='ltr' id='par_1_36' title="bbox 740 2207 2326 2280">
     <span class='ocr_line' id='line_1_36' title="bbox 740 2207 2326 2280; baseline -0.013 -4"><span class='ocrx_word' id='word_1_232' title='bbox 740 2223 840 2276; x_wconf 81' lang='lat' dir='ltr'><strong>sibi</strong></span> <span class='ocrx_word' id='word_1_233' title='bbox 877 2219 1244 2274; x_wconf 82' lang='lat' dir='ltr'><strong>conciliarunt</strong></span> <span class='ocrx_word' id='word_1_234' title='bbox 1290 2226 1344 2268; x_wconf 87' lang='lat' dir='ltr'><strong>et</strong></span> <span class='ocrx_word' id='word_1_235' title='bbox 1380 2213 1738 2276; x_wconf 88' lang='lat' dir='ltr'><strong>monasteria,</strong></span> <span class='ocrx_word' id='word_1_236' title='bbox 1797 2209 2004 2280; x_wconf 82' lang='lat' dir='ltr'><strong>ingenti</strong></span> <span class='ocrx_word' id='word_1_237' title='bbox 2043 2207 2326 2260; x_wconf 89' lang='lat' dir='ltr'><strong>hominum</strong></span> 
     </span>
    </p>
   </div>
   <div class='ocr_carea' id='block_1_37' title="bbox 739 2301 2281 2380">
    <p class='ocr_par' dir='ltr' id='par_1_37' title="bbox 739 2301 2281 2380">
     <span class='ocr_line' id='line_1_37' title="bbox 739 2301 2281 2380; baseline -0.012 -12"><span class='ocrx_word' id='word_1_238' title='bbox 739 2315 1030 2380; x_wconf 75' lang='lat' dir='ltr'><strong>utriusque</strong></span> <span class='ocrx_word' id='word_1_239' title='bbox 1064 2325 1226 2364; x_wconf 79' lang='lat' dir='ltr'><strong>sexus</strong></span> <span class='ocrx_word' id='word_1_240' title='bbox 1255 2307 1610 2361; x_wconf 89' lang='lat' dir='ltr'><strong>multitudine</strong></span> <span class='ocrx_word' id='word_1_241' title='bbox 1636 2303 1861 2366; x_wconf 86' lang='lat' dir='ltr'><strong>referta,</strong></span> <span class='ocrx_word' id='word_1_242' title='bbox 1902 2301 2281 2355; x_wconf 85' lang='lat' dir='ltr'><strong>instituerunt.</strong></span> 
     </span>
    </p>
   </div>
   <div class='ocr_carea' id='block_1_38' title="bbox 813 2389 2327 2474">
    <p class='ocr_par' dir='ltr' id='par_1_38' title="bbox 813 2389 2327 2474">
     <span class='ocr_line' id='line_1_38' title="bbox 813 2389 2327 2474; baseline -0.011 -18"><span class='ocrx_word' id='word_1_243' title='bbox 813 2403 1186 2474; x_wconf 68' lang='grc' dir='ltr'>ιείιιιροειιυιιοε,</span> <span class='ocrx_word' id='word_1_244' title='bbox 1227 2399 1480 2460; x_wconf 75' lang='lat' dir='ltr'><strong>Metonis,</strong></span> <span class='ocrx_word' id='word_1_245' title='bbox 1527 2399 1608 2450; x_wconf 68' lang='grc' dir='ltr'>νει</span> <span class='ocrx_word' id='word_1_246' title='bbox 1639 2395 1992 2450; x_wconf 85' lang='lat' dir='ltr'><strong>Archinomi,</strong></span> <span class='ocrx_word' id='word_1_247' title='bbox 2023 2391 2105 2445; x_wconf 80' lang='lat' dir='ltr'><strong>vel</strong></span> <span class='ocrx_word' id='word_1_248' title='bbox 2135 2389 2327 2443; x_wconf 79' lang='lat' dir='ltr'><strong>chcti</strong></span> 
     </span>
    </p>
   </div>
   <div class='ocr_carea' id='block_1_39' title="bbox 737 2482 2328 2562">
    <p class='ocr_par' dir='ltr' id='par_1_39' title="bbox 737 2482 2328 2562">
     <span class='ocr_line' id='line_1_39' title="bbox 737 2482 2328 2562; baseline -0.012 -12"><span class='ocrx_word' id='word_1_249' title='bbox 737 2497 826 2562; x_wconf 89' lang='lat' dir='ltr'><strong>F.,</strong></span> <span class='ocrx_word' id='word_1_250' title='bbox 869 2495 1036 2547; x_wconf 83' lang='lat' dir='ltr'><strong>frater</strong></span> <span class='ocrx_word' id='word_1_251' title='bbox 1071 2489 1460 2552; x_wconf 65' lang='lat' dir='ltr'><strong>Callia-ratidis,</strong></span> <span class='ocrx_word' id='word_1_252' title='bbox 1481 2488 1658 2556; x_wconf 89' lang='lat' dir='ltr'><strong>primo</strong></span> <span class='ocrx_word' id='word_1_253' title='bbox 1689 2485 1896 2538; x_wconf 86' lang='lat' dir='ltr'><strong>audivit</strong></span> <span class='ocrx_word' id='word_1_254' title='bbox 1923 2482 2328 2546; x_wconf 83' lang='lat' dir='ltr'><strong>Parmenidem,</strong></span> 
     </span>
    </p>
   </div>
   <div class='ocr_carea' id='block_1_40' title="bbox 739 2573 2330 2658">
    <p class='ocr_par' dir='ltr' id='par_1_40' title="bbox 739 2573 2330 2658">
     <span class='ocr_line' id='line_1_40' title="bbox 739 2573 2330 2658; baseline -0.013 -14"><span class='ocrx_word' id='word_1_255' title='bbox 739 2589 898 2658; x_wconf 86' lang='lat' dir='ltr'><strong>cujus</strong></span> <span class='ocrx_word' id='word_1_256' title='bbox 931 2589 1118 2650; x_wconf 88' lang='lat' dir='ltr'><strong>etiam,</strong></span> <span class='ocrx_word' id='word_1_257' title='bbox 1148 2594 1206 2638; x_wconf 91' lang='lat' dir='ltr'><strong>nt</strong></span> <span class='ocrx_word' id='word_1_258' title='bbox 1231 2583 1566 2651; x_wconf 82' lang='lat' dir='ltr'><strong>Porphyrius</strong></span> <span class='ocrx_word' id='word_1_259' title='bbox 1599 2580 1652 2632; x_wconf 90' lang='lat' dir='ltr'><strong>in</strong></span> <span class='ocrx_word' id='word_1_260' title='bbox 1685 2577 1924 2632; x_wconf 81' lang='lat' dir='ltr'><strong>Ilistoria</strong></span> <span class='ocrx_word' id='word_1_261' title='bbox 1956 2573 2330 2644; x_wconf 86' lang='lat' dir='ltr'><strong>philosophica</strong></span> 
     </span>
    </p>
   </div>
   <div class='ocr_carea' id='block_1_41' title="bbox 739 2667 2330 2741">
    <p class='ocr_par' dir='ltr' id='par_1_41' title="bbox 739 2667 2330 2741">
     <span class='ocr_line' id='line_1_41' title="bbox 739 2667 2330 2741; baseline -0.011 -5"><span class='ocrx_word' id='word_1_262' title='bbox 739 2695 934 2736; x_wconf 80' lang='lat' dir='ltr'><strong>aneior</strong></span> <span class='ocrx_word' id='word_1_263' title='bbox 962 2689 1064 2741; x_wconf 85' lang='lat' dir='ltr'><strong>est,</strong></span> <span class='ocrx_word' id='word_1_264' title='bbox 1101 2677 1344 2732; x_wconf 80' lang='lat' dir='ltr'><strong>amasius</strong></span> <span class='ocrx_word' id='word_1_265' title='bbox 1375 2675 1498 2727; x_wconf 87' lang='lat' dir='ltr'><strong>fuit.</strong></span> <span class='ocrx_word' id='word_1_266' title='bbox 1535 2671 1642 2724; x_wconf 82' lang='lat' dir='ltr'><strong>Alii</strong></span> <span class='ocrx_word' id='word_1_267' title='bbox 1681 2671 1838 2724; x_wconf 88' lang='lat' dir='ltr'><strong>aiunt</strong></span> <span class='ocrx_word' id='word_1_268' title='bbox 1871 2669 2046 2722; x_wconf 84' lang='lat' dir='ltr'><strong>fuisse</strong></span> <span class='ocrx_word' id='word_1_269' title='bbox 2073 2667 2330 2736; x_wconf 86' lang='lat' dir='ltr'><strong>Telaugis</strong></span> 
     </span>
    </p>
   </div>
   <div class='ocr_carea' id='block_1_42' title="bbox 739 2757 2330 2838">
    <p class='ocr_par' dir='ltr' id='par_1_42' title="bbox 739 2757 2330 2838">
     <span class='ocr_line' id='line_1_42' title="bbox 739 2757 2330 2838; baseline -0.011 -13"><span class='ocrx_word' id='word_1_270' title='bbox 739 2771 1090 2838; x_wconf 85' lang='lat' dir='ltr'><strong>discipulum,</strong></span> <span class='ocrx_word' id='word_1_271' title='bbox 1127 2767 1455 2836; x_wconf 72' lang='lat' dir='ltr'><strong>Pythagora:</strong></span> <span class='ocrx_word' id='word_1_272' title='bbox 1494 2763 1608 2815; x_wconf 86' lang='lat' dir='ltr'><strong>lilii.</strong></span> <span class='ocrx_word' id='word_1_273' title='bbox 1641 2759 2054 2830; x_wconf 82' lang='lat' dir='ltr'><strong>Agrigentinus,</strong></span> <span class='ocrx_word' id='word_1_274' title='bbox 2089 2757 2330 2827; x_wconf 86' lang='lat' dir='ltr'><strong>philoso-</strong></span> 
     </span>
    </p>
   </div>
   <div class='ocr_carea' id='block_1_43' title="bbox 739 2857 2328 2935">
    <p class='ocr_par' dir='ltr' id='par_1_43' title="bbox 739 2857 2328 2935">
     <span class='ocr_line' id='line_1_43' title="bbox 739 2857 2328 2935; baseline -0.011 -18"><span class='ocrx_word' id='word_1_275' title='bbox 739 2867 880 2935; x_wconf 87' lang='lat' dir='ltr'><strong>phus</strong></span> <span class='ocrx_word' id='word_1_276' title='bbox 913 2861 1199 2930; x_wconf 88' lang='lat' dir='ltr'><strong>physicus,</strong></span> <span class='ocrx_word' id='word_1_277' title='bbox 1231 2857 1556 2926; x_wconf 63' lang='lat' dir='ltr'><strong>Pythagorae</strong></span> <span class='ocrx_word' id='word_1_278' title='bbox 1594 2864 1803 2908; x_wconf 85' lang='lat' dir='ltr'><strong>sectam</strong></span> <span class='ocrx_word' id='word_1_279' title='bbox 1862 2863 2110 2914; x_wconf 84' lang='lat' dir='ltr'><strong>secutus,</strong></span> <span class='ocrx_word' id='word_1_280' title='bbox 2166 2862 2328 2916; x_wconf 82' lang='lat' dir='ltr'><strong>quant</strong></span> 
     </span>
    </p>
   </div>
   <div class='ocr_carea' id='block_1_44' title="bbox 739 2933 2328 3016">
    <p class='ocr_par' dir='ltr' id='par_1_44' title="bbox 739 2933 2328 3016">
     <span class='ocr_line' id='line_1_44' title="bbox 739 2933 2328 3016; baseline -0.011 -6"><span class='ocrx_word' id='word_1_281' title='bbox 739 2959 903 3011; x_wconf 82' lang='lat' dir='ltr'><strong>etiam</strong></span> <span class='ocrx_word' id='word_1_282' title='bbox 941 2953 1229 3007; x_wconf 84' lang='lat' dir='ltr'><strong>:emnlatus</strong></span> <span class='ocrx_word' id='word_1_283' title='bbox 1247 2961 1330 3004; x_wconf 91' lang='lat' dir='ltr'><strong>est</strong></span> <span class='ocrx_word' id='word_1_284' title='bbox 1363 2947 1684 3016; x_wconf 78' lang='lat' dir='ltr'><strong>Apollonius</strong></span> <span class='ocrx_word' id='word_1_285' title='bbox 1704 2943 1984 3015; x_wconf 88' lang='lat' dir='ltr'><strong>Tyaneus,</strong></span> <span class='ocrx_word' id='word_1_286' title='bbox 2019 2951 2124 2996; x_wconf 90' lang='lat' dir='ltr'><strong>etc.</strong></span> <span class='ocrx_word' id='word_1_287' title='bbox 2149 2933 2328 2994; x_wconf 85' lang='lat' dir='ltr'><strong>Disci-</strong></span> 
     </span>
    </p>
   </div>
   <div class='ocr_carea' id='block_1_45' title="bbox 738 3033 2330 3118">
    <p class='ocr_par' dir='ltr' id='par_1_45' title="bbox 738 3033 2330 3118">
     <span class='ocr_line' id='line_1_45' title="bbox 738 3033 2330 3118; baseline -0.01 -16"><span class='ocrx_word' id='word_1_288' title='bbox 738 3049 928 3118; x_wconf 86' lang='lat' dir='ltr'><strong>pnlum</strong></span> <span class='ocrx_word' id='word_1_289' title='bbox 955 3048 1144 3101; x_wconf 91' lang='lat' dir='ltr'><strong>habuit</strong></span> <span class='ocrx_word' id='word_1_290' title='bbox 1174 3043 1452 3110; x_wconf 82' lang='lat' dir='ltr'><strong>Gorgiam,</strong></span> <span class='ocrx_word' id='word_1_291' title='bbox 1483 3040 1814 3093; x_wconf 85' lang='lat' dir='ltr'><strong>Leontinum</strong></span> <span class='ocrx_word' id='word_1_292' title='bbox 1850 3045 2154 3090; x_wconf 87' lang='lat' dir='ltr'><strong>oratorem.</strong></span> <span class='ocrx_word' id='word_1_293' title='bbox 2182 3033 2330 3088; x_wconf 89' lang='lat' dir='ltr'><strong>Scri-</strong></span> 
     </span>
    </p>
   </div>
   <div class='ocr_carea' id='block_1_46' title="bbox 739 3126 2329 3213">
    <p class='ocr_par' dir='ltr' id='par_1_46' title="bbox 739 3126 2329 3213">
     <span class='ocr_line' id='line_1_46' title="bbox 739 3126 2329 3213; baseline -0.012 -17"><span class='ocrx_word' id='word_1_294' title='bbox 739 3145 849 3213; x_wconf 86' lang='lat' dir='ltr'><strong>psit</strong></span> <span class='ocrx_word' id='word_1_295' title='bbox 883 3141 1132 3195; x_wconf 79' lang='lat' dir='ltr'><strong>vcrsibus</strong></span> <span class='ocrx_word' id='word_1_296' title='bbox 1160 3136 1401 3192; x_wconf 88' lang='lat' dir='ltr'><strong>heroicis</strong></span> <span class='ocrx_word' id='word_1_297' title='bbox 1433 3145 1536 3188; x_wconf 77' lang='lat' dir='ltr'><strong>(res</strong></span> <span class='ocrx_word' id='word_1_298' title='bbox 1565 3132 1730 3185; x_wconf 80' lang='lat' dir='ltr'><strong>libros</strong></span> <span class='ocrx_word' id='word_1_299' title='bbox 1787 3131 1924 3200; x_wconf 73' lang='grc' dir='ltr'>Περὶ</span> <span class='ocrx_word' id='word_1_300' title='bbox 1971 3127 2191 3197; x_wconf 81' lang='grc' dir='ltr'>φύσεως</span> <span class='ocrx_word' id='word_1_301' title='bbox 2219 3126 2329 3178; x_wconf 85' lang='grc' dir='ltr'><strong>τῶν</strong></span> 
     </span>
    </p>
   </div>
   <div class='ocr_carea' id='block_1_47' title="bbox 739 3231 2328 3290">
    <p class='ocr_par' dir='ltr' id='par_1_47' title="bbox 739 3231 2328 3290">
     <span class='ocr_line' id='line_1_47' title="bbox 739 3231 2328 3290; baseline -0.009 -2"><span class='ocrx_word' id='word_1_302' title='bbox 739 3238 912 3289; x_wconf 70' lang='grc' dir='ltr'><strong>ὅντων</strong></span> <span class='ocrx_word' id='word_1_303' title='bbox 978 3233 1050 3285; x_wconf 84' lang='lat' dir='ltr'><strong>De</strong></span> <span class='ocrx_word' id='word_1_304' title='bbox 1109 3245 1286 3284; x_wconf 86' lang='lat' dir='ltr'><strong>rerum</strong></span> <span class='ocrx_word' id='word_1_305' title='bbox 1351 3239 1571 3290; x_wconf 86' lang='lat' dir='ltr'><strong>natura,</strong></span> <span class='ocrx_word' id='word_1_306' title='bbox 1631 3232 1762 3280; x_wconf 89' lang='lat' dir='ltr'><strong>sunt</strong></span> <span class='ocrx_word' id='word_1_307' title='bbox 1819 3231 2004 3277; x_wconf 86' lang='lat' dir='ltr'><strong>autem</strong></span> <span class='ocrx_word' id='word_1_308' title='bbox 2066 3234 2328 3275; x_wconf 78' lang='lat' dir='ltr'><strong>versuum</strong></span> 
     </span>
    </p>
   </div>
   <div class='ocr_carea' id='block_1_48' title="bbox 741 3313 2333 3383">
    <p class='ocr_par' dir='ltr' id='par_1_48' title="bbox 741 3313 2333 3383">
     <span class='ocr_line' id='line_1_48' title="bbox 741 3313 2333 3383; baseline -0.011 0"><span class='ocrx_word' id='word_1_309' title='bbox 741 3329 961 3383; x_wconf 87' lang='lat' dir='ltr'><strong>circiter</strong></span> <span class='ocrx_word' id='word_1_310' title='bbox 1000 3327 1106 3378; x_wconf 87' lang='lat' dir='ltr'><strong>duo</strong></span> <span class='ocrx_word' id='word_1_311' title='bbox 1153 3323 1346 3376; x_wconf 86' lang='lat' dir='ltr'><strong>millia.</strong></span> <span class='ocrx_word' id='word_1_312' title='bbox 1407 3321 1540 3374; x_wconf 89' lang='lat' dir='ltr'><strong>Item</strong></span> <span class='ocrx_word' id='word_1_313' title='bbox 1598 3317 1674 3371; x_wconf 90' lang='lat' dir='ltr'><strong>De</strong></span> <span class='ocrx_word' id='word_1_314' title='bbox 1731 3333 1785 3369; x_wconf 88' lang='lat' dir='ltr'><strong>re</strong></span> <span class='ocrx_word' id='word_1_315' title='bbox 1835 3315 2042 3368; x_wconf 88' lang='lat' dir='ltr'><strong>medica</strong></span> <span class='ocrx_word' id='word_1_316' title='bbox 2084 3313 2333 3368; x_wconf 88' lang='lat' dir='ltr'><strong>oratione</strong></span> 
     </span>
    </p>
   </div>
   <div class='ocr_carea' id='block_1_49' title="bbox 742 3405 2329 3480">
    <p class='ocr_par' dir='ltr' id='par_1_49' title="bbox 742 3405 2329 3480">
     <span class='ocr_line' id='line_1_49' title="bbox 742 3405 2329 3480; baseline -0.013 -5"><span class='ocrx_word' id='word_1_317' title='bbox 742 3422 941 3480; x_wconf 86' lang='lat' dir='ltr'><strong>soluta,</strong></span> <span class='ocrx_word' id='word_1_318' title='bbox 973 3432 1023 3471; x_wconf 80' lang='lat' dir='ltr'><strong>et</strong></span> <span class='ocrx_word' id='word_1_319' title='bbox 1079 3417 1248 3470; x_wconf 87' lang='lat' dir='ltr'><strong>multa</strong></span> <span class='ocrx_word' id='word_1_320' title='bbox 1295 3415 1424 3478; x_wconf 86' lang='lat' dir='ltr'><strong>alia,</strong></span> <span class='ocrx_word' id='word_1_321' title='bbox 1479 3423 1587 3467; x_wconf 89' lang='lat' dir='ltr'><strong>etc.</strong></span> <span class='ocrx_word' id='word_1_322' title='bbox 1645 3408 1982 3478; x_wconf 78' lang='lat' dir='ltr'><strong>Empedoclis</strong></span> <span class='ocrx_word' id='word_1_323' title='bbox 2023 3405 2329 3467; x_wconf 77' lang='lat' dir='ltr'><strong>inimicitia,</strong></span> 
     </span>
    </p>
   </div>
   <div class='ocr_carea' id='block_1_50' title="bbox 741 3499 2332 3584">
    <p class='ocr_par' dir='ltr' id='par_1_50' title="bbox 741 3499 2332 3584">
     <span class='ocr_line' id='line_1_50' title="bbox 741 3499 2332 3584; baseline -0.009 -16"><span class='ocrx_word' id='word_1_324' title='bbox 741 3515 1118 3584; x_wconf 75' lang='lat' dir='ltr'><strong>proverbium,</strong></span> <span class='ocrx_word' id='word_1_325' title='bbox 1189 3511 1332 3578; x_wconf 62' lang='lat' dir='ltr'><strong>(“toil</strong></span> <span class='ocrx_word' id='word_1_326' title='bbox 1391 3508 1594 3560; x_wconf 82' lang='lat' dir='ltr'><strong>dicitur</strong></span> <span class='ocrx_word' id='word_1_327' title='bbox 1646 3505 1714 3560; x_wconf 87' lang='lat' dir='ltr'><strong>de</strong></span> <span class='ocrx_word' id='word_1_328' title='bbox 1766 3504 1832 3558; x_wconf 87' lang='lat' dir='ltr'><strong>iis</strong></span> <span class='ocrx_word' id='word_1_329' title='bbox 1885 3501 1978 3572; x_wconf 89' lang='lat' dir='ltr'><strong>qui</strong></span> <span class='ocrx_word' id='word_1_330' title='bbox 2044 3499 2332 3554; x_wconf 88' lang='lat' dir='ltr'><strong>diuturnas</strong></span> 
     </span>
    </p>
   </div>
   <div class='ocr_carea' id='block_1_51' title="bbox 742 3600 1845 3671">
    <p class='ocr_par' dir='ltr' id='par_1_51' title="bbox 742 3600 1845 3671">
     <span class='ocr_line' id='line_1_51' title="bbox 742 3600 1845 3671; baseline -0.012 -9"><span class='ocrx_word' id='word_1_331' title='bbox 742 3605 1060 3671; x_wconf 66' lang='lat' dir='ltr'><strong>inimicitias</strong></span> <span class='ocrx_word' id='word_1_332' title='bbox 1089 3605 1352 3656; x_wconf 87' lang='lat' dir='ltr'><strong>adversus</strong></span> <span class='ocrx_word' id='word_1_333' title='bbox 1377 3600 1591 3668; x_wconf 86' lang='lat' dir='ltr'><strong>aliquos</strong></span> <span class='ocrx_word' id='word_1_334' title='bbox 1625 3607 1845 3668; x_wconf 85' lang='lat' dir='ltr'><strong>gerunt.</strong></span> 
     </span>
    </p>
   </div>
   <div class='ocr_carea' id='block_1_52' title="bbox 816 3686 2329 3768">
    <p class='ocr_par' dir='ltr' id='par_1_52' title="bbox 816 3686 2329 3768">
     <span class='ocr_line' id='line_1_52' title="bbox 816 3686 2329 3768; baseline -0.009 -16"><span class='ocrx_word' id='word_1_335' title='bbox 816 3699 1229 3768; x_wconf 83' lang='lat' dir='ltr'><strong>Einpcdotimus</strong></span> <span class='ocrx_word' id='word_1_336' title='bbox 1278 3695 1502 3763; x_wconf 87' lang='lat' dir='ltr'><strong>scripsit</strong></span> <span class='ocrx_word' id='word_1_337' title='bbox 1551 3695 1681 3762; x_wconf 71' lang='grc' dir='ltr'>περὶ</span> <span class='ocrx_word' id='word_1_338' title='bbox 1711 3689 1950 3760; x_wconf 73' lang='grc' dir='ltr'><strong>φυσικῆς</strong></span> <span class='ocrx_word' id='word_1_339' title='bbox 1988 3686 2329 3756; x_wconf 80' lang='grc' dir='ltr'><strong>ἀκροάσεως,</strong></span> 
     </span>
    </p>
   </div>
   <div class='ocr_carea' id='block_1_53' title="bbox 743 3778 2332 3860">
    <p class='ocr_par' dir='ltr' id='par_1_53' title="bbox 743 3778 2332 3860">
     <span class='ocr_line' id='line_1_53' title="bbox 743 3778 2332 3860; baseline -0.011 -15"><span class='ocrx_word' id='word_1_340' title='bbox 743 3793 821 3846; x_wconf 90' lang='lat' dir='ltr'><strong>De</strong></span> <span class='ocrx_word' id='word_1_341' title='bbox 851 3793 1065 3860; x_wconf 75' lang='lat' dir='ltr'><strong>physica</strong></span> <span class='ocrx_word' id='word_1_342' title='bbox 1095 3787 1506 3848; x_wconf 73' lang='lat' dir='ltr'><strong>auscultatione,</strong></span> <span class='ocrx_word' id='word_1_343' title='bbox 1540 3785 1607 3838; x_wconf 89' lang='lat' dir='ltr'><strong>de</strong></span> <span class='ocrx_word' id='word_1_344' title='bbox 1631 3799 1740 3852; x_wconf 86' lang='lat' dir='ltr'><strong>quo</strong></span> <span class='ocrx_word' id='word_1_345' title='bbox 1762 3778 2057 3849; x_wconf 69' lang='lat' dir='ltr'><strong>(Julianus)</strong></span> <span class='ocrx_word' id='word_1_346' title='bbox 2083 3781 2109 3831; x_wconf 84' lang='grc' dir='ltr'>ὁ</span> <span class='ocrx_word' id='word_1_347' title='bbox 2150 3795 2332 3847; x_wconf 75' lang='grc' dir='ltr'><strong>παρα-</strong></span> 
     </span>
    </p>
   </div>
   <div class='ocr_carea' id='block_1_54' title="bbox 745 3874 2330 3956">
    <p class='ocr_par' dir='ltr' id='par_1_54' title="bbox 745 3874 2330 3956">
     <span class='ocr_line' id='line_1_54' title="bbox 745 3874 2330 3956; baseline -0.011 -17"><span class='ocrx_word' id='word_1_348' title='bbox 745 3887 915 3956; x_wconf 75' lang='grc' dir='ltr'><strong>ϐάτης</strong></span> <span class='ocrx_word' id='word_1_349' title='bbox 950 3887 1000 3938; x_wconf 92' lang='lat' dir='ltr'><strong>in</strong></span> <span class='ocrx_word' id='word_1_350' title='bbox 1033 3901 1197 3952; x_wconf 88' lang='lat' dir='ltr'><strong>opere</strong></span> <span class='ocrx_word' id='word_1_351' title='bbox 1221 3881 1368 3951; x_wconf 89' lang='lat' dir='ltr'><strong>quod</strong></span> <span class='ocrx_word' id='word_1_352' title='bbox 1402 3880 1596 3933; x_wconf 89' lang='lat' dir='ltr'><strong>Cronia</strong></span> <span class='ocrx_word' id='word_1_353' title='bbox 1627 3876 1975 3931; x_wconf 88' lang='lat' dir='ltr'><strong>inscribitur:</strong></span> <span class='ocrx_word' id='word_1_354' title='bbox 2001 3874 2108 3926; x_wconf 79' lang='lat' dir='ltr'><strong>Nos</strong></span> <span class='ocrx_word' id='word_1_355' title='bbox 2133 3882 2330 3935; x_wconf 88' lang='lat' dir='ltr'><strong>autem,</strong></span> 
     </span>
    </p>
   </div>
   <div class='ocr_carea' id='block_1_55' title="bbox 749 3965 2335 4048">
    <p class='ocr_par' dir='ltr' id='par_1_55' title="bbox 749 3965 2335 4048">
     <span class='ocr_line' id='line_1_55' title="bbox 749 3965 2335 4048; baseline -0.011 -16"><span class='ocrx_word' id='word_1_356' title='bbox 749 3979 1116 4048; x_wconf 81' lang='lat' dir='ltr'><strong>Empedotimo</strong></span> <span class='ocrx_word' id='word_1_357' title='bbox 1173 3987 1220 4028; x_wconf 86' lang='lat' dir='ltr'><strong>et</strong></span> <span class='ocrx_word' id='word_1_358' title='bbox 1283 3973 1598 4042; x_wconf 76' lang='lat' dir='ltr'><strong>Pythagora:</strong></span> <span class='ocrx_word' id='word_1_359' title='bbox 1651 3969 1918 4023; x_wconf 79' lang='lat' dir='ltr'><strong>credentes</strong></span> <span class='ocrx_word' id='word_1_360' title='bbox 1953 4007 1967 4030; x_wconf 95' lang='lat'><strong>,</strong></span> <span class='ocrx_word' id='word_1_361' title='bbox 2004 3974 2052 4018; x_wconf 89' lang='lat' dir='ltr'><strong>et</strong></span> <span class='ocrx_word' id='word_1_362' title='bbox 2099 3965 2168 4018; x_wconf 73' lang='lat' dir='ltr'><strong>iis</strong></span> <span class='ocrx_word' id='word_1_363' title='bbox 2225 3979 2335 4035; x_wconf 61' lang='lat' dir='ltr'><strong>quae</strong></span> 
     </span>
    </p>
   </div>
   <div class='ocr_carea' id='block_1_56' title="bbox 745 4057 2336 4132">
    <p class='ocr_par' dir='ltr' id='par_1_56' title="bbox 745 4057 2336 4132">
     <span class='ocr_line' id='line_1_56' title="bbox 745 4057 2336 4132; baseline -0.012 -4"><span class='ocrx_word' id='word_1_364' title='bbox 745 4073 1057 4128; x_wconf 69' lang='lat' dir='ltr'><strong>Heraclides</strong></span> <span class='ocrx_word' id='word_1_365' title='bbox 1079 4069 1337 4122; x_wconf 78' lang='lat' dir='ltr'><strong>Ponticus</strong></span> <span class='ocrx_word' id='word_1_366' title='bbox 1363 4067 1426 4119; x_wconf 88' lang='lat' dir='ltr'><strong>ab</strong></span> <span class='ocrx_word' id='word_1_367' title='bbox 1445 4065 1554 4118; x_wconf 82' lang='lat' dir='ltr'><strong>illis</strong></span> <span class='ocrx_word' id='word_1_368' title='bbox 1587 4073 1802 4132; x_wconf 67' lang='lat' dir='ltr'><strong>accepta</strong></span> <span class='ocrx_word' id='word_1_369' title='bbox 1827 4060 2074 4122; x_wconf 81' lang='lat' dir='ltr'><strong>tradidit,</strong></span> <span class='ocrx_word' id='word_1_370' title='bbox 2104 4068 2152 4112; x_wconf 88' lang='lat' dir='ltr'><strong>et</strong></span> <span class='ocrx_word' id='word_1_371' title='bbox 2174 4057 2336 4124; x_wconf 86' lang='lat' dir='ltr'><strong>paulo</strong></span> 
     </span>
    </p>
   </div>
   <div class='ocr_carea' id='block_1_57' title="bbox 745 4151 2334 4234">
    <p class='ocr_par' dir='ltr' id='par_1_57' title="bbox 745 4151 2334 4234">
     <span class='ocr_line' id='line_1_57' title="bbox 745 4151 2334 4234; baseline -0.008 -15"><span class='ocrx_word' id='word_1_372' title='bbox 745 4176 867 4220; x_wconf 87' lang='lat' dir='ltr'><strong>ante</strong></span> <span class='ocrx_word' id='word_1_373' title='bbox 885 4165 1112 4234; x_wconf 77' lang='lat' dir='ltr'><strong>inclytus</strong></span> <span class='ocrx_word' id='word_1_374' title='bbox 1131 4161 1220 4215; x_wconf 81' lang='lat' dir='ltr'><strong>ille</strong></span> <span class='ocrx_word' id='word_1_375' title='bbox 1239 4176 1416 4214; x_wconf 81' lang='lat' dir='ltr'><strong>rerum</strong></span> <span class='ocrx_word' id='word_1_376' title='bbox 1438 4159 1736 4212; x_wconf 83' lang='lat' dir='ltr'><strong>divinarum</strong></span> <span class='ocrx_word' id='word_1_377' title='bbox 1761 4158 2017 4223; x_wconf 79' lang='lat' dir='ltr'><strong>interpres</strong></span> <span class='ocrx_word' id='word_1_378' title='bbox 2033 4151 2334 4206; x_wconf 76' lang='lat' dir='ltr'><strong>Jamblicus</strong></span> 
     </span>
    </p>
   </div>
   <div class='ocr_carea' id='block_1_58' title="bbox 745 4257 1162 4312">
    <p class='ocr_par' dir='ltr' id='par_1_58' title="bbox 745 4257 1162 4312">
     <span class='ocr_line' id='line_1_58' title="bbox 745 4257 1162 4312; baseline -0.005 0"><span class='ocrx_word' id='word_1_379' title='bbox 745 4259 892 4312; x_wconf 82' lang='lat' dir='ltr'><strong>nobis</strong></span> <span class='ocrx_word' id='word_1_380' title='bbox 917 4257 1162 4310; x_wconf 80' lang='lat' dir='ltr'><strong>ostendit.</strong></span> 
     </span>
    </p>
   </div>
   <div class='ocr_carea' id='block_1_59' title="bbox 856 4339 2334 4410">
    <p class='ocr_par' dir='ltr' id='par_1_59' title="bbox 856 4339 2334 4410">
     <span class='ocr_line' id='line_1_59' title="bbox 856 4339 2334 4410; baseline -0.007 -7"><span class='ocrx_word' id='word_1_381' title='bbox 856 4349 1132 4410; x_wconf 79' lang='grc' dir='ltr'><strong>Ἐνιαυτὸς</strong></span> <span class='ocrx_word' id='word_1_382' title='bbox 1159 4349 1439 4410; x_wconf 79' lang='grc' dir='ltr'><strong>Μέτωνος,</strong></span> <span class='ocrx_word' id='word_1_383' title='bbox 1483 4361 1654 4397; x_wconf 80' lang='lat' dir='ltr'><strong>annus</strong></span> <span class='ocrx_word' id='word_1_384' title='bbox 1687 4341 1936 4403; x_wconf 77' lang='lat' dir='ltr'><strong>Metonis,</strong></span> <span class='ocrx_word' id='word_1_385' title='bbox 1971 4339 2024 4393; x_wconf 84' lang='lat' dir='ltr'><strong>id</strong></span> <span class='ocrx_word' id='word_1_386' title='bbox 2049 4349 2132 4393; x_wconf 89' lang='lat' dir='ltr'><strong>est</strong></span> <span class='ocrx_word' id='word_1_387' title='bbox 2183 4339 2334 4393; x_wconf 87' lang='lat' dir='ltr'><strong>orbis</strong></span> 
     </span>
    </p>
   </div>
   <div class='ocr_carea' id='block_1_60' title="bbox 745 4429 2333 4501">
    <p class='ocr_par' dir='ltr' id='par_1_60' title="bbox 745 4429 2333 4501">
     <span class='ocr_line' id='line_1_60' title="bbox 745 4429 2333 4501; baseline -0.01 -3"><span class='ocrx_word' id='word_1_388' title='bbox 745 4459 1018 4498; x_wconf 82' lang='lat' dir='ltr'><strong>annorum</strong></span> <span class='ocrx_word' id='word_1_389' title='bbox 1043 4439 1186 4494; x_wconf 75' lang='lat' dir='ltr'><strong>XIX.</strong></span> <span class='ocrx_word' id='word_1_390' title='bbox 1215 4439 1357 4493; x_wconf 82' lang='lat' dir='ltr'><strong>Meto</strong></span> <span class='ocrx_word' id='word_1_391' title='bbox 1384 4438 1552 4500; x_wconf 89' lang='lat' dir='ltr'><strong>enim,</strong></span> <span class='ocrx_word' id='word_1_392' title='bbox 1579 4429 2022 4494; x_wconf 78' lang='lat' dir='ltr'><strong>mathematicus,</strong></span> <span class='ocrx_word' id='word_1_393' title='bbox 2048 4431 2333 4501; x_wconf 85' lang='lat' dir='ltr'><strong>periodum</strong></span> 
     </span>
    </p>
   </div>
   <div class='ocr_carea' id='block_1_61' title="bbox 747 4525 2078 4603">
    <p class='ocr_par' dir='ltr' id='par_1_61' title="bbox 747 4525 2078 4603">
     <span class='ocr_line' id='line_1_61' title="bbox 747 4525 2078 4603; baseline -0.008 -14"><span class='ocrx_word' id='word_1_394' title='bbox 747 4536 1006 4603; x_wconf 86' lang='lat' dir='ltr'><strong>temporis</strong></span> <span class='ocrx_word' id='word_1_395' title='bbox 1036 4550 1102 4586; x_wconf 77' lang='lat' dir='ltr'><strong>ex</strong></span> <span class='ocrx_word' id='word_1_396' title='bbox 1138 4531 1256 4586; x_wconf 75' lang='lat' dir='ltr'><strong>XIX</strong></span> <span class='ocrx_word' id='word_1_397' title='bbox 1283 4531 1441 4584; x_wconf 90' lang='lat' dir='ltr'><strong>annis</strong></span> <span class='ocrx_word' id='word_1_398' title='bbox 1467 4537 1808 4583; x_wconf 87' lang='lat' dir='ltr'><strong>constantem</strong></span> <span class='ocrx_word' id='word_1_399' title='bbox 1853 4525 2078 4578; x_wconf 76' lang='lat' dir='ltr'><strong>invenit.</strong></span> 
     </span>
    </p>
   </div>
   <div class='ocr_carea' id='block_1_62' title="bbox 2503 2035 4032 2105">
    <p class='ocr_par' dir='ltr' id='par_1_62' title="bbox 2503 2035 4032 2105">
     <span class='ocr_line' id='line_1_62' title="bbox 2503 2035 4032 2105; baseline 0.003 -18"><span class='ocrx_word' id='word_1_400' title='bbox 2503 2035 2712 2087; x_wconf 80' lang='grc' dir='ltr'>Ἐπειοῦ</span> <span class='ocrx_word' id='word_1_401' title='bbox 2745 2035 3068 2105; x_wconf 82' lang='grc' dir='ltr'>δειλότερος,</span> <span class='ocrx_word' id='word_1_402' title='bbox 3115 2035 3260 2104; x_wconf 84' lang='lat' dir='ltr'><strong>Epeo</strong></span> <span class='ocrx_word' id='word_1_403' title='bbox 3317 2037 3577 2101; x_wconf 85' lang='lat' dir='ltr'><strong>timidior,</strong></span> <span class='ocrx_word' id='word_1_404' title='bbox 3617 2035 3902 2102; x_wconf 82' lang='lat' dir='ltr'><strong>Cratinus,</strong></span> <span class='ocrx_word' id='word_1_405' title='bbox 3939 2051 4032 2092; x_wconf 85' lang='lat' dir='ltr'><strong>co-</strong></span> 
     </span>
    </p>
   </div>
   <div class='ocr_carea' id='block_1_63' title="bbox 2440 2130 4030 2202">
    <p class='ocr_par' dir='ltr' id='par_1_63' title="bbox 2440 2130 4030 2202">
     <span class='ocr_line' id='line_1_63' title="bbox 2440 2130 4030 2202; baseline -0.001 -17"><span class='ocrx_word' id='word_1_406' title='bbox 2440 2131 2638 2196; x_wconf 83' lang='lat' dir='ltr'><strong>micus,</strong></span> <span class='ocrx_word' id='word_1_407' title='bbox 2669 2131 2974 2194; x_wconf 88' lang='lat' dir='ltr'><strong>dicebatur,</strong></span> <span class='ocrx_word' id='word_1_408' title='bbox 3015 2131 3250 2187; x_wconf 87' lang='lat' dir='ltr'><strong>fortasse</strong></span> <span class='ocrx_word' id='word_1_409' title='bbox 3296 2135 3464 2202; x_wconf 89' lang='lat' dir='ltr'><strong>quod,</strong></span> <span class='ocrx_word' id='word_1_410' title='bbox 3506 2148 3628 2186; x_wconf 88' lang='lat' dir='ltr'><strong>cum</strong></span> <span class='ocrx_word' id='word_1_411' title='bbox 3663 2130 3900 2186; x_wconf 78' lang='grc' dir='ltr'><strong>ΟΕηείἀί</strong></span> <span class='ocrx_word' id='word_1_412' title='bbox 3935 2133 4030 2184; x_wconf 83' lang='lat' dir='ltr'><strong>tri—</strong></span> 
     </span>
    </p>
   </div>
   <div class='ocr_carea' id='block_1_64' title="bbox 2440 2221 4032 2292">
    <p class='ocr_par' dir='ltr' id='par_1_64' title="bbox 2440 2221 4032 2292">
     <span class='ocr_line' id='line_1_64' title="bbox 2440 2221 4032 2292; baseline -0.001 -17"><span class='ocrx_word' id='word_1_413' title='bbox 2440 2222 2531 2275; x_wconf 92' lang='lat' dir='ltr'><strong>bni</strong></span> <span class='ocrx_word' id='word_1_414' title='bbox 2561 2233 2841 2290; x_wconf 64' lang='lat' dir='ltr'><strong>praaesset,</strong></span> <span class='ocrx_word' id='word_1_415' title='bbox 2874 2221 3118 2276; x_wconf 87' lang='lat' dir='ltr'><strong>timidior</strong></span> <span class='ocrx_word' id='word_1_416' title='bbox 3151 2221 3458 2276; x_wconf 81' lang='lat' dir='ltr'><strong>videretur.</strong></span> <span class='ocrx_word' id='word_1_417' title='bbox 3495 2223 3674 2292; x_wconf 87' lang='lat' dir='ltr'><strong>Epeus</strong></span> <span class='ocrx_word' id='word_1_418' title='bbox 3703 2221 3852 2276; x_wconf 89' lang='lat' dir='ltr'><strong>enim</strong></span> <span class='ocrx_word' id='word_1_419' title='bbox 3888 2221 4032 2276; x_wconf 82' lang='lat' dir='ltr'><strong>litui-</strong></span> 
     </span>
    </p>
   </div>
   <div class='ocr_carea' id='block_1_65' title="bbox 2438 2314 2709 2368">
    <p class='ocr_par' dir='ltr' id='par_1_65' title="bbox 2438 2314 2709 2368">
     <span class='ocr_line' id='line_1_65' title="bbox 2438 2314 2709 2368; baseline -0.007 0"><span class='ocrx_word' id='word_1_420' title='bbox 2438 2314 2540 2368; x_wconf 90' lang='lat' dir='ltr'><strong>dus</strong></span> <span class='ocrx_word' id='word_1_421' title='bbox 2570 2324 2709 2368; x_wconf 88' lang='lat' dir='ltr'><strong>erat.</strong></span> 
     </span>
    </p>
   </div>
   <div class='ocr_carea' id='block_1_66' title="bbox 2510 2407 4028 2482">
    <p class='ocr_par' dir='ltr' id='par_1_66' title="bbox 2510 2407 4028 2482">
     <span class='ocr_line' id='line_1_66' title="bbox 2510 2407 4028 2482; baseline 0.003 -22"><span class='ocrx_word' id='word_1_422' title='bbox 2510 2407 2784 2476; x_wconf 82' lang='lat' dir='ltr'><strong>Ephectici</strong></span> <span class='ocrx_word' id='word_1_423' title='bbox 2844 2407 3154 2476; x_wconf 87' lang='lat' dir='ltr'><strong>philosophi</strong></span> <span class='ocrx_word' id='word_1_424' title='bbox 3209 2408 3290 2462; x_wconf 89' lang='lat' dir='ltr'><strong>sic</strong></span> <span class='ocrx_word' id='word_1_425' title='bbox 3343 2407 3596 2478; x_wconf 85' lang='lat' dir='ltr'><strong>appellati</strong></span> <span class='ocrx_word' id='word_1_426' title='bbox 3661 2411 3730 2463; x_wconf 88' lang='lat' dir='ltr'><strong>ab</strong></span> <span class='ocrx_word' id='word_1_427' title='bbox 3785 2411 4028 2482; x_wconf 78' lang='grc' dir='ltr'><strong>ἐπέχειν,</strong></span> 
     </span>
    </p>
   </div>
   <div class='ocr_carea' id='block_1_67' title="bbox 2440 2500 4026 2569">
    <p class='ocr_par' dir='ltr' id='par_1_67' title="bbox 2440 2500 4026 2569">
     <span class='ocr_line' id='line_1_67' title="bbox 2440 2500 4026 2569; baseline 0.002 -14"><span class='ocrx_word' id='word_1_428' title='bbox 2440 2501 2692 2566; x_wconf 76' lang='lat' dir='ltr'><strong>inhibere,</strong></span> <span class='ocrx_word' id='word_1_429' title='bbox 2746 2501 2893 2564; x_wconf 79' lang='lat' dir='ltr'><strong>quod</strong></span> <span class='ocrx_word' id='word_1_430' title='bbox 2945 2515 3234 2554; x_wconf 87' lang='lat' dir='ltr'><strong>assensum</strong></span> <span class='ocrx_word' id='word_1_431' title='bbox 3296 2500 3364 2554; x_wconf 92' lang='lat' dir='ltr'><strong>de</strong></span> <span class='ocrx_word' id='word_1_432' title='bbox 3445 2502 3610 2556; x_wconf 85' lang='lat' dir='ltr'><strong>rebus</strong></span> <span class='ocrx_word' id='word_1_433' title='bbox 3667 2501 4026 2569; x_wconf 84' lang='lat' dir='ltr'><strong>inhiberent,</strong></span> 
     </span>
    </p>
   </div>
   <div class='ocr_carea' id='block_1_68' title="bbox 2439 2593 4032 2663">
    <p class='ocr_par' dir='ltr' id='par_1_68' title="bbox 2439 2593 4032 2663">
     <span class='ocr_line' id='line_1_68' title="bbox 2439 2593 4032 2663; baseline 0 -15"><span class='ocrx_word' id='word_1_434' title='bbox 2439 2609 2642 2663; x_wconf 82' lang='lat' dir='ltr'><strong>easque</strong></span> <span class='ocrx_word' id='word_1_435' title='bbox 2693 2593 3084 2662; x_wconf 83' lang='lat' dir='ltr'><strong>comprehendi</strong></span> <span class='ocrx_word' id='word_1_436' title='bbox 3145 2609 3251 2645; x_wconf 87' lang='lat' dir='ltr'><strong>non</strong></span> <span class='ocrx_word' id='word_1_437' title='bbox 3305 2607 3469 2660; x_wconf 86' lang='lat' dir='ltr'><strong>posse</strong></span> <span class='ocrx_word' id='word_1_438' title='bbox 3525 2603 3856 2648; x_wconf 85' lang='lat' dir='ltr'><strong>statuerent.</strong></span> <span class='ocrx_word' id='word_1_439' title='bbox 3921 2597 4032 2650; x_wconf 73' lang='lat' dir='ltr'><strong>Kal.</strong></span> 
     </span>
    </p>
   </div>
   <div class='ocr_carea' id='block_1_69' title="bbox 2437 2683 3521 2755">
    <p class='ocr_par' dir='ltr' id='par_1_69' title="bbox 2437 2683 3521 2755">
     <span class='ocr_line' id='line_1_69' title="bbox 2437 2683 3521 2755; baseline 0 -17"><span class='ocrx_word' id='word_1_440' title='bbox 2437 2686 2786 2754; x_wconf 61' lang='grc' dir='ltr'><strong>δογματίζειν</strong></span> <span class='ocrx_word' id='word_1_441' title='bbox 2819 2685 2928 2755; x_wconf 80' lang='grc'>(66)</span> <span class='ocrx_word' id='word_1_442' title='bbox 2963 2683 3104 2737; x_wconf 77' lang='grc' dir='ltr'><strong>αὐτὰ</strong></span> <span class='ocrx_word' id='word_1_443' title='bbox 3133 2686 3521 2752; x_wconf 67' lang='grc' dir='ltr'><strong>ἀκατάληπτκ.</strong></span> 
     </span>
    </p>
   </div>
   <div class='ocr_carea' id='block_1_70' title="bbox 2511 2777 4032 2848">
    <p class='ocr_par' dir='ltr' id='par_1_70' title="bbox 2511 2777 4032 2848">
     <span class='ocr_line' id='line_1_70' title="bbox 2511 2777 4032 2848; baseline 0.004 -18"><span class='ocrx_word' id='word_1_444' title='bbox 2511 2777 2762 2847; x_wconf 72' lang='lat' dir='ltr'><strong>Ephesia:</strong></span> <span class='ocrx_word' id='word_1_445' title='bbox 2819 2777 3032 2840; x_wconf 67' lang='lat' dir='ltr'><strong>littera),</strong></span> <span class='ocrx_word' id='word_1_446' title='bbox 3083 2777 3132 2830; x_wconf 89' lang='lat' dir='ltr'><strong>id</strong></span> <span class='ocrx_word' id='word_1_447' title='bbox 3169 2787 3254 2830; x_wconf 86' lang='lat' dir='ltr'><strong>est</strong></span> <span class='ocrx_word' id='word_1_448' title='bbox 3297 2777 3706 2834; x_wconf 81' lang='lat' dir='ltr'><strong>incantationes</strong></span> <span class='ocrx_word' id='word_1_449' title='bbox 3777 2783 4032 2848; x_wconf 68' lang='lat' dir='ltr'><strong>quaedam</strong></span> 
     </span>
    </p>
   </div>
   <div class='ocr_carea' id='block_1_71' title="bbox 2441 2869 4030 2940">
    <p class='ocr_par' dir='ltr' id='par_1_71' title="bbox 2441 2869 4030 2940">
     <span class='ocr_line' id='line_1_71' title="bbox 2441 2869 4030 2940; baseline 0.003 -15"><span class='ocrx_word' id='word_1_450' title='bbox 2441 2872 2714 2932; x_wconf 68' lang='lat' dir='ltr'><strong>obscuras,</strong></span> <span class='ocrx_word' id='word_1_451' title='bbox 2750 2885 2890 2940; x_wconf 79' lang='lat' dir='ltr'><strong>quas</strong></span> <span class='ocrx_word' id='word_1_452' title='bbox 2918 2879 2971 2922; x_wconf 90' lang='lat' dir='ltr'><strong>et</strong></span> <span class='ocrx_word' id='word_1_453' title='bbox 3003 2869 3256 2923; x_wconf 76' lang='lat' dir='ltr'><strong>Crmsum</strong></span> <span class='ocrx_word' id='word_1_454' title='bbox 3301 2869 3352 2921; x_wconf 89' lang='lat' dir='ltr'><strong>in</strong></span> <span class='ocrx_word' id='word_1_455' title='bbox 3415 2886 3546 2940; x_wconf 87' lang='lat' dir='ltr'><strong>rogo</strong></span> <span class='ocrx_word' id='word_1_456' title='bbox 3579 2871 3786 2926; x_wconf 75' lang='lat' dir='ltr'><strong>dixisse</strong></span> <span class='ocrx_word' id='word_1_457' title='bbox 3819 2873 4030 2929; x_wconf 80' lang='lat' dir='ltr'><strong>ferunt.</strong></span> 
     </span>
    </p>
   </div>
   <div class='ocr_carea' id='block_1_72' title="bbox 2439 2960 4030 3032">
    <p class='ocr_par' dir='ltr' id='par_1_72' title="bbox 2439 2960 4030 3032">
     <span class='ocr_line' id='line_1_72' title="bbox 2439 2960 4030 3032; baseline 0.004 -19"><span class='ocrx_word' id='word_1_458' title='bbox 2439 2961 2504 3016; x_wconf 83' lang='lat' dir='ltr'><strong>Et</strong></span> <span class='ocrx_word' id='word_1_459' title='bbox 2537 2963 2798 3032; x_wconf 68' lang='lat' dir='ltr'><strong>Olympiae</strong></span> <span class='ocrx_word' id='word_1_460' title='bbox 2847 2960 3058 3014; x_wconf 82' lang='lat' dir='ltr'><strong>Milesio</strong></span> <span class='ocrx_word' id='word_1_461' title='bbox 3105 2969 3158 3014; x_wconf 88' lang='lat' dir='ltr'><strong>et</strong></span> <span class='ocrx_word' id='word_1_462' title='bbox 3193 2961 3434 3029; x_wconf 86' lang='lat' dir='ltr'><strong>Ephesio</strong></span> <span class='ocrx_word' id='word_1_463' title='bbox 3465 2963 3828 3026; x_wconf 82' lang='lat' dir='ltr'><strong>luctantibus,</strong></span> <span class='ocrx_word' id='word_1_464' title='bbox 3871 2967 4030 3019; x_wconf 85' lang='lat' dir='ltr'><strong>aiunt</strong></span> 
     </span>
    </p>
   </div>
   <div class='ocr_carea' id='block_1_73' title="bbox 2439 3052 4034 3123">
    <p class='ocr_par' dir='ltr' id='par_1_73' title="bbox 2439 3052 4034 3123">
     <span class='ocr_line' id='line_1_73' title="bbox 2439 3052 4034 3123; baseline 0.004 -16"><span class='ocrx_word' id='word_1_465' title='bbox 2439 3053 2707 3107; x_wconf 83' lang='lat' dir='ltr'><strong>Milesium</strong></span> <span class='ocrx_word' id='word_1_466' title='bbox 2755 3052 2953 3106; x_wconf 88' lang='lat' dir='ltr'><strong>luctari</strong></span> <span class='ocrx_word' id='word_1_467' title='bbox 2991 3067 3098 3104; x_wconf 90' lang='lat' dir='ltr'><strong>non</strong></span> <span class='ocrx_word' id='word_1_468' title='bbox 3131 3053 3400 3119; x_wconf 89' lang='lat' dir='ltr'><strong>potuisse,</strong></span> <span class='ocrx_word' id='word_1_469' title='bbox 3456 3054 3602 3123; x_wconf 89' lang='lat' dir='ltr'><strong>quod</strong></span> <span class='ocrx_word' id='word_1_470' title='bbox 3650 3055 3786 3108; x_wconf 81' lang='lat' dir='ltr'><strong>alter</strong></span> <span class='ocrx_word' id='word_1_471' title='bbox 3824 3057 4034 3113; x_wconf 85' lang='lat' dir='ltr'><strong>litteras</strong></span> 
     </span>
    </p>
   </div>
   <div class='ocr_carea' id='block_1_74' title="bbox 2440 3143 4036 3216">
    <p class='ocr_par' dir='ltr' id='par_1_74' title="bbox 2440 3143 4036 3216">
     <span class='ocr_line' id='line_1_74' title="bbox 2440 3143 4036 3216; baseline 0.001 -16"><span class='ocrx_word' id='word_1_472' title='bbox 2440 3145 2705 3216; x_wconf 83' lang='lat' dir='ltr'><strong>Ephesias</strong></span> <span class='ocrx_word' id='word_1_473' title='bbox 2755 3145 2866 3199; x_wconf 91' lang='lat' dir='ltr'><strong>talo</strong></span> <span class='ocrx_word' id='word_1_474' title='bbox 2919 3143 3072 3214; x_wconf 90' lang='lat' dir='ltr'><strong>pedis</strong></span> <span class='ocrx_word' id='word_1_475' title='bbox 3104 3143 3400 3212; x_wconf 88' lang='lat' dir='ltr'><strong>alligasset.</strong></span> <span class='ocrx_word' id='word_1_476' title='bbox 3461 3143 3536 3197; x_wconf 88' lang='lat' dir='ltr'><strong>Ea</strong></span> <span class='ocrx_word' id='word_1_477' title='bbox 3569 3153 3750 3199; x_wconf 88' lang='lat' dir='ltr'><strong>autem</strong></span> <span class='ocrx_word' id='word_1_478' title='bbox 3787 3162 3846 3200; x_wconf 89' lang='lat' dir='ltr'><strong>re</strong></span> <span class='ocrx_word' id='word_1_479' title='bbox 3877 3163 4036 3201; x_wconf 82' lang='lat' dir='ltr'><strong>eom-</strong></span> 
     </span>
    </p>
   </div>
   <div class='ocr_carea' id='block_1_75' title="bbox 2439 3233 4030 3308">
    <p class='ocr_par' dir='ltr' id='par_1_75' title="bbox 2439 3233 4030 3308">
     <span class='ocr_line' id='line_1_75' title="bbox 2439 3233 4030 3308; baseline -0.001 -16"><span class='ocrx_word' id='word_1_480' title='bbox 2439 3248 2614 3306; x_wconf 87' lang='lat' dir='ltr'><strong>perta,</strong></span> <span class='ocrx_word' id='word_1_481' title='bbox 2645 3238 2953 3306; x_wconf 86' lang='lat' dir='ltr'><strong>litterisque</strong></span> <span class='ocrx_word' id='word_1_482' title='bbox 2985 3237 3095 3290; x_wconf 92' lang='lat' dir='ltr'><strong>illis</strong></span> <span class='ocrx_word' id='word_1_483' title='bbox 3125 3237 3339 3301; x_wconf 88' lang='lat' dir='ltr'><strong>solutis,</strong></span> <span class='ocrx_word' id='word_1_484' title='bbox 3371 3233 3658 3306; x_wconf 79' lang='lat' dir='ltr'><strong>Ephesium</strong></span> <span class='ocrx_word' id='word_1_485' title='bbox 3694 3239 3884 3293; x_wconf 85' lang='lat' dir='ltr'><strong>tricies</strong></span> <span class='ocrx_word' id='word_1_486' title='bbox 3919 3239 4030 3308; x_wconf 74' lang='lat'><strong>(67)</strong></span> 
     </span>
    </p>
   </div>
   <div class='ocr_carea' id='block_1_76' title="bbox 2438 3331 2994 3400">
    <p class='ocr_par' dir='ltr' id='par_1_76' title="bbox 2438 3331 2994 3400">
     <span class='ocr_line' id='line_1_76' title="bbox 2438 3331 2994 3400; baseline -0.007 -16"><span class='ocrx_word' id='word_1_487' title='bbox 2438 3331 2610 3386; x_wconf 86' lang='lat' dir='ltr'><strong>fuisse</strong></span> <span class='ocrx_word' id='word_1_488' title='bbox 2633 3339 2994 3400; x_wconf 87' lang='lat' dir='ltr'><strong>prostratum.</strong></span> 
     </span>
    </p>
   </div>
   <div class='ocr_carea' id='block_1_77' title="bbox 2511 3419 4033 3490">
    <p class='ocr_par' dir='ltr' id='par_1_77' title="bbox 2511 3419 4033 3490">
     <span class='ocr_line' id='line_1_77' title="bbox 2511 3419 4033 3490; baseline 0.005 -17"><span class='ocrx_word' id='word_1_489' title='bbox 2511 3421 2818 3490; x_wconf 84' lang='lat' dir='ltr'><strong>Ephippus,</strong></span> <span class='ocrx_word' id='word_1_490' title='bbox 2876 3419 3252 3486; x_wconf 87' lang='lat' dir='ltr'><strong>Atheniensis,</strong></span> <span class='ocrx_word' id='word_1_491' title='bbox 3309 3419 3553 3475; x_wconf 83' lang='lat' dir='ltr'><strong>comicus</strong></span> <span class='ocrx_word' id='word_1_492' title='bbox 3587 3422 3782 3476; x_wconf 66' lang='lat' dir='ltr'><strong>mediae</strong></span> <span class='ocrx_word' id='word_1_493' title='bbox 3821 3439 4033 3481; x_wconf 69' lang='lat' dir='ltr'><strong>comm-</strong></span> 
     </span>
    </p>
   </div>
   <div class='ocr_carea' id='block_1_78' title="bbox 2436 3513 2556 3568">
    <p class='ocr_par' dir='ltr' id='par_1_78' title="bbox 2436 3513 2556 3568">
     <span class='ocr_line' id='line_1_78' title="bbox 2436 3513 2556 3568; baseline -0.017 0"><span class='ocrx_word' id='word_1_494' title='bbox 2436 3513 2556 3568; x_wconf 74' lang='lat' dir='ltr'><strong>diae.</strong></span> 
     </span>
    </p>
   </div>
   <div class='ocr_carea' id='block_1_79' title="bbox 2519 3603 4036 3674">
    <p class='ocr_par' dir='ltr' id='par_1_79' title="bbox 2519 3603 4036 3674">
     <span class='ocr_line' id='line_1_79' title="bbox 2519 3603 4036 3674; baseline 0.005 -18"><span class='ocrx_word' id='word_1_495' title='bbox 2519 3605 2818 3672; x_wconf 66' lang='lat' dir='ltr'><strong>liphippus,</strong></span> <span class='ocrx_word' id='word_1_496' title='bbox 2857 3603 3161 3670; x_wconf 89' lang='lat' dir='ltr'><strong>Cumanus,</strong></span> <span class='ocrx_word' id='word_1_497' title='bbox 3202 3605 3344 3658; x_wconf 82' lang='lat' dir='ltr'><strong>filius</strong></span> <span class='ocrx_word' id='word_1_498' title='bbox 3378 3603 3686 3674; x_wconf 88' lang='lat' dir='ltr'><strong>Demophili</strong></span> <span class='ocrx_word' id='word_1_499' title='bbox 3723 3607 3804 3660; x_wconf 82' lang='lat' dir='ltr'><strong>vel</strong></span> <span class='ocrx_word' id='word_1_500' title='bbox 3843 3609 4036 3663; x_wconf 76' lang='lat' dir='ltr'><strong>Antio-</strong></span> 
     </span>
    </p>
   </div>
   <div class='ocr_carea' id='block_1_80' title="bbox 2437 3697 4030 3768">
    <p class='ocr_par' dir='ltr' id='par_1_80' title="bbox 2437 3697 4030 3768">
     <span class='ocr_line' id='line_1_80' title="bbox 2437 3697 4030 3768; baseline 0.001 -16"><span class='ocrx_word' id='word_1_501' title='bbox 2437 3699 2547 3761; x_wconf 82' lang='lat' dir='ltr'><strong>chi,</strong></span> <span class='ocrx_word' id='word_1_502' title='bbox 2573 3699 2830 3750; x_wconf 83' lang='lat' dir='ltr'><strong>Isocratis</strong></span> <span class='ocrx_word' id='word_1_503' title='bbox 2854 3697 3091 3750; x_wconf 89' lang='lat' dir='ltr'><strong>oratoris</strong></span> <span class='ocrx_word' id='word_1_504' title='bbox 3123 3697 3360 3750; x_wconf 87' lang='lat' dir='ltr'><strong>auditor.</strong></span> <span class='ocrx_word' id='word_1_505' title='bbox 3398 3697 3716 3764; x_wconf 79' lang='lat' dir='ltr'><strong>historicus,</strong></span> <span class='ocrx_word' id='word_1_506' title='bbox 3745 3701 3838 3768; x_wconf 89' lang='lat' dir='ltr'><strong>qui</strong></span> <span class='ocrx_word' id='word_1_507' title='bbox 3859 3701 4030 3755; x_wconf 84' lang='lat' dir='ltr'><strong>filium</strong></span> 
     </span>
    </p>
   </div>
   <div class='ocr_carea' id='block_1_81' title="bbox 2439 3786 4036 3861">
    <p class='ocr_par' dir='ltr' id='par_1_81' title="bbox 2439 3786 4036 3861">
     <span class='ocr_line' id='line_1_81' title="bbox 2439 3786 4036 3861; baseline 0.003 -18"><span class='ocrx_word' id='word_1_508' title='bbox 2439 3789 2636 3843; x_wconf 86' lang='lat' dir='ltr'><strong>habuit</strong></span> <span class='ocrx_word' id='word_1_509' title='bbox 2681 3789 3084 3856; x_wconf 85' lang='lat' dir='ltr'><strong>DemOphilum,</strong></span> <span class='ocrx_word' id='word_1_510' title='bbox 3144 3789 3490 3842; x_wconf 86' lang='lat' dir='ltr'><strong>historicum.</strong></span> <span class='ocrx_word' id='word_1_511' title='bbox 3555 3786 4036 3861; x_wconf 69' lang='lat' dir='ltr'><strong>Vixitolympiad:</strong></span> 
     </span>
    </p>
   </div>
   <div class='ocr_carea' id='block_1_82' title="bbox 2439 3880 4036 3950">
    <p class='ocr_par' dir='ltr' id='par_1_82' title="bbox 2439 3880 4036 3950">
     <span class='ocr_line' id='line_1_82' title="bbox 2439 3880 4036 3950; baseline 0.003 -16"><span class='ocrx_word' id='word_1_512' title='bbox 2439 3881 2627 3946; x_wconf 78' lang='lat' dir='ltr'>XCIII,</span> <span class='ocrx_word' id='word_1_513' title='bbox 2657 3883 2726 3934; x_wconf 88' lang='lat' dir='ltr'><strong>ita</strong></span> <span class='ocrx_word' id='word_1_514' title='bbox 2758 3891 2813 3934; x_wconf 91' lang='lat' dir='ltr'><strong>ut</strong></span> <span class='ocrx_word' id='word_1_515' title='bbox 2847 3880 3084 3949; x_wconf 87' lang='lat' dir='ltr'><strong>Philippi</strong></span> <span class='ocrx_word' id='word_1_516' title='bbox 3121 3880 3430 3934; x_wconf 76' lang='lat' dir='ltr'><strong>Macedonis</strong></span> <span class='ocrx_word' id='word_1_517' title='bbox 3467 3897 3695 3950; x_wconf 88' lang='lat' dir='ltr'><strong>regnum</strong></span> <span class='ocrx_word' id='word_1_518' title='bbox 3721 3895 4036 3938; x_wconf 61' lang='lat' dir='ltr'><strong>antecesse-</strong></span> 
     </span>
    </p>
   </div>
   <div class='ocr_carea' id='block_1_83' title="bbox 2439 3967 4032 4041">
    <p class='ocr_par' dir='ltr' id='par_1_83' title="bbox 2439 3967 4032 4041">
     <span class='ocr_line' id='line_1_83' title="bbox 2439 3967 4032 4041; baseline 0 -14"><span class='ocrx_word' id='word_1_519' title='bbox 2439 3973 2529 4027; x_wconf 90' lang='lat' dir='ltr'><strong>rit.</strong></span> <span class='ocrx_word' id='word_1_520' title='bbox 2562 3970 2792 4041; x_wconf 89' lang='lat' dir='ltr'><strong>Scripsit</strong></span> <span class='ocrx_word' id='word_1_521' title='bbox 2820 3970 3186 4023; x_wconf 80' lang='lat' dir='ltr'><strong>Historiarum</strong></span> <span class='ocrx_word' id='word_1_522' title='bbox 3220 3969 3286 4022; x_wconf 89' lang='lat' dir='ltr'><strong>ab</strong></span> <span class='ocrx_word' id='word_1_523' title='bbox 3321 3967 3402 4021; x_wconf 91' lang='lat' dir='ltr'><strong>llii</strong></span> <span class='ocrx_word' id='word_1_524' title='bbox 3431 3973 3842 4038; x_wconf 79' lang='lat' dir='ltr'><strong>expugnatione</strong></span> <span class='ocrx_word' id='word_1_525' title='bbox 3891 3971 4032 4028; x_wconf 78' lang='lat' dir='ltr'><strong>Tro-</strong></span> 
     </span>
    </p>
   </div>
   <div class='ocr_carea' id='block_1_84' title="bbox 2435 4063 4034 4134">
    <p class='ocr_par' dir='ltr' id='par_1_84' title="bbox 2435 4063 4034 4134">
     <span class='ocr_line' id='line_1_84' title="bbox 2435 4063 4034 4134; baseline 0 -16"><span class='ocrx_word' id='word_1_526' title='bbox 2435 4063 2678 4134; x_wconf 87' lang='lat' dir='ltr'><strong>janoqne</strong></span> <span class='ocrx_word' id='word_1_527' title='bbox 2726 4063 2866 4116; x_wconf 85' lang='lat' dir='ltr'><strong>bello</strong></span> <span class='ocrx_word' id='word_1_528' title='bbox 2909 4063 2972 4115; x_wconf 87' lang='lat' dir='ltr'><strong>ad</strong></span> <span class='ocrx_word' id='word_1_529' title='bbox 3007 4077 3102 4115; x_wconf 89' lang='lat' dir='ltr'><strong>sua</strong></span> <span class='ocrx_word' id='word_1_530' title='bbox 3133 4076 3305 4130; x_wconf 87' lang='lat' dir='ltr'><strong>usque</strong></span> <span class='ocrx_word' id='word_1_531' title='bbox 3353 4072 3596 4130; x_wconf 84' lang='lat' dir='ltr'><strong>tempora</strong></span> <span class='ocrx_word' id='word_1_532' title='bbox 3653 4065 3814 4114; x_wconf 71' lang='grc' dir='ltr'><strong>ιὶὸνος</strong></span> <span class='ocrx_word' id='word_1_533' title='bbox 3847 4063 4034 4126; x_wconf 63' lang='lat' dir='ltr'><em>XXX,</em></span> 
     </span>
    </p>
   </div>
   <div class='ocr_carea' id='block_1_85' title="bbox 2442 4153 4038 4218">
    <p class='ocr_par' dir='ltr' id='par_1_85' title="bbox 2442 4153 4038 4218">
     <span class='ocr_line' id='line_1_85' title="bbox 2442 4153 4038 4218; baseline 0 -8"><span class='ocrx_word' id='word_1_534' title='bbox 2442 4157 2516 4210; x_wconf 84' lang='lat' dir='ltr'><strong>De</strong></span> <span class='ocrx_word' id='word_1_535' title='bbox 2543 4156 2690 4208; x_wconf 82' lang='lat' dir='ltr'><strong>battis</strong></span> <span class='ocrx_word' id='word_1_536' title='bbox 2718 4166 2766 4207; x_wconf 90' lang='lat' dir='ltr'><strong>et</strong></span> <span class='ocrx_word' id='word_1_537' title='bbox 2799 4153 2954 4207; x_wconf 75' lang='lat' dir='ltr'><strong>malis</strong></span> <span class='ocrx_word' id='word_1_538' title='bbox 2983 4153 3132 4208; x_wconf 81' lang='lat' dir='ltr'><strong>libris</strong></span> <span class='ocrx_word' id='word_1_539' title='bbox 3157 4153 3297 4206; x_wconf 71' lang='lat' dir='ltr'><strong>XXI</strong></span> <span class='ocrx_word' id='word_1_540' title='bbox 3314 4153 3388 4218; x_wconf 83' lang='grc' dir='ltr'><strong>ι’;</strong></span> <span class='ocrx_word' id='word_1_541' title='bbox 3417 4153 3610 4207; x_wconf 80' lang='lat' dir='ltr'><strong>Rerum</strong></span> <span class='ocrx_word' id='word_1_542' title='bbox 3631 4155 4038 4210; x_wconf 74' lang='lat' dir='ltr'><strong>admirabilium</strong></span> 
     </span>
    </p>
   </div>
   <div class='ocr_carea' id='block_1_86' title="bbox 2445 4245 4036 4316">
    <p class='ocr_par' dir='ltr' id='par_1_86' title="bbox 2445 4245 4036 4316">
     <span class='ocr_line' id='line_1_86' title="bbox 2445 4245 4036 4316; baseline 0 -16"><span class='ocrx_word' id='word_1_543' title='bbox 2445 4249 2556 4300; x_wconf 86' lang='grc' dir='ltr'><strong>τῶν</strong></span> <span class='ocrx_word' id='word_1_544' title='bbox 2589 4245 2918 4316; x_wconf 80' lang='grc' dir='ltr'><strong>ἑκασταχοῦ,</strong></span> <span class='ocrx_word' id='word_1_545' title='bbox 2978 4261 3094 4314; x_wconf 75' lang='lat' dir='ltr'><strong>qua:</strong></span> <span class='ocrx_word' id='word_1_546' title='bbox 3127 4247 3182 4298; x_wconf 89' lang='lat' dir='ltr'><strong>in</strong></span> <span class='ocrx_word' id='word_1_547' title='bbox 3207 4250 3390 4314; x_wconf 76' lang='lat' dir='ltr'><strong>quavis</strong></span> <span class='ocrx_word' id='word_1_548' title='bbox 3425 4250 3633 4315; x_wconf 83' lang='lat' dir='ltr'><strong>regione</strong></span> <span class='ocrx_word' id='word_1_549' title='bbox 3665 4249 4036 4313; x_wconf 78' lang='lat' dir='ltr'><strong>obsermntur,</strong></span> 
     </span>
    </p>
   </div>
   <div class='ocr_carea' id='block_1_87' title="bbox 2439 4338 4036 4408">
    <p class='ocr_par' dir='ltr' id='par_1_87' title="bbox 2439 4338 4036 4408">
     <span class='ocr_line' id='line_1_87' title="bbox 2439 4338 4036 4408; baseline 0.001 -14"><span class='ocrx_word' id='word_1_550' title='bbox 2439 4341 2604 4396; x_wconf 76' lang='lat' dir='ltr'><strong>libros</strong></span> <span class='ocrx_word' id='word_1_551' title='bbox 2638 4339 2686 4392; x_wconf 85' lang='lat' dir='ltr'><em>X</em></span> <span class='ocrx_word' id='word_1_552' title='bbox 2707 4338 2744 4390; x_wconf 73' lang='grc' dir='ltr'><em>γ</em></span> <span class='ocrx_word' id='word_1_553' title='bbox 2773 4356 2791 4406; x_wconf 86' lang='grc'><strong><em>;</em></strong></span> <span class='ocrx_word' id='word_1_554' title='bbox 2837 4338 2908 4392; x_wconf 83' lang='lat' dir='ltr'><strong>De</strong></span> <span class='ocrx_word' id='word_1_555' title='bbox 2941 4340 3093 4393; x_wconf 74' lang='lat' dir='ltr'><strong>rebus</strong></span> <span class='ocrx_word' id='word_1_556' title='bbox 3119 4355 3250 4408; x_wconf 81' lang='lat' dir='ltr'><strong>quas</strong></span> <span class='ocrx_word' id='word_1_557' title='bbox 3283 4341 3501 4408; x_wconf 80' lang='lat' dir='ltr'><strong>quisque</strong></span> <span class='ocrx_word' id='word_1_558' title='bbox 3531 4340 3726 4393; x_wconf 70' lang='lat' dir='ltr'><strong>invenit</strong></span> <span class='ocrx_word' id='word_1_559' title='bbox 3758 4341 3922 4395; x_wconf 74' lang='lat' dir='ltr'><strong>libros</strong></span> <span class='ocrx_word' id='word_1_560' title='bbox 3959 4342 4036 4404; x_wconf 87' lang='grc'><strong>11,</strong></span> 
     </span>
    </p>
   </div>
   <div class='ocr_carea' id='block_1_88' title="bbox 2439 4434 2645 4489">
    <p class='ocr_par' dir='ltr' id='par_1_88' title="bbox 2439 4434 2645 4489">
     <span class='ocr_line' id='line_1_88' title="bbox 2439 4434 2645 4489; baseline -0.015 0"><span class='ocrx_word' id='word_1_561' title='bbox 2439 4443 2492 4489; x_wconf 91' lang='lat' dir='ltr'><strong>ct</strong></span> <span class='ocrx_word' id='word_1_562' title='bbox 2520 4434 2645 4488; x_wconf 88' lang='lat' dir='ltr'><strong>alia.</strong></span> 
     </span>
    </p>
   </div>
   <div class='ocr_carea' id='block_1_89' title="bbox 2513 4521 4038 4594">
    <p class='ocr_par' dir='ltr' id='par_1_89' title="bbox 2513 4521 4038 4594">
     <span class='ocr_line' id='line_1_89' title="bbox 2513 4521 4038 4594; baseline 0.003 -16"><span class='ocrx_word' id='word_1_563' title='bbox 2513 4525 2788 4592; x_wconf 86' lang='lat' dir='ltr'><strong>Ephorus.</strong></span> <span class='ocrx_word' id='word_1_564' title='bbox 2819 4525 3128 4587; x_wconf 88' lang='lat' dir='ltr'><strong>Cumanus,</strong></span> <span class='ocrx_word' id='word_1_565' title='bbox 3159 4521 3642 4594; x_wconf 87' lang='lat' dir='ltr'><strong>etTheopompus,</strong></span> <span class='ocrx_word' id='word_1_566' title='bbox 3671 4525 4038 4582; x_wconf 77' lang='lat' dir='ltr'><strong>Damasistra—</strong></span> 
     </span>
    </p>
   </div>
   <div class='ocr_carea' id='block_1_90' title="bbox 817 4611 4038 4695">
    <p class='ocr_par' dir='ltr' id='par_1_90' title="bbox 817 4611 4038 4695">
     <span class='ocr_line' id='line_1_90' title="bbox 817 4611 4038 4695; baseline -0.004 -14"><span class='ocrx_word' id='word_1_567' title='bbox 817 4628 1052 4691; x_wconf 90' lang='lat' dir='ltr'><strong>Ennius,</strong></span> <span class='ocrx_word' id='word_1_568' title='bbox 1109 4635 1269 4695; x_wconf 87' lang='lat' dir='ltr'><strong>poeta</strong></span> <span class='ocrx_word' id='word_1_569' title='bbox 1324 4621 1608 4676; x_wconf 75' lang='lat' dir='ltr'><strong>Romanus</strong></span> <span class='ocrx_word' id='word_1_570' title='bbox 1647 4620 1722 4690; x_wconf 84' lang='lat' dir='ltr'><strong>(id</strong></span> <span class='ocrx_word' id='word_1_571' title='bbox 1759 4629 1841 4672; x_wconf 87' lang='lat' dir='ltr'><strong>est</strong></span> <span class='ocrx_word' id='word_1_572' title='bbox 1874 4617 2328 4686; x_wconf 81' lang='lat' dir='ltr'><strong>Latinus),quem</strong></span> <span class='ocrx_word' id='word_1_573' title='bbox 2366 4619 2412 4677; x_wconf 83' lang='lat' dir='ltr'><strong>D</strong></span> <span class='ocrx_word' id='word_1_574' title='bbox 2445 4625 2481 4668; x_wconf 90' lang='lat' dir='ltr'><strong>ll</strong></span> <span class='ocrx_word' id='word_1_575' title='bbox 2507 4615 2592 4678; x_wconf 80' lang='lat' dir='ltr'><strong>F.,</strong></span> <span class='ocrx_word' id='word_1_576' title='bbox 2621 4615 2816 4678; x_wconf 89' lang='lat' dir='ltr'><strong>Chius,</strong></span> <span class='ocrx_word' id='word_1_577' title='bbox 2841 4613 3002 4667; x_wconf 86' lang='lat' dir='ltr'><strong>ambo</strong></span> <span class='ocrx_word' id='word_1_578' title='bbox 3027 4611 3573 4682; x_wconf 87' lang='lat' dir='ltr'><strong>lsocratisdiscipuli,</strong></span> <span class='ocrx_word' id='word_1_579' title='bbox 3609 4616 3704 4669; x_wconf 88' lang='lat' dir='ltr'><strong>sed</strong></span> <span class='ocrx_word' id='word_1_580' title='bbox 3739 4615 3964 4685; x_wconf 82' lang='lat' dir='ltr'><strong>ingenio</strong></span> <span class='ocrx_word' id='word_1_581' title='bbox 3987 4633 4038 4672; x_wconf 73' lang='lat' dir='ltr'><strong>cl</strong></span> 
     </span>
    </p>
   </div>
   <div class='ocr_carea' id='block_1_91' title="bbox 744 4709 2326 4784">
    <p class='ocr_par' dir='ltr' id='par_1_91' title="bbox 744 4709 2326 4784">
     <span class='ocr_line' id='line_1_91' title="bbox 744 4709 2326 4784; baseline -0.008 -11"><span class='ocrx_word' id='word_1_582' title='bbox 744 4720 998 4775; x_wconf 69' lang='lat' dir='ltr'><strong>Ailianus</strong></span> <span class='ocrx_word' id='word_1_583' title='bbox 1033 4718 1196 4771; x_wconf 89' lang='lat' dir='ltr'><strong>laude</strong></span> <span class='ocrx_word' id='word_1_584' title='bbox 1228 4717 1454 4784; x_wconf 89' lang='lat' dir='ltr'><strong>dignum</strong></span> <span class='ocrx_word' id='word_1_585' title='bbox 1515 4729 1638 4767; x_wconf 85' lang='lat' dir='ltr'><strong>esse</strong></span> <span class='ocrx_word' id='word_1_586' title='bbox 1675 4713 1771 4773; x_wconf 90' lang='lat' dir='ltr'><strong>ait,</strong></span> <span class='ocrx_word' id='word_1_587' title='bbox 1809 4712 1954 4780; x_wconf 73' lang='lat' dir='ltr'><strong>quod</strong></span> <span class='ocrx_word' id='word_1_588' title='bbox 2017 4709 2326 4779; x_wconf 85' lang='lat' dir='ltr'><strong>Scipionem</strong></span> 
     </span>
    </p>
   </div>
   <div class='ocr_carea' id='block_1_92' title="bbox 745 4801 2332 4880">
    <p class='ocr_par' dir='ltr' id='par_1_92' title="bbox 745 4801 2332 4880">
     <span class='ocr_line' id='line_1_92' title="bbox 745 4801 2332 4880; baseline -0.006 -14"><span class='ocrx_word' id='word_1_589' title='bbox 745 4811 1033 4880; x_wconf 83' lang='lat' dir='ltr'><strong>magnifice</strong></span> <span class='ocrx_word' id='word_1_590' title='bbox 1080 4809 1340 4863; x_wconf 74' lang='lat' dir='ltr'><strong>extollere</strong></span> <span class='ocrx_word' id='word_1_591' title='bbox 1371 4807 1598 4876; x_wconf 87' lang='lat' dir='ltr'><strong>cupiens</strong></span> <span class='ocrx_word' id='word_1_592' title='bbox 1639 4805 1880 4872; x_wconf 82' lang='lat' dir='ltr'><strong>scripsit,</strong></span> <span class='ocrx_word' id='word_1_593' title='bbox 1915 4803 2092 4858; x_wconf 90' lang='lat' dir='ltr'><strong>solum</strong></span> <span class='ocrx_word' id='word_1_594' title='bbox 2127 4801 2332 4856; x_wconf 86' lang='lat' dir='ltr'><strong>Ilome-</strong></span> 
     </span>
    </p>
   </div>
   <div class='ocr_carea' id='block_1_93' title="bbox 745 4898 2335 4969">
    <p class='ocr_par' dir='ltr' id='par_1_93' title="bbox 745 4898 2335 4969">
     <span class='ocr_line' id='line_1_93' title="bbox 745 4898 2335 4969; baseline -0.007 -10"><span class='ocrx_word' id='word_1_595' title='bbox 745 4922 868 4959; x_wconf 90' lang='lat' dir='ltr'><strong>rum</strong></span> <span class='ocrx_word' id='word_1_596' title='bbox 925 4904 1112 4958; x_wconf 76' lang='lat' dir='ltr'><strong>laudes</strong></span> <span class='ocrx_word' id='word_1_597' title='bbox 1167 4903 1260 4956; x_wconf 88' lang='lat' dir='ltr'><strong>illo</strong></span> <span class='ocrx_word' id='word_1_598' title='bbox 1318 4901 1512 4969; x_wconf 87' lang='lat' dir='ltr'><strong>dignas</strong></span> <span class='ocrx_word' id='word_1_599' title='bbox 1568 4913 1764 4952; x_wconf 87' lang='lat' dir='ltr'><strong>canere</strong></span> <span class='ocrx_word' id='word_1_600' title='bbox 1845 4913 2027 4966; x_wconf 82' lang='lat' dir='ltr'><strong>posse,</strong></span> <span class='ocrx_word' id='word_1_601' title='bbox 2085 4898 2335 4962; x_wconf 85' lang='lat' dir='ltr'><strong>adeoque</strong></span> 
     </span>
    </p>
   </div>
   <div class='ocr_carea' id='block_1_94' title="bbox 750 4989 2332 5068">
    <p class='ocr_par' dir='ltr' id='par_1_94' title="bbox 750 4989 2332 5068">
     <span class='ocr_line' id='line_1_94' title="bbox 750 4989 2332 5068; baseline -0.009 -18"><span class='ocrx_word' id='word_1_602' title='bbox 750 4995 1273 5068; x_wconf 73' lang='lat' dir='ltr'><strong>pr:_estantiatn.ejus</strong></span> <span class='ocrx_word' id='word_1_603' title='bbox 1307 4991 1610 5062; x_wconf 86' lang='lat' dir='ltr'><strong>intelligere</strong></span> <span class='ocrx_word' id='word_1_604' title='bbox 1649 5006 1708 5045; x_wconf 88' lang='lat' dir='ltr'><strong>se</strong></span> <span class='ocrx_word' id='word_1_605' title='bbox 1749 4989 2148 5042; x_wconf 81' lang='lat' dir='ltr'><strong>demmtstravil</strong></span> <span class='ocrx_word' id='word_1_606' title='bbox 2176 4995 2332 5056; x_wconf 88' lang='lat' dir='ltr'><strong>poeta</strong></span> 
     </span>
    </p>
   </div>
   <div class='ocr_carea' id='block_1_95' title="bbox 750 5079 2331 5156">
    <p class='ocr_par' dir='ltr' id='par_1_95' title="bbox 750 5079 2331 5156">
     <span class='ocr_line' id='line_1_95' title="bbox 750 5079 2331 5156; baseline -0.006 -16"><span class='ocrx_word' id='word_1_607' title='bbox 750 5087 1190 5156; x_wconf 75' lang='lat' dir='ltr'><strong>MessapiusUtoc</strong></span> <span class='ocrx_word' id='word_1_608' title='bbox 1217 5093 1300 5137; x_wconf 91' lang='lat' dir='ltr'><strong>est</strong></span> <span class='ocrx_word' id='word_1_609' title='bbox 1321 5081 1549 5146; x_wconf 80' lang='lat' dir='ltr'><strong>Ennius,</strong></span> <span class='ocrx_word' id='word_1_610' title='bbox 1583 5079 1725 5149; x_wconf 87' lang='lat' dir='ltr'><strong>quia</strong></span> <span class='ocrx_word' id='word_1_611' title='bbox 1749 5079 1999 5146; x_wconf 78' lang='lat' dir='ltr'><strong>Messapo</strong></span> <span class='ocrx_word' id='word_1_612' title='bbox 2028 5093 2152 5147; x_wconf 87' lang='lat' dir='ltr'><strong>rege</strong></span> <span class='ocrx_word' id='word_1_613' title='bbox 2175 5093 2331 5131; x_wconf 79' lang='lat' dir='ltr'><strong>suam</strong></span> 
     </span>
    </p>
   </div>
   <div class='ocr_carea' id='block_1_96' title="bbox 750 5177 1372 5249">
    <p class='ocr_par' dir='ltr' id='par_1_96' title="bbox 750 5177 1372 5249">
     <span class='ocr_line' id='line_1_96' title="bbox 750 5177 1372 5249; baseline -0.01 -15"><span class='ocrx_word' id='word_1_614' title='bbox 750 5182 1026 5249; x_wconf 80' lang='lat' dir='ltr'><strong>repetebat</strong></span> <span class='ocrx_word' id='word_1_615' title='bbox 1063 5177 1372 5247; x_wconf 75' lang='lat' dir='ltr'><strong>originem).</strong></span> 
     </span>
    </p>
   </div>
   <div class='ocr_carea' id='block_1_97' title="bbox 832 5264 2334 5339">
    <p class='ocr_par' dir='ltr' id='par_1_97' title="bbox 832 5264 2334 5339">
     <span class='ocr_line' id='line_1_97' title="bbox 832 5264 2334 5339; baseline -0.006 -15"><span class='ocrx_word' id='word_1_616' title='bbox 832 5273 918 5324; x_wconf 83' lang='grc' dir='ltr'><strong>Ἐν</strong></span> <span class='ocrx_word' id='word_1_617' title='bbox 969 5272 1132 5322; x_wconf 81' lang='grc' dir='ltr'>πέντε</span> <span class='ocrx_word' id='word_1_618' title='bbox 1182 5268 1384 5339; x_wconf 80' lang='grc' dir='ltr'>κριτῶν</span> <span class='ocrx_word' id='word_1_619' title='bbox 1436 5266 1646 5334; x_wconf 71' lang='grc' dir='ltr'>γόνασι.</span> <span class='ocrx_word' id='word_1_620' title='bbox 1705 5264 1770 5318; x_wconf 84' lang='lat' dir='ltr'><strong>In</strong></span> <span class='ocrx_word' id='word_1_621' title='bbox 1815 5267 2044 5334; x_wconf 85' lang='lat' dir='ltr'><strong>quinque</strong></span> <span class='ocrx_word' id='word_1_622' title='bbox 2087 5264 2334 5332; x_wconf 81' lang='lat' dir='ltr'><strong>judicum</strong></span> 
     </span>
    </p>
   </div>
   <div class='ocr_carea' id='block_1_98' title="bbox 745 5357 2330 5432">
    <p class='ocr_par' dir='ltr' id='par_1_98' title="bbox 745 5357 2330 5432">
     <span class='ocr_line' id='line_1_98' title="bbox 745 5357 2330 5432; baseline -0.007 -15"><span class='ocrx_word' id='word_1_623' title='bbox 745 5365 980 5432; x_wconf 80' lang='lat' dir='ltr'><strong>genibus.</strong></span> <span class='ocrx_word' id='word_1_624' title='bbox 1006 5362 1147 5414; x_wconf 84' lang='lat' dir='ltr'><strong>Olim</strong></span> <span class='ocrx_word' id='word_1_625' title='bbox 1173 5361 1414 5430; x_wconf 81' lang='lat' dir='ltr'><strong>quinque</strong></span> <span class='ocrx_word' id='word_1_626' title='bbox 1433 5358 1645 5428; x_wconf 85' lang='lat' dir='ltr'><strong>judices</strong></span> <span class='ocrx_word' id='word_1_627' title='bbox 1662 5359 1726 5410; x_wconf 86' lang='lat' dir='ltr'><strong>dc</strong></span> <span class='ocrx_word' id='word_1_628' title='bbox 1749 5357 2330 5424; x_wconf 85' lang='lat' dir='ltr'><strong>comicisjudicabant,</strong></span> 
     </span>
    </p>
   </div>
   <div class='ocr_carea' id='block_1_99' title="bbox 818 5556 2336 5638">
    <p class='ocr_par' dir='ltr' id='par_1_99' title="bbox 818 5556 2336 5638">
     <span class='ocr_line' id='line_1_99' title="bbox 818 5556 2336 5638; baseline -0.013 -12"><span class='ocrx_word' id='word_1_629' title='bbox 818 5573 930 5638; x_wconf 77' lang='grc'><strong>(65)</strong></span> <span class='ocrx_word' id='word_1_630' title='bbox 979 5571 1046 5624; x_wconf 84' lang='lat' dir='ltr'><strong>At</strong></span> <span class='ocrx_word' id='word_1_631' title='bbox 1083 5568 1348 5622; x_wconf 75' lang='lat' dir='ltr'><strong>Kﬁstcrus</strong></span> <span class='ocrx_word' id='word_1_632' title='bbox 1377 5583 1404 5618; x_wconf 85' lang='lat' dir='ltr'><strong>e</strong></span> <span class='ocrx_word' id='word_1_633' title='bbox 1438 5565 1595 5638; x_wconf 76' lang='lat' dir='ltr'><strong>codd.</strong></span> <span class='ocrx_word' id='word_1_634' title='bbox 1640 5563 1810 5638; x_wconf 77' lang='lat' dir='ltr'><strong>Paris.</strong></span> <span class='ocrx_word' id='word_1_635' title='bbox 1843 5571 1898 5613; x_wconf 86' lang='lat' dir='ltr'><strong>et</strong></span> <span class='ocrx_word' id='word_1_636' title='bbox 1945 5566 2160 5626; x_wconf 86' lang='lat' dir='ltr'><strong>propter</strong></span> <span class='ocrx_word' id='word_1_637' title='bbox 2195 5556 2336 5608; x_wconf 78' lang='lat' dir='ltr'><strong>littr-</strong></span> 
     </span>
    </p>
   </div>
   <div class='ocr_carea' id='block_1_100' title="bbox 749 5632 1916 5700">
    <p class='ocr_par' dir='ltr' id='par_1_100' title="bbox 749 5632 1916 5700">
     <span class='ocr_line' id='line_1_100' title="bbox 749 5632 1916 5700; baseline -0.014 0"><span class='ocrx_word' id='word_1_638' title='bbox 749 5632 932 5700; x_wconf 40' lang='lat' dir='ltr'><strong>I‘fil‘lltt’l</strong></span> <span class='ocrx_word' id='word_1_639' title='bbox 965 5643 1161 5694; x_wconf 75' lang='lat' dir='ltr'><strong>si-rieni</strong></span> <span class='ocrx_word' id='word_1_640' title='bbox 1197 5639 1365 5691; x_wconf 80' lang='lat' dir='ltr'><strong>edidit</strong></span> <span class='ocrx_word' id='word_1_641' title='bbox 1396 5635 1706 5700; x_wconf 70' lang='grc' dir='ltr'>ἐλεγείιειν.</span> <span class='ocrx_word' id='word_1_642' title='bbox 1743 5632 1916 5685; x_wconf 67' lang='lat' dir='ltr'><strong>“aut.</strong></span> 
     </span>
    </p>
   </div>
   <div class='ocr_carea' id='block_1_101' title="bbox 827 5701 2338 5780">
    <p class='ocr_par' dir='ltr' id='par_1_101' title="bbox 827 5701 2338 5780">
     <span class='ocr_line' id='line_1_101' title="bbox 827 5701 2338 5780; baseline -0.007 -16"><span class='ocrx_word' id='word_1_643' title='bbox 827 5715 938 5780; x_wconf 70' lang='lat' dir='ltr'><strong>uiti)</strong></span> <span class='ocrx_word' id='word_1_644' title='bbox 967 5711 1189 5764; x_wconf 77' lang='lat' dir='ltr'><strong>Fallitur</strong></span> <span class='ocrx_word' id='word_1_645' title='bbox 1225 5709 1442 5780; x_wconf 69' lang='lat' dir='ltr'><strong>Sniiias,</strong></span> <span class='ocrx_word' id='word_1_646' title='bbox 1469 5707 1738 5780; x_wconf 62' lang='lat' dir='ltr'><strong>Sci-laticis</strong></span> <span class='ocrx_word' id='word_1_647' title='bbox 1765 5707 2036 5780; x_wconf 72' lang='lat' dir='ltr'><strong>tribuens,</strong></span> <span class='ocrx_word' id='word_1_648' title='bbox 2064 5703 2206 5773; x_wconf 84' lang='lat' dir='ltr'><strong>quod</strong></span> <span class='ocrx_word' id='word_1_649' title='bbox 2235 5701 2338 5754; x_wconf 87' lang='lat' dir='ltr'><strong>lttit</strong></span> 
     </span>
    </p>
   </div>
   <div class='ocr_carea' id='block_1_102' title="bbox 745 5775 2338 5855">
    <p class='ocr_par' dir='ltr' id='par_1_102' title="bbox 745 5775 2338 5855">
     <span class='ocr_line' id='line_1_102' title="bbox 745 5775 2338 5855; baseline -0.008 -19"><span class='ocrx_word' id='word_1_650' title='bbox 745 5775 1102 5855; x_wconf 78' lang='lat' dir='ltr'><strong>quorumdam</strong></span> <span class='ocrx_word' id='word_1_651' title='bbox 1125 5778 1600 5855; x_wconf 59' lang='lat' dir='ltr'><strong>Academicorum.</strong></span> <span class='ocrx_word' id='word_1_652' title='bbox 1636 5777 1766 5828; x_wconf 66' lang='lat' dir='ltr'><strong>Nam</strong></span> <span class='ocrx_word' id='word_1_653' title='bbox 1798 5775 2028 5846; x_wconf 76' lang='lat' dir='ltr'><strong>Sceptici</strong></span> <span class='ocrx_word' id='word_1_654' title='bbox 2066 5777 2196 5828; x_wconf 89' lang='lat' dir='ltr'><strong>nihil</strong></span> <span class='ocrx_word' id='word_1_655' title='bbox 2229 5783 2338 5825; x_wconf 77' lang='lat' dir='ltr'><strong>stu-</strong></span> 
     </span>
    </p>
   </div>
   <div class='ocr_carea' id='block_1_103' title="bbox 749 5844 2336 5918">
    <p class='ocr_par' dir='ltr' id='par_1_103' title="bbox 749 5844 2336 5918">
     <span class='ocr_line' id='line_1_103' title="bbox 749 5844 2336 5918; baseline -0.011 -8"><span class='ocrx_word' id='word_1_656' title='bbox 749 5844 971 5910; x_wconf 63' lang='lat' dir='ltr'><strong>titcrunt</strong></span> <span class='ocrx_word' id='word_1_657' title='bbox 1005 5868 1176 5918; x_wconf 68' lang='lat' dir='ltr'><strong>neque</strong></span> <span class='ocrx_word' id='word_1_658' title='bbox 1203 5851 1588 5918; x_wconf 48' lang='lat' dir='ltr'><strong>eoo-{patulam</strong></span> <span class='ocrx_word' id='word_1_659' title='bbox 1620 5849 1712 5900; x_wconf 86' lang='lat' dir='ltr'><strong>sed</strong></span> <span class='ocrx_word' id='word_1_660' title='bbox 1751 5844 2130 5900; x_wconf 84' lang='lat' dir='ltr'><strong>tantummodo</strong></span> <span class='ocrx_word' id='word_1_661' title='bbox 2173 5844 2336 5918; x_wconf 43' lang='lat' dir='ltr'><strong>dubi:-</strong></span> 
     </span>
    </p>
   </div>
   <div class='ocr_carea' id='block_1_104' title="bbox 749 5912 2337 5991">
    <p class='ocr_par' dir='ltr' id='par_1_104' title="bbox 749 5912 2337 5991">
     <span class='ocr_line' id='line_1_104' title="bbox 749 5912 2337 5991; baseline -0.011 -10"><span class='ocrx_word' id='word_1_662' title='bbox 749 5941 865 5981; x_wconf 80' lang='lat' dir='ltr'><strong>tare</strong></span> <span class='ocrx_word' id='word_1_663' title='bbox 898 5939 955 5978; x_wconf 79' lang='lat' dir='ltr'><strong>sc</strong></span> <span class='ocrx_word' id='word_1_664' title='bbox 1001 5912 1414 5991; x_wconf 72' lang='lat' dir='ltr'><strong>profitebantur.</strong></span> <span class='ocrx_word' id='word_1_665' title='bbox 1471 5915 1622 5976; x_wconf 68' lang='lat' dir='ltr'><strong>Vale.</strong></span> <span class='ocrx_word' id='word_1_666' title='bbox 1667 5921 1709 5970; x_wconf 86' lang='lat' dir='ltr'><strong>si</strong></span> <span class='ocrx_word' id='word_1_667' title='bbox 1744 5921 1940 5987; x_wconf 78' lang='lat' dir='ltr'><strong>p&#39;acet,</strong></span> <span class='ocrx_word' id='word_1_668' title='bbox 1981 5933 2101 5987; x_wconf 75' lang='lat' dir='ltr'><strong>qua:</strong></span> <span class='ocrx_word' id='word_1_669' title='bbox 2151 5912 2337 5969; x_wconf 83' lang='lat' dir='ltr'><strong>notavi</strong></span> 
     </span>
    </p>
   </div>
   <div class='ocr_carea' id='block_1_105' title="bbox 2441 4703 4032 4778">
    <p class='ocr_par' dir='ltr' id='par_1_105' title="bbox 2441 4703 4032 4778">
     <span class='ocr_line' id='line_1_105' title="bbox 2441 4703 4032 4778; baseline 0 -16"><span class='ocrx_word' id='word_1_670' title='bbox 2441 4711 2582 4778; x_wconf 85' lang='lat' dir='ltr'><strong>style</strong></span> <span class='ocrx_word' id='word_1_671' title='bbox 2636 4723 2800 4776; x_wconf 84' lang='lat' dir='ltr'><strong>quam</strong></span> <span class='ocrx_word' id='word_1_672' title='bbox 2853 4707 3094 4758; x_wconf 83' lang='lat' dir='ltr'><strong>maxime</strong></span> <span class='ocrx_word' id='word_1_673' title='bbox 3141 4703 3282 4757; x_wconf 89' lang='lat' dir='ltr'><strong>inter</strong></span> <span class='ocrx_word' id='word_1_674' title='bbox 3329 4719 3388 4758; x_wconf 91' lang='lat' dir='ltr'><strong>se</strong></span> <span class='ocrx_word' id='word_1_675' title='bbox 3442 4705 3844 4775; x_wconf 88' lang='lat' dir='ltr'><strong>discrepantes.</strong></span> <span class='ocrx_word' id='word_1_676' title='bbox 3897 4708 4032 4762; x_wconf 73' lang='lat' dir='ltr'><strong>Nam</strong></span> 
     </span>
    </p>
   </div>
   <div class='ocr_carea' id='block_1_106' title="bbox 2443 4795 4034 4868">
    <p class='ocr_par' dir='ltr' id='par_1_106' title="bbox 2443 4795 4034 4868">
     <span class='ocr_line' id='line_1_106' title="bbox 2443 4795 4034 4868; baseline 0.001 -16"><span class='ocrx_word' id='word_1_677' title='bbox 2443 4800 2696 4868; x_wconf 82' lang='lat' dir='ltr'><strong>Ephorus</strong></span> <span class='ocrx_word' id='word_1_678' title='bbox 2715 4798 2934 4868; x_wconf 76' lang='lat' dir='ltr'><strong>ingenio</strong></span> <span class='ocrx_word' id='word_1_679' title='bbox 2977 4808 3094 4850; x_wconf 87' lang='lat' dir='ltr'><strong>erat</strong></span> <span class='ocrx_word' id='word_1_680' title='bbox 3123 4795 3378 4865; x_wconf 87' lang='lat' dir='ltr'><strong>simplici,</strong></span> <span class='ocrx_word' id='word_1_681' title='bbox 3401 4806 3447 4850; x_wconf 86' lang='lat' dir='ltr'><strong>et</strong></span> <span class='ocrx_word' id='word_1_682' title='bbox 3475 4801 3618 4864; x_wconf 87' lang='lat' dir='ltr'><strong>quod</strong></span> <span class='ocrx_word' id='word_1_683' title='bbox 3643 4799 3710 4851; x_wconf 86' lang='lat' dir='ltr'><strong>ad</strong></span> <span class='ocrx_word' id='word_1_684' title='bbox 3735 4802 4034 4855; x_wconf 83' lang='lat' dir='ltr'><strong>dictionem</strong></span> 
     </span>
    </p>
   </div>
   <div class='ocr_carea' id='block_1_107' title="bbox 2442 4889 4036 4960">
    <p class='ocr_par' dir='ltr' id='par_1_107' title="bbox 2442 4889 4036 4960">
     <span class='ocr_line' id='line_1_107' title="bbox 2442 4889 4036 4960; baseline 0 -15"><span class='ocrx_word' id='word_1_685' title='bbox 2442 4890 2562 4960; x_wconf 88' lang='lat' dir='ltr'><strong>ejus</strong></span> <span class='ocrx_word' id='word_1_686' title='bbox 2587 4889 2903 4943; x_wconf 89' lang='lat' dir='ltr'><strong>historieam</strong></span> <span class='ocrx_word' id='word_1_687' title='bbox 2931 4890 3148 4953; x_wconf 87' lang='lat' dir='ltr'><strong>attinet,</strong></span> <span class='ocrx_word' id='word_1_688' title='bbox 3176 4893 3408 4956; x_wconf 79' lang='lat' dir='ltr'><strong>supinus</strong></span> <span class='ocrx_word' id='word_1_689' title='bbox 3428 4897 3481 4942; x_wconf 91' lang='lat' dir='ltr'><strong>et</strong></span> <span class='ocrx_word' id='word_1_690' title='bbox 3501 4889 3686 4958; x_wconf 72' lang='lat' dir='ltr'><strong>segnis</strong></span> <span class='ocrx_word' id='word_1_691' title='bbox 3705 4906 4036 4960; x_wconf 78' lang='lat' dir='ltr'><strong>semperque</strong></span> 
     </span>
    </p>
   </div>
   <div class='ocr_carea' id='block_1_108' title="bbox 2441 4979 4038 5050">
    <p class='ocr_par' dir='ltr' id='par_1_108' title="bbox 2441 4979 4038 5050">
     <span class='ocr_line' id='line_1_108' title="bbox 2441 4979 4038 5050; baseline 0.001 -14"><span class='ocrx_word' id='word_1_692' title='bbox 2441 4984 2729 5036; x_wconf 84' lang='lat' dir='ltr'><strong>remissus.</strong></span> <span class='ocrx_word' id='word_1_693' title='bbox 2768 4979 3156 5050; x_wconf 86' lang='lat' dir='ltr'><strong>Theopompus</strong></span> <span class='ocrx_word' id='word_1_694' title='bbox 3190 4995 3320 5034; x_wconf 88' lang='lat' dir='ltr'><strong>vero</strong></span> <span class='ocrx_word' id='word_1_695' title='bbox 3353 4981 3578 5048; x_wconf 86' lang='lat' dir='ltr'><strong>ingenio</strong></span> <span class='ocrx_word' id='word_1_696' title='bbox 3607 4993 3728 5035; x_wconf 85' lang='lat' dir='ltr'><strong>erat</strong></span> <span class='ocrx_word' id='word_1_697' title='bbox 3751 4985 3956 5037; x_wconf 76' lang='lat' dir='ltr'><strong>acerbo</strong></span> <span class='ocrx_word' id='word_1_698' title='bbox 3985 4995 4038 5037; x_wconf 81' lang='lat' dir='ltr'><strong>et</strong></span> 
     </span>
    </p>
   </div>
   <div class='ocr_carea' id='block_1_109' title="bbox 2441 5073 4032 5144">
    <p class='ocr_par' dir='ltr' id='par_1_109' title="bbox 2441 5073 4032 5144">
     <span class='ocr_line' id='line_1_109' title="bbox 2441 5073 4032 5144; baseline 0.001 -16"><span class='ocrx_word' id='word_1_699' title='bbox 2441 5073 2720 5144; x_wconf 85' lang='lat' dir='ltr'><strong>maligno;</strong></span> <span class='ocrx_word' id='word_1_700' title='bbox 2753 5083 2810 5126; x_wconf 88' lang='lat' dir='ltr'><strong>at</strong></span> <span class='ocrx_word' id='word_1_701' title='bbox 2837 5073 3072 5126; x_wconf 89' lang='lat' dir='ltr'><strong>dictione</strong></span> <span class='ocrx_word' id='word_1_702' title='bbox 3103 5075 3364 5142; x_wconf 82' lang='lat' dir='ltr'><strong>copiosus</strong></span> <span class='ocrx_word' id='word_1_703' title='bbox 3403 5085 3458 5126; x_wconf 87' lang='lat' dir='ltr'><strong>et</strong></span> <span class='ocrx_word' id='word_1_704' title='bbox 3503 5073 3738 5136; x_wconf 82' lang='lat' dir='ltr'><strong>densus,</strong></span> <span class='ocrx_word' id='word_1_705' title='bbox 3775 5093 3836 5130; x_wconf 83' lang='lat' dir='ltr'><strong>ac.</strong></span> <span class='ocrx_word' id='word_1_706' title='bbox 3869 5079 4032 5130; x_wconf 77' lang='lat' dir='ltr'><strong>vehe-</strong></span> 
     </span>
    </p>
   </div>
   <div class='ocr_carea' id='block_1_110' title="bbox 2441 5165 4034 5237">
    <p class='ocr_par' dir='ltr' id='par_1_110' title="bbox 2441 5165 4034 5237">
     <span class='ocr_line' id='line_1_110' title="bbox 2441 5165 4034 5237; baseline 0 -17"><span class='ocrx_word' id='word_1_707' title='bbox 2441 5167 2656 5221; x_wconf 79' lang='lat' dir='ltr'><strong>mentia:</strong></span> <span class='ocrx_word' id='word_1_708' title='bbox 2681 5165 2913 5234; x_wconf 86' lang='lat' dir='ltr'><strong>plenus:</strong></span> <span class='ocrx_word' id='word_1_709' title='bbox 2941 5167 3240 5234; x_wconf 69' lang='lat' dir='ltr'><strong>cazteroqui</strong></span> <span class='ocrx_word' id='word_1_710' title='bbox 3276 5166 3388 5218; x_wconf 89' lang='lat' dir='ltr'><strong>veri</strong></span> <span class='ocrx_word' id='word_1_711' title='bbox 3423 5165 3712 5220; x_wconf 85' lang='lat' dir='ltr'><strong>studiosus</strong></span> <span class='ocrx_word' id='word_1_712' title='bbox 3747 5167 3800 5220; x_wconf 89' lang='lat' dir='ltr'><strong>in</strong></span> <span class='ocrx_word' id='word_1_713' title='bbox 3825 5169 4034 5237; x_wconf 66' lang='lat' dir='ltr'><strong>iisquae</strong></span> 
     </span>
    </p>
   </div>
   <div class='ocr_carea' id='block_1_111' title="bbox 2438 5255 4032 5329">
    <p class='ocr_par' dir='ltr' id='par_1_111' title="bbox 2438 5255 4032 5329">
     <span class='ocr_line' id='line_1_111' title="bbox 2438 5255 4032 5329; baseline -0.003 -15"><span class='ocrx_word' id='word_1_714' title='bbox 2438 5259 2734 5314; x_wconf 87' lang='lat' dir='ltr'><strong>scribebat.</strong></span> <span class='ocrx_word' id='word_1_715' title='bbox 2778 5257 3044 5310; x_wconf 86' lang='lat' dir='ltr'><strong>Isocrates</strong></span> <span class='ocrx_word' id='word_1_716' title='bbox 3097 5256 3264 5326; x_wconf 86' lang='lat' dir='ltr'><strong>igitur</strong></span> <span class='ocrx_word' id='word_1_717' title='bbox 3292 5255 3436 5310; x_wconf 91' lang='lat' dir='ltr'><strong>hunc</strong></span> <span class='ocrx_word' id='word_1_718' title='bbox 3485 5257 3676 5322; x_wconf 85' lang='lat' dir='ltr'><strong>frenis,</strong></span> <span class='ocrx_word' id='word_1_719' title='bbox 3745 5257 4032 5329; x_wconf 83' lang='lat' dir='ltr'><strong>Ephorum</strong></span> 
     </span>
    </p>
   </div>
   <div class='ocr_carea' id='block_1_112' title="bbox 2437 5349 4032 5421">
    <p class='ocr_par' dir='ltr' id='par_1_112' title="bbox 2437 5349 4032 5421">
     <span class='ocr_line' id='line_1_112' title="bbox 2437 5349 4032 5421; baseline -0.001 -15"><span class='ocrx_word' id='word_1_720' title='bbox 2437 5367 2569 5406; x_wconf 86' lang='lat' dir='ltr'><strong>vero</strong></span> <span class='ocrx_word' id='word_1_721' title='bbox 2601 5349 2906 5404; x_wconf 85' lang='lat' dir='ltr'><strong>calcaribus</strong></span> <span class='ocrx_word' id='word_1_722' title='bbox 2937 5349 3179 5419; x_wconf 88' lang='lat' dir='ltr'><strong>indigere</strong></span> <span class='ocrx_word' id='word_1_723' title='bbox 3205 5349 3362 5403; x_wconf 80' lang='lat' dir='ltr'><strong>dixit.</strong></span> <span class='ocrx_word' id='word_1_724' title='bbox 3395 5349 3788 5421; x_wconf 63' lang='lat' dir='ltr'><strong>Theopompus</strong></span> <span class='ocrx_word' id='word_1_725' title='bbox 3825 5361 4032 5416; x_wconf 82' lang='lat' dir='ltr'><strong>autem,</strong></span> 
     </span>
    </p>
   </div>
   <div class='ocr_carea' id='block_1_113' title="bbox 2435 5553 3157 5622">
    <p class='ocr_par' dir='ltr' id='par_1_113' title="bbox 2435 5553 3157 5622">
     <span class='ocr_line' id='line_1_113' title="bbox 2435 5553 3157 5622; baseline -0.006 -14"><span class='ocrx_word' id='word_1_726' title='bbox 2435 5553 2503 5608; x_wconf 83' lang='lat' dir='ltr'><strong>ad</strong></span> <span class='ocrx_word' id='word_1_727' title='bbox 2535 5553 2760 5607; x_wconf 77' lang='lat' dir='ltr'><strong>Sextum</strong></span> <span class='ocrx_word' id='word_1_728' title='bbox 2797 5553 3157 5622; x_wconf 83' lang='lat' dir='ltr'><strong>Empiricnm.</strong></span> 
     </span>
    </p>
   </div>
   <div class='ocr_carea' id='block_1_114' title="bbox 2509 5621 4034 5693">
    <p class='ocr_par' dir='ltr' id='par_1_114' title="bbox 2509 5621 4034 5693">
     <span class='ocr_line' id='line_1_114' title="bbox 2509 5621 4034 5693; baseline 0.001 -16"><span class='ocrx_word' id='word_1_729' title='bbox 2509 5625 2621 5693; x_wconf 81' lang='lat'><strong>(67)</strong></span> <span class='ocrx_word' id='word_1_730' title='bbox 2656 5623 2856 5678; x_wconf 75' lang='lat' dir='ltr'><strong>Kuster</strong></span> <span class='ocrx_word' id='word_1_731' title='bbox 2887 5621 2950 5678; x_wconf 83' lang='lat' dir='ltr'><strong>ad</strong></span> <span class='ocrx_word' id='word_1_732' title='bbox 2987 5624 3040 5676; x_wconf 91' lang='lat' dir='ltr'><strong>h.</strong></span> <span class='ocrx_word' id='word_1_733' title='bbox 3069 5625 3104 5677; x_wconf 92' lang='lat' dir='ltr'><strong>l.</strong></span> <span class='ocrx_word' id='word_1_734' title='bbox 3138 5635 3268 5676; x_wconf 88' lang='lat' dir='ltr'><strong>tom.</strong></span> <span class='ocrx_word' id='word_1_735' title='bbox 3298 5622 3364 5686; x_wconf 96' lang='lat' dir='ltr'><strong>ll,</strong></span> <span class='ocrx_word' id='word_1_736' title='bbox 3398 5637 3522 5692; x_wconf 80' lang='lat' dir='ltr'><strong>pag.</strong></span> <span class='ocrx_word' id='word_1_737' title='bbox 3547 5621 3674 5686; x_wconf 84' lang='lat' dir='ltr'><strong>9l9,</strong></span> <span class='ocrx_word' id='word_1_738' title='bbox 3703 5633 3822 5676; x_wconf 90' lang='lat' dir='ltr'><strong>not.</strong></span> <span class='ocrx_word' id='word_1_739' title='bbox 3847 5623 3904 5686; x_wconf 90' lang='lat'><strong>8,</strong></span> <span class='ocrx_word' id='word_1_740' title='bbox 3937 5639 4034 5692; x_wconf 86' lang='lat' dir='ltr'><strong>pro</strong></span> 
     </span>
    </p>
   </div>
   <div class='ocr_carea' id='block_1_115' title="bbox 2435 5695 4032 5767">
    <p class='ocr_par' dir='ltr' id='par_1_115' title="bbox 2435 5695 4032 5767">
     <span class='ocr_line' id='line_1_115' title="bbox 2435 5695 4032 5767; baseline -0.001 -20"><span class='ocrx_word' id='word_1_741' title='bbox 2435 5697 2728 5767; x_wconf 60' lang='grc' dir='ltr'>τριάκοντα</span> <span class='ocrx_word' id='word_1_742' title='bbox 2743 5696 2802 5745; x_wconf 76' lang='grc' dir='ltr'>τὸ</span> <span class='ocrx_word' id='word_1_743' title='bbox 2821 5697 2944 5767; x_wconf 77' lang='grc' dir='ltr'><strong>ἑξῆς</strong></span> <span class='ocrx_word' id='word_1_744' title='bbox 2977 5697 3164 5746; x_wconf 79' lang='grc' dir='ltr'>πεσεῖν</span> <span class='ocrx_word' id='word_1_745' title='bbox 3195 5697 3370 5763; x_wconf 78' lang='lat' dir='ltr'><strong>legere</strong></span> <span class='ocrx_word' id='word_1_746' title='bbox 3391 5695 3542 5746; x_wconf 73' lang='lat' dir='ltr'><strong>malit</strong></span> <span class='ocrx_word' id='word_1_747' title='bbox 3565 5697 3684 5762; x_wconf 60' lang='grc' dir='ltr'><strong>τρὶς</strong></span> <span class='ocrx_word' id='word_1_748' title='bbox 3713 5695 3770 5745; x_wconf 76' lang='grc' dir='ltr'><strong>τὸ</strong></span> <span class='ocrx_word' id='word_1_749' title='bbox 3795 5695 4032 5761; x_wconf 56' lang='lat' dir='ltr'><strong>Eii-512.,</strong></span> 
     </span>
    </p>
   </div>
   <div class='ocr_carea' id='block_1_116' title="bbox 2440 5765 4033 5834">
    <p class='ocr_par' dir='ltr' id='par_1_116' title="bbox 2440 5765 4033 5834">
     <span class='ocr_line' id='line_1_116' title="bbox 2440 5765 4033 5834; baseline -0.001 -17"><span class='ocrx_word' id='word_1_750' title='bbox 2440 5775 2517 5818; x_wconf 87' lang='lat' dir='ltr'><strong>ter</strong></span> <span class='ocrx_word' id='word_1_751' title='bbox 2534 5765 2790 5834; x_wconf 84' lang='lat' dir='ltr'><strong>dejectnm</strong></span> <span class='ocrx_word' id='word_1_752' title='bbox 2814 5765 2976 5834; x_wconf 65' lang='lat' dir='ltr'><strong>ficiis:</strong></span> <span class='ocrx_word' id='word_1_753' title='bbox 3007 5767 3074 5819; x_wconf 85' lang='lat' dir='ltr'><strong>ab</strong></span> <span class='ocrx_word' id='word_1_754' title='bbox 3102 5767 3439 5824; x_wconf 83' lang='lat' dir='ltr'><strong>adversario,</strong></span> <span class='ocrx_word' id='word_1_755' title='bbox 3470 5781 3736 5833; x_wconf 83' lang='lat' dir='ltr'><strong>suamque</strong></span> <span class='ocrx_word' id='word_1_756' title='bbox 3765 5769 4033 5818; x_wconf 77' lang='lat' dir='ltr'><strong>emenda-</strong></span> 
     </span>
    </p>
   </div>
   <div class='ocr_carea' id='block_1_117' title="bbox 2443 5835 4006 5908">
    <p class='ocr_par' dir='ltr' id='par_1_117' title="bbox 2443 5835 4006 5908">
     <span class='ocr_line' id='line_1_117' title="bbox 2443 5835 4006 5908; baseline -0.001 -18"><span class='ocrx_word' id='word_1_757' title='bbox 2443 5839 2644 5892; x_wconf 90' lang='lat' dir='ltr'><strong>tioncm</strong></span> <span class='ocrx_word' id='word_1_758' title='bbox 2668 5839 2777 5892; x_wconf 84' lang='lat' dir='ltr'><strong>late</strong></span> <span class='ocrx_word' id='word_1_759' title='bbox 2797 5838 3136 5908; x_wconf 84' lang='lat' dir='ltr'><strong>pulchreque</strong></span> <span class='ocrx_word' id='word_1_760' title='bbox 3165 5838 3404 5906; x_wconf 75' lang='lat' dir='ltr'><strong>explicat</strong></span> <span class='ocrx_word' id='word_1_761' title='bbox 3469 5837 3792 5906; x_wconf 76' lang='lat' dir='ltr'><strong>probatque.</strong></span> <span class='ocrx_word' id='word_1_762' title='bbox 3825 5835 4006 5888; x_wconf 67' lang='grc' dir='ltr'>ιιΑιιι..</span> 
     </span>
    </p>
   </div>
  </div>
