4182 6526
214 412 339 478 1261

1439 414 1535 473 DE
1574 412 1862 485 QUIBUS
1900 414 2203 475 SUIDAS.

3319 407 3455 473 1262

279 526 517 592 Εὐεστὼ,
545 527 711 580 animi
736 525 1177 594 tranquillitatem
1210 524 1573 589 Democritus,
1606 527 1779 581 Abdc-
1814 538 1857 592 Α
1892 530 1943 582 in
1973 530 2197 598 poeticis
2251 540 2379 583 vero
2420 525 2732 593 Arehebuli,
2779 524 3011 593 Thermi,
3055 532 3247 595 poetic,
3295 526 3453 592 cuius

212 624 332 683 rita,
353 622 537 674 docuit
564 621 721 673 linem
756 633 876 673 esse
905 629 954 671 et
984 632 1258 671 summum
1296 616 1596 681 fclicitatis,
1641 628 1747 671 etc.

284 712 591 774 Eucterius,
645 709 918 763 Joviniaui
969 709 1099 776 imp.
1156 709 1495 777 temporibus
1543 710 1787 764 doctrina

210 804 426 873 quidem
459 813 511 857 et
546 804 743 872 ingenii
778 802 1084 871 prastantia
1120 801 1356 869 antiquis
1392 816 1498 854 non
1543 800 1785 865 Inferior,

212 900 304 951 sed
332 898 421 966 qui
448 912 512 949 ex
544 895 690 946 molli
724 894 1067 962 simplicitate
1090 892 1290 946 multos
1318 892 1561 947 insontes
1593 905 1788 961 passus

212 1002 292 1044 cst
320 989 505 1057 judieii
541 985 751 1054 laqueis
785 984 1007 1037 irretiri.

284 1078 576 1147 Eugenius,
610 1075 885 1145 Trophimi
916 1074 998 1139 1³η
1018 1073 1558 1145 Augustopolitanus,
1582 1075 1786 1144 Phryx,

211 1171 625 1239 grammaticus,
665 1168 851 1221 docuit
893 1165 1076 1229 CPoli,
1135 1165 1224 1217 ubi
1278 1165 1433 1218 valde
1471 1164 1651 1218 clarus
1688 1164 1789 1217 fuit

206 1261 320 1327 jam
385 1272 547 1311 senex
604 1266 847 1325 tempore
904 1253 1176 1307 Anastasii
1242 1253 1375 1324 imp.
1426 1250 1655 1321 Scripsit
1723 1255 1788 1306 de

210 1352 552 1405 dimensione
582 1363 834 1402 versuum
866 1347 1182 1400 melicorum
1221 1344 1484 1416 Aischyli,
1504 1342 1786 1412 SOphoclis

211 1455 263 1497 et
296 1442 569 1511 Euripidis
598 1442 649 1494 in
685 1438 882 1493 fabulis
906 1435 1022 1491 XV.
1061 1436 1133 1490 De
1163 1437 1374 1508 paronio
1405 1446 1458 1491 et
1490 1436 1788 1505 palimbac-

210 1539 337 1592 chio
370 1549 542 1589 metro
571 1553 583 1601 ;
620 1538 683 1587 de
719 1532 1031 1586 nominibus
1065 1532 1392 1598 templorum
1421 1539 1475 1583 et
1505 1528 1785 1598 quomodo

211 1645 274 1681 ea
328 1628 553 1696 proferri
614 1626 868 1689 debeant,
916 1634 971 1677 ut
1021 1620 1344 1684 Διονύσειον,
1388 1621 1782 1690 ’Λσκληπίειον.

218 1718 492 1771 Vocabula
543 1716 883 1770 miscellanea
937 1713 1127 1767 ordine
1176 1713 1537 1781 alphabetico,
1576 1712 1628 1764 in
1677 1727 1783 1780 quo

212 1826 378 1881 opere
434 1812 600 1862 etiam
640 1823 772 1861 nova
810 1806 1058 1876 qua‘dam
1094 1814 1147 1859 et
1195 1804 1494 1875 singularia
1530 1804 1690 1857 habet
1717 1804 1782 1857 ad

1890 620 2050 672 etiam
2100 619 2304 672 delicia:
2352 616 2521 672 fuisse
2576 616 2765 671 fertur.
2803 616 2973 671 Natus
3002 624 3086 669 est
3135 613 3455 685 Olympiade

1890 709 2120 773 CXXVI,
2152 725 2259 778 quo
2292 720 2530 779 tempore
2555 719 2608 764 et
2645 709 2879 779 Pyrrhus
2920 724 2947 763 a
2982 707 3241 762 Romanis
3275 706 3455 759 victus

1888 813 1989 855 est.
2036 803 2167 854 Eum
2222 798 2374 854 Nicia
2403 801 2713 865 Alexandri,
2777 800 2919 863 regis
2951 800 3190 863 Euboeie,
3237 797 3447 853 Crateri

1892 892 2006 963 filii.
2060 907 2194 946 uxor
2242 891 2482 958 amavit;
2536 893 2661 947 hinc
2708 891 2972 961 praedives
3004 890 3072 943 ad
3119 889 3450 965 Antiochum

1892 999 2167 1051 magnum,
2210 998 2389 1053 regem
2427 983 2617 1052 Syriae,
2650 999 2710 1039 se
2737 982 2973 1037 contulit
3016 989 3071 1035 et
3116 981 3234 1051 ejus
3258 979 3457 1034 biblioe

1889 1078 2058 1131 theca:
2083 1076 2388 1146 praefectus,
2420 1076 2619 1131 ibidem
2649 1076 2956 1138 defunctus,
2989 1077 3257 1144 Apameze,
3286 1072 3367 1126 vel
3398 1084 3457 1125 ut

1889 1169 1998 1233 alii,
2028 1168 2343 1232 Antio-hiat,
2376 1168 2620 1237 sepultus
2673 1175 2777 1222 est.
2828 1166 2975 1220 Libri
3024 1167 3145 1233 ejus
3202 1164 3453 1219 versibus

1890 1262 2123 1316 heroicis
2180 1261 2362 1328 scripti
2412 1269 2541 1315 sunt
2602 1259 2653 1312 hi
2710 1276 2724 1313 :
2785 1253 3366 1324 Ηεεὶοάιιε.Μοψοπίιι
3419 1252 3452 1320 ἢ

1888 1355 2116 1417 ἄτακτα,
2158 1345 2428 1419 Mopsopiii
2466 1350 2577 1404 sive
2626 1346 2969 1402 Miscellaitea
3017 1345 3171 1400 libris
3215 1362 3267 1410 v,
3316 1358 3457 1411 opus

1888 1444 2171 1497 continens
2221 1443 2477 1496 historias
2536 1441 2808 1495 miscellas
2836 1480 2848 1504 ,
2883 1428 3310 1505 iuscribiturque
3342 1433 3460 1487 Mo-

1890 1533 2095 1603 psopia,
2133 1532 2258 1600 quia
2294 1531 2467 1585 Attica
2519 1530 2647 1583 olim
2698 1528 2933 1583 itadicta
2957 1538 3038 1581 est
3062 1543 3091 1581 a
3140 1524 3415 1594 Mopsopia
3442 1566 3458 1586 ,

1888 1628 1993 1680 lilia
2022 1623 2242 1679 Oceani.
2286 1623 2489 1676 D.-sinit
2534 1621 2585 1675 in
2620 1622 2794 1676 Attica
2820 1620 3063 1674 Chiliade
3094 1636 3112 1686 ;
3161 1634 3283 1673 nam
3324 1618 3460 1672 liber

1886 1715 2111 1784 quintus
2173 1712 2485 1768 inscribitur
2536 1711 2903 1780 ἐπιγράφεται
2953 1712 2984 1780 ἡ
3031 1709 3258 1777 πέμπτη
3312 1708 3457 1777 (scil.

1891 1806 2115 1875 βίϐλος),
2150 1805 2325 1876 χιλιὰς
2355 1805 2481 1874 περὶ
2510 1803 2775 1873 χρησμῶν
2810 1802 2947 1872 (70),
2989 1800 3195 1855 Cltilias
3245 1800 3309 1853 de
3334 1815 3461 1851 ora-

210 1879 1419 1967 accentum,spiritum,scripturam,fabulam
1451 1905 1542 1948 aut
1564 1909 1784 1962 prover-
1821 1879 1858 1936 Β
1890 1899 2046 1960 ιυιὶε,
2078 1913 2197 1967 quae
2238 1906 2360 1966 post
2395 1896 2540 1950 mille.
2582 1909 2756 1949 annos
2788 1903 3015 1949 eventus
3057 1893 3455 1963 comprobavit.

218 1994 367 2045 bium
400 1990 722 2060 pertinentia
748 2007 763 2054 ;
799 1989 863 2041 de
891 1988 1225 2049 nominibus,
1254 1987 1305 2040 in
1336 2005 1366 2037 at
1397 1985 1785 2047 desinentibus,

213 2094 271 2135 nt
307 2083 477 2133 ἐνεεια
506 2082 587 2136 vel
617 2079 852 2142 év6i1,et
876 2080 1092 2148 quando
1114 2094 1174 2131 ea
1202 2077 1448 2131 bifariam
1475 2077 1785 2131 elici-antur.

212 2173 342 2227 Item
379 2172 482 2225 alia
511 2172 756 2242 quadam
797 2170 1023 2224 iambica
1060 2169 1326 2221 trinn-tra.

284 2269 520 2335 Εἱλογον
572 2268 831 2335 ἀξίωμα,
887 2265 1099 2317 axioma
1156 2264 1468 2331 probabile,
1528 2261 1705 2317 dillert
1755 2278 1785 2316 a

211 2359 594 2426 καταληπτικῇ
651 2356 944 2425 φαντασίᾳ,
993 2371 1039 2408 s.
1084 2353 1580 2420 cmitpt'eltetidcute
1620 2355 1790 2421 phan-

213 2456 379 2504 tasia.
436 2450 728 2504 Cleanthes
773 2447 1153 2518 philosophus,
1184 2446 1447 2513 appositis
1487 2446 1587 2514 ipsi
1631 2449 1788 2515 jussu

209 2540 489 2596 Ptolema-i
546 2544 684 2610 regis
720 2544 877 2595 malis
927 2544 1138 2608 punicis
1196 2540 1390 2602 cereis,
1439 2542 1653 2607 negavit
1707 2555 1786 2602 se,

210 2634 354 2687 falso
387 2634 503 2687 viso
558 2649 880 2697 assensum,
934 2635 1031 2688 sed
1095 2644 1305 2689 tantum
1360 2634 1636 2706 probabile
1682 2649 1785 2702 pu-

210 2739 379 2789 tasse,
416 2729 517 2779 etc.

289 2818 621 2887 Ειιιιιοινὶὠυ
676 2818 743 2871 ab
805 2818 1092 2885 Eumolpo,
1128 2818 1357 2882 Thrace,
1398 2819 1489 2888 qui
1522 2818 1790 2873 rationem

209 2911 465 2963 init'andi
516 2911 740 2976 invenit,
775 2914 857 2965 vel
908 2927 939 2965 a
974 2910 1157 2966 Μυδωί
1188 2911 1321 2976 lilio,
1356 2912 1449 2980 qui
1495 2911 1595 2965 luit
1631 2925 1661 2964 a
1706 2926 1791 2965 se-

209 3003 397 3056 cundo
429 3001 671 3069 quintus.

288 3094 624 3162 Eumolpus,
690 3094 1000 3150 Eleusinius
1052 3098 1133 3151 vel
1194 3096 1582 3159 Atheniensis,
1649 3097 1788 3153 ﬁlius

209 3184 422 3245 Mnsmi,
474 3194 662 3254 ρουιιε,
713 3194 786 3246 et,
816 3196 872 3239 ut
927 3189 1146 3257 quidam
1206 3192 1445 3246 tradunt.
1482 3190 1787 3257 discipulus

210 3277 438 3345 Orphei,
482 3288 638 3345 poeta
694 3279 879 3346 epicus
911 3289 1038 3333 ante
1081 3278 1397 3334 Homerum.
1440 3280 1578 3335 Vicit
1619 3281 1783 3334 etiam

212 3370 432 3439 Pythia.
486 3372 565 3423 Ad
599 3371 767 3439 lyram
823 3373 968 3425 enim
1020 3381 1188 3440 poetae
1243 3372 1309 3425 de
1354 3372 1530 3440 palma
1563 3372 1701 3424 inter
1730 3386 1788 3425 se

212 3464 520 3517 certabant.
553 3465 781 3532 Scripsit
824 3465 1057 3527 Τελετὰς
1085 3467 1392 3534 Δήμητρος,
1440 3464 1602 3515 Initia
1635 3463 1789 3516 (Irre-

212 3557 313 3615 ris,
362 3556 587 3622 ejusque
639 3554 704 3606 ad
756 3554 974 3608 Celeutn
1020 3557 1310 3609 adventum
1363 3565 1417 3609 et.
1464 3555 1785 3619 ministeria,

217 3648 434 3700 liiiabus
458 3648 576 3713 ejus
614 3646 830 3711 tradita,
867 3661 1038 3715 eaque
1062 3647 1243 3700 omnia
1274 3648 1521 3702 versibus
1554 3648 1787 3699 heroicis

211 3740 397 3801 tum,
441 3742 925 3807 C/iirc-scopicorum
977 3741 1175 3795 librum
1230 3758 1435 3805 unum,
1475 3757 1632 3810 prosa
1665 3756 1791 3793 ora-

214 3844 388 3886 UUIIC.

288 3921 511 3975 Euuida:
535 3922 674 3991 apud
698 3922 1052 3977 Athenienses
1095 3922 1296 3976 familia
1323 3924 1742 3978 citharlrdoruni
1772 3963 1787 3989 ,

210 4014 390 4066 sacris
422 4013 855 4066 inserviendum.

290 4102 639 4167 Eunomius,
697 4113 937 4171 tempore
1002 4103 1240 4158 Valentis
1312 4104 1442 4173 imp.
1500 4104 1788 4172 episcolms

213 4194 563 4262 Cilicenus,
626 4193 871 4245 notarius
930 4193 1111 4255 Aetii,
1182 4210 1343 4262 quem
1403 4194 1790 4263 cognominant

208 4286 437 4335 atheum
469 4320 484 4343 ,
509 4297 631 4334 cuin
682 4296 791 4349 quo
832 4281 922 4331 diu
977 4292 1242 4343 versatus,
1291 4283 1642 4351 sophisticum
1672 4284 1790 4351 ejus

208 4371 520 4427 disserendi
569 4372 786 4424 modum
832 4370 1072 4425 imitatus
1113 4385 1217 4425 est.
1267 4373 1395 4441 Ejus
1434 4386 1623 4440 septem
1669 4374 1789 4425 libri

207 4466 273 4516 in
305 4463 583 4531 epistolam
624 4462 692 4513 ad
720 4461 983 4514 Romanos
1023 4472 1074 4515 et
1104 4464 1225 4516 alia:
1254 4481 1373 4531 quae
1398 4466 1791 4518 circumferun-

1810 3245 1855 3307 (ἶ
1891 3266 2159 3334 Epistolas
2213 3268 2353 3330 XIII.
2406 3290 2605 3341 easque
2661 3278 2914 3333 murales.

1895 1992 2140 2060 Disputat
2182 1992 2326 2043 enim
2381 1989 2639 2043 adversus
2689 2001 2786 2042 eos
2833 1988 2924 2055 qui
2967 1987 3169 2056 ipsum,
3212 1986 3458 2055 deposita

1891 2084 2030 2151 apud
2062 2082 2181 2136 illos
2207 2080 2431 2151 pecunia
2462 2078 2799 2144 fraudarant,
2831 2078 3033 2133 docens
3048 2093 3143 2133 eos
3172 2079 3256 2132 vel
3289 2080 3458 2133 multo

1892 2182 2012 2242 post
2045 2181 2286 2240 tempore
2316 2184 2504 2240 poeoas
2536 2168 2762 2224 daturos
2784 2183 2925 2223 esse.

1965 2263 2247 2332 Eupithius
2298 2272 2352 2317 et
2399 2261 2844 2324 Archiadas,duo
2875 2261 3054 2329 Hegias
3084 2260 3457 2331 (philosophi),

1893 2356 2006 2419 ﬁlii,
2046 2354 2111 2409 de
2166 2370 2398 2424 quorum
2434 2355 2652 2426 ingenio
2700 2362 2754 2409 et
2809 2354 3053 2409 moribus
3094 2354 3340 2424 quaedam
3392 2372 3460 2409 ex

1897 2446 2200 2511 Damascio,
2226 2458 2330 2502 etc.

1963 2540 2202 2609 Eupolis,
2238 2541 2606 2603 Atheniensis.
2658 2540 2920 2607 comicus,
2955 2541 3045 2609 qui
3093 2559 3266 2599 annos
3302 2553 3462 2599 nates

1890 2628 2076 2694 XVII,
2136 2631 2189 2684 in
2249 2646 2410 2686 scena
2437 2645 2646 2688 certare
2690 2635 2862 2703 cmpil
2913 2636 3193 2706 ediditque
3247 2635 3461 2690 fabulas

1893 2716 2054 2781 XVII,
2082 2718 2212 2771 vicit
2251 2720 2467 2787 septies.
2517 2721 2663 2775 Idem
2698 2724 2750 2775 in
2805 2723 2947 2778 bello
2977 2734 3163 2779 contra
3209 2722 3464 2780 Lacedae-

1894 2810 2107 2863 monios
2151 2810 2435 2881 naufragio
2490 2812 2540 2866 in
2580 2813 2923 2885 lIellesponto
2956 2818 3134 2886 periit.
3190 2815 3344 2872 Unde
3378 2819 3463 2872 lex

1894 2899 1906 2952 Ι
1948 2910 1996 2952 ta
2038 2910 2137 2955 est.
2183 2918 2305 2971 qua:
2334 2916 2525 2972 poetas
2558 2909 2729 2960 vetuit
2779 2909 3031 2965 militare.
3084 2908 3302 2964 Fabula;
3342 2910 3461 2980 ejus

1893 2999 2021 3042 sntit
2056 3007 2068 3043 :
2104 2987 2289 3059 Αἷγες,
2327 2996 2709 3064 Ἀστράτευτος
2737 3000 2768 3069 ἦ
2800 3002 3101 3073 ἁνδρογύνη
3128 3013 3182 3057 ct
3214 3005 3352 3059 alie.

1965 3079 2035 3134 Εὖ
2090 3084 2394 3152 πράττειν,
2445 3088 2583 3142 hanc
2637 3089 2923 3146 formulam
2983 3095 3250 3149 salutandi
3313 3096 3465 3150 Plato

1895 3174 2139 3241 epistolis
2182 3179 2297 3231 suis
2346 3182 2697 3245 praescribere
2746 3186 2972 3239 solebat.
3021 3188 3252 3257 Scripsit
3282 3200 3463 3242 autem

2990 3277 3117 3333 Vide
3167 3296 3357 3350 supra,
3402 3280 3462 3335 εὖ

1889 3357 2113 3423 διάγειν,
2145 3370 2197 3414 ct
2223 3361 2410 3427 Cleon,
2444 3366 2674 3433 χαίρειν.

1965 3447 2295 3520 Eurybatus,
2333 3455 2368 3506 i.
2399 3471 2448 3508 c.
2499 3457 2651 3510 homo
2690 3460 2881 3514 malus.
2925 3462 3153 3521 Ductum
3202 3481 3285 3526 est
3335 3489 3465 3544 pro-

1892 3544 2135 3596 verbium
2170 3548 2239 3600 ab
2274 3547 2544 3615 liuz'ybato
2569 3552 2840 3619 quodam;
2876 3560 3147 3614 variorum
3176 3566 3463 3634 opiniones

1890 3643 2052 3702 atque
2103 3637 2599 3705 interpretationes.
2650 3644 2770 3699 l'ide
2802 3650 2943 3717 apud
3002 3650 3262 3723 Suidam;
3323 3661 3460 3715 adde

1892 3725 2108 3780 liusleri
2143 3727 2326 3784 Notas.

1964 3815 2272 3886 Euripides,
2320 3822 2689 3888 Atheniensis,
2750 3832 2989 3901 tragicus
3030 3838 3310 3907 antiquior
3368 3857 3461 3897 ce-

1891 3905 2023 3960 chri
2054 3910 2142 3961 illo
2170 3911 2442 3979 Euripide.
2480 3913 2669 3970 Docuit
2702 3917 2911 3975 fabulas
2945 3923 3057 3988 xu,
3094 3905 3223 3981 vicit
3256 3930 3356 3985 bis.

1963 4000 2269 4068 Euripides,
2326 4002 2628 4061 Mnesarchi
2666 4026 2761 4065 seu
2813 4011 3200 4073 Mnesarehidie
3248 4032 3301 4075 et
3345 4024 3463 4078 (lli-

1891 4092 2035 4143 tonis
2068 4091 2156 4158 F.,
2194 4109 2299 4147 non
2337 4112 2400 4149 ex
2438 4109 2630 4165 matre,
2666 4102 2874 4156 olerum
2912 4108 3228 4173 venditricc,
3278 4115 3372 4168 sed
3397 4133 3465 4170 ex

1892 4202 2087 4256 genere
2149 4190 2507 4255 nobilissimo,
2561 4206 2619 4246 nt
2674 4195 3018 4253 demonstrat
3075 4203 3459 4265 PhilocliOrus.

1892 4277 2061 4332 Natus
2097 4277 2197 4332 fuit
2226 4295 2290 4333 eo
2321 4283 2407 4334 die
2451 4299 2559 4351 quo
2590 4284 2759 4341 Grieci
2781 4287 2974 4345 Persas
3004 4292 3280 4362 fugarunt.
3304 4298 3464 4355 Initio

1893 4370 2087 4437 pictor,
2137 4370 2333 4427 deinde
2377 4375 2591 4429 Prodici
2639 4379 2693 4431 in
2726 4380 3032 4449 rhetoricis,
3066 4386 3308 4445 Socratis
3335 4409 3463 4446 vero

1892 4461 1945 4514 in
1977 4462 2223 4515 doctrina
2272 4464 2339 4517 de
2388 4468 2631 4523 moribus
2656 4478 2711 4524 et
2760 4473 2813 4525 in
2856 4476 3019 4530 rebus
3069 4479 3465 4552 philosophicis

207 4566 331 4620 tur,
374 4554 803 4610 lucubrationes.
837 4556 1130 4609 verborum
1178 4555 1399 4623 quidem
1429 4558 1583 4623 copia
1616 4557 1790 4608 abun-
1824 4580 1867 4635 Β
1895 4553 2215 4621 discipulus.
2252 4557 2478 4611 Audivit
2509 4563 2672 4614 etiam
2716 4563 3094 4634 Anaxagoram
3132 4586 3294 4639 quem
3336 4590 3460 4627 eum

205 4646 437 4709 dantes,
474 4655 528 4699 at
563 4648 957 4700 sententiarum
1000 4648 1210 4716 inopes.
1264 4645 1341 4699 Ex
1387 4644 1628 4701 Socratis
1652 4646 1790 4702 llist.

202 4740 415 4794 ecclcs.
448 4754 519 4801 tv,
553 4738 605 4790 7.

296 4831 535 4891 Iivodus,
569 4830 831 4895 lihodius,
868 4840 1023 4900 poeta
1044 4831 1253 4899 epicus,
1281 4830 1512 4884 Neronis
1549 4839 1791 4899 tempore

202 4924 377 4985 vixit,
413 4931 569 4990 poeta
610 4919 838 4976 Latinus
869 4922 1229 4977 admirabilis.
1290 4921 1462 4991 llujns
1497 4923 1618 4975 libri
1658 4923 1790 4974 nulli

196 5026 458 5069 exstant.

298 5107 639 5177 Euphorion,
685 5107 826 5163 ﬁlius
858 5106 1123 5178 IEschyli,
1168 5108 1376 5176 tragici,
1418 5107 1787 5170 Atheniensis,

199 5200 461 5265 tragicus
492 5210 545 5252 et
580 5200 694 5267 ipse
738 5219 751 5254 :
793 5203 884 5269 qui
930 5199 1149 5263 fabulis,
1197 5216 1333 5269 quas
1368 5209 1519 5267 pater
1564 5210 1690 5252 ante
1735 5200 1789 5253 iu

191 5296 393 5346 lucem
429 5307 535 5343 non
562 5291 824 5352 ediderat,
858 5303 1069 5345 certans
1097 5301 1290 5360 quater
1316 5291 1463 5356 vicit,
1492 5292 1711 5359 scripsit
1733 5302 1787 5345 et

198 5386 336 5454 ipse
368 5383 614 5451 qua-dam
641 5381 909 5436 dramata.

292 5472 630 5539 Euphorioii,
665 5471 994 5543 Polyniuesti
1037 5473 1123 5537 F.,
1157 5488 1219 5526 ex
1253 5474 1512 5527 Chalcide
1543 5472 1785 5537 Eubmac,

186 5565 522 5634 discipulus
572 5565 625 5618 in
670 5564 1059 5634 phil050phicis
1093 5564 1322 5635 Lacydis
1357 5575 1410 5620 et
1443 5566 1735 5620 l’ritanidis
1769 5583 1781 5618 :

285 5770 399 5835 (τη)
442 5768 638 5825 Kuste'r
663 5770 811 5825 malit
841 5771 1015 5839 legere
1050 5771 1237 5839 ἔπιγρ.
1269 5771 1323 5823 δὲ
1354 5771 1563 5833 Χιλιὰς,
1591 5772 1622 5841 ἦ
1661 5772 1787 5836 περὶ

178 5842 513 5911 Χρτβμιῐιν,
552 5842 757 5897 omisso
789 5843 974 5897 vocab.
1009 5842 1256 5911 πέμπτη,
1289 5854 1340 5896 et
1374 5846 1451 5897 sic
1484 5845 1659 5910 vertit,
1686 5847 1777 5898 sed

1896 4644 2119 4698 vidisset
2151 4648 2201 4699 in
2234 4648 2527 4703 discrimen
2574 4654 2767 4719 capitis
2820 4660 2891 4711 ob
2933 4659 3183 4727 dogmata
3230 4665 3463 4729 venisse,

1897 4736 2142 4790 animum
2180 4742 2246 4792 ad
2302 4744 2617 4811 tragmdiain
2651 4750 2858 4816 appulit
2911 4752 3073 4804 homo
3105 4757 3308 4811 severis
3346 4776 3467 4813 mo-

1896 4829 2050 4882 ribus
2093 4845 2155 4883 ac
2204 4832 2395 4893 tristis,
2440 4836 2581 4888 umle
2611 4848 2665 4890 et
2702 4841 2998 4910 μισογύνης
3029 4846 3143 4896 sive
3174 4848 3462 4903 mulierum

1894 4935 2023 4973 osor
2046 4932 2128 4976 est
2156 4924 2517 4979 existimatus.
2543 4929 2701 4982 lluxit
2738 4941 2915 4986 tamen
2940 4935 3287 5002 Choerinam,
3313 4942 3463 4995 Mne-

1894 5014 2083 5065 silochi
2121 5016 2303 5077 tiliam,
2340 5031 2402 5069 ex
2436 5032 2541 5085 qua
2568 5018 2981 5089 Mnesilochum,
3033 5026 3461 5085 lllnesarchidi-m

1896 5116 1951 5158 et
2026 5106 2333 5174 Euripidem
2399 5113 2657 5178 suscepit.
2720 5111 2831 5171 llac
2886 5120 3187 5187 rrpudiata,
3239 5123 3463 5177 alteram

1900 5213 2053 5265 teque
2115 5201 2439 5267 impudicam
2508 5215 2593 5257 est
2645 5217 2920 5278 expertus.
2978 5211 3207 5268 Athenis
3262 5216 3466 5271 relictis

1895 5291 2037 5356 apud
2086 5293 2434 5355 Archelaum,
2495 5294 2820 5353 Macedoniae
2870 5317 3077 5372 regem,
3137 5308 3188 5359 in
3248 5324 3465 5361 summo

1895 5385 2032 5436 vixit
2084 5386 2310 5449 honore,
2357 5389 2628 5452 sublatus,
2684 5400 2740 5444 ut
2786 5394 2959 5460 aiunt,
3006 5413 3033 5449 a
3095 5400 3325 5455 canibus
3369 5419 3466 5472 per

1896 5475 2121 5529 insidias
2145 5478 2433 5542 Arrhidzei,
2479 5482 2817 5547 Macedonis,
2876 5495 2928 5539 et
2980 5486 3245 5553 Cratevm,
3287 5490 3463 5546 Thes-

1896 5570 2015 5635 SaIi,
2050 5580 2352 5639 poetarum,
2397 5573 2498 5643 ipsi
2542 5574 2896 5630 invidentium
2953 5595 2967 5631 :
3016 5581 3096 5634 vel
3130 5582 3399 5641 laceratus
3432 5600 3463 5639 δ

1898 5775 2131 5854 admissa
2177 5774 2383 5854 Fabric.
2430 5778 2871 5847 interpretatione
2924 5791 2972 5839 et
3012 5784 3205 5854 cllipsi,
3250 5788 3323 5842 nil
3364 5790 3466 5845 erit

1894 5849 2229 5902 mutandum.
2278 5846 2441 5900 ΙΙΑιιι..
