4182 6526
220 451 360 516 1255

1457 461 1553 518 DE
1595 460 1884 529 omnes
1924 416 2243 520 sumas.

3345 458 3482 523 1266

222 562 360 633 fugit
409 566 463 617 in
511 565 710 622 tribum
743 566 960 630 Chami,
1010 567 1102 621 ﬁlii
1141 566 1274 633 Noe,
1308 583 1337 622 ε
1368 570 1567 636 quibus
1599 585 1788 624 susce-
1821 577 1864 630 Α
1894 570 2160 625 Callinici.
2217 569 2476 626 Memoria
2529 572 2601 627 ita
2650 573 2839 637 valuit,
2890 579 2949 627 ut-
3003 569 3477 637 declamationem,

221 671 348 724 ptus
366 673 487 712 cum
521 660 653 728 ipsis
697 661 984 716 habitavit.
1017 661 1161 714 Idem
1212 676 1376 716 aurea
1412 662 1547 716 stola
1576 663 1799 717 indutus

219 760 274 801 et
331 749 511 804 futura
563 752 863 820 praedicens
919 753 1251 820 divitiasque
1311 755 1394 808 eis
1455 755 1796 823 impertiens,

225 851 482 910 tanquam
515 842 658 899 Deus
687 846 754 898 ab
783 846 917 914 ipsis
949 847 1130 900 cultus
1151 856 1253 900 est.

295 933 619 999 Favorinus,
651 939 984 992 Arelatensis
1021 939 1238 1002 Gallus,
1273 956 1404 993 sexu
1440 941 1799 1003 hermaphro-

219 1024 391 1089 ditus,
433 1029 848 1084 eruditissimus
888 1040 942 1084 et
996 1031 1354 1099 philosophiae
1412 1031 1794 1099 peritissimus,

223 1116 514 1171 rhetoricae
570 1117 623 1171 in
687 1121 880 1187 primis
954 1120 1226 1174 addictus.
1282 1121 1490 1173 Flornit
1551 1130 1797 1188 tempore

220 1204 441 1275 Trajani
492 1209 648 1277 imp.,
684 1211 960 1278 vitamque
985 1213 1503 1281 produxitusquead
1537 1211 1796 1266 Hadriani

221 1298 535 1365 imperium.
581 1302 896 1358 Aimulatus
939 1314 1023 1357 est
1067 1303 1436 1368 Plutarchum,
1468 1307 1798 1360 Ciceronen-

219 1403 358 1449 sem,
390 1389 692 1445 innumeris
720 1407 854 1460 pene
888 1393 1042 1448 libris
1091 1396 1522 1450 conseribeudis.
1564 1394 1796 1464 Scripsit

219 1489 274 1532 et
309 1481 687 1552 philosophica
737 1495 792 1538 et
839 1486 1121 1549 historica,
1170 1502 1402 1555 quorum
1453 1504 1682 1555 magnus
1715 1500 1798 1542 est

222 1587 504 1628 numerus.
565 1577 638 1628 Ex
683 1577 856 1643 ipsius
916 1578 1071 1631 libris
1107 1589 1237 1632 sunt
1275 1580 1361 1632 isti
1404 1598 1416 1633 :
1459 1579 1531 1632 De
1580 1583 1794 1634 Homeri

218 1665 586 1732 philosophia;
627 1668 692 1721 de
733 1668 950 1723 Socrate
978 1679 1026 1722 et
1072 1681 1187 1723 arte
1225 1673 1336 1737 ejus
1365 1674 1668 1734 amatoria;
1720 1671 1796 1726 De

220 1755 489 1822 Platone;
539 1758 611 1813 De
665 1760 1092 1828 pltilosOphm-um
1150 1763 1312 1819 victu.
1357 1773 1410 1816 et
1465 1764 1587 1816 alia.
1651 1763 1794 1817 Idem

220 1849 389 1901 etiam
441 1851 841 1920 γνωμολογικὰ,
897 1853 1045 1908 dicta
1087 1855 1408 1908 sententiam
1453 1857 1691 1924 scripsit.
1731 1855 1792 1910 V.

220 1939 443 2006 liuster,
481 1953 595 1996 not.
627 1953 756 1998 tom.
779 1943 868 2008 Ill,
901 1962 1022 2016 pag.
1064 1947 1190 2002 572.

294 2032 644 2088 Februarium
672 2053 920 2101 mensem,
945 2054 974 2092 a
1004 2040 1238 2109 quodam
1285 2041 1527 2102 consule,
1559 2039 1795 2095 Februa-

219 2125 325 2188 rio,
355 2128 575 2179 natione
612 2125 786 2190 Gallo,
816 2131 958 2196 quod
992 2132 1035 2184 is
1057 2131 1257 2184 invidia
1286 2133 1480 2185 ductus
1507 2131 1794 2186 Camillum

221 2231 319 2284 per
351 2219 626 2270 mendacia
650 2219 918 2287 expulisse
947 2217 1110 2282 Urbe,
1158 2221 1412 2289 deinceps
1435 2231 1615 2275 autem
1656 2223 1790 2291 ipse,

221 2307 454 2359 Camillo
476 2317 596 2374 post
623 2308 893 2361 Brennum
927 2310 1267 2378 proﬂigatum
1296 2322 1511 2379 recepto
1532 2329 1799 2380 suamque

223 2398 361 2451 bene
385 2399 596 2454 dicente
626 2415 866 2466 causam,
896 2402 1122 2470 turpiter
1149 2418 1213 2456 ex
1243 2401 1382 2458 Urbe
1399 2414 1544 2458 esset
1567 2405 1796 2468 eiectus,

223 2501 374 2545 veste
436 2493 712 2556 nudatus,
759 2493 1075 2562 junccaque
1106 2505 1283 2548 storea
1328 2497 1696 2551 circumdatus
1747 2504 1800 2549 et

225 2585 412 2638 nervis
482 2600 691 2650 caesus,
757 2587 922 2640 fuisse
975 2588 1424 2654 denominatum,
1485 2589 1802 2656 cazterisque

221 2677 505 2729 mensibus
528 2677 728 2730 factum
753 2677 1071 2742 breviorem,
1110 2678 1306 2732 Suidas
1337 2679 1515 2734 fo:san
1547 2697 1611 2733 ex
1642 2681 1801 2732 Anti-

219 2769 384 2836 gouio
411 2768 646 2836 quodam
672 2779 876 2836 narrat,
917 2771 1010 2825 sed
1039 2769 1259 2836 Kuster,
1289 2771 1432 2841 jure.
1465 2787 1637 2842 nugas
1684 2787 1805 2826 esse

221 2874 424 2922 literas,
453 2859 681 2925 judicat.

298 2947 598 3024 Flaminius
655 2950 950 3019 ὁχλοκόπος
1013 2955 1108 3004 καὶ
1162 2953 1502 3020 δημαγωγὸς
1545 2954 1750 3016 τέλειος
1785 2993 1799 3017 ,

217 3051 404 3095 orator
451 3042 625 3096 turbae
686 3041 808 3096 rudi
863 3043 1149 3098 vendibilis
1199 3055 1251 3098 et
1298 3044 1387 3111 qui
1433 3045 1498 3098 ad
1545 3047 1801 3114 populum

219 3136 454 3191 dicendo
511 3151 671 3204 supra
731 3138 950 3190 modum
982 3136 1205 3199 valeret,
1236 3147 1498 3190 caeterum
1555 3138 1621 3190 ad
1687 3153 1800 3191 rem

223 3229 473 3284 bellicam
515 3229 996 3284 administrandam
1043 3231 1279 3299 ineptus.
1311 3231 1411 3299 (Ex
1440 3229 1684 3296 Polybio,
1713 3229 1800 3292 lli,

220 3336 348 3389 cap.
384 3321 498 3388 80.)

299 3412 523 3474 Fronto,
559 3411 860 3476 Emiseuns,
887 3426 1088 3476 orator,
1107 3412 1431 3484 quijliomze,
1471 3415 1803 3484 temporibus

225 3508 414 3561 Severi
443 3507 600 3573 imp.,
637 3506 792 3559 vixit.
846 3505 943 3560 llic
989 3507 1215 3560 Athenis
1267 3508 1492 3560 aemulus
1523 3507 1624 3560 fuit
1678 3506 1806 3560 Phi-

224 3599 436 3653 lostrati
473 3597 632 3662 primi
663 3606 714 3650 et
743 3597 982 3662 Apsinis,
1013 3595 1303 3661 Gadareni,
1343 3598 1648 3666 ibidemque
1671 3599 1806 3652 obiit

223 3702 401 3742 alltIOS
455 3687 672 3742 circiter
702 3685 790 3740 LX
823 3699 1004 3751 natus,
1071 3699 1125 3741 et
1156 3689 1485 3757 Longinum,
1532 3690 1802 3754 criticmu,

224 3781 461 3844 sororis,
494 3779 854 3844 Frontonidis,
895 3781 1063 3834 ﬁlium
1088 3782 1354 3838 lueredem
1387 3782 1624 3852 reliquit.
1656 3782 1805 3839 Scri-

227 3872 341 3940 psit
383 3871 660 3925 orationes
692 3872 910 3925 multas.

300 3961 486 4016 Fulvia
524 3965 814 4032 (ψολουΐα),
873 3967 1095 4019 Antonii
1150 3981 1310 4020 uxor.
1349 3966 1469 4022 Haec
1525 3966 1806 4022 Ciceronis

227 4063 396 4121 caput
421 4064 758 4123 amputatum
782 4056 1010 4125 genibus
1041 4057 1155 4110 suis
1186 4058 1460 4125 imposuit,
1498 4073 1733 4126 cumque
1758 4061 1808 4114 ei

227 4146 1059 4201 contumeliosissimeillusissct
1088 4156 1248 4216 atque
1287 4149 1416 4202 illud
1442 4148 1805 4218 conspuisset,

227 4241 448 4293 tandem
468 4240 688 4292 diducto
714 4254 808 4293 ore
832 4249 1127 4294 extractam
1151 4243 1269 4310 ejus
1306 4243 1542 4310 linguam
1570 4255 1807 4309 acu,qua

229 4329 462 4396 ligendis
484 4326 695 4394 capillis
734 4327 1006 4389 utebatur,
1045 4330 1258 4398 punxit,
1287 4330 1591 4398 additisque
1624 4329 1810 4385 multis

225 4434 282 4478 et
315 4425 573 4494 gravibus
629 4423 860 4492 probris,
908 4440 1004 4492 pro
1038 4426 1230 4480 rostris
1261 4427 1457 4494 exponi
1493 4425 1685 4493 jussit,
1728 4433 1806 4492 ut,

227 4531 340 4582 quo
370 4529 434 4567 ex
466 4515 581 4566 loco
612 4513 1059 4581 adversusipsatn
1087 4516 1214 4567 olim
1229 4516 1560 4569 caucionans
1591 4515 1808 4570 auditus

227 4607 429 4672 fuerat,
454 4606 650 4659 ibidem
680 4614 840 4672 caput
879 4605 995 4671 ejus
1018 4606 1306 4674 praecisum
1341 4616 1703 4676 spectaretur.

986 4699 1030 4752 (ἱ

300 4789 560 4853 Gaianas,
591 4791 783 4850 Arabs,
814 4792 1079 4858 sephista,
1101 4791 1402 4861 discipulus
1428 4793 1665 4862 Apsiuis,
1698 4792 1802 4848 Ga»

227 4882 499 4943 darensis,
543 4883 678 4935 vixit
711 4881 990 4937 Maximini
1017 4895 1068 4938 et
1083 4884 1343 4938 Gordiani
1371 4887 1724 4955 temporibus,
1755 4893 1810 4938 et

228 4973 450 5041 scripsit
495 4973 565 5027 De
598 4976 982 5028 constructione
1011 4977 1178 5031 libros
1207 4975 1272 5042 ν,
1315 4977 1441 5031 item
1469 4980 1649 5032 Artem
1689 4983 1808 5034 rhe-

230 5065 453 5116 toricam
484 5074 536 5118 et
573 5063 1016 5121 Declamationes.
1056 5068 1203 5123 Idem
1251 5069 1430 5140 Beryti
1479 5073 1666 5127 docuit
1694 5074 1806 5129 elo-

230 5158 533 5224 quentiam.

299 5249 561 5313 Galenus,
625 5249 866 5304 medicus
933 5251 1354 5316 celeberrimus,
1417 5253 1805 5324 Pergamenus,

229 5341 320 5410 qui
357 5340 544 5398 Marci.
574 5339 857 5395 Commodi
885 5353 940 5396 et
980 5343 1272 5398 Pertinacis
1324 5348 1659 5414 temporibus
1690 5347 1807 5401 Ro-

230 5446 332 5484 mae
354 5429 506 5493 vixit,
526 5429 766 5494 Niconis,
793 5443 1080 5500 geometrae
1109 5441 1162 5485 et
1193 5433 1495 5498 architecti,
1530 5433 1616 5500 F.,
1662 5450 1811 5490 com-

232 5521 414 5590 posuit
444 5521 648 5575 medica
677 5530 733 5575 et
761 5522 1149 5592 pbilosophica,
1182 5525 1420 5593 itemque
1453 5528 1806 5594 grammatica

226 5622 282 5664 et
314 5612 610 5673 rhetorica,
639 5628 780 5682 quae,
819 5621 877 5666 ut
910 5616 1162 5668 omnibus
1199 5625 1344 5680 nota,
1393 5633 1674 5673 recensere
1712 5635 1808 5674 su-

233 5716 626 5771 pervacanenm
649 5702 800 5757 duxi.
837 5701 977 5756 Vixit
1007 5720 1180 5758 annos
1211 5705 1375 5762 LXX.

306 5793 646 5858 Genethlius,
675 5791 943 5850 Gcnethlii
977 5794 1063 5861 F.,
1089 5811 1151 5849 ex
1174 5798 1305 5851 urlie
1332 5798 1802 5867 Pctris,sophista,

235 5882 528 5939 Minuciaui
581 5892 634 5940 ct
689 5885 910 5957 Agapeti
948 5887 1267 5960 discipulus,
1319 5891 1545 5946 teni-ilus
1581 5893 1809 5947 Athenis

1903 663 2068 716 semel
2106 663 2366 726 amlitam,
2401 673 2690 732 repeteret.
2734 664 3133 734 Obntjuvenis,
3165 678 3341 719 annos
3383 680 3456 719 na

1901 765 1987 810 lus
2021 756 2251 809 XXVI".
2299 756 2529 826 Scripsit
2558 757 2762 819 Λαλιὰζ
2792 757 2903 811 sive
2934 757 3230 822 Διαλέξεις.
3261 757 3474 810 Allocu-

1901 852 2069 904 tiones
2125 859 2171 902 et
2230 850 2505 910 Μελέτας,
2562 850 3002 912 Dectamationes,
3041 851 3179 903 inter
3211 865 3348 918 quas
3373 858 3456 904 est

1903 941 2074 994 Exsul
2132 943 2360 1009 seipsum
2393 941 2614 993 vendens
2670 951 2784 1008 post
2842 941 3139 995 Thebarum
3191 940 3456 994 excidium

1904 1033 2322 1103 Propemptirmn
2350 1034 2417 1086 ad
2449 1036 2647 1086 amicos
2683 1051 2822 1098 suos,
2858 1034 3175 1088 Daduchum
3208 1043 3262 1087 et
3295 1032 3466 1088 Ascle‘

1899 1131 2132 1196 piadem.
2168 1128 2446 1182 Orationes
2482 1130 2849 1197 panegyricos.

1971 1221 2303 1286 Gennadius,
2335 1222 2637 1290 patriarcha
2691 1218 2878 1283 CPol.,
2903 1224 3254 1287 conspectum
3287 1216 3356 1270 ab
3415 1230 3483 1268 eo

1900 1316 2091 1383 φάσμα
2121 1314 2418 1381 δαιμόνιον,
2453 1323 2558 1366 etc.

1967 1382 2254 1472 Georgius,
2285 1404 2488 1474 Magna:
2513 1405 2768 1458 Ecclesiae
2784 1403 3046 1457 diaconus
3075 1411 3126 1454 et
3158 1400 3484 1469 cliartophy-

1899 1498 2008 1556 lax,
2045 1496 2366 1563 cognomine
2403 1493 2624 1547 Pisidas.
2666 1493 2898 1564 Scripsit
2932 1492 3339 1553 Hexaemerum,
3371 1492 3483 1545 sive

1901 1589 1974 1642 De
2006 1589 2212 1656 api/icio
2239 1588 2447 1651 mundi,
2485 1587 2630 1657 quod
2688 1588 2864 1640 tribus
2920 1584 3031 1640 fere
3074 1585 3313 1639 millibus
3361 1599 3484 1637 ver-

1901 1696 2057 1735 suum
2125 1681 2481 1734 iambicorum
2532 1688 2784 1733 constat:
2844 1678 2917 1733 De
2971 1677 3218 1730 Heraclio
3253 1679 3384 1744 imp.
3434 1687 3484 1729 et

1899 1770 2034 1824 bello
2082 1769 2330 1835 Persico;
2399 1770 2462 1822 ad
2500 1769 2614 1822 haec
2655 1768 2903 1821 oratione
2942 1767 3114 1820 soluta
3169 1767 3394 1820 Abarica
3433 1776 3482 1818 et

1904 1861 2215 1914 Encomium
2275 1861 2546 1915 Anastasii
2606 1863 2878 1930 martyris.
2965 1859 3188 1913 Kusteri
3241 1866 3355 1912 not.
3415 1858 3483 1921 1,

1824 1915 1871 1974 Β
1900 1969 2021 2025 pag.
2061 1955 2186 2009 475.

1969 2043 2163 2098 Gesius
2195 2044 2456 2115 (Γέσιος),
2513 2043 2685 2098 Petris
2714 2043 3001 2107 oriundus,
3061 2042 3296 2097 Zenonis
3350 2043 3484 2110 imp.

1901 2138 2235 2206 temporibus
2264 2145 2380 2191 arte
2420 2138 2624 2192 medica
2653 2137 2994 2192 clarissimus
3035 2135 3154 2198 fuit,
3185 2145 3238 2188 et
3267 2134 3484 2196 Domni,

1899 2229 2091 2291 Judazi,
2125 2231 2476 2298 prmceptoris
2531 2230 2636 2294 sui,
2672 2230 2894 2295 gloriam
2952 2229 3171 2298 penitus
3227 2227 3490 2279 obscura-

1899 2320 1994 2382 vit.
2029 2330 2135 2376 etc.
2167 2320 2503 2385 Heraiscum,
2538 2335 2658 2374 Cum
2689 2319 2921 2374 Zenonis
2944 2321 3098 2388 jussu
3128 2326 3483 2389 qumreretur.

1901 2414 2045 2467 domi
2092 2429 2202 2466 suze
2254 2413 2582 2476 occultavit,
2637 2422 2684 2470 et
2725 2413 2919 2465 deinde
2969 2413 3021 2465 in
3077 2410 3200 2480 fuga
3229 2410 3486 2463 defuncto

1900 2503 2041 2573 justa
2081 2505 2362 2572 persolvit.
2397 2503 2660 2556 Basilicus
2693 2504 2812 2556 ideo
2845 2502 2912 2555 ab
2937 2503 3067 2570 imp.
3103 2503 3304 2554 missus
3341 2501 3486 2568 Agao

1906 2597 2050 2665 pium
2079 2604 2131 2649 et
2159 2608 2381 2650 caeteros
2422 2597 2775 2664 philosophos
2803 2598 3226 2663 comprehensos
3259 2594 3312 2646 in
3343 2610 3484 2663 prte-

1903 2689 2098 2742 torium
2121 2688 2362 2741 abduxit.
2391 2687 2486 2757 (Ex
2520 2687 2850 2753 Damus-cio.)

1974 2779 2147 2832 Γνῶθι
2208 2780 2454 2840 σεαυτὸν,
2490 2779 2551 2829 τὸ
2593 2779 2838 2847 νόμισμα.
2897 2774 3304 2845 παραχάραξον,
3345 2789 3484 2843 przr-

1904 2882 2056 2940 cepta
2095 2870 2336 2942 Pythica,
2395 2869 2569 2923 Nosce
2615 2879 2662 2921 te
2692 2872 2863 2936 ipsum
2925 2876 2979 2922 et
3008 2868 3300 2934 opinionem
3344 2860 3486 2935 vulgi

1903 2972 2202 3025 contemne;
2226 2971 2278 3015 et
2309 2978 2322 3014 :
2359 2958 2478 3012 Non
2510 2961 2810 3020 veritatem,
2831 2961 2918 3010 sed
2942 2959 3198 3010 nomisma
3221 2957 3483 3008 adultera.

1974 3055 2241 3116 Goetiam,
2304 3056 2564 3125 magiam,
2596 3053 2970 3120 pltat-maciam
3029 3049 3166 3104 Medi
3213 3060 3266 3105 et
3300 3049 3483 3105 Persa

1906 3147 2247 3202 invenerunt.
2285 3145 2467 3214 Magia
2518 3155 2599 3198 est
2653 3143 2899 3198 evocatio
2929 3144 3234 3197 daemonum
3281 3141 3488 3196 beneﬁ-

1831 3270 1872 3327 ο
1906 3252 2114 3299 corum,
2149 3236 2275 3290 boni
2329 3236 2559 3304 alicujus
2585 3233 2854 3288 elliciendi
2913 3247 3108 3297 causa;
3136 3232 3317 3300 qualia
3359 3240 3487 3285 sunt

1905 3330 2180 3398 Apollonii
2220 3328 2523 3398 Tyanensis
2551 3327 2922 3396 θεσπίσματα,
2983 3335 3243 3395 prtecepta
3272 3336 3318 3378 et
3359 3341 3485 3377 ora-

1907 3423 2063 3486 cula;
2089 3421 2292 3486 Coctia,
2325 3422 2432 3474 ἀπὸ
2480 3421 2587 3472 τῶν
2613 3421 2775 3487 γόων,
2810 3436 2840 3472 a
2891 3418 3157 3482 lenientis,
3181 3433 3300 3486 qua
3337 3417 3484 3470 circa

1913 3516 2159 3584 sepulcra
2224 3513 2525 3567 audiuntur
2554 3513 2625 3565 ita
2656 3513 2800 3566 dicta
2823 3521 2926 3574 est,
2961 3526 3054 3580 per
3087 3526 3249 3580 quam
3290 3511 3486 3564 animm

1883 3607 2284 3668 “defunctorum
2313 3615 2609 3659 evocantur
2637 3605 2704 3658 ab
2735 3604 2945 3659 inieris.
2985 3603 3298 3656 Pharmacia
3329 3619 3487 3657 vene-

1909 3699 2114 3764 Iieium,
2134 3715 2228 3768 per
2253 3699 2396 3768 quod
2423 3698 2581 3752 alicui
2613 3698 2903 3767 pharmaca
2937 3698 3154 3750 lethalia
3175 3698 3258 3750 vel
3289 3698 3483 3766 philtra

1911 3792 2238 3860 pnebcntur.
2271 3790 2444 3861 Magia
2476 3799 2530 3844 et
2559 3791 2848 3856 astrologia
2891 3806 2920 3843 e
2953 3790 3258 3858 Magusmis,
3309 3790 3360 3844 id
3403 3802 3486 3843 est

1911 3882 2109 3946 Persis,
2147 3892 2264 3938 orta
2293 3893 2394 3937 est.
2430 3883 2606 3938 Persae
2653 3881 2866 3950 Μαγὼγ
2897 3885 3008 3937 sive
3052 3885 3395 3950 Μαγουσαῖοι
3418 3885 3486 3938 ab

1911 3978 2179 4046 indigenis
2210 3987 2497 4030 Vocantur.

1981 4066 2231 4136 Gorgias.
2285 4066 2693 4121 Charmantidae
2742 4068 2826 4130 F.,
2869 4067 3037 4122 frater
3068 4066 3315 4122 iicrodici
3375 4082 3489 4122 me-

1911 4159 2038 4221 diei,
2104 4157 2446 4220 LeOntinus,
2511 4160 2715 4225 rhetor,
2779 4158 3121 4226 Empedoclis
3159 4159 3485 4228 discipulus,

1913 4249 2172 4319 magister
2202 4247 2339 4312 Poli,
2373 4247 2728 4317 Agrigentini,
2772 4255 2823 4300 et
2855 4245 3083 4301 Pcrielis
3128 4256 3184 4302 et
3228 4245 3485 4302 Isocratis

1913 4353 1967 4399 et
1993 4342 2407 4403 Alcidamautis,
2443 4339 2661 4404 Eleatae,
2707 4340 2800 4409 qui
2838 4349 2889 4393 et
2920 4342 2973 4394 in
3012 4339 3195 4394 schola
3223 4340 3324 4408 ipsi
3357 4355 3487 4394 suc-

1913 4435 2100 4489 cessit.
2169 4431 2509 4503 Porphyrius
2565 4449 2688 4486 eum
2746 4431 2914 4487 refert
2985 4433 3050 4485 ad
3116 4433 3484 4502 Olympiadem

1915 4524 2127 4591 LXXX,
2170 4525 2260 4580 sed
2302 4524 2580 4592 antiquior
2623 4531 2725 4577 est.
2785 4521 3132 4576 Rhetm-icam
3193 4523 3402 4592 primus
3429 4527 3484 4576 in

1839 4613 1882 4667 D
1913 4621 2086 4666 artem
2121 4610 2350 4681 redegit.
2402 4619 2509 4664 etc.
2549 4611 2592 4663 A
2653 4609 2886 4678 singulis
2930 4609 3214 4677 discipulis
3263 4613 3481 4665 centum

1908 4703 2088 4773 exegit
2125 4703 2340 4766 minas;
2376 4702 2511 4755 vixit
2541 4715 2716 4754 annos
2747 4699 2862 4754 CIX
2893 4709 2946 4754 et
2968 4703 3133 4754 multa
3168 4703 3409 4770 scripsit.

1977 4795 2270 4850 Gratianus
2303 4795 2456 4862 imp.,
2484 4792 2728 4847 Valentis
2761 4792 3027 4847 saevitiam
3067 4794 3118 4844 in
3145 4794 3489 4848 Christianos

1908 4888 2230 4952 detestatus,
2259 4887 2531 4951 omnibus,
2561 4885 2676 4953 lege
2735 4887 2838 4938 lata
2873 4886 3153 4954 permisit,
3193 4898 3248 4940 ut
3291 4902 3484 4940 secure

1909 4995 1971 5033 ac
2003 4979 2169 5032 libere
2217 4987 2517 5032 conventus
2575 4977 2628 5029 in
2677 4978 2924 5031 ecclesiis
2964 4977 3197 5044 propriis
3239 4987 3484 5046 agerent,

1908 5071 2039 5127 solis
2094 5071 2471 5133 Eunomianis,
2513 5069 2855 5125 Pltotinianis
2909 5079 2965 5124 et
3013 5068 3325 5123 Maniclueis
3355 5084 3486 5124 cort-

1909 5165 2178 5218 vcnticula
2215 5164 2437 5216 ademit.

1979 5255 2273 5324 Gregorius
2328 5251 2702 5309 Nazianzenus
2766 5255 2819 5308 in
2855 5255 3214 5321 Cappadocia,
3278 5255 3484 5318 Basilii,

1909 5343 2280 5407 Caesariensis,
2329 5345 2561 5406 amicus,
2601 5344 2994 5413 grammaticus
3027 5357 3076 5397 et
3118 5356 3274 5414 pocla
3307 5347 3486 5398 excel-

1909 5435 2047 5498 lens,
2081 5435 2250 5488 multo
2301 5434 2474 5501 magis
2544 5434 2772 5502 insignis
2801 5433 3158 5504 philosophus
3191 5446 3243 5488 et
3301 5442 3487 5489 orator

1909 5525 2245 5597 ἀμφιδέξιος,
2303 5526 2653 5593 peritissimus
2716 5523 2840 5579 fuit.
2881 5524 3046 5579 Multa
3097 5527 3314 5596 scripsit
3363 5543 3488 5581 om-

1911 5621 2057 5673 tione
2087 5618 2262 5672 soluta
2291 5619 2354 5670 ad
2383 5621 2530 5684 τρεῖς
2566 5618 2832 5687 μυριάδας
2863 5618 3082 5687 στίχων,
3109 5617 3176 5670 ad
3226 5633 3486 5671 versuum

1911 5711 2124 5780 triginta
2175 5709 2363 5761 millia.
2401 5707 2477 5761 Ex
2528 5709 2611 5762 his
2639 5718 2765 5762 sunt
2798 5726 2811 5761 :
2850 5709 2921 5762 De
2950 5709 3094 5761 obitu
3120 5708 3308 5776 fratris
3368 5707 3490 5763 Ca-

1909 5803 2073 5865 sarii;
2132 5799 2316 5855 “ratio
2360 5800 2594 5868 funebris
2645 5802 2694 5854 in
2748 5813 2952 5869 patrem
2977 5816 3130 5856 suum
3163 5800 3378 5863 ,‘nltem
3429 5803 3483 5850 in

1911 5911 2138 5950 sororem
2167 5893 2523 5957 Gorqoniain;
2562 5893 2630 5947 De
2669 5893 2983 5962 pauperibus
3015 5894 3296 5954 amandis,‘
3339 5889 3485 5946 lum.
