4182 6526
739 397 877 461 1267

1943 415 2179 476 INDEX
2219 416 2714 482 SCRIPTORUM

3865 433 4004 494 121-8

733 517 824 568 des
851 513 1279 570 Mar/mba'ornm
1306 537 1324 584 ,-
1359 517 1566 574 Laudes
1594 523 1841 591 σξη)εεὶσηὶ
1858 541 1876 590 ;
1905 524 2112 580 Laudes
2141 527 2315 580 Atha-
2343 534 2384 588 Α
2418 530 2516 583 lari
2569 543 2734 596 secta,
2781 533 2928 588 nulla
2961 536 3106 590 enim
3151 536 3314 592 habet
3342 538 3617 607 dogmata.
3653 539 3854 593 Praeter
3907 545 4006 595 has

731 608 907 672 uarii;
950 607 1154 660 Laudes
1185 612 1414 664 Neronis
1481 613 1812 682 philosophi;
1851 617 2050 671 Contra
2122 618 2306 672 Julia-

734 715 859 751 num
939 701 1068 768 imp.
1149 705 1456 768 orationes;
1509 705 1586 759 De
1645 706 1848 774 Spiritu
1907 724 2091 766 sancto
2135 715 2308 766 oratio

733 809 871 856 una;
919 795 1198 848 Orationes
1241 800 1573 868 panegyrij
1628 799 1701 862 Χ,
1739 802 1965 870 aliterque
2020 805 2306 872 plurimm,

727 897 848 948 quise
876 885 1132 938 omnibus
1168 897 1306 940 notae
1324 900 1468 941 sunt.
1507 889 1734 946 Secutus
1753 903 1834 945 est
1867 908 2036 964 genus
2068 896 2303 960 dicendi,

725 987 836 1041 quo
875 991 1008 1030 usus
1058 987 1141 1032 est
1187 977 1437 1042 Polemo,
1495 980 1864 1048 Laodicensis,
1915 987 2006 1062 qui
2063 988 2307 1056 Smyrnae

723 1065 1093 1132 eloquentiam
1127 1070 1312 1122 docuit
1352 1081 1402 1126 et
1437 1075 1684 1128 Aristidis
1721 1077 1955 1134 rhetoris
2008 1092 2306 1150 prteccptor

725 1155 847 1210 fuit.
893 1158 1119 1228 Scripsit
1155 1171 1206 1215 et
1231 1164 1428 1218 librum
1463 1167 2078 1235 versibushexametris,
2115 1172 2167 1226 iu
2195 1191 2305 1243 quo

737 1249 1026 1320 Virginitas
1056 1263 1109 1306 et
1137 1255 1452 1324 Caningium
1487 1259 1624 1312 inter
1654 1275 1712 1313 se
1739 1262 2136 1331 colloquuntur.
2171 1265 2300 1320 Item

723 1344 790 1397 de
849 1345 970 1398 aliis
1013 1349 1347 1416 argumentis
1386 1349 1602 1404 diverso
1651 1361 1705 1406 et
1761 1355 2055 1408 omnifario
2107 1347 2303 1427 genere

721 1437 982 1492 carminis
1017 1439 1081 1491 ad
1119 1454 1374 1493 versuum
1407 1441 1628 1510 triginta
1673 1444 1862 1498 millia.
1891 1445 2063 1514 Hujus
2111 1449 2304 1501 memi-

721 1529 798 1582 nit
833 1529 1247 1599 Philostorgius,
1274 1532 1395 1586 licet
1425 1534 1682 1600 Arianus,
1709 1547 1812 1590 etc.
1846 1537 2163 1608 Gregorius,
2194 1541 2301 1595 alio

719 1618 976 1674 Ecclesia:
1017 1638 1128 1676 sua:
1163 1625 1420 1693 episcopo
1467 1626 1517 1678 in
1555 1627 1731 1680 locum
1784 1645 1943 1683 suum
1980 1633 2296 1698 substituto,

719 1713 834 1779 ipse
874 1713 984 1766 ruri
1031 1713 1194 1768 vitam
1238 1717 1488 1771 monachi
1535 1719 1643 1786 egit
1693 1719 2036 1792 decessitque
2085 1723 2300 1779 decimo

718 1803 878 1855 tertio
899 1801 1191 1860 Theodosii
1227 1807 1382 1875 imp.,
1432 1824 1605 1864 annos
1639 1821 1794 1865 natus
1823 1814 2052 1882 amplius
2079 1813 2186 1868 XC.

787 1894 1101 1965 Gregorius,
1156 1898 1326 1966 cpisc.
1385 1899 1700 1970 Nyssenus,
1741 1901 1908 1956 frater
1945 1904 2126 1960 Basilii
2189 1905 2300 1961 Creo
2331 1889 2372 1945 Β

716 2001 852 2048 sar.,
870 1989 1276 2044 eruditissimus
1295 2001 1346 2045 et
1369 1991 1690 2060 eloquentiae
1721 1993 1878 2048 laude
1905 1995 2032 2050 nulli
2057 2004 2296 2050 Veterum

716 2078 936 2132 cedens.
977 2078 1248 2134 Eximium
1277 2081 1473 2136 librum
1500 2083 1697 2136 Contra
1729 2083 2048 2140 Eunomia":
2083 2091 2302 2157 scripsit

716 2175 770 2216 cl.
796 2167 940 2220 aliud
973 2167 1048 2220 De
1077 2169 1424 2236 fabricatione
1456 2173 1708 2236 hominis,
1745 2177 1988 2245 aliasque
2043 2179 2298 2237 humilius

717 2259 1000 2324 plurimas.
1037 2259 1164 2314 Item
1195 2261 1261 2315 In
1287 2263 1510 2317 Cantica
1537 2269 1890 2334 canticorum,
1927 2269 1988 2322 In
2027 2269 2300 2325 Ecclesia-

715 2361 868 2414 stem,
911 2361 966 2407 et
993 2355 1070 2406 Ad
1101 2372 1332 2410 sororem
1379 2355 1700 2423 Macrinam,
1745 2360 1954 2432 longam
1995 2373 2045 2414 ct
2079 2363 2290 2432 elegan'

719 2453 826 2495 tem
861 2443 1166 2498 orationem
1201 2445 1266 2500 de
1301 2447 1503 2501 anima.
1559 2449 1790 2517 Scripsit
1829 2463 1880 2504 et
1908 2454 2074 2506 multa
2112 2455 2214 2508 alia
2247 2463 2300 2512 et

713 2535 1036 2591 admirabile
1087 2537 1218 2591 illud
1275 2537 1590 2592 Encomiunt
1638 2539 1910 2609 Stephani,
1953 2547 2110 2614 primi
2151 2563 2296 2601 mar-

713 2629 870 2698 tyris,
899 2639 954 2682 et
993 2629 1165 2684 Vitam
1200 2629 1440 2700 Gregorii
1507 2631 1914 2704 Thanmaturgi.

784 2715 1099 2792 Gregorius,
1163 2725 1256 2792 qui
1314 2736 1368 2778 et.
1423 2725 1786 2792 Theodorus,
1829 2727 2295 2800 Thaumaturgns,

711 2815 1079 2870 Neocaesarea:
1109 2816 1160 2870 in
1187 2815 1360 2871 Ponto
1387 2819 1704 2888 episcopus,
1738 2821 1809 2875 ob
1843 2820 2153 2876 Graecarum
2192 2825 2296 2878 La-

715 2909 1062 2978 tinarumque
1095 2908 1402 2963 litterarum
1434 2911 1676 2964 studium
1711 2927 1741 2965 e
1783 2911 2123 2982 Cappadocia
2161 2919 2296 2970 ado-

712 3000 923 3055 lesce'ns
986 3016 1044 3055 se
1104 2999 1359 3071 Berytum
1420 3013 1472 3056 et
1503 3005 1628 3056 inde
1661 3003 1961 3058 Caisarcam
1993 3005 2294 3062 Pubestinte

711 3093 942 3146 contulit
990 3109 1112 3147 cum
1138 3093 1303 3148 fratre
1336 3095 1702 3150 Athenodoro.
1757 3095 1864 3150 Hos
1898 3097 2155 3167 Origenes
2199 3115 2292 3168 per

2417 633 2565 676 secta
2599 625 2850 678 cclectica
2886 613 3190 682 introducta
3221 638 3306 684 est
3330 644 3360 683 a
3401 628 3716 694 Potamone,
3763 630 4006 686 Alexan-

2418 714 2597 778 drino,
2629 717 2720 786 qui
2748 733 2812 771 ex
2851 719 3080 788 singulis
3119 721 3280 774 Sectis
3299 736 3382 786 ea,
3415 737 3536 791 qua:
3561 722 3660 776 sibi
3699 723 4003 790 placerem,

2415 808 2668 874 eligebat,
2698 819 2801 864 etc.
2835 809 2932 878 (Ex
2961 811 3176 865 Laertia
3209 813 3250 876 Ι,
3283 829 3454 884 segm.
3494 817 3557 870 19
3589 826 3640 868 et
3671 815 3788 886 20.)

2487 897 2832 966 Harpocras,
2887 904 3175 956 Ammouio
3206 904 3500 973 (l-lcrmea')
3563 904 3895 971 familiaris,
3947 917 4004 960 et

2414 989 2714 1056 Nicomedi,
2735 993 2958 1060 Isidoro,
2994 994 3348 1064 Horapolliui,
3375 996 3654 1060 Heraisco,
3673 1010 3807 1056 etc..
3831 1001 4000 1052 homo

2413 1083 2702 1154 Aigypthts
2724 1087 2814 1156 qui
2844 1086 3080 1142 Zenonis
3113 1090 3241 1154 imp.
3277 1099 3520 1158 tempore
3561 1091 3714 1143 vixit.
3757 1090 3904 1144 Infra
3941 1093 3997 1145 in

2413 1176 2782 1246 Horapolliue.
2833 1181 2931 1245 (Ex
2967 1179 3294 1248 Daniascio.)

2484 1267 2898 1336 Harpocration,
2929 1272 3187 1340 Argivus,
3241 1273 3554 1330 Platonicus
3593 1276 3994 1345 phil050phus,

2409 1363 2611 1417 Ctesari
2665 1362 2974 1418 familiaris.
3037 1365 3266 1436 Scripsit
3348 1366 3862 1422 Commentariorum
3941 1373 3995 1420 in

2409 1453 2683 1507 Platonem
2720 1455 2882 1510 libros
2909 1453 3125 1522 XXIV,
3158 1468 3204 1512 et
3241 1457 3544 1514 Dictiomtm
3581 1459 3996 1514 Platonicorum

2410 1551 2571 1604 libros
2605 1549 2688 1603 Il.

2479 1641 2870 1712 Harpocration
2909 1641 3136 1714 (Caius),
3169 1646 3436 1714 sophista,
3474 1648 3692 1716 scripsit
3725 1647 3802 1701 De
3831 1649 3994 1702 Anti-

2405 1737 2613 1803 phontis
2659 1735 2880 1804 ﬁguris;
2913 1734 2990 1788 De
3025 1733 3302 1806 Hyperidis
3329 1745 3378 1789 et
3405 1735 3576 1805 Lysia:
3607 1739 3988 1802 orationibus,

2405 1837 2451 1883 et
2487 1829 2614 1882 alia.

2477 1920 2872 1990 Harpocralion
2911 1919 3163 1990 (Elius).
3199 1921 3464 1990 sophista,
3487 1923 3700 1990 scripsit
3733 1923 3808 1977 De
3839 1924 3988 1986 illis,

2403 2027 2517 2078 qua'
2547 2021 2779 2062 oratores
2813 2011 3082 2080 ignorasse
3124 2012 3398 2076 videntur;
3427 2014 3744 2082 Argumenta
3785 2019 3990 2068 oratio-

2403 2120 2526 2156 num
2552 2103 2832 2172 Hyperidis
2853 2120 2870 2164 ;
2894 2103 3206 2156 Ementitam
3229 2121 3342 2158 esse
3363 2104 3622 2158 Herodoti
3647 2105 3990 2170 Historiam;

2403 2193 2478 2248 De
2499 2195 2766 2247 ordinibus
2792 2194 3110 2246 militaribus
3135 2196 3273 2260 apud
3305 2194 3698 2264 Xenophontem
3723 2213 3739 2260 ;
3771 2195 3846 2250 De
3873 2211 3990 2250 arte

2403 2286 2701 2347 rhetorica;
2741 2284 2814 2338 De
2845 2285 3030 2352 formis
3061 2287 3382 2338 orationum.

2469 2376 2867 2445 Harpocration
2936 2377 3258 2446 (Valerius),
3315 2382 3496 2431 rhetor
3543 2378 3984 2439 Alexandrinus.

2402 2472 2620 2540 scripsit
2653 2469 2878 2524 Lexicon
2909 2471 3082 2522 decem
3123 2481 3436 2534 oratorum,-
3481 2469 3758 2538 Ἀνϐηρῶν
3813 2488 3984 2523 συνα-

2401 2561 2607 2631 γωγὴν,
2639 2561 2752 2616 sive
2786 2561 3100 2630 ﬂoridorum
3129 2562 3466 2615 collectanea.

2471 2656 2775 2720 Hccatmus,
2801 2656 3106 2718 Abderites,
3133 2656 3508 2724 philosophus,
3537 2656 3625 2725 qui
3659 2666 3710 2710 et
3741 2657 3984 2712 Criticus

2399 2756 2454 2802 et
2485 2745 2888 2802 Grammaticus
2936 2747 3348 2815 cognominatus
3380 2758 3460 2800 cst
3481 2787 3494 2808 ,
3525 2749 3666 2816 quod
3715 2762 3982 2815 apparatu

2399 2840 2755 2906 grammatico
2821 2839 3036 2893 abunde
3090 2838 3386 2892 instructus
3440 2849 3600 2891 esset.
3667 2839 3812 2892 Vixit
3881 2843 3984 2894 sub

2395 2931 2688 2985 Alevaudri
2745 2929 2922 3000 Magni
2992 2929 3424 2983 successoribus.
3489 2929 3718 2999 Scripsit
3781 2945 3984 3000 praeter

2397 3024 2498 3076 alia
2535 3024 2601 3076 de
2635 3021 2850 3075 Homeri
2888 3031 2940 3075 ct
2969 3022 3184 3076 Hesiodi
3215 3023 3382 3090 poesi.

2465 3115 2769 3178 Hccatmus,
2797 3113 3224 3185 llegesamlriF.,
3254 3114 3516 3175 Milesius,
3545 3115 3673 3167 vixit
3711 3117 3978 3183 lt‘mpnri-

711 3182 1144 3252 quinquennium
1180 3185 1382 3239 erudiit
1405 3195 1457 3238 et
1497 3185 1563 3239 ad
1597 3187 1753 3240 ﬁdem
1789 3186 1990 3242 Christi
2029 3191 2284 3258 paulatim

2397 3207 2494 3260 bus
2521 3206 2685 3268 Darii,
2705 3205 2796 3275 qui
2831 3182 2949 3272 post
2973 3205 3294 3274 Cambvscm
3323 3206 3562 3273 regnavit
3583 3213 3712 3274 (quo
3731 3216 3978 3276 tempore

713 3275 946 3330 reduxit.
994 3273 1308 3347 Gregorius,
1346 3279 1397 3330 in
1449 3279 1678 3347 patriam
1733 3281 2028 3342 rediturus,
2067 3281 2284 3352 Origeui

711 3364 968 3432 pra‘scnti
1017 3365 1222 3434 gratias
1281 3367 1388 3435 egit
1443 3365 1694 3421 Oratione
1747 3374 2061 3438 panegyrica
2096 3411 2110 3434 ,
2165 3387 2288 3440 quae

709 3457 1007 3510 etiamnum
1033 3465 1229 3513 exstat.
1269 3455 1498 3526 Scripsit
1524 3469 1575 3513 et
1603 3459 1982 3528 Memphi-asini
2015 3464 2065 3515 in
2107 3463 2288 3517 Eccle-

708 3549 946 3610 siastem,
976 3549 1192 3604 brevem
1231 3551 1399 3614 illam,
1424 3551 1514 3605 sed
1545 3552 1916 3606 admirabilem
1941 3573 1954 3608 :
1980 3563 2286 3626 multaSquc

711 3639 1004 3708 Epistolas.
1037 3641 1280 3696 Decessit
1307 3642 1411 3695 sub
1440 3643 1735 3698 Aureliano
1770 3645 1948 3700 clarus
1985 3647 2284 3713 miraculis,

710 3749 832 3802 qua:
883 3733 1172 3804 episcopus
1231 3733 1422 3788 edidit.
1455 3735 1962 3802 —Athcnodoru<,
2035 3738 2280 3808 Gregorii

711 3825 903 3890 frater,
941 3827 1222 3894 sophista,
1279 3825 1498 3894 scripsit
1557 3824 1632 3879 De
1671 3827 2038 3882 incarnatione
2085 3839 2132 3882 et
2180 3830 2285 3900 [ide

705 3919 1018 3971 orationem.

780 4010 1096 4079 Gregorius,
1153 4009 1408 4074 Hermian,
1467 4009 1775 4080 philosophi
1806 4051 1820 4074 ,
1871 4010 2074 4074 frater.
2128 4013 2288 4082 plane

708 4102 1020 4164 dissimilis,
1060 4117 1223 4172 supra
1273 4101 1494 4156 modum
1549 4112 1742 4156 acutus
1773 4111 1826 4155 et
1847 4103 1912 4156 ad
1954 4105 2287 4172 questiones

706 4209 760 4251 et
781 4195 1098 4264 disciplinas
1125 4193 1426 4263 expeditus,
1447 4195 1735 4264 caeteroqui
1756 4195 2050 4264 inquietus,
2073 4205 2199 4261 etc.,
2221 4195 2286 4266 (Ε

707 4286 976 4339 liantascii
1001 4283 1141 4338 Hist.
1161 4283 1581 4353 philosophica.)

776 4378 936 4446 Gygi:
996 4377 1244 4442 annulus,
1269 4375 1336 4432 de
1379 4375 1694 4450 hominibus
1747 4375 1900 4430 valde
1951 4377 2184 4432 versutis
2230 4389 2285 4434 et

705 4471 826 4527 calli
853 4470 936 4530 lis.
957 4477 1064 4524 etc.
1597 4453 1604 4460 ’

2395 3309 2448 3353 ct
2475 3299 2758 3368 Dionysius
2789 3297 3022 3351 Milesius
3051 3299 3230 3364 vixiri,
3260 3297 3576 3366 Olympiade
3635 3297 3768 3349 LXV
3811 3301 3980 3352 histo—

2397 3391 2740 3460 riographus.
2775 3389 2888 3444 Hoc
2914 3389 3095 3458 junior
3123 3389 3226 3442 fuit
3259 3391 3456 3443 Πυτοάι
3479 3399 3565 3442 tus
3587 3433 3598 3448 ,
3631 3391 3978 3444 Halicarnas-

2395 3499 2556 3548 seus,
2603 3483 2696 3552 qui
2727 3483 2955 3536 multum
2987 3483 3036 3536 ei
3083 3482 3258 3536 debet.
3297 3481 3418 3534 Fuit
3447 3480 3726 3534 Hecalzrus
3761 3485 3978 3534 auditor

2395 3571 2705 3642 Protagorae
2753 3579 2808 3626 et
2876 3571 3083 3638 primus
3143 3571 3422 3624 historiam
3498 3574 3742 3624 oratione
3815 3589 3974 3636 pro~a

2395 3663 2720 3731 scripsit,uti
2755 3662 2962 3731 primus
2991 3661 3326 3733 Pherecydes
3361 3666 3474 3730 (res
3525 3664 3974 3732 philosophicas),

2395 3754 2580 3808 itidem
2625 3757 2870 3808 oratione
2899 3753 3072 3808 soluta
3106 3757 3372 3822 exposuit.
3409 3754 3798 3822 Scriptacnim
3835 3761 3976 3810 Acu-

2395 3845 2512 3899 silai
2543 3843 2846 3898 adulterina
2877 3855 3022 3897 sunt.
3061 3843 3218 3914 (Infra
3241 3885 3254 3902 .
3286 3845 3335 3897 iu
3370 3845 3698 3913 inopiam.)

2475 3933 2776 3992 'on't-cstov.
2841 3934 3081 3986 Habebat
3129 3932 3442 4002 Theagrurs
3491 3935 3701 3986 lle-catze
3749 3935 3976 3987 simula-

2394 4040 2582 4091 crum,
2634 4025 2804 4094 quod,
2875 4039 3204 4093 quocunque
3271 4025 3402 4086 iret,
3475 4025 3816 4077 consulet-at.
3877 4025 3974 4080 HLc

2395 4117 2622 4182 καπνὸς,
2651 4117 2827 4184 firmus
2863 4115 3176 4168 vocabatur.
3207 4115 3446 4170 Fuerunt
3468 4127 3516 4170 et
3547 4119 3632 4168 alii
3673 4120 3780 4171 duo
3808 4119 3976 4171 Thea-

2391 4224 2580 4276 genes,
2624 4221 2856 4276 quorum
2893 4206 3032 4258 alter
3077 4207 3143 4260 de
3179 4205 3412 4258 Homero
3451 4210 3695 4276 scr'p~it,
3734 4211 3872 4262 alter
3905 4212 3972 4260 ob

2392 4297 2672 4352 mollitiem
2721 4297 2822 4350 fuit
2854 4296 3092 4352 infamis.
3138 4297 3296 4352 Conf.
3331 4299 3544 4353 haste-ri
3597 4311 3710 4352 μοι.
3765 4312 3896 4355 tom.
3933 4301 3970 4366 l,

2391 4406 2512 4460 pag.
2546 4391 2670 4445 687.

2463 4483 2814 4544 Hcccbolius,
2851 4481 3094 4550 sophista
3143 4481 3494 4542 CPolitanus.
3545 4485 3646 4536 sub
3695 4487 3968 4540 Conslan-

764 4561 1046 4631 Γυμνασία
1099 4559 1438 4630 διαλεκτική.
1495 4557 1816 4628 Huiusmodi
1845 4557 2016 4614 libros
2075 4559 2286 4615 Aristo-

2397 4577 2504 4631 lino
2533 4575 2934 4629 Clu-istianismi
2963 4589 3020 4628 se
3051 4575 3244 4626 ardore
3275 4572 3502 4643 ﬂagrare
3541 4577 3809 4632 siumlaus
3831 4623 3844 4638 ,
3873 4585 3970 4636 sul,

705 4657 841 4711 teles
871 4663 925 4710 et
983 4653 1394 4723 The0phrastus
1447 4653 1804 4722 scripserunt,
1843 4651 2042 4722 quibus
2091 4653 2286 4708 docent

707 4747 980 4800 rationem
1033 4743 1387 4814 probabiliter
1417 4741 1469 4796 iu
1507 4751 1796 4809 utramque
1851 4749 2060 4810 partem
2109 4739 2286 4796 disse-

705 4839 882 4894 reudi.

779 4930 1148 5002 Gymnasius,
1207 4928 1515 4992 Sidonius,
1582 4925 1876 4997 suphista,
1941 4925 2284 4995 imperatoris

705 5023 1050 5079 Constantini
1115 5021 1454 5090 temporibus
1481 5019 1636 5073 vixit.
1669 5015 1900 5085 Scripsit
1931 5015 2285 5070 Declamatio-

709 5135 796 5171 nes
851 5128 902 5169 ct
960 5114 1410 5170 Commentarium
1483 5113 1534 5165 in
1601 5111 2000 5164 Demosthenem
2064 5119 2119 5162 et
2178 5111 2281 5162 alia

706 5209 974 5280 quaedam.

1464 5294 1508 5347 ll

1464 5294 1483 5348 ι

781 5393 1037 5450 Htcresis.
1076 5391 1413 5461 Hippobotus
1462 5389 1614 5452 dicit,
1671 5401 1860 5439 novem
1924 5399 2045 5438 esse
2099 5391 2280 5438 sectas

707 5489 823 5543 sive
857 5484 1174 5551 disciplinas
1221 5479 1692 5550 philosophorum,
1745 5473 2102 5541 Megaricum,
2149 5469 2279 5524 Ere-

709 5575 1337 5643 triacam,Cyrenaicam.
1365 5571 1698 5640 Epicuream,
1732 5564 2086 5624 Anniceriam,
2120 5561 2278 5614 Theo-

707 5671 958 5730 doriam,
1014 5666 1300 5721 lenoniam
1357 5679 1453 5718 seu
1513 5661 1772 5720 Stoicam,
1807 5655 2174 5711 Academicam
2229 5665 2278 5706 et

711 5761 1142 5825 Peripateticam.
1198 5755 1415 5822 Cynica:
1469 5763 1650 5806 autem
1687 5761 1739 5804 et
1777 5747 1970 5801 Eliaca:
2003 5761 2065 5798 ac
2113 5745 2280 5797 diale-

709 5855 859 5907 ttit‘a:
901 5867 1004 5906 non
1051 5851 1316 5906 meminit.
1369 5847 1664 5918 l‘yrrbouia
1701 5857 1808 5896 non
1847 5839 2042 5909 poterit
2087 5837 2272 5906 ευριπι-

2386 4668 2602 4724 Juliano
2647 4667 2870 4721 Stolidus
2907 4667 3189 4726 ethnicus,
3225 4677 3344 4735 post
3377 4667 3494 4734 ejus
3527 4667 3732 4720 obitum
3773 4671 3966 4726 iterum

2386 4760 2768 4822 Christianus,
2802 4759 3084 4826 πατήςατέ
3130 4775 3220 4826 με,
3270 4758 3559 4820 clamavit,
3613 4761 3670 4812 τὸ
3725 4763 3862 4824 ἆλας
3913 4767 3968 4819 τδ

2385 4853 2734 4923 ἀναίσθητον,
2761 4849 3060 4906 conculcate
3094 4866 3192 4908 me.
3223 4848 3428 4915 fatuum
3466 4851 3652 4902 salem.

2459 4944 2826 5014 Hegelochus,
2861 4943 3097 5011 tragicus
3133 4941 3353 5003 histrio,
3389 4941 3438 4992 in
3473 4939 3748 5008 Euripidis
3785 4945 3970 5002 Oreste

2385 5052 2482 5106 pro
2511 5036 2718 5104 γαληνὰ
2752 5035 2862 5102 ὁρῶ
2893 5034 3260 5103 pronuntiavit
3305 5033 3473 5102 γαλῆν
3527 5037 3658 5102 ὀρῷ.
3701 5036 3876 5104 Eunt,
3909 5051 3970 5096 ut

2383 5142 2516 5182 voce
2548 5129 2846 5186 insuavem,
2881 5124 3190 5192 perstringit
3220 5125 3390 5177 Plato.

2456 5216 2768 5283 llegcmor,
2833 5213 3181 5266 Demostheni
3241 5223 3574 5266 memoratus
3631 5231 3729 5282 pro
3785 5221 3964 5273 Ctesi-

2383 5309 2604 5378 phonte.
2645 5306 2798 5360 Unus
2831 5315 2946 5360 erat
2987 5305 3236 5366 illorum,
3273 5305 3363 5371 qui
3403 5304 3758 5360 Macedonum
3797 5313 3966 5378 parti-

2381 5403 2484 5456 bus
2519 5401 2764 5454 favebant
2799 5410 2852 5452 et
2881 5399 3198 5452 muneribus
3231 5399 3466 5463 corrupti
3501 5400 3888 5455 credi-bantur.

2453 5493 2760 5560 Hcgemou,
2793 5491 3028 5544 Thasius
3052 5529 3066 5550 .
3119 5499 3480 5558 cognomento
3515 5491 3694 5557 Φακῆ.
3729 5494 3804 5546 Eds
3843 5495 3964 5563 ejus

2383 5585 2722 5638 dramalibus
2768 5583 2984 5636 Φίλε-ινα
3029 5591 3164 5636 teste
3198 5583 3456 5634 Athenaeo
3496 5581 3547 5633 in
3591 5581 3960 5655 lﬁpnOsOphi-

2380 5679 2499 5738 stis,
2555 5673 2666 5734 XV,
2723 5690 2774 5728 c.
2825 5673 2924 5734 16,
2981 5690 3100 5742 pag.
3149 5673 3274 5728 699.
3323 5671 3379 5722 ιν.
3419 5671 3638 5736 liiister,
3695 5691 3818 5746 pag.
3866 5679 3958 5742 ΑΞ,

2384 5781 2497 5822 not.
2527 5784 2592 5827 tt:
2627 5779 2680 5819 et
2703 5783 2827 5836 pag.
2857 5767 2945 5832 45,
2983 5776 3094 5820 not.
3128 5783 3163 5818 l.

2457 5859 2828 5928 lli-gesippus,
2864 5857 3129 5927 Crobylus
3184 5869 3574 5928 cognomento,
3627 5859 3786 5928 cujus
3831 5883 3952 5922 «[’ξδτε
