4182 6526
177 400 306 462 1273

177 519 453 572 inventum
487 510 609 579 pilis
637 505 877 561 obsitum
919 509 973 554 et
1019 507 1365 552 communem
1407 486 1738 560 magnitudi-
1770 489 1816 542 Α

176 624 296 664 nem
332 607 490 674 longe
526 611 835 670 superasse.

245 697 604 758 Hermolaus,
675 686 1063 760 grammaticus
1118 678 1471 749 Cpolitanus,
1529 668 1748 735 scripsit

175 796 460 863 hpitomcn
502 786 730 840 ἐθνικῶν
780 779 1041 850 Stephani
1084 772 1463 846 grammatici,
1520 777 1750 834 eamque

177 881 482 938 Justiniano
551 879 682 945 imp.
715 874 902 928 dedica
915 871 1006 923 vit.

245 973 491 1028 Herodes
521 970 714 1031 Julius,
745 966 884 1018 Illius
911 960 1092 1022 Attici,
1128 953 1364 1010 Plutarc'
1440 964 1627 1017 nepos.
1663 961 1753 1014 ge-

178 1084 310 1123 nere
343 1065 632 1126 :Eacides,
689 1055 1036 1112 Atheniensis
1061 1092 1076 1114 ,
1124 1067 1190 1105 ex
1244 1045 1540 1112 nnmiripio
1572 1040 1750 1092 Mara-

181 1162 409 1220 thonio,
443 1157 721 1223 sophista,
757 1151 827 1204 ob
857 1149 1174 1202 thesaurum
1211 1140 1560 1213 (repertum)
1599 1134 1753 1187 valde

179 1255 351 1314 divtis,
389 1251 523 1303 adeo
553 1256 611 1301 ut
644 1256 695 1299 el
729 1243 966 1297 stadium
1004 1249 1057 1292 et
1091 1240 1362 1290 theatrum
1399 1241 1541 1285 tecto
1574 1226 1755 1281 rnuni-

164 1359 297 1400 tum
341 1338 766 1396 Atheniensibus
815 1330 1138 1388 condiderit.
1197 1325 1372 1392 Ipsius
1425 1332 1573 1390 pater
1620 1318 1757 1370 Asia}

185 1435 403 1506 prtefnit
451 1440 504 1484 et
552 1431 634 1481 bis
681 1425 1024 1480 consulatum
1079 1418 1267 1488 gessit.
1320 1414 1464 1465 Vixit
1511 1407 1757 1473 Traiani,

186 1526 448 1582 Hadriani
485 1533 536 1577 et
571 1518 734 1574 Marci
766 1513 1056 1573 Antonini,
1109 1511 1276 1576 impp.
1327 1502 1661 1570 lemporilms
1706 1506 1758 1548 et

184 1618 518 1674 Favorinum
590 1610 1044 1672 Polemonemque
1122 1607 1478 1668 praeoptares
1549 1589 1756 1642 haLuit.

187 1701 818 1778 Scripsil'E;qy.spi51;,
839 1712 993 1765 opus,
1021 1693 1163 1746 varia
1185 1687 1487 1743 eruditione
1511 1685 1756 1750 νιιιιιιιιιιε

188 1807 316 1856 item
353 1797 617 1865 Epistolas
666 1802 718 1844 ct
762 1791 1028 1841 orationes
1059 1777 1493 1846 extemporales,
1531 1787 1760 1841 (piarum

188 1891 440 1948 meminit
478 1888 840 1942 Philostratus
885 1881 936 1933 in
981 1876 1116 1928 Vitis
1171 1872 1565 1939 sophistarum.
1616 1864 1671 1915 Ei
1709 1864 1761 1913 in

191 1987 385 2043 Schola
415 1979 682 2037 successit
713 1973 978 2027 Adrianus
1002 2011 1016 2034 ,
1052 1967 1314 2036 sophista.
1353 1957 1766 2015 Circumfer-un-

195 2100 286 2138 tur
319 2091 373 2136 et
402 2078 572 2132 multa
599 2074 700 2126 alia
729 2071 874 2124 illius
903 2067 1127 2134 scripta,
1156 2078 1220 2113 ex
1249 2060 1448 2127 quibus
1483 2064 1534 2105 et
1569 2050 1766 2119 ingenii

189 2178 313 2244 ejus
347 2166 697 2238 magnitudo,
735 2172 787 2212 et
819 2160 1014 2212 mentis
1064 2150 1374 2207 sublimitas
1409 2143 1638 2213 persiiit‘i
1675 2153 1769 2208 po-

194 2236 321 2324 test.
369 2236 515 2318 Obiit
562 2259 704 2312 circa
741 2249 954 2306 LXXVI
985 2246 1157 2301 aetatis
1194 2255 1431 2304 annum,
1479 2236 1597 2289 tabe
1642 2247 1768 2285 con-

193 2361 393 2416 fectus.

272 2446 637 2505 Herodianus,
672 2434 1086 2496 Alexandrinus,
1117 2425 1524 2497 grammaticus.
1559 2415 1774 2486 Apo'lo—

198 2545 300 2604 nii,
331 2533 697 2612 grammatici,
728 2527 1056 2597 cognomine
1088 2520 1296 2592 Ilyscoli
1322 2557 1334 2574 ,
1369 2515 1426 2566 Ρ.
1466 2514 1607 2564 Vix-it
1638 2520 1774 2560 tem~

199 2604 530 2707 pore'Marci
559 2623 817 2680 Antonini
848 2621 1002 2686 imp.,
1034 2629 1202 2684 quare
1241 2611 1426 2679 juninr
1466 2618 1546 2659 est
1581 2604 1774 2670 Diony-

201 2731 310 2789 sio,
346 2723 437 2794 qui
471 2721 734 2774 musicam
763 2713 1046 2767 historiam
1075 2702 1418 2769 conscripsit,
1453 2709 1504 2752 et
1552 2695 1777 2747 Philone

204 2787 417 2889 Ilyblio.
452 2814 551 2884 [De
582 2811 702 2879 ejus
738 2804 992 2875 operibus
1027 2799 1228 2853 multas
1259 2806 1340 2849 est
1376 2793 1592 2845 Kuster.
1625 2787 1692 2841 ad
1723 2789 1770 2840 h.

204 2914 244 2966 I.
280 2921 413 2964 tum.
446 2909 506 2970 ll,
542 2921 664 2974 pag.
694 2901 782 2959 78,
817 2916 871 2952 n.
899 2894 976 2965 8.]

281 3000 618 3058 Herodotus,
667 2993 796 3064 Lyxi
846 2999 899 3044 et
946 2984 1171 3055 Dryonis
1203 2978 1778 3045 F.,|Ialicarnasseus,

207 3094 408 3150 illustri
454 3104 648 3161 genere
687 3096 868 3146 natus,
919 3081 1136 3134 fratrem
1194 3076 1381 3128 habuit
1414 3070 1779 3124 Theodorum.

209 3189 441 3240 Samum
484 3180 733 3250 migravit
787 3183 1007 3246 propter
1056 3166 1474 3238 Lygdamidem,
1527 3163 1620 3229 qui
1667 3159 1855 3227 postC
1890 3158 1951 3192 ¹¹¹’

206 3277 553 3337 I’isindelim,
583 3280 812 3341 patrem,
843 3269 1128 3330 aviamqae
1148 3257 1491 3312 Artemisiam
1525 3265 1784 3323 tyrannus

211 3366 582 3424 Halicarnassi
630 3371 765 3415 erat.
817 3355 964 3412 Sami
1016 3353 1247 3406 Ionii-am
1293 3348 1582 3399 dialertum
1625 3357 1787 3394 exeo-

210 3465 339 3525 luit,
377 3469 431 3513 et
469 3456 759 3510 Historiam
804 3450 952 3501 libris
995 3444 1073 3499 IX
1127 3440 1362 3509 scripsit,
1411 3438 1725 3502 auspicatus
1759 3447 1788 3484 a

208 3556 381 3627 Cyro,
409 3551 596 3610 Persa,
629 3557 681 3600 et
706 3541 1010 3602 Candaule,
1041 3537 1306 3607 Lydorum
1344 3546 1485 3597 rege.
1523 3527 1790 3580 Reversiis

212 3647 418 3703 deinde
449 3642 922 3696 Halicarnassum,
962 3642 1250 3700 tyrannum
1287 3623 1528 3689 expulit,
1567 3618 1791 3672 invidia-

210 3757 328 3810 que
361 3737 559 3790 civium
594 3732 736 3799 tangi
771 3744 827 3782 se
860 3741 982 3779 cum
1012 3722 1306 3782 sensisset,
1342 3715 1607 3770 Thurium
1633 3753 1648 3775 ,
1687 3729 1794 3780 quo

213 3844 353 3885 tunc
377 3824 743 3881 Atheuienses
781 3816 1045 3872 coloniam
1079 3809 1447 3871 deieci-bant,
1493 3807 1635 3858 ultro
1665 3820 1798 3856 con-

211 3923 410 3986 cessit,
443 3920 531 3974 ubi
565 3917 853 3972 defunctus
895 3921 947 3964 et
993 3911 1045 3961 in
1099 3907 1215 3958 t'ozo
1252 3903 1494 3966 sepultus
1522 3909 1624 3952 est.
1661 3897 1797 3950 Sunt

213 4029 433 4076 tamen,
465 4011 556 4080 qui
590 4010 762 4067 aiunt,
797 4005 956 4058 Pella:
985 4001 1202 4055 obiisse.
1240 3996 1312 4047 De
1346 3993 1612 4046 Herodoto
1639 3992 1665 4041 ὁ
1698 4005 1800 4040 πα-

216 4108 476 4178 ριὸἁτης
525 4100 828 4170 (Julianus)
869 4098 919 4147 in
968 4092 1193 4160 epistola
1241 4105 1253 4140 :
1309 4088 1372 4138 Εἰ
1424 4103 1500 4152 τις)
1546 4082 1733 4141 πιστὸς
1772 4081 1800 4131 ὁ

209 4200 454 4265 Θούριος
493 4191 628 4245 εἶναι
663 4185 940 4254 λογοποιος
981 4184 1160 4244 δοκεῖ,
1201 4177 1260 4233 Si
1303 4177 1386 4230 cui
1428 4174 1653 4227 Titurius
1689 4169 1800 4237 ille,

210 4289 464 4344 historice
491 4285 736 4348 scriptor,
773 4278 874 4346 ﬁdc
904 4278 1092 4342 dignus
1125 4286 1236 4323 esse
1266 4268 1491 4322 videtur.

296 4379 484 4434 IIei-on
506 4416 518 4437 ,
550 4375 750 4441 Cotyos
769 4371 852 4430 F.,
888 4364 1262 4423 Atheniensis,
1302 4360 1506 4418 rhetor,
1539 4354 1628 4422 qui
1658 4351 1802 4406 Cau-

211 4492 343 4535 sas,
373 4469 590 4523 Athenis
621 4475 790 4524 actas,
821 4458 1057 4536 scripsit.
1088 4454 1216 4506 Item
1247 4449 1638 4514 Expositionem
1663 4445 1806 4510 (ora-

215 4564 480 4628 tionum)
540 4555 792 4612 Dinorchi
836 4569 851 4605 :
901 4546 1306 4602 commentarios
1357 4543 1408 4593 in
1456 4538 1805 4594 Herodotum,

214 4654 670 4721 Xenophontem,
710 4641 1085 4710 Thucydidem.
1125 4633 1482 4702 Κεκριμένων
1525 4629 1808 4694 ὀνομάτων

210 4717 544 4806 selectorum
577 4738 947 4794 vocabulorum
979 4733 1137 4784 libros
1167 4727 1286 4781 III.
1322 4725 1595 4793 Epitomen
1635 4717 1809 4772 Hera-

213 4843 394 4899 clidis
425 4835 804 4894 historiarum;
841 4828 910 4880 De
945 4824 1176 4890 antiquis
1211 4818 1507 4873 oratoribus
1537 4823 1586 4866 et
1616 4811 1814 4864 oratio-

215 4938 431 4996 nibus,
483 4929 669 4998 quibus
718 4927 768 4976 in
822 4917 1271 4974 commissionibus
1321 4913 1574 4964 vicerunt.
1611 4901 1810 4958 I-Ieroni

1407 381 1508 439 DE
1546 373 1832 448 QUIBUS
1876 371 1971 430 SU
1985 368 2179 428 IDAS.

3295 342 3430 406 1975

1893 478 2178 541 Hersilia,
2228 485 2424 527 nomen
2460 467 2764 538 proprium.
2819 462 2890 514 De
2923 474 2984 513 ea
3022 457 3244 528 Dionys.
3284 457 3428 510 Itali-

1848 587 2001 626 carn.
2036 568 2263 636 Antiqq.
2298 565 2457 617 Itom.
2498 561 2592 614 lib.
2627 573 2688 610 ιι.

1921 659 2211 720 Hesiodus,
2240 656 2542 717 Cumanus,
2578 667 2606 703 a
2641 658 2790 718 patre
2834 646 2961 702 Dio.
3013 655 3062 698 et
3125 649 3296 695 matre
3333 640 3433 705 Ργ-

1851 755 2087 814 (εῐηιρςιιξ,
2124 748 2439 802 adolescens
2488 741 2783 796 translatus
2829 745 2907 790 est
2940 738 3184 793 Ascra-ii,
3207 733 3430 785 Humtim

1852 849 2145 900 civitatem.
2180 841 2309 892 Dius
2343 837 2486 890 ﬁlius
2524 830 2855 900 Ampelidm,
2919 843 3086 888 nepos
3140 822 3426 886 Melanopi,

1852 954 2009 1007 quem
2047 935 2198 986 aiunt
2232 932 2401 984 fuisse
2437 943 2596 980 avum
2637 922 2851 975 Homeri
2889 919 3009 979 avi,
3045 919 3114 968 ita
3149 925 3199 965 ut
3233 901 3430 964 Home-

1855 1047 1949 1084 rus
1980 1038 2139 1081 natus
2171 1027 2238 1080 sit
2267 1041 2328 1076 ex
2367 1019 2608 1090 patruele
2642 1013 2879 1071 Hesiodi.
2935 1009 3227 1073 Utriusque
3259 1018 3430 1069 genus

1857 1126 1923 1177 ab
1954 1122 2164 1175 Atlante
2196 1115 2388 1168 dndm'i
2446 1113 2645 1163 ferunt.
2674 1109 2928 1157 Poemata
2971 1099 3186 1152 II-siodi
3214 1137 3226 1159 ,
3263 1094 3432 1146 Theo-

1857 1217 2053 1284 gonian
2079 1210 2250 1276 Opera
2286 1216 2330 1258 ct
2372 1206 2480 1256 dies
2505 1246 2517 1264 ,
2551 1200 2775 1266 Cl’ypeus
2799 1237 2810 1254 ,
2863 1193 3211 1244 Heroinarum
3252 1183 3438 1238 mulie-

1859 1323 1971 1358 rum
2005 1302 2291 1368 Catalogus
2379 1296 2528 1347 libris
2571 1291 2628 1353 Υ,
2665 1287 2968 1353 Ιίρὶπυάίιιιη
3000 1285 3054 1334 in
3094 1279 3437 1352 Batrachum,

1859 1412 2017 1464 quem
2057 1367 2330 1445 amaverat
2362 1426 2374 1444 ,
2415 1385 2483 1436 De
2519 1383 2673 1434 Ida'is
2713 1375 2983 1441 Dactylis,
3018 1379 3069 1423 et
3107 1372 3207 1423 alia
3244 1367 3434 1420 multa.

1861 1487 2006 1540 Obiit
2040 1484 2272 1549 hospitio
2308 1486 2566 1543 ιξχιιθμιιεδ
2598 1473 2664 1523 a‘n
2693 1471 2927 1536 Antipho
2959 1473 3012 1516 et
3042 1464 3309 1516 Ctimeno,
3343 1455 3440 1526 qni

1863 1589 2022 1633 noctu
2073 1585 2320 1642 putantes
2343 1587 2398 1622 se
2445 1565 2649 1619 seroris
2687 1577 2798 1613 sum
2831 1566 3193 1625 stupratorem
3231 1547 3442 1604 interfl-

1865 1688 2017 1728 eere,
2053 1667 2091 1719 II
2118 1668 2213 1716 ~sio
2237 1667 2343 1715 lum
2404 1661 2810 1711 obtruncarunt
2861 1650 3045 1702 inviti.
3078 1645 3312 1698 Homero
3350 1640 3440 1692 alii

1867 1760 2228 1829 antiquiorem
2264 1753 2490 1809 faciunt,
2528 1747 2789 1815 :equalem
2822 1743 2932 1796 alii.
2965 1716 3300 1806 Porphyrius
3324 1733 3445 1785 alii-

1870 1870 1973 1920 que
2018 1848 2231 1915 plurimi
2291 1845 2448 1896 annis
2501 1851 2717 1893 centum
2761 1835 3076 1905 juniorem.
3131 1839 3186 1880 ut
3233 1834 3442 1879 tantum

1869 1942 2062 1998 XXXII
2115 1939 2269 1990 annis
2336 1934 2562 2004 primam
2620 1926 2993 1996 Olympiadem
3069 1914 3444 1973 antecesserit.

1872 2036 2022 2090 Adde
2053 2031 2268 2084 liasteri
2307 2038 2420 2079 not.
2449 2023 2641 2085 5410,
2679 2031 2809 2073 tom.
2846 2019 2908 2080 Il,
2942 2015 3167 2084 pag.80.

1945 2127 2236 2193 Ἕσπερος.
2275 2114 2624 2172 I’arn‘tenides
2680 2112 2799 2180 (alii
2875 2111 3025 2162 aiunt
3069 2099 3443 2174 Pythagoras),

1874 2219 2080 2285 primus
2129 2212 2517 2283 deprehendit,
2569 2206 2818 2260 eumdem
2873 2215 2991 2255 esse
3048 2196 3342 2266 Vrsperum
3397 2197 3451 2244 et

1875 2310 2209 2363 Luciferum.

1951 2399 2251 2466 Hesychius
2271 2393 2527 2453 Milesius,
2554 2391 2708 2457 IIesyi
2731 2385 2827 2440 hii.
2852 2379 3136 2443 causidici,
3162 2386 3211 2431 et
3238 2373 3453 2443 Sophia:

1881 2495 1966 2558 F.,
1990 2490 2321 2560 temporibus
2346 2484 2614 2538 Anastasii
2657 2485 2723 2536 let
2748 2472 3059 2537 Iustiniani)
3081 2471 3274 2537 impp.,
3297 2466 3448 2516 vixit.

1882 2586 2112 2653 Scripsit
2137 2577 2583 2647 Ὀνοματολόγον.
2609 2572 2640 2636 ἢ
2671 2573 2870 2619 πῖνςικα
2890 2565 2995 2614 τῶν
3027 2563 3082 2610 ἐν
3100 2557 3311 2624 πει-,ὅπᾳ
3337 2554 3452 2604 ὀνο-

1885 2679 2123 2750 μαστῶν,
2151 2669 2210 2726 οὗ
2242 2671 2469 2737 ὲπιτομή
2502 2671 2614 2718 ἐστι
2653 2664 2809 2714 τοῦτο
2847 2660 2905 2710 τὸ
2939 2656 3170 2724 βιϐλίον,
3212 2650 3412 2704 Nomen
3435 2674 3456 2686 ο

1883 2774 2156 2828 clatorem,
2191 2767 2324 2823 sive,
2351 2763 2441 2828 qui
2477 2761 2603 2810 liber
2638 2756 2779 2808 illius
2812 2762 2892 2804 est
2924 2750 3188 2814 Epitome,
3221 2740 3457 2795 Iudicem

1884 2868 2113 2919 virorum
2173 2860 2258 2928 qui
2291 2856 2528 2907 doctrina
2562 2851 2694 2903 clari
2731 2848 2960 2913 (uerunt.
2996 2841 3124 2893 Item
3166 2833 3460 2887 Historiam

1886 2957 2216 3010 chronicam,
2251 2965 2410 3017 quam
2459 2947 2510 2998 in
2563 2959 2651 2996 sex
2683 2942 2999 2992 diastemata
3039 2933 3140 3000 (sic
3174 2929 3315 2994 enim
3352 2926 3464 2978 siu-

1887 3051 2040 3118 gulos
2073 3048 2238 3098 libros
2269 2999 2551 3108 lappellatl,
2589 3032 2857 3087 distinxit.
2892 3029 2948 3081 In
2989 3021 3256 3078 hislibris
3287 2999 3464 3070 conti-

1961 3151 2087 3190 ntur
2122 3136 2287 3202 impp.
2326 3131 2693 3183 Romanorum
2745 3139 2863 3183 res,
2916 3118 3078 3170 variis
3132 3108 3465 3177 temporibus

1889 3238 2049 3298 gest-.e
2079 3237 2130 3278 et
2163 3221 2390 3277 historia
2427 3231 2612 3286 regum
2647 3228 2710 3266 ac
2741 3211 3044 3280 pl'IIICIpUtII
3112 3202 3200 3270 qui
3237 3197 3466 3265 singulis

1890 3319 2137 3389 gentibus
2169 3313 2545 3382 imperitarunt
2575 3323 2586 3359 ;
2623 3306 2748 3359 i:en‘|
2782 3317 2842 3354 ea
2892 3313 3011 3367 qua:
3040 3292 3274 3364 Byzantii
3307 3297 3458 3356 gesta

1892 3420 2018 3462 sunt
2067 3421 2238 3473 usque
2285 3404 2347 3454 ad
2406 3398 2689 3468 imperium
2740 3389 3052 3448 Anastasii,
3105 3385 3466 3451 cognomento

1895 3500 2093 3553 Dicori.
2130 3499 2183 3549 In
2219 3497 2398 3550 Iudice
2432 3509 2532 3545 suo
2572 3489 2772 3541 nullam
2827 3484 2953 3536 facit
3006 3478 3333 3531 mentionem
3378 3483 3470 3521 ec-

1895 3588 2410 3646 ςΙρδῑίιεὶὶρωιςυωλῡ
2434 3575 3066 3649 ἩΗῚ]ιιι,ξιηίᾚξίιιιῖῖὲοιιε
3087 3567 3214 3622 clari
3234 3563 3473 3625 fuerunt,

1898 3697 1955 3741 ut
1977 3687 2099 3738 hinc
2128 3681 2392 3750 suspicari
2414 3679 2588 3737 liceat,
2611 3689 2734 3727 eum
2769 3685 2869 3722 n0n
2894 3666 3059 3720 fuisse
3079 3660 3470 3718 Curistianum,

1898 3777 1992 3832 sed
2019 3776 2360 3828 ethnicorum
2393 3768 2549 3836 nugis
2579 3775 2630 3817 et
2659 3762 2811 3816 vanis
2846 3756 3038 3813 studiis
3068 3750 3364 3805 aldictum.

1971 3867 2240 3921 Hierocles
2266 3904 2279 3925 ,
2314 3859 2672 3928 philosophus
2706 3849 3109 3906 Alexandrinus
3130 3884 3143 3904 ,
3181 3837 3397 3909 ingenio
3425 3841 3478 3888 ct

1901 3960 2111 4014 dicendi
2150 3957 2406 4010 facultate
2441 3925 2733 4005 excellens,
2765 3945 2917 4008 cuius
2950 3938 3267 4002 discipulus,
3305 3925 3480 3978 Thro-

1901 4051 2108 4113 sebius,
2140 4049 2310 4101 aiebat
2341 4043 2519 4096 IIieroi
2540 4042 2642 4093 lem
2681 4032 2972 4102 aliqu-mdo
3007 4029 3145 4079 inter
3173 4018 3477 4076 docendum

1903 4144 2140 4204 dixisse,
2178 4136 2415 4191 Socratis
2472 4143 2750 4185 Sermones
2809 4121 3026 4176 tesseris
3076 4130 3198 4169 esse
3259 4110 3480 4170 similes,

1905 4251 1963 4292 ul
1998 4235 2088 4305 qui
2113 4245 2330 4299 semper
2354 4224 2520 4280 erecti
2553 4228 2731 4282 stent,
2779 4223 3109 4284 quocunque
3139 4203 3484 4258 cecidissent.

1909 4326 2174 4385 Hieroclis
2209 4321 2455 4376 animum
2487 4315 2695 4368 virilem
2735 4315 3098 4376 magnumque
3132 4299 3353 4350 adversa
3377 4291 3488 4343 for-

1911 4431 2037 4476 tuna
2067 4407 2481 4469 demonstraiit.
2514 4403 2648 4457 Cum
2689 4400 2829 4452 enim
2864 4390 3180 4463 Byzantium
3213 4380 3487 4452 profectus

1838 4509 1880 4563 D
1910 4508 2269 4567 Christianos,
2290 4513 2519 4570 quorum
2553 4506 2764 4548 summa
2789 4495 3024 4554 potestas
3053 4489 3192 4536 crat,
3230 4472 3491 4527 oﬂ‘eudis-

1917 4615 2017 4663 set,
2049 4596 2382 4667 injudicium
2417 4593 2612 4641 ductus
2644 4593 2696 4636 ct
2728 4577 3038 4634 Verberibus
3079 4583 3254 4624 caesus
3275 4560 3494 4630 sangui-

1921 4709 2063 4755 nem,
2100 4704 2208 4758 quo
2243 4683 2518 4743 manabat,
2549 4691 2679 4731 cava
2718 4687 2878 4725 manu
2910 4665 3143 4733 eicepit,
3185 4672 3359 4727 eoque
3399 4655 3492 4724 ju-

1921 4784 2094 4836 diccm
2138 4777 2370 4845 aspersit
2411 4773 2656 4839 dixitque
2709 4783 2722 4820 :
2782 4759 3020 4826 Κύκλωψ
3058 4757 3126 4824 τῆ
3158 4795 3172 4816 ,
3223 4750 3300 4804 πῖ⁹
3358 4743 3493 4805 ἷνον.

1923 4841 2224 4943 ὲπεὶφάγεξ
2239 4867 2507 4937 ἀνδρόμεα
2526 4863 2659 4932 κρέα
2678 4858 2889 4928 (Odyss.
2908 4856 2953 4914 I,
2970 4850 3115 4917 547).
3141 4845 3239 4906 En,
3257 4841 3496 4909 Cyclops,

1927 4968 2039 5020 bibe
2094 4966 2269 5017 vinum
2301 4969 2576 5027 postquam
2631 4953 2915 5003 humanam
2960 4955 3167 4994 carnem
3214 4932 3498 4988 devorasti.

214 5027 469 5086 Proclus
501 5038 558 5075 se
588 5017 880 5076 commisit,
925 5014 1043 5065 viro
1095 5009 1183 5078 pio
1223 5013 1278 5060 et
1323 5003 1415 5072 qui
1467 4998 1706 5070 perfecte
1759 5009 1818 5049 se

217 5120 657 5187 coiirparavcrat
685 5110 748 5163 ad
781 5103 1136 5160 institutionis
1167 5098 1430 5153 rationem
1479 5087 1819 5145 Alexandria:

219 5213 526 5268 usitatam.

307 5294 638 5361 Herophilo,
672 5304 792 5360 quae
839 5296 894 5341 et
939 5283 1144 5346 Sibylla
1193 5279 1471 5348 Erythriea
1499 5315 1512 5338 ,
1546 5267 1820 5324 Theodori

221 5395 379 5451 filia.
425 5385 652 5454 Scripsit
683 5397 843 5435 versu
873 5377 1089 5432 heroico
1133 5371 1310 5442 βιϐλία
1344 5367 1393 5436 γῗ
1430 5364 1686 5437 μαντικὰ,
1722 5372 1824 5414 tres

219 5482 637 5540 divinationum
673 5477 833 5527 libros
855 5511 869 5535 ,
895 5481 948 5524 et
981 5467 1286 5526 consulmn,
1326 5461 1405 5515 vel
1468 5461 1565 5527 (ut
1596 5456 1684 5510 alii
1715 5465 1826 5507 tra-

220 5574 436 5640 dunt),
460 5563 742 5635 Tarquinii
771 5559 1105 5630 temperibus
1129 5555 1357 5608 Romam
1403 5550 1572 5613 venit,
1603 5559 1829 5616 sperans

223 5682 340 5724 cos
383 5674 584 5730 magno
616 5655 718 5712 sibi
752 5651 980 5723 qusestui
1013 5649 1150 5702 fore.
1180 5644 1284 5699 Sed
1313 5656 1438 5696 cum
1468 5635 1743 5693 contemni
1775 5647 1834 5688 se

225 5760 505 5817 videret,
553 5751 691 5806 duos
719 5748 886 5802 libros
914 5740 1178 5798 cremavit
1210 5755 1224 5790 :
1257 5749 1398 5788 unus
1429 5746 1558 5785 vero
1588 5738 1836 5782 servatus

229 5861 324 5907 cst
350 5886 366 5910 ,
408 5858 570 5912 quem
598 5837 827 5895 Romani
862 5847 1055 5902 magno
1087 5827 1260 5900 pretio
1295 5824 1660 5881 redemerunt.

1928 5057 2050 5112 Post
2101 5056 2350 5110 exsilium
2402 5049 2523 5101 inde
2570 5055 2825 5098 reversus
2873 5031 3280 5092 Alexandriam,
3351 5038 3503 5078 more

1928 5151 2091 5206 solito
2168 5140 2566 5214 philosOphiam
2619 5129 2898 5198 discipulis
2987 5122 3254 5191 exposuit.
3310 5113 3503 5169 Mentis

1933 5243 2050 5310 ejus
2113 5235 2417 5292 sublimitas
2483 5226 2712 5298 perspici
2779 5226 2953 5290 potest
2991 5231 3054 5268 ex
3112 5205 3503 5266 commentariis

1934 5347 2073 5402 quos
2123 5325 2340 5393 scripsit
2386 5323 2439 5373 in
2481 5335 2642 5371 inn-ca
2678 5314 2913 5367 carmina
2949 5308 3418 5378 Pythagoreorum,
3455 5305 3510 5350 et

1937 5395 2180 5496 pluribus
2213 5420 2332 5471 aliis
2360 5413 2509 5468 libris
2545 5411 2613 5462 De
2645 5403 3003 5464 Providentia,
3028 5414 3090 5453 ex
3116 5395 3315 5466 quibus
3348 5404 3507 5458 appa-

1943 5527 2024 5572 ret
2073 5516 2246 5566 virum
2274 5509 2422 5562 illum
2454 5503 2634 5556 animo
2668 5497 2882 5568 quidem
2909 5491 3146 5554 excelso,
3168 5485 3261 5541 sed
3287 5481 3511 5538 scientia

1945 5609 2123 5662 minus
2158 5608 2408 5655 accurata
2446 5591 2726 5664 prazditum
2766 5585 2954 5638 fuisse.

2017 5720 2412 5784 Hieronymus,
2461 5717 2759 5777 tyrannus,
2814 5698 2876 5752 de
2928 5694 3083 5762 cujus
3117 5695 3287 5744 morte
3319 5683 3518 5754 (κατα-

1952 5806 2178 5878 στροφῇ)
2207 5771 2299 5873 qui
2329 5771 2686 5868 scripserunt,
2718 5785 2959 5846 historici
2993 5781 3158 5838 multa
3188 5777 3346 5834 verba
3376 5771 3516 5828 fece-
