4182 6526
707 456 848 523 1275

1897 449 2139 510 INDEX
2177 449 2673 511 SCRIPTOHUM

3833 453 3932 514 1’27

709 586 836 632 runt
873 576 940 630 de
973 577 1135 628 rebus
1169 569 1475 633 atrocibus,
1511 583 1630 638 qua:
1661 569 1712 620 in
1745 567 1920 636 ipsius
1957 567 2105 620 obitu
2137 566 2281 619 acci-
2314 573 2358 622 Α
2387 565 2440 618 in
2475 563 2813 626 Macedonia,
2854 563 2944 616 ubi
2980 563 3084 632 regi
3123 563 3392 617 Perdiccae
3439 563 3732 619 admodum
3779 573 3984 622 chains

708 670 924 732 derunt,
961 677 1018 720 ut
1047 679 1145 718 ucc
1175 663 1438 728 Phalaris,
1475 676 1574 714 nec
1605 659 1994 729 Apollodorus,
2029 673 2128 712 nec
2150 672 2292 712 unus

710 761 849 813 alius
883 769 1141 827 tyrannus
1180 757 1341 809 luerit
1377 754 1468 806 illo
1497 753 1768 814 acerbior,
1798 763 1902 806 etc.

781 851 1162 920 Hieronymus,
1192 845 1518 908 Cardianus,
1547 845 1638 912 qui
1673 861 1750 898 res
1778 843 1845 896 ad
1901 843 2290 896 Alexandriam

705 943 980 1016 θρεεηεπὰ
1009 939 1092 994 ἐπ’
1125 935 1498 1008 Ἀλεξανδρείᾳ
1519 936 1826 1006 πραχῡέντει
1845 937 2144 994 (Kusterus
2169 934 2294 1004 legit

705 1037 772 1088 τὰ
802 1036 878 1085 ὑπ
921 1029 1299 1097 Ἀλεξάνδρου,
1343 1043 1425 1080 res
1459 1027 1748 1080 Alexandri
1783 1025 1961 1094 Magni
1983 1033 2025 1090 ι,
2052 1023 2294 1078 conscri-

707 1123 1050 1196 psitJZardia
1084 1136 1276 1176 nomen
1311 1119 1464 1173 urbis
1499 1119 1574 1188 (in
1599 1119 1862 1172 Thracica
1893 1116 2287 1186 Chersoneso).

779 1216 1035 1274 Hilarius,
1063 1211 1262 1282 Phryx,
1291 1213 1393 1264 sub
1417 1210 1646 1264 Joviano
1704 1213 1836 1278 imp.
1889 1210 2044 1272 vi.\it,
2073 1209 2154 1262 vir
2183 1225 2292 1262 non

707 1310 922 1380 quidem
951 1305 1258 1360 eruditione
1289 1303 1538 1365 celebris,
1569 1303 1661 1357 sed
1693 1303 1801 1356 Deo
1827 1303 2000 1356 visum
2034 1309 2176 1364 erat,
2213 1299 2294 1354 fu-

707 1413 953 1455 turorum
1006 1397 1400 1468 prtcscicntiam
1455 1395 1532 1448 illi
1584 1395 1872 1464 impertiri.
1925 1396 2110 1463 Itaque
2148 1410 2290 1464 pra:-

708 1493 1076 1548 stautissintus
1109 1497 1260 1542 vates
1296 1487 1418 1542 luit.

779 1583 1072 1642 Himerius,
1135 1579 1362 1633 Aminiic
1395 1579 1626 1632 rhetoris
1653 1577 1743 1640 Ρη
1779 1593 1840 1630 ex
1875 1577 2160 1642 Prusiade,
2194 1575 2286 1629 Bi-

707 1675 902 1744 thynize
933 1673 1186 1738 civitate,
1230 1671 1494 1738 sophista,
1524 1667 1722 1721 Iuliani
1757 1669 1892 1736 imp.
1950 1668 2286 1736 temporibus

703 1763 836 1814 vixit
869 1773 921 1814 et
951 1759 1180 1812 Athenis
1217 1757 1496 1810 Promresii
1540 1757 1768 1808 annulus
1813 1757 1908 1808 t'uit
1939 1795 1952 1818 ,
1989 1756 2286 1824 oculosque

708 1855 758 1906 in
793 1861 1068 1905 senectute
1101 1849 1304 1902 amisit.
1335 1847 1566 1915 Scripsit
1603 1845 2047 1898 Declamationes.

778 1942 1102 2009 Hipparchia
1124 1981 1136 2003 ,
1172 1955 1326 1995 soror
1357 1938 1626 1992 Metroclis
1649 1979 1662 2000 ,
1701 1937 1888 2006 Cynici
1915 1979 1928 2000 ,
1975 1938 2281 2002 Maronitis,

704 2033 1032 2106 philosopha
1062 2033 1298 2104 Cynica,
1331 2047 1468 2084 uxor
1497 2029 1684 2099 Cynici
1717 2029 1950 2084 Cratctis
1972 2071 1984 2090 ,
2039 2031 2130 2100 qui
2185 2030 2287 2084 fuit

705 2127 1084 2191 Atheniensis,
1131 2125 1432 2194 discipulus
1487 2123 1776 2193 Btysonis,
1811 2123 1990 2176 Acha'i
2016 2163 2028 2182 ,
2082 2123 2195 2184 vel,
2229 2131 2286 2175 tit

708 2221 798 2272 alii
830 2219 1084 2280 tradunt,
1127 2217 1402 2286 DiOgcnis.
1442 2215 1669 2284 Scripsit
1718 2215 2086 2282 philosophica
2135 2231 2284 2282 quie-

705 2309 850 2366 datn.
878 2309 1003 2360 item
1037 2305 1535 2375 argumentationes
1566 2303 1852 2356 nonnullas
1875 2313 1928 2356 ct
1953 2304 2282 2371 (IIItBSIIOIIt‘S

703 2404 769 2456 a.l
801 2399 1183 2464 Theodorum,
1227 2397 1470 2450 atheum.
1523 2395 1732 2448 Floruit
1779 2393 2096 2465 Olympiade
2147 2393 2278 2446 CXI.

707 2493 941 2564 (Confer
969 2507 1086 2561 quae
1114 2489 1308 2544 Suidas
1337 2490 1390 2542 in
1423 2485 1617 2557 Ἥρα.)

777 2581 1144 2654 Hipparchiou
1179 2589 1382 2634 mutus.
1417 2579 1530 2631 Duo
1559 2577 1778 2631 fuerunt
1800 2575 2121 2642 Citharcedi,
2151 2577 2283 2647 Ilip-

706 2677 968 2746 parchion
1025 2686 1078 2728 et
1133 2671 1384 2726 Rufinus.
1427 2668 1562 2724 Cum
1612 2681 1790 2724 autem
1839 2669 2063 2724 instaret
2109 2680 2282 2724 certa-

709 2784 855 2832 men,
885 2763 1252 2834 Hipparcliion
1287 2771 1470 2815 mutus
1499 2762 1666 2814 stetit.

781 2858 1142 2928 Hipparchus,
1165 2855 1410 2910 comicus
1437 2855 1673 2924 antiquae
1697 2851 1998 2907 comoediae.
2031 2851 2279 2908 Dramata

702 2951 846 3022 ejus,
879 2951 946 3003 de
979 2948 1205 3018 nuptiis.

777 3042 1148 3112 Hipparchus,
1186 3038 1466 3108 Stagirita,
1523 3037 1918 3106 philosophus,
1969 3037 2280 3092 Aristotelis

701 3136 1002 3205 discipulus
1028 3142 1080 3189 et
1103 3141 1388 3203 cognatus.
1412 3130 1644 3198 Scripsit
1667 3129 1732 3182 de
1761 3129 2063 3182 masculino
2111 3140 2164 3182 et
2199 3129 2278 3182 Ic-

2399 657 2522 712 luit.
2551 657 2862 724 relictisque
2901 655 3112 710 duobus
3149 655 3292 719 ﬁliis,
3329 654 3594 710 Thessalo
3626 669 3678 712 et
3713 661 3980 728 Dracom,

2395 748 2528 802 obiit
2567 762 2711 800 anno
2743 747 2916 800 aetatis
2949 745 3083 807 CIV,
3120 747 3364 815 sepultus
3391 747 3624 802 Larissic
3657 751 3710 803 in
3741 753 3983 808 Thcssa-

2396 838 2485 892 lia.
2518 839 2573 891 In
2619 837 2930 892 simulacris
2981 849 3034 890 et
3075 838 3404 906 imaginibus
3453 853 3614 909 caput
3647 843 3766 910 ejus
3799 849 3982 897 cerni-

2395 937 2486 983 tur
2515 931 2678 998 pallio
2719 939 2916 983 tectum
2947 947 2960 981 :
2987 929 3068 982 vel
3106 930 3248 998 quod
3281 930 3366 984 hic
3389 943 3532 986 esset
3563 949 3682 986 mos
3721 935 3868 1002 ejus.
3893 941 3978 988 vel

2395 1029 2616 1089 propter
2661 1019 3040 1088 peregrinandi
3095 1019 3358 1084 studium,
3387 1022 3464 1074 vel
3521 1022 3662 1089 quod
3689 1039 3754 1076 eo
3793 1025 3982 1076 habitu

2395 1113 2722 1183 chirurgiam
2773 1127 3026 1166 exercere
3067 1111 3288 1164 soleret.
3343 1112 3438 1164 llic
3471 1115 3636 1166 multa
3681 1115 3904 1178 scripsit
3933 1129 3986 1168 tt

2395 1204 2534 1272 apud
2569 1217 2760 1258 omnes
2799 1205 2980 1258 clarus
3025 1205 3222 1267 evasit,
3257 1204 3392 1259 adeo
3419 1214 3478 1258 ut
3507 1221 3738 1272 magnus
3787 1207 3986 1260 Persa~

2397 1313 2513 1350 rum
2543 1313 2658 1358 rex,
2691 1299 3040 1360 Artaxerxes,
3078 1299 3299 1367 seriptis
3332 1300 3394 1352 ad
3431 1298 3720 1369 Hystaucni
3765 1303 3983 1364 litteris,

2399 1390 2558 1457 hujus
2587 1390 2683 1442 viri
2715 1391 3034 1459 sapientiam
3068 1391 3375 1460 expetict‘it.
3407 1391 3516 1446 Rex
3549 1411 3726 1464 regum
3757 1413 3984 1463 magnus

2393 1483 2734 1544 Artaxerxes,
2769 1495 2873 1536 ctc.
2913 1483 3056 1538 Libri
3089 1483 3432 1554 Hippocratis
3464 1487 3718 1540 omnibus
3747 1489 3978 1542 medici-

2393 1587 2476 1626 na:
2509 1573 2770 1628 studiosis
2797 1587 2922 1630 sunt
2956 1575 3244 1638 notissimi,
3296 1577 3388 1644 qui
3417 1593 3512 1630 eos
3543 1587 3600 1632 ut
3627 1581 3848 1632 oracula
3897 1583 3980 1632 ιιι-

2393 1662 2542 1722 tina,
2577 1664 2650 1725 ὡς
2675 1664 2810 1717 Θεοῦ
2841 1668 3024 1733 φωνὰς
3053 1665 3146 1718 καὶ
3173 1667 3272 1718 οὐκ
3289 1667 3576 1737 ἀνθρώπου
3607 1671 3870 1739 aspris/.095
3885 1689 3984 1734 εις

2390 1757 2456 1807 ὲκ
2489 1758 2778 1823 στόματος,
2817 1769 3162 1812 venerantur.
3192 1757 3409 1814 Primus
3441 1759 3860 1829 Jusjurandmn,
3893 1781 3982 1817 se-

2391 1849 2605 1902 cundus
2629 1847 3035 1922 Pra'dt'ctiones,
3075 1851 3268 1904 tertius
3301 1853 3728 1920 ΑρΙιονίδηιονιιιη
3765 1855 3982 1924 ἀνθρωο

2390 1941 2556 2008 πίνην
2603 1941 2947 2011 ὑπερϐαίνων
3006 1943 3258 2006 σύνεσιν,
3312 1945 3400 2014 qui
3455 1957 3664 2011 superat
3711 1948 3980 2015 ingenuan

2385 2033 2696 2086 humanum.
2729 2035 2990 2099 Quartum
3023 2036 3202 2090 locum
3231 2047 3378 2091 tenet
3399 2039 3814 2092 celeberrimum
3847 2043 3980 2093 illud

2385 2134 2430 2176 et
2462 2125 2784 2179 admirabile
2821 2141 2958 2194 opus
3003 2127 3284 2196 sexaginta
3331 2127 3594 2182 librorum
3641 2131 3756 2184 sive
3809 2131 3984 2184 licue-

2387 2215 2743 2280 rontabibtus,
2772 2217 2916 2286 quod
2943 2233 3160 2272 omnem
3187 2219 3454 2274 medicam
3487 2223 3773 2276 scientiam
3805 2237 3856 2277 et
3891 2241 3974 2280 sa-

2385 2308 2645 2375 pientium
2683 2309 2946 2362 continet.

2457 2399 2836 2471 Hippocrates,
2877 2401 3122 2456 Thessali
3161 2405 3246 2472 F.,
3275 2405 3442 2469 Cous,
3487 2409 3758 2470 medicus,
3809 2429 3980 2479 nepos

2383 2493 2732 2563 Hippocratis
2763 2495 3010 2558 secundi,
3041 2495 3134 2549 ﬁlii
3173 2493 3487 2553 Heraclidae.
3525 2500 3756 2566 Scripsit
3785 2515 3836 2555 et
3863 2505 3982 2572 ipse

2384 2583 2618 2638 medica.

2449 2675 2827 2744 Hippocrates,
2875 2675 3139 2734 Draconis
3173 2679 3258 2746 F.,
3297 2681 3466 2744 Cous.
3527 2685 3792 2747 medicus.
3829 2687 3980 2755 ejus-

2383 2769 2500 2822 dcnt
2527 2767 2876 2837 Hippocratis
2901 2773 3124 2824 secundi
3161 2789 3348 2839 nepos,
3377 2775 3468 2843 qui
3503 2775 3778 2829 Roxanen:
3811 2795 3980 2830 cura-

2383 2855 2461 2910 vit
2493 2865 2546 2910 et
2579 2858 2679 2910 sub
2708 2857 3041 2920 Cassandro,
3083 2861 3349 2931 Antipatri
3385 2863 3470 2930 Ρη
3499 2881 3529 2921 e
3571 2867 3680 2919 vita
3717 2871 3983 2924 excessit.

2383 2945 2614 3016 Scripsit
2641 2959 2696 3002 et
2723 2950 2838 3016 ipse
2865 2951 3093 3006 medica.

2452 3037 2838 3107 Hippocrates,
2891 3041 3114 3109 quintus
3159 3053 3214 3098 et
3258 3055 3474 3110 sextus,
3529 3051 3722 3104 medici
3775 3057 3980 3116 ambo.

2385 3130 2692 3199 Thymbruzi
2739 3133 2856 3197 (iiii,
2901 3133 2994 3188 Coi
3033 3143 3088 3188 et
3133 3137 3259 3205 ipsi,
3305 3141 3662 3214 ejusdemque
3727 3151 3974 3214 generis.

705 3225 912 3280 tniuino
937 3239 1070 3278 sexu
1102 3221 1415 3290 nuptiisque
1447 3219 1670 3274 deorum
1697 3259 1709 3282 ,
1737 3229 1788 3272 et
1822 3219 1922 3270 alia
1953 3219 2222 3286 quaedam.
2307 3247 2353 3308 ρ
2387 3220 2738 3291 Scripscrum
2769 3225 2930 3280 ambo
2962 3229 3028 3280 de
3057 3229 3246 3284 eadem
3281 3233 3531 3288 malum

775 3316 1154 3386 Hipparchus,
1215 3314 1538 3378 Nicaeensis,
1599 3310 1986 3380 philosophus,
2036 3311 2126 3377 qui
2181 3313 2284 3366 sub

702 3409 1019 3466 consulibus
1070 3407 1218 3459 vixit.
1276 3405 1504 3473 Scripsit
1555 3403 1628 3458 De
1679 3405 1832 3460 Arati
1889 3405 2282 3474 pltwnomcm's;

708 3503 780 3556 De
823 3501 1094 3554 stellarum
1141 3501 1492 3552 inerrantium
1535 3501 1906 3552 constitutione
1942 3511 1988 3552 et
2025 3502 2285 3564 statione;

705 3590 780 3644 De
805 3599 1069 3643 menstruo
1097 3589 1232 3642 (una:
1259 3597 1404 3640 motu
1425 3591 1708 3642 secundum
1745 3587 2102 3652 latitudinem,
2139 3599 2192 3642 et
2219 3589 2280 3642 In

703 3685 1022 3736 asterismos.
1051 3681 1268 3752 [Proba
1291 3691 1372 3736 est
1417 3683 1724 3736 emendatio
1770 3681 1832 3736 In
1871 3686 2192 3735 asterismos.
2227 3683 2282 3736 III

705 3776 886 3830 Suidaa
931 3783 1078 3828 textu
1114 3775 1306 3844 legitur
1343 3776 1434 3834 Ei;
1465 3775 1588 3838 τοὺς
1611 3774 1901 3842 ἀρίστους,
1959 3789 2078 3842 qua:
2129 3776 2286 3828 lectio

700 3867 819 3934 jure
861 3865 1144 3918 videbatur
1185 3865 1376 3917 vitiosa
1415 3861 1684 3924 Kustero,
1730 3873 1786 3917 at
1831 3865 1962 3933 qui,
2013 3865 2286 3932 quomodo

705 3956 886 4012 sanari
923 3965 1134 4024 posset,
1171 3969 1276 4008 non
1305 3953 1670 4026 reperiebat.]

785 4047 1010 4109 Ὶππὰς,
1051 4057 1286 4116 equester
1347 4047 1496 4097 ordo.
1545 4044 1740 4110 Solon,
1792 4049 1882 4116 qui
1940 4047 2082 4116 leges
2113 4047 2284 4102 Athe-

705 4137 992 4192 niensibus
1028 4137 1280 4204 scripsit,
1319 4143 1490 4189 totam
1549 4153 1737 4190 eorum
1791 4139 2192 4192 multitudinem
2231 4139 2283 4191 in

704 4238 941 4297 quatuor
971 4228 1173 4280 classes
1203 4225 1486 4289 distinxit,
1519 4235 1622 4280 etc.

777 4317 1020 4386 Hippias,
1055 4315 1324 4386 Diopithis
1359 4315 1443 4380 F.,
1477 4317 1657 4378 Eleus,
1692 4317 1933 4384 sophista
1962 4325 2012 4369 et
2047 4316 2286 4385 philoso-

706 4409 873 4478 phus,
913 4407 1210 4476 discipulus
1250 4407 1626 4474 Hegesidami,
1652 4410 1742 4476 qui
1773 4423 2045 4462 summum
2081 4410 2282 4461 bonum

705 4503 977 4555 statuebat
1022 4501 1371 4568 αὐτάρκειαν.
1409 4499 1570 4552 Multa
1632 4501 1868 4568 scripsit.
1925 4531 1994 4539 —
2035 4500 2286 4554 Diversus

2459 3313 2834 3383 Hippocrates,
2879 3319 3167 3386 septimus,
3219 3323 3382 3384 Cous,
3439 3337 3490 3380 ct
3537 3329 3650 3394 ipse
3709 3333 3981 3390 ηιριιῑι-κιε,

2391 3405 2760 3495 Praxianactis
2785 3408 2866 3474 F.,
2895 3413 3250 3483 ejusdemque
3273 3419 3506 3485 generis.
3533 3419 3760 3490 Scripsit
3787 3437 3834 3478 et
3869 3427 3984 3495 ipse

2389 3492 2456 3546 de
2493 3495 2680 3548 eadem
2713 3505 2850 3552 artu,

2462 3581 2801 3654 Hippolytus.
2847 3585 2942 3641 Hic
2991 3591 3210 3658 scripsit
3257 3591 3308 3645 in
3367 3597 3680 3664 prophetias
3745 3601 3984 3661 Danielis

2389 3679 2862 3738 commentarium,
2889 3693 2940 3732 et
2965 3681 3016 3734 in
3047 3682 3336 3738 Proverbia
3361 3687 3692 3745 Salomonis.

2463 3765 2802 3838 Hippolytum
2843 3771 3112 3840 imitabor,
3145 3776 3212 3829 de
3244 3777 3309 3831 iis
3339 3781 3430 3848 qui
3469 3785 3776 3840 castitatem
3820 3791 3982 3858 proti-

2389 3866 2601 3913 tentur.

2461 3949 2757 4017 Hipponax,
2781 3951 2992 4024 Pythca:
3012 3965 3062 4008 et
3081 3953 3351 4014 Procridis
3375 3960 3458 4026 F.,
3487 3961 3749 4032 Ephesius
3771 3981 3820 4024 et
3849 3973 3986 4024 iatn-

2387 4039 2580 4093 borum
2629 4037 2878 4110 seripttit‘,
2931 4048 3022 4115 qui
3049 4049 3398 4104 Clazomenis
3451 4057 3734 4124 habitavit,
3789 4067 3984 4129 μακρῇ

2387 4147 2416 4184 a
2446 4133 2708 4200 tyrannis,
2741 4135 3084 4204 Athenagora
3115 4151 3172 4193 et
3223 4142 3412 4197 Conia.
3453 4149 3684 4214 Scripsit
3723 4157 3772 4205 in
3809 4157 3986 4225 Brip;.-

2387 4222 2496 4272 Illtll
2523 4231 2576 4274 ct
2601 4225 2946 4290 Athenidetn,
2969 4231 3279 4292 statuarios,
3313 4237 3454 4300 quod
3503 4238 3766 4309 imagines
3813 4222 3986 4315 ipsius;

2390 4307 2602 4364 ludibrii
2629 4323 2680 4366 et
2709 4320 3050 4372 contumeliae
3085 4322 3254 4388 gratia
3306 4307 3656 4384 eliinvi~seni.
3687 4335 3782 4388 Hic
3821 4307 3988 4394 etiam

2390 4408 2598 4472 primus
2660 4413 2934 4478 parodiaui
2985 4425 3038 4469 et
3071 4419 3439 4475 choliambum
3489 4427 3730 4494 scripsit,
3763 4443 3814 4483 et
3844 4434 3972 4486 alia.

2391 4497 2486 4568 ιγ.
2517 4501 2734 4554 Kiister.
2763 4512 2896 4557 tom.
2925 4503 3000 4570 ll,
3047 4523 3171 4576 pag.
3223 4513 3355 4576 I-IS,
3395 4526 3506 4568 not.
3547 4519 3613 4580 -ί,
3655 4521 3748 4588 qui
3803 4523 3986 4576 locum

706 4599 790 4644 est
830 4589 1082 4659 Hippias,
1120 4599 1384 4660 tyrannus
1427 4589 1806 4652 Atheniensis,
1839 4589 1906 4644 de
1939 4606 2045 4660 quo
2080 4591 2286 4644 multus
2321 4603 2360 4658 ι)
2395 4593 2576 4646 Suiilie
2629 4595 2768 4650 male
2815 4603 3210 4668 transpositam
3263 4605 3330 4658 de
3355 4621 3578 4664 auctore
3644 4617 3882 4680 paroiliae
3933 4631 3988 4672 ιιι

707 4689 794 4735 est
826 4680 1044 4734 Suidas.

779 4785 1148 4854 Hippobotus.
1183 4783 1562 4853 phil050phus,
1603 4785 1692 4853 qui
1745 4783 1880 4838 dixit
1933 4799 2123 4838 novem
2177 4799 2299 4839 esse

707 4875 1156 4944 philosophorum
1200 4885 1400 4929 sectas.
1441 4874 1574 4928 Vide
1601 4891 1764 4944 supra
1799 4876 1849 4928 in
1883 4875 2134 4930 Ila-rests.

779 4967 1155 5036 Hippocrates,
1189 4967 1462 5022 Gnosidici
1488 4967 1573 5032 F.,
1603 4968 1767 5028 Cous,
1811 4979 1958 5036 pater
1981 4967 2294 5042 Heraclidae,

707 5056 938 5112 celebris
973 5055 1311 5125 Hippocratis
1343 5073 1498 5122 avus,
1545 5059 1786 5112 medicus
1812 5067 1864 5111 et
1892 5058 2005 5126 ipse
2035 5073 2064 5110 e
2091 5057 2294 5110 familia

709 5145 1172 5216 Asclepiadarum.
1211 5145 1441 5216 Scripsit
1470 5157 1642 5200 artem
1679 5147 1962 5200 medicam.

783 5233 1154 5302 Hippocrates,
1195 5234 1361 5298 Cous,
1394 5235 1658 5298 medicus,
1713 5233 2010 5288 lleraclidaz
2058 5233 2120 5288 F.
2165 5233 2292 5302 Ilip-

713 5323 951 5390 pocratis
993 5339 1159 5390 nepos
1215 5339 1318 5377 avo
1365 5323 1670 5394 prtcfertur,
1716 5325 1868 5379 sidus
1918 5317 2186 5394 quoddam
2225 5343 2289 5380 ac

712 5411 893 5464 lumen
919 5411 1221 5477 ntcdicina‘,
1253 5430 1359 5483 quo
1389 5415 1520 5468 nihil
1550 5427 1632 5468 est
1661 5417 1780 5470 vita:
1835 5417 2037 5470 utilius.
2077 5417 2150 5470 Ex
2206 5433 2292 5486 po-

713 5504 876 5557 steris
913 5503 1102 5573 Chrysi
1149 5515 1203 5560 ct
1240 5507 1356 5574 ejus
1384 5508 1500 5572 lilii,
1537 5507 1747 5577 Elaphi,
1771 5509 1862 5578 qui
1913 5521 1965 5563 et
2013 5511 2109 5578 ipsi
2145 5511 2293 5566 fuere

719 5595 933 5646 ini-dici.
969 5594 1274 5662 Diseipulus
1307 5599 1540 5668 primum
1576 5601 1765 5668 patris,
1797 5611 1977 5668 postea
2015 5601 2285 5666 Ilerodici,

719 5682 1020 5752 Selybriani
1057 5694 1108 5736 et
1138 5685 1366 5750 Gorgias,
1399 5691 1631 5744 oratoris
1659 5707 1720 5743 ac
1749 5693 2075 5760 philosophi.
2121 5695 2286 5746 Aiunt

717 5771 904 5833 ctiam,
929 5773 1324 5828 adolescentem
1361 5780 1656 5832 accessisse
1682 5781 1744 5833 ad
1785 5779 2146 5834 Democritum
2176 5785 2284 5838 Ab-

721 5863 971 5926 deritam,
1007 5865 1094 5918 alii
1135 5864 1420 5922 Prodicum
1467 5869 1734 5925 audivisse
1789 5871 2172 5930 Cotumoratus
2203 5887 2288 5930 est

2401 4687 2692 4740 clioliatnbi
2725 4691 2857 4742 bene
2889 4691 3106 4745 reduxit
3129 4697 3180 4747 in
3205 4711 3358 4750 suam
3387 4699 3594 4766 sedem,
3619 4718 3832 4773 suoque
3891 4725 3988 4760 au.-

2400 4779 2534 4830 ctori
2565 4781 2790 4832 reddidit
2821 4783 3232 4858 ittventioucm.]

2477 4869 2698 4941 "il‘l’FS.
2733 4869 3029 4942 [illc-ginus,
3059 4879 3370 4944 historicus,
3401 4885 3492 4952 qui
3522 4895 3764 4954 tempore.
3815 4891 3988 4944 hell-~-

2401 4977 2521 5014 rqu
2567 4961 2910 5017 Persicorum
2939 4967 3073 5020 vixit
3100 4978 3152 5022 et
3199 4972 3406 5038 primus
3440 4974 3534 5029 Res
3585 4977 3796 5032 Siculas
3851 4987 3990 5036 seti-

2400 5055 2531 5120 psit,
2557 5071 2690 5122 quas
2717 5067 2900 5125 postea
2921 5059 3065 5129 Myes
3098 5065 3298 5130 redegit
3325 5067 3375 5118 in
3407 5073 3810 5138 compendium.
3858 5075 3986 5128 Ilt‘m

2399 5145 2638 5215 Origines
2671 5147 2844 5202 Italia:
2878 5167 2892 5215 ;
2927 5149 3225 5206 Sicularum
3251 5173 3420 5209 rerum
3455 5161 3612 5214 libras
3651 5163 3728 5224 νς
3761 5165 3988 5219 (furui-i-

2401 5254 2582 5290 corum
2615 5239 2775 5294 libros
2813 5241 2888 5306 νς
2915 5243 3278 5313 Argolicorum
3307 5251 3468 5304 libros
3495 5252 3604 5307 111.

2483 5331 2814 5401 Ἰςττορῆσαι.
2859 5335 2990 5390 Vide
3017 5353 3180 5406 supra
3213 5342 3266 5393 in
3321 5341 3602 5398 Her-attrita
3627 5389 3640 5408 ,
3673 5349 3760 5401 ubi
3791 5353 3986 5406 eadem

2397 5423 2463 5476 de
2499 5421 2768 5488 Hecataeo,
2799 5423 3104 5498 Plterccyile
3137 5443 3190 5484 et
3219 5434 3474 5488 Acusilao
3505 5437 3780 5501 leguntur.

2469 5515 2791 5580 Hmneridae,
2817 5521 2908 5586 qui
2937 5535 3126 5578 versus
3163 5523 3478 5582 Homericos
3511 5531 3836 5587 recitabant.
3871 5539 3980 5588 Afri

2397 5607 2656 5662 familiam
2693 5611 2794 5663 hoc
2829 5612 2982 5665 aiunt
3013 5629 3206 5670 nomen
3249 5621 3438 5673 tulisse
3463 5635 3490 5671 a
3523 5633 3676 5688 poeta
3713 5623 3975 5680 Hmnern.

2393 5701 2493 5752 Alii
2521 5711 2766 5768 posteros
2787 5703 3070 5766 Chiorum,
3101 5711 3190 5776 qui
3219 5711 3268 5761 iti
3299 5710 3594 5767 Bacchand
3623 5715 3720 5766 bus
3747 5731 3840 5784 per
3861 5721 3986 5772 ἀτεκι

2397 5789 2624 5844 invicem
2671 5793 2854 5860 ὅμηρα
2915 5797 3032 5852 εἰκο
3071 5801 3286 5855 obsides
3327 5817 3576 5874 acer-ptes
3617 5821 3642 5859 a
3701 5825 3876 5880 puth
3931 5825 3984 5868 ιι

2397 5878 2576 5935 t'ttrare
2604 5883 2945 5950 quieverunt.
