4182 6526
194 445 328 506 1977

249 555 539 624 ὐμήρειος
571 556 746 625 λόγος.
796 558 1094 629 Ὀιιηρίζω,
1123 560 1288 612 verbis
1319 560 1534 613 Homeri
1561 573 1699 614 utor.

261 644 336 698 De
366 644 605 710 Homeri,
632 659 820 718 poeta),
846 665 1061 719 genere.
1088 651 1279 718 patria,
1307 662 1479 714 actate,
1507 661 1635 714 etc.,
1659 653 1775 719 plu-

188 743 327 794 rima
372 741 511 810 apud
549 738 769 793 Snidam
806 748 862 792 et
910 739 962 791 itt
1023 738 1234 792 Kusteri
1261 739 1326 792 ad
1383 740 1533 792 illum
1594 741 1772 806 notis,

191 845 324 887 tom.
354 832 419 894 II,
453 847 576 901 pag.
605 831 710 885 682
739 846 894 901 seqq.
930 831 1203 901 leguntur,
1250 833 1342 900 qui
1372 831 1508 886 Viue
1558 849 1772 903 quoque

187 927 332 990 ejus.
361 925 428 977 ab
459 922 732 977 Herodoto
772 923 1032 977 historico
1084 924 1318 993 scriptae,
1358 926 1604 978 meminit
1633 937 1683 979 et
1705 942 1767 979 ex

190 1017 281 1069 ilia
316 1017 526 1084 longam
573 1016 729 1085 ῥῆσιν
764 1015 971 1068 reeitat.
1011 1015 1277 1069 Przeterea
1313 1017 1378 1070 de
1409 1018 1627 1086 scriptis
1653 1018 1772 1085 ejus

193 1109 310 1161 lare
365 1108 560 1162 habet:
618 1105 875 1160 Poemata
931 1106 1171 1170 Ilomeri,
1229 1124 1350 1176 qum
1387 1125 1416 1162 a
1451 1111 1665 1163 nemine
1718 1111 1768 1163 in

189 1201 414 1253 i'ubium
470 1210 756 1265 vocantur,
796 1209 925 1254 sunt
982 1199 1115 1253 Ilias
1145 1210 1197 1255 et
1233 1200 1489 1270 Odyssea.
1543 1200 1770 1268 Scripsit

189 1306 373 1345 au'em
430 1292 646 1345 Iliadem
700 1308 806 1345 non
860 1293 1043 1357 simul,
1090 1308 1262 1361 neque
1291 1294 1546 1348 continua
1601 1295 1764 1356 serie,

188 1384 648 1453 quea-radmodum
698 1397 842 1438 nunc
874 1393 959 1437 est
990 1385 1321 1452 composita.
1373 1385 1465 1437 sed
1518 1385 1632 1454 ipse
1656 1385 1768 1438 sin-

188 1474 350 1542 gulos
406 1475 570 1528 libros
605 1491 633 1529 a
669 1490 728 1530 se
778 1475 1009 1542 scriptos
1063 1475 1328 1540 recitavit,
1361 1486 1412 1529 et
1451 1475 1513 1530 in.
1541 1474 1768 1528 urbibus

187 1581 327 1633 quas
358 1565 534 1620 victus
563 1566 836 1634 querendi
860 1567 1029 1633 gratia
1061 1566 1262 1630 obibat,
1294 1567 1530 1633 reliquit.
1568 1564 1764 1618 Postea

189 1670 322 1708 vero
364 1656 650 1723 compositi
698 1664 751 1710 et
811 1656 862 1709 in
916 1656 1162 1710 ordinem
1220 1657 1419 1710 redacti
1481 1656 1696 1708 fuerunt
1735 1670 1762 1707 a

189 1746 398 1808 multis,
449 1746 723 1814 praecipue
761 1759 889 1798 vero
919 1759 947 1798 a
1003 1743 1309 1808 Pisistrato,
1351 1745 1760 1797 Atheniensium

189 1846 446 1906 tyranno.
485 1836 718 1890 Homero
751 1835 851 1890 alia
888 1837 1046 1889 etiam
1089 1836 1335 1905 quaedam
1371 1843 1616 1903 poemata
1669 1836 1766 1888 tri-

193 1933 456 1991 buuntnr,
493 1938 552 1981 ut
598 1929 912 1988 Amazonia,
948 1927 1083 1980 Ilias
1127 1929 1318 1987 minor,
1353 1927 1571 1986 Νόστοι,
1614 1927 1764 1978 Ἐπι-

190 2020 428 2088 κιχΜδες
475 2021 589 2075 sive
625 2019 812 2082 Turdi,
862 2019 1222 2078 Ἠθιέπακτος
1267 2017 1575 2084 (Bentleius
1645 2016 1766 2083 legit

196 2111 654 2179 Ἐπτππάκτιον),
705 2112 818 2166 sive
873 2108 1060 2172 Iambi,
1126 2108 1397 2161 Ranarum
1441 2117 1489 2159 et
1538 2107 1767 2158 murium

192 2200 406 2269 Pugna,
453 2201 880 2270 Ἀραχνομαχία,
919 2199 1030 2253 sive
1063 2199 1388 2250 Araneorum
1423 2193 1628 2263 Pugna,
1667 2197 1770 2247 Κε-

193 2295 381 2361 ρκμὶς,
421 2292 752 2360 Amphiarai,
799 2291 1100 2354 Ἐξέλευσις
1141 2306 1232 2342 seu
1270 2289 1546 2354 Expeditio
1572 2327 1584 2350 ,
1639 2287 1768 2338 Παί-

187 2403 318 2450 γνια
349 2385 461 2438 sive
495 2383 728 2437 Ludicra
754 2401 815 2436 ac
843 2384 968 2446 ioci;
1009 2381 1203 2436 Sicilire
1239 2380 1601 2449 Erpugnaio,
1638 2378 1765 2444 Epi-

192 2479 477 2539 thulamia,
515 2477 726 2538 Κύκλος
762 2476 873 2530 sive
923 2474 1116 2527 Poema
1166 2475 1446 2542 cyclicum,
1497 2471 1692 2539 IIgntni
1720 2481 1766 2523 et

190 2568 412 2638 Cypria.
453 2569 548 2623 His
586 2567 721 2621 infra
767 2582 831 2620 ex
885 2565 1158 2618 Herodoto
1195 2565 1342 2617 addit
1378 2563 1683 2630 Κέρκωπας
1717 2571 1769 2614 et

193 2661 560 2730 Ὗςιρομαχίαν
589 2660 700 2713 sive
729 2657 1047 2712 Sturnorum
1080 2671 1310 2724 pugnant
1338 2672 1354 2717 ;
1387 2655 1651 2721 all‘ertque
1683 2653 1767 2704 in-

194 2766 406 2824 tcgrum
438 2753 717 2806 (laminam
749 2753 999 2819 variaque
1035 2749 1138 2802 alia
1177 2745 1392 2800 llomcri
1439 2747 1618 2799 brevia
1649 2760 1769 2799 car-

197 2846 366 2898 mina.
399 2841 516 2897 Filii
552 2841 766 2896 Homeri
802 2839 950 2893 fuere
979 2837 1216 2906 Eriphon
1251 2845 1305 2890 et
1339 2834 1630 2898 Theolaus,
1661 2848 1754 2902 ge-

195 2953 229 2989 n
251 2952 295 2988 ει·
327 2935 600 2994 Stasinus.
633 2931 881 3001 Cyprius,
914 2940 1019 2983 etc.

273 3025 573 3086 Homcrus,
609 3021 975 3077 Andromachi
1010 3029 1062 3073 et
1091 3018 1294 3088 Myrus,
1352 3017 1652 3087 Ilyzantim,
1679 3017 1716 3069 Ρ
1753 3054 1768 3079 ,

194 3115 586 3187 grammaticus
614 3122 668 3168 et
697 3122 850 3181 poeta
879 3113 1137 3179 tragicus,
1165 3126 1306 3162 unus
1327 3125 1354 3161 c
1379 3109 1603 3178 pleiade.
1641 3106 1768 3159 Flo-

197 3210 307 3264 rttit
338 3206 653 3278 Olympiade
682 3202 916 3258 CXXIV.
949 3203 1175 3270 Scripsit
1209 3201 1498 3269 tragoedias
1545 3199 1705 3252 XLV.

271 3298 573 3359 Ilomerus,
630 3303 994 3366 cognomento
1059 3293 1275 3352 Sollius,
1349 3291 1767 3360 grammaticus,

194 3395 422 3464 scripsit
463 3394 722 3463 Ilymnos,
757 3389 988 3443 Ludicra
1037 3388 1170 3442 varii
1219 3387 1453 3456 generis,
1487 3386 1767 3439 versibus:

195 3500 253 3542 et
286 3486 450 3540 Prosa
480 3487 546 3538 de
584 3483 828 3554 personis
860 3481 1080 3534 comicis
1114 3489 1165 3533 et
1199 3479 1525 3548 Argumenta
1575 3493 1771 3532 conite-

196 3579 411 3636 diarutn
445 3575 737 3629 Menandri.
774 3573 935 3634 Infra,
968 3571 1201 3633 Σέλλιος.

283 3668 689 3738 Ὀμοιομέρειι
741 3668 1091 3734 Anaxagoras
1157 3663 1510 3732 philosophus
1560 3661 1772 3715 dicebat

201 3762 257 3812 in
308 3759 438 3812 luna
492 3755 721 3809 habitari
752 3763 804 3807 et
831 3768 953 3807 esse
986 3752 1038 3805 in
1073 3767 1136 3803 ea
1173 3751 1337 3803 colles
1377 3757 1430 3803 et
1475 3751 1769 3801 convalles.

202 3847 480 3915 Principia
522 3859 652 3898 vero
687 3858 868 3896 rerum
903 3856 1021 3896 esse
1057 3839 1470 3893 Ilontmomerias
1509 3841 1622 3894 sive
1653 3855 1774 3908 par-

200 3937 260 3991 ιὶι
281 3935 421 3997 ulas,
453 3934 614 3988 rebus
645 3933 875 4002 singulis
906 3932 1133 3995 similes,
1165 3940 1270 3984 etc.

278 4045 596 4100 Homoloius
620 4041 968 4114 (Ὁμολὼῖος)
1001 4041 1231 4112 Jupiter,
1267 4039 1466 4094 Thebis
1492 4049 1545 4094 ct
1579 4041 1630 4092 in
1656 4041 1774 4095 aliis

203 4138 430 4192 licentiae
464 4138 772 4190 civitatibus
809 4135 986 4188 cultus
1024 4143 1076 4188 et
1123 4135 1175 4186 in
1231 4133 1532 4198 Thessalia,
1578 4149 1772 4186 nomen

209 4233 373 4284 habet
415 4230 480 4280 ab
525 4227 806 4281 Homoloia
861 4225 1096 4287 fatidica.
1165 4225 1370 4295 Eunyei
1415 4226 1542 4289 lilia,
1590 4242 1775 4292 quant.

201 4333 407 4383 vatem,
438 4320 668 4389 Delphos
697 4321 918 4373 missam
968 4317 1136 4372 fuisse
1166 4319 1340 4382 aiunt,
1371 4328 1427 4370 ut
1458 4318 1778 4386 AristOpba-

208 4429 309 4468 nes
339 4414 474 4466 libro
504 4411 739 4464 secundo
774 4410 973 4462 Iterum
1006 4410 1399 4462 Thebaicarnm
1432 4410 1611 4462 tradit.
1645 4410 1780 4462 Ister

205 4521 341 4560 vero
385 4506 524 4558 libro
555 4503 649 4556 XII
684 4505 1015 4570 Συναγωγῆς
1066 4505 1176 4556 sive
1223 4503 1712 4564 Colteetancorum.
1749 4517 1776 4556 a

1429 451 1523 508 DE
1565 450 1857 520 QUIBUS
1898 451 2202 511 SUIDAS.

3321 449 3454 512 1278

1803 571 1851 626 Α
1879 573 1925 614 et
1978 562 2103 615 loris
2159 562 2330 614 sacris
2359 576 2378 624 ;
2407 559 2856 616 Cmnmcularium
2896 564 2948 614 in
2988 560 3318 629 Sophoclem,
3364 563 3456 614 Al-

1881 671 2044 706 ca'um
2080 663 2128 706 et
2162 653 2468 708 Homerum.
2517 651 2736 705 Videtur
2773 653 3116 720 Christianus
3172 651 3340 708 fuisse
3373 651 3453 706 la-

1879 757 2022 807 etus,
2061 755 2116 798 ut
2149 745 2443 798 llcraiscus
2476 740 2801 813 [irzedixerat
2831 744 2969 804 lore,
2995 753 3100 799 etc.

1959 840 2314 909 ’Υμνοπόλος,
2332 841 2648 893 carminibus
2669 840 2802 892 alios
2821 838 3114 891 celebrans.
3141 838 3213 890 De
3231 837 3449 891 Alcma-

1878 947 1967 993 ne,
2004 932 2192 1000 lyrico,
2214 933 2568 998 epigramma,
2595 931 2789 983 πολλαὶ
2821 929 3080 998 πατρίδες
3112 927 3451 997 ὑμνοπόὶων.

1961 1025 2204 1085 ’Υὼδει;.
2242 1022 2428 1076 Suillis
2461 1023 2705 1076 moribus
2727 1033 2777 1076 et
2802 1023 2965 1075 ovino
2999 1021 3215 1090 ingenio
3239 1021 3450 1088 ιιι-ωιῑὲιί

1879 1119 1970 1171 lilii
2033 1117 2376 1185 Hippocratis
2443 1115 2665 1183 (diversi
2727 1131 2756 1167 a
2808 1115 3061 1179 medico),
3114 1111 3454 1180 Telesirpus,

1879 1211 2214 1276 Demophou,
2258 1210 2518 1271 Pericles,
2547 1223 2574 1262 a
2610 1205 2836 1260 comicis
2864 1205 3324 1274 perstringuntur.

1948 1300 2174 1371 l’lypatia
2201 1342 2213 1360 .
2248 1299 2486 1353 Theonis
2529 1307 2839 1367 geometrae,
2883 1292 3230 1347 Alexandrini
3277 1289 3452 1359 philo-

1875 1398 2054 1465 sophi,
2089 1397 2218 1459 lilia,
2259 1410 2402 1449 uxor
2434 1393 2624 1448 Isidori
2659 1389 2988 1460 philosophi,
3022 1386 3205 1440 ﬂoruit
3245 1395 3457 1452 tempo-

1874 1489 2026 1541 ribus
2083 1487 2298 1540 Arcadii
2378 1485 2509 1553 itup.
2585 1483 2815 1551 Scripsit
2875 1477 3327 1534 Commentarium
3395 1475 3452 1526 iu

1878 1577 2187 1642 Diophantis
2274 1573 2692 1626 astronomicum
2763 1570 3065 1631 Cononem;
3125 1567 3177 1618 in
3251 1563 3448 1617 Conica

1873 1666 2156 1730 Apollonii.
2213 1664 2554 1717 Alexandria
2621 1671 2768 1719 nata,
2824 1657 3052 1712 educata
3095 1665 3151 1708 et.
3197 1654 3448 1714 erudita,

1870 1758 2088 1825 ingenio
2116 1755 2494 1824 praestantiore
2525 1767 2687 1820 quam
2735 1759 2909 1820 pater,
2953 1763 3060 1800 non
3093 1744 3452 1813 acquiescens

1803 1897 1840 1950 Β
1870 1860 2090 1915 paterna
2126 1849 2177 1900 in
2209 1845 2604 1900 mathematicis
2658 1841 3020 1902 institutione,
3056 1846 3262 1892 c:eter:e
3284 1834 3446 1887 etiam

1913 1943 1920 1950 .
1950 1941 1979 1950 ..
2128 1941 2136 1950 .
2165 1940 2175 1950 ι
2304 1949 2308 1950 ,
2740 1947 2806 1950 ,,_
2864 1930 3120 1950 !,_____-J:.
3181 1937 3226 1950 Δι
3257 1925 3446 1950 --.ηιεη-ι.

1875 1940 2228 2008 philosophiae
2269 1949 2547 1992 strenuam
2592 1947 2812 2003 operam
2864 1930 3146 1999 impendit,
3177 1937 3231 1981 et
3257 1925 3454 1978 mulier

1871 2041 2089 2098 sumpto
2158 2029 2318 2098 pallio
2385 2043 2478 2097 per
2544 2027 2776 2079 mediam
2843 2023 3028 2075 urbem
3100 2016 3452 2088 progrediens

1871 2123 2084 2192 publice
2116 2121 2305 2174 audire
2335 2136 2392 2173 se
2422 2117 2728 2171 volentibus
2763 2115 3041 2168 Platonem
3070 2111 3154 2164 vel
3185 2109 3454 2162 Aristote-

1872 2214 1975 2267 lem
2007 2211 2084 2264 vel
2117 2211 2362 2278 cujusvis
2391 2208 2614 2261 alterius
2644 2203 2950 2274 philosophi
2992 2203 3195 2270 scripta
3223 2211 3450 2252 enarra-

1873 2307 1984 2359 hat.
2043 2303 2269 2375 Ilypatia
2323 2303 2616 2355 dilacerata
2672 2298 2775 2352 luit
2827 2299 2895 2350 ab
2933 2291 3333 2354 Alexandrinis,
3395 2298 3453 2343 et

1872 2414 2068 2466 corpus
2129 2398 2247 2464 ejus
2301 2411 2423 2448 cum
2483 2394 2718 2446 ludibrio
2774 2407 2867 2460 per
2898 2389 3084 2444 ttrbcm
3133 2386 3448 2454 disjectum,

1871 2493 2012 2562 quod
2060 2489 2259 2543 factum
2294 2489 2447 2541 aiunt
2498 2503 2562 2540 ex
2615 2483 2820 2539 invidia
2860 2479 3074 2550 Cyrilli,
3106 2478 3207 2542 vel,
3239 2487 3296 2529 ut
3329 2475 3446 2537 alii,

1871 2583 2014 2653 quod
2046 2579 2393 2635 Alexandrini
2421 2588 2616 2631 natura
2652 2584 2831 2628 essent
2866 2573 3103 2626 audaces
3125 2582 3178 2623 et
3211 2569 3274 2622 ad
3307 2569 3450 2621 sedi-

1873 2675 2072 2729 tionem
2113 2673 2400 2742 proclives.
2451 2669 2585 2722 Nam
2623 2668 2824 2720 multos
2855 2665 3016 2717 etiam
3063 2663 3446 2730 episcoporum

1873 2782 2096 2821 suorum
2156 2765 2225 2816 ita
2291 2770 2633 2822 tractarunt,
2694 2768 2751 2810 ut
2809 2755 3098 2823 Georgium
3147 2760 3202 2804 et
3257 2747 3450 2802 Prote-

1873 2862 2038 2918 riunt,
2081 2867 2184 2910 etc.
2223 2855 2521 2924 Imperator
2551 2867 2668 2905 cam
2717 2837 2830 2903 rem
2867 2846 3187 2916 gravissime
3232 2841 3372 2905 tulit,
3397 2849 3448 2893 et

1874 2950 2020 3003 ultus
2052 2956 2217 3008 esset.
2259 2948 2362 3000 nisi
2398 2945 2650 2999 .‘Edesius
2689 2941 2897 2996 amicos
2951 2934 3297 3006 imperatoris
3327 2947 3449 2986 cori

1873 3042 2128 3109 rupisset.
2165 3036 2276 3092 'St-d
2311 3039 2604 3105 imperator
2637 3048 2848 3102 poenam
2881 3031 3165 3084 remittens
3234 3022 3429 3079 intcrle

1875 3133 2137 3194 ctoribus,
2171 3132 2222 3184 in
2275 3145 2436 3185 suum
2501 3128 2673 3195 ipsius
2726 3132 2886 3193 caput
2929 3131 2982 3175 ct
3025 3120 3246 3188 stirpem
3291 3130 3446 3168 suam

1799 3233 1839 3288 c
1875 3224 2134 3277 ultionem
2174 3222 2416 3274 attraxit.
2458 3220 2587 3286 Ejus
2618 3217 2759 3269 enim
2785 3230 2955 3283 nepos
2980 3225 3168 3281 paruas
3196 3205 3448 3262 exsolvit.

1872 3313 2016 3365 Nihil
2053 3329 2112 3365 ea
2161 3329 2246 3365 res
2276 3311 2554 3363 imminuit
2601 3306 3095 3360 Alexandrinorum
3125 3299 3362 3354 studium
3397 3297 3447 3348 in

1873 3407 2178 3472 Isidorum;
2214 3423 2334 3460 nam
2373 3406 2405 3458 ii
2457 3405 2646 3464 etiam,
2675 3403 2766 3470 qui
2806 3400 3093 3453 rhetoricis
3127 3405 3180 3448 et
3227 3390 3451 3464 poeticis

1873 3499 2076 3552 scholis
2125 3506 2433 3565 prmerant,
2481 3494 2794 3562 frequentes
2831 3487 3135 3559 philosophi
3185 3499 3450 3551 congres-

1873 3606 1969 3644 sus
2021 3590 2294 3642 amabant.
2346 3587 2459 3640 Mea
2506 3600 2636 3638 vero
2684 3595 2816 3637 tetas
2851 3590 2960 3634 tres
2999 3579 3147 3631 novit
3207 3575 3448 3632 criticos.

1875 3682 1966 3752 qui
1996 3681 2062 3734 dc.
2092 3683 2179 3744 iis,
2206 3696 2324 3748 qua:
2346 3679 2410 3732 de
2433 3678 2608 3732 soluta
2636 3676 2885 3729 oratione
2909 3669 3451 3736 dicuntur,judica:e

1877 3783 2128 3844 possunt.
2169 3771 2487 3824 l‘oematum
2515 3772 2658 3822 enim
2699 3775 2755 3820 et
2787 3767 3116 3832 scriptorum
3166 3761 3449 3830 prosaico-

1879 3881 1997 3918 I‘um
2053 3864 2190 3915 idem
2233 3861 2498 3928 judicium
2549 3873 2672 3912 esse
2715 3864 2952 3910 constat.
2986 3853 3094 3921 Ego
3132 3865 3256 3903 vero
3283 3852 3447 3903 etiam

1879 3967 2234 4021 utrorumque
2271 3952 2522 4006 eumdem
2543 3949 2805 4004 artiﬁcem
2832 3963 2954 4001 esse
2982 3947 3188 4013 judico,
3221 3944 3264 3997 si
3295 3942 3453 3996 modo

1881 4060 2172 4114 utrumque
2221 4045 2333 4112 pari
2391 4043 2574 4098 studio
2616 4051 2960 4096 exerceatur.
3013 4025 3285 4089 Isidorum
3324 4047 3452 4086 vero

1881 4138 2022 4189 inter
2074 4134 2291 4188 criticos
2344 4133 2468 4187 illos
2511 4147 2618 4184 non
2679 4142 2963 4189 recenseo,
2995 4125 3087 4178 sed
3130 4123 3304 4177 trilms
3345 4121 3453 4175 illis

1880 4229 2040 4296 longe
2082 4225 2390 4278 inferiorem
2440 4239 2565 4277 esse
2599 4231 2746 4290 puto.
2785 4217 3004 4272 Judices
3051 4229 3182 4269 vero
3217 4213 3291 4265 illi
3323 4218 3454 4264 sunt.

1882 4317 2143 4386 Agapius,
2186 4315 2538 4375 Severianus,
2576 4313 2804 4366 Nonius.
2846 4307 3051 4362 Nonius
3088 4320 3217 4360 vero
3267 4311 3455 4359 noster

1884 4419 1964 4464 est
1990 4409 2232 4477 :equalis.
2285 4407 2349 4476 (IS
2383 4405 2712 4467 Ilantascio.)

1959 4497 2322 4567 Hyperbolus,
2381 4495 2736 4561 demagogus,
2798 4503 2958 4558 quem
3013 4485 3358 4553 Thucydides
3394 4483 3455 4534 li-

208 4597 364 4667 pacis
395 4595 599 4657 studio,
639 4594 780 4663 quod
808 4593 998 4661 ὅμολον
1034 4602 1115 4646 est
1138 4593 1278 4661 apud
1309 4591 1491 4649 diales
1521 4594 1653 4661 (76).
1682 4593 1777 4648 Est
1813 4567 1853 4620 θ
1881 4589 1976 4642 bro
2013 4605 2102 4641 vtu
2157 4602 2250 4654 per
2275 4585 2656 4670 ostracismum
2693 4583 2985 4650 relegatum
3025 4577 3232 4632 scribit.
3259 4574 3453 4627 Litium

205 4700 263 4745 et
294 4686 496 4741 Thebis
534 4688 713 4748 Ceres,
746 4701 865 4755 quae
898 4684 1184 4738 Homoloia
1211 4686 1536 4754 appellatur.

280 4777 465 4853 Ὧραι.
500 4783 591 4835 Est
634 4781 768 4833 liber
817 4779 1035 4849 quidam
1087 4778 1337 4842 Prodici,
1375 4778 1532 4831 "ora:
1588 4779 1779 4832 inscri-

205 4886 358 4946 ptus,
392 4874 444 4927 in
474 4887 580 4940 quo
603 4871 880 4926 Herculem
907 4871 1031 4924 facit
1054 4871 1233 4923 virtuti
1257 4879 1309 4923 et
1338 4871 1467 4924 vitio
1487 4887 1780 4924 occurren-

207 4980 341 5032 tem,
374 4978 606 5034 cumque
631 4973 859 5032 utraque
889 4962 951 5015 ad
984 4976 1114 5015 suos
1143 4977 1318 5015 mores
1354 4978 1477 5014 curn
1511 4962 1780 5024 invitaret,

207 5056 499 5112 IlerCulem
548 5054 735 5109 virtuti
783 5068 839 5108 se
886 5051 1228 5119 adjuuxisse,
1271 5061 1323 5105 et
1361 5052 1505 5104 illius
1552 5042 1781 5105 sudores

208 5148 593 5217 anteposuisse
631 5145 998 5213 voluptatibus
1058 5145 1191 5208 vitii,
1239 5143 1306 5196 ad
1361 5146 1522 5198 breve
1569 5152 1779 5196 tantum

209 5250 428 5308 tempus
456 5237 802 5290 durantibus.

283 5329 597 5397 IIorapollo,
633 5343 697 5380 ex
755 5325 1155 5395 I’hmncbytidc,
1201 5326 1323 5380 vico
1383 5324 1783 5393 Panopolitana:

209 5422 565 5493 praefecturae,
593 5421 1004 5489 grammaticus,
1029 5421 1096 5473 ob
1130 5429 1298 5472 artem
1329 5419 1528 5482 clarus,
1560 5426 1612 5470 ct
1651 5417 1782 5470 nulli

210 5526 454 5569 veterum
489 5512 927 5566 doctissimorum
963 5512 1441 5579 grammaticorum
1486 5511 1778 5570 secundus,

212 5608 401 5659 docuit
458 5603 796 5657 Alexandriae
835 5603 888 5655 in
933 5602 1187 5672 Egypto,
1216 5602 1410 5656 deinde
1447 5601 1604 5655 CPoli
1639 5611 1781 5653 lem-

213 5710 344 5764 pore
365 5692 656 5747 Theodosii
713 5695 843 5762 imp.
881 5691 1110 5760 Scripsit
1139 5689 1433 5760 Τεμενικὰ,
1462 5691 1529 5743 I'e
1551 5690 1781 5742 delubris

281 5872 395 5939 (76)
427 5870 586 5926 Conl'.
624 5869 876 5925 ValrLcu.
911 5870 972 5923 atl
1025 5867 1202 5928 Schol.
1262 5869 1444 5940 Eui‘p.
1473 5869 1728 5926 Pba‘uiss.
1770 5887 1820 5926 ν.
1863 5871 2014 5933 ll‘iO,
2047 5886 2164 5940 pag.
2198 5869 2321 5924 7'52-

1884 4695 2072 4733 amaus
2099 4680 2165 4731 ab
2195 4663 2558 4746 AristOphane
2597 4673 3001 4744 perstringitur.
3045 4668 3107 4724 V.
3136 4667 3334 4721 Kuster
3365 4663 3456 4728 III,

1884 4788 2005 4841 pag.
2036 4769 2160 4824 559.

1957 4862 2327 4933 Ilyperechius
2359 4853 3226 4925 Alexandrinus,grammatiCus,
3254 4862 3462 4917 tempo-

1885 4957 2038 5009 ribus
2061 4953 2315 5008 lllarciani
2351 4954 2480 5021 imp.
2534 4949 2763 5016 Scripsit
2795 4949 2971 4999 Artem
3021 4941 3458 5012 grammaticam;

1890 5047 1964 5100 De
1992 5047 2329 5107 nominibus;
2367 5045 2435 5096 De
2484 5043 2636 5095 verbo
2665 5057 2682 5103 ;
2723 5039 2792 5092 Ile
2826 5035 3220 5106 orthographia.

1958 5137 2271 5207 Hyperides,
2311 5132 2619 5200 Glaucippi,
2669 5130 2926 5214 rhetoris,
2968 5128 3070 5190 vel,
3111 5133 3169 5177 ut
3198 5123 3312 5187 alii,
3347 5121 3454 5192 Py-

1886 5229 2079 5284 thoclis
2099 5227 2180 5291 F.,
2205 5226 2571 5288 Atheniensis,
2594 5224 2922 5291 demagogus
2951 5219 3187 5287 optimus
3210 5224 3461 5269 etorator

1886 5338 2029 5375 unus
2067 5337 2129 5374 ev
2163 5320 2268 5372 illis
2310 5319 2496 5370 decem
2555 5316 2648 5384 qui
2680 5315 2954 5384 principes
2984 5318 3297 5365 censentur.
3334 5306 3456 5360 Dis-

1886 5413 2097 5481 cipnlus
2128 5411 2229 5464 fuit
2267 5424 2372 5461 una
2401 5423 2525 5462 cum
2571 5405 2818 5476 Lycurgo
2851 5402 3093 5456 Platonis
3124 5399 3455 5469 philosophi,

1888 5514 1939 5556 ct
1982 5501 2231 5556 Isocratis
2279 5500 2540 5552 rhetoris.
2597 5496 2819 5550 Amicus
2882 5495 3007 5548 licet
3053 5491 3453 5553 Demosthenis,

1890 5597 2066 5664 ip~um
2111 5605 2290 5646 tamen
2328 5591 2399 5645 ob
2431 5589 2735 5658 pecuniam,
2784 5587 2852 5640 ab
2891 5584 3122 5654 Ilarpalo
3157 5590 3454 5651 acceptam,

1890 5689 2187 5744 accusavit.
2222 5685 2513 5742 Amoribus
2540 5683 2826 5738 mulierum
2863 5679 3124 5735 addictior
3157 5677 3274 5732 luit.
3314 5675 3457 5733 Sub-
