  <div class='ocr_page' id='page_1' title='image "/cluster/home/n/w/nwhite01/storage/ocr_20150623/117/nnc1.0046980202/649.png"; bbox 0 0 4182 6526; ppageno 0'>
   <div class='ocr_carea' id='block_1_1' title="bbox 769 425 904 494">
    <p class='ocr_par' dir='ltr' id='par_1_1' title="bbox 769 425 904 494">
     <span class='ocr_line' id='line_1_1' title="bbox 769 425 904 494; baseline 0.03 -8"><span class='ocrx_word' id='word_1_1' title='bbox 769 425 904 494; x_wconf 73' lang='lat'><strong>1279</strong></span> 
     </span>
    </p>
   </div>
   <div class='ocr_carea' id='block_1_2' title="bbox 757 627 2323 710">
    <p class='ocr_par' dir='ltr' id='par_1_2' title="bbox 757 627 2323 710">
     <span class='ocr_line' id='line_1_2' title="bbox 757 627 2323 710; baseline 0.011 -30"><span class='ocrx_word' id='word_1_2' title='bbox 757 627 971 682; x_wconf 85' lang='lat' dir='ltr'><strong>Cereris</strong></span> <span class='ocrx_word' id='word_1_3' title='bbox 1011 630 1226 699; x_wconf 88' lang='lat' dir='ltr'><strong>templo,</strong></span> <span class='ocrx_word' id='word_1_4' title='bbox 1264 636 1407 700; x_wconf 87' lang='lat' dir='ltr'><strong>quod</strong></span> <span class='ocrx_word' id='word_1_5' title='bbox 1437 647 1521 690; x_wconf 89' lang='lat' dir='ltr'><strong>est</strong></span> <span class='ocrx_word' id='word_1_6' title='bbox 1553 636 1879 700; x_wconf 68' lang='lat' dir='ltr'><strong>llerinionm,</strong></span> <span class='ocrx_word' id='word_1_7' title='bbox 1911 651 2004 710; x_wconf 83' lang='lat' dir='ltr'><strong>per</strong></span> <span class='ocrx_word' id='word_1_8' title='bbox 2045 645 2323 709; x_wconf 80' lang='lat' dir='ltr'><strong>Archiain,</strong></span> 
     </span>
    </p>
   </div>
   <div class='ocr_carea' id='block_1_3' title="bbox 757 719 2328 807">
    <p class='ocr_par' dir='ltr' id='par_1_3' title="bbox 757 719 2328 807">
     <span class='ocr_line' id='line_1_3' title="bbox 757 719 2328 807; baseline 0.015 -38"><span class='ocrx_word' id='word_1_9' title='bbox 757 719 849 787; x_wconf 87' lang='lat' dir='ltr'><strong>qui</strong></span> <span class='ocrx_word' id='word_1_10' title='bbox 883 720 1004 775; x_wconf 90' lang='lat' dir='ltr'><strong>inde</strong></span> <span class='ocrx_word' id='word_1_11' title='bbox 1040 724 1461 795; x_wconf 81' lang='grc' dir='ltr'><strong>Φυγαδοθήρας,</strong></span> <span class='ocrx_word' id='word_1_12' title='bbox 1499 730 1612 784; x_wconf 84' lang='lat' dir='ltr'><strong>sive</strong></span> <span class='ocrx_word' id='word_1_13' title='bbox 1653 731 2001 801; x_wconf 81' lang='lat' dir='ltr'><strong>fugitivorum</strong></span> <span class='ocrx_word' id='word_1_14' title='bbox 2045 739 2328 807; x_wconf 77' lang='lat' dir='ltr'><strong>indagator</strong></span> 
     </span>
    </p>
   </div>
   <div class='ocr_carea' id='block_1_4' title="bbox 755 809 2324 898">
    <p class='ocr_par' dir='ltr' id='par_1_4' title="bbox 755 809 2324 898">
     <span class='ocr_line' id='line_1_4' title="bbox 755 809 2324 898; baseline 0.017 -37"><span class='ocrx_word' id='word_1_15' title='bbox 755 809 934 864; x_wconf 85' lang='lat' dir='ltr'><strong>dictus</strong></span> <span class='ocrx_word' id='word_1_16' title='bbox 993 823 1102 878; x_wconf 89' lang='lat' dir='ltr'><strong>est,</strong></span> <span class='ocrx_word' id='word_1_17' title='bbox 1148 819 1396 882; x_wconf 75' lang='lat' dir='ltr'><strong>extrahi,</strong></span> <span class='ocrx_word' id='word_1_18' title='bbox 1453 821 1806 894; x_wconf 79' lang='lat' dir='ltr'><strong>linguamque</strong></span> <span class='ocrx_word' id='word_1_19' title='bbox 1861 828 2075 893; x_wconf 65' lang='lat' dir='ltr'><strong>prmcidi</strong></span> <span class='ocrx_word' id='word_1_20' title='bbox 2137 831 2324 898; x_wconf 81' lang='lat' dir='ltr'><strong>jussit.</strong></span> 
     </span>
    </p>
   </div>
   <div class='ocr_carea' id='block_1_5' title="bbox 753 901 2325 986">
    <p class='ocr_par' dir='ltr' id='par_1_5' title="bbox 753 901 2325 986">
     <span class='ocr_line' id='line_1_5' title="bbox 753 901 2325 986; baseline 0.015 -31"><span class='ocrx_word' id='word_1_21' title='bbox 753 901 888 956; x_wconf 84' lang='lat' dir='ltr'><strong>Ossa</strong></span> <span class='ocrx_word' id='word_1_22' title='bbox 953 905 1125 973; x_wconf 87' lang='lat' dir='ltr'><strong>ﬁlius,</strong></span> <span class='ocrx_word' id='word_1_23' title='bbox 1189 911 1559 981; x_wconf 76' lang='lat' dir='ltr'><strong>Clam-ippus,</strong></span> <span class='ocrx_word' id='word_1_24' title='bbox 1615 917 1666 969; x_wconf 93' lang='lat' dir='ltr'><strong>in</strong></span> <span class='ocrx_word' id='word_1_25' title='bbox 1731 920 1906 986; x_wconf 91' lang='lat' dir='ltr'><strong>patrio</strong></span> <span class='ocrx_word' id='word_1_26' title='bbox 1970 934 2325 978; x_wconf 88' lang='lat' dir='ltr'><strong>monumento</strong></span> 
     </span>
    </p>
   </div>
   <div class='ocr_carea' id='block_1_6' title="bbox 753 996 1985 1073">
    <p class='ocr_par' dir='ltr' id='par_1_6' title="bbox 753 996 1985 1073">
     <span class='ocr_line' id='line_1_6' title="bbox 753 996 1985 1073; baseline 0.015 -25"><span class='ocrx_word' id='word_1_27' title='bbox 753 996 980 1064; x_wconf 68' lang='lat' dir='ltr'><strong>sepeliit.</strong></span> <span class='ocrx_word' id='word_1_28' title='bbox 1006 1000 1292 1058; x_wconf 74' lang='lat' dir='ltr'><strong>Orationes</strong></span> <span class='ocrx_word' id='word_1_29' title='bbox 1326 1007 1444 1073; x_wconf 83' lang='lat' dir='ltr'><strong>ejus</strong></span> <span class='ocrx_word' id='word_1_30' title='bbox 1471 1023 1659 1062; x_wconf 86' lang='lat' dir='ltr'><strong>omnes</strong></span> <span class='ocrx_word' id='word_1_31' title='bbox 1686 1023 1814 1064; x_wconf 90' lang='lat' dir='ltr'><strong>sunt</strong></span> <span class='ocrx_word' id='word_1_32' title='bbox 1850 1013 1985 1068; x_wconf 73' lang='lat' dir='ltr'><strong>LVI.</strong></span> 
     </span>
    </p>
   </div>
   <div class='ocr_carea' id='block_1_7' title="bbox 833 1087 2324 1180">
    <p class='ocr_par' dir='ltr' id='par_1_7' title="bbox 833 1087 2324 1180">
     <span class='ocr_line' id='line_1_7' title="bbox 833 1087 2324 1180; baseline 0.016 -38"><span class='ocrx_word' id='word_1_33' title='bbox 833 1087 1037 1160; x_wconf 74' lang='grc' dir='ltr'><strong>’Υρῤας</strong></span> <span class='ocrx_word' id='word_1_34' title='bbox 1069 1098 1214 1156; x_wconf 77' lang='grc' dir='ltr'>παῖς.</span> <span class='ocrx_word' id='word_1_35' title='bbox 1249 1095 1474 1167; x_wconf 79' lang='lat' dir='ltr'><strong>llyrrlue</strong></span> <span class='ocrx_word' id='word_1_36' title='bbox 1523 1103 1698 1172; x_wconf 90' lang='lat' dir='ltr'><strong>ﬁlius,</strong></span> <span class='ocrx_word' id='word_1_37' title='bbox 1741 1105 2017 1174; x_wconf 85' lang='lat' dir='ltr'><strong>Pittacus;</strong></span> <span class='ocrx_word' id='word_1_38' title='bbox 2067 1108 2324 1180; x_wconf 85' lang='lat' dir='ltr'><strong>idemque</strong></span> 
     </span>
    </p>
   </div>
   <div class='ocr_carea' id='block_1_8' title="bbox 751 1179 1298 1250">
    <p class='ocr_par' dir='ltr' id='par_1_8' title="bbox 751 1179 1298 1250">
     <span class='ocr_line' id='line_1_8' title="bbox 751 1179 1298 1250; baseline 0.018 -17"><span class='ocrx_word' id='word_1_39' title='bbox 751 1179 1050 1250; x_wconf 85' lang='lat' dir='ltr'><strong>IIyrradius</strong></span> <span class='ocrx_word' id='word_1_40' title='bbox 1079 1187 1298 1244; x_wconf 88' lang='lat' dir='ltr'><strong>dicitur.</strong></span> 
     </span>
    </p>
   </div>
   <div class='ocr_carea' id='block_1_9' title="bbox 1523 1289 1564 1343">
    <p class='ocr_par' dir='ltr' id='par_1_9' title="bbox 1523 1289 1564 1343">
     <span class='ocr_line' id='line_1_9' title="bbox 1523 1289 1564 1343; baseline 0.049 -2"><span class='ocrx_word' id='word_1_41' title='bbox 1523 1289 1564 1343; x_wconf 92' lang='lat' dir='ltr'><strong>I.</strong></span> 
     </span>
    </p>
   </div>
   <div class='ocr_carea' id='block_1_10' title="bbox 823 1367 2321 1456">
    <p class='ocr_par' dir='ltr' id='par_1_10' title="bbox 823 1367 2321 1456">
     <span class='ocr_line' id='line_1_10' title="bbox 823 1367 2321 1456; baseline 0.014 -39"><span class='ocrx_word' id='word_1_42' title='bbox 823 1367 1060 1437; x_wconf 78' lang='grc' dir='ltr'><strong>Ἴακχος,</strong></span> <span class='ocrx_word' id='word_1_43' title='bbox 1094 1371 1336 1444; x_wconf 83' lang='lat' dir='ltr'><strong>IIymnus</strong></span> <span class='ocrx_word' id='word_1_44' title='bbox 1375 1378 1424 1431; x_wconf 92' lang='lat' dir='ltr'><strong>in</strong></span> <span class='ocrx_word' id='word_1_45' title='bbox 1478 1379 1773 1438; x_wconf 81' lang='lat' dir='ltr'><strong>Bacchum.</strong></span> <span class='ocrx_word' id='word_1_46' title='bbox 1817 1384 2036 1456; x_wconf 72' lang='grc' dir='ltr'><strong>νᾼεουσι</strong></span> <span class='ocrx_word' id='word_1_47' title='bbox 2069 1386 2201 1454; x_wconf 77' lang='grc' dir='ltr'><strong>γοῦν</strong></span> <span class='ocrx_word' id='word_1_48' title='bbox 2233 1389 2321 1442; x_wconf 80' lang='grc' dir='ltr'>τὸν</span> 
     </span>
    </p>
   </div>
   <div class='ocr_carea' id='block_1_11' title="bbox 761 1452 2320 1544">
    <p class='ocr_par' dir='ltr' id='par_1_11' title="bbox 761 1452 2320 1544">
     <span class='ocr_line' id='line_1_11' title="bbox 761 1452 2320 1544; baseline 0.018 -40"><span class='ocrx_word' id='word_1_49' title='bbox 761 1452 968 1524; x_wconf 76' lang='grc' dir='ltr'>Ἰάκχον</span> <span class='ocrx_word' id='word_1_50' title='bbox 1023 1460 1210 1532; x_wconf 74' lang='grc' dir='ltr'><strong>ὥςπερ</strong></span> <span class='ocrx_word' id='word_1_51' title='bbox 1279 1470 1568 1539; x_wconf 61' lang='grc' dir='ltr'><strong>Διαγόρας.</strong></span> <span class='ocrx_word' id='word_1_52' title='bbox 1619 1472 1772 1528; x_wconf 90' lang='lat' dir='ltr'><strong>lluuc</strong></span> <span class='ocrx_word' id='word_1_53' title='bbox 1831 1475 2113 1544; x_wconf 76' lang='lat' dir='ltr'><strong>Diagoram</strong></span> <span class='ocrx_word' id='word_1_54' title='bbox 2165 1481 2320 1534; x_wconf 89' lang='lat' dir='ltr'><strong>aiunt</strong></span> 
     </span>
    </p>
   </div>
   <div class='ocr_carea' id='block_1_12' title="bbox 747 1547 2316 1640">
    <p class='ocr_par' dir='ltr' id='par_1_12' title="bbox 747 1547 2316 1640">
     <span class='ocr_line' id='line_1_12' title="bbox 747 1547 2316 1640; baseline 0.019 -44"><span class='ocrx_word' id='word_1_55' title='bbox 747 1547 963 1602; x_wconf 84' lang='lat' dir='ltr'><strong>atheum</strong></span> <span class='ocrx_word' id='word_1_56' title='bbox 1001 1554 1184 1608; x_wconf 74' lang='lat' dir='ltr'><strong>fuisse.</strong></span> <span class='ocrx_word' id='word_1_57' title='bbox 1223 1556 1346 1611; x_wconf 78' lang='lat' dir='ltr'><strong>Fuit</strong></span> <span class='ocrx_word' id='word_1_58' title='bbox 1377 1573 1557 1616; x_wconf 78' lang='lat' dir='ltr'><strong>autent</strong></span> <span class='ocrx_word' id='word_1_59' title='bbox 1591 1576 1641 1618; x_wconf 86' lang='lat' dir='ltr'><strong>et</strong></span> <span class='ocrx_word' id='word_1_60' title='bbox 1675 1569 1810 1620; x_wconf 83' lang='lat' dir='ltr'><strong>alter</strong></span> <span class='ocrx_word' id='word_1_61' title='bbox 1847 1567 2092 1624; x_wconf 83' lang='lat' dir='ltr'><strong>Terthrei</strong></span> <span class='ocrx_word' id='word_1_62' title='bbox 2128 1571 2186 1622; x_wconf 82' lang='lat' dir='ltr'><strong>F.</strong></span> <span class='ocrx_word' id='word_1_63' title='bbox 2224 1575 2316 1640; x_wconf 91' lang='lat' dir='ltr'><strong>qui</strong></span> 
     </span>
    </p>
   </div>
   <div class='ocr_carea' id='block_1_13' title="bbox 745 1637 2313 1730">
    <p class='ocr_par' dir='ltr' id='par_1_13' title="bbox 745 1637 2313 1730">
     <span class='ocr_line' id='line_1_13' title="bbox 745 1637 2313 1730; baseline 0.017 -42"><span class='ocrx_word' id='word_1_64' title='bbox 745 1637 816 1688; x_wconf 72' lang='lat' dir='ltr'><strong>oi)</strong></span> <span class='ocrx_word' id='word_1_65' title='bbox 837 1643 1261 1708; x_wconf 73' lang='lat' dir='ltr'><strong>magnitudinem</strong></span> <span class='ocrx_word' id='word_1_66' title='bbox 1283 1654 1523 1718; x_wconf 89' lang='lat' dir='ltr'><strong>corporis</strong></span> <span class='ocrx_word' id='word_1_67' title='bbox 1546 1656 1613 1708; x_wconf 88' lang='lat' dir='ltr'><strong>ab</strong></span> <span class='ocrx_word' id='word_1_68' title='bbox 1641 1657 1868 1712; x_wconf 87' lang='lat' dir='ltr'><strong>comicis</strong></span> <span class='ocrx_word' id='word_1_69' title='bbox 1911 1661 2313 1730; x_wconf 78' lang='lat' dir='ltr'><strong>perstringitur,</strong></span> 
     </span>
    </p>
   </div>
   <div class='ocr_carea' id='block_1_14' title="bbox 747 1731 1580 1812">
    <p class='ocr_par' dir='ltr' id='par_1_14' title="bbox 747 1731 1580 1812">
     <span class='ocr_line' id='line_1_14' title="bbox 747 1731 1580 1812; baseline 0.02 -32"><span class='ocrx_word' id='word_1_70' title='bbox 747 1738 804 1780; x_wconf 89' lang='lat' dir='ltr'><strong>ut</strong></span> <span class='ocrx_word' id='word_1_71' title='bbox 833 1731 900 1784; x_wconf 87' lang='lat' dir='ltr'><strong>ab</strong></span> <span class='ocrx_word' id='word_1_72' title='bbox 925 1731 1216 1804; x_wconf 89' lang='lat' dir='ltr'><strong>lIermippo</strong></span> <span class='ocrx_word' id='word_1_73' title='bbox 1253 1741 1304 1792; x_wconf 91' lang='lat' dir='ltr'><strong>in</strong></span> <span class='ocrx_word' id='word_1_74' title='bbox 1328 1742 1580 1812; x_wconf 70' lang='grc' dir='ltr'><strong>Μθξραις.</strong></span> 
     </span>
    </p>
   </div>
   <div class='ocr_carea' id='block_1_15' title="bbox 815 1821 2308 1920">
    <p class='ocr_par' dir='ltr' id='par_1_15' title="bbox 815 1821 2308 1920">
     <span class='ocr_line' id='line_1_15' title="bbox 815 1821 2308 1920; baseline 0.021 -46"><span class='ocrx_word' id='word_1_75' title='bbox 815 1821 1060 1892; x_wconf 86' lang='lat' dir='ltr'><strong>Iadmon,</strong></span> <span class='ocrx_word' id='word_1_76' title='bbox 1107 1829 1356 1898; x_wconf 73' lang='grc' dir='ltr'><strong>Ἰάδμων,</strong></span> <span class='ocrx_word' id='word_1_77' title='bbox 1392 1833 1702 1906; x_wconf 75' lang='grc' dir='ltr'><strong>Ἰάδμωνος,</strong></span> <span class='ocrx_word' id='word_1_78' title='bbox 1733 1840 1980 1910; x_wconf 83' lang='lat' dir='ltr'><strong>Samius,</strong></span> <span class='ocrx_word' id='word_1_79' title='bbox 2013 1851 2170 1920; x_wconf 87' lang='lat' dir='ltr'><strong>cujus</strong></span> <span class='ocrx_word' id='word_1_80' title='bbox 2211 1867 2308 1905; x_wconf 88' lang='lat' dir='ltr'><strong>an-</strong></span> 
     </span>
    </p>
   </div>
   <div class='ocr_carea' id='block_1_16' title="bbox 743 1911 2310 2010">
    <p class='ocr_par' dir='ltr' id='par_1_16' title="bbox 743 1911 2310 2010">
     <span class='ocr_line' id='line_1_16' title="bbox 743 1911 2310 2010; baseline 0.023 -49"><span class='ocrx_word' id='word_1_81' title='bbox 743 1911 888 1974; x_wconf 83' lang='lat' dir='ltr'><strong>cilla,</strong></span> <span class='ocrx_word' id='word_1_82' title='bbox 923 1911 1220 1986; x_wconf 80' lang='lat' dir='ltr'><strong>RhodOpis,</strong></span> <span class='ocrx_word' id='word_1_83' title='bbox 1275 1929 1550 1992; x_wconf 82' lang='lat' dir='ltr'><strong>meretrix,</strong></span> <span class='ocrx_word' id='word_1_84' title='bbox 1593 1946 1790 1999; x_wconf 78' lang='lat' dir='ltr'><strong>genere</strong></span> <span class='ocrx_word' id='word_1_85' title='bbox 1842 1911 2098 2003; x_wconf 62' lang='lat' dir='ltr'><strong>Thracia,</strong></span> <span class='ocrx_word' id='word_1_86' title='bbox 2149 1959 2310 2010; x_wconf 87' lang='lat' dir='ltr'><strong>quam</strong></span> 
     </span>
    </p>
   </div>
   <div class='ocr_carea' id='block_1_17' title="bbox 747 2003 2312 2098">
    <p class='ocr_par' dir='ltr' id='par_1_17' title="bbox 747 2003 2312 2098">
     <span class='ocr_line' id='line_1_17' title="bbox 747 2003 2312 2098; baseline 0.024 -45"><span class='ocrx_word' id='word_1_87' title='bbox 747 2003 1052 2073; x_wconf 73' lang='lat' dir='ltr'><strong>Charaxus,</strong></span> <span class='ocrx_word' id='word_1_88' title='bbox 1085 2011 1392 2081; x_wconf 82' lang='lat' dir='ltr'><strong>Sapphonis</strong></span> <span class='ocrx_word' id='word_1_89' title='bbox 1449 2019 1638 2088; x_wconf 82' lang='lat' dir='ltr'><strong>frater,</strong></span> <span class='ocrx_word' id='word_1_90' title='bbox 1691 2041 1916 2084; x_wconf 81' lang='lat' dir='ltr'><strong>uxorem</strong></span> <span class='ocrx_word' id='word_1_91' title='bbox 1951 2032 2126 2098; x_wconf 80' lang='lat' dir='ltr'><strong>duxit,</strong></span> <span class='ocrx_word' id='word_1_92' title='bbox 2168 2003 2220 2090; x_wconf 72' lang='lat' dir='ltr'><strong>et</strong></span> <span class='ocrx_word' id='word_1_93' title='bbox 2247 2053 2312 2090; x_wconf 86' lang='lat' dir='ltr'><strong>ex</strong></span> 
     </span>
    </p>
   </div>
   <div class='ocr_carea' id='block_1_18' title="bbox 742 2098 1388 2174">
    <p class='ocr_par' dir='ltr' id='par_1_18' title="bbox 742 2098 1388 2174">
     <span class='ocr_line' id='line_1_18' title="bbox 742 2098 1388 2174; baseline 0.017 -24"><span class='ocrx_word' id='word_1_94' title='bbox 742 2111 804 2150; x_wconf 86' lang='lat' dir='ltr'><strong>ea</strong></span> <span class='ocrx_word' id='word_1_95' title='bbox 837 2098 1033 2158; x_wconf 83' lang='lat' dir='ltr'><strong>liberos</strong></span> <span class='ocrx_word' id='word_1_96' title='bbox 1065 2111 1388 2174; x_wconf 71' lang='lat' dir='ltr'><strong>procreavit.</strong></span> 
     </span>
    </p>
   </div>
   <div class='ocr_carea' id='block_1_19' title="bbox 815 2192 2310 2278">
    <p class='ocr_par' dir='ltr' id='par_1_19' title="bbox 815 2192 2310 2278">
     <span class='ocr_line' id='line_1_19' title="bbox 815 2192 2310 2278; baseline 0.024 -36"><span class='ocrx_word' id='word_1_97' title='bbox 815 2192 1030 2260; x_wconf 70' lang='lat' dir='ltr'><strong>lat-heu,</strong></span> <span class='ocrx_word' id='word_1_98' title='bbox 1094 2197 1398 2270; x_wconf 61' lang='lat' dir='ltr'><strong>Egyptius,</strong></span> <span class='ocrx_word' id='word_1_99' title='bbox 1436 2205 1804 2274; x_wconf 74' lang='lat' dir='ltr'><strong>singularibus</strong></span> <span class='ocrx_word' id='word_1_100' title='bbox 1859 2231 1888 2268; x_wconf 93' lang='lat' dir='ltr'><strong>a</strong></span> <span class='ocrx_word' id='word_1_101' title='bbox 1925 2216 2034 2268; x_wconf 77' lang='lat' dir='ltr'><strong>Deo</strong></span> <span class='ocrx_word' id='word_1_102' title='bbox 2092 2221 2310 2278; x_wconf 78' lang='lat' dir='ltr'><strong>dotibus</strong></span> 
     </span>
    </p>
   </div>
   <div class='ocr_carea' id='block_1_20' title="bbox 741 2279 2306 2380">
    <p class='ocr_par' dir='ltr' id='par_1_20' title="bbox 741 2279 2306 2380">
     <span class='ocr_line' id='line_1_20' title="bbox 741 2279 2306 2380; baseline 0.022 -49"><span class='ocrx_word' id='word_1_103' title='bbox 741 2279 1075 2354; x_wconf 77' lang='lat' dir='ltr'><strong>instructus,</strong></span> <span class='ocrx_word' id='word_1_104' title='bbox 1125 2298 1254 2348; x_wconf 76' lang='lat' dir='ltr'><strong>vixit</strong></span> <span class='ocrx_word' id='word_1_105' title='bbox 1313 2299 1411 2352; x_wconf 89' lang='lat' dir='ltr'><strong>sub</strong></span> <span class='ocrx_word' id='word_1_106' title='bbox 1471 2297 1680 2369; x_wconf 81' lang='lat' dir='ltr'><strong>Seuye,</strong></span> <span class='ocrx_word' id='word_1_107' title='bbox 1736 2303 2114 2375; x_wconf 66' lang='lat' dir='ltr'><strong>Aigyptiorum</strong></span> <span class='ocrx_word' id='word_1_108' title='bbox 2159 2329 2306 2380; x_wconf 78' lang='lat' dir='ltr'><strong>rege,</strong></span> 
     </span>
    </p>
   </div>
   <div class='ocr_carea' id='block_1_21' title="bbox 738 2374 2306 2465">
    <p class='ocr_par' dir='ltr' id='par_1_21' title="bbox 738 2374 2306 2465">
     <span class='ocr_line' id='line_1_21' title="bbox 738 2374 2306 2465; baseline 0.022 -44"><span class='ocrx_word' id='word_1_109' title='bbox 738 2374 1098 2430; x_wconf 81' lang='lat' dir='ltr'><strong>amuletorum</strong></span> <span class='ocrx_word' id='word_1_110' title='bbox 1121 2381 1656 2457; x_wconf 82' lang='lat' dir='ltr'><strong>incantatimnimque</strong></span> <span class='ocrx_word' id='word_1_111' title='bbox 1679 2374 1904 2459; x_wconf 71' lang='lat' dir='ltr'><strong>peritus.</strong></span> <span class='ocrx_word' id='word_1_112' title='bbox 1928 2399 2018 2465; x_wconf 86' lang='lat' dir='ltr'><strong>qui</strong></span> <span class='ocrx_word' id='word_1_113' title='bbox 2049 2403 2306 2465; x_wconf 65' lang='lat' dir='ltr'><strong>postilen-</strong></span> 
     </span>
    </p>
   </div>
   <div class='ocr_carea' id='block_1_22' title="bbox 738 2465 2304 2548">
    <p class='ocr_par' dir='ltr' id='par_1_22' title="bbox 738 2465 2304 2548">
     <span class='ocr_line' id='line_1_22' title="bbox 738 2465 2304 2548; baseline 0.02 -32"><span class='ocrx_word' id='word_1_114' title='bbox 738 2465 840 2516; x_wconf 87' lang='lat' dir='ltr'><strong>tias</strong></span> <span class='ocrx_word' id='word_1_115' title='bbox 863 2482 1172 2534; x_wconf 81' lang='lat' dir='ltr'><strong>grassantes</strong></span> <span class='ocrx_word' id='word_1_116' title='bbox 1196 2477 1460 2530; x_wconf 77' lang='lat' dir='ltr'><strong>exstinxit</strong></span> <span class='ocrx_word' id='word_1_117' title='bbox 1483 2487 1538 2532; x_wconf 87' lang='lat' dir='ltr'><strong>et</strong></span> <span class='ocrx_word' id='word_1_118' title='bbox 1571 2484 1804 2548; x_wconf 91' lang='lat' dir='ltr'><strong>primum</strong></span> <span class='ocrx_word' id='word_1_119' title='bbox 1835 2487 2108 2544; x_wconf 63' lang='lat' dir='ltr'><strong>Caniculae</strong></span> <span class='ocrx_word' id='word_1_120' title='bbox 2141 2509 2304 2547; x_wconf 78' lang='lat' dir='ltr'><strong>exor-</strong></span> 
     </span>
    </p>
   </div>
   <div class='ocr_carea' id='block_1_23' title="bbox 737 2565 2303 2654">
    <p class='ocr_par' dir='ltr' id='par_1_23' title="bbox 737 2565 2303 2654">
     <span class='ocr_line' id='line_1_23' title="bbox 737 2565 2303 2654; baseline 0.02 -46"><span class='ocrx_word' id='word_1_121' title='bbox 737 2565 848 2608; x_wconf 89' lang='lat' dir='ltr'><strong>tum</strong></span> <span class='ocrx_word' id='word_1_122' title='bbox 891 2569 1297 2633; x_wconf 83' lang='lat' dir='ltr'><strong>a-stuosumque</strong></span> <span class='ocrx_word' id='word_1_123' title='bbox 1327 2571 1520 2626; x_wconf 85' lang='lat' dir='ltr'><strong>sideris</strong></span> <span class='ocrx_word' id='word_1_124' title='bbox 1548 2575 1693 2630; x_wconf 91' lang='lat' dir='ltr'><strong>illius</strong></span> <span class='ocrx_word' id='word_1_125' title='bbox 1719 2577 1982 2633; x_wconf 86' lang='lat' dir='ltr'><strong>inllttxum</strong></span> <span class='ocrx_word' id='word_1_126' title='bbox 2021 2585 2303 2654; x_wconf 72' lang='lat' dir='ltr'><strong>mitigavit,</strong></span> 
     </span>
    </p>
   </div>
   <div class='ocr_carea' id='block_1_24' title="bbox 735 2651 2300 2732">
    <p class='ocr_par' dir='ltr' id='par_1_24' title="bbox 735 2651 2300 2732">
     <span class='ocr_line' id='line_1_24' title="bbox 735 2651 2300 2732; baseline 0.023 -37"><span class='ocrx_word' id='word_1_127' title='bbox 735 2661 894 2712; x_wconf 86' lang='lat' dir='ltr'><strong>quam</strong></span> <span class='ocrx_word' id='word_1_128' title='bbox 931 2651 1000 2702; x_wconf 93' lang='lat' dir='ltr'><strong>ob</strong></span> <span class='ocrx_word' id='word_1_129' title='bbox 1030 2669 1252 2710; x_wconf 78' lang='lat' dir='ltr'><strong>causam</strong></span> <span class='ocrx_word' id='word_1_130' title='bbox 1287 2661 1572 2728; x_wconf 80' lang='lat' dir='ltr'><strong>magniﬁco</strong></span> <span class='ocrx_word' id='word_1_131' title='bbox 1609 2665 1796 2720; x_wconf 82' lang='lat' dir='ltr'><strong>funere</strong></span> <span class='ocrx_word' id='word_1_132' title='bbox 1823 2671 1996 2724; x_wconf 87' lang='lat' dir='ltr'><strong>elatus</strong></span> <span class='ocrx_word' id='word_1_133' title='bbox 2025 2651 2152 2728; x_wconf 35' lang='lat' dir='ltr'><strong>ests</strong></span> <span class='ocrx_word' id='word_1_134' title='bbox 2190 2651 2300 2732; x_wconf 81' lang='lat' dir='ltr'><strong>Etsi</strong></span> 
     </span>
    </p>
   </div>
   <div class='ocr_carea' id='block_1_25' title="bbox 736 2743 2302 2828">
    <p class='ocr_par' dir='ltr' id='par_1_25' title="bbox 736 2743 2302 2828">
     <span class='ocr_line' id='line_1_25' title="bbox 736 2743 2302 2828; baseline 0.022 -39"><span class='ocrx_word' id='word_1_135' title='bbox 736 2743 955 2805; x_wconf 84' lang='lat' dir='ltr'><strong>quando</strong></span> <span class='ocrx_word' id='word_1_136' title='bbox 1031 2749 1252 2804; x_wconf 87' lang='lat' dir='ltr'><strong>morbus</strong></span> <span class='ocrx_word' id='word_1_137' title='bbox 1317 2753 1651 2820; x_wconf 87' lang='lat' dir='ltr'><strong>cpidemicus</strong></span> <span class='ocrx_word' id='word_1_138' title='bbox 1726 2759 2108 2828; x_wconf 84' lang='lat' dir='ltr'><strong>invalescerct,</strong></span> <span class='ocrx_word' id='word_1_139' title='bbox 2163 2771 2302 2823; x_wconf 82' lang='lat' dir='ltr'><strong>sacri</strong></span> 
     </span>
    </p>
   </div>
   <div class='ocr_carea' id='block_1_26' title="bbox 735 2836 2296 2924">
    <p class='ocr_par' dir='ltr' id='par_1_26' title="bbox 735 2836 2296 2924">
     <span class='ocr_line' id='line_1_26' title="bbox 735 2836 2296 2924; baseline 0.017 -37"><span class='ocrx_word' id='word_1_140' title='bbox 735 2836 945 2900; x_wconf 70' lang='lat' dir='ltr'><strong>st&#39;t&#39;ibal‘,</strong></span> <span class='ocrx_word' id='word_1_141' title='bbox 969 2838 1086 2906; x_wconf 85' lang='lat' dir='ltr'><strong>ejus</strong></span> <span class='ocrx_word' id='word_1_142' title='bbox 1123 2839 1306 2895; x_wconf 82' lang='lat' dir='ltr'><strong>fanum</strong></span> <span class='ocrx_word' id='word_1_143' title='bbox 1358 2843 1654 2912; x_wconf 79' lang='lat' dir='ltr'><strong>adeuntes,</strong></span> <span class='ocrx_word' id='word_1_144' title='bbox 1695 2853 1866 2906; x_wconf 87' lang='lat' dir='ltr'><strong>sacris</strong></span> <span class='ocrx_word' id='word_1_145' title='bbox 1899 2855 1998 2908; x_wconf 88' lang='lat' dir='ltr'><strong>rite</strong></span> <span class='ocrx_word' id='word_1_146' title='bbox 2043 2862 2296 2924; x_wconf 75' lang='lat' dir='ltr'><strong>peractis.</strong></span> 
     </span>
    </p>
   </div>
   <div class='ocr_carea' id='block_1_27' title="bbox 734 2932 2298 3020">
    <p class='ocr_par' dir='ltr' id='par_1_27' title="bbox 734 2932 2298 3020">
     <span class='ocr_line' id='line_1_27' title="bbox 734 2932 2298 3020; baseline 0.02 -44"><span class='ocrx_word' id='word_1_147' title='bbox 841 2941 932 2982; x_wconf 85' lang='lat' dir='ltr'><strong>ara</strong></span> <span class='ocrx_word' id='word_1_148' title='bbox 977 2932 1093 2999; x_wconf 74' lang='lat' dir='ltr'><strong>ejus</strong></span> <span class='ocrx_word' id='word_1_149' title='bbox 1150 2934 1326 3003; x_wconf 85' lang='lat' dir='ltr'><strong>ignem</strong></span> <span class='ocrx_word' id='word_1_150' title='bbox 1365 2941 1755 3008; x_wconf 76' lang='lat' dir='ltr'><strong>accrmh-bant,</strong></span> <span class='ocrx_word' id='word_1_151' title='bbox 1789 2947 2044 3016; x_wconf 84' lang='lat' dir='ltr'><strong>rogisque</strong></span> <span class='ocrx_word' id='word_1_152' title='bbox 2091 2955 2298 3020; x_wconf 81' lang='lat' dir='ltr'><strong>passim</strong></span> 
     </span>
    </p>
   </div>
   <div class='ocr_carea' id='block_1_28' title="bbox 734 3023 2297 3100">
    <p class='ocr_par' dir='ltr' id='par_1_28' title="bbox 734 3023 2297 3100">
     <span class='ocr_line' id='line_1_28' title="bbox 734 3023 2297 3100; baseline 0.022 -33"><span class='ocrx_word' id='word_1_153' title='bbox 734 3033 828 3085; x_wconf 66' lang='lat' dir='ltr'><strong>per</strong></span> <span class='ocrx_word' id='word_1_154' title='bbox 893 3023 1078 3077; x_wconf 85' lang='lat' dir='ltr'><strong>urbem</strong></span> <span class='ocrx_word' id='word_1_155' title='bbox 1131 3028 1378 3083; x_wconf 78' lang='lat' dir='ltr'><strong>excitatis</strong></span> <span class='ocrx_word' id='word_1_156' title='bbox 1428 3036 1571 3086; x_wconf 89' lang='lat' dir='ltr'><strong>aeris</strong></span> <span class='ocrx_word' id='word_1_157' title='bbox 1623 3033 1792 3089; x_wconf 61' lang='lat' dir='ltr'><strong>futtidi</strong></span> <span class='ocrx_word' id='word_1_158' title='bbox 1837 3041 2106 3096; x_wconf 72' lang='lat' dir='ltr'><strong>exitiali-in</strong></span> <span class='ocrx_word' id='word_1_159' title='bbox 2157 3047 2297 3100; x_wconf 89' lang='lat' dir='ltr'><strong>luem</strong></span> 
     </span>
    </p>
   </div>
   <div class='ocr_carea' id='block_1_29' title="bbox 731 3112 2303 3202">
    <p class='ocr_par' dir='ltr' id='par_1_29' title="bbox 731 3112 2303 3202">
     <span class='ocr_line' id='line_1_29' title="bbox 731 3112 2303 3202; baseline 0.02 -42"><span class='ocrx_word' id='word_1_160' title='bbox 731 3112 1155 3180; x_wconf 79' lang='lat' dir='ltr'><strong>exstinguentes.</strong></span> <span class='ocrx_word' id='word_1_161' title='bbox 1208 3135 1344 3174; x_wconf 83' lang='lat' dir='ltr'><strong>nova</strong></span> <span class='ocrx_word' id='word_1_162' title='bbox 1385 3121 1486 3176; x_wconf 90' lang='lat' dir='ltr'><strong>hac</strong></span> <span class='ocrx_word' id='word_1_163' title='bbox 1533 3125 1614 3177; x_wconf 83' lang='lat' dir='ltr'><strong>via</strong></span> <span class='ocrx_word' id='word_1_164' title='bbox 1653 3128 1934 3194; x_wconf 87' lang='lat' dir='ltr'><strong>morbum,</strong></span> <span class='ocrx_word' id='word_1_165' title='bbox 1971 3133 2106 3202; x_wconf 81' lang='lat' dir='ltr'><strong>ignis</strong></span> <span class='ocrx_word' id='word_1_166' title='bbox 2149 3139 2303 3192; x_wconf 88' lang='lat' dir='ltr'><strong>bene-</strong></span> 
     </span>
    </p>
   </div>
   <div class='ocr_carea' id='block_1_30' title="bbox 731 3201 1312 3273">
    <p class='ocr_par' dir='ltr' id='par_1_30' title="bbox 731 3201 1312 3273">
     <span class='ocr_line' id='line_1_30' title="bbox 731 3201 1312 3273; baseline 0.021 -21"><span class='ocrx_word' id='word_1_167' title='bbox 731 3201 872 3264; x_wconf 69' lang='lat' dir='ltr'><strong>ﬁcio,</strong></span> <span class='ocrx_word' id='word_1_168' title='bbox 905 3209 1312 3273; x_wconf 81' lang='lat' dir='ltr'><strong>propulsabant.</strong></span> 
     </span>
    </p>
   </div>
   <div class='ocr_carea' id='block_1_31' title="bbox 804 3293 1912 3374">
    <p class='ocr_par' dir='ltr' id='par_1_31' title="bbox 804 3293 1912 3374">
     <span class='ocr_line' id='line_1_31' title="bbox 804 3293 1912 3374; baseline 0.021 -30"><span class='ocrx_word' id='word_1_169' title='bbox 804 3293 1056 3362; x_wconf 84' lang='lat' dir='ltr'><strong>lalemus,</strong></span> <span class='ocrx_word' id='word_1_170' title='bbox 1092 3301 1356 3372; x_wconf 78' lang='lat' dir='ltr'><strong>Calliopes</strong></span> <span class='ocrx_word' id='word_1_171' title='bbox 1389 3306 1531 3360; x_wconf 92' lang='lat' dir='ltr'><strong>ﬁlius</strong></span> <span class='ocrx_word' id='word_1_172' title='bbox 1563 3307 1771 3374; x_wconf 72' lang='lat' dir='ltr'><strong>infelix,</strong></span> <span class='ocrx_word' id='word_1_173' title='bbox 1805 3322 1912 3367; x_wconf 86' lang='lat' dir='ltr'><strong>etc.</strong></span> 
     </span>
    </p>
   </div>
   <div class='ocr_carea' id='block_1_32' title="bbox 803 3381 2298 3476">
    <p class='ocr_par' dir='ltr' id='par_1_32' title="bbox 803 3381 2298 3476">
     <span class='ocr_line' id='line_1_32' title="bbox 803 3381 2298 3476; baseline 0.023 -43"><span class='ocrx_word' id='word_1_174' title='bbox 803 3381 1003 3442; x_wconf 88' lang='lat' dir='ltr'><strong>lambe.</strong></span> <span class='ocrx_word' id='word_1_175' title='bbox 1041 3405 1234 3445; x_wconf 70' lang='lat' dir='ltr'><strong>nomen</strong></span> <span class='ocrx_word' id='word_1_176' title='bbox 1283 3399 1560 3464; x_wconf 84' lang='lat' dir='ltr'><strong>proprium</strong></span> <span class='ocrx_word' id='word_1_177' title='bbox 1604 3399 1837 3464; x_wconf 65' lang='lat' dir='ltr'><strong>feminas.</strong></span> <span class='ocrx_word' id='word_1_178' title='bbox 1863 3405 1928 3458; x_wconf 88' lang='lat' dir='ltr'><strong>de</strong></span> <span class='ocrx_word' id='word_1_179' title='bbox 1970 3421 2077 3476; x_wconf 86' lang='lat' dir='ltr'><strong>qua</strong></span> <span class='ocrx_word' id='word_1_180' title='bbox 2113 3409 2232 3464; x_wconf 75' lang='lat' dir='ltr'><strong>ride</strong></span> <span class='ocrx_word' id='word_1_181' title='bbox 2269 3428 2298 3466; x_wconf 90' lang='lat' dir='ltr'><strong>a</strong></span> 
     </span>
    </p>
   </div>
   <div class='ocr_carea' id='block_1_33' title="bbox 730 3467 1814 3548">
    <p class='ocr_par' dir='ltr' id='par_1_33' title="bbox 730 3467 1814 3548">
     <span class='ocr_line' id='line_1_33' title="bbox 730 3467 1814 3548; baseline 0.024 -29"><span class='ocrx_word' id='word_1_182' title='bbox 730 3467 962 3524; x_wconf 74' lang='lat' dir='ltr'><strong>li-tstero</strong></span> <span class='ocrx_word' id='word_1_183' title='bbox 991 3473 1054 3536; x_wconf 84' lang='lat' dir='ltr'><strong>ll,</strong></span> <span class='ocrx_word' id='word_1_184' title='bbox 1083 3493 1202 3544; x_wconf 85' lang='lat' dir='ltr'><strong>pag.</strong></span> <span class='ocrx_word' id='word_1_185' title='bbox 1243 3480 1332 3544; x_wconf 76' lang='lat'><strong>89,</strong></span> <span class='ocrx_word' id='word_1_186' title='bbox 1367 3494 1478 3537; x_wconf 91' lang='lat' dir='ltr'><strong>not.</strong></span> <span class='ocrx_word' id='word_1_187' title='bbox 1513 3485 1562 3548; x_wconf 92' lang='lat'><strong>7,</strong></span> <span class='ocrx_word' id='word_1_188' title='bbox 1597 3489 1814 3544; x_wconf 86' lang='lat' dir='ltr'><strong>citatos.</strong></span> 
     </span>
    </p>
   </div>
   <div class='ocr_carea' id='block_1_34' title="bbox 811 3561 1849 3644">
    <p class='ocr_par' dir='ltr' id='par_1_34' title="bbox 811 3561 1849 3644">
     <span class='ocr_line' id='line_1_34' title="bbox 811 3561 1849 3644; baseline 0.022 -31"><span class='ocrx_word' id='word_1_189' title='bbox 811 3561 1126 3631; x_wconf 73' lang='grc' dir='ltr'><strong>Ἰαμϐἰζειν,</strong></span> <span class='ocrx_word' id='word_1_190' title='bbox 1163 3573 1408 3626; x_wconf 79' lang='lat' dir='ltr'><strong>conviciis</strong></span> <span class='ocrx_word' id='word_1_191' title='bbox 1439 3575 1710 3644; x_wconf 79' lang='lat' dir='ltr'><strong>insectari,</strong></span> <span class='ocrx_word' id='word_1_192' title='bbox 1745 3591 1849 3636; x_wconf 87' lang='lat' dir='ltr'><strong>etc.</strong></span> 
     </span>
    </p>
   </div>
   <div class='ocr_carea' id='block_1_35' title="bbox 798 3655 2302 3754">
    <p class='ocr_par' dir='ltr' id='par_1_35' title="bbox 798 3655 2302 3754">
     <span class='ocr_line' id='line_1_35' title="bbox 798 3655 2302 3754; baseline 0.021 -46"><span class='ocrx_word' id='word_1_193' title='bbox 798 3655 1010 3726; x_wconf 83' lang='lat' dir='ltr'><strong>Ibycus,</strong></span> <span class='ocrx_word' id='word_1_194' title='bbox 1049 3660 1223 3731; x_wconf 82' lang='lat' dir='ltr'><strong>Pbytii</strong></span> <span class='ocrx_word' id='word_1_195' title='bbox 1259 3665 1340 3718; x_wconf 72' lang='lat' dir='ltr'><strong>vel</strong></span> <span class='ocrx_word' id='word_1_196' title='bbox 1371 3667 1632 3740; x_wconf 78' lang='lat' dir='ltr'><strong>Polyzeli,</strong></span> <span class='ocrx_word' id='word_1_197' title='bbox 1665 3671 1916 3730; x_wconf 81' lang='lat' dir='ltr'><strong>Messenii</strong></span> <span class='ocrx_word' id='word_1_198' title='bbox 1949 3679 2302 3754; x_wconf 88' lang='lat' dir='ltr'><strong>historiogra-</strong></span> 
     </span>
    </p>
   </div>
   <div class='ocr_carea' id='block_1_36' title="bbox 725 3749 2297 3831">
    <p class='ocr_par' dir='ltr' id='par_1_36' title="bbox 725 3749 2297 3831">
     <span class='ocr_line' id='line_1_36' title="bbox 725 3749 2297 3831; baseline 0.019 -33"><span class='ocrx_word' id='word_1_199' title='bbox 725 3749 838 3816; x_wconf 83' lang='lat' dir='ltr'><strong>phi,</strong></span> <span class='ocrx_word' id='word_1_200' title='bbox 865 3751 942 3801; x_wconf 86' lang='lat' dir='ltr'><strong>vel</strong></span> <span class='ocrx_word' id='word_1_201' title='bbox 979 3751 1260 3809; x_wconf 85' lang='lat' dir='ltr'><strong>Cerdantis</strong></span> <span class='ocrx_word' id='word_1_202' title='bbox 1281 3755 1580 3826; x_wconf 83' lang='lat' dir='ltr'><strong>F.,gcnere</strong></span> <span class='ocrx_word' id='word_1_203' title='bbox 1603 3761 1902 3831; x_wconf 82' lang='lat' dir='ltr'><strong>Rheginus.</strong></span> <span class='ocrx_word' id='word_1_204' title='bbox 1927 3769 2050 3824; x_wconf 87' lang='lat' dir='ltr'><strong>Imle</strong></span> <span class='ocrx_word' id='word_1_205' title='bbox 2078 3773 2297 3829; x_wconf 88' lang='lat' dir='ltr'><strong>Samum</strong></span> 
     </span>
    </p>
   </div>
   <div class='ocr_carea' id='block_1_37' title="bbox 727 3837 2296 3931">
    <p class='ocr_par' dir='ltr' id='par_1_37' title="bbox 727 3837 2296 3931">
     <span class='ocr_line' id='line_1_37' title="bbox 727 3837 2296 3931; baseline 0.019 -43"><span class='ocrx_word' id='word_1_206' title='bbox 727 3837 996 3903; x_wconf 82' lang='lat' dir='ltr'><strong>migravit.</strong></span> <span class='ocrx_word' id='word_1_207' title='bbox 1027 3856 1148 3895; x_wconf 89' lang='lat' dir='ltr'><strong>cum</strong></span> <span class='ocrx_word' id='word_1_208' title='bbox 1205 3845 1274 3898; x_wconf 90' lang='lat' dir='ltr'><strong>ibi</strong></span> <span class='ocrx_word' id='word_1_209' title='bbox 1309 3846 1640 3918; x_wconf 88' lang='lat' dir='ltr'><strong>Polycrates,</strong></span> <span class='ocrx_word' id='word_1_210' title='bbox 1676 3859 1890 3924; x_wconf 82' lang='lat' dir='ltr'><strong>tyranni</strong></span> <span class='ocrx_word' id='word_1_211' title='bbox 1924 3870 2096 3926; x_wconf 85' lang='lat' dir='ltr'><strong>pater,</strong></span> <span class='ocrx_word' id='word_1_212' title='bbox 2127 3863 2296 3931; x_wconf 86' lang='lat' dir='ltr'><strong>impe-</strong></span> 
     </span>
    </p>
   </div>
   <div class='ocr_carea' id='block_1_38' title="bbox 724 3929 2299 4016">
    <p class='ocr_par' dir='ltr' id='par_1_38' title="bbox 724 3929 2299 4016">
     <span class='ocr_line' id='line_1_38' title="bbox 724 3929 2299 4016; baseline 0.018 -36"><span class='ocrx_word' id='word_1_213' title='bbox 724 3939 897 3991; x_wconf 88' lang='lat' dir='ltr'><strong>raret,</strong></span> <span class='ocrx_word' id='word_1_214' title='bbox 930 3929 1246 4002; x_wconf 85' lang='lat' dir='ltr'><strong>Olympiade</strong></span> <span class='ocrx_word' id='word_1_215' title='bbox 1293 3935 1425 3998; x_wconf 86' lang='lat' dir='ltr'><strong>LIV.</strong></span> <span class='ocrx_word' id='word_1_216' title='bbox 1455 3945 1794 4010; x_wconf 83' lang='lat' dir='ltr'><strong>temporibus</strong></span> <span class='ocrx_word' id='word_1_217' title='bbox 1837 3949 2010 4003; x_wconf 67' lang='grc' dir='ltr'><strong>(ΣΙ-(ιξεί</strong></span> <span class='ocrx_word' id='word_1_218' title='bbox 2039 3993 2053 4016; x_wconf 92' lang='grc'><strong>,</strong></span> <span class='ocrx_word' id='word_1_219' title='bbox 2093 3929 2299 4009; x_wconf 80' lang='lat' dir='ltr'><strong>invenit</strong></span> 
     </span>
    </p>
   </div>
   <div class='ocr_carea' id='block_1_39' title="bbox 723 4017 2298 4110">
    <p class='ocr_par' dir='ltr' id='par_1_39' title="bbox 723 4017 2298 4110">
     <span class='ocr_line' id='line_1_39' title="bbox 723 4017 2298 4110; baseline 0.019 -41"><span class='ocrx_word' id='word_1_220' title='bbox 723 4017 1036 4072; x_wconf 85' lang='lat' dir='ltr'><strong>sambucam</strong></span> <span class='ocrx_word' id='word_1_221' title='bbox 1093 4023 1356 4092; x_wconf 72' lang='grc' dir='ltr'><strong>(ἰϐύκινον</strong></span> <span class='ocrx_word' id='word_1_222' title='bbox 1381 4027 1450 4080; x_wconf 91' lang='lat' dir='ltr'><strong>ab</strong></span> <span class='ocrx_word' id='word_1_223' title='bbox 1483 4044 1547 4080; x_wconf 87' lang='lat' dir='ltr'><strong>eo</strong></span> <span class='ocrx_word' id='word_1_224' title='bbox 1571 4031 1793 4102; x_wconf 86' lang='lat' dir='ltr'><strong>dictam)</strong></span> <span class='ocrx_word' id='word_1_225' title='bbox 1824 4037 2048 4093; x_wconf 63' lang='lat' dir='ltr'><strong>cithara!</strong></span> <span class='ocrx_word' id='word_1_226' title='bbox 2093 4043 2298 4110; x_wconf 83' lang='lat' dir='ltr'><strong>trique-</strong></span> 
     </span>
    </p>
   </div>
   <div class='ocr_carea' id='block_1_40' title="bbox 723 4111 2295 4202">
    <p class='ocr_par' dir='ltr' id='par_1_40' title="bbox 723 4111 2295 4202">
     <span class='ocr_line' id='line_1_40' title="bbox 723 4111 2295 4202; baseline 0.019 -44"><span class='ocrx_word' id='word_1_227' title='bbox 723 4113 818 4160; x_wconf 67' lang='lat' dir='ltr'><strong>tra:</strong></span> <span class='ocrx_word' id='word_1_228' title='bbox 847 4125 1039 4177; x_wconf 84' lang='lat' dir='ltr'><strong>genus.</strong></span> <span class='ocrx_word' id='word_1_229' title='bbox 1066 4111 1296 4182; x_wconf 84' lang='lat' dir='ltr'><strong>Scripsit</strong></span> <span class='ocrx_word' id='word_1_230' title='bbox 1325 4118 1557 4172; x_wconf 83' lang='lat' dir='ltr'><strong>dialecto</strong></span> <span class='ocrx_word' id='word_1_231' title='bbox 1594 4122 1778 4178; x_wconf 90' lang='lat' dir='ltr'><strong>dorica</strong></span> <span class='ocrx_word' id='word_1_232' title='bbox 1818 4127 1986 4183; x_wconf 91' lang='lat' dir='ltr'><strong>libros</strong></span> <span class='ocrx_word' id='word_1_233' title='bbox 2023 4129 2136 4187; x_wconf 78' lang='lat' dir='ltr'><strong>VII.</strong></span> <span class='ocrx_word' id='word_1_234' title='bbox 2166 4133 2295 4202; x_wconf 88' lang='lat' dir='ltr'><strong>Ejus</strong></span> 
     </span>
    </p>
   </div>
   <div class='ocr_carea' id='block_1_41' title="bbox 721 4199 2296 4293">
    <p class='ocr_par' dir='ltr' id='par_1_41' title="bbox 721 4199 2296 4293">
     <span class='ocr_line' id='line_1_41' title="bbox 721 4199 2296 4293; baseline 0.016 -42"><span class='ocrx_word' id='word_1_235' title='bbox 721 4199 925 4252; x_wconf 87' lang='lat' dir='ltr'><strong>dictum</strong></span> <span class='ocrx_word' id='word_1_236' title='bbox 959 4217 973 4254; x_wconf 92' lang='lat'>:</span> <span class='ocrx_word' id='word_1_237' title='bbox 1019 4203 1110 4272; x_wconf 88' lang='grc' dir='ltr'><strong>Μή</strong></span> <span class='ocrx_word' id='word_1_238' title='bbox 1149 4223 1200 4256; x_wconf 91' lang='grc' dir='ltr'><strong>τι</strong></span> <span class='ocrx_word' id='word_1_239' title='bbox 1248 4207 1376 4276; x_wconf 73' lang='grc' dir='ltr'>περὶ</span> <span class='ocrx_word' id='word_1_240' title='bbox 1419 4209 1572 4271; x_wconf 73' lang='grc' dir='ltr'>θεοὺς</span> <span class='ocrx_word' id='word_1_241' title='bbox 1615 4213 1924 4269; x_wconf 71' lang='grc' dir='ltr'><strong>ἀμπλακὼν</strong></span> <span class='ocrx_word' id='word_1_242' title='bbox 1965 4223 2131 4288; x_wconf 73' lang='grc' dir='ltr'>τιμὰν</span> <span class='ocrx_word' id='word_1_243' title='bbox 2161 4227 2296 4293; x_wconf 69' lang='grc' dir='ltr'>πρὸς</span> 
     </span>
    </p>
   </div>
   <div class='ocr_carea' id='block_1_42' title="bbox 721 4291 2296 4374">
    <p class='ocr_par' dir='ltr' id='par_1_42' title="bbox 721 4291 2296 4374">
     <span class='ocr_line' id='line_1_42' title="bbox 721 4291 2296 4374; baseline 0.015 -30"><span class='ocrx_word' id='word_1_244' title='bbox 721 4291 1026 4362; x_wconf 82' lang='grc' dir='ltr'><strong>ἀνθρώπων</strong></span> <span class='ocrx_word' id='word_1_245' title='bbox 1069 4298 1322 4365; x_wconf 76' lang='grc' dir='ltr'><strong>ἀμεῖψαι,</strong></span> <span class='ocrx_word' id='word_1_246' title='bbox 1368 4301 1492 4353; x_wconf 80' lang='lat' dir='ltr'><strong>deos</strong></span> <span class='ocrx_word' id='word_1_247' title='bbox 1538 4321 1638 4356; x_wconf 84' lang='lat' dir='ltr'><strong>non</strong></span> <span class='ocrx_word' id='word_1_248' title='bbox 1679 4307 2035 4374; x_wconf 80' lang='lat' dir='ltr'><strong>o/fendendos,</strong></span> <span class='ocrx_word' id='word_1_249' title='bbox 2068 4323 2123 4365; x_wconf 85' lang='lat' dir='ltr'><strong>ut</strong></span> <span class='ocrx_word' id='word_1_250' title='bbox 2173 4291 2296 4369; x_wconf 77' lang='lat' dir='ltr'><strong>inde</strong></span> 
     </span>
    </p>
   </div>
   <div class='ocr_carea' id='block_1_43' title="bbox 719 4387 2294 4463">
    <p class='ocr_par' dir='ltr' id='par_1_43' title="bbox 719 4387 2294 4463">
     <span class='ocr_line' id='line_1_43' title="bbox 719 4387 2294 4463; baseline 0.016 -29"><span class='ocrx_word' id='word_1_251' title='bbox 719 4387 948 4454; x_wconf 79' lang='lat' dir='ltr'><strong>gratiam</strong></span> <span class='ocrx_word' id='word_1_252' title='bbox 982 4389 1044 4439; x_wconf 87' lang='lat' dir='ltr'><strong>ab</strong></span> <span class='ocrx_word' id='word_1_253' title='bbox 1082 4390 1376 4444; x_wconf 83' lang='lat' dir='ltr'><strong>hominibus</strong></span> <span class='ocrx_word' id='word_1_254' title='bbox 1415 4398 1768 4463; x_wconf 78' lang='lat' dir='ltr'><strong>consequaris.</strong></span> <span class='ocrx_word' id='word_1_255' title='bbox 1799 4401 1842 4452; x_wconf 81' lang='grc' dir='ltr'><strong>Α</strong></span> <span class='ocrx_word' id='word_1_256' title='bbox 1869 4401 2176 4459; x_wconf 81' lang='lat' dir='ltr'><strong>latronibus</strong></span> <span class='ocrx_word' id='word_1_257' title='bbox 2209 4407 2294 4458; x_wconf 81' lang='lat' dir='ltr'><strong>in-</strong></span> 
     </span>
    </p>
   </div>
   <div class='ocr_carea' id='block_1_44' title="bbox 722 4479 2293 4566">
    <p class='ocr_par' dir='ltr' id='par_1_44' title="bbox 722 4479 2293 4566">
     <span class='ocr_line' id='line_1_44' title="bbox 722 4479 2293 4566; baseline 0.015 -37"><span class='ocrx_word' id='word_1_258' title='bbox 722 4479 1068 4533; x_wconf 77' lang='lat' dir='ltr'><strong>terﬁciendus</strong></span> <span class='ocrx_word' id='word_1_259' title='bbox 1099 4496 1260 4548; x_wconf 79' lang='lat' dir='ltr'><strong>grues</strong></span> <span class='ocrx_word' id='word_1_260' title='bbox 1281 4482 1520 4539; x_wconf 88' lang='lat' dir='ltr'><strong>vindices</strong></span> <span class='ocrx_word' id='word_1_261' title='bbox 1548 4487 1660 4540; x_wconf 79' lang='lat' dir='ltr'><strong>fore</strong></span> <span class='ocrx_word' id='word_1_262' title='bbox 1685 4489 1843 4552; x_wconf 82' lang='lat' dir='ltr'><strong>dixit,</strong></span> <span class='ocrx_word' id='word_1_263' title='bbox 1865 4495 2008 4560; x_wconf 87' lang='lat' dir='ltr'><strong>quod</strong></span> <span class='ocrx_word' id='word_1_264' title='bbox 2039 4511 2293 4566; x_wconf 90' lang='lat' dir='ltr'><strong>compro-</strong></span> 
     </span>
    </p>
   </div>
   <div class='ocr_carea' id='block_1_45' title="bbox 724 4569 2130 4653">
    <p class='ocr_par' dir='ltr' id='par_1_45' title="bbox 724 4569 2130 4653">
     <span class='ocr_line' id='line_1_45' title="bbox 724 4569 2130 4653; baseline 0.013 -31"><span class='ocrx_word' id='word_1_265' title='bbox 724 4569 864 4622; x_wconf 86' lang='lat' dir='ltr'><strong>bavit</strong></span> <span class='ocrx_word' id='word_1_266' title='bbox 894 4583 1120 4624; x_wconf 82' lang='lat' dir='ltr'><strong>eventus</strong></span> <span class='ocrx_word' id='word_1_267' title='bbox 1153 4591 1166 4625; x_wconf 90' lang='lat'><strong>:</strong></span> <span class='ocrx_word' id='word_1_268' title='bbox 1201 4573 1340 4628; x_wconf 90' lang='lat' dir='ltr'><strong>unde</strong></span> <span class='ocrx_word' id='word_1_269' title='bbox 1367 4580 1738 4644; x_wconf 80' lang='lat' dir='ltr'><strong>proverbium,</strong></span> <span class='ocrx_word' id='word_1_270' title='bbox 1770 4579 1916 4650; x_wconf 79' lang='lat' dir='ltr'><strong>Ibyci</strong></span> <span class='ocrx_word' id='word_1_271' title='bbox 1957 4600 2130 4653; x_wconf 79' lang='lat' dir='ltr'><strong>grues.</strong></span> 
     </span>
    </p>
   </div>
   <div class='ocr_carea' id='block_1_46' title="bbox 791 4662 2294 4750">
    <p class='ocr_par' dir='ltr' id='par_1_46' title="bbox 791 4662 2294 4750">
     <span class='ocr_line' id='line_1_46' title="bbox 791 4662 2294 4750; baseline 0.015 -37"><span class='ocrx_word' id='word_1_272' title='bbox 791 4662 985 4732; x_wconf 76' lang='grc' dir='ltr'><strong>Ἰχθῦς.</strong></span> <span class='ocrx_word' id='word_1_273' title='bbox 1019 4663 1281 4734; x_wconf 66' lang='lat' dir='ltr'><strong>Ais-Opus,</strong></span> <span class='ocrx_word' id='word_1_274' title='bbox 1308 4666 1634 4725; x_wconf 83' lang='lat' dir='ltr'><strong>Mithridatis</strong></span> <span class='ocrx_word' id='word_1_275' title='bbox 1693 4688 2040 4742; x_wconf 84' lang='lat' dir='ltr'><strong>anagnostes,</strong></span> <span class='ocrx_word' id='word_1_276' title='bbox 2073 4681 2294 4750; x_wconf 88' lang='lat' dir='ltr'><strong>scripsit</strong></span> 
     </span>
    </p>
   </div>
   <div class='ocr_carea' id='block_1_47' title="bbox 719 4755 2290 4840">
    <p class='ocr_par' dir='ltr' id='par_1_47' title="bbox 719 4755 2290 4840">
     <span class='ocr_line' id='line_1_47' title="bbox 719 4755 2290 4840; baseline 0.01 -31"><span class='ocrx_word' id='word_1_277' title='bbox 719 4755 920 4809; x_wconf 70' lang='lat' dir='ltr'><strong>librum</strong></span> <span class='ocrx_word' id='word_1_278' title='bbox 951 4757 1016 4809; x_wconf 88' lang='lat' dir='ltr'><strong>de</strong></span> <span class='ocrx_word' id='word_1_279' title='bbox 1058 4756 1279 4822; x_wconf 86' lang='lat' dir='ltr'><strong>lleleua,</strong></span> <span class='ocrx_word' id='word_1_280' title='bbox 1315 4759 1368 4812; x_wconf 92' lang='lat' dir='ltr'><strong>in</strong></span> <span class='ocrx_word' id='word_1_281' title='bbox 1403 4777 1512 4828; x_wconf 88' lang='lat' dir='ltr'><strong>quo</strong></span> <span class='ocrx_word' id='word_1_282' title='bbox 1561 4763 1656 4826; x_wconf 90' lang='lat' dir='ltr'><strong>ait,</strong></span> <span class='ocrx_word' id='word_1_283' title='bbox 1693 4767 1892 4820; x_wconf 87' lang='lat' dir='ltr'><strong>cetacei</strong></span> <span class='ocrx_word' id='word_1_284' title='bbox 1939 4771 2152 4836; x_wconf 82' lang='lat' dir='ltr'><strong>generis</strong></span> <span class='ocrx_word' id='word_1_285' title='bbox 2205 4773 2290 4840; x_wconf 77' lang='grc' dir='ltr'><strong>ρί-</strong></span> 
     </span>
    </p>
   </div>
   <div class='ocr_carea' id='block_1_48' title="bbox 719 4851 2288 4927">
    <p class='ocr_par' dir='ltr' id='par_1_48' title="bbox 719 4851 2288 4927">
     <span class='ocr_line' id='line_1_48' title="bbox 719 4851 2288 4927; baseline 0.012 -28"><span class='ocrx_word' id='word_1_286' title='bbox 719 4862 866 4900; x_wconf 81' lang='lat' dir='ltr'><strong>seem</strong></span> <span class='ocrx_word' id='word_1_287' title='bbox 895 4851 1182 4915; x_wconf 87' lang='lat' dir='ltr'><strong>quemdam</strong></span> <span class='ocrx_word' id='word_1_288' title='bbox 1207 4852 1348 4903; x_wconf 82' lang='grc' dir='ltr'>πᾶνα</span> <span class='ocrx_word' id='word_1_289' title='bbox 1385 4855 1598 4919; x_wconf 87' lang='lat' dir='ltr'><strong>vocari,</strong></span> <span class='ocrx_word' id='word_1_290' title='bbox 1628 4858 1678 4908; x_wconf 94' lang='lat' dir='ltr'><strong>in</strong></span> <span class='ocrx_word' id='word_1_291' title='bbox 1707 4857 1808 4911; x_wconf 91' lang='lat' dir='ltr'><strong>hoc</strong></span> <span class='ocrx_word' id='word_1_292' title='bbox 1841 4862 2118 4914; x_wconf 81' lang='lat' dir='ltr'><strong>aSIeritem</strong></span> <span class='ocrx_word' id='word_1_293' title='bbox 2153 4865 2288 4927; x_wconf 84' lang='lat' dir='ltr'><strong>lapi-</strong></span> 
     </span>
    </p>
   </div>
   <div class='ocr_carea' id='block_1_49' title="bbox 717 4939 2285 5023">
    <p class='ocr_par' dir='ltr' id='par_1_49' title="bbox 717 4939 2285 5023">
     <span class='ocr_line' id='line_1_49' title="bbox 717 4939 2285 5023; baseline 0.013 -33"><span class='ocrx_word' id='word_1_294' title='bbox 717 4939 838 4990; x_wconf 71' lang='lat' dir='ltr'><strong>dem</strong></span> <span class='ocrx_word' id='word_1_295' title='bbox 878 4940 1127 5007; x_wconf 76' lang='lat' dir='ltr'><strong>reperiri,</strong></span> <span class='ocrx_word' id='word_1_296' title='bbox 1180 4943 1274 5010; x_wconf 87' lang='lat' dir='ltr'><strong>qui</strong></span> <span class='ocrx_word' id='word_1_297' title='bbox 1327 4959 1354 4997; x_wconf 87' lang='lat' dir='ltr'><strong>a</strong></span> <span class='ocrx_word' id='word_1_298' title='bbox 1391 4945 1505 5000; x_wconf 87' lang='lat' dir='ltr'><strong>sole</strong></span> <span class='ocrx_word' id='word_1_299' title='bbox 1537 4947 1852 5002; x_wconf 86' lang='lat' dir='ltr'><strong>accenditur</strong></span> <span class='ocrx_word' id='word_1_300' title='bbox 1887 4959 1939 5002; x_wconf 91' lang='lat' dir='ltr'><strong>et</strong></span> <span class='ocrx_word' id='word_1_301' title='bbox 1989 4953 2056 5005; x_wconf 86' lang='lat' dir='ltr'><strong>ad</strong></span> <span class='ocrx_word' id='word_1_302' title='bbox 2085 4955 2285 5023; x_wconf 87' lang='lat' dir='ltr'><strong>philtra</strong></span> 
     </span>
    </p>
   </div>
   <div class='ocr_carea' id='block_1_50' title="bbox 719 5031 998 5086">
    <p class='ocr_par' dir='ltr' id='par_1_50' title="bbox 719 5031 998 5086">
     <span class='ocr_line' id='line_1_50' title="bbox 719 5031 998 5086; baseline 0.004 -3"><span class='ocrx_word' id='word_1_303' title='bbox 719 5031 870 5085; x_wconf 77' lang='lat' dir='ltr'><strong>utilis</strong></span> <span class='ocrx_word' id='word_1_304' title='bbox 897 5047 998 5086; x_wconf 83' lang='lat' dir='ltr'><strong>est.</strong></span> 
     </span>
    </p>
   </div>
   <div class='ocr_carea' id='block_1_51' title="bbox 788 5123 2293 5204">
    <p class='ocr_par' dir='ltr' id='par_1_51' title="bbox 788 5123 2293 5204">
     <span class='ocr_line' id='line_1_51' title="bbox 788 5123 2293 5204; baseline 0.011 -30"><span class='ocrx_word' id='word_1_305' title='bbox 788 5123 972 5184; x_wconf 77' lang='lat' dir='ltr'><strong>Idams,</strong></span> <span class='ocrx_word' id='word_1_306' title='bbox 1008 5123 1267 5190; x_wconf 79' lang='lat' dir='ltr'><strong>Rhodius,</strong></span> <span class='ocrx_word' id='word_1_307' title='bbox 1309 5125 1446 5181; x_wconf 80' lang='lat' dir='ltr'><strong>Lissi</strong></span> <span class='ocrx_word' id='word_1_308' title='bbox 1471 5126 1558 5192; x_wconf 85' lang='lat' dir='ltr'><strong>F.,</strong></span> <span class='ocrx_word' id='word_1_309' title='bbox 1593 5139 1749 5196; x_wconf 87' lang='lat' dir='ltr'><strong>poeta</strong></span> <span class='ocrx_word' id='word_1_310' title='bbox 1782 5146 1990 5199; x_wconf 88' lang='lat' dir='ltr'><strong>epicus,</strong></span> <span class='ocrx_word' id='word_1_311' title='bbox 2020 5135 2110 5202; x_wconf 87' lang='lat' dir='ltr'><strong>qui</strong></span> <span class='ocrx_word' id='word_1_312' title='bbox 2174 5147 2293 5204; x_wconf 88' lang='lat' dir='ltr'><strong>post</strong></span> 
     </span>
    </p>
   </div>
   <div class='ocr_carea' id='block_1_52' title="bbox 718 5213 2284 5294">
    <p class='ocr_par' dir='ltr' id='par_1_52' title="bbox 718 5213 2284 5294">
     <span class='ocr_line' id='line_1_52' title="bbox 718 5213 2284 5294; baseline 0.008 -26"><span class='ocrx_word' id='word_1_313' title='bbox 718 5213 962 5282; x_wconf 87' lang='lat' dir='ltr'><strong>singulos</strong></span> <span class='ocrx_word' id='word_1_314' title='bbox 1001 5231 1194 5269; x_wconf 83' lang='lat' dir='ltr'><strong>versus</strong></span> <span class='ocrx_word' id='word_1_315' title='bbox 1250 5217 1476 5272; x_wconf 85' lang='lat' dir='ltr'><strong>alterum</strong></span> <span class='ocrx_word' id='word_1_316' title='bbox 1533 5234 1748 5272; x_wconf 85' lang='lat' dir='ltr'><strong>versum</strong></span> <span class='ocrx_word' id='word_1_317' title='bbox 1805 5221 2055 5278; x_wconf 86' lang='lat' dir='ltr'><strong>inserens</strong></span> <span class='ocrx_word' id='word_1_318' title='bbox 2091 5241 2284 5294; x_wconf 88' lang='lat' dir='ltr'><strong>poema</strong></span> 
     </span>
    </p>
   </div>
   <div class='ocr_carea' id='block_1_53' title="bbox 717 5305 2284 5385">
    <p class='ocr_par' dir='ltr' id='par_1_53' title="bbox 717 5305 2284 5385">
     <span class='ocr_line' id='line_1_53' title="bbox 717 5305 2284 5385; baseline 0.008 -25"><span class='ocrx_word' id='word_1_319' title='bbox 717 5305 932 5360; x_wconf 77' lang='lat' dir='ltr'><strong>Homeri</strong></span> <span class='ocrx_word' id='word_1_320' title='bbox 966 5311 1135 5362; x_wconf 88' lang='lat' dir='ltr'><strong>altero</strong></span> <span class='ocrx_word' id='word_1_321' title='bbox 1179 5319 1330 5364; x_wconf 87' lang='lat' dir='ltr'><strong>tanto</strong></span> <span class='ocrx_word' id='word_1_322' title='bbox 1353 5312 1568 5366; x_wconf 83' lang='lat' dir='ltr'><strong>auctius</strong></span> <span class='ocrx_word' id='word_1_323' title='bbox 1598 5311 1742 5367; x_wconf 90' lang='lat' dir='ltr'><strong>lccit.</strong></span> <span class='ocrx_word' id='word_1_324' title='bbox 1787 5315 2018 5382; x_wconf 89' lang='lat' dir='ltr'><strong>Scripsit</strong></span> <span class='ocrx_word' id='word_1_325' title='bbox 2059 5327 2114 5371; x_wconf 90' lang='lat' dir='ltr'><strong>et</strong></span> <span class='ocrx_word' id='word_1_326' title='bbox 2158 5321 2284 5385; x_wconf 87' lang='lat' dir='ltr'><strong>alia,</strong></span> 
     </span>
    </p>
   </div>
   <div class='ocr_carea' id='block_1_54' title="bbox 729 5397 2022 5462">
    <p class='ocr_par' dir='ltr' id='par_1_54' title="bbox 729 5397 2022 5462">
     <span class='ocr_line' id='line_1_54' title="bbox 729 5397 2022 5462; baseline 0.007 -9"><span class='ocrx_word' id='word_1_327' title='bbox 729 5407 778 5453; x_wconf 77' lang='lat' dir='ltr'><strong>tt</strong></span> <span class='ocrx_word' id='word_1_328' title='bbox 811 5397 1012 5453; x_wconf 82' lang='lat' dir='ltr'><strong>Rhodia</strong></span> <span class='ocrx_word' id='word_1_329' title='bbox 1049 5402 1114 5454; x_wconf 87' lang='lat' dir='ltr'><strong>ad</strong></span> <span class='ocrx_word' id='word_1_330' title='bbox 1143 5417 1331 5457; x_wconf 77' lang='lat' dir='ltr'><strong>versus</strong></span> <span class='ocrx_word' id='word_1_331' title='bbox 1366 5405 1713 5462; x_wconf 77' lang='lat' dir='ltr'><strong>hexametros</strong></span> <span class='ocrx_word' id='word_1_332' title='bbox 1746 5417 1824 5461; x_wconf 89' lang='lat' dir='ltr'><strong>ter</strong></span> <span class='ocrx_word' id='word_1_333' title='bbox 1858 5409 2022 5462; x_wconf 84' lang='lat' dir='ltr'><strong>mille.</strong></span> 
     </span>
    </p>
   </div>
   <div class='ocr_carea' id='block_1_55' title="bbox 787 5581 2274 5656">
    <p class='ocr_par' dir='ltr' id='par_1_55' title="bbox 787 5581 2274 5656">
     <span class='ocr_line' id='line_1_55' title="bbox 787 5581 2274 5656; baseline 0.005 -22"><span class='ocrx_word' id='word_1_334' title='bbox 787 5581 896 5652; x_wconf 78' lang='grc' dir='ltr'><strong>(Π)</strong></span> <span class='ocrx_word' id='word_1_335' title='bbox 925 5583 1098 5648; x_wconf 84' lang='lat' dir='ltr'><strong>Quam</strong></span> <span class='ocrx_word' id='word_1_336' title='bbox 1149 5587 1282 5642; x_wconf 80' lang='lat' dir='ltr'><strong>falsa</strong></span> <span class='ocrx_word' id='word_1_337' title='bbox 1317 5589 1432 5642; x_wconf 67' lang='lat' dir='ltr'><strong>haec</strong></span> <span class='ocrx_word' id='word_1_338' title='bbox 1464 5590 1532 5642; x_wconf 89' lang='lat' dir='ltr'><strong>sit</strong></span> <span class='ocrx_word' id='word_1_339' title='bbox 1581 5590 1820 5642; x_wconf 80' lang='lat' dir='ltr'><strong>narratio</strong></span> <span class='ocrx_word' id='word_1_340' title='bbox 1848 5591 2064 5656; x_wconf 73' lang='lat' dir='ltr'><strong>Suidae,</strong></span> <span class='ocrx_word' id='word_1_341' title='bbox 2091 5589 2274 5643; x_wconf 74' lang='lat' dir='ltr'><strong>Ionem</strong></span> 
     </span>
    </p>
   </div>
   <div class='ocr_carea' id='block_1_56' title="bbox 715 5656 2278 5726">
    <p class='ocr_par' dir='ltr' id='par_1_56' title="bbox 715 5656 2278 5726">
     <span class='ocr_line' id='line_1_56' title="bbox 715 5656 2278 5726; baseline 0.004 -18"><span class='ocrx_word' id='word_1_342' title='bbox 715 5656 1000 5720; x_wconf 77' lang='lat' dir='ltr'><strong>scripsisse</strong></span> <span class='ocrx_word' id='word_1_343' title='bbox 1047 5658 1112 5710; x_wconf 90' lang='lat' dir='ltr'><strong>de</strong></span> <span class='ocrx_word' id='word_1_344' title='bbox 1151 5661 1403 5712; x_wconf 84' lang='lat' dir='ltr'><strong>meteOris</strong></span> <span class='ocrx_word' id='word_1_345' title='bbox 1435 5667 1490 5712; x_wconf 77' lang='lat' dir='ltr'><strong>et</strong></span> <span class='ocrx_word' id='word_1_346' title='bbox 1533 5661 1818 5721; x_wconf 74' lang='grc' dir='ltr'><strong>συνθέτους</strong></span> <span class='ocrx_word' id='word_1_347' title='bbox 1857 5661 2064 5726; x_wconf 77' lang='grc' dir='ltr'><strong>λόγους,</strong></span> <span class='ocrx_word' id='word_1_348' title='bbox 2099 5661 2278 5714; x_wconf 83' lang='lat' dir='ltr'><strong>verbis</strong></span> 
     </span>
    </p>
   </div>
   <div class='ocr_carea' id='block_1_57' title="bbox 722 5727 2274 5795">
    <p class='ocr_par' dir='ltr' id='par_1_57' title="bbox 722 5727 2274 5795">
     <span class='ocr_line' id='line_1_57' title="bbox 722 5727 2274 5795; baseline 0.001 -17"><span class='ocrx_word' id='word_1_349' title='bbox 722 5727 1023 5778; x_wconf 65' lang='lat' dir='ltr'><strong>scnoliaste</strong></span> <span class='ocrx_word' id='word_1_350' title='bbox 1075 5727 1141 5779; x_wconf 86' lang='lat' dir='ltr'><strong>ad</strong></span> <span class='ocrx_word' id='word_1_351' title='bbox 1206 5729 1483 5795; x_wconf 76' lang='lat' dir='ltr'><strong>Aristoph.</strong></span> <span class='ocrx_word' id='word_1_352' title='bbox 1529 5729 1714 5782; x_wconf 83' lang='lat' dir='ltr'><strong>l’oecm</strong></span> <span class='ocrx_word' id='word_1_353' title='bbox 1772 5731 1910 5782; x_wconf 88' lang='lat' dir='ltr'><strong>male</strong></span> <span class='ocrx_word' id='word_1_354' title='bbox 1967 5731 2274 5793; x_wconf 79' lang='lat' dir='ltr'><strong>intellectis,</strong></span> 
     </span>
    </p>
   </div>
   <div class='ocr_carea' id='block_1_58' title="bbox 715 5793 2273 5868">
    <p class='ocr_par' dir='ltr' id='par_1_58' title="bbox 715 5793 2273 5868">
     <span class='ocr_line' id='line_1_58' title="bbox 715 5793 2273 5868; baseline 0.004 -25"><span class='ocrx_word' id='word_1_355' title='bbox 715 5793 864 5868; x_wconf 43' lang='lat' dir='ltr'><strong>tinem</strong></span> <span class='ocrx_word' id='word_1_356' title='bbox 897 5795 1096 5848; x_wconf 73' lang='lat' dir='ltr'><strong>Kttsttrt&#39;</strong></span> <span class='ocrx_word' id='word_1_357' title='bbox 1128 5798 1190 5850; x_wconf 75' lang='lat' dir='ltr'><strong>atI</strong></span> <span class='ocrx_word' id='word_1_358' title='bbox 1223 5793 1402 5850; x_wconf 59' lang='lat' dir='ltr'><strong>Snidnt</strong></span> <span class='ocrx_word' id='word_1_359' title='bbox 1441 5801 1542 5852; x_wconf 82' lang='lat' dir='ltr'><strong>Ioc.</strong></span> <span class='ocrx_word' id='word_1_360' title='bbox 1576 5799 1640 5862; x_wconf 74' lang='lat' dir='ltr'><strong>II,</strong></span> <span class='ocrx_word' id='word_1_361' title='bbox 1674 5815 1793 5868; x_wconf 75' lang='lat' dir='ltr'><strong>pag.</strong></span> <span class='ocrx_word' id='word_1_362' title='bbox 1819 5800 1937 5862; x_wconf 67' lang='grc'><strong>153,</strong></span> <span class='ocrx_word' id='word_1_363' title='bbox 1962 5816 2022 5852; x_wconf 88' lang='lat' dir='ltr'><strong>ex</strong></span> <span class='ocrx_word' id='word_1_364' title='bbox 2055 5801 2273 5852; x_wconf 68' lang='lat' dir='ltr'><strong>Bettlit&#39;ii</strong></span> 
     </span>
    </p>
   </div>
   <div class='ocr_carea' id='block_1_59' title="bbox 715 5861 2273 5932">
    <p class='ocr_par' dir='ltr' id='par_1_59' title="bbox 715 5861 2273 5932">
     <span class='ocr_line' id='line_1_59' title="bbox 715 5861 2273 5932; baseline 0.005 -18"><span class='ocrx_word' id='word_1_365' title='bbox 715 5861 890 5930; x_wconf 73' lang='lat' dir='ltr'><strong>Epist.</strong></span> <span class='ocrx_word' id='word_1_366' title='bbox 921 5866 984 5918; x_wconf 85' lang='lat' dir='ltr'><strong>ad</strong></span> <span class='ocrx_word' id='word_1_367' title='bbox 1017 5867 1262 5920; x_wconf 83' lang='lat' dir='ltr'><strong>Millium.</strong></span> <span class='ocrx_word' id='word_1_368' title='bbox 1298 5868 1499 5922; x_wconf 79' lang='lat' dir='ltr'><strong>Contra</strong></span> <span class='ocrx_word' id='word_1_369' title='bbox 1519 5885 1580 5923; x_wconf 88' lang='lat' dir='ltr'><strong>ea</strong></span> <span class='ocrx_word' id='word_1_370' title='bbox 1613 5861 1804 5924; x_wconf 72' lang='lat' dir='ltr'><strong>Sensus</strong></span> <span class='ocrx_word' id='word_1_371' title='bbox 1841 5861 2148 5924; x_wconf 65' lang='lat' dir='ltr'><strong>sclioliasta‘.</strong></span> <span class='ocrx_word' id='word_1_372' title='bbox 2171 5879 2273 5932; x_wconf 88' lang='lat' dir='ltr'><strong>est,</strong></span> 
     </span>
    </p>
   </div>
   <div class='ocr_carea' id='block_1_60' title="bbox 1965 446 2748 513">
    <p class='ocr_par' dir='ltr' id='par_1_60' title="bbox 1965 446 2748 513">
     <span class='ocr_line' id='line_1_60' title="bbox 1965 446 2748 513; baseline 0.009 -9"><span class='ocrx_word' id='word_1_373' title='bbox 1965 446 2208 506; x_wconf 75' lang='lat' dir='ltr'><strong>INDEX</strong></span> <span class='ocrx_word' id='word_1_374' title='bbox 2252 450 2748 513; x_wconf 76' lang='lat' dir='ltr'><strong>SCRIPTOHUM</strong></span> 
     </span>
    </p>
   </div>
   <div class='ocr_carea' id='block_1_61' title="bbox 759 538 2400 620">
    <p class='ocr_par' dir='ltr' id='par_1_61' title="bbox 759 538 2400 620">
     <span class='ocr_line' id='line_1_61' title="bbox 759 538 2400 620; baseline 0.011 -30"><span class='ocrx_word' id='word_1_375' title='bbox 759 538 900 592; x_wconf 88' lang='lat' dir='ltr'><strong>latus</strong></span> <span class='ocrx_word' id='word_1_376' title='bbox 948 547 1127 594; x_wconf 89' lang='lat' dir='ltr'><strong>autem</strong></span> <span class='ocrx_word' id='word_1_377' title='bbox 1175 553 1256 596; x_wconf 89' lang='lat' dir='ltr'><strong>est</strong></span> <span class='ocrx_word' id='word_1_378' title='bbox 1305 545 1372 597; x_wconf 88' lang='lat' dir='ltr'><strong>ab</strong></span> <span class='ocrx_word' id='word_1_379' title='bbox 1423 546 1707 614; x_wconf 72' lang='lat' dir='ltr'><strong>Antipatro</strong></span> <span class='ocrx_word' id='word_1_380' title='bbox 1754 565 1897 616; x_wconf 73' lang='lat' dir='ltr'><strong>rage,</strong></span> <span class='ocrx_word' id='word_1_381' title='bbox 1933 554 2026 620; x_wconf 87' lang='lat' dir='ltr'><strong>qui</strong></span> <span class='ocrx_word' id='word_1_382' title='bbox 2073 570 2198 606; x_wconf 89' lang='lat' dir='ltr'><strong>eum</strong></span> <span class='ocrx_word' id='word_1_383' title='bbox 2259 571 2322 609; x_wconf 71' lang='lat' dir='ltr'><strong>es</strong></span> <span class='ocrx_word' id='word_1_384' title='bbox 2360 565 2400 615; x_wconf 76' lang='grc' dir='ltr'>Α</span> 
     </span>
    </p>
   </div>
   <div class='ocr_carea' id='block_1_62' title="bbox 3881 462 4016 524">
    <p class='ocr_par' dir='ltr' id='par_1_62' title="bbox 3881 462 4016 524">
     <span class='ocr_line' id='line_1_62' title="bbox 3881 462 4016 524; baseline -0.015 0"><span class='ocrx_word' id='word_1_385' title='bbox 3881 462 3900 524; x_wconf 91' lang='lat' dir='ltr'><strong>I</strong></span> <span class='ocrx_word' id='word_1_386' title='bbox 3913 463 4016 522; x_wconf 71' lang='lat'><strong>280</strong></span> 
     </span>
    </p>
   </div>
   <div class='ocr_carea' id='block_1_63' title="bbox 2517 558 4014 632">
    <p class='ocr_par' dir='ltr' id='par_1_63' title="bbox 2517 558 4014 632">
     <span class='ocr_line' id='line_1_63' title="bbox 2517 558 4014 632; baseline 0.009 -22"><span class='ocrx_word' id='word_1_387' title='bbox 2517 558 2806 629; x_wconf 76' lang='grc' dir='ltr'><strong>Ἰερατικὴ,</strong></span> <span class='ocrx_word' id='word_1_388' title='bbox 2867 563 2982 618; x_wconf 78' lang='lat' dir='ltr'><strong>sive</strong></span> <span class='ocrx_word' id='word_1_389' title='bbox 3041 566 3270 618; x_wconf 81' lang='lat' dir='ltr'><strong>scicntia</strong></span> <span class='ocrx_word' id='word_1_390' title='bbox 3339 567 3718 632; x_wconf 74' lang='lat' dir='ltr'><strong>sacerdotalis,</strong></span> <span class='ocrx_word' id='word_1_391' title='bbox 3764 567 3938 623; x_wconf 73' lang='lat' dir='ltr'><strong>iIilIcrt</strong></span> <span class='ocrx_word' id='word_1_392' title='bbox 3987 591 4014 624; x_wconf 83' lang='lat' dir='ltr'><strong>a</strong></span> 
     </span>
    </p>
   </div>
   <div class='ocr_carea' id='block_1_64' title="bbox 2436 647 4012 723">
    <p class='ocr_par' dir='ltr' id='par_1_64' title="bbox 2436 647 4012 723">
     <span class='ocr_line' id='line_1_64' title="bbox 2436 647 4012 723; baseline 0.009 -25"><span class='ocrx_word' id='word_1_393' title='bbox 2436 647 2798 718; x_wconf 54' lang='lat' dir='ltr'><strong>philosophia.</strong></span> <span class='ocrx_word' id='word_1_394' title='bbox 2861 653 3218 723; x_wconf 86' lang='lat' dir='ltr'><strong>consistitque</strong></span> <span class='ocrx_word' id='word_1_395' title='bbox 3267 655 3318 708; x_wconf 92' lang='lat' dir='ltr'><strong>in</strong></span> <span class='ocrx_word' id='word_1_396' title='bbox 3384 656 3534 708; x_wconf 91' lang='lat' dir='ltr'><strong>cultu</strong></span> <span class='ocrx_word' id='word_1_397' title='bbox 3599 658 3826 710; x_wconf 81' lang='lat' dir='ltr'><strong>deorum</strong></span> <span class='ocrx_word' id='word_1_398' title='bbox 3881 669 3934 710; x_wconf 79' lang='lat' dir='ltr'><strong>et</strong></span> <span class='ocrx_word' id='word_1_399' title='bbox 3985 677 4012 712; x_wconf 88' lang='lat' dir='ltr'><strong>a</strong></span> 
     </span>
    </p>
   </div>
   <div class='ocr_carea' id='block_1_65' title="bbox 2433 739 4012 813">
    <p class='ocr_par' dir='ltr' id='par_1_65' title="bbox 2433 739 4012 813">
     <span class='ocr_line' id='line_1_65' title="bbox 2433 739 4012 813; baseline 0.007 -23"><span class='ocrx_word' id='word_1_400' title='bbox 2433 739 2614 791; x_wconf 85' lang='lat' dir='ltr'><strong>causis</strong></span> <span class='ocrx_word' id='word_1_401' title='bbox 2671 742 2930 796; x_wconf 87' lang='lat' dir='ltr'><strong>mundum</strong></span> <span class='ocrx_word' id='word_1_402' title='bbox 2984 745 3414 813; x_wconf 82' lang='lat' dir='ltr'><strong>gubernantibus</strong></span> <span class='ocrx_word' id='word_1_403' title='bbox 3475 747 3708 812; x_wconf 81' lang='lat' dir='ltr'><strong>incipit,</strong></span> <span class='ocrx_word' id='word_1_404' title='bbox 3755 759 3805 800; x_wconf 86' lang='lat' dir='ltr'><strong>et</strong></span> <span class='ocrx_word' id='word_1_405' title='bbox 3867 751 4012 802; x_wconf 83' lang='lat' dir='ltr'><strong>circa</strong></span> 
     </span>
    </p>
   </div>
   <div class='ocr_carea' id='block_1_66' title="bbox 2431 838 4010 906">
    <p class='ocr_par' dir='ltr' id='par_1_66' title="bbox 2431 838 4010 906">
     <span class='ocr_line' id='line_1_66' title="bbox 2431 838 4010 906; baseline 0.008 -25"><span class='ocrx_word' id='word_1_406' title='bbox 2431 844 2526 883; x_wconf 87' lang='lat' dir='ltr'><strong>cas</strong></span> <span class='ocrx_word' id='word_1_407' title='bbox 2565 843 2877 900; x_wconf 88' lang='lat' dir='ltr'><strong>occupatur,</strong></span> <span class='ocrx_word' id='word_1_408' title='bbox 2908 838 3330 906; x_wconf 85' lang='lat' dir='ltr'><strong>consideratque</strong></span> <span class='ocrx_word' id='word_1_409' title='bbox 3363 839 3670 892; x_wconf 83' lang='lat' dir='ltr'><strong>animoru-n</strong></span> <span class='ocrx_word' id='word_1_410' title='bbox 3719 841 4010 894; x_wconf 77' lang='lat' dir='ltr'><strong>immoita-</strong></span> 
     </span>
    </p>
   </div>
   <div class='ocr_carea' id='block_1_67' title="bbox 2431 922 4012 999">
    <p class='ocr_par' dir='ltr' id='par_1_67' title="bbox 2431 922 4012 999">
     <span class='ocr_line' id='line_1_67' title="bbox 2431 922 4012 999; baseline 0.006 -24"><span class='ocrx_word' id='word_1_411' title='bbox 2431 922 2634 976; x_wconf 90' lang='lat' dir='ltr'><strong>litatem</strong></span> <span class='ocrx_word' id='word_1_412' title='bbox 2661 926 3009 996; x_wconf 84' lang='lat' dir='ltr'><strong>inﬁnitosque</strong></span> <span class='ocrx_word' id='word_1_413' title='bbox 3035 937 3371 982; x_wconf 88' lang='lat' dir='ltr'><strong>mortuorum</strong></span> <span class='ocrx_word' id='word_1_414' title='bbox 3396 930 3536 998; x_wconf 88' lang='lat' dir='ltr'><strong>apud</strong></span> <span class='ocrx_word' id='word_1_415' title='bbox 3569 930 3774 984; x_wconf 74' lang='lat' dir='ltr'><strong>inferos</strong></span> <span class='ocrx_word' id='word_1_416' title='bbox 3807 944 4012 999; x_wconf 56' lang='lat' dir='ltr'><strong>status,</strong></span> 
     </span>
    </p>
   </div>
   <div class='ocr_carea' id='block_1_68' title="bbox 2429 1015 4008 1086">
    <p class='ocr_par' dir='ltr' id='par_1_68' title="bbox 2429 1015 4008 1086">
     <span class='ocr_line' id='line_1_68' title="bbox 2429 1015 4008 1086; baseline 0.008 -22"><span class='ocrx_word' id='word_1_417' title='bbox 2429 1015 2520 1082; x_wconf 90' lang='lat' dir='ltr'><strong>qui</strong></span> <span class='ocrx_word' id='word_1_418' title='bbox 2556 1031 2652 1081; x_wconf 91' lang='lat' dir='ltr'><strong>pro</strong></span> <span class='ocrx_word' id='word_1_419' title='bbox 2679 1017 2906 1086; x_wconf 78' lang='lat' dir='ltr'><strong>singulis</strong></span> <span class='ocrx_word' id='word_1_420' title='bbox 2959 1020 3254 1074; x_wconf 85' lang='lat' dir='ltr'><strong>virtutibus</strong></span> <span class='ocrx_word' id='word_1_421' title='bbox 3297 1030 3350 1073; x_wconf 90' lang='lat' dir='ltr'><strong>et</strong></span> <span class='ocrx_word' id='word_1_422' title='bbox 3375 1021 3524 1075; x_wconf 89' lang='lat' dir='ltr'><strong>vitiis</strong></span> <span class='ocrx_word' id='word_1_423' title='bbox 3571 1023 3822 1075; x_wconf 88' lang='lat' dir='ltr'><strong>attributi</strong></span> <span class='ocrx_word' id='word_1_424' title='bbox 3858 1034 4008 1084; x_wconf 88' lang='lat' dir='ltr'><strong>sunt.</strong></span> 
     </span>
    </p>
   </div>
   <div class='ocr_carea' id='block_1_69' title="bbox 2429 1109 4008 1180">
    <p class='ocr_par' dir='ltr' id='par_1_69' title="bbox 2429 1109 4008 1180">
     <span class='ocr_line' id='line_1_69' title="bbox 2429 1109 4008 1180; baseline 0.004 -20"><span class='ocrx_word' id='word_1_425' title='bbox 2429 1117 2482 1160; x_wconf 90' lang='lat' dir='ltr'><strong>et</strong></span> <span class='ocrx_word' id='word_1_426' title='bbox 2542 1109 2718 1162; x_wconf 87' lang='lat' dir='ltr'><strong>varias</strong></span> <span class='ocrx_word' id='word_1_427' title='bbox 2782 1111 3016 1164; x_wconf 87' lang='lat' dir='ltr'><strong>durante</strong></span> <span class='ocrx_word' id='word_1_428' title='bbox 3073 1111 3176 1164; x_wconf 89' lang='lat' dir='ltr'><strong>vita</strong></span> <span class='ocrx_word' id='word_1_429' title='bbox 3243 1111 3602 1180; x_wconf 85' lang='lat' dir='ltr'><strong>migrationes</strong></span> <span class='ocrx_word' id='word_1_430' title='bbox 3673 1115 4008 1166; x_wconf 85' lang='lat' dir='ltr'><strong>animarum.</strong></span> 
     </span>
    </p>
   </div>
   <div class='ocr_carea' id='block_1_70' title="bbox 2425 1201 4010 1273">
    <p class='ocr_par' dir='ltr' id='par_1_70' title="bbox 2425 1201 4010 1273">
     <span class='ocr_line' id='line_1_70' title="bbox 2425 1201 4010 1273; baseline 0.004 -22"><span class='ocrx_word' id='word_1_431' title='bbox 2425 1204 2689 1253; x_wconf 82' lang='lat' dir='ltr'><strong>Auctores</strong></span> <span class='ocrx_word' id='word_1_432' title='bbox 2719 1201 2866 1255; x_wconf 77' lang='lat' dir='ltr'><strong>luere</strong></span> <span class='ocrx_word' id='word_1_433' title='bbox 2895 1201 3152 1270; x_wconf 66' lang='lat' dir='ltr'><strong>1Egyplii,</strong></span> <span class='ocrx_word' id='word_1_434' title='bbox 3182 1217 3209 1255; x_wconf 90' lang='lat' dir='ltr'><strong>a</strong></span> <span class='ocrx_word' id='word_1_435' title='bbox 3239 1203 3438 1272; x_wconf 86' lang='lat' dir='ltr'><strong>quibus</strong></span> <span class='ocrx_word' id='word_1_436' title='bbox 3473 1201 3798 1273; x_wconf 75' lang='lat' dir='ltr'><strong>Pythagorei</strong></span> <span class='ocrx_word' id='word_1_437' title='bbox 3821 1207 4010 1258; x_wconf 85' lang='lat' dir='ltr'><strong>omnia</strong></span> 
     </span>
    </p>
   </div>
   <div class='ocr_carea' id='block_1_71' title="bbox 2425 1289 3142 1347">
    <p class='ocr_par' dir='ltr' id='par_1_71' title="bbox 2425 1289 3142 1347">
     <span class='ocr_line' id='line_1_71' title="bbox 2425 1289 3142 1347; baseline 0.006 -5"><span class='ocrx_word' id='word_1_438' title='bbox 2425 1289 2492 1342; x_wconf 85' lang='lat' dir='ltr'><strong>ad</strong></span> <span class='ocrx_word' id='word_1_439' title='bbox 2529 1289 2750 1346; x_wconf 64' lang='lat' dir='ltr'><strong>Gra&#39;cns</strong></span> <span class='ocrx_word' id='word_1_440' title='bbox 2793 1295 3142 1347; x_wconf 84' lang='lat' dir='ltr'><strong>transtulere.</strong></span> 
     </span>
    </p>
   </div>
   <div class='ocr_carea' id='block_1_72' title="bbox 2495 1381 4006 1454">
    <p class='ocr_par' dir='ltr' id='par_1_72' title="bbox 2495 1381 4006 1454">
     <span class='ocr_line' id='line_1_72' title="bbox 2495 1381 4006 1454; baseline 0.003 -20"><span class='ocrx_word' id='word_1_441' title='bbox 2495 1381 2725 1450; x_wconf 70' lang='grc' dir='ltr'><strong>Ἰησοῦς.</strong></span> <span class='ocrx_word' id='word_1_442' title='bbox 2783 1383 3131 1453; x_wconf 85' lang='lat' dir='ltr'><strong>Colloquium</strong></span> <span class='ocrx_word' id='word_1_443' title='bbox 3187 1382 3444 1454; x_wconf 85' lang='lat' dir='ltr'><strong>Philippi,</strong></span> <span class='ocrx_word' id='word_1_444' title='bbox 3505 1384 3826 1444; x_wconf 75' lang='lat' dir='ltr'><strong>Christiani.</strong></span> <span class='ocrx_word' id='word_1_445' title='bbox 3881 1403 4006 1438; x_wconf 84' lang='lat' dir='ltr'><strong>cum</strong></span> 
     </span>
    </p>
   </div>
   <div class='ocr_carea' id='block_1_73' title="bbox 2424 1471 4008 1546">
    <p class='ocr_par' dir='ltr' id='par_1_73' title="bbox 2424 1471 4008 1546">
     <span class='ocr_line' id='line_1_73' title="bbox 2424 1471 4008 1546; baseline 0.001 -20"><span class='ocrx_word' id='word_1_446' title='bbox 2424 1471 2749 1537; x_wconf 85' lang='lat' dir='ltr'><strong>Theodosio,</strong></span> <span class='ocrx_word' id='word_1_447' title='bbox 2775 1475 3358 1546; x_wconf 57' lang='lat' dir='ltr'><strong>dpmyqilmlteorum,</strong></span> <span class='ocrx_word' id='word_1_448' title='bbox 3404 1476 3647 1530; x_wconf 87' lang='lat' dir='ltr'><strong>habitum</strong></span> <span class='ocrx_word' id='word_1_449' title='bbox 3701 1475 4008 1530; x_wconf 63' lang='lat' dir='ltr'><strong>JuSEiniaui</strong></span> 
     </span>
    </p>
   </div>
   <div class='ocr_carea' id='block_1_74' title="bbox 2425 1569 4010 1637">
    <p class='ocr_par' dir='ltr' id='par_1_74' title="bbox 2425 1569 4010 1637">
     <span class='ocr_line' id='line_1_74' title="bbox 2425 1569 4010 1637; baseline 0.001 -18"><span class='ocrx_word' id='word_1_450' title='bbox 2425 1569 2785 1634; x_wconf 88' lang='lat' dir='ltr'><strong>temporibus,</strong></span> <span class='ocrx_word' id='word_1_451' title='bbox 2818 1571 2869 1620; x_wconf 93' lang='lat' dir='ltr'><strong>in</strong></span> <span class='ocrx_word' id='word_1_452' title='bbox 2903 1585 3011 1636; x_wconf 89' lang='lat' dir='ltr'><strong>quo</strong></span> <span class='ocrx_word' id='word_1_453' title='bbox 3041 1569 3265 1622; x_wconf 78' lang='lat' dir='ltr'><strong>.Iud:eus</strong></span> <span class='ocrx_word' id='word_1_454' title='bbox 3299 1569 3610 1637; x_wconf 91' lang='lat' dir='ltr'><strong>proﬁtetur,</strong></span> <span class='ocrx_word' id='word_1_455' title='bbox 3642 1584 3700 1622; x_wconf 90' lang='lat' dir='ltr'><strong>se</strong></span> <span class='ocrx_word' id='word_1_456' title='bbox 3721 1585 3786 1621; x_wconf 71' lang='lat' dir='ltr'><strong>ex</strong></span> <span class='ocrx_word' id='word_1_457' title='bbox 3815 1573 4010 1621; x_wconf 66' lang='lat' dir='ltr'><strong>refice</strong></span> 
     </span>
    </p>
   </div>
   <div class='ocr_carea' id='block_1_75' title="bbox 2421 1657 4010 1728">
    <p class='ocr_par' dir='ltr' id='par_1_75' title="bbox 2421 1657 4010 1728">
     <span class='ocr_line' id='line_1_75' title="bbox 2421 1657 4010 1728; baseline 0.003 -20"><span class='ocrx_word' id='word_1_458' title='bbox 2421 1672 2642 1718; x_wconf 82' lang='lat' dir='ltr'><strong>arcano,</strong></span> <span class='ocrx_word' id='word_1_459' title='bbox 2680 1657 2964 1712; x_wconf 69' lang='lat' dir='ltr'><strong>’I‘il:eriade</strong></span> <span class='ocrx_word' id='word_1_460' title='bbox 3014 1661 3276 1728; x_wconf 83' lang='lat' dir='ltr'><strong>reposito,</strong></span> <span class='ocrx_word' id='word_1_461' title='bbox 3317 1659 3486 1728; x_wconf 88' lang='lat' dir='ltr'><strong>probe</strong></span> <span class='ocrx_word' id='word_1_462' title='bbox 3527 1669 3874 1726; x_wconf 86' lang='lat' dir='ltr'><strong>compertum</strong></span> <span class='ocrx_word' id='word_1_463' title='bbox 3915 1659 4010 1712; x_wconf 88' lang='lat' dir='ltr'><strong>ha-</strong></span> 
     </span>
    </p>
   </div>
   <div class='ocr_carea' id='block_1_76' title="bbox 2421 1747 4004 1814">
    <p class='ocr_par' dir='ltr' id='par_1_76' title="bbox 2421 1747 4004 1814">
     <span class='ocr_line' id='line_1_76' title="bbox 2421 1747 4004 1814; baseline 0.002 -15"><span class='ocrx_word' id='word_1_464' title='bbox 2421 1747 2566 1808; x_wconf 63' lang='lat' dir='ltr'><strong>Iit-re,</strong></span> <span class='ocrx_word' id='word_1_465' title='bbox 2598 1747 2780 1800; x_wconf 77' lang='lat' dir='ltr'><strong>Jcsntn</strong></span> <span class='ocrx_word' id='word_1_466' title='bbox 2818 1765 2936 1803; x_wconf 75' lang='lat' dir='ltr'><strong>esse</strong></span> <span class='ocrx_word' id='word_1_467' title='bbox 2965 1749 3053 1804; x_wconf 84' lang='lat' dir='ltr'><strong>Dei</strong></span> <span class='ocrx_word' id='word_1_468' title='bbox 3083 1751 3302 1814; x_wconf 86' lang='lat' dir='ltr'><strong>Filium,</strong></span> <span class='ocrx_word' id='word_1_469' title='bbox 3339 1759 3632 1804; x_wconf 80' lang='lat' dir='ltr'><strong>natum-ex</strong></span> <span class='ocrx_word' id='word_1_470' title='bbox 3669 1750 3836 1802; x_wconf 77' lang='lat' dir='ltr'><strong>Maria</strong></span> <span class='ocrx_word' id='word_1_471' title='bbox 3881 1749 4004 1804; x_wconf 74' lang='lat' dir='ltr'><strong>Vir-</strong></span> 
     </span>
    </p>
   </div>
   <div class='ocr_carea' id='block_1_77' title="bbox 2419 1839 4003 1911">
    <p class='ocr_par' dir='ltr' id='par_1_77' title="bbox 2419 1839 4003 1911">
     <span class='ocr_line' id='line_1_77' title="bbox 2419 1839 4003 1911; baseline 0.005 -23"><span class='ocrx_word' id='word_1_472' title='bbox 2419 1839 2543 1906; x_wconf 83' lang='lat' dir='ltr'><strong>gine</strong></span> <span class='ocrx_word' id='word_1_473' title='bbox 2587 1851 2750 1908; x_wconf 80' lang='lat' dir='ltr'><strong>atque</strong></span> <span class='ocrx_word' id='word_1_474' title='bbox 2817 1843 2946 1895; x_wconf 71' lang='lat' dir='ltr'><strong>olim</strong></span> <span class='ocrx_word' id='word_1_475' title='bbox 3013 1844 3154 1896; x_wconf 88' lang='lat' dir='ltr'><strong>inter</strong></span> <span class='ocrx_word' id='word_1_476' title='bbox 3219 1844 3532 1898; x_wconf 75' lang='lat' dir='ltr'><strong>sacerdotes</strong></span> <span class='ocrx_word' id='word_1_477' title='bbox 3607 1851 3930 1911; x_wconf 80' lang='lat' dir='ltr'><strong>cooptatum</strong></span> <span class='ocrx_word' id='word_1_478' title='bbox 3989 1861 4003 1896; x_wconf 94' lang='lat'>:</span> 
     </span>
    </p>
   </div>
   <div class='ocr_carea' id='block_1_78' title="bbox 2421 1927 4006 2002">
    <p class='ocr_par' dir='ltr' id='par_1_78' title="bbox 2421 1927 4006 2002">
     <span class='ocr_line' id='line_1_78' title="bbox 2421 1927 4006 2002; baseline 0.003 -20"><span class='ocrx_word' id='word_1_479' title='bbox 2421 1927 2717 1998; x_wconf 77' lang='lat' dir='ltr'><strong>Josrphum</strong></span> <span class='ocrx_word' id='word_1_480' title='bbox 2784 1950 2999 2002; x_wconf 85' lang='lat' dir='ltr'><strong>quoque</strong></span> <span class='ocrx_word' id='word_1_481' title='bbox 3039 1936 3091 1988; x_wconf 91' lang='lat' dir='ltr'><strong>in</strong></span> <span class='ocrx_word' id='word_1_482' title='bbox 3139 1935 3560 1988; x_wconf 67' lang='lat' dir='ltr'><strong>Commentariis</strong></span> <span class='ocrx_word' id='word_1_483' title='bbox 3606 1933 3680 1988; x_wconf 84' lang='lat' dir='ltr'><strong>De</strong></span> <span class='ocrx_word' id='word_1_484' title='bbox 3734 1935 3878 1988; x_wconf 85' lang='lat' dir='ltr'><strong>bello</strong></span> <span class='ocrx_word' id='word_1_485' title='bbox 3911 1933 4006 1986; x_wconf 81' lang='lat' dir='ltr'><strong>Ju-</strong></span> 
     </span>
    </p>
   </div>
   <div class='ocr_carea' id='block_1_79' title="bbox 2421 2023 4004 2096">
    <p class='ocr_par' dir='ltr' id='par_1_79' title="bbox 2421 2023 4004 2096">
     <span class='ocr_line' id='line_1_79' title="bbox 2421 2023 4004 2096; baseline 0 -20"><span class='ocrx_word' id='word_1_486' title='bbox 2421 2023 2577 2076; x_wconf 83' lang='lat' dir='ltr'><strong>daico</strong></span> <span class='ocrx_word' id='word_1_487' title='bbox 2611 2035 2794 2091; x_wconf 73' lang='lat' dir='ltr'><strong>aperte</strong></span> <span class='ocrx_word' id='word_1_488' title='bbox 2824 2025 3020 2090; x_wconf 78' lang='lat' dir='ltr'><strong>dicere,</strong></span> <span class='ocrx_word' id='word_1_489' title='bbox 3053 2025 3238 2080; x_wconf 83' lang='lat' dir='ltr'><strong>Jcsum</strong></span> <span class='ocrx_word' id='word_1_490' title='bbox 3267 2028 3319 2080; x_wconf 87' lang='lat' dir='ltr'><strong>in</strong></span> <span class='ocrx_word' id='word_1_491' title='bbox 3353 2027 3553 2096; x_wconf 86' lang='lat' dir='ltr'><strong>templo</strong></span> <span class='ocrx_word' id='word_1_492' title='bbox 3587 2041 3710 2078; x_wconf 85' lang='lat' dir='ltr'><strong>eum</strong></span> <span class='ocrx_word' id='word_1_493' title='bbox 3739 2027 4004 2078; x_wconf 83' lang='lat' dir='ltr'><strong>sacerdo-</strong></span> 
     </span>
    </p>
   </div>
   <div class='ocr_carea' id='block_1_80' title="bbox 2422 2115 4000 2171">
    <p class='ocr_par' dir='ltr' id='par_1_80' title="bbox 2422 2115 4000 2171">
     <span class='ocr_line' id='line_1_80' title="bbox 2422 2115 4000 2171; baseline 0.001 -4"><span class='ocrx_word' id='word_1_494' title='bbox 2422 2115 2564 2168; x_wconf 91' lang='lat' dir='ltr'><strong>tibus</strong></span> <span class='ocrx_word' id='word_1_495' title='bbox 2627 2132 2781 2168; x_wconf 67' lang='lat' dir='ltr'><strong>sact&#39;a</strong></span> <span class='ocrx_word' id='word_1_496' title='bbox 2847 2117 3060 2170; x_wconf 73' lang='lat' dir='ltr'><strong>fecisse.</strong></span> <span class='ocrx_word' id='word_1_497' title='bbox 3124 2119 3196 2170; x_wconf 85' lang='lat' dir='ltr'><strong>De</strong></span> <span class='ocrx_word' id='word_1_498' title='bbox 3255 2120 3571 2171; x_wconf 87' lang='lat' dir='ltr'><strong>narratione</strong></span> <span class='ocrx_word' id='word_1_499' title='bbox 3631 2118 3720 2170; x_wconf 84' lang='lat' dir='ltr'><strong>illa</strong></span> <span class='ocrx_word' id='word_1_500' title='bbox 3773 2119 3884 2170; x_wconf 69' lang='lat' dir='ltr'><strong>uixi</strong></span> <span class='ocrx_word' id='word_1_501' title='bbox 3947 2118 4000 2169; x_wconf 89' lang='lat' dir='ltr'><strong>in</strong></span> 
     </span>
    </p>
   </div>
   <div class='ocr_carea' id='block_1_81' title="bbox 2419 2209 3998 2279">
    <p class='ocr_par' dir='ltr' id='par_1_81' title="bbox 2419 2209 3998 2279">
     <span class='ocr_line' id='line_1_81' title="bbox 2419 2209 3998 2279; baseline 0.001 -20"><span class='ocrx_word' id='word_1_502' title='bbox 2419 2209 2604 2260; x_wconf 86' lang='lat' dir='ltr'><strong>codice</strong></span> <span class='ocrx_word' id='word_1_503' title='bbox 2656 2213 2962 2278; x_wconf 65' lang='lat' dir='ltr'><strong>apocrypha</strong></span> <span class='ocrx_word' id='word_1_504' title='bbox 3007 2211 3136 2264; x_wconf 71' lang='lat' dir='ltr'><strong>Novi</strong></span> <span class='ocrx_word' id='word_1_505' title='bbox 3175 2209 3325 2264; x_wconf 62' lang='lat' dir='ltr'><strong>Ti-st.</strong></span> <span class='ocrx_word' id='word_1_506' title='bbox 3365 2227 3484 2279; x_wconf 89' lang='lat' dir='ltr'><strong>pag.</strong></span> <span class='ocrx_word' id='word_1_507' title='bbox 3521 2211 3646 2274; x_wconf 80' lang='grc'><strong>571,</strong></span> <span class='ocrx_word' id='word_1_508' title='bbox 3687 2223 3738 2262; x_wconf 86' lang='lat' dir='ltr'><strong>et</strong></span> <span class='ocrx_word' id='word_1_509' title='bbox 3769 2219 3906 2263; x_wconf 83' lang='lat' dir='ltr'><strong>tom.</strong></span> <span class='ocrx_word' id='word_1_510' title='bbox 3939 2209 3998 2272; x_wconf 84' lang='lat' dir='ltr'><strong>II,</strong></span> 
     </span>
    </p>
   </div>
   <div class='ocr_carea' id='block_1_82' title="bbox 2417 2301 4002 2371">
    <p class='ocr_par' dir='ltr' id='par_1_82' title="bbox 2417 2301 4002 2371">
     <span class='ocr_line' id='line_1_82' title="bbox 2417 2301 4002 2371; baseline 0.005 -22"><span class='ocrx_word' id='word_1_511' title='bbox 2417 2316 2535 2369; x_wconf 53' lang='lat' dir='ltr'><strong>pug.</strong></span> <span class='ocrx_word' id='word_1_512' title='bbox 2571 2301 2669 2352; x_wconf 72' lang='lat' dir='ltr'><strong>5i?</strong></span> <span class='ocrx_word' id='word_1_513' title='bbox 2698 2319 2711 2366; x_wconf 89' lang='lat'><strong>;</strong></span> <span class='ocrx_word' id='word_1_514' title='bbox 2745 2303 2887 2370; x_wconf 84' lang='lat' dir='ltr'><strong>quod</strong></span> <span class='ocrx_word' id='word_1_515' title='bbox 2925 2318 3052 2354; x_wconf 86' lang='lat' dir='ltr'><strong>vero</strong></span> <span class='ocrx_word' id='word_1_516' title='bbox 3098 2303 3162 2356; x_wconf 90' lang='lat' dir='ltr'><strong>ad</strong></span> <span class='ocrx_word' id='word_1_517' title='bbox 3201 2302 3466 2364; x_wconf 85' lang='lat' dir='ltr'><strong>codicem,</strong></span> <span class='ocrx_word' id='word_1_518' title='bbox 3499 2301 3790 2356; x_wconf 86' lang='lat' dir='ltr'><strong>Tiberiade</strong></span> <span class='ocrx_word' id='word_1_519' title='bbox 3835 2319 4002 2371; x_wconf 55' lang='lat' dir='ltr'><strong>rvpe-</strong></span> 
     </span>
    </p>
   </div>
   <div class='ocr_carea' id='block_1_83' title="bbox 2417 2393 4000 2465">
    <p class='ocr_par' dir='ltr' id='par_1_83' title="bbox 2417 2393 4000 2465">
     <span class='ocr_line' id='line_1_83' title="bbox 2417 2393 4000 2465; baseline 0.004 -19"><span class='ocrx_word' id='word_1_520' title='bbox 2417 2394 2580 2446; x_wconf 86' lang='lat' dir='ltr'><strong>sitnm</strong></span> <span class='ocrx_word' id='word_1_521' title='bbox 2644 2399 2869 2460; x_wconf 83' lang='lat' dir='ltr'><strong>attinet,</strong></span> <span class='ocrx_word' id='word_1_522' title='bbox 2901 2395 3268 2450; x_wconf 78' lang='lat' dir='ltr'><strong>conferendas</strong></span> <span class='ocrx_word' id='word_1_523' title='bbox 3311 2393 3369 2450; x_wconf 92' lang='lat' dir='ltr'><strong>S.</strong></span> <span class='ocrx_word' id='word_1_524' title='bbox 3411 2393 3750 2465; x_wconf 86' lang='lat' dir='ltr'><strong>Epiphanus,</strong></span> <span class='ocrx_word' id='word_1_525' title='bbox 3801 2395 4000 2452; x_wconf 72' lang='lat' dir='ltr'><strong>liam-si</strong></span> 
     </span>
    </p>
   </div>
   <div class='ocr_carea' id='block_1_84' title="bbox 2415 2485 2806 2554">
    <p class='ocr_par' dir='ltr' id='par_1_84' title="bbox 2415 2485 2806 2554">
     <span class='ocr_line' id='line_1_84' title="bbox 2415 2485 2806 2554; baseline 0 -15"><span class='ocrx_word' id='word_1_526' title='bbox 2415 2485 2502 2550; x_wconf 79' lang='lat'><strong>50,</strong></span> <span class='ocrx_word' id='word_1_527' title='bbox 2535 2502 2656 2554; x_wconf 87' lang='lat' dir='ltr'><strong>pag.</strong></span> <span class='ocrx_word' id='word_1_528' title='bbox 2688 2487 2806 2539; x_wconf 67' lang='grc'><strong>155.</strong></span> 
     </span>
    </p>
   </div>
   <div class='ocr_carea' id='block_1_85' title="bbox 2487 2577 4002 2654">
    <p class='ocr_par' dir='ltr' id='par_1_85' title="bbox 2487 2577 4002 2654">
     <span class='ocr_line' id='line_1_85' title="bbox 2487 2577 4002 2654; baseline 0.007 -26"><span class='ocrx_word' id='word_1_529' title='bbox 2487 2579 2759 2642; x_wconf 70' lang='lat' dir='ltr'><strong>lgnatius,</strong></span> <span class='ocrx_word' id='word_1_530' title='bbox 2821 2577 3085 2630; x_wconf 81' lang='lat' dir='ltr'><strong>diaconus</strong></span> <span class='ocrx_word' id='word_1_531' title='bbox 3145 2589 3196 2633; x_wconf 90' lang='lat' dir='ltr'><strong>et</strong></span> <span class='ocrx_word' id='word_1_532' title='bbox 3250 2587 3436 2633; x_wconf 85' lang='lat' dir='ltr'><strong>custos</strong></span> <span class='ocrx_word' id='word_1_533' title='bbox 3489 2594 3742 2634; x_wconf 78' lang='lat' dir='ltr'><strong>vaSornm</strong></span> <span class='ocrx_word' id='word_1_534' title='bbox 3787 2583 4002 2654; x_wconf 65' lang='lat' dir='ltr'><strong>Magne</strong></span> 
     </span>
    </p>
   </div>
   <div class='ocr_carea' id='block_1_86' title="bbox 2414 2665 3998 2738">
    <p class='ocr_par' dir='ltr' id='par_1_86' title="bbox 2414 2665 3998 2738">
     <span class='ocr_line' id='line_1_86' title="bbox 2414 2665 3998 2738; baseline 0.006 -20"><span class='ocrx_word' id='word_1_535' title='bbox 2414 2665 2665 2724; x_wconf 81' lang='lat' dir='ltr'><strong>Ecclesiae</strong></span> <span class='ocrx_word' id='word_1_536' title='bbox 2701 2667 2860 2720; x_wconf 79' lang='lat' dir='ltr'><strong>CPol.</strong></span> <span class='ocrx_word' id='word_1_537' title='bbox 2891 2679 2940 2718; x_wconf 80' lang='lat' dir='ltr'><strong>et</strong></span> <span class='ocrx_word' id='word_1_538' title='bbox 2976 2667 3164 2722; x_wconf 63' lang='lat' dir='ltr'><strong>Metam</strong></span> <span class='ocrx_word' id='word_1_539' title='bbox 3211 2669 3682 2736; x_wconf 83' lang='lat' dir='ltr'><strong>metropolitanus,</strong></span> <span class='ocrx_word' id='word_1_540' title='bbox 3715 2689 3872 2738; x_wconf 76' lang='lat' dir='ltr'><strong>grani</strong></span> <span class='ocrx_word' id='word_1_541' title='bbox 3903 2693 3998 2727; x_wconf 83' lang='lat' dir='ltr'><strong>ua-</strong></span> 
     </span>
    </p>
   </div>
   <div class='ocr_carea' id='block_1_87' title="bbox 2413 2757 3996 2827">
    <p class='ocr_par' dir='ltr' id='par_1_87' title="bbox 2413 2757 3996 2827">
     <span class='ocr_line' id='line_1_87' title="bbox 2413 2757 3996 2827; baseline 0.005 -15"><span class='ocrx_word' id='word_1_542' title='bbox 2413 2759 2466 2812; x_wconf 75' lang='lat' dir='ltr'><strong>tii</strong></span> <span class='ocrx_word' id='word_1_543' title='bbox 2490 2775 2572 2811; x_wconf 88' lang='lat' dir='ltr'><strong>us.</strong></span> <span class='ocrx_word' id='word_1_544' title='bbox 2601 2758 2828 2826; x_wconf 77' lang='lat' dir='ltr'><strong>Scripsit</strong></span> <span class='ocrx_word' id='word_1_545' title='bbox 2859 2757 3002 2812; x_wconf 82' lang='lat' dir='ltr'><strong>Vitas</strong></span> <span class='ocrx_word' id='word_1_546' title='bbox 3029 2761 3309 2814; x_wconf 77' lang='lat' dir='ltr'><strong>Tarasiiet</strong></span> <span class='ocrx_word' id='word_1_547' title='bbox 3341 2759 3642 2827; x_wconf 74' lang='lat' dir='ltr'><strong>Niccpliori,</strong></span> <span class='ocrx_word' id='word_1_548' title='bbox 3671 2777 3996 2820; x_wconf 76' lang='lat' dir='ltr'><strong>sam-torum</strong></span> 
     </span>
    </p>
   </div>
   <div class='ocr_carea' id='block_1_88' title="bbox 2411 2851 4001 2924">
    <p class='ocr_par' dir='ltr' id='par_1_88' title="bbox 2411 2851 4001 2924">
     <span class='ocr_line' id='line_1_88' title="bbox 2411 2851 4001 2924; baseline 0.005 -21"><span class='ocrx_word' id='word_1_549' title='bbox 2411 2863 2456 2903; x_wconf 86' lang='lat' dir='ltr'><strong>et</strong></span> <span class='ocrx_word' id='word_1_550' title='bbox 2483 2852 2762 2904; x_wconf 77' lang='lat' dir='ltr'><strong>beatorum</strong></span> <span class='ocrx_word' id='word_1_551' title='bbox 2796 2853 3263 2920; x_wconf 75' lang='lat' dir='ltr'><strong>patriarcharum;</strong></span> <span class='ocrx_word' id='word_1_552' title='bbox 3293 2851 3474 2922; x_wconf 81' lang='lat' dir='ltr'><strong>Elcgos</strong></span> <span class='ocrx_word' id='word_1_553' title='bbox 3493 2856 3846 2922; x_wconf 77' lang='lat' dir='ltr'><strong>sepulcrales;</strong></span> <span class='ocrx_word' id='word_1_554' title='bbox 3871 2859 4001 2924; x_wconf 81' lang='lat' dir='ltr'><strong>Epi-</strong></span> 
     </span>
    </p>
   </div>
   <div class='ocr_carea' id='block_1_89' title="bbox 2410 2942 3994 3017">
    <p class='ocr_par' dir='ltr' id='par_1_89' title="bbox 2410 2942 3994 3017">
     <span class='ocr_line' id='line_1_89' title="bbox 2410 2942 3994 3017; baseline 0.005 -22"><span class='ocrx_word' id='word_1_555' title='bbox 2410 2945 2609 3004; x_wconf 71' lang='lat' dir='ltr'><strong>stolas;</strong></span> <span class='ocrx_word' id='word_1_556' title='bbox 2641 2942 2854 2996; x_wconf 82' lang='lat' dir='ltr'><strong>[ambos</strong></span> <span class='ocrx_word' id='word_1_557' title='bbox 2892 2948 2940 2995; x_wconf 85' lang='lat' dir='ltr'><strong>in</strong></span> <span class='ocrx_word' id='word_1_558' title='bbox 2963 2943 3212 2996; x_wconf 77' lang='lat' dir='ltr'><strong>Thomam</strong></span> <span class='ocrx_word' id='word_1_559' title='bbox 3233 2946 3832 3017; x_wconf 66' lang='lat' dir='ltr'><strong>Antartcm,multaque</strong></span> <span class='ocrx_word' id='word_1_560' title='bbox 3864 2955 3994 3003; x_wconf 64' lang='lat' dir='ltr'><strong>alia.</strong></span> 
     </span>
    </p>
   </div>
   <div class='ocr_carea' id='block_1_90' title="bbox 2481 3035 3994 3111">
    <p class='ocr_par' dir='ltr' id='par_1_90' title="bbox 2481 3035 3994 3111">
     <span class='ocr_line' id='line_1_90' title="bbox 2481 3035 3994 3111; baseline 0.005 -22"><span class='ocrx_word' id='word_1_561' title='bbox 2481 3035 2634 3098; x_wconf 50' lang='lat' dir='ltr'><strong>Iiioa,</strong></span> <span class='ocrx_word' id='word_1_562' title='bbox 2669 3039 2797 3088; x_wconf 87' lang='lat' dir='ltr'><strong>urbs</strong></span> <span class='ocrx_word' id='word_1_563' title='bbox 2822 3035 3081 3104; x_wconf 62' lang='lat' dir='ltr'><strong>Phrygias.</strong></span> <span class='ocrx_word' id='word_1_564' title='bbox 3104 3035 3368 3104; x_wconf 75' lang='lat' dir='ltr'><strong>Tempore</strong></span> <span class='ocrx_word' id='word_1_565' title='bbox 3390 3037 3827 3104; x_wconf 71' lang='lat' dir='ltr'><strong>Argonautarum</strong></span> <span class='ocrx_word' id='word_1_566' title='bbox 3849 3045 3994 3111; x_wconf 81' lang='lat' dir='ltr'><strong>apud</strong></span> 
     </span>
    </p>
   </div>
   <div class='ocr_carea' id='block_1_91' title="bbox 2409 3125 3992 3204">
    <p class='ocr_par' dir='ltr' id='par_1_91' title="bbox 2409 3125 3992 3204">
     <span class='ocr_line' id='line_1_91' title="bbox 2409 3125 3992 3204; baseline 0.003 -23"><span class='ocrx_word' id='word_1_567' title='bbox 2409 3125 2626 3182; x_wconf 63' lang='lat' dir='ltr'><strong>Gnaeos</strong></span> <span class='ocrx_word' id='word_1_568' title='bbox 2654 3127 2938 3179; x_wconf 81' lang='lat' dir='ltr'><strong>vaticinata</strong></span> <span class='ocrx_word' id='word_1_569' title='bbox 2970 3137 3049 3179; x_wconf 84' lang='lat' dir='ltr'><strong>est</strong></span> <span class='ocrx_word' id='word_1_570' title='bbox 3089 3125 3289 3197; x_wconf 80' lang='lat' dir='ltr'><strong>Sibylla</strong></span> <span class='ocrx_word' id='word_1_571' title='bbox 3329 3128 3622 3198; x_wconf 61' lang='lat' dir='ltr'><strong>Erythram,</strong></span> <span class='ocrx_word' id='word_1_572' title='bbox 3663 3131 3714 3182; x_wconf 90' lang='lat' dir='ltr'><strong>in</strong></span> <span class='ocrx_word' id='word_1_573' title='bbox 3753 3130 3992 3204; x_wconf 68' lang='lat' dir='ltr'><strong>Phrygia</strong></span> 
     </span>
    </p>
   </div>
   <div class='ocr_carea' id='block_1_92' title="bbox 2325 3215 3994 3310">
    <p class='ocr_par' dir='ltr' id='par_1_92' title="bbox 2325 3215 3994 3310">
     <span class='ocr_line' id='line_1_92' title="bbox 2325 3215 3994 3310; baseline 0.005 -43"><span class='ocrx_word' id='word_1_574' title='bbox 2325 3253 2368 3310; x_wconf 65' lang='grc' dir='ltr'><strong><em>ε</em></strong></span> <span class='ocrx_word' id='word_1_575' title='bbox 2410 3231 2537 3268; x_wconf 82' lang='lat' dir='ltr'><strong>vero</strong></span> <span class='ocrx_word' id='word_1_576' title='bbox 2572 3216 2731 3280; x_wconf 80' lang='lat' dir='ltr'><strong>Tios,</strong></span> <span class='ocrx_word' id='word_1_577' title='bbox 2778 3217 2835 3269; x_wconf 93' lang='lat' dir='ltr'><strong>Ili</strong></span> <span class='ocrx_word' id='word_1_578' title='bbox 2871 3227 2922 3270; x_wconf 88' lang='lat' dir='ltr'><strong>et</strong></span> <span class='ocrx_word' id='word_1_579' title='bbox 2963 3217 3289 3287; x_wconf 64' lang='lat' dir='ltr'><strong>Ganymedis</strong></span> <span class='ocrx_word' id='word_1_580' title='bbox 3351 3229 3537 3288; x_wconf 87' lang='lat' dir='ltr'><strong>pater,</strong></span> <span class='ocrx_word' id='word_1_581' title='bbox 3587 3215 3858 3291; x_wconf 78' lang='lat' dir='ltr'><strong>regnavit,</strong></span> <span class='ocrx_word' id='word_1_582' title='bbox 3901 3228 3994 3292; x_wconf 58' lang='lat' dir='ltr'><strong>qui</strong></span> 
     </span>
    </p>
   </div>
   <div class='ocr_carea' id='block_1_93' title="bbox 2417 3307 3844 3378">
    <p class='ocr_par' dir='ltr' id='par_1_93' title="bbox 2417 3307 3844 3378">
     <span class='ocr_line' id='line_1_93' title="bbox 2417 3307 3844 3378; baseline 0.006 -17"><span class='ocrx_word' id='word_1_583' title='bbox 2417 3307 2636 3378; x_wconf 85' lang='lat' dir='ltr'><strong>Trojam</strong></span> <span class='ocrx_word' id='word_1_584' title='bbox 2663 3311 2716 3362; x_wconf 87' lang='lat' dir='ltr'><strong>in</strong></span> <span class='ocrx_word' id='word_1_585' title='bbox 2743 3325 2898 3362; x_wconf 87' lang='lat' dir='ltr'><strong>suum</strong></span> <span class='ocrx_word' id='word_1_586' title='bbox 2929 3325 3146 3372; x_wconf 83' lang='lat' dir='ltr'><strong>nomen,</strong></span> <span class='ocrx_word' id='word_1_587' title='bbox 3170 3311 3322 3364; x_wconf 90' lang='lat' dir='ltr'><strong>Ilium</strong></span> <span class='ocrx_word' id='word_1_588' title='bbox 3367 3312 3418 3364; x_wconf 90' lang='lat' dir='ltr'><strong>in</strong></span> <span class='ocrx_word' id='word_1_589' title='bbox 3456 3313 3546 3365; x_wconf 88' lang='lat' dir='ltr'><strong>ﬁlii</strong></span> <span class='ocrx_word' id='word_1_590' title='bbox 3577 3316 3844 3369; x_wconf 77' lang='lat' dir='ltr'><strong>condidit.</strong></span> 
     </span>
    </p>
   </div>
   <div class='ocr_carea' id='block_1_94' title="bbox 2475 3400 3986 3473">
    <p class='ocr_par' dir='ltr' id='par_1_94' title="bbox 2475 3400 3986 3473">
     <span class='ocr_line' id='line_1_94' title="bbox 2475 3400 3986 3473; baseline 0.007 -21"><span class='ocrx_word' id='word_1_591' title='bbox 2475 3401 2537 3452; x_wconf 87' lang='lat' dir='ltr'><strong>Et</strong></span> <span class='ocrx_word' id='word_1_592' title='bbox 2571 3401 2644 3471; x_wconf 83' lang='grc' dir='ltr'><strong>μὴ</strong></span> <span class='ocrx_word' id='word_1_593' title='bbox 2682 3401 2884 3453; x_wconf 63' lang='grc' dir='ltr'><strong>δύναιο.</strong></span> <span class='ocrx_word' id='word_1_594' title='bbox 2923 3400 3196 3470; x_wconf 61' lang='lat' dir='ltr'><strong>Theognis</strong></span> <span class='ocrx_word' id='word_1_595' title='bbox 3231 3417 3344 3456; x_wconf 89' lang='lat' dir='ltr'><strong>erat</strong></span> <span class='ocrx_word' id='word_1_596' title='bbox 3383 3406 3642 3472; x_wconf 86' lang='lat' dir='ltr'><strong>tragicus,</strong></span> <span class='ocrx_word' id='word_1_597' title='bbox 3696 3424 3764 3473; x_wconf 89' lang='lat' dir='ltr'><strong>po</strong></span> <span class='ocrx_word' id='word_1_598' title='bbox 3805 3418 3854 3461; x_wconf 92' lang='lat' dir='ltr'><strong>ta</strong></span> <span class='ocrx_word' id='word_1_599' title='bbox 3897 3411 3986 3462; x_wconf 79' lang='grc' dir='ltr'><strong>ιιὶ-</strong></span> 
     </span>
    </p>
   </div>
   <div class='ocr_carea' id='block_1_95' title="bbox 2403 3493 3990 3562">
    <p class='ocr_par' dir='ltr' id='par_1_95' title="bbox 2403 3493 3990 3562">
     <span class='ocr_line' id='line_1_95' title="bbox 2403 3493 3990 3562; baseline 0.008 -19"><span class='ocrx_word' id='word_1_600' title='bbox 2403 3493 2596 3560; x_wconf 65' lang='lat' dir='ltr'><strong>gidus,</strong></span> <span class='ocrx_word' id='word_1_601' title='bbox 2645 3509 2802 3560; x_wconf 71' lang='lat' dir='ltr'><strong>qilem</strong></span> <span class='ocrx_word' id='word_1_602' title='bbox 2867 3497 3239 3562; x_wconf 50' lang='lat' dir='ltr'><strong>perstringens</strong></span> <span class='ocrx_word' id='word_1_603' title='bbox 3280 3495 3673 3562; x_wconf 60' lang='lat' dir='ltr'><strong>Aristophanes</strong></span> <span class='ocrx_word' id='word_1_604' title='bbox 3716 3500 3813 3561; x_wconf 81' lang='lat' dir='ltr'><strong>ait,</strong></span> <span class='ocrx_word' id='word_1_605' title='bbox 3865 3505 3990 3556; x_wconf 54' lang='lat' dir='ltr'><strong>nite</strong></span> 
     </span>
    </p>
   </div>
   <div class='ocr_carea' id='block_1_96' title="bbox 2404 3583 3986 3661">
    <p class='ocr_par' dir='ltr' id='par_1_96' title="bbox 2404 3583 3986 3661">
     <span class='ocr_line' id='line_1_96' title="bbox 2404 3583 3986 3661; baseline 0.008 -26"><span class='ocrx_word' id='word_1_606' title='bbox 2404 3583 2606 3637; x_wconf 74' lang='lat' dir='ltr'><strong>texisse</strong></span> <span class='ocrx_word' id='word_1_607' title='bbox 2657 3583 2946 3637; x_wconf 80' lang='lat' dir='ltr'><strong>Thraciam</strong></span> <span class='ocrx_word' id='word_1_608' title='bbox 3011 3593 3204 3650; x_wconf 87' lang='lat' dir='ltr'><strong>totam,</strong></span> <span class='ocrx_word' id='word_1_609' title='bbox 3267 3596 3318 3640; x_wconf 89' lang='lat' dir='ltr'><strong>ct</strong></span> <span class='ocrx_word' id='word_1_610' title='bbox 3363 3589 3586 3642; x_wconf 86' lang='lat' dir='ltr'><strong>ﬁumina</strong></span> <span class='ocrx_word' id='word_1_611' title='bbox 3639 3595 3986 3661; x_wconf 73' lang='lat' dir='ltr'><strong>congelasse.</strong></span> 
     </span>
    </p>
   </div>
   <div class='ocr_carea' id='block_1_97' title="bbox 2474 3675 3984 3752">
    <p class='ocr_par' dir='ltr' id='par_1_97' title="bbox 2474 3675 3984 3752">
     <span class='ocr_line' id='line_1_97' title="bbox 2474 3675 3984 3752; baseline 0.007 -25"><span class='ocrx_word' id='word_1_612' title='bbox 2474 3675 2586 3739; x_wconf 91' lang='lat' dir='ltr'><strong>Ion,</strong></span> <span class='ocrx_word' id='word_1_613' title='bbox 2667 3677 2855 3742; x_wconf 75' lang='lat' dir='ltr'><strong>(Ibitis,</strong></span> <span class='ocrx_word' id='word_1_614' title='bbox 2915 3681 3148 3744; x_wconf 83' lang='lat' dir='ltr'><strong>tragicu,</strong></span> <span class='ocrx_word' id='word_1_615' title='bbox 3207 3679 3410 3748; x_wconf 78' lang='lat' dir='ltr'><strong>lyricus</strong></span> <span class='ocrx_word' id='word_1_616' title='bbox 3493 3693 3544 3734; x_wconf 91' lang='lat' dir='ltr'><strong>ct</strong></span> <span class='ocrx_word' id='word_1_617' title='bbox 3597 3685 3984 3752; x_wconf 72' lang='lat' dir='ltr'><strong>philosophus,</strong></span> 
     </span>
    </p>
   </div>
   <div class='ocr_carea' id='block_1_98' title="bbox 2399 3764 3988 3840">
    <p class='ocr_par' dir='ltr' id='par_1_98' title="bbox 2399 3764 3988 3840">
     <span class='ocr_line' id='line_1_98' title="bbox 2399 3764 3988 3840; baseline 0.004 -21"><span class='ocrx_word' id='word_1_618' title='bbox 2399 3764 2750 3820; x_wconf 78' lang='lat' dir='ltr'><strong>Orthomeuis</strong></span> <span class='ocrx_word' id='word_1_619' title='bbox 2781 3767 2945 3821; x_wconf 72' lang='lat' dir='ltr'><strong>Xuthi</strong></span> <span class='ocrx_word' id='word_1_620' title='bbox 2979 3768 3062 3832; x_wconf 83' lang='lat' dir='ltr'><strong>F.,</strong></span> <span class='ocrx_word' id='word_1_621' title='bbox 3086 3770 3593 3838; x_wconf 74' lang='lat' dir='ltr'><strong>tragmdiasdocere</strong></span> <span class='ocrx_word' id='word_1_622' title='bbox 3617 3775 3988 3840; x_wconf 62' lang='grc' dir='ltr'><strong>ρωρὶιυιμιι-</strong></span> 
     </span>
    </p>
   </div>
   <div class='ocr_carea' id='block_1_99' title="bbox 2399 3859 3984 3929">
    <p class='ocr_par' dir='ltr' id='par_1_99' title="bbox 2399 3859 3984 3929">
     <span class='ocr_line' id='line_1_99' title="bbox 2399 3859 3984 3929; baseline 0.006 -21"><span class='ocrx_word' id='word_1_623' title='bbox 2399 3859 2557 3926; x_wconf 73' lang='lat' dir='ltr'><strong>piaile</strong></span> <span class='ocrx_word' id='word_1_624' title='bbox 2610 3859 2866 3912; x_wconf 70' lang='lat' dir='ltr'><strong>LXXXII.</strong></span> <span class='ocrx_word' id='word_1_625' title='bbox 2929 3859 3160 3914; x_wconf 79' lang='lat' dir='ltr'><strong>Fabulas</strong></span> <span class='ocrx_word' id='word_1_626' title='bbox 3214 3863 3438 3929; x_wconf 88' lang='lat' dir='ltr'><strong>scripsit</strong></span> <span class='ocrx_word' id='word_1_627' title='bbox 3490 3861 3604 3916; x_wconf 73' lang='lat' dir='ltr'><strong>XII.</strong></span> <span class='ocrx_word' id='word_1_628' title='bbox 3661 3865 3984 3918; x_wconf 83' lang='lat' dir='ltr'><strong>Secundum</strong></span> 
     </span>
    </p>
   </div>
   <div class='ocr_carea' id='block_1_100' title="bbox 2400 3947 3988 4022">
    <p class='ocr_par' dir='ltr' id='par_1_100' title="bbox 2400 3947 3988 4022">
     <span class='ocr_line' id='line_1_100' title="bbox 2400 3947 3988 4022; baseline 0.004 -22"><span class='ocrx_word' id='word_1_629' title='bbox 2400 3950 2535 4002; x_wconf 88' lang='lat' dir='ltr'><strong>alios</strong></span> <span class='ocrx_word' id='word_1_630' title='bbox 2571 3947 2738 4010; x_wconf 73' lang='lat' dir='ltr'><strong>XXX,</strong></span> <span class='ocrx_word' id='word_1_631' title='bbox 2789 3951 2870 4002; x_wconf 81' lang='lat' dir='ltr'><strong>vel</strong></span> <span class='ocrx_word' id='word_1_632' title='bbox 2924 3949 3032 4004; x_wconf 73' lang='lat' dir='ltr'><strong>XL.</strong></span> <span class='ocrx_word' id='word_1_633' title='bbox 3069 3951 3212 4003; x_wconf 87' lang='lat' dir='ltr'><strong>Idem</strong></span> <span class='ocrx_word' id='word_1_634' title='bbox 3257 3951 3478 4020; x_wconf 87' lang='lat' dir='ltr'><strong>scripsit</strong></span> <span class='ocrx_word' id='word_1_635' title='bbox 3525 3953 3660 4022; x_wconf 73' lang='grc' dir='ltr'><strong>Περὶ</strong></span> <span class='ocrx_word' id='word_1_636' title='bbox 3691 3956 3988 4022; x_wconf 73' lang='grc' dir='ltr'><strong>μετεώρων</strong></span> 
     </span>
    </p>
   </div>
   <div class='ocr_carea' id='block_1_101' title="bbox 2403 4039 3984 4115">
    <p class='ocr_par' dir='ltr' id='par_1_101' title="bbox 2403 4039 3984 4115">
     <span class='ocr_line' id='line_1_101' title="bbox 2403 4039 3984 4115; baseline 0.004 -23"><span class='ocrx_word' id='word_1_637' title='bbox 2403 4041 2494 4092; x_wconf 67' lang='grc' dir='ltr'><strong>καὶ</strong></span> <span class='ocrx_word' id='word_1_638' title='bbox 2527 4039 2816 4103; x_wconf 77' lang='grc' dir='ltr'><strong>συνθέτους</strong></span> <span class='ocrx_word' id='word_1_639' title='bbox 2862 4041 3054 4108; x_wconf 76' lang='grc' dir='ltr'><strong>λόγους</strong></span> <span class='ocrx_word' id='word_1_640' title='bbox 3101 4043 3213 4110; x_wconf 79' lang='lat'><strong>(77)</strong></span> <span class='ocrx_word' id='word_1_641' title='bbox 3257 4043 3442 4111; x_wconf 74' lang='lat' dir='ltr'><strong>(supra</strong></span> <span class='ocrx_word' id='word_1_642' title='bbox 3483 4043 3534 4095; x_wconf 91' lang='lat' dir='ltr'><strong>in</strong></span> <span class='ocrx_word' id='word_1_643' title='bbox 3585 4045 3984 4115; x_wconf 68' lang='grc' dir='ltr'><strong>Διθυραμῦεδιο</strong></span> 
     </span>
    </p>
   </div>
   <div class='ocr_carea' id='block_1_102' title="bbox 2397 4131 3986 4204">
    <p class='ocr_par' dir='ltr' id='par_1_102' title="bbox 2397 4131 3986 4204">
     <span class='ocr_line' id='line_1_102' title="bbox 2397 4131 3986 4204; baseline 0.003 -20"><span class='ocrx_word' id='word_1_644' title='bbox 2397 4131 2700 4202; x_wconf 68' lang='grc' dir='ltr'><strong>δάσκειλοι.)</strong></span> <span class='ocrx_word' id='word_1_645' title='bbox 2766 4131 2920 4186; x_wconf 86' lang='lat' dir='ltr'><strong>Hunc</strong></span> <span class='ocrx_word' id='word_1_646' title='bbox 2958 4133 3349 4202; x_wconf 84' lang='lat' dir='ltr'><strong>Aristophanes</strong></span> <span class='ocrx_word' id='word_1_647' title='bbox 3405 4149 3500 4203; x_wconf 88' lang='lat' dir='ltr'><strong>per</strong></span> <span class='ocrx_word' id='word_1_648' title='bbox 3567 4137 3752 4204; x_wconf 78' lang='lat' dir='ltr'><strong>joruut</strong></span> <span class='ocrx_word' id='word_1_649' title='bbox 3809 4139 3986 4190; x_wconf 69' lang='lat' dir='ltr'><strong>’Aoiw</strong></span> 
     </span>
    </p>
   </div>
   <div class='ocr_carea' id='block_1_103' title="bbox 2397 4224 3210 4290">
    <p class='ocr_par' dir='ltr' id='par_1_103' title="bbox 2397 4224 3210 4290">
     <span class='ocr_line' id='line_1_103' title="bbox 2397 4224 3210 4290; baseline 0.002 -13"><span class='ocrx_word' id='word_1_650' title='bbox 2397 4235 2554 4277; x_wconf 85' lang='lat' dir='ltr'><strong>vocat</strong></span> <span class='ocrx_word' id='word_1_651' title='bbox 2582 4225 2924 4288; x_wconf 76' lang='lat' dir='ltr'><strong>(matutinum</strong></span> <span class='ocrx_word' id='word_1_652' title='bbox 2951 4224 3210 4290; x_wconf 78' lang='lat' dir='ltr'><strong>stellam).</strong></span> 
     </span>
    </p>
   </div>
   <div class='ocr_carea' id='block_1_104' title="bbox 2467 4315 3986 4388">
    <p class='ocr_par' dir='ltr' id='par_1_104' title="bbox 2467 4315 3986 4388">
     <span class='ocr_line' id='line_1_104' title="bbox 2467 4315 3986 4388; baseline 0.007 -22"><span class='ocrx_word' id='word_1_653' title='bbox 2467 4315 2670 4384; x_wconf 88' lang='lat' dir='ltr'><strong>lopbon</strong></span> <span class='ocrx_word' id='word_1_654' title='bbox 2696 4317 3063 4374; x_wconf 80' lang='lat' dir='ltr'><strong>Atheniensis.</strong></span> <span class='ocrx_word' id='word_1_655' title='bbox 3085 4319 3345 4386; x_wconf 79' lang='lat' dir='ltr'><strong>tragicus,</strong></span> <span class='ocrx_word' id='word_1_656' title='bbox 3377 4319 3646 4386; x_wconf 85' lang='lat' dir='ltr'><strong>genuinus</strong></span> <span class='ocrx_word' id='word_1_657' title='bbox 3692 4319 3986 4388; x_wconf 65' lang='lat' dir='ltr'><strong>St‘tplmchs</strong></span> 
     </span>
    </p>
   </div>
   <div class='ocr_carea' id='block_1_105' title="bbox 2396 4405 3984 4480">
    <p class='ocr_par' dir='ltr' id='par_1_105' title="bbox 2396 4405 3984 4480">
     <span class='ocr_line' id='line_1_105' title="bbox 2396 4405 3984 4480; baseline 0.006 -24"><span class='ocrx_word' id='word_1_658' title='bbox 2396 4406 2586 4474; x_wconf 81' lang='lat' dir='ltr'><strong>tragici</strong></span> <span class='ocrx_word' id='word_1_659' title='bbox 2635 4405 2799 4468; x_wconf 89' lang='lat' dir='ltr'><strong>ﬁlius.</strong></span> <span class='ocrx_word' id='word_1_660' title='bbox 2847 4421 2911 4460; x_wconf 75' lang='lat' dir='ltr'><strong>ex</strong></span> <span class='ocrx_word' id='word_1_661' title='bbox 2969 4405 3300 4464; x_wconf 80' lang='lat' dir='ltr'><strong>Nicostrata.</strong></span> <span class='ocrx_word' id='word_1_662' title='bbox 3351 4407 3476 4462; x_wconf 83' lang='lat' dir='ltr'><strong>Fuit</strong></span> <span class='ocrx_word' id='word_1_663' title='bbox 3525 4420 3578 4463; x_wconf 84' lang='lat' dir='ltr'><strong>et</strong></span> <span class='ocrx_word' id='word_1_664' title='bbox 3625 4411 3831 4464; x_wconf 86' lang='lat' dir='ltr'><strong>nothus</strong></span> <span class='ocrx_word' id='word_1_665' title='bbox 3881 4415 3984 4480; x_wconf 84' lang='lat' dir='ltr'><strong>ipsi</strong></span> 
     </span>
    </p>
   </div>
   <div class='ocr_carea' id='block_1_106' title="bbox 2397 4495 3982 4567">
    <p class='ocr_par' dir='ltr' id='par_1_106' title="bbox 2397 4495 3982 4567">
     <span class='ocr_line' id='line_1_106' title="bbox 2397 4495 3982 4567; baseline 0.006 -20"><span class='ocrx_word' id='word_1_666' title='bbox 2397 4495 2538 4548; x_wconf 91' lang='lat' dir='ltr'><strong>ﬁlius</strong></span> <span class='ocrx_word' id='word_1_667' title='bbox 2593 4497 2838 4556; x_wconf 82' lang='lat' dir='ltr'><strong>Ariston.</strong></span> <span class='ocrx_word' id='word_1_668' title='bbox 2886 4513 2952 4550; x_wconf 86' lang='lat' dir='ltr'><strong>ex</strong></span> <span class='ocrx_word' id='word_1_669' title='bbox 3005 4495 3367 4559; x_wconf 85' lang='lat' dir='ltr'><strong>Theodoride.</strong></span> <span class='ocrx_word' id='word_1_670' title='bbox 3415 4499 3688 4567; x_wconf 79' lang='lat' dir='ltr'><strong>Sicyonia.</strong></span> <span class='ocrx_word' id='word_1_671' title='bbox 3739 4499 3982 4556; x_wconf 75' lang='lat' dir='ltr'><strong>Fabuias</strong></span> 
     </span>
    </p>
   </div>
   <div class='ocr_carea' id='block_1_107' title="bbox 2331 4583 3982 4658">
    <p class='ocr_par' dir='ltr' id='par_1_107' title="bbox 2331 4583 3982 4658">
     <span class='ocr_line' id='line_1_107' title="bbox 2331 4583 3982 4658; baseline 0.007 -23"><span class='ocrx_word' id='word_1_672' title='bbox 2331 4603 2371 4657; x_wconf 80' lang='grc' dir='ltr'>ο</span> <span class='ocrx_word' id='word_1_673' title='bbox 2403 4583 2604 4652; x_wconf 88' lang='lat' dir='ltr'><strong>Iophon</strong></span> <span class='ocrx_word' id='word_1_674' title='bbox 2654 4587 2839 4640; x_wconf 88' lang='lat' dir='ltr'><strong>docuit</strong></span> <span class='ocrx_word' id='word_1_675' title='bbox 2892 4588 3310 4658; x_wconf 87' lang='lat' dir='ltr'><strong>quinquaginta,</strong></span> <span class='ocrx_word' id='word_1_676' title='bbox 3357 4591 3410 4644; x_wconf 91' lang='lat' dir='ltr'><strong>in</strong></span> <span class='ocrx_word' id='word_1_677' title='bbox 3463 4605 3696 4658; x_wconf 89' lang='lat' dir='ltr'><strong>quarum</strong></span> <span class='ocrx_word' id='word_1_678' title='bbox 3749 4609 3982 4646; x_wconf 70' lang='lat' dir='ltr'><strong>numero</strong></span> 
     </span>
    </p>
   </div>
   <div class='ocr_carea' id='block_1_108' title="bbox 2400 4677 3980 4752">
    <p class='ocr_par' dir='ltr' id='par_1_108' title="bbox 2400 4677 3980 4752">
     <span class='ocr_line' id='line_1_108' title="bbox 2400 4677 3980 4752; baseline 0.002 -22"><span class='ocrx_word' id='word_1_679' title='bbox 2400 4687 2548 4738; x_wconf 88' lang='lat' dir='ltr'><strong>sunt,</strong></span> <span class='ocrx_word' id='word_1_680' title='bbox 2599 4677 2893 4744; x_wconf 75' lang='grc' dir='ltr'><strong>Ἀχιλλεὺς,</strong></span> <span class='ocrx_word' id='word_1_681' title='bbox 2927 4679 3194 4749; x_wconf 78' lang='grc' dir='ltr'><strong>Τήλεφος,</strong></span> <span class='ocrx_word' id='word_1_682' title='bbox 3227 4679 3514 4742; x_wconf 80' lang='grc' dir='ltr'><strong>Ἀκταίων,</strong></span> <span class='ocrx_word' id='word_1_683' title='bbox 3549 4681 3704 4734; x_wconf 73' lang='grc' dir='ltr'><strong>Ἱλὶου</strong></span> <span class='ocrx_word' id='word_1_684' title='bbox 3759 4685 3980 4752; x_wconf 69' lang='grc' dir='ltr'><strong>πέρσις,</strong></span> 
     </span>
    </p>
   </div>
   <div class='ocr_carea' id='block_1_109' title="bbox 2397 4767 3982 4843">
    <p class='ocr_par' dir='ltr' id='par_1_109' title="bbox 2397 4767 3982 4843">
     <span class='ocr_line' id='line_1_109' title="bbox 2397 4767 3982 4843; baseline 0.008 -25"><span class='ocrx_word' id='word_1_685' title='bbox 2397 4767 2720 4836; x_wconf 77' lang='grc' dir='ltr'><strong>Δεξαμενὸς,</strong></span> <span class='ocrx_word' id='word_1_686' title='bbox 2751 4770 2979 4840; x_wconf 70' lang='grc' dir='ltr'><strong>Βάκχαι,</strong></span> <span class='ocrx_word' id='word_1_687' title='bbox 3015 4771 3270 4836; x_wconf 81' lang='grc' dir='ltr'><strong>Πενθεὺς,</strong></span> <span class='ocrx_word' id='word_1_688' title='bbox 3299 4783 3354 4826; x_wconf 91' lang='lat' dir='ltr'><strong>et</strong></span> <span class='ocrx_word' id='word_1_689' title='bbox 3375 4773 3494 4826; x_wconf 72' lang='lat' dir='ltr'><strong>aliae</strong></span> <span class='ocrx_word' id='word_1_690' title='bbox 3517 4773 3766 4842; x_wconf 78' lang='lat' dir='ltr'><strong>qua-dam</strong></span> <span class='ocrx_word' id='word_1_691' title='bbox 3807 4788 3912 4843; x_wconf 71' lang='lat' dir='ltr'><strong>put;</strong></span> <span class='ocrx_word' id='word_1_692' title='bbox 3935 4781 3982 4830; x_wconf 74' lang='lat' dir='ltr'><strong>is</strong></span> 
     </span>
    </p>
   </div>
   <div class='ocr_carea' id='block_1_110' title="bbox 2398 4860 2703 4926">
    <p class='ocr_par' dir='ltr' id='par_1_110' title="bbox 2398 4860 2703 4926">
     <span class='ocr_line' id='line_1_110' title="bbox 2398 4860 2703 4926; baseline 0 -14"><span class='ocrx_word' id='word_1_693' title='bbox 2398 4860 2703 4926; x_wconf 83' lang='lat' dir='ltr'><strong>Sophoclis.</strong></span> 
     </span>
    </p>
   </div>
   <div class='ocr_carea' id='block_1_111' title="bbox 2467 4949 3980 5021">
    <p class='ocr_par' dir='ltr' id='par_1_111' title="bbox 2467 4949 3980 5021">
     <span class='ocr_line' id='line_1_111' title="bbox 2467 4949 3980 5021; baseline 0.008 -19"><span class='ocrx_word' id='word_1_694' title='bbox 2467 4949 2782 5020; x_wconf 87' lang='lat' dir='ltr'><strong>Iphicrates,</strong></span> <span class='ocrx_word' id='word_1_695' title='bbox 2813 4955 3017 5009; x_wconf 91' lang='lat' dir='ltr'><strong>sutoris</strong></span> <span class='ocrx_word' id='word_1_696' title='bbox 3043 4954 3128 5020; x_wconf 88' lang='lat' dir='ltr'><strong>F.,</strong></span> <span class='ocrx_word' id='word_1_697' title='bbox 3155 4953 3529 5021; x_wconf 83' lang='lat' dir='ltr'><strong>Atheniensis,</strong></span> <span class='ocrx_word' id='word_1_698' title='bbox 3549 4969 3738 5012; x_wconf 87' lang='lat' dir='ltr'><strong>orator</strong></span> <span class='ocrx_word' id='word_1_699' title='bbox 3770 4971 3823 5014; x_wconf 86' lang='lat' dir='ltr'><strong>ct</strong></span> <span class='ocrx_word' id='word_1_700' title='bbox 3855 4961 3900 5014; x_wconf 54' lang='lat' dir='ltr'><strong>bs</strong></span> <span class='ocrx_word' id='word_1_701' title='bbox 3923 4964 3980 5014; x_wconf 79' lang='lat' dir='ltr'><strong>lli</strong></span> 
     </span>
    </p>
   </div>
   <div class='ocr_carea' id='block_1_112' title="bbox 2397 5043 3974 5118">
    <p class='ocr_par' dir='ltr' id='par_1_112' title="bbox 2397 5043 3974 5118">
     <span class='ocr_line' id='line_1_112' title="bbox 2397 5043 3974 5118; baseline 0.007 -23"><span class='ocrx_word' id='word_1_702' title='bbox 2397 5043 2530 5106; x_wconf 84' lang='lat' dir='ltr'><strong>dux,</strong></span> <span class='ocrx_word' id='word_1_703' title='bbox 2561 5047 2652 5113; x_wconf 90' lang='lat' dir='ltr'><strong>qui</strong></span> <span class='ocrx_word' id='word_1_704' title='bbox 2708 5047 2917 5114; x_wconf 86' lang='lat' dir='ltr'><strong>primus</strong></span> <span class='ocrx_word' id='word_1_705' title='bbox 2963 5049 3018 5102; x_wconf 92' lang='lat' dir='ltr'><strong>in</strong></span> <span class='ocrx_word' id='word_1_706' title='bbox 3063 5049 3360 5118; x_wconf 89' lang='lat' dir='ltr'><strong>spoliorum</strong></span> <span class='ocrx_word' id='word_1_707' title='bbox 3411 5051 3770 5116; x_wconf 75' lang='lat' dir='ltr'><strong>inseniptioue</strong></span> <span class='ocrx_word' id='word_1_708' title='bbox 3813 5054 3974 5107; x_wconf 83' lang='lat' dir='ltr'><strong>ducis</strong></span> 
     </span>
    </p>
   </div>
   <div class='ocr_carea' id='block_1_113' title="bbox 2399 5135 3978 5203">
    <p class='ocr_par' dir='ltr' id='par_1_113' title="bbox 2399 5135 3978 5203">
     <span class='ocr_line' id='line_1_113' title="bbox 2399 5135 3978 5203; baseline 0.006 -17"><span class='ocrx_word' id='word_1_709' title='bbox 2399 5137 2726 5188; x_wconf 87' lang='lat' dir='ltr'><strong>mentionem</strong></span> <span class='ocrx_word' id='word_1_710' title='bbox 2780 5135 2928 5203; x_wconf 82' lang='lat' dir='ltr'><strong>fecit,</strong></span> <span class='ocrx_word' id='word_1_711' title='bbox 2965 5153 3090 5191; x_wconf 80' lang='lat' dir='ltr'><strong>cum</strong></span> <span class='ocrx_word' id='word_1_712' title='bbox 3139 5149 3296 5192; x_wconf 86' lang='lat' dir='ltr'><strong>antea</strong></span> <span class='ocrx_word' id='word_1_713' title='bbox 3342 5138 3512 5194; x_wconf 88' lang='lat' dir='ltr'><strong>solius</strong></span> <span class='ocrx_word' id='word_1_714' title='bbox 3572 5142 3722 5193; x_wconf 79' lang='lat' dir='ltr'><strong>urbis</strong></span> <span class='ocrx_word' id='word_1_715' title='bbox 3773 5157 3978 5196; x_wconf 71' lang='lat' dir='ltr'><strong>nomen</strong></span> 
     </span>
    </p>
   </div>
   <div class='ocr_carea' id='block_1_114' title="bbox 2395 5230 2806 5282">
    <p class='ocr_par' dir='ltr' id='par_1_114' title="bbox 2395 5230 2806 5282">
     <span class='ocr_line' id='line_1_114' title="bbox 2395 5230 2806 5282; baseline 0.005 -2"><span class='ocrx_word' id='word_1_716' title='bbox 2395 5230 2806 5282; x_wconf 85' lang='lat' dir='ltr'><strong>inscriberetur.</strong></span> 
     </span>
    </p>
   </div>
   <div class='ocr_carea' id='block_1_115' title="bbox 2467 5321 3976 5392">
    <p class='ocr_par' dir='ltr' id='par_1_115' title="bbox 2467 5321 3976 5392">
     <span class='ocr_line' id='line_1_115' title="bbox 2467 5321 3976 5392; baseline 0.006 -20"><span class='ocrx_word' id='word_1_717' title='bbox 2467 5321 2700 5376; x_wconf 65' lang='lat' dir='ltr'><strong>Ire-naeus</strong></span> <span class='ocrx_word' id='word_1_718' title='bbox 2730 5321 2941 5390; x_wconf 88' lang='lat' dir='ltr'><strong>(Latina</strong></span> <span class='ocrx_word' id='word_1_719' title='bbox 2983 5324 3166 5392; x_wconf 81' lang='lat' dir='ltr'><strong>lingua</strong></span> <span class='ocrx_word' id='word_1_720' title='bbox 3207 5321 3492 5392; x_wconf 75' lang='lat' dir='ltr'><strong>Paculus),</strong></span> <span class='ocrx_word' id='word_1_721' title='bbox 3527 5325 3831 5392; x_wconf 82' lang='lat' dir='ltr'><strong>discipulus</strong></span> <span class='ocrx_word' id='word_1_722' title='bbox 3865 5327 3976 5381; x_wconf 69' lang='grc' dir='ltr'><strong>ιις-</strong></span> 
     </span>
    </p>
   </div>
   <div class='ocr_carea' id='block_1_116' title="bbox 2393 5409 3980 5484">
    <p class='ocr_par' dir='ltr' id='par_1_116' title="bbox 2393 5409 3980 5484">
     <span class='ocr_line' id='line_1_116' title="bbox 2393 5409 3980 5484; baseline 0.006 -22"><span class='ocrx_word' id='word_1_723' title='bbox 2393 5409 2607 5476; x_wconf 88' lang='lat' dir='ltr'><strong>liodori,</strong></span> <span class='ocrx_word' id='word_1_724' title='bbox 2659 5415 2864 5468; x_wconf 88' lang='lat' dir='ltr'><strong>metrici</strong></span> <span class='ocrx_word' id='word_1_725' title='bbox 2892 5455 2908 5479; x_wconf 94' lang='lat'><strong>,</strong></span> <span class='ocrx_word' id='word_1_726' title='bbox 2941 5417 3334 5484; x_wconf 81' lang='lat' dir='ltr'><strong>grammaticus</strong></span> <span class='ocrx_word' id='word_1_727' title='bbox 3379 5418 3804 5478; x_wconf 72' lang='lat' dir='ltr'><strong>Alexandrinus.</strong></span> <span class='ocrx_word' id='word_1_728' title='bbox 3837 5421 3944 5472; x_wconf 69' lang='lat' dir='ltr'><strong>Suri</strong></span> <span class='ocrx_word' id='word_1_729' title='bbox 3965 5448 3980 5460; x_wconf 90' lang='lat'><strong>-</strong></span> 
     </span>
    </p>
   </div>
   <div class='ocr_carea' id='block_1_117' title="bbox 2383 5593 3972 5665">
    <p class='ocr_par' dir='ltr' id='par_1_117' title="bbox 2383 5593 3972 5665">
     <span class='ocr_line' id='line_1_117' title="bbox 2383 5593 3972 5665; baseline 0.001 -19"><span class='ocrx_word' id='word_1_730' title='bbox 2383 5600 2574 5663; x_wconf 87' lang='lat' dir='ltr'><strong>poetas</strong></span> <span class='ocrx_word' id='word_1_731' title='bbox 2616 5593 3039 5665; x_wconf 78' lang='lat' dir='ltr'><strong>dithyrambicos</strong></span> <span class='ocrx_word' id='word_1_732' title='bbox 3085 5613 3270 5652; x_wconf 87' lang='lat' dir='ltr'><strong>amare</strong></span> <span class='ocrx_word' id='word_1_733' title='bbox 3321 5595 3612 5650; x_wconf 87' lang='lat' dir='ltr'><strong>verborum</strong></span> <span class='ocrx_word' id='word_1_734' title='bbox 3647 5599 3972 5652; x_wconf 71' lang='lat' dir='ltr'><strong>translatio-</strong></span> 
     </span>
    </p>
   </div>
   <div class='ocr_carea' id='block_1_118' title="bbox 2388 5667 3966 5736">
    <p class='ocr_par' dir='ltr' id='par_1_118' title="bbox 2388 5667 3966 5736">
     <span class='ocr_line' id='line_1_118' title="bbox 2388 5667 3966 5736; baseline -0.001 -14"><span class='ocrx_word' id='word_1_735' title='bbox 2388 5681 2482 5716; x_wconf 75' lang='grc' dir='ltr'>ιιι-5</span> <span class='ocrx_word' id='word_1_736' title='bbox 2519 5667 2582 5715; x_wconf 76' lang='grc' dir='ltr'>ἐκ</span> <span class='ocrx_word' id='word_1_737' title='bbox 2624 5667 2732 5714; x_wconf 73' lang='grc' dir='ltr'><strong>τῶν</strong></span> <span class='ocrx_word' id='word_1_738' title='bbox 2767 5667 3074 5734; x_wconf 76' lang='grc' dir='ltr'><strong>μετεώρων.</strong></span> <span class='ocrx_word' id='word_1_739' title='bbox 3113 5684 3178 5722; x_wconf 78' lang='lat' dir='ltr'><strong>ex</strong></span> <span class='ocrx_word' id='word_1_740' title='bbox 3205 5670 3388 5722; x_wconf 84' lang='lat' dir='ltr'><strong>astris.</strong></span> <span class='ocrx_word' id='word_1_741' title='bbox 3435 5669 3676 5720; x_wconf 75' lang='lat' dir='ltr'><strong>nubibus</strong></span> <span class='ocrx_word' id='word_1_742' title='bbox 3705 5671 3966 5736; x_wconf 73' lang='lat' dir='ltr'><strong>aliisque.</strong></span> 
     </span>
    </p>
   </div>
   <div class='ocr_carea' id='block_1_119' title="bbox 2385 5736 3964 5800">
    <p class='ocr_par' dir='ltr' id='par_1_119' title="bbox 2385 5736 3964 5800">
     <span class='ocr_line' id='line_1_119' title="bbox 2385 5736 3964 5800; baseline 0.004 -16"><span class='ocrx_word' id='word_1_743' title='bbox 2385 5749 2504 5800; x_wconf 70' lang='lat' dir='ltr'><strong>quae</strong></span> <span class='ocrx_word' id='word_1_744' title='bbox 2541 5739 2591 5784; x_wconf 88' lang='lat' dir='ltr'><strong>in</strong></span> <span class='ocrx_word' id='word_1_745' title='bbox 2622 5736 2834 5788; x_wconf 82' lang='lat' dir='ltr'><strong>sublimi</strong></span> <span class='ocrx_word' id='word_1_746' title='bbox 2881 5737 3046 5798; x_wconf 84' lang='lat' dir='ltr'><strong>ﬁunt;</strong></span> <span class='ocrx_word' id='word_1_747' title='bbox 3083 5737 3308 5790; x_wconf 72' lang='lat' dir='ltr'><strong>libenter</strong></span> <span class='ocrx_word' id='word_1_748' title='bbox 3353 5738 3518 5788; x_wconf 85' lang='lat' dir='ltr'><strong>etiam</strong></span> <span class='ocrx_word' id='word_1_749' title='bbox 3555 5739 3628 5790; x_wconf 86' lang='lat' dir='ltr'><strong>uti</strong></span> <span class='ocrx_word' id='word_1_750' title='bbox 3677 5741 3964 5792; x_wconf 82' lang='lat' dir='ltr'><strong>vocabulis</strong></span> 
     </span>
    </p>
   </div>
   <div class='ocr_carea' id='block_1_120' title="bbox 2386 5805 3566 5876">
    <p class='ocr_par' dir='ltr' id='par_1_120' title="bbox 2386 5805 3566 5876">
     <span class='ocr_line' id='line_1_120' title="bbox 2386 5805 3566 5876; baseline 0.003 -19"><span class='ocrx_word' id='word_1_751' title='bbox 2386 5805 2848 5873; x_wconf 79' lang='lat' dir='ltr'><strong>sesquipedalibus</strong></span> <span class='ocrx_word' id='word_1_752' title='bbox 2879 5821 2929 5861; x_wconf 82' lang='lat' dir='ltr'><strong>et</strong></span> <span class='ocrx_word' id='word_1_753' title='bbox 2957 5808 3364 5876; x_wconf 73' lang='lat' dir='ltr'><strong>coagmentatis.</strong></span> <span class='ocrx_word' id='word_1_754' title='bbox 3399 5807 3566 5861; x_wconf 64' lang='lat' dir='ltr'><strong>&quot;AI-IL.</strong></span> 
     </span>
    </p>
   </div>
  </div>
