4182 6526
169 424 298 487 l‘l’Sl

1405 420 1496 478 DE
1541 417 1668 488 Q'c'l
1686 415 1824 473 BCS
1865 417 1957 474 Μ]
1974 417 2162 477 IDAS.

3293 428 3432 520 1232

163 542 266 607 psit
302 537 435 606 Περὶ
470 536 567 604 τῆς
613 533 914 601 ’Λυηναίων
943 535 1320 604 προπομττὶας,
1367 533 1438 585 De
1469 530 1743 584 Athenien-

1856 526 2095 583 P.atonts‘
2139 531 2374 581 auditor.
2417 530 2513 583 llic
2561 547 2677 584 cum
2722 529 3051 596 Tltrodecte,
3104 545 3322 592 oratore
3377 551 3431 594 ct

160 633 299 682 sinm
371 643 512 679 more
569 625 775 694 aliquos
847 642 962 677 enm
1036 630 1232 678 honore
1308 624 1602 677 deducendi
1665 620 1742 672 uel

161 719 527 789 prosequendi.
562 717 636 772 De
686 719 1168 770 Alexandrinorum
1226 717 1476 779 dinlcctn,
1525 730 1640 766 enm
1679 718 1741 765 ab

160 816 340 868 Attica
366 812 647 864 deductam
683 827 812 874 esse,
840 809 1002 864 libros
1041 808 1166 863 HI.
1203 811 1496 862 Atticorum
1524 807 1748 858 uentu-

158 911 334 959 Iorum
377 904 539 957 libros
576 901 696 958 111.
731 905 922 956 Attica:
976 903 1377 956 consuetudinis
1425 903 1475 951 in
1519 901 1745 950 dictione

157 1009 208 1050 et
247 1009 495 1060 accentu,
539 994 723 1048 ordine
771 994 1100 1062 atphabetico
1146 993 1306 1046 libros
1361 991 1468 1044 (II.
1523 990 1742 1059 ligulas

159 1087 440 1142 (irwcismi
471 1086 663 1140 librant
700 1085 749 1139 I.
775 1086 848 1140 De
878 1087 1160 1138 Atticismo
1191 1086 1380 1138 librum
1415 1082 1461 1147 Ι,
1496 1093 1547 1135 ct
1577 1082 1742 1133 multa

156 1179 289 1232 alia.

236 1269 428 1334 lsazus,
484 1284 627 1324 unus
684 1269 871 1323 det-cm
931 1277 1213 1322 oratorum
1243 1309 1255 1328 ,
1291 1267 1592 1333 discipulus
1626 1267 1744 1318 Iso.

158 1363 330 1417 cratis
361 1371 414 1415 rt
443 1363 697 1431 magister
732 1359 1132 1422 Demosthenis,
1161 1375 1354 1429 genere
1374 1360 1740 1412 Atheniensis.

163 1456 473 1511 Demetrius
502 1470 633 1508 vero
675 1453 808 1507 dicit
869 1467 993 1507 esse
1043 1452 1475 1506 Chalcidensern.
1509 1450 1605 1503 llic
1631 1452 1746 1503 lau-

157 1551 325 1603 (fatnr
403 1556 464 1601 ut
536 1556 756 1610 Orator,
804 1553 857 1599 et
909 1542 1054 1613 quod
1137 1541 1558 1596 Demosthenem
1629 1541 1745 1595 sine

158 1639 685 1695 mercedeiostituit.
722 1637 774 1690 In
818 1636 1184 1690 adolescentia
1238 1633 1573 1695 luxuriosus,
1598 1642 1746 1700 post-

156 1755 222 1793 ea
297 1739 360 1792 ad
425 1737 622 1791 bonam
680 1732 888 1800 frugem
950 1747 1009 1786 se
1069 1729 1292 1798 recepit.
1345 1729 1526 1797 Itaque
1577 1728 1746 1779 inter-

160 1839 383 1901 rogatus
437 1830 504 1881 ab
535 1828 740 1895 aliquo,
773 1827 898 1894 quis
949 1824 1131 1892 piscis,
1169 1837 1290 1890 qua:
1348 1822 1463 1873 avis
1523 1835 1618 1874 esu
1660 1834 1746 1874 es-

1851 621 2075 690 ttagiro,
2121 631 2174 674 ct
2230 621 2600 690 Tltc‘upulttpO,
2651 624 2806 686 Citio,
2860 624 3097 692 itemque
3147 625 3429 694 Erythram

1846 711 2161 764 Nnnrratita
2191 714 2254 763 de
2283 713 2594 780 eloquentia
2625 715 2849 766 certavit
2877 716 2933 766 in
2967 715 3158 771 funere
3202 717 3426 773 Mausoli

1845 799 2022 865 Caris,
2058 803 2201 868 regis
2237 801 2627 856 Ilalicarnassi.
2657 803 2946 856 Orationes
2964 805 3083 872 ejus
3112 817 3239 861 sunt
3265 812 3430 877 quin-

1846 907 1989 959 que:
2029 893 2448 962 Amphictyonin,
2484 893 2820 955 Ilurtatorio,
2847 893 3094 964 Philippo
3129 902 3427 966 sepulcrum

1849 1001 1948 1036 non
1986 1001 2094 1038 esse
2133 986 2471 1055 faciendum;
2507 990 2577 1040 De
2620 989 2934 1058 migratione
2959 988 3082 1050 ,"De
3121 1007 3220 1043 sua
3270 1010 3428 1062 repu-

1846 1076 2004 1130 blica.

1919 1170 2074 1235 Ister,
2106 1171 2383 1227 Menandri
2433 1173 2553 1228 lstri
2587 1173 2670 1238 F.,
2709 1176 2998 1246 Cyrenzens
3041 1186 3136 1231 aut
3181 1176 3424 1240 Macedo,

1849 1263 2164 1326 historicus,
2202 1265 2520 1320 Callimachi
2575 1285 2767 1325 servus
2807 1280 2862 1324 et.
2909 1271 3228 1338 discipulus.
3289 1269 3425 1324 Iler-

1848 1359 2061 1424 mippus
2092 1373 2217 1410 vero
2248 1357 2509 1426 Paphiam
2543 1363 2719 1428 ipsum
2753 1363 2892 1436 dicit
2928 1365 2978 1415 in
3014 1365 3254 1417 secundo
3282 1364 3424 1417 libro

1851 1448 1923 1500 De
1985 1451 2170 1511 serris,
2223 1451 2313 1518 qui
2375 1453 2683 1507 eruditione
2729 1455 2862 1507 clari
2907 1455 3146 1508 fuerunt.
3198 1453 3428 1524 Scripsit

1847 1541 2016 1594 multa
2052 1553 2107 1595 et
2137 1543 2314 1595 soluta
2344 1553 2397 1596 ct
2427 1543 2586 1614 ligata
2621 1546 2888 1600 oratione.

1916 1723 2443 1795 JacobusJIesychii
2480 1725 2672 1778 medici
2729 1724 2814 1788 F.,
2870 1728 3190 1796 cognomine
3219 1727 3424 1796 Ψύχρι-

1851 1833 1996 1881 στος,
2019 1833 2082 1870 ex
2115 1820 2441 1869 Itatnascena
2467 1818 2771 1885 provincia,
2796 1819 2886 1886 qui
2911 1819 3066 1871 CPoIi
3094 1823 3196 1872 sub
3233 1818 3426 1873 Leone

160 1931 286 1974 seut
322 1918 680 1973 suavissima?
714 1915 891 1979 Desii,
933 1915 1130 1984 inquit,
1164 1915 1250 1968 his
1289 1913 1452 1966 relms
1501 1912 1739 1973 studere,
1777 1917 1814 1971 Β
1847 1909 1977 1977 imp.
2026 1910 2354 1962 medicinam
2410 1912 2657 1961 exercuit
2696 1911 2936 1978 egregie,
2975 1911 3048 1962 i;a
3090 1923 3146 1962 ut
3181 1925 3208 1962 a
3239 1911 3423 1964 multis

160 2012 423 2079 quoniam
465 2007 742 2071 intellexi,
784 2023 861 2059 me
896 2004 1110 2058 Tantali
1151 2005 1332 2057 hortos
1367 2003 1735 2062 vindentinsse,

162 2108 272 2156 hoc
303 2113 387 2155 cst
409 2117 599 2156 omnes
644 2099 947 2168 voluptates
984 2097 1190 2152 umbra:
1210 2105 1260 2151 et
1285 2096 1496 2151 somnio
1525 2109 1642 2148 esse.
1664 2093 1739 2145 si-

163 2195 346 2251 miles.

238 2285 555 2346 tscbandcr,
592 2283 832 2353 tragicus
867 2281 1079 2337 histrio.

235 2376 498 2441 Isidorus,
546 2392 734 2439 senex,
773 2375 1067 2438 Pelusiota,
1101 2374 1183 2426 vir
1221 2372 1581 2433 clarissimus,
1621 2370 1739 2438 phi-

163 2471 424 2538 losophus
455 2478 508 2522 et
533 2478 736 2520 orator.
776 2465 1005 2535 Scripsit
1051 2464 1309 2534 epistolas
1342 2460 1518 2526 MMM,
1545 2461 1741 2528 quiens

162 2575 381 2616 sacram
418 2561 754 2627 Scripturam
789 2559 1198 2626 interpretatur.

239 2651 502 2712 Isidorus,
547 2651 924 2719 philoSOphns,
977 2652 1066 2716 qui
1103 2648 1205 2700 sub
1248 2647 1506 2699 fratribus
1558 2646 1738 2713 (suis).

164 2747 212 2798 si
253 2743 378 2811 quis
436 2743 578 2796 alius
634 2741 684 2794 in
735 2741 1042 2808 disciplinis
1071 2739 1445 2806 philosophice
1481 2754 1536 2791 se
1589 2754 1743 2788 evor-

165 2839 303 2900 ruit,
334 2846 388 2892 et
435 2851 717 2891 sacrorum
751 2835 905 2888 valde
947 2834 1224 2887 studiosus
1273 2832 1393 2894 init,
1428 2834 1532 2884 vita
1569 2832 1741 2899 philo-

168 2931 412 2998 sOpbus,
466 2929 692 2982 scientia
743 2942 871 2980 vero
926 2941 1032 2978 non
1084 2925 1217 2978 satis
1274 2925 1525 2977 excultus
1584 2933 1635 2975 ιι
1690 2923 1739 2973 in

166 3019 472 3074 dialecticis
530 3019 917 3073 inexercitatus
972 3016 1142 3084 magis
1183 3030 1344 3083 quam
1399 3014 1580 3066 hebes.
1637 3011 1740 3079 Ipsi

166 3112 506 3166 adolescenti
565 3110 761 3163 mirum
822 3109 1078 3178 quiddam
1142 3106 1340 3158 accidit
1396 3121 1409 3156 :
1455 3120 1577 3156 nam
1623 3103 1741 3170 ejus

166 3207 418 3276 a'qualis,
449 3216 501 3257 et
551 3205 758 3258 sororis
800 3203 964 3262 titius,
996 3217 1169 3253 annos
1203 3197 1365 3251 XVIII
1423 3209 1604 3258 natos,
1636 3207 1742 3247 sta-

168 3301 266 3352 tim
329 3313 358 3351 a
405 3297 578 3366 prima
626 3305 781 3350 actate
841 3295 1080 3346 divinam
1130 3291 1328 3361 ingenii
1385 3292 1492 3345 vim
1538 3307 1645 3358 pra!
1689 3306 1744 3342 se

169 3397 376 3454 terens,
415 3390 480 3443 de
513 3397 656 3442 tecto
692 3388 950 3456 delapsus
981 3395 1201 3454 repente
1231 3386 1390 3436 vitam
1432 3383 1586 3436 ﬁniit.
1618 3385 1744 3435 Om-

169 3485 334 3538 nibus
387 3483 550 3552 igitur
612 3480 812 3547 ingenti
877 3479 1021 3530 luctu
1083 3491 1204 3527 eum
1265 3475 1741 3542 proseqnentlnts,

172 3580 290 3646 ipse
345 3589 437 3643 per
492 3587 744 3626 somnum
790 3569 854 3622 ad
915 3568 1181 3621 Isidorum
1229 3569 1479 3630 accessit,
1515 3580 1746 3633 cinoque

169 3668 382 3722 solatus
413 3675 518 3720 cst.

249 3755 344 3816 Ei;
373 3753 660 3822 ).a~.~:p-'a;.
702 3750 1056 3810 Pbiloxenns,
1089 3757 1244 3817 poeta
1297 3747 1744 3817 dithyrambicns,

171 3865 299 3904 cum
336 3846 599 3915 Dionysii,
653 3844 863 3914 tyranni
899 3853 1164 3910 poemata,
1209 3850 1389 3907 utpote
1420 3839 1578 3892 mala.
1607 3839 1745 3891 terre

175 3955 282 3992 non
333 3945 539 4006 posset,
575 3934 642 3986 ab
689 3933 807 3999 ipso
854 3932 906 3982 in
956 3928 1276 3996 lapicidinas
1316 3937 1395 3979 est
1445 3931 1741 3991 conia-tus.

174 4033 371 4086 Postea
429 4028 693 4082 liberatus
747 4024 1048 4076 amicorum
1111 4020 1394 4088 precibus,
1447 4028 1499 4070 et
1558 4031 1748 4069 rursus

170 4123 404 4178 audiens
442 4119 554 4180 illa,
591 4114 846 4176 surrexit,
881 4113 1089 4174 dicens,
1145 4109 1316 4162 satius
1347 4123 1466 4161 esse
1517 4108 1567 4158 io
1615 4109 1748 4158 tato-

169 4215 297 4268 tniis
335 4207 563 4270 versari,
602 4219 764 4274 quam
819 4202 989 4270 ipsius
1024 4208 1267 4268 poemata
1315 4198 1524 4257 audire,
1564 4197 1747 4247 addito

169 4309 320 4360 tlicto
361 4296 570 4360 εθῖκος
607 4297 780 4365 φίλος,
838 4289 984 4354 οἶκος
1039 4292 1278 4359 ἄριστος,
1329 4288 1511 4340 domus
1554 4289 1743 4349 antica,

167 4402 362 4452 domus
394 4393 615 4459 optima,
647 4389 790 4455 quod
820 4386 961 4438 valet
993 4385 1058 4436 de
1087 4382 1378 4436 testudine.

241 4487 534 4546 Isocrates,
591 4477 883 4538 Theodori,
943 4474 1078 4528 fabri
1132 4475 1408 4534 tibiarum,
1463 4469 1500 4522 F
1533 4510 1546 4531 ,
1584 4471 1744 4521 Athe-

170 4579 404 4640 niensis,
461 4581 852 4634 orator,natns
881 4567 1197 4638 Olympiade
1245 4562 1529 4625 LXXXVI,
1570 4564 1619 4615 izl
1660 4570 1741 4615 est

169 4679 300 4739 post
335 4667 536 4720 bellum
579 4661 1122 4730 Peloponnesian-mn.
1158 4655 1254 4708 llic
1288 4657 1356 4707 ob
1392 4656 1540 4707 vocis
1575 4654 1742 4704 imbe-

169 4761 466 4814 ctllilatem-
492 4764 546 4808 et
587 4755 640 4806 in
690 4752 921 4806 dicendo
956 4748 1339 4802 verecundiam
1398 4760 1593 4797 causas
1637 4758 1742 4792 non

168 4853 302 4921 egit,
355 4847 448 4902 sed
498 4852 684 4914 plures
713 4842 938 4896 erudiit.
971 4838 1255 4892 Orationes
1285 4838 1503 4905 scripsit
1529 4833 1740 4894 XXXII,

169 4953 223 4996 t-t
277 4955 424 4994 anno
483 4936 658 4991 atatis
733 4932 843 4987 CVI
916 4932 1071 4985 obiit.
1134 4931 1348 4983 Fratres
1400 4930 1517 4995 ejus
1590 4926 1740 4978 fuere

170 5035 455 5102 Tisippus,
508 5028 940 5089 Thcomncstns,
995 5034 1047 5076 et
1099 5021 1442 5083 Theodorus,
1493 5020 1747 5085 magister

172 5140 302 5181 vero
338 5121 605 5191 Gorgias;
645 5119 735 5172 alii
775 5117 1001 5176 Tisiam,
1051 5114 1379 5182 Erginumve
1427 5112 1506 5163 vel
1551 5111 1744 5164 Ρι.υι11-

171 5234 322 5283 rum,
357 5216 449 5269 alii
499 5214 736 5281 denique
789 5211 978 5264 dicunt
1017 5203 1432 5262 Theramenem.
1464 5204 1748 5259 Orationes

171 5311 295 5380 ejus
332 5317 462 5363 sunt
483 5305 747 5376 pluritnre.

243 5397 536 5456 Isocrates,
563 5391 822 5462 Amyclae,
866 5389 1193 5460 philosophi,
1244 5387 1334 5453 F.,
1363 5386 1659 5456 Apollonia:
1695 5386 1747 5438 in

176 5489 377 5551 Ponto,
413 5486 496 5540 vel
552 5484 826 5539 Heraclea:
865 5492 1056 5545 natus,
1086 5480 1358 5534 atscribit
1407 5479 1750 5532 Callistratus

174 5590 401 5644 orator;
433 5577 737 5647 discipulus
781 5584 836 5630 et
877 5587 1161 5629 successor
1191 5571 1447 5627 Isocratis
1471 5569 1670 5641 Magni,
1701 5579 1752 5624 et

1844 2002 2111 2054 diceretur
2143 2002 2345 2070 σωτὴρ,
2382 2013 2437 2054 ut
2462 2003 2736 2069 quondam
2765 2000 3131 2068 Aiscnlapius,
3164 2004 3424 2071 visusque

1847 2095 2066 2156 habere,
2107 2094 2562 2163 'Asz).r;:'.a6txi]v
2601 2093 2780 2162 ψυχὴν
2817 2097 2908 2146 καὶ
2938 2095 3096 2162 φύσιν
3133 2096 3419 2150 Παιώνιον.

1846 2183 1936 2238 Sic
1991 2194 2043 2238 et
2093 2184 2336 2238 Phidiam
2397 2186 2758 2238 ὲνὺουσιώντα
2809 2188 3162 2254 δημιουργᾳῖν
3203 2189 3423 2241 numine

1844 2277 2062 2344 plenum
2129 2290 2337 2332 statuas
2400 2279 2624 2341 fecisse,
2678 2289 2728 2331 et
2793 2278 3084 2333 Zeuxidem
3159 2280 3424 2350 imagines

1845 2368 2118 2435 pinxisse,
2161 2383 2263 2424 etc.
2298 2370 2360 2442 (Ε
2395 2371 2724 2441 Damascio.)

1918 2459 2157 2515 Jac-obus
2216 2464 2411 2531 hausto
2458 2481 2666 2516 veneno
2699 2463 2798 2517 sub
2833 2462 3058 2518 Valente
3101 2465 3258 2531 obiit,
3297 2481 3424 2520 sna-

1844 2554 2005 2607 dente
2046 2556 2147 2607 boc
2181 2555 2226 2606 ei
2261 2552 2486 2606 Ltbanio
2546 2558 2814 2622 sophista,
2851 2560 2992 2625 quod
3029 2559 3421 2628 inquisivisset,

1845 2647 1970 2718 quis
2021 2648 2070 2700 in
2129 2648 2357 2714 inperio
2415 2646 2620 2700 Valenti
2689 2666 3046 2705 successurus
3100 2661 3262 2706 esset.
3300 2650 3420 2706 νηί.

1846 2751 1958 2794 not.
1999 2738 2236 2801 Kosteti,
2274 2749 2309 2791 t.
2345 2738 2406 2802 ll,
2441 2756 2490 2807 p.
2524 2739 2590 2793 88
2625 2757 2738 2807 seq.

1915 2831 2277 2891 Jamhlichus,
2335 2832 2592 2892 libertus,
2643 2835 2864 2900 scripsit
2917 2834 3240 2904 Babylonica
3308 2835 3423 2889 sive

1848 2923 2113 2976 Rhodinis
2160 2935 2212 2976 et
2267 2923 2545 2976 Sinouidis
2585 2942 2801 2978 amores
2851 2928 3002 2978 libris
3053 2925 3291 2983 XXXIX.
3327 2926 3423 2980 Ilic

1847 3016 1958 3082 agit
2012 3018 2076 3068 de
2122 3013 2350 3078 Zobara,
2383 3019 2654 3081 eunucho,
2688 3016 3088 3086 Mesopvtatuia:
3131 3019 3421 3074 formosis-

1847 3121 2000 3157 stmas
2030 3115 2293 3159 amatore.

1920 3195 2256 3250 Jamblichns
2308 3198 2466 3260 alter,
2515 3214 2576 3250 ex
2643 3197 2902 3253 Chalcide
2947 3200 3137 3270 Syrim,
3181 3201 3424 3269 philoso-

1851 3289 2011 3354 phus,
2038 3290 2334 3356 discipulus
2365 3290 2667 3356 Porphyrii,
2699 3291 2790 3356 qui
2823 3290 2918 3344 fuit
2943 3292 3159 3343 auditor
3198 3291 3418 3343 Plotini.

1849 3380 1996 3432 Vixit
2040 3379 2381 3433 Constantini
2458 3381 2591 3448 imp.
2631 3384 2984 3448 temporibus.
3017 3379 3212 3437 Varios
3253 3384 3421 3436 libros

1848 3472 2254 3539 philmophicos
2291 3472 2527 3538 scripsit.

1917 3559 2108 3621 Jason,
2141 3559 2457 3613 Mem-etatis
2495 3557 2580 3623 F.,
2619 3558 2843 3630 Nysaeus
2895 3577 2923 3614 a
2976 3573 3152 3630 patre,
3187 3580 3212 3615 a
3249 3575 3422 3618 matre

1851 3649 2115 3712 “INNIIIIS,
2152 3652 2537 3720 pIItIuSOpIIIIS,
2577 3653 2878 3718 discipulus
2911 3665 2964 3706 et
2998 3671 3060 3706 ex
3115 3655 3222 3707 liba
3257 3672 3423 3724 nepos

1848 3750 1899 3792 et
1941 3756 2228 3794 sntccssor
2273 3740 2547 3793 Posidonii
2591 3743 2921 3810 philosophi,
2965 3743 3016 3796 in
3061 3746 3246 3798 schola
3303 3762 3424 3814 qua:

1846 3843 1963 3884 erat
2014 3832 2208 3885 Rhodi.
2262 3833 2490 3900 Seripsit
2541 3832 2844 3884 Illnstrium
2899 3836 3131 3887 virorum
3184 3835 3325 3890 Vitas
3371 3847 3423 3890 et

1853 3923 2293 3990 Philosophorum
2335 3923 2699 3978 Successiones
2731 3934 2781 3977 ct
2824 3929 3119 3979 secundum
3157 3933 3420 3995 quosdam

1847 4013 2008 4067 libros
2068 4014 2154 4068 IV
2204 4015 2274 4069 De
2321 4020 2428 4070 vita
2473 4015 2711 4070 thciw.
2766 4017 2862 4070 llic
2913 4019 3076 4071 etiam
3119 4018 3194 4071 Dc
3241 4018 3422 4072 Rhodo

1848 4109 2087 4173 scripsit.

1916 4196 2081 4250 Jason
2137 4197 2402 4267 Argivus,
2465 4198 2796 4260 historicus,
2843 4198 3033 4266 junior
3106 4199 3416 4267 Plutarcho,

1847 4287 2251 4350 Chi-ronense,
2309 4289 2736 4355 gtantmaticns,
2798 4291 3016 4356 scripsit
3082 4290 3156 4342 Dc
3220 4289 3423 4344 σηπία

1848 4381 2009 4434 libros
2069 4379 2171 4443 IV,
2226 4382 2314 4449 qui
2369 4381 2652 4434 continent
2693 4382 3049 4450 antiquitates
3103 4380 3324 4436 Cra-ciae
3371 4394 3423 4436 et

1852 4472 2134 4522 historiam
2189 4469 2475 4523 Pctsartttn
2531 4478 2581 4522 et
2633 4487 2717 4522 res
2764 4471 2832 4523 al)
2878 4471 3185 4524 Alexandro
3240 4483 3422 4541 gestas

1851 4575 2023 4627 usque
2052 4558 2114 4610 ad
2153 4560 2359 4612 obitum
2395 4561 2514 4626 cjns
2549 4573 2603 4612 et
2637 4569 2847 4628 tempus
2879 4561 3029 4619 illud,
3063 4579 3172 4627 quo
3198 4562 3424 4617 Athena:

1849 4653 1917 4704 ah
1945 4652 2255 4717 Antipatro,
2285 4649 2579 4703 Cassandri
2620 4661 2791 4718 patre,
2832 4662 3004 4718 capta:
3039 4651 3276 4706 fuerunt.

1918 4737 2178 4798 Joannes,
2243 4739 2523 4805 thenIOgus
2590 4746 2644 4788 ct
2701 4737 3060 4805 evangelista,
3110 4755 3172 4790 ex
3230 4740 3425 4793 exsilio

1853 4828 2024 4882 Puttni
2062 4845 2317 4883 reversus
2343 4830 2517 4881 aetatis
2552 4844 2696 4880 anno
2733 4830 3033 4884 centesimo
3072 4829 3420 4899 Evangelium

1846 4924 2249 4990 conscripstet
2288 4923 2482 4975 deimlc
2525 4921 2767 4989 pervenit
2792 4921 2855 4972 ad
2887 4937 3089 4974 annum
3120 4922 3279 4975 CXX.
3310 4922 3424 4978 Illic

1849 5025 2027 5066 autem
2091 5013 2198 5082 (78)
2244 5014 2475 5081 degens,
2533 5013 2907 5082 συγγράφεται
2970 5013 3069 5083 τὴν
3129 5014 3423 5082 Θεολογίαν

1851 5101 2198 5173 Thcologiatn
2221 5105 2343 5172 (hoc
2371 5114 2451 5157 est.
2484 5104 2857 5172 Evangelium)
2879 5106 3223 5173 conscripsit.
3248 5106 3424 5176 Chry-

1852 5207 2128 5251 sostonms
2190 5205 2298 5248 tres
2348 5193 2464 5262 ejus
2517 5195 2778 5263 epistolas
2823 5205 2874 5249 ct
2917 5197 3280 5266 Apocalypsin
3327 5212 3424 5267 pro

1851 5291 2133 5346 canonicis
2164 5288 2342 5340 habet.

1925 5382 2162 5437 Joannes
2213 5380 2672 5450 Cbrysostomns,
2712 5378 3115 5440 Antiochenus,
3156 5379 3425 5448 principio

1857 5475 2134 5544 presbyter
2178 5472 2509 5536 Antiochiae,
2541 5479 2594 5524 et
2621 5468 2838 5523 Eusebii
2877 5469 3149 5533 Emeseui,
3184 5469 3430 5539 philoso-

1859 5567 1972 5636 phi,
2003 5575 2058 5619 et
2085 5564 2304 5620 Diodori
2350 5572 2610 5618 sectator.
2658 5561 2755 5616 llic
2801 5563 2968 5616 multa
3001 5561 3288 5630 scripsisse
3322 5558 3430 5614 ter-

249 5760 360 5830 σε)
399 5757 597 5831 Ephesi
624 5756 878 5827 intellige,
936 5769 1001 5812 ex
1052 5752 1428 5824 Cbrysostomi
1472 5751 1696 5806 bomdia
1753 5749 1807 5805 in
1842 5749 2130 5814 Joannem,
2177 5756 2215 5802 t.
2253 5743 2340 5812 Vl,
2396 5760 2451 5815 p.
2479 5744 2603 5812 505,
2633 5759 2694 5799 ex
2737 5757 2845 5814 quo
2875 5741 3051 5798 locum
3107 5738 3306 5796 Suidas
3338 5752 3428 5794 re-

177 5833 349 5905 pellit.
