4182 6526
683 375 822 438 1233i

1893 371 2143 432 INDEX
2185 370 2677 434 SCRIPTORUM

3819 369 3958 431 128i

682 505 792 552 tur,
830 493 883 546 itt
948 491 1150 560 quibus
1201 487 1478 544 excellunt
1531 485 1806 542 Sermones
1855 487 1919 540 de
1969 486 2266 539 sacerdotio
2297 489 2342 544 A
2373 485 2494 542 Tito
2530 487 2652 555 ejus
2689 485 2800 539 ﬁlio
2825 525 2840 551 ,
2871 493 3084 554 captus,
3123 500 3298 555 usque
3341 485 3406 540 ad
3445 485 3954 556 Ilieresolymorunt

682 595 796 638 tum
867 581 1194 637 sublimitate
1241 588 1295 634 et
1345 579 1671 640 elocutione,
1730 586 1844 630 tum
1893 577 2164 631 suavitate
2214 583 2270 628 et
2363 578 2821 650 expttgnationem
2848 577 2988 646 apud
3038 577 3159 632 illos
3183 577 3404 644 mansit,
3432 587 3482 630 et
3515 593 3640 631 cum
3673 577 3810 647 ipsis
3843 577 3960 632 Bo-

683 676 950 744 elegantia
1013 673 1335 726 verborum.
1393 671 1530 726 Cum
1593 671 1677 724 his
1721 679 1932 724 certant
1985 669 2266 722 Sermones

684 768 804 835 ejus
851 767 904 816 in
953 764 1172 822 Davidis
1215 762 1455 817 Psalmos
1481 771 1535 815 et
1563 763 1614 814 in
1655 760 1879 814 Joannis
1921 759 2266 830 Evangelium

686 858 1078 922 adnotatioues,
1109 865 1162 909 et
1211 855 1262 908 in
1304 853 1638 917 [Hau/tamin,
1675 852 1917 905 Marcum
1967 860 2017 904 et
2066 849 2268 902 Lucam

685 949 1094 1004 Commentarii.
1125 948 1332 1002 Cattera
1386 961 1516 999 vero
1549 946 1678 1014 ejus
1731 945 1934 1013 scripta
1979 958 2266 996 numerum

687 1050 974 1110 superant.
1007 1039 1200 1092 Totam
1233 1039 1377 1092 enim
1405 1047 1460 1090 et
1482 1035 1765 1092 Judaicam
1803 1044 1857 1089 et
1895 1035 2270 1090 Christianam

687 1134 1022 1204 Scripturam
1052 1131 1464 1185 commentariis
1486 1129 1797 1198 explicavit,
1819 1137 1879 1182 ut
1908 1127 2048 1182 alius
2075 1141 2263 1180 nemo.

686 1226 960 1282 Plurimos
1017 1225 1188 1278 etiam
1238 1223 1516 1276 orationes
1573 1221 1626 1274 in
1692 1219 1909 1274 laudem
1967 1227 2270 1290 martyrum

687 1323 936 1385 prompte
968 1322 1022 1368 et
1065 1329 1132 1367 es
1171 1323 1411 1380 tempore
1461 1310 1674 1375 habuit,
1700 1311 1900 1379 quippe
1925 1308 2018 1378 qui
2053 1307 2274 1362 flumine

690 1412 1014 1478 eloquentum
1060 1411 1206 1476 ipsas
1256 1404 1360 1459 Nili
1403 1413 1708 1459 cataractas
1750 1412 2051 1472 superaret.
2081 1399 2273 1454 Nullus

690 1503 832 1556 enim
869 1499 1178 1552 mortalium
1235 1498 1302 1551 ab
1346 1496 1494 1550 omni
1539 1510 1654 1550 aevo
1679 1504 1830 1548 tanta
1865 1493 2078 1548 dicendi
2114 1493 2272 1561 c0pia

691 1591 1004 1652 abundavit,
1049 1591 1204 1651 adeo,
1251 1597 1308 1642 ut
1359 1587 1510 1641 solus
1554 1587 1752 1640 merito
1782 1599 2010 1640 aureum
2054 1584 2184 1638 illud
2223 1593 2277 1638 et

691 1685 939 1738 divinum
999 1696 1196 1736 nomen
1244 1689 1578 1733 consecutus
1632 1677 1724 1732 sit.
1771 1677 2112 1746 Scriptorum
2157 1675 2276 1745 ejus

692 1789 978 1830 numerum
1013 1787 1302 1826 recensere
1337 1787 1443 1823 non
1473 1770 1714 1824 hominis
1745 1771 1835 1832 sit,
1883 1768 1976 1823 sed
2025 1767 2138 1830 Dei,
2181 1767 2274 1836 qui

2367 685 2511 723 mam
2547 666 2826 738 profectus
2861 667 3024 720 tibros
3065 664 3178 719 VII
3219 665 3291 719 De
3328 665 3534 720 excidio
3567 665 3960 735 Hiemsolymi-

2371 772 2496 816 tam
2535 761 2958 832 imperatoribus
3001 760 3232 825 obtulit,
3265 761 3359 830 qui
3395 761 3450 814 in
3489 761 3826 816 bibliotheca
3857 776 3960 829 pu-

2369 857 2510 911 blica
2544 869 2674 912 sunt
2709 855 2960 926 repositi,
2989 855 3153 914 et".ob
3179 853 3324 908 illius
3358 853 3545 922 scripti
3572 855 3958 908 celebritatem

2370 957 2548 1001 statua
2604 948 2838 1000 donatus
2888 955 2990 1001 est.
3051 945 3282 1013 Scripsit
3341 945 3502 998 etiam
3558 945 3962 1014 Antiquitatum

2369 1036 2722 1090 Iudaicarum
2771 1037 2933 1089 libros
2979 1033 3108 1098 XX,
3156 1035 3225 1090 ab
3275 1036 3500 1089 exordio
3551 1038 3740 1089 mundi
3782 1050 3962 1104 usque

2373 1133 2436 1186 ad
2470 1131 2584 1184 XIV
2617 1147 2822 1185 annum
2861 1129 3150 1184 Domitiani
3191 1127 3442 1184 Ctesaris.
3481 1128 3612 1183 Item
3642 1129 3778 1181 duo:
3817 1129 3960 1180 alios

2373 1225 2763 1294 Antiquitatum
2796 1223 2956 1276 libros
2983 1232 3167 1276 contra
3195 1221 3504 1290 Appionem,
3535 1221 3960 1290 grammatiCum

2374 1315 2554 1380 Alex.,
2594 1315 2685 1382 qui
2727 1317 2829 1369 sub
2869 1312 3110 1384 Caligula
3165 1328 3193 1366 a
3227 1323 3378 1381 parte
3423 1313 3701 1382 gentilium
3747 1313 3965 1381 legatus

2377 1405 2575 1459 missus
2599 1415 2702 1464 est,
2725 1415 2781 1458 ut
2805 1406 3055 1458 oratione
3079 1404 3314 1473 quadam
3337 1402 3618 1458 Philonem
3645 1415 3962 1460 accusaret.

2377 1513 2494 1566 qiue
2526 1499 2701 1565 gentis
2735 1497 2976 1550 Iudaica:
3009 1497 3445 1550 criminationem
3483 1499 3748 1550 continet.
3785 1497 3882 1550 Est
3911 1507 3966 1548 ct

2376 1589 2513 1642 alius
2551 1588 2684 1642 liber
2708 1589 2934 1640 omnino
2959 1587 3252 1656 pra'clarus
3273 1585 3350 1640 De
3373 1587 3672 1656 principatu
3709 1587 3964 1644 rationis,

2379 1680 2430 1732 in
2471 1695 2580 1747 quo
2617 1679 2864 1750 martyrii
2910 1677 3346 1733 Maehabteorum
3379 1677 3650 1733 meminit.
3683 1674 3784 1730 IIic
3821 1675 3966 1729 libro

2379 1769 2544 1824 XVIII
2588 1771 2857 1840 Antiquit.
2907 1779 3091 1840 aperte
3121 1770 3345 1836 fatetur,
3401 1779 3622 1840 propter
3655 1771 3968 1824 multitudi-

692 1869 876 1923 omuia
925 1866 1226 1935 cognoscit.
1289 1862 1385 1916 llic
1426 1861 1484 1916 S.
1544 1859 1786 1916 Joannes
1838 1861 2006 1914 vitam
2060 1875 2276 1914 suntme
2311 1841 2350 1896 Β
2382 1881 2503 1920 nent
2536 1867 2926 1921 miraculorum
2975 1865 3256 1920 Christum
3293 1879 3320 1918 a
3364 1863 3566 1918 Iudaeis
3615 1861 3966 1918 interfectum

694 1963 986 2014 asceticam
1030 1960 1246 2025 agebat,
1283 1963 1388 2008 etc.

765 2053 1042 2114 Ioannes,
1102 2049 1528 2120 grammaticus,
1595 2047 2020 2112 Alexandrinus,
2082 2061 2280 2118 cogno-

695 2161 883 2201 mento
931 2143 1293 2212 PhiI0p0ttus.
1349 2139 1526 2208 Hujus
1595 2139 1830 2210 plurima
1881 2149 2010 2192 sunt
2074 2140 2280 2208 scripta

695 2234 1046 2308 grammatica
1069 2272 1084 2298 ,
1121 2231 1495 2301 pltiloSOphica
1525 2269 1540 2292 ,
1583 2229 1927 2283 arithmetica
1958 2269 1972 2298 ,
2011 2229 2278 2284 rhetorica

696 2341 750 2382 et
793 2329 846 2381 in
897 2341 1108 2380 sacram
1167 2323 1510 2394 Scriptttraut
1561 2331 1612 2376 et
1661 2331 1853 2374 contra
1888 2319 2054 2374 XVIII
2105 2319 2282 2376 Procli

698 2425 1018 2489 argumenta
1036 2415 1124 2485 (de
1149 2413 1454 2468 aeternitate
1475 2411 1688 2480 mundi)
1704 2421 1758 2464 et
1781 2421 1972 2464 contra
1999 2411 2280 2465 Severum.

701 2514 806 2568 Sed
861 2521 1040 2566 tamen
1101 2507 1171 2562 ab
1223 2505 1476 2560 Ecclesiae
1533 2504 1850 2559 doctoribus
1897 2515 1957 2557 ut
2013 2503 2282 2558 Trithcita

699 2606 969 2675 rejicitur,
1005 2617 1107 2657 nec
1143 2601 1197 2654 iu
1241 2599 1682 2654 orthodoxorum
1739 2597 2047 2665 catalogqu
2088 2597 2286 2652 adiuit-

704 2700 860 2751 titttr.

774 2787 1037 2852 Joannes,
1089 2781 1584 2853 Philadelphiensis
1641 2779 1847 2852 Lydus.
1907 2779 2006 2834 llic
2073 2781 2292 2850 scripsit

704 2882 780 2935 De
823 2881 1084 2931 mensibus
1143 2875 1344 2929 librum
1383 2881 1652 2940 ttnutu,et
1699 2871 1774 2924 De
1821 2871 2137 2936 Diosemcis,
2175 2873 2290 2926 sive

705 2984 1074 3040 tempestatum
1131 2969 1538 3039 signiﬁcatione,
1593 2966 1846 3028 alterum,
1895 2966 2134 3033 itemque
2177 2980 2292 3017 nta-

706 3066 996 3126 tltematiea
1049 3063 1220 3115 varia.
1271 3061 1342 3114 Ea
1394 3057 1666 3113 dedicavit
1713 3055 1976 3120 Cabrieli,
2013 3053 2288 3124 prarfeclo.

773 3157 1037 3215 Ioannes,
1088 3159 1454 3222 cognomento
1485 3149 1758 3211 Stoba-us,
1800 3149 2025 3217 scripsit
2063 3147 2292 3200 Florile—

705 3248 894 3318 gium,
950 3249 1227 3298 variorum
1295 3242 1598 3296 sententias
1669 3239 2076 3309 complectens,
2131 3239 2288 3294 libris

705 3353 961 3412 quatuor,
1002 3339 1146 3408 quod
1191 3352 1330 3406 opus
1381 3343 1464 3388 est
1512 3334 1830 3403 prazclaruut
1873 3341 1929 3386 et
1975 3333 2122 3386 varia
2191 3334 2291 3388 do-

706 3435 878 3488 ctrina
909 3431 1150 3500 plenum,
1184 3431 1248 3480 ad
1281 3425 1585 3496 Epimiutn,
1620 3423 1790 3478 filium
1828 3439 2007 3477 suum.

775 3521 1012 3587 Joannes
1033 3562 1047 3585 ,
1091 3519 1460 3572 Damasccuus
1483 3556 1498 3582 ,
1530 3515 1853 3586 cognomine
1901 3514 2182 3583 Μανσοὺρ,
2215 3515 2294 3566 vir

707 3627 760 3673 et
789 3617 902 3685 ipse
935 3613 1319 3670 CCICDCI‘I‘IIIIUS
1351 3617 1404 3663 et
1435 3611 1608 3662 aetatis
1641 3625 1754 3662 sua:
1789 3607 1919 3660 nulli
1949 3622 2162 3670 eorum,
2195 3607 2288 3675 qui

707 3709 956 3762 doctrina
1015 3705 1168 3756 fuere
1222 3701 1495 3766 illustres,
1557 3699 1852 3753 secundus.
1903 3698 2036 3766 Ejus
2094 3699 2293 3766 scripta

711 3809 836 3854 sunt
865 3795 1136 3867 permulta
1160 3803 1212 3846 et
1241 3791 1510 3860 praecipua
1536 3789 1930 3859 pltiIOSOphica,
1960 3799 2011 3842 et
2032 3787 2082 3840 itt
2145 3785 2295 3842 Scri-

709 3899 923 3960 ptttram
973 3899 1187 3938 sacram
1241 3881 1502 3937 Parallela
1533 3879 1730 3934 selecta
1758 3885 1808 3932 cl
1845 3879 2182 3930 canticorum
2209 3892 2296 3930 sa-

709 3997 928 4034 crorum
962 3977 1212 4032 Canoues
1248 3984 1356 4026 tam
1399 3970 1592 4026 iambis
1624 3985 1785 4038 quam
1821 3969 2070 4022 oratione
2108 3967 2284 4022 soluta

713 4071 1028 4139 conscripti.
1059 4067 1260 4121 Eodem
1297 4073 1541 4130 tempore
1568 4059 1820 4122 Cosntas,
1852 4057 2298 4129 llierosolymita-

711 4182 837 4230 nus,
869 4162 1051 4216 Iloruit
1073 4201 1086 4224 ,
1120 4159 1204 4212 vir
1237 4153 1724 4225 ingeniosissimus
1747 4191 1762 4216 ,
1790 4161 1844 4205 et
1872 4151 2097 4204 omnino
2126 4151 2296 4203 musi-

709 4273 828 4310 cam
903 4254 1122 4322 spiraus
1177 4247 1547 4302 harmoniam.
1605 4245 1680 4298 Illi
1733 4253 1916 4298 autem
1958 4242 2296 4296 canticorum

711 4349 958 4400 (Sationes
1003 4341 1231 4396 Joannis
1283 4349 1336 4393 et
1395 4339 1607 4393 Cosmte
1660 4335 1867 4389 nullam
1898 4349 2024 4388 cum
2062 4336 2294 4388 aliorum

714 4438 934 4507 scriptis
975 4432 1439 4502 eoiuparatiouem
1462 4427 1808 4482 admiserunt
1841 4441 1941 4480 nec
1974 4426 2293 4490 admittunt,

713 4530 952 4600 quandiu
993 4525 1273 4579 hominum
1302 4523 1410 4578 vita
1445 4521 1684 4574 durabit.

785 4621 1006 4674 Iobates
1029 4659 1042 4682 ,
1081 4617 1434 4670 Sthenoboea:
1486 4621 1658 4682 pater,
1695 4611 1762 4665 ad
1799 4626 1960 4682 quem
1992 4611 2206 4665 Proetus
2240 4612 2304 4664 de

713 4710 1099 4768 iuterticicmlo
1131 4705 1554 4776 Bellerophonte
1581 4705 1790 4757 litteras
1826 4703 1994 4756 dedit.

783 4803 972 4857 Iobus.
1007 4799 1183 4853 Ilabes
1213 4795 1526 4868 phil050phi
1554 4796 1717 4864 hujus
1759 4795 2002 4864 prtemia.
2033 4792 2214 4849 llabes
2255 4805 2306 4848 et

714 4895 830 4962 ejus
887 4893 1109 4956 librutn,
1157 4889 1442 4943 Homerica
1489 4897 1543 4941 et
1581 4887 1859 4940 Platonica
1906 4885 2057 4940 Musa
2085 4887 2305 4940 suavius

715 4987 846 5056 quid
896 4993 1205 5048 canentem,
1247 4983 1337 5050 qui
1373 4995 1472 5035 nec
1505 4979 1812 5034 fabularum
1875 4993 1974 5032 nec
2003 4979 2303 5031 alienarunt

717 5077 1088 5132 calamitatum
1119 5073 1484 5127 narrationem
1522 5071 1778 5142 praedicat
1806 5109 1822 5134 ,
1851 5069 1934 5123 vcl
2001 5069 2306 5124 audacissi-

719 5185 865 5221 mum
893 5167 1178 5227 Acbilletu,
1213 5173 1306 5217 aut
1332 5163 1746 5218 callidissimum
1781 5161 2063 5232 Ulyssem,
2101 5162 2303 5230 quibus

718 5260 893 5313 caedes
947 5265 1071 5310 sunt
1107 5255 1434 5324 triumphus,
1463 5263 1518 5308 et
1552 5254 1838 5307 mulierum
1891 5262 2077 5321 stupra
2105 5295 2120 5318 ,
2167 5269 2306 5322 pra:-

719 5357 866 5407 clara
892 5352 1166 5416 facinora;
1202 5353 1295 5406 sed
1343 5351 1600 5404 Satanam
1656 5350 1916 5405 describit
1944 5365 1974 5402 a
2007 5351 2152 5404 nudo
2185 5351 2306 5420 qui-

718 5447 840 5503 dem
873 5455 927 5499 et
961 5447 1153 5498 inermi
1181 5457 1234 5498 et
1263 5445 1381 5498 solo
1415 5454 1754 5513 superatum,
1783 5453 1890 5496 etc.

793 5544 1088 5612 Iosephus,
1117 5541 1335 5596 Iudaeus
1362 5539 1689 5610 φιλαλήθης,
1721 5539 1965 5593 veritatis
1999 5553 2210 5601 amans,
2239 5537 2306 5592 de

721 5635 926 5690 Joanne
971 5634 1237 5704 Baptista,
1273 5632 1622 5686 Praecursore
1670 5641 1725 5685 et
1759 5635 1826 5684 de
1864 5631 2092 5684 Domino
2119 5645 2306 5688 nostro

723 5729 833 5781 Deo
863 5739 918 5780 et
948 5726 1141 5779 Sotere
1170 5723 1298 5779 Iesu
1333 5725 1552 5778 Christo
1581 5725 1844 5792 loquitur.
1881 5723 2003 5775 Fuit
2045 5722 2302 5789 MattIuei,

724 5817 1022 5874 sacerdotis
1091 5816 1567 5888 Ilierosolytuitaui
1630 5815 1690 5868 I".
1731 5817 1770 5868 Δ
1831 5813 2181 5882 Vespasiano,
2253 5831 2304 5872 ct

2381 1957 2569 2022 fuisse,
2612 1967 2666 2011 et
2707 1955 2972 2012 Joannem
3035 1956 3332 2026 Baptistam
3365 1972 3490 2012 vere
3531 1953 3700 2009 fuisse
3733 1955 3970 2024 prophe-

2383 2061 2516 2112 tam,
2553 2060 2605 2104 et
2659 2057 2882 2118 propter
2923 2049 3124 2102 caedem
3173 2047 3360 2102 Jacobi
3407 2047 3661 2118 apostoli,
3709 2046 3971 2101 Hierom-

2385 2143 2526 2211 Iyma
2561 2151 2770 2194 vastata
2816 2140 3005 2194 fuisse.
3033 2139 3124 2193 Sic
3168 2149 3349 2194 autem
3383 2141 3450 2193 de
3494 2139 3728 2193 Domino
3777 2149 3970 2193 nostro

2382 2231 2510 2286 Iesu
2541 2231 2760 2285 Christo
2803 2229 2998 2283 scribit
3029 2248 3042 2283 :
3077 2227 3274 2282 Eodem
3323 2239 3549 2298 tempore
3575 2231 3781 2283 exstitit
3809 2228 3970 2282 Jews

2385 2327 2464 2379 vir
2517 2322 2748 2392 sapiens.
2781 2323 2851 2386 si,
2883 2331 2990 2376 etc.
3042 2321 3286 2392 (Ioseph.
3325 2339 3486 2388 xvttt,
3516 2323 3572 2388 4,
3603 2325 3810 2391 Antiq.)
3875 2325 3974 2376 llic

2387 2415 2723 2486 \‘e5pasiauo
2748 2415 2998 2486 prazdixit
3075 2417 3363 2484 imperium
3414 2416 3519 2486 (tu,
3561 2415 3660 2481 II,
3707 2414 3786 2468 De
3837 2417 3970 2468 bello

2385 2510 2540 2578 Jttd.)

2457 2603 2740 2666 Iovianus,
2805 2601 3174 2656 Romanorum
3251 2599 3384 2669 imp.
3464 2598 3830 2662 orthodoxus,
3883 2599 3976 2669 qui

2393 2709 2642 2762 magnam
2681 2707 2869 2746 curam
2921 2693 3084 2762 gessit
3143 2691 3534 2754 Ecclesiarum,
3569 2701 3626 2746 et
3683 2693 3976 2762 episc0pos

2393 2801 2584 2840 omnes
2617 2787 2684 2839 ab
2711 2784 2907 2839 exsilio
2929 2785 3222 2838 revocavit.
3257 2781 3403 2838 Idem
3429 2783 3496 2836 ad
3530 2784 3584 2837 δ.
3611 2784 3976 2838 Athanasium

2392 2879 2632 2946 scripsit,
2653 2888 2713 2931 ιιι
2749 2887 3062 2931 accuratam
3090 2875 3212 2930 Iidei
3245 2875 3558 2938 formulam,
3591 2876 3800 2946 scripto
3823 2892 3978 2929 mat.-

2394 2973 2598 3034 tlatam,
2647 2985 2834 3024 secum
2887 2969 3341 3022 communicaret.
3379 2968 3470 3022 Ille
3513 2982 3638 3022 vero
3691 2969 3796 3038 ipsi
3829 2970 3980 3022 mist;

2393 3061 2700 3128 epistolam,
2729 3060 3046 3112 orthodoxa:
3073 3058 3336 3112 doctrinm
3351 3059 3585 3126 plenam.
3610 3057 3768 3112 liuuc
3789 3057 3978 3113 Jovia-

2399 3166 2523 3203 nutn
2597 3151 2666 3203 ob
2727 3150 2980 3202 traditam
3060 3147 3241 3202 Persis
3315 3147 3524 3202 Nisibin
3609 3153 3976 3214 carminibus,

2399 3245 2637 3314 parodiis
2670 3253 2723 3298 et
2753 3245 2980 3298 famosis
3029 3243 3227 3298 libellis
3281 3243 3682 3312 prosciderunt.
3719 3247 3852 3300 Item
3891 3245 3982 3298 I...-

2395 3339 2612 3400 viauus,
2649 3336 2716 3389 ab
2757 3351 2927 3390 usore
2965 3337 3256 3405 impulsus,
3285 3337 3468 3390 fauutn
3521 3339 3976 3405 pulcherrimum,

2394 3429 2462 3482 ab
2515 3427 2789 3482 lladriauo
2863 3429 2995 3498 imp.
3051 3431 3118 3484 ad
3175 3430 3604 3484 consecrandam
3663 3431 3838 3499 patris
3895 3435 3978 3486 sui

2396 3519 2616 3589 'l't-ajani
2652 3521 2973 3574 memoriam
3008 3521 3312 3586 conditum,
3349 3537 3414 3576 ex
3459 3537 3567 3592 quo
3597 3520 3860 3578 Iulianus
3907 3525 3981 3578 bi-

2398 3612 2724 3666 bliothecam
2766 3615 3022 3668 eunucho
3088 3613 3328 3677 cuidam,
3375 3613 3696 3682 Theophila,
3749 3619 3976 3678 fecerat,

2397 3721 2520 3759 cum
2552 3705 2808 3758 omnibus
2843 3705 2996 3759 libris
3035 3705 3322 3772 cremavit,
3354 3707 3485 3776 ipsis
3525 3707 3646 3778 ejus
3689 3711 3978 3778 pellicibns

2399 3795 2578 3863 ignem
2622 3813 2744 3850 cum
2797 3799 2910 3851 risu
2959 3797 3396 3866 subjicientibus.
3449 3800 3774 3857 Antiocheui
3831 3821 3980 3864 vero.

2399 3887 2768 3954 indignatione
2789 3889 3048 3942 adversus
3077 3892 3208 3960 imp.
3237 3891 3470 3958 accensi,
3501 3891 3738 3948 famosos
3771 3897 3982 3952 libellus

2401 3980 2594 4046 partim
2649 3981 2798 4033 htttni
2843 3981 3146 4049 jactaruut,
3187 3991 3305 4037 uta
3352 3985 3592 4053 quolibet
3629 3988 3746 4041 tolli
3793 3999 3846 4042 et
3879 3991 3982 4058 legi

2399 4083 2658 4140 possent,
2729 4075 2922 4140 partim
2993 4075 3290 4142 parietibus
3330 4077 3636 4138 alliserunt,
3693 4089 3802 4133 etc.
3869 4085 3982 4137 suo

2399 4163 2628 4218 Ioviano
2683 4165 2816 4218 vixit
2883 4165 3141 4228 Aeacius,
3196 4165 3457 4220 Casarea:
3505 4169 3812 4226 I’ahcstiua:
3873 4191 3988 4244 ept-

2401 4272 2622 4326 scopus,
2665 4257 2758 4325 qui
2793 4255 3030 4308 libellum
3075 4259 3147 4310 De
3188 4257 3480 4311 orthodoxa
3525 4259 3627 4326 ﬁde
3653 4263 3984 4332 scripsit,iu

2401 4364 2511 4416 quo
2541 4349 2751 4417 synodo
2787 4346 3018 4402 Nicaeum
3056 4349 3376 4402 asseutitur.

2471 4440 2610 4493 Iuba
2640 4441 2882 4510 (Ἰόϐας),
2919 4441 3098 4511 Libya}
3148 4452 3202 4496 et
3247 4441 3589 4499 Mauritaniae
3631 4446 3766 4510 rex,
3819 4447 3982 4517 qui-nt

2339 4539 2376 4593 Β
2415 4531 2645 4586 Romani
2717 4543 2935 4598 captum
2990 4543 3044 4586 et
3109 4535 3277 4600 virgis
3340 4551 3540 4588 cursum
3591 4537 3644 4590 iu
3707 4539 3984 4610 triumpho

2408 4623 2706 4686 duxerunt,
2743 4639 2850 4676 non
2907 4633 3089 4677 autem
3133 4624 3454 4678 occiderunt
3487 4627 3556 4678 ob
3591 4630 3980 4686 eruditionem.

2409 4712 2556 4768 Vixit
2577 4725 2820 4786 tempore
2853 4715 3080 4786 Augusti
3108 4715 3358 4778 Ctesaris.
3385 4728 3438 4771 et
3459 4719 3764 4789 Cleopatrx
3795 4725 3982 4786 filiam,

2409 4807 2677 4872 SCICIICD,
2728 4822 2894 4876 quam
2946 4823 3011 4862 ex
3047 4807 3107 4860 C.
3147 4808 3360 4862 Caesare
3414 4821 3596 4864 natam
3654 4815 3982 4882 adoptarat,

2411 4913 2634 4950 uxorem
2670 4897 2844 4950 duxit.
2878 4898 3108 4966 Scripsit
3155 4900 3442 4968 pern'tttlta.
3477 4901 3704 4966 Eodem,
3737 4923 3850 4974 quo
3875 4909 3982 4968 ille,

2411 4998 2653 5057 tempore
2696 4989 2880 5043 floruit
2909 4991 3192 5061 Didymus,
3226 4991 3619 5050 Chalcenterus
3659 4997 3862 5062 dictus,
3893 5003 3984 5070 qui

2411 5083 2580 5134 multa
2611 5091 2800 5134 contra
2837 5083 3010 5152 ipsum
3047 5083 3283 5152 scripsit.
3549 5135 3554 5140 .

2479 5172 2770 5236 Julianus,
2800 5173 3118 5240 Chaldaeus,
3153 5179 3534 5250 philosophus,
3567 5193 3722 5252 pater
3757 5183 3984 5242 Iuliani.

2411 5264 2646 5335 tbcttrgi.
2713 5267 2945 5336 Scripsit
2991 5267 3068 5321 De
3113 5271 3438 5326 (lamwm'bus
3491 5279 3654 5328 Hirro;
3697 5276 3806 5338 ΙΥ,
3841 5281 3982 5349 ψωιί

2410 5373 2549 5426 Opus
2585 5359 2742 5412 docet
2776 5361 2964 5414 modos
3007 5365 3362 5431 propulsandi
3397 5369 3536 5421 mala
3568 5373 3634 5423 ab
3669 5372 3984 5426 hominibus

2411 5453 2778 5518 omnibuSque
2806 5467 2994 5505 eorum
3029 5455 3301 5523 partibus;
3333 5459 3514 5526 qualia
3538 5473 3667 5516 sunt
3687 5465 3988 5534 τελεειουρ-

2409 5545 2541 5610 γικὰ
2573 5537 2874 5598 Χαὶόαῖῖὲἅ.

2475 5638 2746 5699 Iulianus,
2779 5639 2892 5706 jam
2939 5639 3064 5694 dicti
3093 5640 3260 5704 filius,
3295 5645 3422 5696 vixit
3453 5654 3696 5714 tempore
3725 5649 3798 5706 .II.
3825 5655 3986 5705 Autu-

2411 5731 2523 5782 niui
2575 5731 2704 5797 imp.
2775 5729 3008 5798 Scripsit
3053 5745 3102 5786 ct
3159 5735 3272 5802 ipse
3326 5735 3654 5806 Thenrgicn:
3691 5741 3988 5794 Τελκττττὶ

2411 5821 2474 5874 de
2504 5822 2668 5872 modis
2692 5838 2769 5875 res
2797 5825 2993 5892 mogirc
3028 5829 3366 5880 consecrandi
3402 5827 3490 5894 (Γ.
3533 5829 3746 5884 Κηδῑυιί
3789 5853 3818 5886 ::
3865 5847 3898 5886 t.
3935 5835 3984 5900 Τ,
