4182 6526
175 427 297 489 1289

171 556 278 593 runt
312 533 676 589 vocabulorum
713 528 963 583 editiones
1001 525 1158 586 duas,
1182 519 1466 574 secundum
1502 518 1742 570 ordinem
1774 522 1819 576 Α

169 635 461 686 lit'eraruz-n
514 626 774 692 digestas;
813 616 1061 674 vocabula
1124 611 1426 668 Antimachi
1469 619 1516 663 et
1566 607 1741 661 ﬂera-

169 717 379 780 rleonis,
402 726 453 768 et
483 713 586 766 alia
615 710 801 762 multa.

241 807 434 867 Lucas,
467 801 820 872 evangelista,
857 798 1046 852 titulos
1073 794 1232 850 habet
1263 789 1742 859 LXXXIII,capita

170 897 389 954 CCCXL
401 895 530 949 VIII.

244 992 534 1054 Lucianus,
555 983 980 1046 Samosatensis,
1009 980 1317 1051 Blasphemi
1347 979 1427 1034 vel
1452 972 1742 1048 Dysphemi

175 1098 467 1153 cognomen
501 1081 645 1142 tulit,
679 1077 763 1131 veI
792 1074 952 1129 Athei
990 1075 1187 1143 potius,
1221 1071 1365 1142 quod
1410 1070 1462 1123 in
1507 1066 1745 1134 Dialogis

175 1183 282 1233 Suis
312 1193 372 1234 ea
406 1191 526 1246 qme
557 1174 622 1228 de
653 1173 758 1227 diis
801 1172 1076 1234 dicuntur,
1107 1179 1164 1222 ut
1207 1163 1435 1220 ridicula
1483 1163 1743 1231 exagitat.

175 1270 364 1325 Fertur
388 1270 490 1323 sub
519 1265 754 1336 Trajano
813 1265 944 1332 imp.
980 1272 1033 1315 et
1085 1269 1209 1312 ante
1243 1257 1463 1311 vixisse.
1499 1254 1744 1309 Primum

173 1361 474 1417 Antiochia:
502 1361 560 1417 in
591 1358 746 1429 Syria
771 1354 1103 1417 causidicus,
1134 1361 1184 1404 et
1230 1365 1352 1404 cum
1397 1350 1495 1402 hoc
1543 1348 1593 1402 ei
1637 1363 1744 1401 non

175 1456 309 1509 bene
338 1453 573 1513 cederet,
611 1449 675 1502 ad
713 1444 1062 1501 scribendum
1095 1458 1152 1499 se
1191 1440 1421 1496 contulit
1451 1451 1503 1494 et
1532 1439 1746 1494 infinita

174 1547 410 1612 Stil'lpSil.
437 1544 479 1595 Α
506 1541 735 1595 canibus
762 1540 1092 1593 dilaceratus
1128 1536 1296 1590 fertur
1331 1536 1494 1587 homo
1523 1531 1747 1600 impius,

174 1639 262 1704 qui
299 1637 491 1702 lingua:
544 1647 654 1685 suae
698 1630 847 1684 rabie
902 1630 1071 1697 ipsum
1120 1627 1402 1678 veritatem
1455 1624 1747 1678 insectatus

178 1729 300 1782 fuit.
333 1726 464 1780 Nam
518 1726 571 1778 in
613 1722 889 1792 Peregrini
945 1720 1064 1773 V'ita
1115 1718 1481 1773 Christianam
1531 1717 1746 1784 religio-

177 1835 298 1874 nem
330 1816 663 1889 perstringit,
716 1823 768 1866 et
830 1811 929 1878 ipsi
989 1809 1206 1864 Christo
1260 1806 1532 1863 maledicit
1588 1807 1750 1862 homo

1391 407 1488 466 DE
1527 403 1812 474 QUIBUS
1854 402 2151 462 SUIDAS.

3306 391 3438 455 1:290

1921 509 2272 582 Lycophron,
2296 507 2670 563 Chalcidensis
2693 521 2758 563 ex
2790 505 3020 570 Euboea,
3048 503 3191 560 filius
3235 503 3433 564 Sociis.

1848 599 2139 669 adoptatus
2185 614 2211 649 a
2260 595 2424 666 Lyco,
2479 595 2745 667 Rhegino,
2796 598 3205 669 grammaticus,
3241 607 3292 651 et
3329 605 3437 650 tta-

1848 693 2000 758 gieus
2036 706 2178 743 unus
2200 691 2266 743 de
2298 689 2525 758 pleiade.
2566 687 2694 757 Ejus
2726 690 2997 758 tragoediae
3021 698 3151 745 sunt
3181 708 3194 744 :
3223 687 3435 768 Αἴολος,

1863 780 2493 851 Ἀνδρομέδα,Ἀλήτης,
2536 776 2812 850 Αἰολίδης,
2866 778 3206 853 Ἐλεφήνωρ,
3273 780 3438 851 Ἡρα-

2085 874 2301 938 Ίκέται,
2371 873 2711 936 Ἱππόλυτος,
2763 873 3174 944 Κασσανδρεῖς,
3247 877 3434 944 Λάϊος,

1850 966 2244 1037 Μαραθώνιοι,
2273 967 2569 1028 Ναύπλιος,
2612 965 2868 1030 Οἰδίπους
2929 966 2996 1032 α’,
3046 966 3111 1037 β’.
3144 969 3436 1038 Ὀρψανὸς,

1853 1062 2107 1125 Πενθεὺς,
2161 1059 2475 1123 Πελοπίδαι,
2507 1058 2812 1130 Σύμμαχοι,
2839 1061 3165 1131 Τηλέγονος,
3192 1050 3440 1134 Χρύσιπξ

1852 1173 1970 1217 mg.
2028 1155 2102 1209 Ex
2157 1155 2241 1211 his
2305 1153 2601 1223 Nanplium
2651 1154 2997 1210 emendatum
3047 1159 3286 1212 secunda
3325 1156 3439 1213 vice

1853 1251 2051 1304 iterum
2087 1250 2137 1301 in
2182 1263 2344 1303 scena
2383 1249 2653 1304 exhibuit.
2694 1247 2921 1328 Scripsit
2969 1259 3023 1305 et
3058 1252 3438 1319 Alexandrum,

1854 1356 2045 1410 poema
2079 1339 2400 1400 obscurum.

1931 1432 2230 1504 Lycurgus,
2263 1432 2592 1504 Spartanus,
2627 1450 2657 1490 a
2705 1435 2958 1492 Patrocle
2989 1455 3160 1507 genus
3205 1441 3436 1502 ducens.

1858 1526 2150 1594 legislator,
2188 1541 2348 1595 quem
2402 1529 2556 1581 aiunt
2615 1543 2643 1580 a
2707 1527 2887 1594 Creta,
2920 1529 3003 1584 vel
3055 1531 3122 1583 ab
3181 1529 3299 1600 ipso
3331 1531 3440 1588 Deo

1853 1617 2145 1685 (Apolline)
2174 1618 2317 1686 leges
2354 1632 2482 1672 suas
2515 1619 2816 1688 accepisse.
2849 1618 2947 1675 Hic
2997 1636 3024 1676 a
3071 1619 3262 1689 Pythia
3299 1625 3438 1682 Deus

1852 1711 2154 1777 appellatus
2187 1718 2291 1772 est,
2324 1719 2429 1764 etc.
2482 1709 2656 1784 Natus
2710 1709 2814 1766 fuit
2849 1720 3042 1768 octavo
3081 1723 3206 1783 post
3245 1713 3440 1784 Troja-

1859 1813 1987 1850 num
2016 1797 2213 1852 bellum
2240 1815 2406 1864 anno,
2428 1810 2655 1868 patruus
2687 1798 2948 1867 Charilai,
2977 1803 3233 1873 Spartani
3261 1806 3439 1874 regis:

1851 875 2005 944 κλης,

174 1875 647 1970 sceleratissimus.
687 1905 1051 1972 Quamobrem
1108 1913 1160 1956 et
1214 1903 1266 1955 in
1305 1901 1406 1957 hac
1435 1902 1539 1955 vita
1578 1900 1758 1970 justas

1868 1890 2090 1945 Eunomi
2135 1891 2321 1946 frater.
2375 1892 2663 1961 Spartanis
2718 1894 3003 1963 imperavit
3051 1913 3225 1952 annos
3278 1897 3440 1964 XLII,

174 2005 377 2065 furoris
409 2005 493 2058 sui
548 2017 736 2071 pennas
770 1999 934 2062 dedit,
963 2005 1015 2050 et
1067 1996 1120 2050 in
1160 1994 1343 2051 futura
1399 1994 1536 2064 ignis
1565 1992 1756 2048 interni

172 2113 294 2151 tum
328 2097 526 2149 Sataua
565 2097 735 2158 haeres
764 2092 885 2144 erit.

248 2189 542 2249 Lucianus,
577 2193 802 2253 martyr,
845 2183 926 2233 vir
975 2179 1192 2243 nobilis,
1226 2179 1397 2248 prima
1433 2186 1590 2235 astate
1649 2177 1758 2231 δῖαν

172 2280 329 2340 carri,
361 2291 638 2331 sacrorum
680 2273 966 2327 Librorum
997 2271 1331 2340 interpretis,
1362 2271 1760 2326 consuetudine

175 2372 391 2425 Edessa:
420 2385 570 2431 usus,
607 2366 804 2421 deinde
847 2363 912 2418 ad
951 2365 1115 2418 vitam
1165 2365 1465 2418 solitariam
1515 2366 1759 2418 animum

173 2462 391 2530 adjecit.
415 2460 492 2513 Ad
535 2456 897 2512 sai-erdotium
933 2456 1058 2510 hinc
1083 2457 1371 2525 processit,
1397 2465 1451 2509 et
1480 2456 1763 2524 presbyter

172 2550 477 2603 Antivchia:
516 2547 688 2602 factus
734 2561 985 2616 magnam
1047 2545 1290 2598 scholam
1350 2543 1458 2598 illic
1506 2545 1760 2598 instituit.

174 2643 275 2693 llic
307 2655 429 2693 cum
467 2635 962 2701 animadvertisset,
1013 2634 1068 2688 in
1127 2649 1314 2688 sacros
1359 2634 1529 2688 libros
1593 2637 1760 2688 multa

175 2729 482 2784 adulterina
512 2729 816 2798 irrepsisse,
859 2735 969 2780 tum
1002 2727 1161 2795 longo
1191 2736 1436 2795 tempore
1482 2735 1533 2779 et
1563 2730 1758 2780 cretea

175 2823 627 2890 transeriptione,
666 2829 777 2873 tum
808 2819 947 2888 quod
988 2817 1195 2888 profani
1242 2819 1462 2887 quidam
1512 2818 1760 2871 homines

176 2926 489 2984 po-t‘ve;l't'c
544 2913 801 2966 nonnulla
850 2912 966 2965 ausi
1019 2919 1225 2975 essent,
1285 2913 1399 2978 ipse
1457 2925 1649 2965 omnes
1697 2927 1763 2966 ex

177 3011 362 3075 lingu.
396 3007 680 3066 llcbraica,
713 3019 876 3073 quam
923 3009 1177 3055 accurate
1221 3001 1474 3064 callebat,
1520 3001 1573 3054 in
1623 3003 1762 3056 inte-

175 3115 336 3168 grum
401 3098 657 3161 restituit,
708 3095 1108 3164 plurimuunpte
1164 3094 1403 3146 laborem
1466 3093 1518 3146 in
1570 3108 1759 3146 eorum

175 3191 619 3247 emendationem
655 3188 911 3254 contulit,
943 3198 1046 3241 etc.
1086 3186 1350 3256 Epistolas
1384 3186 1544 3241 etiam
1574 3185 1760 3244 edidit.
1793 3219 1833 3275 ε

177 3287 371 3353 unique
421 3285 926 3354 pl'il’SlnIIliabiIIIIIS,
962 3298 1023 3336 ex
1077 3282 1276 3350 quibus
1321 3280 1476 3332 facile
1525 3290 1758 3343 coostat,

175 3380 357 3449 qttaiis
395 3376 559 3431 fuerit
592 3378 689 3428 \iri
723 3377 882 3444 hujus
913 3376 976 3428 de
1025 3376 1182 3427 rebus
1223 3373 1422 3427 divinis
1465 3374 1758 3427 sententia.

180 3472 502 3541 Martyrium
536 3470 668 3523 obiit
695 3467 1026 3537 Nicomedia:
1062 3466 1112 3518 in
1150 3465 1401 3535 Bithynia
1455 3465 1556 3519 sub
1599 3465 1782 3518 Marti--

180 3564 387 3616 miano.

253 3653 459 3705 Lucius
504 3650 736 3704 Catilina
782 3649 1124 3704 teterrimum
1170 3647 1380 3702 facinus
1421 3662 1607 3712 ausus,
1656 3658 1759 3701 etc.

177 3744 284 3799 Sed
316 3744 526 3809 Cicero,
565 3743 643 3798 vir
674 3743 938 3810 singulari
993 3741 1304 3811 eloquentia
1353 3751 1405 3794 et
1459 3742 1509 3793 in
1573 3745 1764 3810 depre-

179 3836 486 3890 hcudendis
517 3835 761 3888 consiliis
794 3849 899 3887 non
936 3832 1196 3886 mediocri
1232 3833 1450 3886 solertia
1485 3834 1762 3901 praeditus,

180 3938 446 3996 prieteri-a
490 3928 542 3978 in
575 3929 733 3978 rebus
763 3926 932 3978 multo
965 3935 1087 3978 ante
1133 3923 1527 3994 prospiciendis
1562 3924 1767 3980 aeutis-

181 4019 361 4071 simus
424 4031 549 4071 cum
613 4017 729 4084 ejus
788 4015 1223 4085 conjurationem
1273 4013 1638 4084 patefecisset,
1673 4019 1766 4069 ho—

181 4121 433 4180 additque
482 4111 558 4178 (in
620 4111 833 4177 senatu)
880 4109 1052 4177 ipsum
1095 4107 1443 4172 declarasset,
1475 4107 1616 4161 ljrhe
1672 4126 1764 4162 ex-

186 4202 342 4267 ιιιιιὶι.

257 4287 561 4357 LttpCt‘t‘Us,
598 4289 864 4359 licrytius,
895 4287 1304 4357 grammaticus,
1332 4289 1422 4357 qui
1451 4290 1610 4358 paqu
1643 4298 1767 4341 ante

183 4393 436 4449 t--mpora
489 4382 697 4434 Claudii
756 4383 979 4434 secundi
1042 4379 1174 4446 imp.
1229 4380 1378 4434 vith.
1416 4380 1644 4448 Scripsit
1688 4381 1766 4435 De

181 4474 456 4540 particula
480 4473 544 4525 ἄν
571 4473 730 4525 libros
757 4471 872 4530 111,
909 4471 979 4522 De
1002 4489 1198 4540 pavone
1217 4469 1326 4536 ;De
1356 4471 1567 4539 squilla,
1591 4472 1764 4540 pisce;

1866 2002 1974 2055 quo
2028 1985 2190 2039 etiam
2247 1996 2492 2055 tempore
2547 1989 2692 2056 leges
2752 1988 2894 2052 tulit,
2927 2003 3050 2044 cum
3103 2000 3247 2045 tutor
3295 2001 3442 2048 esset

1867 2078 2048 2132 fratris
2078 2078 2190 2135 filii,
2219 2077 2310 2146 qui
2355 2079 2468 2146 ipse
2490 2094 2708 2148 quoque
2758 2082 3002 2150 regnavit
3047 2097 3216 2137 annos
3253 2082 3440 2142 XVIII.

1864 2180 1917 2223 Il
1949 2181 2069 2239 post
2097 2187 2218 2225 cum
2250 2170 2520 2224 Nicander
2550 2186 2723 2226 annos
2747 2171 2977 2228 XLVIII.
3015 2173 3245 2245 Scripsit
3276 2175 3442 2248 leges.

1938 2263 2218 2333 Lycurgus
2285 2261 2663 2334 Lycophronis
2709 2264 2792 2331 ἢ,
2828 2267 3202 2335 Atheniensis,
3245 2287 3446 2341 genere

1869 2352 2250 2422 Eeoliutades,
2319 2371 2462 2410 unus
2505 2371 2568 2410 ex
2625 2359 2808 2411 decem
2858 2363 3189 2430 oratoribus,
3246 2366 3447 2435 quibus

1871 2447 1921 2498 Ι).
1948 2449 2261 2514 inusthenes
2292 2450 2456 2502 etiam
2491 2460 2836 2504 acernsetnr.
2880 2450 2997 2515 IIie,
3034 2454 3140 2508 vita
3187 2456 3305 2511 sine
3335 2457 3446 2512 cri-

1870 2540 2013 2594 mine
2071 2549 2369 2604 trnnSatta,
2433 2543 2624 2596 morbo
2699 2544 2954 2612 (Ιυουεδίῑ,
3015 2548 3218 2604 t'eiictis
3299 2550 3443 2617 ﬁliis,

1866 2646 2002 2696 quos
2037 2629 2452 2697 Demosthenes,
2495 2641 2686 2685 orator
2737 2636 2914 2697 exsul,
2956 2636 3248 2693 calumniis
3287 2655 3449 2697 vexa-

1869 2732 1950 2774 tos
2012 2724 2258 2776 oratione
2325 2722 2590 2779 defendit.
2643 2726 2908 2783 Genuitne
2975 2733 3252 2788 orationes
3305 2709 3446 2804 ejus.

1869 2815 2180 2883 qna‘adhue
2198 2825 2411 2870 exstant
2431 2817 2563 2887 (80),
2594 2829 2720 2874 sunt
2750 2821 2893 2876 istae:
2917 2822 3112 2878 Contra
3133 2826 3448 2899 Aristogito-

1867 2925 2014 2974 nem;
2045 2907 2241 2963 Contra
2274 2912 2630 2982 Autolycnnt;
2659 2913 2857 2969 Contra
2884 2915 3220 2986 Leocratem;
3252 2921 3449 2978 Contra

1868 2998 2258 3070 Lycophronem
2311 3005 2467 3068 dum;
2500 3004 2697 3059 Contra
2757 3007 3057 3075 Pasirlem;
3095 3010 3298 3068 Contra
3332 3015 3452 3070 Με-

1868 3093 2196 3158 naelnnum;
2248 3093 2448 3148 Contra
2512 3096 2837 3161 Demadem;
2885 3102 3145 3173 Apologia
3202 3105 3452 3161 adversus

1868 3187 2104 3239 eumdem
2150 3186 2212 3241 de
2263 3187 2481 3244 redditis
2528 3205 2560 3243 a
2615 3208 2669 3247 se
2713 3194 3010 3251 rationibus
3065 3197 3454 3259 administrata:

1877 3282 2037 3345 reip.;
2085 3282 2344 3334 Adversus
2413 3281 2742 3352 Iselryriam;
2809 3288 2952 3357 Πρὸς
3009 3291 3106 3354 τὰς
3167 3296 3448 3373 μαντείας,

1873 3373 2137 3428 Adrersus
2169 3373 2554 3439 divinationes;
2590 3375 2661 3429 De
2687 3377 3154 3436 administratione
3195 3386 3350 3455 reip.;
3379 3386 3452 3442 De

1873 3469 2141 3521 sacerdote
2184 3468 2416 3537 fentinu;
2476 3469 2546 3522 De
2595 3472 2933 3538 sacerdotio;
2970 3473 3223 3544 Epistolo:
3254 3492 3306 3534 et
3346 3483 3450 3536 alia

1872 3556 2140 3624 qutedatn.

1943 3648 2139 3718 Lycus,
2169 3651 2260 3718 qui
2317 3660 2371 3705 et
2425 3651 2691 3709 Batheras
2763 3655 2944 3713 dictus
3009 3668 3113 3728 est,
3144 3661 3449 3736 Rheginus.

1875 3739 2190 3806 historicus,
2245 3751 2400 3813 pater
2438 3744 2769 3818 (adoptione)
2811 3748 3189 3821 Lycophronis
3233 3759 3448 3829 tragici.

1879 3830 2020 3886 Vixit
2078 3837 2180 3888 suh
2233 3836 2522 3894 Alexandri
2580 3839 2650 3897 Μ.
2712 3845 3143 3911 successoi-ibus,
3181 3854 3234 3902 et
3280 3864 3311 3904 a
3348 3850 3452 3909 Dc-

1875 3926 2071 3978 metrio
2130 3925 2392 3984 Phalereo
2441 3932 2653 3988 insidiis
2708 3936 2979 4005 appetitus
3031 3937 3152 3994 fuit.
3217 3941 3450 4012 Scripsit

1877 4015 2170 4075 Historiam
2212 4021 2391 4095 Libyae
2417 4033 2467 4079 et
2506 4025 2724 4083 Sicilire.

1955 4110 2116 4162 Λυδοὶ
2144 4113 2456 4183 Μάγνητος,
2495 4118 2682 4173 drama
2717 4117 3007 4193 Magnetis,
3041 4129 3261 4193 comici,
3295 4129 3452 4200 Lydi,

1877 4201 1944 4253 ab
1997 4217 2062 4255 eo
2126 4206 2472 4261 emendatum
2542 4211 2722 4266 denuo
2797 4215 2849 4267 in
2923 4231 3084 4270 scena
3147 4221 3450 4276 exhibitura

1876 4290 1996 4347 fuit.

1957 4386 2240 4468 Lynceus,
2295 4393 2548 4458 Samius,
2602 4399 3021 4466 grammaticus,
3081 4401 3450 4476 Theophrasti

1877 4477 2194 4550 discipulus,
2247 4484 2410 4538 frater
2462 4485 2680 4543 Duridis
2740 4490 3008 4557 historici,
3055 4496 3148 4565 qui
3189 4507 3240 4551 et
3303 4497 3453 4554 Sami

190 4569 262 4619 Ite
322 4567 465 4636 gallo
523 4567 661 4627 apud
715 4567 1009 4622 Platonem.
1086 4569 1296 4632 Κτίσιν,
1352 4570 1464 4623 sive
1529 4567 1768 4637 Origines
1800 4571 2137 4642 Dtyranttus
2173 4574 2293 4640 fuit,
2324 4576 2602 4632 Menandri
2651 4582 2843 4636 comici
2891 4587 3139 4658 aequalis.
3185 4605 3346 4658 quem
3398 4591 3452 4646 in

186 4661 452 4710 Arsinoeti
485 4661 536 4710 in
563 4656 824 4728 ligypto;
866 4659 1125 4713 Vocabula
1149 4663 1362 4725 Attica;
1394 4665 1570 4716 Artem
1601 4677 1778 4730 gram-

187 4766 276 4800 nm
306 4750 441 4799 icant
482 4748 601 4810 ;De
683 4749 952 4818 generibus
1030 4752 1356 4818 masculinis,
1412 4751 1677 4820 femininis
1727 4759 1776 4804 et

186 4841 394 4892 neutris
437 4842 596 4892 libros
624 4837 797 4900 ΧΗΙ,
838 4841 889 4892 iu
937 4842 1136 4909 quibus
1175 4843 1342 4896 multa
1379 4845 1577 4897 rectius
1611 4842 1777 4896 tradit

185 4948 354 5001 quam
393 4929 752 4985 Herodianus.

259 5025 449 5099 L}'-'is,
488 5023 578 5093 qui
620 5032 674 5077 et
721 5023 917 5094 Lycus,
968 5027 1033 5076 ab
1079 5025 1459 5094 Aristophane,
1506 5034 1560 5077 ut
1618 5036 1773 5092 poeta

188 5121 444 5192 frigidus,
472 5117 870 5188 persu‘iugitur.
903 5115 1264 5186 Phrynichus,
1303 5115 1460 5188 Lyeis
1510 5127 1559 5169 et
1622 5118 1774 5169 Ami-

189 5218 341 5281 psias
373 5221 484 5265 tres
517 5209 708 5264 comici
752 5207 1090 5261 habebantur
1111 5207 1419 5276 subfrigidi.
1447 5205 1775 5274 Phrynichus

190 5307 238 5357 in
269 5303 558 5358 eontmdiis
603 5301 878 5355 auditores
909 5303 1232 5368 plerumque
1283 5299 1436 5351 tardio
1488 5297 1772 5352 afficiebat.

192 5403 336 5455 Idem
373 5416 400 5452 a
432 5398 656 5453 comicis
697 5398 856 5450 etiam
904 5394 1383 5465 perstringebatur,
1428 5404 1485 5446 ut
1533 5393 1777 5462 peregri-

196 5510 297 5546 nus
325 5492 395 5545 ob
432 5491 571 5544 mala
603 5499 849 5558 poemata
911 5497 965 5541 et
1022 5486 1116 5555 qui
1177 5501 1207 5538 a
1263 5485 1540 5554 proposito
1601 5493 1777 5537 auena

195 5587 424 5646 diceret,
457 5591 510 5634 et
531 5580 743 5635 insuavi
787 5590 959 5641 metro
1009 5578 1062 5631 in
1107 5577 1444 5631 carminibus
1477 5575 1777 5630 scribendis

199 5685 466 5727 uteretur.
503 5669 747 5724 Fuerunt
782 5679 831 5722 et
857 5668 946 5720 alii
986 5676 1098 5721 tres
1129 5665 1439 5730 Phrvniebi.

275 5856 385 5909 (Sui
421 5853 493 5906 De
531 5851 710 5902 Sttitlze
742 5849 1076 5913 ten-poribus
1105 5846 1358 5913 intelligo.

371 5916 378 5921 ρ
526 5945 793 6004 Pauor.
831 5944 942 6002 tiu.
978 5937 1183 5996 CXVII

1881 4666 2358 4724 commissionibus
2414 4671 2717 4726 dramatum
2780 4675 2926 4730 vieit.
2996 4675 3057 4730 ν.
3111 4677 3327 4736 Kuster.
3386 4682 3452 4747 II,

1879 4757 2159 4825 pag.465.

1959 4848 2173 4920 Lysias,
2223 4855 2446 4924 Cephali
2512 4857 2677 4923 filius,
2715 4858 3120 4932 Syracusauu-,
3154 4866 3456 4937 discipulus

1883 4939 2042 4996 Tisia:
2057 4955 2107 4997 ct
2132 4943 2313 5009 Nisiaz,
2351 4964 2491 5002 unus
2513 4968 2577 5004 ex
2605 4951 2790 5007 decem
2829 4957 3342 5015 oratoribusNatus
3371 4973 3454 5018 est

1879 5033 2127 5098 Athenis,
2181 5052 2289 5104 quo
2349 5052 2501 5107 pater
2563 5044 2908 5111 migraverat,
2976 5048 3232 5119 idemque
3304 5067 3450 5106 anno

1879 5125 2050 5176 anatis
2094 5127 2304 5181 decimo
2353 5131 2544 5199 quinto
2574 5149 2698 5187 cum
2745 5136 2961 5191 duobus
2997 5137 3259 5195 fratribus
3303 5142 3452 5200 'I‘hu-

1883 5217 1990 5269 rios
2043 5219 2095 5270 in
2144 5220 2414 5276 coloniam
2456 5225 2732 5292 profectus
2773 5239 2876 5283 est.
2905 5229 3097 5286 Postea
3148 5248 3295 5298 vero,
3329 5250 3450 5289 cum

1882 5311 2126 5377 paztibus
2162 5313 2572 5370 Atheniensium
2618 5320 2776 5375 nimis
2809 5323 3069 5387 studeret,
3109 5325 3230 5378 inde
3264 5326 3453 5394 pulsus

1879 5402 2118 5455 Athenas
2171 5405 2326 5457 rediit
2366 5422 2509 5461 anno
2547 5411 2720 5463 mtatis
2771 5407 2974 5465 XLVII.
3009 5411 3290 5467 Orationes
3337 5415 3455 5483 ejus

1880 5496 2128 5562 genuina:
2189 5499 2542 5564 perhibentur
2600 5516 2720 5554 esse
2781 5503 2918 5556 ultra
2981 5503 3130 5570 CCC,
3173 5519 3227 5558 et
3260 5518 3456 5574 praeter

1879 5603 1970 5641 cas
2011 5589 2144 5651 alue,
2180 5592 2244 5642 de
2286 5591 2484 5659 quibus
2529 5595 2841 5665 ambigitur.
2888 5596 3150 5652 Dictionis
3191 5600 3311 5667 ejus
3354 5613 3458 5669 pu-

1883 5683 2091 5734 ritatem
2128 5699 2281 5735 nemo
2315 5685 2555 5739 imitatus
2599 5696 2679 5741 est
2727 5698 2917 5756 praeter
2952 5691 3262 5744 Isocratem.
3302 5688 3455 5745 Scri-

3014 5927 3086 5992 41
