4182 6526
209 407 226 469 1
239 411 339 473 293

1443 407 1540 465 DE
1582 408 1709 477 QUI
1728 408 1766 466 Β
1911 410 2004 467 ξιὶῖ
2018 413 2034 466 l
2050 411 2204 468 ΒΑΗ.

3338 414 3470 480 1296.

202 524 409 577 (ἱιίειίιι.
451 524 504 576 ln
538 520 814 576 Persidem
845 528 1024 572 autem
1057 519 1338 588 ingressus
1378 535 1441 572 ex
1485 518 1694 588 virgine
1724 533 1782 572 se
1810 523 1862 578 A
1960 519 2177 578 Marcus
2203 523 2529 588 Antoninus,
2570 522 2941 576 Romanorum
2970 525 3099 594 imp.
3135 526 3282 580 omni
3315 527 3474 582 lauda

203 625 388 669 natum
443 630 563 669 esse
621 613 839 668 dicebat
895 620 948 665 et
1010 611 1062 664 in
1132 611 1410 665 montibus
1467 611 1778 665 educatum.

199 707 512 774 Quinetiam
568 706 897 774 conscriptis
954 713 1191 772 quatuor
1243 705 1395 758 libris
1428 703 1538 773 (85)
1581 719 1752 758 unum

197 815 388 853 eorum
411 799 626 854 vocavit
653 798 1055 868 Mysteriorum,
1079 796 1378 850 secundum
1412 794 1781 864 Evangelium,

196 894 417 948 tertium
474 892 796 947 Tlicsaurum
833 891 972 960 (84),
1006 900 1262 960 quartum
1302 889 1569 956 Capitum.
1607 890 1784 958 Atque

197 983 416 1039 Buddas
453 986 672 1054 quidem
727 986 849 1051 iste,
901 984 968 1037 ab
1005 985 1218 1053 impuro
1248 985 1377 1052 spirt
1428 999 1440 1036 ι
1489 984 1781 1046 contritus,

197 1078 426 1132 interiit.
465 1077 659 1133 Mulier
707 1094 836 1132 vero
869 1077 1010 1147 apud
1037 1093 1196 1146 quam
1231 1076 1612 1131 diversaliatur
1641 1077 1782 1132 bona

194 1172 319 1240 ejus
369 1183 424 1224 et
474 1172 734 1241 profanos
789 1170 956 1224 libros
1017 1186 1112 1239 per
1168 1170 1537 1224 haereditatcm
1591 1169 1782 1239 adepta

195 1279 426 1332 puerum
477 1275 794 1332 septennem
838 1264 971 1317 emit
1015 1263 1237 1316 nomine
1267 1263 1583 1328 Cubricum,
1618 1278 1781 1332 quem

195 1358 406 1410 litteras
445 1357 634 1412 docuit
666 1367 720 1411 et
755 1357 1080 1413 manumisit
1117 1357 1495 1422 heredemque
1524 1356 1778 1410 instituit.

192 1447 294 1503 llic
330 1451 380 1502 in
410 1448 632 1505 Perside
669 1450 879 1504 lllanem
914 1465 973 1506 se
1015 1449 1248 1514 voravit,
1291 1459 1342 1503 et
1375 1449 1570 1503 Buddae
1615 1450 1782 1503 libros

197 1544 502 1596 venditavit
533 1558 629 1612 pro
660 1543 796 1596 suis.
834 1541 968 1595 Eum
1007 1558 1098 1595 rex
1142 1540 1431 1596 Persarum
1467 1542 1648 1596 vivum
1686 1557 1781 1595 cx-

188 1634 447 1695 cmiavit,
487 1637 631 1704 quod
666 1635 775 1688 lilio
820 1635 993 1703 ipsius
1035 1649 1197 1689 (ausa
1238 1635 1429 1689 mortis
1458 1634 1776 1690 exstitisset.

187 1727 292 1781 Hic
325 1726 508 1780 Manes
553 1727 718 1781 νίςῑυε
745 1727 896 1779 Test.
931 1727 1140 1795 rejccit,
1171 1727 1384 1781 Novum
1425 1736 1480 1780 ut
1521 1727 1648 1781 boni
1687 1728 1777 1783 Dci

185 1818 446 1880 admisit,
488 1829 593 1872 etc.
652 1818 854 1872 l’aulus
920 1820 1186 1888 quidam,
1245 1817 1475 1873 Manetis
1528 1821 1775 1889 a'qualis,

1890 611 2089 681 dignus
2123 613 2504 682 philosophus,
2552 615 2642 681 qui
2687 624 2800 667 tum
2853 615 3013 680 alios,
3050 624 3162 672 tum
3197 628 3472 686 postremo

1892 700 2143 767 Sextum,
2175 703 2584 774 philosophum,
2623 719 2653 758 c
2689 703 2898 760 Bmotia
2929 706 3245 773 oriundum,
3289 705 3476 763 Romae

1889 793 2116 859 audivit,
2178 795 2370 849 crebro
2416 797 2482 852 ad
2539 811 2662 851 eum
2715 796 3009 862 ventitans,
3058 800 3312 869 mdesque
3351 801 3474 870 ejus

1889 886 2265 958 frequentans.
2326 887 2462 942 Eum
2516 889 2680 959 igitur
2728 887 2931 944 Lucius
2982 890 3228 959 quidam,
3266 892 3470 958 rhetor,

1889 978 2141 1044 llcrodis,
2175 981 2416 1036 rhetoris
2442 981 2814 1046 Atheniensis,
2845 981 3170 1053 discipulus,
3198 983 3473 1053 prodeun-

1891 1085 1996 1127 tem
2055 1074 2435 1143 interrogavit,
2477 1088 2715 1144 quonam
2771 1077 2904 1139 iret,
2962 1084 3014 1130 et
3063 1075 3222 1147 cujus
3269 1077 3468 1146 negotii

1888 1183 2090 1232 causa;
2139 1169 2226 1223 cui
2273 1168 2536 1224 Marcus:
2575 1168 2756 1222 Etiam
2786 1170 2918 1233 seni,
2960 1171 3158 1240 inquit,
3220 1169 3470 1225 decorum

1884 1269 1960 1314 est
2004 1261 2225 1314 discere.
2268 1261 2344 1314 Eo
2401 1263 2560 1332 igitur
2603 1262 2672 1315 ad
2703 1262 2944 1325 Sextum,
2986 1261 3373 1332 philosOpltum,
3409 1274 3467 1318 ut

1884 1353 2086 1406 discam
2113 1369 2172 1405 ea
2196 1370 2312 1422 qum
2343 1353 2570 1406 nondum
2605 1355 2731 1407 scio.
2768 1352 2905 1407 Tum
2956 1353 3177 1419 Lucius,
3212 1371 3374 1411 manu
3412 1357 3466 1412 in

1884 1447 2084 1499 caelum
2137 1447 2348 1501 sublata
2389 1446 2477 1500 :0
2525 1447 2626 1511 sol,
2676 1447 2868 1517 inquit,
2929 1446 3292 1500 Romanorum
3337 1450 3464 1517 imp.

1873 1539 1996 1605 jam
2053 1553 2229 1596 senea',
2289 1548 2500 1604 sumpta
2554 1538 2772 1601 tabella,
2814 1539 3045 1592 dcctoris
3097 1541 3311 1594 domum
3360 1542 3470 1598 fre-

1881 1639 2142 1698 quentat;
2195 1647 2284 1683 rea:
2343 1647 2460 1683 vero
2512 1648 2678 1695 meus,
2733 1632 3052 1694 Alexander,
3107 1649 3244 1685 anno
3295 1636 3472 1688 celatis

1884 1721 2106 1776 XXXII
2151 1725 2300 1778 obiit.
2336 1725 2563 1792 Scripsit
2615 1724 2688 1777 Dc
2720 1727 2827 1780 rita
2873 1742 2992 1792 sua,
3032 1724 3138 1777 Τοῦ
3175 1725 3307 1779 ἰδίου
3351 1726 3467 1795 βίω

1882 1817 2179 1887 διαγωγὴν,
2205 1818 2370 1872 libros
2411 1816 2604 1870 XXII.
2643 1817 2776 1871 Eum
2818 1816 3036 1872 facilius
3068 1829 3152 1872 est
3185 1818 3468 1880 admirari,

186 1910 493 1963 Antiochia:
547 1925 757 1980 magna:
801 1911 1096 1979 episcopus
1125 1949 1137 1972 ,
1222 1909 1508 1964 Dominum
1574 1913 1774 1965 nudum
1809 1882 1855 1942 Β
1885 1926 2050 1978 quam
2087 1911 2328 1972 laudare,
2376 1910 2522 1978 quod
2569 1909 2740 1964 oratio
2778 1911 2921 1965 nulla
2960 1911 3127 1977 hujus
3164 1912 3259 1965 viri
3298 1914 3468 1965 virtu-

189 2001 464 2055 hmninem
519 2018 638 2056 esse
683 2001 840 2066 dixit,
895 2011 955 2056 ut
1008 2019 1177 2057 unum
1229 2004 1291 2058 de
1339 2005 1640 2074 prophetis.
1698 2006 1779 2058 Ab

190 2094 298 2146 hoc
341 2092 610 2148 Pauiiani.
1468 2163 1477 2172 .

265 2186 658 2250 Marcellinus,
723 2190 812 2256 qui
891 2189 1255 2258 psim-ipatum
1317 2189 1487 2241 teunit
1549 2190 1776 2246 liberum

191 2279 483 2332 Dalmatiae
512 2291 562 2332 ist
596 2280 928 2350 lllyiioium,
965 2280 1015 2332 in
1049 2278 1212 2349 Epiro
1250 2281 1632 2346 habitantimn,
1669 2285 1778 2338 lio-

185 2373 369 2426 manis
399 2373 704 2442 disciplinis
739 2374 1027 2428 institutus
1070 2373 1533 2444 dhinatimrisque
1565 2378 1780 2445 pa-ritis-

183 2465 363 2518 simus
392 2476 436 2518 et
468 2467 796 2522 eruditionis
833 2466 1275 2522 amantissimus.
1328 2468 1460 2521 lluic
1497 2467 1780 2523 familiaris

183 2557 290 2611 fuit
339 2556 632 2624 Salustius,
671 2560 1051 2629 piliiUSOpilUS.

262 2650 574 2717 Marci-llus,
610 2654 870 2722 magister
911 2653 1126 2705 Al‘Cntiii
1178 2655 1310 2722 imp.
1363 2652 1617 2707 omnibus
1666 2654 1776 2703 vir-

186 2746 400 2800 tutibus
433 2758 664 2800 Ornatus
700 2749 780 2801 vel
818 2748 999 2817 potius
1030 2749 1196 2818 ἀρετή
1245 2766 1328 2811 τις
1376 2748 1636 2818 ἔμ’ξιυχος,
1673 2750 1778 2801 uir-

184 2846 272 2890 tus
305 2838 543 2904 qua'dam
573 2839 834 2893 animata.

258 2928 567 2992 Marcellus,
602 2932 989 3000 Pergamenus,
1026 2941 1234 2996 orator,
1281 2931 1500 3000 scripsit
1554 2932 1776 2995 librum.

181 3021 476 3084 Adrianus,
522 3023 636 3076 sive
670 3022 742 3076 De
778 3040 955 3092 regno.

261 3113 571 3178 Marcellus,
631 3115 862 3177 Sidetes,
912 3117 1175 3179 medicus,
1222 3117 1324 3170 sub
1375 3115 1442 3169 ill.
1479 3117 1772 3171 Antonino.

185 3204 288 3258 Hic
322 3206 540 3275 scripsit
584 3207 832 3260 versibus
879 3207 1114 3261 heroicis
1158 3207 1226 3260 De
1269 3225 1320 3261 re
1367 3211 1572 3261 medica
1610 3210 1771 3263 libros
1801 3238 1844 3295 ρ

179 3297 374 3358 XLII,
439 3301 487 3350 in
546 3300 743 3366 quibus
797 3301 956 3352 ctiam
1003 3301 1069 3352 de
1122 3300 1312 3351 morbo
1364 3300 1552 3368 lupino
1595 3303 1770 3356 homi-

181 3407 315 3444 num
366 3391 479 3442 sive
531 3390 926 3459 lvcantliropia.
983 3390 1140 3444 Conf.
1189 3390 1408 3444 Kusteri
1452 3403 1567 3445 not.
1621 3398 1673 3458 8,
1710 3394 1769 3461 ll,

181 3496 308 3551 pag.
353 3480 475 3532 498.

253 3571 567 3631 Marci-llus,
603 3572 710 3624 dux
770 3571 1003 3624 militum
1057 3571 1158 3624 sub
1205 3572 1528 3637 Commodo,
1575 3584 1632 3627 ut
1678 3591 1772 3643 per

185 3673 360 3716 totam
417 3673 629 3717 noctem
683 3663 908 3731 vigilare
941 3663 1236 3727 videretur,
1269 3665 1512 3732 quotidie
1543 3667 1645 3720 sub
1681 3682 1772 3719 ve-

182 3771 404 3825 speram
472 3757 857 3821 praescribebat
928 3756 1216 3808 duodecim
1279 3757 1502 3810 tabellas
1565 3757 1771 3812 δώδεκα

182 3852 543 3919 γραμματεὶα
581 3843 732 3916 οἷάγε
789 3851 852 3900 ἐκ
897 3848 1130 3917 ςιὶώρας
1163 3850 1419 3912 ποιεῖται,
1471 3865 1771 3920 earumque

182 3944 325 4010 alias
363 3943 482 3995 aliis
538 3943 686 3995 horis
724 3941 790 3993 ad
828 3942 1075 3994 diversos
1117 3939 1340 4009 perferri
1376 3942 1624 4001 curabat,
1660 3954 1766 3998 etc.

256 4033 606 4099 Marcianus,
657 4030 899 4085 Valentis
951 4033 1110 4100 imp.,
1161 4041 1212 4084 et
1251 4031 1484 4100 Angelii,
1526 4033 1768 4102 episcopi

180 4126 349 4180 CPol.
396 4135 641 4196 tempore
684 4126 839 4188 vixit,
896 4125 979 4177 vir
1010 4127 1213 4185 clarus,
1257 4125 1349 4193 qni
1395 4124 1524 4177 olim
1578 4126 1628 4178 in
1675 4143 1769 4196 pa-

183 4221 319 4273 latio
381 4220 727 4281 militaverat,
788 4228 916 4271 tunc
968 4218 1251 4286 presbyter
1301 4217 1545 4270 ceclesia‘,
1589 4218 1767 4272 Nova-

181 4317 484 4377 tianorum,
534 4313 904 4375 Anastasiam,
940 4309 1287 4378 imperatoris
1332 4310 1496 4362 tiliam
1584 4327 1766 4380 gram-

183 4407 440 4460 maticam
472 4403 678 4458 docuit.

259 4498 594 4554 Marcianus.
649 4496 935 4551 familiaris
988 4495 1258 4558 Musonio,
1312 4493 1652 4566 Pamphylio,
1688 4497 1766 4550 \ir

183 4594 250 4646 ad
287 4606 504 4644 omnem
557 4590 810 4643 virtutem
863 4590 1035 4643 instar
1087 4589 1288 4657 regula:
1333 4598 1577 4642 exactus.
1612 4587 1768 4643 Viros
1800 4583 1846 4638 D

182 4685 330 4737 enim
362 4684 561 4750 proles
591 4683 657 4734 ad
691 4697 750 4735 se
783 4681 1056 4734 alliciebat
1090 4679 1395 4743 Musonius,
1441 4691 1502 4733 ut
1547 4695 1768 4750 magnes

186 4775 415 4836 ferrum,
454 4774 523 4826 ita
575 4781 632 4826 ut
683 4773 729 4826 si
776 4773 900 4842 quis
935 4773 1147 4827 audiret
1195 4773 1431 4842 aliquem
1481 4788 1602 4828 esse
1652 4774 1768 4828 illu-

185 4867 326 4920 sonii
380 4865 640 4927 amicum,
683 4880 806 4918 eum
858 4865 1060 4918 bonum
1096 4865 1272 4918 virum
1314 4879 1470 4930 esse,
1528 4867 1669 4920 scire
1707 4868 1768 4920 li-

183 4967 351 5012 ceret.

257 5053 571 5107 Marcianus
599 5052 700 5106 sub
731 5052 949 5107 Zenone
984 5050 1187 5118 ﬂoruit,
1225 5053 1504 5122 presbyter
1546 5052 1597 5104 in
1643 5066 1767 5106 ora-

185 5149 329 5201 torio
380 5147 623 5200 delectus
669 5146 963 5214 plurimum
1016 5146 1182 5198 valuit
1225 5146 1361 5212 apud
1417 5144 1763 5213 (magistrum

183 5241 492 5294 oﬂiciorum
527 5239 805 5306 Zenonis).
841 5237 1022 5304 Illum,
1057 5239 1338 5308 Epicureis
1373 5237 1584 5305 placitis
1627 5253 1766 5306 quo-

186 5338 315 5390 tidie
361 5337 600 5405 seipsum
644 5351 1040 5406 corrumpens.
1101 5335 1363 5388 mundum
1421 5350 1518 5388 sua
1575 5342 1767 5403 sponte

186 5444 374 5482 natum
409 5445 529 5483 esse
567 5429 816 5493 dicebat,
848 5439 952 5484 etc.

256 5521 526 5586 Marcion,
568 5521 954 5576 lueresiarcha.

255 5729 371 5795 (83)
415 5729 479 5778 :\t
539 5726 576 5780 S
612 5729 888 5797 ythiannm
936 5726 1224 5796 scripsisse
1281 5723 1346 5778 IV
1398 5725 1520 5779 illos
1567 5724 1756 5797 libros,

189 5799 344 5868 docet
378 5795 701 5857 [instet-Ill.
759 5815 876 5868 pag.
912 5795 1196 5863 49l,’not.
1236 5798 1288 5858 4,
1339 5812 1402 5850 ex
1451 5795 1655 5866 Cyrillo
1706 5806 1759 5846 et

188 5867 509 5938 Epiphanio.
545 5869 709 5922 Haut“

1887 2004 2030 2058 tibus
2063 2005 2263 2073 a'qnari
2296 2004 2492 2073 possit,
2527 2014 2633 2057 etc.

1955 2097 2151 2161 Mares,
2208 2098 2570 2150 Chalcedonis
2625 2096 2674 2148 in
2727 2095 2979 2166 Bithynia
3026 2097 3340 2166 episcopus,
3375 2096 3474 2150 Ju-

1883 2190 2110 2254 lianum,
2171 2191 2504 2259 par-alatem,
2556 2187 2811 2243 Fortunae
2861 2188 3231 2244 immolantem
3283 2188 3466 2252 Cl’oli,

1885 2283 2204 2345 illSt‘CltllUS,
2260 2281 2470 2334 \ocavit
2524 2281 2772 2349 impimn,
2835 2289 3165 2350 apostatam,
3220 2282 3466 2338 atheum.

1882 2376 1972 2430 Ille
2027 2376 2089 2428 ad
2146 2373 2371 2430 Mai-cm.
2426 2374 2714 2427 oculorum
2773 2372 3078 2427 sull‘usione
3131 2375 3468 2430 laborantem

1884 2486 1992 2537 pne
2024 2470 2175 2522 senio
2214 2484 2226 2520 :
2269 2466 2446 2536 .‘quue
2481 2475 2598 2518 tuus
2623 2466 2711 2519 ille
2743 2465 2878 2520 Deus
2914 2465 3171 2522 Calilwus
3205 2479 3254 2522 te
3278 2485 3470 2525 sanare

1883 2562 2067 2626 possit.
2102 2560 2200 2612 (Cui
2237 2559 2408 2612 Manes
2440 2578 2453 2614 :
2485 2556 2703 2610 Gratias
2738 2575 2834 2627 ago
2874 2558 2997 2619 Deo,
3052 2559 3143 2629 qui
3189 2576 3267 2612 me
3308 2562 3468 2614 lumi-

1881 2655 2030 2706 nibus
2071 2653 2306 2714 orbavit,
2347 2667 2408 2702 ne
2459 2660 2604 2701 tuum
2650 2651 2851 2702 cultum
2895 2652 3119 2716 uideam,
3171 2653 3260 2719 qui
3307 2654 3465 2706 sicin

1882 2747 2206 2812 impietatem
2255 2743 2535 2812 prolapsus
2585 2760 2662 2796 es.
2713 2741 2966 2797 Julianus
3026 2746 3168 2806 inde,
3222 2747 3465 2814 martyrii

1882 2837 2140 2888 honorem
2171 2833 2504 2889 Christianis
2539 2835 2809 2900 invidens,
2841 2851 2870 2889 a
2899 2834 3220 2890 Diocletiani
3244 2837 3465 2906 quidem

1881 2927 2202 2981 crudelitate
2235 2927 2539 2994 abstinuit;
2573 2938 2628 2980 at
2655 2926 2771 2997 lege
2803 2928 2910 2980 lata
2941 2927 3270 2982 Christianis
3297 2930 3467 2983 inter-

1880 3021 2035 3085 dixit,
2097 3035 2162 3073 ne
2213 3019 2632 3074 humanioribus
2679 3019 2982 3088 disciplinis
3029 3020 3462 3088 instituerentur,

1880 3129 1968 3176 ne,
2019 3112 2064 3164 si
2116 3112 2380 3181 linguam,
2439 3121 2498 3163 ut
2548 3110 2751 3171 aiebat,
2811 3110 3121 3174 acuissent,
3180 3111 3464 3181 gentilium

1882 3205 2130 3259 dialectis
2157 3203 2470 3271 expeditius
2501 3203 2918 3266 responderent.
2970 3201 3074 3256 Per
3109 3204 3288 3257 varias
3319 3214 3463 3260 artes

1879 3298 2044 3349 etiam
2095 3296 2369 3364 persuasit
2419 3295 2773 3365 quibusdam,
2810 3295 2954 3349 inter
2998 3295 3098 3351 hos
3147 3298 3460 3361 Heccbolio,

1879 3390 2157 3458 sepiiistze,
2191 3399 2246 3442 ut
2277 3388 2435 3442 idolis
2463 3388 2834 3440 immolarent.

1951 3480 2226 3550 Margites,
2256 3481 2347 3550 qui
2378 3495 2405 3532 a
2442 3478 2670 3534 comicis
2710 3479 2779 3533 ob
2821 3479 3110 3534 stultitiam
3159 3481 3457 3550 deridetur.

1877 3574 2064 3638 Aiunt,
2116 3590 2240 3626 cum
2305 3573 2447 3626 ultra
2515 3574 2758 3641 quinque
2825 3585 3113 3628 numerare
3183 3589 3292 3630 non
3359 3592 3459 3647 po-

1879 3669 2070 3731 tuisse,
2119 3677 2224 3722 ett'.

1947 3761 2245 3823 Mai-ianus,
2288 3759 2473 3825 Marsi,
2522 3758 2806 3823 causidici,
2845 3757 2939 3828 qui
2988 3747 3158 3813 Roma
3208 3760 3462 3817 Eleuthe-

1876 3855 2084 3923 l‘opolill
2119 3851 2422 3907 Pal:estina3
2455 3852 2644 3922 prima-
2674 3852 2931 3922 oppidmn
2971 3852 3244 3922 migravit,
3293 3856 3457 3922 filius,

1877 3947 2165 4016 prafectus
2200 3947 2354 4001 urbis
2407 3945 2611 4009 Romae,
2664 3944 2993 4007 consularis,
3027 3953 3100 4010 et,
3143 3948 3288 4012 quod
3331 3947 3459 4002 illu-

1875 4039 2046 4091 strius
2069 4047 2170 4103 est,
2196 4037 2463 4106 patricius
2486 4043 2730 4105 tempore
2756 4037 3028 4090 Anastasii
3057 4036 3212 4106 imp.,
3239 4040 3460 4108 scripsit

1874 4129 2237 4194 Metaphrasin
2272 4128 2586 4191 Tltreocriti,
2623 4128 2818 4183 iambis
2865 4127 3034 4193 3150;
3057 4130 3322 4198 Apollonii
3353 4134 3457 4184 Ar-

1873 4223 2297 4288 gonauticorum,
2348 4220 2543 4273 iambis
2599 4219 2772 4282 5608;
2835 4218 3156 4274 Callimachi
3209 4220 3455 4281 Hecales.

1877 4310 2229 4381 "generum,
2283 4312 2580 4364 Causarum
2627 4321 2674 4364 et
2727 4310 3209 4380 Epigrantmatum,
3261 4315 3458 4369 iambis

1874 4406 2054 4470 681ος
2098 4405 2283 4469 Arati,
2311 4404 2506 4458 iambis
2549 4401 2722 4468 “40;
2758 4401 3023 4455 Nicandri
3057 4403 3455 4472 Tlteriacorum,

1874 4498 2067 4552 iambis
2109 4496 2261 4566 1570,
2297 4505 2348 4549 et
2376 4496 2513 4551 alias
2540 4495 2738 4549 multas
2778 4493 3171 4563 metaphrases.

1948 4591 2211 4653 Marinus,
2255 4599 2506 4658 suscepta
2544 4587 2720 4643 Procli
2758 4589 2966 4650 schola,
3007 4603 3132 4642 cum
3168 4588 3456 4652 lsidorum,

1871 4683 2280 4752 philosophum,
2327 4682 2653 4736 instituisset
2703 4680 3049 4734 Aristotelica
3092 4680 3366 4744 doctrina,
3404 4693 3459 4737 et

1868 4776 1914 4830 is
1945 4776 2184 4829 Athenas
2237 4778 2430 4828 iterum
2494 4774 2754 4838 venisset,
2806 4772 3084 4826 communi
3122 4781 3457 4842 praeceptore

1869 4863 2146 4927 defuncto,
2183 4864 2418 4917 ostendit
2451 4865 2497 4917 ei
2533 4862 2801 4930 prolixum
2830 4862 3306 4928 commentarium,
3337 4879 3367 4918 a
3398 4878 3458 4919 so

1869 4956 2239 5023 conscriptum
2285 4955 2338 5006 in
2385 4953 2627 5007 Platonis
2675 4951 2953 5006 Philebum
2984 4969 3003 5006 .'
3039 4953 3135 5008 sed
3181 4953 3268 5008 ille
3319 4953 3454 5009 dixit

1876 5047 2036 5099 ἱκανὰ
2067 5043 2207 5100 εἶναι
2252 5047 2318 5100 τὰ
2365 5046 2456 5099 τοῦ
2487 5046 2830 5108 διδασκάλου,
2868 5046 3115 5113 sufﬁcere
3158 5061 3278 5114 quia
3310 5044 3453 5099 Pro-

1871 5140 1985 5193 clas
2047 5142 2101 5192 in
2175 5141 2324 5194 illum
2356 5139 2629 5207 dialogum
2671 5140 2987 5207 scripsisset.
3032 5137 3226 5196 Statim
3272 5138 3456 5208 itaque

1873 5234 2022 5286 illum
2065 5232 2299 5287 flammis
2330 5232 2496 5285 dedit.
2539 5232 2712 5284 Etiam
2759 5246 2855 5300 per
2884 5231 3095 5285 litteras
3129 5245 3193 5284 ex
3245 5230 3455 5284 Isidoro

1873 5327 2118 5396 quaesivit
2159 5337 2213 5379 ct
2251 5326 2313 5379 ad
2356 5341 2480 5377 cum
2535 5335 2854 5394 argumenta
2892 5324 3062 5388 misit,
3095 5324 3297 5393 quibus
3329 5339 3454 5393 pro-

1871 5419 2042 5480 baret,
2087 5417 2455 5471 Parmeniden:
2496 5417 2739 5472 Platonis
2791 5433 2896 5470 non
2940 5430 3061 5470 esse
3090 5415 3157 5470 de
3190 5415 3317 5482 diis,
3355 5414 3451 5471 sed

1875 5512 2180 5566 deformis.
2240 5512 2343 5564 Scal
2400 5512 2512 5574 ille,
2562 5509 2811 5578 pluribus
2852 5509 3192 5579 argumentis
3241 5507 3452 5565 Marino

1942 5721 2052 5792 (Si)
2083 5719 2406 5792 Θησαυρῶν,
2447 5719 2830 5792 Tliesauroruin
2863 5730 2930 5768 ex
2956 5714 3180 5792 Cirillo,
3206 5712 3450 5786 Epipha-

1872 5773 2048 5848 nioiei
2087 5773 2338 5846 Cédreno
2367 5773 2542 5857 legere
2570 5787 2722 5856 jubet
2750 5787 2966 5841 Kustcr.
3001 5773 3172 5855 Haut,
