4182 6526
198 397 332 460 1301

1446 394 1543 454 DE
1582 393 1867 466 QUIBUS
1907 394 2025 452 SUi
2042 391 2205 451 ΗΑΒ.

3321 388 3476 452 1302

266 507 636 568 Sattsict'ates.
669 510 934 564 comicus.
972 509 1045 561 Es
1076 509 1194 578 ejus
1226 504 1562 560 dramatibus
1593 513 1723 560 sunt
1754 521 1768 557 :
1800 510 1849 566 Α
1878 501 1990 573 (95)
2023 502 2199 556 duxit.
2239 498 2373 553 Nam
2407 499 2551 554 ﬁlius
2585 498 2686 552 fuit
2719 498 2906 554 Cilicis
2944 496 3266 568 (Theodori)
3296 509 3348 554 et
3375 500 3474 554 Sa-

192 602 529 670 Ναὺκ).ηροι,
559 601 756 672 Περσίς
782 602 918 672 (91).

263 692 489 747 Ναυδοη
539 693 827 758 Naucrati,
860 696 926 748 de
975 694 1041 748 iis
1083 693 1174 763 qui
1223 692 1373 760 paria
1423 689 1525 746 sibi
1582 695 1775 742 mutuo

192 789 450 842 reddunt.
485 787 668 842 Genus
701 788 977 843 scribendi
1012 788 1064 841 in
1096 785 1342 857 epistolis
1379 783 1638 839 usitatum
1662 819 1677 844 ,
1717 786 1776 834 ut

195 879 480 950 Pompwus
516 880 780 950 Pompilo.

264 976 610 1042 Ναζωραῖος,
641 975 749 1029 Deo
777 983 965 1044 gratus
990 985 1043 1028 et
1067 980 1443 1033 consecratus,
1476 970 1560 1023 vel
1588 983 1778 1022 mona-

194 1068 358 1122 chus.
420 1067 755 1130 Sciendum,
810 1079 1054 1133 tempore
1105 1065 1347 1129 Claudii,
1401 1061 1775 1116 Romanorum

195 1159 336 1227 itnp.
387 1175 511 1212 cum
558 1158 753 1213 Petrus
798 1159 1080 1228 apostolus
1134 1156 1400 1211 Evodium
1470 1153 1776 1207 Antiochia:

193 1251 595 1320 (episcopum)
632 1261 874 1305 creasset
899 1289 914 1314 ,
948 1251 1100 1315 illos,
1134 1251 1240 1319 qui'
1264 1250 1413 1318 prius
1448 1246 1686 1300 Nazarai
1725 1253 1779 1299 et

193 1342 406 1396 Galiltei
441 1345 802 1408 vocabantur,
837 1343 1137 1412 appellatos
1167 1341 1528 1396 Christianos.

270 1437 567 1501 Manthcs,
601 1435 926 1506 Cyzicenus,
963 1446 1168 1500 orator,
1201 1434 1502 1504 discipulus
1534 1431 1778 1496 Philisci,

190 1527 414 1582 Milesii.

265 1622 568 1685 Nearchus,
586 1622 890 1676 Alexandro
912 1621 1269 1691 expeditionis
1287 1635 1469 1675 comes
1489 1618 1609 1685 fuit,
1628 1628 1680 1673 et
1698 1617 1782 1672 hi-

188 1715 416 1768 storiam
441 1715 506 1766 de
530 1729 595 1767 eo
620 1714 968 1778 conscripsit.
994 1712 1152 1768 Falso
1177 1722 1357 1765 autem
1379 1727 1436 1766 se
1469 1713 1778 1780 pratfcctum

186 1807 386 1861 classis
413 1807 580 1860 fuisse
611 1807 846 1874 scripsit,
879 1822 1004 1858 cum
1032 1807 1367 1875 gubernator
1401 1805 1554 1858 navis
1587 1803 1775 1858 fuerit.

1880 594 2147 650 tnosateni
2185 591 2383 665 (Pauli)
2433 606 2623 662 nepos.
2672 591 2798 646 Post
2839 592 2988 646 hunc
3036 592 3310 662 Eutychos
3376 607 3441 647 ex

1878 690 2038 752 stitit,
2072 697 2180 742 clc.

1948 780 2162 840 Nestor,
2202 779 2588 844 Larandcnsis,
2625 795 2655 833 e
2688 780 2869 851 Lycia,
2900 791 3054 848 poeta
3084 780 3292 850 cpicus,
3319 791 3473 850 pater

1879 881 2052 942 poeta:
2082 869 2355 935 Pisandri,
2394 869 2496 923 fuit
2542 871 2646 925 sub
2700 871 2832 940 imp.
2882 869 3086 925 Severo
3137 870 3472 940 scripsitque

1877 964 2106 1018 Iliadem
2156 953 2661 1034 λειτέογράμματον,
2716 964 2911 1018 litteris
2946 962 3112 1017 certis
3145 972 3420 1016 carentem
3451 1001 3465 1023 ,

1881 1060 2105 1128 perinde
2138 1067 2194 1111 ut
2229 1057 2643 1128 Tryphiodorus
2688 1056 2999 1126 Odysseam.
3036 1055 3168 1110 Nam
3203 1056 3256 1110 in
3291 1053 3467 1124 primo

1881 1152 2020 1208 libro
2044 1151 2251 1204 nulltun
2288 1151 2570 1221 reperitur
2600 1168 2651 1215 α,
2684 1150 2736 1204 in
2765 1150 3010 1205 secundo
3038 1150 3249 1204 nullum
3281 1148 3332 1220 β,
3359 1159 3466 1203 ctc.

1883 1241 2112 1311 Scripsit
2145 1245 2307 1297 etiam
2353 1243 2819 1313 Metamorphoses,
2867 1252 2925 1298 ut
2961 1243 3306 1308 Parthenius,
3373 1242 3470 1297 Ni-

1882 1335 2120 1398 caensis,
2164 1345 2217 1389 et
2253 1337 2380 1389 alia.

1954 1427 2268 1500 Nicagoras,
2291 1429 2528 1491 Mnesaei,
2565 1428 2823 1493 rhetoris,
2857 1426 2945 1494 F.,
2978 1426 3353 1491 Atheniensis,
3382 1441 3475 1482 so-

1888 1520 2086 1589 phista,
2121 1531 2364 1590 tempore
2396 1521 2626 1592 Philippi
2678 1525 2810 1591 imp.
2848 1520 3079 1593 Scripsit
3123 1520 3266 1575 Vitas
3299 1523 3474 1576 claro-

1886 1627 2001 1664 rum
2035 1614 2307 1677 virorum;
2349 1614 2420 1667 De
2463 1613 2781 1685 Cleopatra,
2830 1630 2948 1684 quce
2979 1615 3082 1681 fuit
3129 1615 3184 1667 in
3225 1613 3470 1676 Troade;

1889 1703 2215 1770 Orationem,
2251 1707 2489 1761 habitam
2519 1706 2572 1759 in
2605 1706 2875 1774 legatione
2906 1707 2974 1759 ad
3002 1705 3470 1775 Pliilippum‘imp.

1957 1796 2248 1860 Nicander,
2284 1799 2638 1870 XenOphanis
2669 1800 2754 1867 F.,
2787 1801 3163 1870 Colophonius
3204 1801 3286 1854 vel
3309 1799 3469 1855 [Elo-

265 1897 556 1953 Nemcsion
601 1897 892 1968 (Damascii
931 1898 1190 1964 amicus).
1231 1897 1431 1952 Confer
1463 1895 1685 1951 Suidam
1721 1896 1775 1950 in
1813 1865 1852 1920 Β
1882 1892 1989 1954 lus,
2041 1895 2453 1962 grammaticus.
2507 1904 2689 1964 poeta.
2743 1896 3008 1950 medicus.
3059 1894 3194 1947 vixit
3226 1902 3471 1962 tempore

188 1992 612 2060 Ἀνεπτεροῦτο,
645 2001 698 2045 et
740 1992 794 2042 Ἐ
806 1993 1024 2060 ρμαῐον.

269 2085 550 2154 Νεμήςεις
600 2084 934 2154 ὑποκριτῶν,
985 2083 1392 2136 Distributiones
1437 2083 1774 2136 histrionum.

187 2177 375 2232 Poetis
405 2190 513 2232 tres
545 2178 838 2232 histrioaes
866 2177 1003 2232 forte
1029 2177 1430 2240 dividebantur,
1460 2177 1550 2246 qui
1582 2176 1778 2231 fabulis

187 2281 436 2339 agerent.
474 2271 615 2324 Inter
651 2273 773 2334 hos,
807 2271 898 2339 qui
937 2271 1107 2324 victor
1144 2270 1369 2336 fuisset,
1402 2271 1612 2341 absque
1643 2286 1780 2325 exa-

187 2363 344 2415 mine
375 2361 571 2415 dcinde
602 2363 1006 2416 assumebatur.

267 2452 493 2508 Neocles
524 2456 898 2518 Atheniensis,
928 2455 1308 2524 pitiiOSOpilllS,
1340 2454 1504 2508 frater
1529 2452 1774 2522 Epicuri,

199 2547 300 2612 qui
341 2545 555 2612 :cripsit
591 2547 653 2596 de
689 2556 834 2597 sz'cta
869 2561 986 2598 sua.
1037 2546 1094 2597 Et
1132 2546 1373 2608 Neoclis,
1410 2555 1491 2598 est
1522 2547 1723 2598 dictum
1764 2561 1776 2597 :

190 2639 343 2690 Λάιοε
372 2636 594 2704 βιώσεις,
631 2637 718 2705 qui
751 2637 874 2688 bene
900 2637 1077 2698 latuit,
1109 2639 1231 2689 bene
1259 2639 1406 2690 t‘ixit.
1431 2636 1532 2712 (ν.
1565 2635 1776 2705 Meuag.

189 2731 264 2783 ad
305 2728 455 2796 Diog.
490 2726 673 2780 Laert.
699 2727 772 2792 Χ,
806 2745 969 2797 segm.
1001 2728 1145 2795 III.)

272 2821 562 2889 Niopluoa
597 2837 688 2874 seu
726 2820 1010 2888 Neopbon,
1046 2824 1354 2892 Sicyonius,
1391 2823 1649 2893 tragicus,
1687 2837 1781 2876 cu-

186 2917 285 2985 jus
316 2930 433 2966 esse
471 2913 656 2967 dicunt
685 2911 956 2981 Euripidis
982 2914 1236 2980 Medeam,
1273 2916 1458 2970 docuit
1490 2913 1781 2983 tragtedias

192 3009 370 3074 CXX,
405 3020 512 3065 etc.

267 3102 432 3166 Nero,
461 3103 654 3159 studiis
682 3105 1012 3173 imperatore
1037 3119 1258 3173 prorsus
1280 3105 1533 3174 indignis,
1559 3120 1779 3174 operam

1879 1987 2042 2039 Attali
2073 1988 2332 2055 junioris,
2369 1989 2480 2042 sive
2513 1989 2688 2042 ultimi
2718 1987 3086 2055 Calalonica‘,
3114 1990 3199 2040 cui
3243 2003 3469 2058 regnum

1881 2076 2194 2144 ademptum
2230 2093 2257 2131 a
2290 2078 2569 2133 Romanis.
2598 2080 2831 2149 Scripsit
2864 2082 3125 2144 tberiaca,
3157 2081 3464 2150 Alexipltar-

1882 2184 2048 2233 maca,
2065 2169 2337 2240 Georgica.
2356 2172 2831 2240 Ἐτερε-ιουμὲικον,
2848 2172 2908 2226 de
2937 2175 3237 2241 corporibus
3261 2175 3314 2227 in
3329 2175 3466 2227 alios

1883 2263 2081 2328 {orntus
2113 2267 2353 2329 mutatis,
2387 2266 2548 2318 libros
2587 2264 2648 2330 V;
2682 2265 3053 2319 llemcdiorum
3083 2267 3469 2328 collectionem;

1883 2353 2226 2424 Prognostica
2276 2360 2545 2420 versibus,
2589 2373 2653 2412 ex
2695 2358 3038 2428 Hippocratis
3092 2359 3470 2429 Prognostiais

1883 2450 2177 2505 translata:
2226 2449 2298 2503 De
2340 2451 2579 2505 omnibus
2619 2451 2852 2505 oraculis
2892 2451 3052 2508 libros
3092 2453 3212 2519 111,
3261 2463 3315 2509 et
3363 2454 3471 2510 alia

1885 2543 2140 2611 plurima,
2177 2545 2417 2597 carmine
2450 2549 2626 2614 cpi-eo.

1958 2634 2253 2689 Nicaztcrcs
2284 2646 2389 2689 tres
2414 2637 2626 2693 fus-ruat
2661 2657 2671 2692 :
2707 2659 2870 2703 unus,
2907 2641 3049 2695 filius
3075 2639 3305 2704 Balacri,
3338 2641 3474 2693 alter

1884 2727 2287 2789 Paruteninnfs,
2326 2733 2517 2787 tertius
2542 2751 2734 2803 genere
2763 2735 3056 2806 Stagyaita,
3087 2735 3243 2803 cujus
3278 2736 3474 2788 memi-

1887 2825 1958 2874 nit
1999 2823 2289 2892 il}'p0lltit‘S
2324 2823 2582 2879 Oratione
2620 2829 2669 2880 in
2711 2829 3149 2883 fleamszhcuern.

1953 2917 2208 2981 Nicaum',
2242 2919 2576 2984 1ἷιει“ίιιὶ;εί⁴“.,
2597 2925 3018 2987 Alexandrinus,
3050 2924 3465 2994 grammaticus,

1889 3013 2224 3081 temporibus
2258 3015 2512 3067 Hadriani
2542 3018 2696 3086 imp,
2722 3035 2830 3088 quo
2871 3028 3114 3088 tempore
3143 3031 3194 3073 et
3230 3019 3476 3087 Ilermip-

1887 3120 2007 3174 pus,
2047 3107 2317 3176 Rcrytius,
2352 3109 2502 3162 vixit.
2539 3109 2574 3161 S
2599 3112 2763 3173 riusit
2789 3113 2919 3182 Περὶ
2948 3115 3201 3183 στιγμῆς,
3236 3112 3310 3165 De
3338 3128 3474 3179 pun-

194 3197 367 3260 dedit,
402 3198 609 3251 cithara
641 3197 851 3262 ludens,
885 3197 1173 3267 tragoedias
1205 3212 1369 3266 agens
1393 3207 1445 3250 et
1476 3197 1527 3249 in
1561 3198 1784 3252 theatris
1815 3206 1855 3264 ρ,
1891 3201 1987 3250 clis
2016 3201 2159 3266 apud
2194 3204 2502 3264 Iionterunt,
2539 3213 2587 3254 et
2627 3203 2699 3256 De
2731 3205 3050 3272 (li/Terentia,
3089 3222 3208 3275 qua:
3259 3205 3380 3258 inde
3420 3207 3473 3259 in

193 3289 426 3341 Saltaus.
471 3288 574 3341 Sed
607 3287 783 3341 adhuc
823 3289 1143 3364 adolescens
1182 3289 1382 3344 studiis
1419 3290 1779 3359 ριιίιυεορξιὶιυ

193 3383 461 3444 vacabat,
514 3390 563 3433 ct
617 3381 684 3435 de
729 3382 947 3435 Christo
999 3382 1337 3451 inquirebat,
1396 3399 1554 3452 quem
1605 3384 1780 3436 adhuc

195 3488 491 3544 superesse
527 3472 577 3524 in
611 3472 744 3524 \‘l‘IiS
775 3472 1166 3525 arbitrabatur.
1197 3472 1445 3541 Cmnque
1475 3473 1779 3541 comperis-

194 3577 300 3626 set,
337 3583 364 3619 a
398 3564 595 3618 .ludaeis
633 3563 686 3618 in
720 3580 936 3619 crueetn
973 3574 1153 3619 actum
1187 3579 1327 3631 esse,
1368 3565 1537 3618 iratus
1573 3565 1780 3617 Annam

193 3671 248 3714 et
284 3659 550 3727 Caipham
589 3673 711 3713 cum
746 3657 942 3723 Pilato,
979 3669 1107 3713 tunc
1138 3658 1336 3712 «Ιιιιιιῡιη
1367 3658 1618 3727 praeside,
1655 3659 1775 3710 via—

194 3764 318 3809 (‘tos
363 3753 430 3806 ad
485 3768 543 3806 se
593 3755 712 3806 duci
760 3754 946 3822 jussit,
994 3754 1060 3806 ab
1107 3755 1282 3821 iisque
1323 3755 1634 3807 sciscitatus
1679 3764 1778 3816 est,

194 3858 544 3912 quaecunque
599 3845 649 3896 in
701 3845 820 3911 ejus
880 3844 1084 3908 iudicio
1131 3851 1247 3896 acta
1295 3851 1498 3908 essent,
1557 3853 1660 3896 etc.
1705 3843 1782 3896 Ε)

195 3946 446 4005 ιιειιιριενρ
476 3948 528 3990 et
562 3936 748 3990 Simon
805 3937 991 4006 Magos
1026 3937 1272 4002 ﬂorebat,
1313 3952 1549 4005 cumque
1585 3936 1782 3991 Petrus

194 4042 249 4082 et
309 4031 500 4081 Simon
549 4037 813 4094 prcescnte
856 4029 1068 4082 Nerone
1119 4030 1258 4083 inter
1310 4043 1367 4082 se
1416 4029 1779 4098 disputat-ent,

194 4121 429 4173 eductus
461 4129 542 4172 est
582 4135 645 4172 ex
714 4135 936 4172 carcere
988 4118 1212 4172 Pilatus.
1276 4117 1419 4172 Nero
1489 4119 1772 4173 Simonem

195 4214 496 4280 interrogat
523 4226 588 4264 an
613 4221 757 4264 esset
797 4211 1090 4266 Christus?
1121 4211 1214 4264 Ille
1236 4226 1294 4265 se
1315 4225 1435 4266 esse
1462 4213 1555 4266 ait.
1579 4210 1787 4282 Negant

198 4305 399 4358 Petrus
445 4315 496 4356 ct
538 4301 748 4357 Pilatus
795 4321 807 4354 :
861 4303 982 4368 llic,
1025 4305 1224 4374 inquit,
1264 4302 1550 4374 Ai'ggptius
1597 4314 1695 4367 est,
1735 4313 1782 4357 et

197 4397 356 4452 obeso
388 4413 604 4463 corpore
632 4406 681 4449 et
727 4396 950 4465 prolixis
1044 4398 1250 4465 capillis
1285 4407 1336 4452 et
1368 4400 1513 4468 niger
1543 4399 1784 4452 omnino-

196 4507 297 4558 que
324 4490 387 4541 ab
409 4491 521 4557 ejus
546 4491 717 4558 forma
746 4492 967 4556 alienus,
1002 4501 1108 4544 etc.

275 4581 473 4641 Nerva,
511 4581 876 4634 liornanorum
910 4585 1063 4652 inip.,
1085 4583 1350 4637 Joannem
1382 4585 1790 4652 evangelistam,

198 4693 264 4729 ex
311 4674 506 4728 Patmo
534 4690 642 4742 quo
680 4676 950 4741 relegatus
975 4685 1111 4737 crat,
1145 4686 1482 4740 revocatum,
1516 4677 1788 4745 Ephesum

202 4769 446 4822 reduxit.
521 4783 586 4818 to
650 4777 891 4836 tempore
948 4769 1059 4836 (8‘2)
1108 4785 1214 4836 quo
1263 4780 1316 4823 et
1365 4769 1788 4824 Maniclueorum

201 4864 403 4929 dogma
469 4861 520 4912 in
583 4861 754 4912 lucem
801 4861 1018 4927 prodiit,
1063 4861 1270 4914 Mancte
1329 4863 1576 4918 lueresim
1636 4880 1790 4918 suam

202 4963 394 5023 aperte
443 4953 694 5005 docente.

274 5049 587 5100 Nestorius.
623 5046 1058 5111 Postllanetem,
1088 5057 1139 5100 et
1160 5045 1407 5110 Paulum,
1441 5057 1492 5100 ct
1516 5049 1786 5117 Apollina-

203 5159 341 5200 rem,
365 5149 418 5192 et
442 5139 811 5202 Theodorum,
845 5139 1042 5207 prodiit
1067 5139 1373 5204 Nestorius,
1401 5140 1783 5204 Germanicea,

203 5234 382 5301 Sytizv
417 5232 568 5290 urbe,
603 5232 888 5291 oriundus,
916 5233 1006 5300 qui
1035 5233 1162 5286 SCth
1195 5231 1358 5289 CPOI.
1398 5234 1623 5302 potitus,
1662 5251 1789 5288 voce

200 5330 440 5380 duarum
483 5325 532 5375 in
569 5325 786 5378 Christo
836 5335 1152 5380 naturarum
1189 5327 1332 5380 malo
1373 5343 1559 5382 errore
1590 5330 1795 5383 almsus

202 5434 307 5481 cu,
343 5435 499 5487 .tqrze
539 5434 602 5470 ac
646 5417 845 5472 Paulus
872 5417 1287 5486 ctThcozlorus,
1330 5435 1358 5472 a
1399 5422 1598 5492 quibus
1626 5438 1794 5490 genus

287 5596 399 5667 illi}
435 5594 687 5667 Moneute
721 5595 953 5649 Kustero
985 5598 1164 5667 not“?
1201 5598 1376 5658 (tom.
1415 5600 1480 5652 Il.
1522 5615 1571 5667 p.
1607 5597 1710 5650 600
1735 5596 1749 5654 l
1777 5637 1789 5657 .

207 5682 315 5716 non
351 5663 665 5716 ,‘t'cusicruti
691 5671 923 5724 t-mnéco,
951 5668 1040 5722 sed
1073 5665 1335 5719 Naucrati
1364 5663 1623 5725 fabulam,
1653 5668 1795 5734 lis";-

208 5752 291 5793 σις
336 5738 580 5807 assignat
617 5737 953 5807 :‘lilt‘llii‘lli,
997 5739 1088 5790 Lb.
1137 5737 1222 5788 i.‘\'.
1267 5739 1458 5792 Scil'v.
1513 5755 1700 5807 supra,
1742 5743 1791 5791 in

210 5808 316 5860 τοι.
357 5806 418 5858 ll.
456 5821 575 5870 pag.
617 5805 734 5857 7H.
773 5805 960 5858 “MN.-

281 5875 393 5945 tgii
453 5877 708 5930 Videntur
761 5878 860 5931 hoc
910 5880 1026 5931 loco
1074 5880 1214 5945 apud
1270 5878 1490 5934 Suidam
1539 5880 1798 5934 nonnulla

1885 3307 2036 3343 sensu
2071 3293 2279 3352 oritur;
2312 3292 2388 3345 De
2413 3295 2827 3362 interpunctione
2853 3297 2907 3350 in
2947 3313 3153 3366 genere,
3188 3297 3345 3350 libros
3375 3293 3475 3359 Vl;

1885 3383 2070 3436 [torum
2103 3382 2474 3452 Compendium
2507 3387 2640 3441 libro
2674 3386 2736 3452 I;
2772 3388 2843 3443 De
2895 3392 3099 3458 punctis
3133 3390 3274 3460 apud
3305 3389 3478 3444 Gallio

1887 3477 2150 3541 machum,
2182 3486 2233 3530 ct
2267 3479 2392 3532 alia.

1959 3567 2192 3622 Nic-etas.
2232 3568 2404 3639 Supra
2441 3572 2491 3624 in
2535 3572 2838 3640 Heraclide,
2881 3574 3064 3646 Lycio.

1956 3657 2306 3724 Nicocharcs,
2357 3661 2659 3719 Pbilonida:
2711 3669 2907 3723 comici
2961 3668 3044 3733 F.,
3095 3671 3473 3734 Atheniensis.

1886 3753 2152 3816 comicus,
2179 3755 2406 3824 a-qualis
2436 3757 2842 3827 AristOphauis.
2870 3759 2942 3814 Ex
2977 3760 3097 3830 ejus
3128 3760 3327 3817 fabulis
3351 3771 3478 3818 sunt

1898 3846 2218 3917 Ἀμυμώνη,
2243 3848 2438 3918 Πέλοψ.
2463 3850 2752 3916 Γαλάτεια,
2788 3853 3070 3924 Ἡρακλῆς
3096 3855 3474 3926 γαμῶν,Χορ-

1887 3937 2041 4006 ηγδς,
2081 3941 2317 4011 Κρῆτες,
2347 3943 2625 4008 Λάκωνες,
2648 3946 2904 4014 Λήμνιαι,
2935 3948 3260 4018 Κένταυρθι,
3286 3951 3479 4023 Χειρο-

1888 4035 2177 4107 γάστορες.

1958 4129 2233 4195 Nicolaus,
2270 4150 2330 4187 cx
2360 4132 2521 4204 Myris
2547 4135 2742 4206 Lyciae,
2771 4135 3010 4193 fervidus
3031 4139 3468 4194 Christianorum

1887 4230 2260 4288 propugnator
2306 4230 2359 4274 ct
2413 4223 2688 4287 sacerdos,
2733 4226 2828 4294 qui
2869 4241 3066 4296 magna
3114 4241 3237 4281 cum
3271 4226 3471 4282 fiducia

1889 4309 1998 4364 Deo
2018 4326 2206 4378 preces
2240 4312 2554 4369 adhibebat.
2581 4314 2680 4370 llic
2701 4317 2838 4384 nihil
2864 4318 3083 4386 quidem
3113 4319 3356 4389 scripsit,
3383 4319 3477 4375 sed

1894 4402 1948 4456 in
1982 4404 2188 4458 somnis
2217 4403 2347 4474 imp.
2384 4405 2748 4463 Constantino
2770 4421 2976 4476 astans,
3004 4422 3110 4468 etc.

1829 4504 1870 4558 υ
1968 4494 2250 4560 Nicolaus,
2284 4498 2676 4566 Damascenus,
2705 4504 2916 4560 amicus
2956 4513 3009 4559 et
3043 4504 3330 4562 familiaris
3370 4504 3479 4560 lle-

1893 4589 2039 4644 rodis
2059 4592 2204 4662 regis
2231 4590 2566 4660 Iudaeorum,
2596 4604 2650 4650 et
2678 4597 2908 4668 Augusti
2943 4598 3199 4665 Caesaris,
3229 4601 3322 4672 qui
3358 4601 3476 4671 pla-

1891 4689 2076 4736 centas
2116 4684 2348 4739 mellitas
2388 4686 2456 4740 ab
2493 4703 2559 4742 eo
2602 4688 2802 4745 missas
2837 4689 3087 4746 Nicolaos
3118 4693 3428 4764 appella-bat
3459 4711 3473 4746 :

1892 4773 2251 4842 philosophus
2282 4775 2709 4847 Peripateticus,
2737 4791 2830 4837 aut
2857 4783 3196 4844 Platonicus.
3235 4785 3464 4857 Scripsit

1897 4865 2195 4919 Historiam
2226 4870 2574 4924 uniuersalem
2603 4873 2755 4926 libris
2786 4874 3015 4944 LXXX,
3044 4887 3137 4934 aut
3171 4880 3475 4936 secundum

1901 4959 2238 5024 Athenarum,
2270 4960 2406 5015 CXL
2439 4963 2557 5027 lib.,
2583 4976 2678 5019 aut
2707 4965 2942 5030 CXXIV,
2971 4980 3192 5026 auctore
3215 4971 3475 5043 .losepho.

1906 5048 2148 5122 Itemque
2180 5056 2255 5110 De
2284 5059 2386 5110 vita
2427 5068 2475 5112 et
2505 5058 2814 5115 educatione
2852 5061 3102 5119 Cesaris.
3136 5064 3351 5122 Patrem
3396 5070 3487 5122 ha-

1905 5143 2044 5209 huit,
2077 5151 2169 5217 qui
2213 5166 2340 5218 opes
2362 5160 2414 5205 ct
2446 5152 2644 5208 famam
2677 5155 2978 5213 eruditione
3008 5159 3236 5228 adeptus
3260 5159 3433 5215 fuerat
3468 5180 3480 5212 :

1905 5236 2088 5306 itaque
2129 5241 2214 5294 ille
2261 5258 2290 5295 a
2339 5258 2508 5312 puero
2561 5247 2613 5300 in
2673 5249 2926 5305 omnibus
2980 5251 3175 5307 litteris
3235 5253 3482 5308 eruditus

1905 5335 2271 5397 grammaticae
2307 5345 2471 5406 atque
2501 5337 2623 5393 inde
2653 5342 2878 5409 poeticae
2910 5343 3052 5397 haud
3087 5344 3362 5413 Vulgarem
3392 5362 3484 5414 pcd-

1906 5424 2083 5478 ritiant
2120 5427 2224 5481 sibi
2254 5443 2681 5499 comparaverat,
2712 5432 2847 5489 adeo
2879 5445 2935 5489 ut
2975 5436 3258 5506 tragmdias
3294 5451 3481 5491 coma:-

1900 5601 2187 5657 οκιοὶιιὶεειι.
2228 5603 2362 5656 Nam
2391 5602 2813 5662 Manicnzcorum
2849 5618 3012 5665 sectae
3047 5609 3200 5677 origo
3235 5623 3262 5659 a
3294 5605 3487 5663 Nerva:

1901 5679 2071 5748 atat:
2093 5685 2404 5748 remotarsl
2433 5679 2592 5748 antiis
2622 5680 2858 5748 amplius
2890 5679 3160 5734 centenis.

1972 5743 2082 5823 illi?)
2142 5745 2382 5823 Intelligo
2427 5743 2766 5818 dogmatum,
2825 5768 2929 5806 non
2994 5748 3487 5823 consanguinitatis

1903 5825 2391 5884 pt‘uptttqtttlaletn.
