4208 6496
199 438 332 503 i325
1452 418 1551 479 DE
1589 411 1873 489 QUIBUS
1913 408 2208 471 SUIDAS.
3322 389 3456 455 1326

197 545 387 602 bellica
429 537 746 595 fortitudine
785 537 967 597 claraa,
1002 531 1230 586 Mausoli
1275 528 1498 584 uxoris:
1530 527 1622 596 qui
1661 527 1776 578 sin-
1806 528 1854 584 Α
1883 535 2021 572 unus
2064 526 2269 584 septent
2323 510 2651 602 sapientum.
2697 506 2927 602 Scripsit
2962 503 3159 574 Leges;
3189 513 3243 559 (ι
3274 504 3458 575 Olym‘

197 597 618 705 versibus
675 627 872 683 Iliadis
921 624 1143 680 totidem
1183 630 1534 691 pentametros
1565 615 1773 671 addidit
1879 611 2036 680 piadc
2097 603 2282 664 XLIX,
2339 601 2749 705 Melancitrum,
2804 597 3084 705 .llyt‘ilencs
3145 606 3458 700 tyranuum.

196 689 423 781 inhune
457 723 674 776 modum
709 738 723 774 :
1185 689 1192 691 ἡ
1880 703 2100 760 occidit,
2153 709 2207 751 et
2251 697 2622 766 Phrynomen,
2659 692 2849 744 ducem
2894 689 3326 753 Atheniensium,
3365 703 3464 756 pro

1882 791 2044 857 Sigeo
2077 788 2274 842 bellum
2314 793 2616 851 gerentem,
2661 780 2924 848 singulari
2957 780 3258 834 certamine
3292 781 3464 832 inter-

1884 883 2052 942 fecit,
2112 888 2398 948 postquam
2467 875 2566 928 reti
2644 889 2770 928 eum
2832 871 3209 930 implicuisset.
3285 872 3463 927 Senex

1885 985 2107 1030 coactus
2162 972 2462 1028 exercitum
2549 969 2746 1023 dueere
2805 969 2944 1021 dixit
2992 988 3004 1024 :

267 857 448 928 Μῆνιν
483 858 648 921 ἄειδε,
681 855 810 918 Θεὰ,
835 852 1120 928 [lanificio
1146 847 1417 928 Ἀχιλῆος,

336 916 553 990 Μοῦσα.
590 916 653 982 ob
682 916 1001 996 γὰρ’πάὰης
1031 916 1252 992 πεέραλςν
1281 921 1426 988 ἔχε-τ
1454 916 1669 985 σοφίης.

1917 916 2052 942 ,υη
2115 916 2398 948 ..πων-η.
2468 916 2566 928 η..
2645 916 2770 928 νυ...

1919 985 2107 1029 oactus
2162 972 2462 1028 exercitum
2549 969 2746 1023 dueere
2805 969 2944 1021 dixit
2992 988 3004 1024 :
3081 967 3168 1028 Ὠς
3229 969 3423 1036 Xa).an

3145 988 3168 1028 ;
3229 988 3465 1037 xansmv

220 1068 455 1137 Scripsit
487 1074 538 1118 et
576 1062 880 1132 Margitem,
911 1058 1002 1125 qui
1034 1055 1269 1110 Homero
1301 1053 1461 1122 vulgo
1499 1049 1777 1105 tribuitur:

200 1166 328 1215 item
358 1151 1037 1224 Batrachomyomacltiam.

275 1251 509 1304 Πινάκια
570 1254 748 1300 sortes
805 1243 857 1295 in
894 1255 1085 1294 urnam
1136 1236 1407 1296 demissa,
1437 1249 1572 1303 quas
1616 1247 1786 1286 aereas

201 1338 608 1407 fuisse,.innuit
633 1334 1026 1390 Demosthenes
1054 1329 1302 1384 oratione
1323 1325 1389 1382 de
1414 1326 1653 1389 nomine,
1680 1334 1785 1378 etc.

277 1433 575 1488 Pindarus.
611 1429 927 1488 Thebanus,
964 1422 1264 1491 Scopelini,
1302 1419 1384 1474 vel
1444 1418 1626 1487 potius
1663 1416 1790 1469 Dai-

206 1527 399 1598 phanti
455 1532 549 1578 aut
595 1520 880 1590 Pagonidaa
934 1516 996 1572 F.
1028 1515 1162 1568 Nam
1223 1513 1492 1567 Pindarus
1523 1509 1792 1579 Scopelini

207 1623 352 1674 filius
382 1627 467 1672 est
516 1615 823 1679 obscurior,
874 1621 928 1665 et
961 1607 1184 1663 Pindari
1236 1604 1459 1659 alterius
1504 1613 1790 1671 cognatus.

208 1710 518 1779 Discipulus
540 1706 638 1761 fuit
655 1703 916 1775 Myrttdis,
936 1700 1370 1757 n'iulicris.uatus
1389 1694 1600 1764 Olymp.
1632 1689 1794 1754 LXV,

209 1804 285 1855 ita
322 1812 401 1863 ut,
423 1800 601 1853 Xerxe
631 1799 686 1851 in
717 1794 982 1849 Graeciam
1012 1792 1332 1859 trajicieute,
1355 1796 1499 1840 esset
1527 1799 1794 1838 annorum

1888 1070 2076 1122 ἐσθλὸν
2128 1068 2396 1136 ἔμμεναι,
2458 1062 2632 1127 Quam
2682 1061 2889 1129 di/I'icile
2947 1072 3023 1116 est
3080 1064 3271 1116 bonum
3322 1063 3470 1116 esse!

1891 1163 2065 1231 Hujus
2098 1160 2496 1229 apophthegma
2553 1167 2686 1211 est:
2745 1156 2952 1224 Καιρὸν
3001 1157 3189 1223 γνῶθι,
3248 1156 3471 1225 Tempus

1891 1271 2064 1309 nosce.
2114 1252 2348 1320 Scripsit
2378 1266 2553 1304 versus
2611 1248 2867 1316 elegiacos
2922 1247 3034 1314 DC,
3077 1258 3132 1302 et
3169 1248 3242 1300 De
3277 1250 3474 1320 legibus

1894 1347 2148 1402 oratione
2172 1343 2375 1398 soluta.

1968 1437 2294 1493 Pixodarus.
2334 1434 2466 1490 \‘ide
2503 1449 2688 1503 supra,
2714 1435 2766 1487 in
2799 1433 3059 1503 Dexippo,
3094 1433 3227 1489 Coo.

1972 1527 2144 1591 Plato,
2200 1527 2343 1579 filius
2393 1523 2697 1588 Aristonis,
2741 1524 2833 1590 qui
2889 1523 3209 1577 Aristoclem
3269 1531 3476 1590 patrem

1900 1622 2108 1684 habuit,
2159 1627 2212 1672 et
2237 1616 2570 1672 Petictiones
2610 1614 2693 1666 vel
2725 1611 2980 1677 Potones,
3009 1629 3178 1681 genus
3214 1613 3480 1666 trahentis

1901 1730 1931 1767 a
1955 1713 2175 1766 Solone.
2199 1709 2360 1762 Sexta
2383 1709 2527 1762 enim
2555 1708 2622 1760 ab
2645 1706 2733 1759 illa
2759 1706 2854 1759 fuit
2880 1705 2984 1759 filia
3013 1704 3260 1773 Dropidis
3291 1715 3481 1772 poclm.

1903 1803 2091 1856 fratris
2123 1799 2362 1853 Solonis.
2396 1796 2560 1850 Solon
2594 1811 2623 1848 a
2649 1795 2810 1848 Neleo
2832 1810 3000 1865 genus
3023 1795 3172 1848 ducit
3195 1803 3249 1846 rt
3278 1794 3484 1854 Aristo,

210 1883 326 1944 XL.
366 1889 556 1943 Frater
587 1889 662 1940 illi
693 1886 936 1948 Erotion,
969 1883 1111 1936 filius
1139 1881 1500 1949 Diophantus,
1526 1877 1647 1930 filiae
1672 1891 1795 1929 vero
1831 1870 1871 1928 Β
1902 1896 2145 1950 mamms
2185 1904 2358 1962 pm",
2395 1907 2421 1944 η
2458 1889 2660 1953 Codro,
2696 1888 2950 1941 Mclamhi
2984 1889 3108 1941 mm
3147 1888 3338 1942 Femur
3362 1886 3487 1940 ριτμ

212 1980 460 2035 Eumelis
493 1990 546 2033 et
584 1976 962 2033 Protomaehe.
1011 1974 1146 2027 Cum
1189 1972 1434 2040 petiisset
1487 1983 1514 2021 a
1577 1967 1682 2020 diis
1738 1976 1797 2019 ttt

211 2073 644 2144 pulcherrimum
699 2071 752 2123 in
803 2070 910 2121 vita
971 2067 1073 2120 sibi
1133 2065 1356 2126 darent,
1412 2076 1636 2130 compos
1687 2059 1798 2113 voti

214 2166 398 2220 factus
432 2173 547 2228 est;
590 2161 726 2216 obiit
766 2160 908 2214 enim
943 2159 1124 2212 subito
1174 2157 1227 2209 in
1263 2157 1476 2209 theatro
1507 2153 1802 2206 reclinatus

214 2274 386 2327 super
414 2255 689 2309 Thcoxrni
727 2253 921 2307 amasii
957 2251 1042 2306 sui
1072 2265 1266 2320 genua,
1294 2263 1467 2301 annos
1503 2255 1663 2299 natus
1691 2243 1799 2297 LV.

215 2348 458 2415 Scripsit
498 2349 609 2399 haec
653 2346 805 2399 libris
847 2341 1518 2412 septemdecim,'dia|ecto
1555 2336 1744 2388 Dorica
1782 2353 1795 2387 :

219 2440 643 2508 Olympionicas,
695 2435 1038 2506 Pythionicas
1089 2431 1508 2502 (Nemeouieas,
1550 2428 1806 2483 Isthmio-

220 2535 426 2596 niras),
454 2529 709 2582 Prosodia
747 2528 1058 2588 Parthenio,
1084 2524 1503 2587 Euthronismos,
1526 2520 1806 2582 Bacchica,

224 2621 688 2689 Daphnepltorica,
747 2616 998 2679 Plautius,
1063 2615 1509 2685 Hyporcltemala,
1550 2611 1809 2681 Hymnus,

225 2713 639 2783 Dithyrmnbos,
685 2710 888 2775 Scolia,
949 2708 1224 2771 Encomiu,
1280 2706 1544 2769 Tlirenos,
1602 2704 1810 2773 Tragoz-

224 2807 348 2858 dias
387 2802 579 2865 Xl'll,
622 2814 675 2855 et
727 2818 883 2853 versu
929 2800 1244 2852 hexametro
1297 2798 1816 2873 Epigrammatahet

227 2901 480 2950 oratione
519 2895 694 2947 soluta
735 2892 1094 2962 Παραινέςεις
1145 2894 1254 2952 τοῖς
1302 2890 1562 2957 Ἕλλησι,
1616 2887 1818 2938 Admo—

230 2992 460 3044 nilioucs
486 2991 553 3040 ad
588 2986 820 3048 Gt'iccos,
858 2993 910 3038 et
946 2985 1048 3036 alia
1076 2984 1330 3052 plurima.

311 3080 486 3142 Prior,
507 3078 831 3137 monachus,
859 3078 1000 3128 inter
1020 3073 1482 3127 dcambttlandum
1507 3070 1825 3125 comedebat

235 3174 615 3245 quaerentique
653 3171 719 3222 de
771 3183 938 3221 eaUsa
992 3168 1268 3235 respondit
1319 3167 1462 3218 nolle
1506 3180 1563 3219 se
1597 3177 1652 3217 ut
1710 3178 1820 3216 rem

1902 1988 2047 2042 tonis
2085 1995 2253 2039 mater
2292 1982 2354 2034 ἐκ
2385 1998 2530 2042 τινος
2555 1980 2706 2043 Θείας
2735 1979 2910 2048 ὅψεως
2935 1995 3000 2032 ea“.
3028 1981 3223 2032 visione
3257 1981 3487 2049 quadam

1904 2081 2082 2133 diri-:a
2121 2077 2258 2130 facta
2297 2075 2490 2137 fuisse,
2537 2089 2661 2126 cum
2698 2075 2745 2126 ei
2787 2075 2978 2141 Apollo
3015 2073 3382 2141 apparuisset;
3417 2084 3490 2135 rt,

1905 2172 2132 2226 Platone
2160 2172 2214 2223 in
2257 2169 2430 2223 lucem
2463 2168 2632 2227 edito,
2669 2178 2799 2220 tunc
2838 2166 3058 2219 demum
3099 2169 3324 2220 maritus
3368 2182 3492 2219 cum

1907 2283 1970 2321 ea
1991 2265 2378 2319 concubuisse.
2397 2261 2564 2315 Natus
2591 2269 2673 2314 est
2692 2257 2902 2328 Eginte
2925 2258 3138 2328 Olymp.
3160 2257 3493 2319 LXXXVIII.

1913 2368 2030 2426 post
2055 2356 2204 2410 initia
2231 2355 2350 2409 belli
2377 2352 2841 2421 Peloponnesiaci.
2870 2350 3014 2404 Vixit
3041 2365 3213 2404 annos
3235 2348 3495 2405 LXXXII.

1913 2451 2053 2503 Obiit
2091 2448 2409 2518 Olympiade
2440 2443 2622 2506 CVIII,
2668 2444 2870 2497 caelebs
2916 2450 2968 2495 et
3006 2444 3175 2510 virgo.
3215 2442 3500 2496 Dormicns

1916 2545 2023 2595 vita
2056 2541 2313 2600 excessit,
2353 2554 2476 2611 cum
2512 2537 2563 2589 itt
2618 2535 2758 2589 festo
2792 2535 3044 2603 epulatus
3076 2533 3287 2588 fuisset.
3326 2533 3499 2589 Etiam

1918 2637 2007 2689 alii
2035 2645 2154 2704 post
2186 2649 2308 2686 cum
2357 2631 2449 2683 filii
2488 2631 2727 2682 Aristoni
2764 2627 2874 2679 nati
2907 2637 3058 2689 sunt,
3101 2627 3422 2682 Adimantus
3449 2636 3504 2682 et

1919 2728 2177 2786 Glaucus,
2210 2734 2262 2778 et
2313 2726 2418 2777 tilia
2495 2721 2721 2775 Po:one.
2771 2720 2950 2775 Prima
3010 2721 3311 2774 litterarum
3350 2723 3503 2774 rudi-

1924 2831 2105 2874 menta
2134 2835 2160 2871 a
2217 2817 2474 2883 Dietiysio
2513 2813 2748 2882 quodam
2801 2812 2989 2867 didicit
3023 2830 3036 2864 :
3070 2813 3120 2865 in
3158 2813 3405 2880 palaestra
3445 2827 3506 2868 se

1925 2911 2170 2966 excreuit
2223 2909 2364 2978 apud
2419 2906 2755 2967 Aristonem,
2805 2904 3092 2968 Arginum.
3139 2903 3274 2957 Cum
3331 2915 3506 2959 artem

1926 3003 2190 3072 poeticam
2253 2997 2574 3059 didicistct,
2642 2994 3012 3063 Dizhyrambos
3073 3004 3125 3046 et
3197 2992 3512 3071 Tragoedias

1929 3093 2170 3162 scripsit.
2231 3089 2551 3143 llisdciude
2579 3089 2807 3157 spretis.
2858 3086 2998 3156 apud
3053 3086 3332 3141 Socratem
3398 3092 3510 3141 cir-

1927 3185 2066 3238 citer
2101 3182 2193 3236 XX
2225 3195 2397 3233 annos
2452 3179 2874 3248 phiIOSophatus
2931 3187 3033 3231 est.
3071 3175 3137 3230 Et
3193 3177 3364 3232 fertur
3404 3177 3510 3233 So-

237 3268 444 3322 seriam
477 3267 568 3318 sed
603 3263 778 3316 obiter
803 3269 1012 3314 tantum
1039 3261 1141 3313 hoc
1168 3258 1370 3312 facere.
1413 3257 1513 3310 Alii
1546 3255 1825 3325 respondit
1852 3235 1896 3295 (ἶ
1931 3287 2128 3333 “quos,
2172 3287 2280 3340 ,μιο
2321 3271 2406 3323 (ηε
2446 3235 2512 3322 ἑά
2550 3235 2726 3337 ipsulm
2781 3269 2925 3321 venit
2982 3268 3156 3330 pm”,
3209 3271 3261 3322 in
3303 3272 3513 3324 somnis

239 3359 391 3410 nolle
449 3370 507 3409 se
571 3364 629 3407 ut
680 3355 820 3406 inter
871 3352 1142 3406 edendum
1195 3353 1525 3418 voluptatem
1581 3349 1827 3416 corporis

238 3451 464 3506 animus
500 3448 746 3503 sentiret.

317 3543 604 3603 Pisander,
651 3541 862 3595 Pisonis
904 3550 957 3593 et
988 3540 1359 3594 Aristzechmze
1382 3535 1467 3602 F.,
1507 3537 1829 3603 Camira‘us,

243 3651 310 3691 ex
365 3636 608 3697 Camiro,
669 3632 843 3686 Rhodi
885 3634 1122 3697 civitate,
1157 3648 1318 3701 quem
1381 3632 1624 3700 Eumolpi
1662 3643 1834 3700 poetae

245 3729 517 3794 aequalem
548 3735 600 3778 et
634 3725 900 3779 amasium
938 3724 1156 3792 quidam
1185 3723 1352 3776 fuisse
1401 3723 1678 3787 scribunt;
1716 3723 1836 3774 aliis

251 3821 492 3875 Hesiodo
527 3836 648 3872 rum
684 3819 1045 3887 antiquiorem
1089 3816 1260 3872 fuisse
1304 3819 1663 3881 tradentibus,
1716 3817 1836 3871 aliis

252 3913 620 3967 referentibus
684 3913 748 3965 ad
816 3913 1184 3980 Olympiadem
1243 3909 1484 3964 XXXIII.
1542 3910 1739 3963 Habuit
1785 3919 1839 3962 et

251 4024 505 4063 sororem
538 4005 830 4060 Dioclcam.
865 4004 1097 4073 Scripsit
1129 4004 1477 4072 Ἡράκὴιαν,
1503 4004 1614 4056 sire
1645 4002 1838 4055 Parma

251 4105 319 4156 de
361 4101 510 4154 rebus
567 4099 628 4151 ab
655 4097 883 4151 Hercule
917 4095 1094 4165 gestis,
1132 4095 1281 4147 libris
1304 4093 1380 4155 ll,
1411 4095 1460 4146 in
1495 4095 1694 4162 quibus
1729 4095 1840 4146 cla-

255 4211 384 4247 vam
415 4193 626 4245 Herculi
652 4191 862 4259 primus
891 4189 1160 4241 attribuit.
1188 4186 1412 4255 Reliqua
1441 4188 1559 4253 ejus
1593 4197 1839 4253 poemata

257 4286 570 4340 adulterina
615 4291 893 4350 putantur.
924 4288 1107 4344 utpote
1136 4280 1329 4347 partim
1369 4279 1436 4331 ab
1468 4281 1607 4340 aliis,
1643 4289 1838 4344 partem

257 4379 333 4430 ab
377 4378 590 4428 Aristeo
637 4386 793 4444 poeta
853 4374 943 4424 ὑπ’
995 4373 1286 4441 ’Δριστέως
1319 4371 1543 4440 πῡιητοῦ
1616 4386 1842 4438 compo-

258 4473 394 4523 sita.
462 4466 620 4522 Couf.
678 4467 744 4520 de
802 4474 1034 4532 utroque
1085 4461 1349 4516 Pisandro
1390 4461 1605 4516 Kustcri
1662 4473 1842 4526 notas,

261 4572 405 4615 tom.
443 4558 530 4622 Ill,
568 4573 686 4627 pag.
727 4557 849 4610 107.

340 4651 623 4712 Pisander,
652 4648 894 4702 Nestoris
918 4659 1083 4713 poeta:
1114 4645 1198 4712 F.,
1233 4645 1595 4699 Lat-atulriisis
1618 4657 1707 4698 aut
1741 4644 1844 4715 Ly-

263 4751 415 4806 cius,
443 4743 535 4810 qui
590 4741 723 4793 vixit
772 4740 1107 4809 temporibus
1149 4739 1278 4806 imp.
1337 4738 1652 4797 Alexandri,
1681 4737 1849 4789 Mutil-

1931 3366 2130 3418 vidisse
2179 3379 2438 3433 cygnum,
2470 3363 2698 3432 genibus
2745 3362 2860 3414 suis
2913 3361 3260 3414 insidentem.
3304 3363 3514 3416 Aristo-

1933 3462 2044 3512 ctcs
2077 3460 2226 3526 prius
2271 3458 2576 3514 dicelatur,
2615 3463 2801 3522 postea
2841 3453 2996 3505 Plato
3053 3453 3230 3508 dictus
3273 3464 3376 3517 est,
3430 3455 3514 3508 vel

1933 3552 2076 3620 quod
2130 3551 2332 3611 πλατὺς
2385 3549 2446 3600 τὸ
2485 3551 2724 3616 στέρνον,
2789 3547 2900 3598 lato
2950 3557 3092 3600 esset
3150 3557 3378 3613 pectore,
3429 3550 3512 3600 vel

1935 3644 2078 3711 quod
2117 3643 2322 3702 πλατὺς
2353 3644 2408 3693 ἐν
2440 3640 2638 3707 λόγοις,
2672 3641 2724 3692 in
2754 3641 2992 3691 oratione
3031 3640 3290 3706 copiosus.
3328 3637 3429 3691 Ter
3461 3640 3514 3692 in

1939 3735 2180 3789 Siciiiam
2216 3733 2492 3804 profectus
2531 3743 2614 3785 est
2643 3732 2708 3784 ad
2739 3741 3000 3800 tyrannos
3033 3730 3336 3800 Dionysius.
3371 3729 3515 3784 Vena

1938 3827 2110 3879 ditnm
2143 3841 2170 3876 a
2208 3835 2462 3894 tyranno,
2518 3821 2827 3884 Annicer‘is,
2869 3819 3020 3885 Afer,
3059 3821 3188 3873 emit
3221 3830 3272 3872 et
3325 3836 3518 3874 manu-

1941 3920 2106 3972 misit.
2143 3917 2333 3971 DOcuit
2364 3919 2414 3969 iu
2447 3916 2762 3978 Academia,
2797 3915 3151 3982 scholamque
3183 3913 3302 3981 ejus
3329 3913 3521 3967 ordine

1943 4013 1994 4065 hi
2045 4021 2414 4080 exceperunt:
2467 4009 2826 4077 Speusippus,
2868 4006 3227 4063 Xenocrates.
3274 4005 3519 4073 Polemo,

1943 4106 2193 4164 Crantor,
2221 4103 2428 4156 Crates.
2462 4099 2724 4154 Socratici
2753 4097 2904 4152 fuere
2929 4097 2984 4150 hi
3021 4115 3032 4150 :
3066 4097 3401 4158 Arecsilaus.
3429 4095 3526 4149 La-

1943 4198 2128 4266 cydes,
2159 4195 2401 4249 Evander
2422 4191 2784 4252 Phocaeensis,
2820 4189 3048 4254 Damon,
3080 4189 3372 4253 Leonteus,
3401 4190 3522 4243 Mo-

1946 4287 2156 4348 sebiou,
2184 4283 2430 4338 Evander
2458 4281 2829 4345 Atheniensis,
2853 4279 3525 4350 iiegesinus.Carueades,

1950 4377 2247 4430 Harmadas
2281 4372 2632 4447 [Χαρμίδας].
2679 4371 2889 4439 Dialogi
2917 4371 3036 4437 ejus
3084 4370 3300 4440 genuini
3335 4385 3526 4426 Omnes

1947 4478 2075 4523 sunt
2113 4464 2242 4529 LVI,
2273 4482 2507 4535 quorum
2533 4465 2624 4518 alii
2654 4462 3182 4534 suutpbysiologici,
3205 4463 3295 4515 alii
3332 4461 3523 4526 ethici,

1953 4561 2041 4613 alii
2071 4559 2366 4612 dialectici.
2409 4557 2726 4625 Respublica
2757 4557 2876 4624 ejus
2912 4556 2963 4607 in
2993 4556 3153 4607 libros
3185 4556 3358 4608 decem
3385 4555 3527 4608 divi-

1956 4655 2128 4719 ditur;
2163 4652 2320 4721 Leges
2354 4668 2481 4704 vcro
2516 4653 2566 4703 in
2592 4651 2754 4702 libros
2783 4648 2926 4702 ΧΗ.
2963 4647 3205 4716 Reliqua:
3233 4647 3532 4714 tetralojgiat

1959 4753 2086 4797 sum
2133 4759 2350 4797 novem.
2409 4742 2561 4797 Plato
2591 4756 2795 4810 pauper
2840 4739 2942 4794 fuit
2984 4749 3040 4793 et
3085 4738 3426 4792 solummodo
3476 4737 3529 4789 in

267 4851 408 4892 mea
455 4836 543 4900 F.,
577 4843 734 4903 poeta
765 4833 952 4901 epicus
990 4840 1042 4884 et
1097 4831 1228 4900 ipse.
1265 4829 1496 4897 Scripsit
1557 4827 1850 4882 Historiam

265 4931 502 4992 rat-iam,
536 4925 805 4984 versibus,
834 4939 996 4992 quam
1027 4922 1300 4990 inscripsit
1341 4921 1598 4991 Ἰιραιχαὶ
1625 4920 1699 4986 (8)
1722 4920 1852 4970 Θεο-

265 5022 497 5088 γλμίαι,
543 5016 616 5070 De
642 5017 856 5069 heroum
885 5024 934 5067 et
963 5015 1178 5067 dearum
1211 5015 1431 5081 nuptiis,
1465 5013 1634 5066 libros
1657 5009 1723 5064 VI
1756 5013 1852 5080 (9).

269 5113 412 5167 Item
443 5110 570 5173 alia,
605 5108 855 5164 oratione
889 5109 1086 5161 soluta.

346 5201 618 5264 Pittacus,
655 5198 1011 5269 Mytilenaeus,
1051 5197 1198 5252 Caici
1237 5198 1318 5253 vel
1356 5197 1643 5271 Hyrrhadii
1686 5194 1859 5253 Thra-

269 5298 380 5360 eis,
416 5303 469 5348 et
501 5291 694 5347 matris
726 5288 933 5345 Lesbiae
966 5287 1050 5355 F.,
1087 5300 1247 5344 natus
1277 5287 1596 5360 Olympiade
1636 5278 1849 5354 XXXII.

1958 4837 2250 4889 Academia
2294 4833 2537 4903 possedit
2571 4835 2810 4891 hortum.
2857 4848 2918 4885 ex
2968 4847 3078 4900 quo
3118 4832 3282 4884 trium
3336 4844 3534 4882 aureo-

1955 4944 2075 4982 rum
2117 4938 2410 4997 proventus
2443 4926 2737 4995 quotannis
2783 4926 3054 4979 redibant.
3088 4925 3193 4978 Sed
3252 4936 3534 4976 successo-

1956 5021 2109 5074 ribus
2141 5019 2261 5087 ejus
2312 5033 2404 5086 per
2458 5017 2835 5070 liberalitatem
2892 5017 3174 5068 hominum
3216 5023 3532 5072 sanctorum

1955 5122 2009 5165 et
2037 5112 2358 5167 eruditionis
2409 5110 2733 5174 amantium,
2783 5109 2877 5179 qui
2927 5108 3287 5177 philoSOpbize
3338 5105 3530 5161 studris

1959 5201 2345 5270 promovendis
2368 5209 2689 5254 testamento
2711 5215 2809 5254 sua
2845 5200 3182 5268 reliquerunt
3210 5200 3372 5263 bona,
3392 5209 3530 5255 tota:

1967 5291 2177 5345 reditus
2237 5290 2382 5343 mille
2414 5290 2493 5343 rel
2559 5290 2794 5360 plurium
2853 5290 3016 5343 etiam
3060 5305 3351 5344 aurem-um
3409 5289 3532 5343 fuit.

351 5497 431 5568 (8)
460 5493 848 5568 Kuster.re_cte
872 5493 1026 5568 malit.
1045 5494 1097 5547 in
1125 5494 1280 5561 longa
1313 5493 1671 5568 nota__legere
1692 5489 1854 5568 i1pr-

275 5563 373 5623 zd.
399 5563 544 5620 Idem
571 5575 728 5634 negat
750 5563 1097 5626 Pisandrum,
1124 5577 1402 5634 auctorem
1434 5565 1712 5633 Ἡρωῐκών
1737 5564 1857 5614 θεο-

273 5637 524 5708 γαμιὼν,
550 5633 1006 5708 sub;A|exandro,
1028 5635 1303 5708 Mammeae
1330 5633 1632 5708 I“.7VIXIS_S¢.
1655 5634 1856 5687 Contra

272 5704 518 5780 Iudicat,
553 5721 583 5759 a
639 5704 804 5780 Suida
836 5705 1100 5780 confusos
1152 5706 1323 5780 fuisse
1378 5707 1487 5759 duo
1545 5705 1855 5780 Pisandros.

276 5775 448 5834 Conf.
493 5792 657 5846 supra
692 5777 758 5829 ad
789 5777 894 5828 vol.
934 5775 972 5838 l,
1016 5792 1134 5845 pag.
1184 5777 1308 5840 ‘21.“),
1333 5790 1394 5828 ac
1433 5792 1552 5844 pag.
1588 5776 1710 5832 59o.
1741 5786 1857 5830 net.

274 5854 458 5909 Iis-'11..

2036 5491 2108 5561 (9)
2139 5491 2291 5557 Quod
2321 5486 2510 5561 Steph.
2530 5490 2894 5563 Byzantiusv.
2915 5491 3188 5563 Ἀστακος
3209 5489 3534 5545 Pisandrum

1961 5563 2146 5616 laudat
2173 5579 2222 5616 tn
2252 5563 2471 5626 decmto,
2490 5573 2543 5615 et
2562 5561 2677 5615 roc.
2698 5561 2901 5623 Λυκόζε
2913 5579 2988 5622 t1,
3015 5563 3066 5613 in
3091 5562 3293 5614 decimo
3309 5571 3498 5630 quarto
3519 5575 3537 5622 ,'

1965 5633 2164 5687 Kuster
2194 5637 2386 5701 probat
2426 5634 2713 5687 lectionem
2745 5635 2977 5685 dum-um
3008 5643 3230 5685 msstor.
3268 5631 3442 5685 Paris.
3466 5631 3538 5682 to

1969 5704 2193 5772 βίῦλιοις
2252 5707 2292 5767 ξ’
2327 5706 2378 5757 id
2415 5715 2501 5758 est
2525 5705 2675 5756 libris
2714 5703 3006 5770 sexaginta.
3041 5701 3243 5754 Saltem
3282 5708 3430 5770 patet
3469 5715 3536 5754 ex

1969 5776 2150 5906 atatis
2175 5775 2494 5829 Pisandrqu
2521 5775 2707 5845 plures
2730 5788 2892 5844 quam
2921 5788 3012 5826 sea:
3033 5773 3204 5826 libros
3227 5773 3534 5840 scripsisse.

2021 5860 2143 5898 λιιι..

2021 5860 2143 5898 ΑΜ..
