4208 6496
198 440 330 504 ῙῙΞΞΩ

1437 437 1534 495 DE
1574 436 1861 507 QUIBUS
1902 435 2199 497 SUIDAS.

3306 426 3440 497 i330

191 574 277 608 sn-
300 571 336 607 υ
364 554 540 609 astatis
580 552 759 606 LVIII.
793 551 1021 621 SCripsit
1058 551 1480 615 Onomasticum,
1508 548 1656 620 quod
1683 561 1765 605 est

1882 554 2327 626 Πολυμνήστεια)
2360 561 2579 623 propter
2602 554 2989 608 obscenitatcm
3019 551 3459 620 perstringuntur

191 648 443 699 collectio
496 645 884 698 vocabulorum
929 643 1268 696 diversorum
1299 657 1419 710 quae
1474 642 1540 695 de
1574 641 1763 695 eadem

199 755 255 790 re
290 738 567 795 dicuntur,
594 735 744 787 libris
776 732 863 794 X;
896 733 1289 799 Disputationes
1318 733 1429 786 sive
1459 732 1773 797 Sermones;

192 828 641 889 Declamationes;
686 824 962 879 Commodi
1014 824 1245 877 Ca'saris
1307 822 1770 892 Epithalamium;

195 923 502 977 Orationem
553 920 621 970 ad
678 916 939 972 Romanos
998 919 1257 981 habitam,
1324 918 1632 985 Ῥο-ιμαῖκδν
1684 918 1771 970 Me

192 1031 321 1080 70v;
365 1010 794 1075 Buccinatorem,
816 1010 928 1062 sive
960 1008 1235 1062 Certamen
1260 1012 1549 1069 musicum;
1579 1009 1775 1062 Contra

193 1107 550 1173 Sinopenses;
613 1102 1009 1171 Πανελλήνιον,
1057 1100 1364 1155 Orationem
1412 1102 1465 1153 in
1524 1112 1776 1154 conventu

192 1198 359 1252 totius
397 1194 619 1251 ercia:
665 1196 941 1257 habitam;
987 1193 1349 1263 Ἀρκαδικὸν,
1395 1194 1476 1246 Ad
1522 1194 1777 1253 Arcades,

190 1302 254 1346 et
280 1291 406 1345 alia.

269 1384 457 1443 Polus,
507 1382 919 1453 Agrigentinus,
961 1388 1169 1442 orator,
1203 1380 1282 1433 vel
1313 1379 1496 1448 potius
1532 1378 1780 1445 antiquo-

192 1490 315 1527 rum
349 1474 718 1543 snphiSIarum
747 1487 913 1534 unus,
939 1469 1204 1539 Licymnii
1239 1471 1516 1539 magister.
1550 1468 1781 1534 Scripsit

193 1563 569 1631 Genealogiam
597 1561 903 1616 Cra’corum
933 1570 981 1613 et
1011 1560 1395 1622 Barbarornm,
1425 1559 1515 1626 qui
1542 1558 1610 1609 ad
1646 1556 1779 1610 Tro-

187 1659 308 1725 jum
340 1656 529 1709 bellum
553 1667 819 1723 gesserunt
847 1662 896 1705 et
918 1668 1078 1721 quem
1104 1652 1306 1707 exitum
1338 1651 1570 1718 quisque
1591 1665 1780 1703 eorum

198 1748 473 1801 habuerit.
512 1748 744 1812 Quidam
788 1756 966 1798 tamen
1012 1758 1151 1811 Opus
1208 1743 1314 1795 hoc
1356 1741 1626 1795 Damastie
1686 1742 1783 1793 tri-

194 1841 409 1904 buunt;
450 1838 677 1891 Narium
719 1838 1059 1905 catalogum;
1100 1835 1170 1889 De
1208 1835 1494 1887 rocabulis.

271 1928 578 1999 Polymnus,
616 1928 937 1992 Sardianus,
989 1927 1253 1996 sophista,
1299 1927 1401 1979 sub
1443 1927 1621 1995 primo
1662 1925 1776 1977 (Σω-
1810 1909 1851 1963 Β

194 2038 344 2086 sare,
366 2022 518 2074 Caio.
552 2022 782 2090 Scripsit
820 2020 1099 2075 Orationes
1133 2021 1364 2087 forenses
1396 2029 1447 2072 et
1496 2035 1777 2072 causarum

192 2116 303 2167 sive
351 2114 768 2180 patrociniorum
821 2114 1040 2179 formas,
1075 2112 1248 2163 Δεκῶν
1276 2112 1395 2180 ἦτοι
1441 2108 1779 2178 συνηγοριῶν

193 2205 604 2269 ὑποτυπώσεις,
628 2204 864 2257 Parthici
902 2204 1155 2269 triumphi
1187 2203 1353 2254 libros
1387 2199 1505 2264 ΙΙΙ,
1531 2211 1583 2254 et
1614 2202 1739 2252 alia.

276 2295 585 2364 Polyaenus,
643 2295 885 2357 Macedo,
939 2294 1144 2347 rhetor.
1184 2294 1413 2363 Scripsit
1446 2293 1518 2345 De
1560 2292 1777 2355 Thebis;

197 2385 538 2440 Tactirorum
576 2386 738 2439 libros
773 2384 895 2448 Ill,
930 2395 980 2438 et
1013 2387 1139 2437 alia.

270 2479 547 2549 Polybius,
592 2478 719 2531 Luci
752 2478 840 2540 F.,
886 2492 947 2530 ex
987 2476 1303 2545 Megalopoli
1358 2478 1624 2541 Arcanlizc,
1664 2477 1775 2530 Srio

194 2570 380 2638 pionis
445 2569 687 2623 Africani
730 2577 1026 2635 prmceptor
1079 2576 1131 2618 et
1177 2565 1398 2618 Pantetii
1468 2566 1776 2634 philosophi

194 2662 449 2730 aequalis.
476 2672 715 2728 tempore
742 2658 1013 2711 Ptolema-i
1046 2660 1341 2725 Everget's.
1378 2657 1472 2711 llic
1501 2661 1775 2727 copiosum

196 2757 350 2807 illam
386 2752 681 2805 Historiam
710 2752 1000 2805 Romanam
1032 2753 1181 2803 libris
1206 2750 1301 2802 XL
1331 2752 1569 2820 scripsit,
1598 2770 1626 2805 a
1656 2752 1779 2820 luga

196 2846 509 2901 Cleomenis
574 2844 823 2913 Spartani
888 2845 952 2897 ad
988 2844 1243 2896 Perseum
1278 2842 1512 2913 Philippi
1549 2843 1633 2905 F.,
1674 2844 1781 2897 Ma-

198 2942 473 2994 cedonum
516 2938 855 2992 successioni
894 2953 978 2990 res
1019 2952 1047 2989 a
1087 2937 1345 2989 Romanis
1382 2948 1559 3004 gestas
1591 2937 1781 2990 ordine

197 3032 520 3084 adnectens.
584 3028 791 3098 Polyhii
843 3027 1138 3081 Historiam
1188 3030 1526 3081 continuavit
1560 3028 1781 3081 Posido-

199 3123 353 3184 nitts,
404 3121 755 3188 Olbiopolita,
804 3120 1069 3186 sophista.
1106 3118 1303 3171 Strabo
1343 3135 1577 3187 quoque,
1622 3121 1781 3172 Ama-

198 3214 444 3276 scensis,
481 3212 700 3279 SCripsit
752 3210 1047 3264 Historiam
1107 3210 1232 3262 inde
1286 3210 1632 3277 imipientcn:
1689 3210 1777 3262 ubi

197 3306 469 3375 Polybius
500 3304 722 3367 desinit,
751 3304 905 3357 libris
938 3302 1122 3355 XLIII.

278 3398 609 3466 I‘olycarpus
649 3396 877 3448 Joannis
929 3394 1586 3461 evangelistze,theologi,
1630 3395 1782 3447 ειυςὶἱ-

198 3502 310 3551 tor,
335 3504 623 3543 successor
645 3488 856 3548 Bucoli,
894 3486 1055 3555 primi
1083 3488 1487 3554 Stnyrmcorum
1521 3485 1781 3552 cpisropi,

200 3581 468 3648 martyrio
504 3594 605 3647 pro
658 3578 879 3631 Christo
916 3570 1332 3629 consummatus
1362 3584 1443 3627 est
1473 3576 1575 3628 sub
1604 3574 1785 3629 Marco

198 3672 503 3725 Antonino.
535 3668 833 3738 Epistolam
867 3667 1089 3735 scripsit
1126 3668 1192 3718 ad
1228 3664 1609 3733 Philippenscs,
1644 3666 1783 3718 πάνυ

199 3764 554 3831 Θαυμαστήν,
589 3762 814 3815 omnino
869 3759 1271 3821 admirabilem,
1310 3769 1360 3810 et
1409 3759 1489 3811 Ad
1539 3774 1784 3826 magnum

201 3855 518 3922 Dionysium
552 3853 951 3918 Areopagitam,
997 3861 1043 3901 et
1078 3850 1146 3900 ad
1191 3849 1327 3901 alias
1363 3848 1651 3901 Ecclesias.
1688 3847 1787 3902 Hic

199 3945 275 3997 ob
314 3943 577 4011 quosdam
633 3957 795 4009 super
828 3940 915 3993 die
947 3938 1229 3993 Paschalis
1260 3941 1610 4005 quaestiones,
1652 3941 1783 4009 imp.

197 4036 482 4088 Antonino
530 4032 644 4096 Pio,
687 4041 743 4086 et
793 4031 1046 4084 Ecclesiae
1098 4028 1357 4082 Romana:
1408 4032 1783 4100 episcopatum

199 4132 428 4194 gerente
485 4121 730 4183 Aniceto,
770 4120 1000 4173 Romam
1036 4118 1206 4182 venit,
1267 4119 1358 4171 ubi
1414 4120 1647 4179 multos,
1692 4124 1782 4189 qui

202 4215 497 4268 Marcionis
556 4223 609 4266 et
658 4211 930 4265 Valentini
988 4211 1251 4263 doctrinae
1302 4212 1663 4273 crediderant.
1718 4214 1786 4266 ad

204 4308 369 4360 tidem
427 4307 721 4358 revocavit.
784 4305 1043 4358 Marcioni
1091 4306 1305 4357 obviam
1355 4304 1492 4358 forte
1542 4306 1685 4359 laeto
1735 4318 1788 4362 et

203 4398 413 4450 dicenti
450 4412 463 4447 :
509 4399 740 4464 Agnosre
772 4376 891 4458 nos,
930 4383 1243 4463 Polyctirpe,
1274 4396 1555 4462 respondit
1593 4413 1604 4447 :
1640 4398 1788 4450 Γνω-

178 4489 345 4559 ⁷ρίζω
379 4504 460 4551 σε,
498 4488 735 4556 Agnosco
760 4497 807 4539 te
833 4487 1239 4555 primogenitum
1279 4485 1479 4538 diaboli
1517 4488 1711 4553 ﬁlium.

1878 660 1907 699 a
1928 646 2171 701 comicis.
2197 646 2359 701 Conl.
2380 646 2599 700 Kusteri
2630 654 2742 698 not.
2769 646 2800 698 8
2829 646 2879 699 in
2905 655 3038 699 tom.
3070 643 3158 703 III,
3187 657 3306 711 pag.
3336 642 3456 696 I76.

1949 738 2251 809 Polyzelus,
2284 738 2547 805 comicus,
2573 738 2732 806 cujus
2751 738 2996 790 dramata
3026 744 3151 791 sunt
3180 749 3194 788 :
3222 733 3457 802 Νίτττρα,

1879 831 2360 900 Δημοτυνδάρεως,
2421 830 2652 884 Μουσῶν
2700 829 2876 899 γοναὶ,
2937 828 3193 881 Διονύσου
3264 826 3416 896 γοναὶ
3446 864 3461 889 ,

1915 922 2233 990 Ἀφροδίτης
2259 922 2437 988 γοναί.

1951 1012 2305 1081 Porphyrius,
2340 1011 2602 1080 petulanti
2648 1020 2703 1064 et
2750 1009 3014 1064 maledica
3073 1010 3255 1076 lingua
3307 1009 3465 1063 Chri-

1882 1106 2092 1159 stianos
2142 1106 2461 1167 insectatus,
2511 1102 2736 1171 proprio
2774 1103 2993 1155 nomine
3023 1100 3203 1155 dictus
3243 1108 3326 1154 est
3368 1099 3464 1169 βα-

1882 1196 2081 1259 σιλεύς,
2112 1194 2423 1265 (Halchus),
2453 1211 2518 1248 ex
2545 1193 2689 1265 Tyro
2711 1193 3314 1254 thniciteoriundus,
3344 1193 3467 1261 phi-

1882 1287 2162 1355 losoplms,
2193 1285 2495 1355 discipulus
2524 1285 2740 1347 Amelii,
2780 1285 2997 1341 Plotino
3046 1287 3307 1353 magistro
3354 1284 3464 1348 usi,

1879 1376 2169 1433 Jnnblichi
2200 1381 2481 1445 magister,
2519 1379 2652 1432 vixit
2684 1376 2957 1431 Aureliani
2998 1377 3361 1446 temporibus.
3398 1385 3456 1430 et

1883 1473 2048 1526 vitam
2076 1472 2331 1541 produxit
2357 1487 2529 1540 usque
2559 1471 2623 1523 ad
2653 1468 3049 1524 Diocletianum
3087 1468 3221 1537 imp.
3248 1466 3471 1521 Atidivit

1882 1573 1935 1618 et
1965 1564 2295 1633 Longinum,
2342 1564 2618 1617 criticum.
2669 1561 2906 1630 Scripsit
2946 1562 3115 1615 libros
3146 1575 3311 1629 quam
3347 1558 3468 1628 plu-

1885 1659 2075 1718 rimos,
2112 1657 2547 1725 philosophicos,
2582 1654 2893 1709 rhetoricos
2938 1664 2990 1707 et
3029 1652 3420 1721 grammaticos
3452 1668 3466 1705 :

1885 1750 1961 1804 De
1988 1751 2179 1803 divinis
2206 1748 2503 1801 nominibus
2536 1746 2730 1798 librum
2768 1743 2816 1808 l;
2847 1744 2921 1799 De
2954 1742 3256 1813 principiis,
3292 1742 3469 1804 duos;

1889 1842 1961 1895 De
1986 1842 2232 1902 materia,
2263 1856 2378 1903 sex;
2414 1838 2487 1892 De
2517 1839 2698 1891 anima
2726 1838 2977 1890 adversus
3013 1834 3289 1899 Boethnm,
3322 1833 3470 1903 quin.

1884 1956 2015 2008 que;
2052 1938 2124 1992 De
2158 1938 2481 1991 abstinentia
2532 1935 2596 1989 ab
2636 1936 2890 1988 animatis
2931 1934 3092 1989 libros
3136 1932 3241 1989 ιγ.
3296 1931 3373 1986 De
3417 1948 3471 1985 se

1884 2032 1998 2100 ipso
2029 2030 2404 2098 cognoscendo,
2432 2030 2567 2100 Περὶ
2590 2028 2684 2081 τοῦ
2708 2028 2877 2096 γνῶθι
2902 2027 3151 2091 σεαυτόν,
3180 2026 3341 2078 libros
3363 2022 3387 2077 1
3410 2023 3470 2085 Υ;

1887 2121 1963 2174 De
1998 2122 2359 2187 incorporeis;
2394 2118 2563 2173 Unam
2615 2136 2725 2172 esse
2778 2118 3023 2171 Platonis
3074 2127 3123 2170 et
3174 2115 3470 2170 Aristotelis

1886 2223 2099 2270 sectam,
2134 2210 2296 2263 libros
2349 2207 2480 2273 VH;
2504 2211 2564 2262 In
2594 2206 2873 2261 lulianum
2897 2206 3205 2261 Chaldaeum
3238 2222 3256 2269 ;
3286 2204 3472 2258 Philo-

1887 2304 2150 2372 sOphicam
2180 2302 2477 2363 historiam,
2519 2301 2679 2354 libros
2728 2298 2837 2364 IV;
2887 2298 3087 2353 Contra
3133 2297 3469 2351 Christianos

1887 2396 2044 2448 libros
2080 2394 2207 2459 XV;
2243 2394 2315 2447 De
2345 2393 2627 2447 Homerica
2662 2391 3024 2460 philosophia;
3054 2391 3310 2443 Adversus
3348 2390 3473 2441 Ari-

1886 2487 2140 2547 stotelem,
2162 2486 2251 2554 qni
2285 2486 2520 2537 anintam
2554 2481 2893 2535 entelechiam
2920 2497 3030 2534 esse
3083 2480 3290 2544 statuit;
3318 2477 3473 2531 Φιλο-

1886 2580 2047 2647 λόγου
2077 2577 2335 2646 ἱστορίας,
2359 2574 2609 2628 Historia:
2632 2574 2959 2642 philol09ictr
2977 2572 3138 2625 libros
3180 2569 3254 2633 V;
3289 2569 3362 2623 De
3388 2586 3476 2639 ge-

1888 2689 2027 2734 nere,
2078 2671 2266 2737 specie,
2316 2669 2635 2736 differentia,
2688 2668 2901 2733 proprio
2954 2674 3001 2717 et
3043 2664 3345 2725 accidente;
3395 2661 3473 2716 De

1890 2761 2008 2814 Nili
2068 2761 2297 2828 fontibus
2366 2760 2658 2812 secundum
2710 2756 3052 2818 Pindarum;
3100 2755 3173 2808 De
3220 2755 3472 2816 utilitate,

1887 2868 2041 2921 quam
2081 2867 2221 2918 reges
2263 2866 2325 2902 ex
2348 2853 2577 2903 Homero
2616 2856 2830 2916 possunt
2860 2846 3142 2915 percipere,
3180 2844 3343 2897 libros
3370 2842 3417 2896 Χ
3448 2859 3466 2905 ;

1888 2941 2351 2995 Miscellanearunt
2392 2937 2760 3008 qurestionum'
2784 2937 2944 2990 libros
2979 2933 3127 2997 VII;
3162 2934 3225 2988 In
3270 2932 3476 3001 Thucy-

1887 3033 2026 3084 didis
2062 3032 2404 3096 Proazmium;
2436 3030 2699 3083 Adversus
2731 3028 3015 3081 Aristidem
3046 3026 3204 3079 libros
3242 3022 3367 3090 VII;
3408 3022 3473 3077 In

1897 3123 2195 3177 Minuciani
2228 3134 2393 3176 artem
2426 3133 2479 3177 et
2508 3123 2610 3175 alia
2634 3120 2888 3190 plurima,
2924 3119 3192 3188 praecipue
3220 3127 3474 3171 astrono-

1826 3260 1848 3280 ,
1889 3218 2048 3280 ntiCn,
2088 3218 2227 3269 inter
2277 3231 2397 3284 quae
2444 3224 2498 3269 et
2544 3212 2872 3283 Εἰσαγωγὴν
2923 3209 3470 3282 ἀστρονομουμένων,

1888 3307 2343 3359 Introductionem
2399 3307 2453 3357 in
2526 3321 2605 3357 res
2674 3305 3054 3357 astronomicas
3105 3301 3265 3355 libros
3319 3299 3456 3367 Ill;

1890 3399 2125 3464 itemque
2160 3396 2331 3449 Dubia
2373 3396 2744 3464 grammatica.

1962 3486 2776 3558 Posidippus,,Cassandrcnsis,
2811 3485 3043 3559 Cynisci
3092 3483 3179 3548 F.,
3202 3484 3469 3551 comicus,

1886 3582 1976 3649 qui
2023 3582 2183 3633 tertio
2224 3594 2369 3632 anno
2400 3585 2522 3647 post
2560 3576 2842 3629 Menandri
2876 3564 3093 3629 obiium
3124 3574 3350 3631 fabulas.
3377 3572 3476 3627 do-

1885 3686 2008 3725 cere
2049 3671 2235 3738 cmpit.
2270 3668 2525 3723 Dramata
2558 3668 2675 3736 ejus
2704 3676 2833 3720 sunt
2859 3665 2924 3719 ad
2954 3663 3120 3719 XXX.

1964 3762 2327 3820 Posidonius,
2378 3758 2767 3827 Apameensis,
2827 3756 2997 3827 Syrus
3039 3763 3133 3809 aut
3178 3754 3428 3809 Rhodius
3458 3795 3473 3816 ,

1888 3854 2253 3924 philosophus
2299 3851 2541 3912 Stoicus,
2576 3848 2906 3920 cognomine
2936 3846 3170 3899 Athleta.
3205 3846 3465 3899 Scholant

1890 3945 2078 3998 habuit
2103 3944 2301 4006 Rhodi,
2328 3944 2629 4007 discipulus
2660 3952 2711 3995 et
2736 3955 3023 3995 successor
3047 3940 3284 3993 Panaetii.
3316 3937 3476 3993 Venit

1887 4034 2116 4088 Romam
2157 4036 2260 4089 sub
2317 4034 2387 4087 Μ.
2421 4034 2693 4097 Marcello.
2737 4029 2972 4101 Scripsit
3011 4031 3203 4084 multa.

1956 4125 2306 4188 Posidonius,
2364 4125 2788 4188 Alexandrinus,
2839 4122 3197 4192 philosophus
3234 4121 3471 4182 Stoicus,

1888 4217 2123 4271 Zenobis
2174 4218 2329 4271 Citiei
2382 4216 2708 4285 discipulus.
2737 4214 2967 4284 Scripsit
2996 4213 3315 4278 Historiam,
3350 4214 3475 4267 inde

1888 4310 2257 4378 incipientem,
2289 4309 2377 4363 ubi
2408 4308 2607 4361 desinit
2634 4305 2915 4376 Polybius,
2961 4306 3109 4359 libris
3138 4303 3270 4369 LII,
3301 4320 3472 4374 usque

1860 4385 1954 4456 ‘ad
1982 4402 2179 4455 bellum
2211 4402 2572 4470 Cyrenaicum
2607 4408 2659 4453 et
2690 4398 3065 4454 Ptolemaeum.
3103 4398 3237 4452 Item
3275 4396 3472 4453 Decla-

1891 4496 2140 4547 mationes
2210 4494 2547 4555 rhetoricas;
2586 4491 2649 4545 In
2699 4490 3091 4544 Demosthenem
3138 4498 3469 4559 argumenta.

279 4577 619 4647 Polycrates,
652 4576 1025 4638 Atheniensis,
1076 4586 1261 4628 orator
1304 4576 1456 4628 valde
1504 4580 1785 4646 eloquens,
1823 4605 1863 4659 υ
1895 4585 1997 4639 Sed
2037 4586 2150 4638 haec
2201 4595 2349 4653 puto,
2384 4584 2565 4653 potius
2605 4598 2726 4638 esse
2767 4581 3067 4644 Posidonii,
3102 4579 3465 4650 Olbiopoliup,

200 4670 299 4739 qui
329 4679 447 4736 post
485 4668 720 4738 Anytum
762 4679 815 4721 et
864 4666 1103 4723 Melitum
1148 4668 1425 4721 orationes
1454 4679 1640 4722 contra
1681 4670 1785 4726 So-

199 4769 411 4814 cratem
440 4760 674 4827 scripsit.

275 4854 625 4921 Polyeuctus,
661 4852 929 4914 comicus,
962 4849 1119 4917 cujus
1146 4852 1333 4907 drnma
1382 4854 1626 4923 Ἡνίοχος
1673 4871 1784 4907 me-

200 4953 454 4997 moratur
502 4943 781 4997 Athenazo.
820 4942 943 4996 Fuit
989 4952 1042 4997 et
1074 4954 1235 4998 aetate
1276 4957 1465 4999 nostra
1514 4949 1626 5017 (l3)
1685 4948 1786 5001 Po-

201 5038 472 5104 Iyeuctus,
507 5045 609 5088 etc.
648 5033 819 5103 Supra
858 5035 910 5087 in
958 5034 1221 5103 Ἡνίοχος.

270 5124 626 5194 Polygnotus,
666 5126 861 5193 pictor,
897 5124 1158 5191 Thasius,
1208 5126 1607 5195 Aglaophootis
1640 5129 1783 5183 lilius

198 5226 253 5271 et
280 5215 607 5284 discipulus,
643 5231 804 5284 quem
833 5218 1193 5271 Athenienses
1223 5220 1442 5272 civitate
1488 5222 1784 5284 donarunt,

200 5309 285 5361 vel
316 5308 459 5375 quod
500 5309 765 5375 porticum
799 5310 1045 5377 pmcilem
1080 5310 1251 5377 gratis
1281 5311 1567 5379 pinxisset,
1602 5314 1682 5366 vel
1718 5314 1786 5367 ob

201 5400 450 5468 picturas
482 5400 535 5452 in
566 5398 850 5453 Thesauro
886 5411 937 5452 et
967 5398 1206 5454 Annaeo.

274 5492 642 5563 Polytnncsti,
705 5490 1065 5561 Colaphonii,
1142 5492 1467 5559 citharoedi,
1542 5496 1782 5549 carmina

276 5688 390 5753 (I3)
426 5684 659 5740 zEtatem
697 5684 918 5739 Luciani
971 5686 1230 5754 intelligo,
1274 5687 1365 5753 qui
1397 5686 1447 5738 in
1492 5686 1633 5739 hunc
1666 5686 1770 5740 Po-

199 5760 496 5828 lycucmm,
529 5756 850 5828 sophistutn,
877 5756 1095 5828 scripsit
1124 5772 1280 5828 suum
1311 5756 1769 5828 Pseudologistatn

201 5826 270 5885 Ἥ
308 5828 431 5895 περὶ
470 5826 557 5878 τοῦ
586 5826 920 5895 ἁποᾳρὲδος,
944 5837 979 5879 t.
1015 5826 1051 5879 II
1089 5827 1213 5881 edit.
1252 5827 1552 5881 Amstclod.
1589 5842 1638 5895 p.
1670 5827 1771 5882 452

1890 4678 2172 4745 δοριιίςιίὲ.
2350 4711 2357 4718 -
2704 4736 2713 4743 ο

1962 4766 2309 4829 Posidonius,
2349 4764 2707 4833 Olbiopolita,
2759 4763 3001 4833 sophista
3054 4772 3107 4815 et
3146 4761 3465 4816 historicus.

1892 4860 2123 4928 Scripsit
2164 4859 2237 4913 De
2279 4858 2488 4913 Oceano
2519 4868 2566 4911 et
2601 4857 2771 4921 rebus,
2812 4872 2929 4926 qua:
2981 4857 3037 4908 in
3072 4872 3132 4909 eo
3176 4866 3338 4916 sunt;
3396 4852 3469 4905 De

1888 4954 2116 5021 regione,
2158 4968 2275 5021 qua:
2311 4950 2500 5019 Tyrira
2533 4958 2768 5012 vocatur;
2798 4949 3006 5000 Atticas
3036 4946 3289 4999 historias
3314 4944 3467 4998 libris

1894 5042 1996 5106 IV;
2032 5043 2221 5114 Libyco
2260 5042 2409 5095 libris
2442 5039 2546 5099 XI,
2576 5050 2627 5091 ct
2658 5040 2761 5091 alia
2795 5039 3059 5107 quadam.

1963 5134 2305 5197 Posidonius,
2335 5131 2426 5200 qui
2459 5131 2681 5199 scripsit
2708 5130 2987 5200 Παλμικὸν
3012 5129 3299 5197 οἰώνισμα,
3334 5126 3466 5197 (Su-
3504 5134 3517 5137 ‘

1888 5241 2004 5295 pra,
2042 5228 2094 5280 in
2125 5223 2532 5295 Οἰωνιστικήν.)

1959 5315 2293 5376 Postumius,
2324 5311 2626 5373 Romanus,
2656 5310 2837 5378 Capua
2870 5309 3157 5374 oriundus,
3189 5308 3339 5361 initio
3369 5324 3466 5361 au-

1888 5404 2125 5467 rifaber,
2188 5402 2387 5455 deinde
2439 5411 2562 5470 post
2624 5399 2961 5455 tricesimum
3017 5399 3196 5454 astatis
3262 5414 3463 5453 annum

1884 5496 2125 5550 Athenas
2187 5493 2483 5565 prolectus,
2519 5492 2829 5548 Griecortttn
2862 5491 3057 5547 litteris
3109 5490 3359 5545 eruditus
3413 5502 3464 5542 ct

1881 5705 1963 5756 sq.
1995 5691 2159 5749 FABB.
2195 5691 2395 5748 Confer
2451 5704 2614 5761 supra
2666 5689 2730 5747 ad
2764 5704 2884 5747 voc.
2925 5688 3223 5745 Heniochus
3256 5695 3457 5743 notata.

1886 5761 2056 5816 "sal...
