  <div class='ocr_page' id='page_1' title='image "/cluster/home/n/w/nwhite01/storage/ocr_20150623/117/nnc1.0046980202/675.png"; bbox 0 0 4208 6496; ppageno 0'>
   <div class='ocr_carea' id='block_1_1' title="bbox 744 363 876 424">
    <p class='ocr_par' dir='ltr' id='par_1_1' title="bbox 744 363 876 424">
     <span class='ocr_line' id='line_1_1' title="bbox 744 363 876 424; baseline 0 0"><span class='ocrx_word' id='word_1_1' title='bbox 744 363 876 424; x_wconf 81' lang='lat'><strong>1331</strong></span> 
     </span>
    </p>
   </div>
   <div class='ocr_carea' id='block_1_2' title="bbox 1938 363 2708 427">
    <p class='ocr_par' dir='ltr' id='par_1_2' title="bbox 1938 363 2708 427">
     <span class='ocr_line' id='line_1_2' title="bbox 1938 363 2708 427; baseline 0.005 -3"><span class='ocrx_word' id='word_1_2' title='bbox 1938 367 2016 424; x_wconf 71' lang='grc' dir='ltr'><strong>ΙΝ</strong></span> <span class='ocrx_word' id='word_1_3' title='bbox 2029 367 2179 425; x_wconf 72' lang='grc' dir='ltr'><strong>ῡΕΧ</strong></span> <span class='ocrx_word' id='word_1_4' title='bbox 2219 367 2358 424; x_wconf 68' lang='lat' dir='ltr'><strong>SCll</strong></span> <span class='ocrx_word' id='word_1_5' title='bbox 2369 365 2384 421; x_wconf 93' lang='lat' dir='ltr'><strong>I</strong></span> <span class='ocrx_word' id='word_1_6' title='bbox 2395 363 2640 426; x_wconf 69' lang='lat' dir='ltr'>PTORU</span> <span class='ocrx_word' id='word_1_7' title='bbox 2653 369 2708 427; x_wconf 71' lang='grc' dir='ltr'>Μ</span> 
     </span>
    </p>
   </div>
   <div class='ocr_carea' id='block_1_3' title="bbox 3866 365 4004 430">
    <p class='ocr_par' dir='ltr' id='par_1_3' title="bbox 3866 365 4004 430">
     <span class='ocr_line' id='line_1_3' title="bbox 3866 365 4004 430; baseline -0.014 0"><span class='ocrx_word' id='word_1_8' title='bbox 3866 365 4004 430; x_wconf 75' lang='lat'><strong>1332</strong></span> 
     </span>
    </p>
   </div>
   <div class='ocr_carea' id='block_1_4' title="bbox 742 473 4000 545">
    <p class='ocr_par' dir='ltr' id='par_1_4' title="bbox 742 473 4000 545">
     <span class='ocr_line' id='line_1_4' title="bbox 742 473 4000 545; baseline 0 -19"><span class='ocrx_word' id='word_1_9' title='bbox 742 473 929 528; x_wconf 87' lang='lat' dir='ltr'><strong>multis</strong></span> <span class='ocrx_word' id='word_1_10' title='bbox 961 473 1234 542; x_wconf 72' lang='lat' dir='ltr'><strong>pra-claris</strong></span> <span class='ocrx_word' id='word_1_11' title='bbox 1264 473 1566 528; x_wconf 87' lang='lat' dir='ltr'><strong>instructus</strong></span> <span class='ocrx_word' id='word_1_12' title='bbox 1596 475 1839 529; x_wconf 77' lang='lat' dir='ltr'><strong>scientiis</strong></span> <span class='ocrx_word' id='word_1_13' title='bbox 1867 475 1933 527; x_wconf 83' lang='lat' dir='ltr'><strong>ad</strong></span> <span class='ocrx_word' id='word_1_14' title='bbox 1968 489 2144 527; x_wconf 83' lang='lat' dir='ltr'><strong>seram</strong></span> <span class='ocrx_word' id='word_1_15' title='bbox 2184 483 2312 526; x_wconf 56' lang='lat' dir='ltr'><strong>tota-</strong></span> <span class='ocrx_word' id='word_1_16' title='bbox 2344 477 2390 531; x_wconf 78' lang='grc' dir='ltr'>Α</span> <span class='ocrx_word' id='word_1_17' title='bbox 2421 473 2721 545; x_wconf 79' lang='lat' dir='ltr'><strong>habuitque</strong></span> <span class='ocrx_word' id='word_1_18' title='bbox 2792 477 3118 545; x_wconf 84' lang='lat' dir='ltr'><strong>discipulum</strong></span> <span class='ocrx_word' id='word_1_19' title='bbox 3175 488 3228 532; x_wconf 87' lang='lat' dir='ltr'><strong>et</strong></span> <span class='ocrx_word' id='word_1_20' title='bbox 3291 492 3670 534; x_wconf 84' lang='lat' dir='ltr'><strong>successorem</strong></span> <span class='ocrx_word' id='word_1_21' title='bbox 3726 475 4000 529; x_wconf 64' lang='lat' dir='ltr'><strong>Marinum</strong></span> 
     </span>
    </p>
   </div>
   <div class='ocr_carea' id='block_1_5' title="bbox 741 564 2313 636">
    <p class='ocr_par' dir='ltr' id='par_1_5' title="bbox 741 564 2313 636">
     <span class='ocr_line' id='line_1_5' title="bbox 741 564 2313 636; baseline -0.001 -18"><span class='ocrx_word' id='word_1_22' title='bbox 741 576 850 619; x_wconf 89' lang='lat' dir='ltr'><strong>tem</strong></span> <span class='ocrx_word' id='word_1_23' title='bbox 883 567 1032 619; x_wconf 77' lang='lat' dir='ltr'><strong>vixit.</strong></span> <span class='ocrx_word' id='word_1_24' title='bbox 1056 566 1153 619; x_wconf 88' lang='lat' dir='ltr'><strong>llic</strong></span> <span class='ocrx_word' id='word_1_25' title='bbox 1185 567 1248 618; x_wconf 89' lang='lat' dir='ltr'><strong>de</strong></span> <span class='ocrx_word' id='word_1_26' title='bbox 1281 582 1338 620; x_wconf 86' lang='lat' dir='ltr'><strong>se</strong></span> <span class='ocrx_word' id='word_1_27' title='bbox 1365 577 1571 636; x_wconf 86' lang='lat' dir='ltr'><strong>poterat</strong></span> <span class='ocrx_word' id='word_1_28' title='bbox 1608 581 1872 636; x_wconf 89' lang='lat' dir='ltr'><strong>usurpare</strong></span> <span class='ocrx_word' id='word_1_29' title='bbox 1897 566 2025 619; x_wconf 87' lang='lat' dir='ltr'><strong>illud</strong></span> <span class='ocrx_word' id='word_1_30' title='bbox 2054 564 2313 619; x_wconf 84' lang='lat' dir='ltr'><strong>Heracliti</strong></span> 
     </span>
    </p>
   </div>
   <div class='ocr_carea' id='block_1_6' title="bbox 741 655 2314 730">
    <p class='ocr_par' dir='ltr' id='par_1_6' title="bbox 741 655 2314 730">
     <span class='ocr_line' id='line_1_6' title="bbox 741 655 2314 730; baseline -0.001 -17"><span class='ocrx_word' id='word_1_31' title='bbox 741 659 904 726; x_wconf 85' lang='lat' dir='ltr'><strong>(apud</strong></span> <span class='ocrx_word' id='word_1_32' title='bbox 945 655 1246 723; x_wconf 70' lang='lat' dir='ltr'><strong>Iulianum,</strong></span> <span class='ocrx_word' id='word_1_33' title='bbox 1279 670 1420 714; x_wconf 88' lang='lat' dir='ltr'><strong>orat.</strong></span> <span class='ocrx_word' id='word_1_34' title='bbox 1456 660 1508 724; x_wconf 88' lang='lat'><strong>6,</strong></span> <span class='ocrx_word' id='word_1_35' title='bbox 1545 676 1665 728; x_wconf 77' lang='lat' dir='ltr'><strong>pag.</strong></span> <span class='ocrx_word' id='word_1_36' title='bbox 1695 661 1819 730; x_wconf 81' lang='grc'><strong>185)</strong></span> <span class='ocrx_word' id='word_1_37' title='bbox 1856 677 1871 715; x_wconf 87' lang='lat'><strong>:</strong></span> <span class='ocrx_word' id='word_1_38' title='bbox 1911 658 2180 728; x_wconf 82' lang='grc' dir='ltr'>Ἐμαυτὸν</span> <span class='ocrx_word' id='word_1_39' title='bbox 2209 660 2314 712; x_wconf 76' lang='grc' dir='ltr'><strong>ἑδιο</strong></span> 
     </span>
    </p>
   </div>
   <div class='ocr_carea' id='block_1_7' title="bbox 741 747 2311 820">
    <p class='ocr_par' dir='ltr' id='par_1_7' title="bbox 741 747 2311 820">
     <span class='ocr_line' id='line_1_7' title="bbox 741 747 2311 820; baseline 0.001 -20"><span class='ocrx_word' id='word_1_40' title='bbox 741 749 1017 817; x_wconf 75' lang='grc' dir='ltr'><strong>ξησάμην,</strong></span> <span class='ocrx_word' id='word_1_41' title='bbox 1048 747 1135 803; x_wconf 79' lang='lat' dir='ltr'><strong>Me</strong></span> <span class='ocrx_word' id='word_1_42' title='bbox 1164 751 1336 819; x_wconf 75' lang='lat' dir='ltr'><strong>ipsum</strong></span> <span class='ocrx_word' id='word_1_43' title='bbox 1371 753 1607 820; x_wconf 61' lang='lat' dir='ltr'><strong>quassivi.</strong></span> <span class='ocrx_word' id='word_1_44' title='bbox 1647 751 1902 805; x_wconf 79' lang='lat' dir='ltr'><strong>Diversus</strong></span> <span class='ocrx_word' id='word_1_45' title='bbox 1929 766 1957 803; x_wconf 89' lang='lat' dir='ltr'><strong>a</strong></span> <span class='ocrx_word' id='word_1_46' title='bbox 1983 749 2311 814; x_wconf 82' lang='lat' dir='ltr'><strong>Posthumio,</strong></span> 
     </span>
    </p>
   </div>
   <div class='ocr_carea' id='block_1_8' title="bbox 739 839 2311 910">
    <p class='ocr_par' dir='ltr' id='par_1_8' title="bbox 739 839 2311 910">
     <span class='ocr_line' id='line_1_8' title="bbox 739 839 2311 910; baseline 0.001 -18"><span class='ocrx_word' id='word_1_47' title='bbox 739 839 962 892; x_wconf 76' lang='lat' dir='ltr'><strong>consule</strong></span> <span class='ocrx_word' id='word_1_48' title='bbox 998 841 1264 906; x_wconf 65' lang='lat' dir='ltr'><strong>liomano,</strong></span> <span class='ocrx_word' id='word_1_49' title='bbox 1304 856 1442 894; x_wconf 83' lang='lat' dir='ltr'><strong>novo</strong></span> <span class='ocrx_word' id='word_1_50' title='bbox 1494 841 1734 906; x_wconf 82' lang='lat' dir='ltr'><strong>homine,</strong></span> <span class='ocrx_word' id='word_1_51' title='bbox 1771 843 1864 895; x_wconf 88' lang='lat' dir='ltr'><strong>sed</strong></span> <span class='ocrx_word' id='word_1_52' title='bbox 1915 841 2174 910; x_wconf 90' lang='lat' dir='ltr'><strong>superbo,</strong></span> <span class='ocrx_word' id='word_1_53' title='bbox 2206 849 2311 894; x_wconf 89' lang='lat' dir='ltr'><strong>etc.</strong></span> 
     </span>
    </p>
   </div>
   <div class='ocr_carea' id='block_1_9' title="bbox 811 929 2315 1004">
    <p class='ocr_par' dir='ltr' id='par_1_9' title="bbox 811 929 2315 1004">
     <span class='ocr_line' id='line_1_9' title="bbox 811 929 2315 1004; baseline 0.001 -21"><span class='ocrx_word' id='word_1_54' title='bbox 811 929 1100 996; x_wconf 89' lang='lat' dir='ltr'><strong>Potamon,</strong></span> <span class='ocrx_word' id='word_1_55' title='bbox 1132 933 1555 996; x_wconf 80' lang='lat' dir='ltr'><strong>Alexandrinus,</strong></span> <span class='ocrx_word' id='word_1_56' title='bbox 1607 934 1986 1004; x_wconf 89' lang='lat' dir='ltr'><strong>philosophus,</strong></span> <span class='ocrx_word' id='word_1_57' title='bbox 2024 933 2160 986; x_wconf 81' lang='lat' dir='ltr'><strong>vixit</strong></span> <span class='ocrx_word' id='word_1_58' title='bbox 2191 942 2315 986; x_wconf 85' lang='lat' dir='ltr'><strong>ante</strong></span> 
     </span>
    </p>
   </div>
   <div class='ocr_carea' id='block_1_10' title="bbox 738 1022 2316 1094">
    <p class='ocr_par' dir='ltr' id='par_1_10' title="bbox 738 1022 2316 1094">
     <span class='ocr_line' id='line_1_10' title="bbox 738 1022 2316 1094; baseline 0.001 -19"><span class='ocrx_word' id='word_1_59' title='bbox 738 1022 1041 1092; x_wconf 82' lang='lat' dir='ltr'><strong>Augustum</strong></span> <span class='ocrx_word' id='word_1_60' title='bbox 1080 1035 1132 1078; x_wconf 86' lang='lat' dir='ltr'><strong>et</strong></span> <span class='ocrx_word' id='word_1_61' title='bbox 1179 1025 1322 1077; x_wconf 84' lang='lat' dir='ltr'><strong>illius</strong></span> <span class='ocrx_word' id='word_1_62' title='bbox 1361 1035 1622 1094; x_wconf 88' lang='lat' dir='ltr'><strong>tempore.</strong></span> <span class='ocrx_word' id='word_1_63' title='bbox 1671 1025 1800 1085; x_wconf 78' lang='lat' dir='ltr'><strong>Eius</strong></span> <span class='ocrx_word' id='word_1_64' title='bbox 1844 1033 1927 1078; x_wconf 89' lang='lat' dir='ltr'><strong>est</strong></span> <span class='ocrx_word' id='word_1_65' title='bbox 1968 1022 2035 1078; x_wconf 87' lang='lat' dir='ltr'><strong>In</strong></span> <span class='ocrx_word' id='word_1_66' title='bbox 2071 1022 2316 1077; x_wconf 76' lang='lat' dir='ltr'><strong>Platonis</strong></span> 
     </span>
    </p>
   </div>
   <div class='ocr_carea' id='block_1_11' title="bbox 739 1113 2316 1183">
    <p class='ocr_par' dir='ltr' id='par_1_11' title="bbox 739 1113 2316 1183">
     <span class='ocr_line' id='line_1_11' title="bbox 739 1113 2316 1183; baseline 0.005 -18"><span class='ocrx_word' id='word_1_67' title='bbox 739 1115 803 1166; x_wconf 79' lang='lat' dir='ltr'><strong>de</strong></span> <span class='ocrx_word' id='word_1_68' title='bbox 835 1131 939 1183; x_wconf 77' lang='lat' dir='ltr'><strong>rep.</strong></span> <span class='ocrx_word' id='word_1_69' title='bbox 977 1113 1422 1170; x_wconf 82' lang='lat' dir='ltr'><strong>Commentarius.</strong></span> <span class='ocrx_word' id='word_1_70' title='bbox 2314 1170 2316 1173; x_wconf 90' lang='lat'><strong>.</strong></span> 
     </span>
    </p>
   </div>
   <div class='ocr_carea' id='block_1_12' title="bbox 813 1207 2312 1274">
    <p class='ocr_par' dir='ltr' id='par_1_12' title="bbox 813 1207 2312 1274">
     <span class='ocr_line' id='line_1_12' title="bbox 813 1207 2312 1274; baseline -0.001 -15"><span class='ocrx_word' id='word_1_71' title='bbox 813 1207 1107 1274; x_wconf 80' lang='lat' dir='ltr'><strong>Poianmn,</strong></span> <span class='ocrx_word' id='word_1_72' title='bbox 1157 1208 1496 1272; x_wconf 67' lang='lat' dir='ltr'><strong>Mitilcnreus,</strong></span> <span class='ocrx_word' id='word_1_73' title='bbox 1554 1207 1906 1262; x_wconf 85' lang='lat' dir='ltr'><strong>Lcsbonactis</strong></span> <span class='ocrx_word' id='word_1_74' title='bbox 1974 1207 2060 1271; x_wconf 83' lang='lat' dir='ltr'><strong>F.,</strong></span> <span class='ocrx_word' id='word_1_75' title='bbox 2109 1209 2312 1271; x_wconf 92' lang='lat' dir='ltr'><strong>rhetor,</strong></span> 
     </span>
    </p>
   </div>
   <div class='ocr_carea' id='block_1_13' title="bbox 739 1298 2312 1370">
    <p class='ocr_par' dir='ltr' id='par_1_13' title="bbox 739 1298 2312 1370">
     <span class='ocr_line' id='line_1_13' title="bbox 739 1298 2312 1370; baseline 0 -21"><span class='ocrx_word' id='word_1_76' title='bbox 739 1298 926 1352; x_wconf 70' lang='lat' dir='ltr'><strong>Itomie</strong></span> <span class='ocrx_word' id='word_1_77' title='bbox 956 1301 1058 1352; x_wconf 91' lang='lat' dir='ltr'><strong>sub</strong></span> <span class='ocrx_word' id='word_1_78' title='bbox 1113 1299 1332 1352; x_wconf 80' lang='lat' dir='ltr'><strong>Tiberio</strong></span> <span class='ocrx_word' id='word_1_79' title='bbox 1415 1301 1546 1370; x_wconf 90' lang='lat' dir='ltr'><strong>imp.</strong></span> <span class='ocrx_word' id='word_1_80' title='bbox 1596 1300 1960 1368; x_wconf 88' lang='lat' dir='ltr'><strong>eloquentiam</strong></span> <span class='ocrx_word' id='word_1_81' title='bbox 2013 1298 2312 1367; x_wconf 79' lang='lat' dir='ltr'><strong>professus.</strong></span> 
     </span>
    </p>
   </div>
   <div class='ocr_carea' id='block_1_14' title="bbox 740 1391 2316 1462">
    <p class='ocr_par' dir='ltr' id='par_1_14' title="bbox 740 1391 2316 1462">
     <span class='ocr_line' id='line_1_14' title="bbox 740 1391 2316 1462; baseline 0.001 -22"><span class='ocrx_word' id='word_1_82' title='bbox 740 1391 914 1454; x_wconf 87' lang='lat' dir='ltr'><strong>llunc,</strong></span> <span class='ocrx_word' id='word_1_83' title='bbox 956 1393 1006 1444; x_wconf 90' lang='lat' dir='ltr'><strong>in</strong></span> <span class='ocrx_word' id='word_1_84' title='bbox 1041 1393 1271 1460; x_wconf 89' lang='lat' dir='ltr'><strong>patriam</strong></span> <span class='ocrx_word' id='word_1_85' title='bbox 1306 1393 1597 1462; x_wconf 72' lang='lat' dir='ltr'><strong>aliquando</strong></span> <span class='ocrx_word' id='word_1_86' title='bbox 1632 1393 1948 1445; x_wconf 86' lang='lat' dir='ltr'><strong>redeuntem</strong></span> <span class='ocrx_word' id='word_1_87' title='bbox 1971 1433 1983 1453; x_wconf 88' lang='lat'><strong>,</strong></span> <span class='ocrx_word' id='word_1_88' title='bbox 2023 1392 2316 1458; x_wconf 88' lang='lat' dir='ltr'><strong>imperator</strong></span> 
     </span>
    </p>
   </div>
   <div class='ocr_carea' id='block_1_15' title="bbox 737 1483 2313 1544">
    <p class='ocr_par' dir='ltr' id='par_1_15' title="bbox 737 1483 2313 1544">
     <span class='ocr_line' id='line_1_15' title="bbox 737 1483 2313 1544; baseline 0.002 -11"><span class='ocrx_word' id='word_1_89' title='bbox 737 1483 938 1536; x_wconf 75' lang='lat' dir='ltr'><strong>iniibus</strong></span> <span class='ocrx_word' id='word_1_90' title='bbox 977 1484 1173 1538; x_wconf 91' lang='lat' dir='ltr'><strong>litteris</strong></span> <span class='ocrx_word' id='word_1_91' title='bbox 1224 1486 1480 1538; x_wconf 64' lang='lat' dir='ltr'><strong>instruxit</strong></span> <span class='ocrx_word' id='word_1_92' title='bbox 1514 1501 1529 1538; x_wconf 87' lang='lat'><strong>:</strong></span> <span class='ocrx_word' id='word_1_93' title='bbox 1572 1483 1935 1544; x_wconf 79' lang='lat' dir='ltr'><strong>Potamonem,</strong></span> <span class='ocrx_word' id='word_1_94' title='bbox 1973 1484 2313 1536; x_wconf 78' lang='lat' dir='ltr'><strong>Lesbonactis</strong></span> 
     </span>
    </p>
   </div>
   <div class='ocr_carea' id='block_1_16' title="bbox 741 1574 2314 1647">
    <p class='ocr_par' dir='ltr' id='par_1_16' title="bbox 741 1574 2314 1647">
     <span class='ocr_line' id='line_1_16' title="bbox 741 1574 2314 1647; baseline 0.004 -23"><span class='ocrx_word' id='word_1_95' title='bbox 741 1574 831 1638; x_wconf 79' lang='grc'><strong>1”.,</strong></span> <span class='ocrx_word' id='word_1_96' title='bbox 863 1577 906 1628; x_wconf 87' lang='lat' dir='ltr'><strong>si</strong></span> <span class='ocrx_word' id='word_1_97' title='bbox 941 1579 1056 1645; x_wconf 83' lang='lat' dir='ltr'><strong>quis</strong></span> <span class='ocrx_word' id='word_1_98' title='bbox 1093 1579 1289 1645; x_wconf 81' lang='lat' dir='ltr'><strong>injuria</strong></span> <span class='ocrx_word' id='word_1_99' title='bbox 1326 1578 1525 1646; x_wconf 74' lang='lat' dir='ltr'><strong>afﬁcere</strong></span> <span class='ocrx_word' id='word_1_100' title='bbox 1555 1595 1714 1630; x_wconf 85' lang='lat' dir='ltr'><strong>ausus</strong></span> <span class='ocrx_word' id='word_1_101' title='bbox 1763 1579 1946 1647; x_wconf 78' lang='lat' dir='ltr'><strong>fuerit,</strong></span> <span class='ocrx_word' id='word_1_102' title='bbox 1999 1577 2190 1641; x_wconf 79' lang='lat' dir='ltr'><strong>videat,</strong></span> <span class='ocrx_word' id='word_1_103' title='bbox 2246 1596 2314 1630; x_wconf 87' lang='lat' dir='ltr'><strong>an</strong></span> 
     </span>
    </p>
   </div>
   <div class='ocr_carea' id='block_1_17' title="bbox 736 1668 2314 1737">
    <p class='ocr_par' dir='ltr' id='par_1_17' title="bbox 736 1668 2314 1737">
     <span class='ocr_line' id='line_1_17' title="bbox 736 1668 2314 1737; baseline 0.001 -18"><span class='ocrx_word' id='word_1_104' title='bbox 736 1684 936 1719; x_wconf 69' lang='lat' dir='ltr'><strong>necum</strong></span> <span class='ocrx_word' id='word_1_105' title='bbox 970 1668 1158 1720; x_wconf 64' lang='lat' dir='ltr'><strong>bellum</strong></span> <span class='ocrx_word' id='word_1_106' title='bbox 1191 1684 1369 1735; x_wconf 71' lang='lat' dir='ltr'><strong>gcrere</strong></span> <span class='ocrx_word' id='word_1_107' title='bbox 1394 1668 1578 1734; x_wconf 83' lang='lat' dir='ltr'><strong>possit.</strong></span> <span class='ocrx_word' id='word_1_108' title='bbox 1615 1668 1864 1737; x_wconf 86' lang='lat' dir='ltr'><strong>Scripsit,</strong></span> <span class='ocrx_word' id='word_1_109' title='bbox 1901 1670 1973 1721; x_wconf 83' lang='lat' dir='ltr'><strong>De</strong></span> <span class='ocrx_word' id='word_1_110' title='bbox 2014 1669 2314 1723; x_wconf 74' lang='lat' dir='ltr'><strong>Alexandro</strong></span> 
     </span>
    </p>
   </div>
   <div class='ocr_carea' id='block_1_18' title="bbox 737 1755 2308 1825">
    <p class='ocr_par' dir='ltr' id='par_1_18' title="bbox 737 1755 2308 1825">
     <span class='ocr_line' id='line_1_18' title="bbox 737 1755 2308 1825; baseline 0.004 -17"><span class='ocrx_word' id='word_1_111' title='bbox 737 1755 1057 1822; x_wconf 61' lang='lat' dir='ltr'><strong>.‘Iacedone;</strong></span> <span class='ocrx_word' id='word_1_112' title='bbox 1090 1759 1246 1812; x_wconf 75' lang='lat' dir='ltr'><strong>Fines</strong></span> <span class='ocrx_word' id='word_1_113' title='bbox 1279 1761 1603 1824; x_wconf 82' lang='lat' dir='ltr'><strong>Samioritm;</strong></span> <span class='ocrx_word' id='word_1_114' title='bbox 1635 1759 1790 1812; x_wconf 87' lang='lat' dir='ltr'><strong>Bruti</strong></span> <span class='ocrx_word' id='word_1_115' title='bbox 1833 1761 2166 1825; x_wconf 85' lang='lat' dir='ltr'><strong>encominm;</strong></span> <span class='ocrx_word' id='word_1_116' title='bbox 2200 1760 2308 1814; x_wconf 59' lang='grc' dir='ltr'><strong>ϐαίη</strong></span> 
     </span>
    </p>
   </div>
   <div class='ocr_carea' id='block_1_19' title="bbox 734 1852 1837 1920">
    <p class='ocr_par' dir='ltr' id='par_1_19' title="bbox 734 1852 1837 1920">
     <span class='ocr_line' id='line_1_19' title="bbox 734 1852 1837 1920; baseline 0.004 -18"><span class='ocrx_word' id='word_1_117' title='bbox 734 1856 872 1903; x_wconf 80' lang='lat' dir='ltr'><strong>saris</strong></span> <span class='ocrx_word' id='word_1_118' title='bbox 903 1854 1219 1916; x_wconf 83' lang='lat' dir='ltr'><strong>encomium;</strong></span> <span class='ocrx_word' id='word_1_119' title='bbox 1253 1852 1326 1904; x_wconf 76' lang='lat' dir='ltr'><strong>lle</strong></span> <span class='ocrx_word' id='word_1_120' title='bbox 1351 1855 1574 1920; x_wconf 77' lang='lat' dir='ltr'><strong>perfecto</strong></span> <span class='ocrx_word' id='word_1_121' title='bbox 1610 1863 1837 1906; x_wconf 84' lang='lat' dir='ltr'><strong>oratore.</strong></span> 
     </span>
    </p>
   </div>
   <div class='ocr_carea' id='block_1_20' title="bbox 799 1943 1890 2014">
    <p class='ocr_par' dir='ltr' id='par_1_20' title="bbox 799 1943 1890 2014">
     <span class='ocr_line' id='line_1_20' title="bbox 799 1943 1890 2014; baseline 0.003 -17"><span class='ocrx_word' id='word_1_122' title='bbox 799 1943 1025 2007; x_wconf 82' lang='lat' dir='ltr'><strong>Potonc,</strong></span> <span class='ocrx_word' id='word_1_123' title='bbox 1064 1946 1324 2006; x_wconf 59' lang='lat' dir='ltr'><strong>Platonis,</strong></span> <span class='ocrx_word' id='word_1_124' title='bbox 1353 1945 1684 2014; x_wconf 84' lang='lat' dir='ltr'><strong>philosophi,</strong></span> <span class='ocrx_word' id='word_1_125' title='bbox 1711 1961 1890 2000; x_wconf 90' lang='lat' dir='ltr'><strong>soror.</strong></span> 
     </span>
    </p>
   </div>
   <div class='ocr_carea' id='block_1_21' title="bbox 803 2034 2312 2106">
    <p class='ocr_par' dir='ltr' id='par_1_21' title="bbox 803 2034 2312 2106">
     <span class='ocr_line' id='line_1_21' title="bbox 803 2034 2312 2106; baseline 0.004 -20"><span class='ocrx_word' id='word_1_126' title='bbox 803 2034 1076 2095; x_wconf 84' lang='lat' dir='ltr'><strong>Pratinas.</strong></span> <span class='ocrx_word' id='word_1_127' title='bbox 1107 2035 1462 2106; x_wconf 59' lang='lat' dir='ltr'><strong>Pyrihoiiida’,</strong></span> <span class='ocrx_word' id='word_1_128' title='bbox 1495 2037 1576 2090; x_wconf 89' lang='lat' dir='ltr'><strong>vel</strong></span> <span class='ocrx_word' id='word_1_129' title='bbox 1629 2036 1872 2091; x_wconf 82' lang='lat' dir='ltr'><strong>Encomii</strong></span> <span class='ocrx_word' id='word_1_130' title='bbox 1927 2039 1982 2092; x_wconf 89' lang='lat' dir='ltr'><strong>F.</strong></span> <span class='ocrx_word' id='word_1_131' title='bbox 2021 2037 2312 2101; x_wconf 89' lang='lat' dir='ltr'><strong>Phliasius,</strong></span> 
     </span>
    </p>
   </div>
   <div class='ocr_carea' id='block_1_22' title="bbox 734 2126 2315 2198">
    <p class='ocr_par' dir='ltr' id='par_1_22' title="bbox 734 2126 2315 2198">
     <span class='ocr_line' id='line_1_22' title="bbox 734 2126 2315 2198; baseline 0.001 -18"><span class='ocrx_word' id='word_1_132' title='bbox 734 2137 888 2196; x_wconf 83' lang='lat' dir='ltr'><strong>poeta</strong></span> <span class='ocrx_word' id='word_1_133' title='bbox 929 2129 1188 2195; x_wconf 66' lang='lat' dir='ltr'><strong>tragicus,</strong></span> <span class='ocrx_word' id='word_1_134' title='bbox 1221 2129 1312 2195; x_wconf 91' lang='lat' dir='ltr'><strong>qui</strong></span> <span class='ocrx_word' id='word_1_135' title='bbox 1346 2145 1468 2181; x_wconf 91' lang='lat' dir='ltr'><strong>cuin</strong></span> <span class='ocrx_word' id='word_1_136' title='bbox 1508 2126 1767 2198; x_wconf 65' lang='lat' dir='ltr'><strong>Eschylo</strong></span> <span class='ocrx_word' id='word_1_137' title='bbox 1813 2138 1867 2181; x_wconf 87' lang='lat' dir='ltr'><strong>et</strong></span> <span class='ocrx_word' id='word_1_138' title='bbox 1918 2130 2157 2183; x_wconf 75' lang='lat' dir='ltr'><strong>Chmrilo</strong></span> <span class='ocrx_word' id='word_1_139' title='bbox 2195 2147 2315 2182; x_wconf 83' lang='lat' dir='ltr'><strong>cer-</strong></span> 
     </span>
    </p>
   </div>
   <div class='ocr_carea' id='block_1_23' title="bbox 734 2219 2309 2292">
    <p class='ocr_par' dir='ltr' id='par_1_23' title="bbox 734 2219 2309 2292">
     <span class='ocr_line' id='line_1_23' title="bbox 734 2219 2309 2292; baseline 0.002 -20"><span class='ocrx_word' id='word_1_140' title='bbox 734 2221 868 2274; x_wconf 86' lang='lat' dir='ltr'><strong>tavit</strong></span> <span class='ocrx_word' id='word_1_141' title='bbox 896 2221 1218 2290; x_wconf 82' lang='lat' dir='ltr'><strong>Olympiade</strong></span> <span class='ocrx_word' id='word_1_142' title='bbox 1264 2219 1422 2283; x_wconf 76' lang='lat' dir='ltr'><strong>LXX,</strong></span> <span class='ocrx_word' id='word_1_143' title='bbox 1462 2229 1515 2272; x_wconf 87' lang='lat' dir='ltr'><strong>et</strong></span> <span class='ocrx_word' id='word_1_144' title='bbox 1565 2224 1772 2287; x_wconf 88' lang='lat' dir='ltr'><strong>primus</strong></span> <span class='ocrx_word' id='word_1_145' title='bbox 1807 2220 2026 2289; x_wconf 80' lang='lat' dir='ltr'><strong>Satyros</strong></span> <span class='ocrx_word' id='word_1_146' title='bbox 2072 2224 2309 2292; x_wconf 83' lang='lat' dir='ltr'><strong>scripsit.</strong></span> 
     </span>
    </p>
   </div>
   <div class='ocr_carea' id='block_1_24' title="bbox 733 2312 2313 2383">
    <p class='ocr_par' dir='ltr' id='par_1_24' title="bbox 733 2312 2313 2383">
     <span class='ocr_line' id='line_1_24' title="bbox 733 2312 2313 2383; baseline 0.001 -14"><span class='ocrx_word' id='word_1_147' title='bbox 733 2315 829 2369; x_wconf 89' lang='lat' dir='ltr'><strong>Illo</strong></span> <span class='ocrx_word' id='word_1_148' title='bbox 862 2313 1071 2367; x_wconf 77' lang='lat' dir='ltr'><strong>fabulas</strong></span> <span class='ocrx_word' id='word_1_149' title='bbox 1096 2312 1346 2377; x_wconf 88' lang='lat' dir='ltr'><strong>docente,</strong></span> <span class='ocrx_word' id='word_1_150' title='bbox 1377 2313 1640 2375; x_wconf 81' lang='lat' dir='ltr'><strong>tabulata,</strong></span> <span class='ocrx_word' id='word_1_151' title='bbox 1667 2315 1718 2365; x_wconf 91' lang='lat' dir='ltr'><strong>in</strong></span> <span class='ocrx_word' id='word_1_152' title='bbox 1749 2313 1950 2382; x_wconf 86' lang='lat' dir='ltr'><strong>quibus</strong></span> <span class='ocrx_word' id='word_1_153' title='bbox 1978 2325 2313 2383; x_wconf 90' lang='lat' dir='ltr'><strong>spectatores</strong></span> 
     </span>
    </p>
   </div>
   <div class='ocr_carea' id='block_1_25' title="bbox 732 2405 2310 2466">
    <p class='ocr_par' dir='ltr' id='par_1_25' title="bbox 732 2405 2310 2466">
     <span class='ocr_line' id='line_1_25' title="bbox 732 2405 2310 2466; baseline -0.002 -5"><span class='ocrx_word' id='word_1_154' title='bbox 732 2405 972 2466; x_wconf 67' lang='lat' dir='ltr'><strong>stabant,</strong></span> <span class='ocrx_word' id='word_1_155' title='bbox 1029 2405 1374 2463; x_wconf 87' lang='lat' dir='ltr'><strong>ceciderunt.</strong></span> <span class='ocrx_word' id='word_1_156' title='bbox 1432 2405 1571 2456; x_wconf 82' lang='lat' dir='ltr'><strong>unde</strong></span> <span class='ocrx_word' id='word_1_157' title='bbox 1618 2405 1974 2458; x_wconf 83' lang='lat' dir='ltr'><strong>Athenienses</strong></span> <span class='ocrx_word' id='word_1_158' title='bbox 2039 2408 2310 2458; x_wconf 80' lang='lat' dir='ltr'><strong>theatrum</strong></span> 
     </span>
    </p>
   </div>
   <div class='ocr_carea' id='block_1_26' title="bbox 732 2495 2310 2568">
    <p class='ocr_par' dir='ltr' id='par_1_26' title="bbox 732 2495 2310 2568">
     <span class='ocr_line' id='line_1_26' title="bbox 732 2495 2310 2568; baseline 0.002 -19"><span class='ocrx_word' id='word_1_159' title='bbox 732 2506 1138 2551; x_wconf 71' lang='lat' dir='ltr'><strong>exstruxerunt.</strong></span> <span class='ocrx_word' id='word_1_160' title='bbox 1167 2495 1402 2552; x_wconf 84' lang='lat' dir='ltr'><strong>Fabulas</strong></span> <span class='ocrx_word' id='word_1_161' title='bbox 1441 2497 1607 2551; x_wconf 85' lang='lat' dir='ltr'><strong>edidit</strong></span> <span class='ocrx_word' id='word_1_162' title='bbox 1634 2497 1696 2562; x_wconf 87' lang='lat' dir='ltr'><strong>L,</strong></span> <span class='ocrx_word' id='word_1_163' title='bbox 1728 2513 1966 2568; x_wconf 85' lang='lat' dir='ltr'><strong>quarum</strong></span> <span class='ocrx_word' id='word_1_164' title='bbox 1991 2499 2185 2552; x_wconf 78' lang='lat' dir='ltr'><strong>XXXII</strong></span> <span class='ocrx_word' id='word_1_165' title='bbox 2222 2515 2310 2554; x_wconf 77' lang='lat' dir='ltr'><strong>sri-</strong></span> 
     </span>
    </p>
   </div>
   <div class='ocr_carea' id='block_1_27' title="bbox 735 2590 1336 2659">
    <p class='ocr_par' dir='ltr' id='par_1_27' title="bbox 735 2590 1336 2659">
     <span class='ocr_line' id='line_1_27' title="bbox 735 2590 1336 2659; baseline 0.002 -16"><span class='ocrx_word' id='word_1_166' title='bbox 735 2591 937 2659; x_wconf 77' lang='lat' dir='ltr'><strong>tyiicze.</strong></span> <span class='ocrx_word' id='word_1_167' title='bbox 973 2590 1152 2644; x_wconf 90' lang='lat' dir='ltr'><strong>Semel</strong></span> <span class='ocrx_word' id='word_1_168' title='bbox 1189 2592 1336 2644; x_wconf 93' lang='lat' dir='ltr'><strong>vicit.</strong></span> 
     </span>
    </p>
   </div>
   <div class='ocr_carea' id='block_1_28' title="bbox 802 2681 2308 2751">
    <p class='ocr_par' dir='ltr' id='par_1_28' title="bbox 802 2681 2308 2751">
     <span class='ocr_line' id='line_1_28' title="bbox 802 2681 2308 2751; baseline 0.003 -18"><span class='ocrx_word' id='word_1_169' title='bbox 802 2681 1094 2750; x_wconf 71' lang='lat' dir='ltr'><strong>ﬂpée6:::.</strong></span> <span class='ocrx_word' id='word_1_170' title='bbox 1149 2681 1490 2748; x_wconf 74' lang='lat' dir='ltr'><strong>Philosophi,</strong></span> <span class='ocrx_word' id='word_1_171' title='bbox 1557 2685 1647 2751; x_wconf 90' lang='lat' dir='ltr'><strong>qui</strong></span> <span class='ocrx_word' id='word_1_172' title='bbox 1696 2698 1820 2738; x_wconf 92' lang='lat' dir='ltr'><strong>cuin</strong></span> <span class='ocrx_word' id='word_1_173' title='bbox 1884 2683 2196 2738; x_wconf 53' lang='lat' dir='ltr'><strong>Areohinilo</strong></span> <span class='ocrx_word' id='word_1_174' title='bbox 2255 2685 2308 2737; x_wconf 90' lang='lat' dir='ltr'><strong>in</strong></span> 
     </span>
    </p>
   </div>
   <div class='ocr_carea' id='block_1_29' title="bbox 735 2774 2310 2842">
    <p class='ocr_par' dir='ltr' id='par_1_29' title="bbox 735 2774 2310 2842">
     <span class='ocr_line' id='line_1_29' title="bbox 735 2774 2310 2842; baseline 0.002 -18"><span class='ocrx_word' id='word_1_175' title='bbox 735 2774 973 2827; x_wconf 72' lang='lat' dir='ltr'><strong>Persium</strong></span> <span class='ocrx_word' id='word_1_176' title='bbox 1024 2774 1241 2826; x_wconf 80' lang='lat' dir='ltr'><strong>iverunt</strong></span> <span class='ocrx_word' id='word_1_177' title='bbox 1285 2774 1465 2842; x_wconf 82' lang='lat' dir='ltr'><strong>legati,</strong></span> <span class='ocrx_word' id='word_1_178' title='bbox 1520 2774 1739 2828; x_wconf 84' lang='lat' dir='ltr'><strong>fuerunt</strong></span> <span class='ocrx_word' id='word_1_179' title='bbox 1796 2775 1883 2828; x_wconf 90' lang='lat' dir='ltr'><strong>isti</strong></span> <span class='ocrx_word' id='word_1_180' title='bbox 1927 2794 1939 2828; x_wconf 89' lang='lat'><strong>:</strong></span> <span class='ocrx_word' id='word_1_181' title='bbox 1992 2774 2310 2829; x_wconf 70' lang='lat' dir='ltr'><strong>Damascius</strong></span> 
     </span>
    </p>
   </div>
   <div class='ocr_carea' id='block_1_30' title="bbox 735 2863 2309 2934">
    <p class='ocr_par' dir='ltr' id='par_1_30' title="bbox 735 2863 2309 2934">
     <span class='ocr_line' id='line_1_30' title="bbox 735 2863 2309 2934; baseline 0.003 -20"><span class='ocrx_word' id='word_1_182' title='bbox 735 2865 925 2933; x_wconf 69' lang='lat' dir='ltr'><strong>Syrus,</strong></span> <span class='ocrx_word' id='word_1_183' title='bbox 969 2863 1281 2933; x_wconf 73' lang='lat' dir='ltr'><strong>Simplicius</strong></span> <span class='ocrx_word' id='word_1_184' title='bbox 1327 2867 1488 2928; x_wconf 77' lang='lat' dir='ltr'><strong>Cilix,</strong></span> <span class='ocrx_word' id='word_1_185' title='bbox 1526 2866 1770 2920; x_wconf 82' lang='lat' dir='ltr'><strong>Eulalius</strong></span> <span class='ocrx_word' id='word_1_186' title='bbox 1799 2867 2062 2934; x_wconf 71' lang='lat' dir='ltr'><strong>(Agaihia:</strong></span> <span class='ocrx_word' id='word_1_187' title='bbox 2093 2865 2309 2920; x_wconf 77' lang='lat' dir='ltr'><strong>codices</strong></span> 
     </span>
    </p>
   </div>
   <div class='ocr_carea' id='block_1_31' title="bbox 739 2955 2308 3027">
    <p class='ocr_par' dir='ltr' id='par_1_31' title="bbox 739 2955 2308 3027">
     <span class='ocr_line' id='line_1_31' title="bbox 739 2955 2308 3027; baseline 0.003 -21"><span class='ocrx_word' id='word_1_188' title='bbox 739 2955 1036 3023; x_wconf 58' lang='lat' dir='ltr'><strong>iiulamius)</strong></span> <span class='ocrx_word' id='word_1_189' title='bbox 1082 2955 1296 3024; x_wconf 74' lang='lat' dir='ltr'><strong>Phryx,</strong></span> <span class='ocrx_word' id='word_1_190' title='bbox 1335 2957 1651 3013; x_wconf 83' lang='lat' dir='ltr'><strong>Priscianus</strong></span> <span class='ocrx_word' id='word_1_191' title='bbox 1702 2957 1904 3027; x_wconf 84' lang='lat' dir='ltr'><strong>Lydus,</strong></span> <span class='ocrx_word' id='word_1_192' title='bbox 1962 2959 2208 3010; x_wconf 73' lang='lat' dir='ltr'><strong>Hermias</strong></span> <span class='ocrx_word' id='word_1_193' title='bbox 2254 2965 2308 3011; x_wconf 85' lang='lat' dir='ltr'><strong>et</strong></span> 
     </span>
    </p>
   </div>
   <div class='ocr_carea' id='block_1_32' title="bbox 740 3047 2306 3113">
    <p class='ocr_par' dir='ltr' id='par_1_32' title="bbox 740 3047 2306 3113">
     <span class='ocr_line' id='line_1_32' title="bbox 740 3047 2306 3113; baseline 0.005 -17"><span class='ocrx_word' id='word_1_194' title='bbox 740 3050 1026 3113; x_wconf 72' lang='lat' dir='ltr'><strong>ttiogcucs,</strong></span> <span class='ocrx_word' id='word_1_195' title='bbox 1066 3047 1374 3108; x_wconf 66' lang='lat' dir='ltr'><strong>Pliaauices,</strong></span> <span class='ocrx_word' id='word_1_196' title='bbox 1426 3049 1665 3104; x_wconf 80' lang='lat' dir='ltr'><strong>Isidorus</strong></span> <span class='ocrx_word' id='word_1_197' title='bbox 1711 3049 1958 3104; x_wconf 72' lang='lat' dir='ltr'><strong>Gazazus.</strong></span> <span class='ocrx_word' id='word_1_198' title='bbox 2005 3047 2066 3102; x_wconf 89' lang='lat' dir='ltr'><strong>lli</strong></span> <span class='ocrx_word' id='word_1_199' title='bbox 2117 3065 2306 3104; x_wconf 88' lang='lat' dir='ltr'><strong>omnes</strong></span> 
     </span>
    </p>
   </div>
   <div class='ocr_carea' id='block_1_33' title="bbox 2419 563 4002 640">
    <p class='ocr_par' dir='ltr' id='par_1_33' title="bbox 2419 563 4002 640">
     <span class='ocr_line' id='line_1_33' title="bbox 2419 563 4002 640; baseline -0.001 -21"><span class='ocrx_word' id='word_1_200' title='bbox 2419 563 2857 635; x_wconf 78' lang='lat' dir='ltr'><strong>Neapolitanum.</strong></span> <span class='ocrx_word' id='word_1_201' title='bbox 2907 568 3140 640; x_wconf 89' lang='lat' dir='ltr'><strong>Scripsit</strong></span> <span class='ocrx_word' id='word_1_202' title='bbox 3190 570 3458 638; x_wconf 85' lang='lat' dir='ltr'><strong>permulta</strong></span> <span class='ocrx_word' id='word_1_203' title='bbox 3507 569 3894 638; x_wconf 78' lang='lat' dir='ltr'><strong>philosophica</strong></span> <span class='ocrx_word' id='word_1_204' title='bbox 3953 576 4002 618; x_wconf 82' lang='lat' dir='ltr'><strong>ei</strong></span> 
     </span>
    </p>
   </div>
   <div class='ocr_carea' id='block_1_34' title="bbox 2419 659 4001 727">
    <p class='ocr_par' dir='ltr' id='par_1_34' title="bbox 2419 659 4001 727">
     <span class='ocr_line' id='line_1_34' title="bbox 2419 659 4001 727; baseline -0.002 -15"><span class='ocrx_word' id='word_1_205' title='bbox 2419 659 2772 727; x_wconf 72' lang='lat' dir='ltr'><strong>grammatica</strong></span> <span class='ocrx_word' id='word_1_206' title='bbox 2807 678 2820 713; x_wconf 92' lang='lat'><strong>:</strong></span> <span class='ocrx_word' id='word_1_207' title='bbox 2856 659 3305 716; x_wconf 84' lang='lat' dir='ltr'><strong>Commentarium</strong></span> <span class='ocrx_word' id='word_1_208' title='bbox 3354 663 3411 714; x_wconf 86' lang='lat' dir='ltr'><strong>in</strong></span> <span class='ocrx_word' id='word_1_209' title='bbox 3464 672 3632 713; x_wconf 88' lang='lat' dir='ltr'><strong>totum</strong></span> <span class='ocrx_word' id='word_1_210' title='bbox 3674 660 4001 721; x_wconf 77' lang='lat' dir='ltr'><strong>Homerum,</strong></span> 
     </span>
    </p>
   </div>
   <div class='ocr_carea' id='block_1_35' title="bbox 2419 749 4004 818">
    <p class='ocr_par' dir='ltr' id='par_1_35' title="bbox 2419 749 4004 818">
     <span class='ocr_line' id='line_1_35' title="bbox 2419 749 4004 818; baseline -0.002 -15"><span class='ocrx_word' id='word_1_211' title='bbox 2419 749 2486 803; x_wconf 79' lang='lat' dir='ltr'><strong>In</strong></span> <span class='ocrx_word' id='word_1_212' title='bbox 2514 749 2729 804; x_wconf 76' lang='lat' dir='ltr'><strong>Hesiodi</strong></span> <span class='ocrx_word' id='word_1_213' title='bbox 2779 767 2935 818; x_wconf 84' lang='lat' dir='ltr'><strong>opera</strong></span> <span class='ocrx_word' id='word_1_214' title='bbox 2977 765 3023 806; x_wconf 89' lang='lat' dir='ltr'><strong>et</strong></span> <span class='ocrx_word' id='word_1_215' title='bbox 3058 755 3212 817; x_wconf 83' lang='lat' dir='ltr'><strong>dies;</strong></span> <span class='ocrx_word' id='word_1_216' title='bbox 3252 753 3324 806; x_wconf 87' lang='lat' dir='ltr'><strong>De</strong></span> <span class='ocrx_word' id='word_1_217' title='bbox 3371 753 3779 806; x_wconf 87' lang='lat' dir='ltr'><strong>chrestomathia</strong></span> <span class='ocrx_word' id='word_1_218' title='bbox 3833 750 4004 802; x_wconf 84' lang='lat' dir='ltr'><strong>libros</strong></span> 
     </span>
    </p>
   </div>
   <div class='ocr_carea' id='block_1_36' title="bbox 2419 842 4001 916">
    <p class='ocr_par' dir='ltr' id='par_1_36' title="bbox 2419 842 4001 916">
     <span class='ocr_line' id='line_1_36' title="bbox 2419 842 4001 916; baseline -0.002 -19"><span class='ocrx_word' id='word_1_219' title='bbox 2419 842 2557 909; x_wconf 70' lang='lat' dir='ltr'><strong>III;</strong></span> <span class='ocrx_word' id='word_1_220' title='bbox 2585 845 2721 916; x_wconf 72' lang='lat' dir='ltr'><strong>napi.</strong></span> <span class='ocrx_word' id='word_1_221' title='bbox 2767 845 3014 915; x_wconf 76' lang='grc' dir='ltr'><strong>ἀγωγῆς,</strong></span> <span class='ocrx_word' id='word_1_222' title='bbox 3063 845 3140 899; x_wconf 77' lang='lat' dir='ltr'><strong>De</strong></span> <span class='ocrx_word' id='word_1_223' title='bbox 3176 847 3458 910; x_wconf 82' lang='lat' dir='ltr'><strong>disciplina</strong></span> <span class='ocrx_word' id='word_1_224' title='bbox 3492 844 3785 913; x_wconf 85' lang='lat' dir='ltr'><strong>Theurgica</strong></span> <span class='ocrx_word' id='word_1_225' title='bbox 3837 845 4001 896; x_wconf 75' lang='lat' dir='ltr'><strong>libros</strong></span> 
     </span>
    </p>
   </div>
   <div class='ocr_carea' id='block_1_37' title="bbox 2417 936 4001 1007">
    <p class='ocr_par' dir='ltr' id='par_1_37' title="bbox 2417 936 4001 1007">
     <span class='ocr_line' id='line_1_37' title="bbox 2417 936 4001 1007; baseline -0.004 -16"><span class='ocrx_word' id='word_1_226' title='bbox 2417 937 2506 997; x_wconf 83' lang='lat' dir='ltr'><strong>II:</strong></span> <span class='ocrx_word' id='word_1_227' title='bbox 2539 938 2604 991; x_wconf 76' lang='lat' dir='ltr'><strong>In</strong></span> <span class='ocrx_word' id='word_1_228' title='bbox 2640 937 2819 1007; x_wconf 84' lang='lat' dir='ltr'><strong>Remp.</strong></span> <span class='ocrx_word' id='word_1_229' title='bbox 2860 939 3098 992; x_wconf 80' lang='lat' dir='ltr'><strong>Platonis</strong></span> <span class='ocrx_word' id='word_1_230' title='bbox 3129 939 3292 992; x_wconf 85' lang='lat' dir='ltr'><strong>libros</strong></span> <span class='ocrx_word' id='word_1_231' title='bbox 3327 938 3431 1004; x_wconf 77' lang='lat' dir='ltr'><strong>ll&quot;;</strong></span> <span class='ocrx_word' id='word_1_232' title='bbox 3470 937 3534 990; x_wconf 89' lang='lat' dir='ltr'><strong>In</strong></span> <span class='ocrx_word' id='word_1_233' title='bbox 3565 938 3759 1006; x_wconf 79' lang='lat' dir='ltr'><strong>Orphei</strong></span> <span class='ocrx_word' id='word_1_234' title='bbox 3792 936 4001 990; x_wconf 80' lang='lat' dir='ltr'><strong>theolo-</strong></span> 
     </span>
    </p>
   </div>
   <div class='ocr_carea' id='block_1_38' title="bbox 2415 1027 4002 1098">
    <p class='ocr_par' dir='ltr' id='par_1_38' title="bbox 2415 1027 4002 1098">
     <span class='ocr_line' id='line_1_38' title="bbox 2415 1027 4002 1098; baseline -0.002 -17"><span class='ocrx_word' id='word_1_235' title='bbox 2415 1032 2579 1098; x_wconf 85' lang='lat' dir='ltr'><strong>giam;</strong></span> <span class='ocrx_word' id='word_1_236' title='bbox 2609 1031 2679 1082; x_wconf 84' lang='grc' dir='ltr'>Συ</span> <span class='ocrx_word' id='word_1_237' title='bbox 2688 1030 2936 1098; x_wconf 77' lang='grc' dir='ltr'>μφωνίαν</span> <span class='ocrx_word' id='word_1_238' title='bbox 2962 1032 3072 1085; x_wconf 83' lang='lat' dir='ltr'><strong>sive</strong></span> <span class='ocrx_word' id='word_1_239' title='bbox 3095 1029 3416 1083; x_wconf 79' lang='lat' dir='ltr'><strong>Consensum</strong></span> <span class='ocrx_word' id='word_1_240' title='bbox 3441 1029 3656 1095; x_wconf 81' lang='lat' dir='ltr'><strong>Orphei,</strong></span> <span class='ocrx_word' id='word_1_241' title='bbox 3684 1027 4002 1097; x_wconf 71' lang='lat' dir='ltr'><strong>Pythagora:</strong></span> 
     </span>
    </p>
   </div>
   <div class='ocr_carea' id='block_1_39' title="bbox 2416 1117 3999 1186">
    <p class='ocr_par' dir='ltr' id='par_1_39' title="bbox 2416 1117 3999 1186">
     <span class='ocr_line' id='line_1_39' title="bbox 2416 1117 3999 1186; baseline -0.004 -10"><span class='ocrx_word' id='word_1_242' title='bbox 2416 1132 2464 1176; x_wconf 84' lang='lat' dir='ltr'><strong>et</strong></span> <span class='ocrx_word' id='word_1_243' title='bbox 2485 1123 2748 1186; x_wconf 79' lang='lat' dir='ltr'><strong>Platonis;</strong></span> <span class='ocrx_word' id='word_1_244' title='bbox 2789 1120 2852 1173; x_wconf 87' lang='grc' dir='ltr'><strong>1η</strong></span> <span class='ocrx_word' id='word_1_245' title='bbox 2879 1121 3107 1175; x_wconf 88' lang='lat' dir='ltr'><strong>Oracula</strong></span> <span class='ocrx_word' id='word_1_246' title='bbox 3135 1122 3297 1174; x_wconf 79' lang='lat' dir='ltr'><strong>libros</strong></span> <span class='ocrx_word' id='word_1_247' title='bbox 3326 1121 3400 1186; x_wconf 83' lang='lat' dir='ltr'><strong>X;</strong></span> <span class='ocrx_word' id='word_1_248' title='bbox 3428 1121 3503 1174; x_wconf 89' lang='lat' dir='ltr'><strong>De</strong></span> <span class='ocrx_word' id='word_1_249' title='bbox 3533 1122 3635 1173; x_wconf 85' lang='lat' dir='ltr'><strong>diis</strong></span> <span class='ocrx_word' id='word_1_250' title='bbox 3668 1117 3999 1178; x_wconf 84' lang='lat' dir='ltr'><strong>Homericis;</strong></span> 
     </span>
    </p>
   </div>
   <div class='ocr_carea' id='block_1_40' title="bbox 2420 1209 4004 1285">
    <p class='ocr_par' dir='ltr' id='par_1_40' title="bbox 2420 1209 4004 1285">
     <span class='ocr_line' id='line_1_40' title="bbox 2420 1209 4004 1285; baseline -0.006 -17"><span class='ocrx_word' id='word_1_251' title='bbox 2420 1219 2742 1285; x_wconf 76' lang='lat' dir='ltr'><strong>Argumenta</strong></span> <span class='ocrx_word' id='word_1_252' title='bbox 2772 1213 2978 1268; x_wconf 70' lang='lat' dir='ltr'><strong>XVIII</strong></span> <span class='ocrx_word' id='word_1_253' title='bbox 3012 1226 3198 1268; x_wconf 83' lang='lat' dir='ltr'><strong>contra</strong></span> <span class='ocrx_word' id='word_1_254' title='bbox 3231 1213 3583 1266; x_wconf 82' lang='lat' dir='ltr'><strong>Christianos.</strong></span> <span class='ocrx_word' id='word_1_255' title='bbox 3622 1210 3719 1263; x_wconf 90' lang='lat' dir='ltr'><strong>llic</strong></span> <span class='ocrx_word' id='word_1_256' title='bbox 3753 1219 3838 1262; x_wconf 86' lang='lat' dir='ltr'><strong>est</strong></span> <span class='ocrx_word' id='word_1_257' title='bbox 3872 1209 4004 1260; x_wconf 83' lang='lat' dir='ltr'><strong>Pro-</strong></span> 
     </span>
    </p>
   </div>
   <div class='ocr_carea' id='block_1_41' title="bbox 2417 1302 4004 1377">
    <p class='ocr_par' dir='ltr' id='par_1_41' title="bbox 2417 1302 4004 1377">
     <span class='ocr_line' id='line_1_41' title="bbox 2417 1302 4004 1377; baseline -0.008 -16"><span class='ocrx_word' id='word_1_258' title='bbox 2417 1308 2535 1361; x_wconf 91' lang='lat' dir='ltr'><strong>clus</strong></span> <span class='ocrx_word' id='word_1_259' title='bbox 2585 1308 2692 1368; x_wconf 86' lang='lat' dir='ltr'><strong>ille,</strong></span> <span class='ocrx_word' id='word_1_260' title='bbox 2746 1308 2841 1377; x_wconf 88' lang='lat' dir='ltr'><strong>qui</strong></span> <span class='ocrx_word' id='word_1_261' title='bbox 2877 1305 3148 1361; x_wconf 82' lang='lat' dir='ltr'><strong>secundus</strong></span> <span class='ocrx_word' id='word_1_262' title='bbox 3194 1325 3222 1358; x_wconf 85' lang='lat' dir='ltr'><strong>a</strong></span> <span class='ocrx_word' id='word_1_263' title='bbox 3275 1304 3577 1374; x_wconf 79' lang='lat' dir='ltr'><strong>Porphyrio</strong></span> <span class='ocrx_word' id='word_1_264' title='bbox 3626 1302 3904 1369; x_wconf 85' lang='lat' dir='ltr'><strong>impuram</strong></span> <span class='ocrx_word' id='word_1_265' title='bbox 3952 1309 4004 1351; x_wconf 88' lang='lat' dir='ltr'><strong>ct</strong></span> 
     </span>
    </p>
   </div>
   <div class='ocr_carea' id='block_1_42' title="bbox 2419 1392 4003 1468">
    <p class='ocr_par' dir='ltr' id='par_1_42' title="bbox 2419 1392 4003 1468">
     <span class='ocr_line' id='line_1_42' title="bbox 2419 1392 4003 1468; baseline -0.006 -16"><span class='ocrx_word' id='word_1_266' title='bbox 2419 1400 2750 1468; x_wconf 77' lang='lat' dir='ltr'><strong>petulantem</strong></span> <span class='ocrx_word' id='word_1_267' title='bbox 2806 1400 3044 1467; x_wconf 78' lang='lat' dir='ltr'><strong>linguam</strong></span> <span class='ocrx_word' id='word_1_268' title='bbox 3107 1398 3160 1450; x_wconf 89' lang='lat' dir='ltr'><strong>in</strong></span> <span class='ocrx_word' id='word_1_269' title='bbox 3215 1397 3557 1451; x_wconf 67' lang='lat' dir='ltr'><strong>(lbi&#39;istiauos</strong></span> <span class='ocrx_word' id='word_1_270' title='bbox 3607 1395 3856 1448; x_wconf 80' lang='lat' dir='ltr'><strong>strinxit.</strong></span> <span class='ocrx_word' id='word_1_271' title='bbox 3898 1392 4003 1443; x_wconf 79' lang='lat' dir='ltr'><strong>Ad-</strong></span> 
     </span>
    </p>
   </div>
   <div class='ocr_carea' id='block_1_43' title="bbox 2417 1485 4001 1558">
    <p class='ocr_par' dir='ltr' id='par_1_43' title="bbox 2417 1485 4001 1558">
     <span class='ocr_line' id='line_1_43' title="bbox 2417 1485 4001 1558; baseline -0.008 -12"><span class='ocrx_word' id='word_1_272' title='bbox 2417 1509 2610 1548; x_wconf 86' lang='lat' dir='ltr'><strong>versus</strong></span> <span class='ocrx_word' id='word_1_273' title='bbox 2651 1493 2793 1546; x_wconf 90' lang='lat' dir='ltr'><strong>hunc</strong></span> <span class='ocrx_word' id='word_1_274' title='bbox 2825 1490 3062 1546; x_wconf 81' lang='lat' dir='ltr'><strong>Joannes</strong></span> <span class='ocrx_word' id='word_1_275' title='bbox 3095 1491 3427 1558; x_wconf 86' lang='lat' dir='ltr'><strong>Philoponus</strong></span> <span class='ocrx_word' id='word_1_276' title='bbox 3467 1489 3710 1556; x_wconf 84' lang='lat' dir='ltr'><strong>scripsit,</strong></span> <span class='ocrx_word' id='word_1_277' title='bbox 3758 1485 3856 1553; x_wconf 90' lang='lat' dir='ltr'><strong>qui</strong></span> <span class='ocrx_word' id='word_1_278' title='bbox 3908 1499 4001 1535; x_wconf 84' lang='lat' dir='ltr'><strong>ar-</strong></span> 
     </span>
    </p>
   </div>
   <div class='ocr_carea' id='block_1_44' title="bbox 2419 1576 4001 1655">
    <p class='ocr_par' dir='ltr' id='par_1_44' title="bbox 2419 1576 4001 1655">
     <span class='ocr_line' id='line_1_44' title="bbox 2419 1576 4001 1655; baseline -0.008 -16"><span class='ocrx_word' id='word_1_279' title='bbox 2419 1595 2670 1655; x_wconf 77' lang='lat' dir='ltr'><strong>gumenta</strong></span> <span class='ocrx_word' id='word_1_280' title='bbox 2697 1585 2812 1653; x_wconf 89' lang='lat' dir='ltr'><strong>ejus</strong></span> <span class='ocrx_word' id='word_1_281' title='bbox 2837 1583 2999 1638; x_wconf 67' lang='grc' dir='ltr'><strong>λνιιι</strong></span> <span class='ocrx_word' id='word_1_282' title='bbox 3021 1583 3326 1637; x_wconf 86' lang='lat' dir='ltr'><strong>admirabili</strong></span> <span class='ocrx_word' id='word_1_283' title='bbox 3357 1581 3679 1633; x_wconf 79' lang='lat' dir='ltr'><strong>dexteritate</strong></span> <span class='ocrx_word' id='word_1_284' title='bbox 3713 1576 4001 1635; x_wconf 79' lang='lat' dir='ltr'><strong>relutavit,</strong></span> 
     </span>
    </p>
   </div>
   <div class='ocr_carea' id='block_1_45' title="bbox 2417 1666 4002 1748">
    <p class='ocr_par' dir='ltr' id='par_1_45' title="bbox 2417 1666 4002 1748">
     <span class='ocr_line' id='line_1_45' title="bbox 2417 1666 4002 1748; baseline -0.009 -16"><span class='ocrx_word' id='word_1_285' title='bbox 2417 1694 2654 1748; x_wconf 89' lang='lat' dir='ltr'><strong>eumque</strong></span> <span class='ocrx_word' id='word_1_286' title='bbox 2685 1680 2768 1731; x_wconf 89' lang='lat' dir='ltr'><strong>vel</strong></span> <span class='ocrx_word' id='word_1_287' title='bbox 2814 1679 2865 1732; x_wconf 92' lang='lat' dir='ltr'><strong>in</strong></span> <span class='ocrx_word' id='word_1_288' title='bbox 2897 1676 3100 1731; x_wconf 63' lang='lat' dir='ltr'><strong>Gi&#39;wcis</strong></span> <span class='ocrx_word' id='word_1_289' title='bbox 3149 1675 3478 1740; x_wconf 89' lang='lat' dir='ltr'><strong>disciplinis,</strong></span> <span class='ocrx_word' id='word_1_290' title='bbox 3526 1686 3758 1740; x_wconf 88' lang='lat' dir='ltr'><strong>quarum</strong></span> <span class='ocrx_word' id='word_1_291' title='bbox 3802 1666 4002 1736; x_wconf 78' lang='lat' dir='ltr'><strong>peritia</strong></span> 
     </span>
    </p>
   </div>
   <div class='ocr_carea' id='block_1_46' title="bbox 2419 1759 4000 1840">
    <p class='ocr_par' dir='ltr' id='par_1_46' title="bbox 2419 1759 4000 1840">
     <span class='ocr_line' id='line_1_46' title="bbox 2419 1759 4000 1840; baseline -0.011 -14"><span class='ocrx_word' id='word_1_292' title='bbox 2419 1788 2477 1826; x_wconf 87' lang='lat' dir='ltr'><strong>se</strong></span> <span class='ocrx_word' id='word_1_293' title='bbox 2523 1771 2784 1840; x_wconf 69' lang='lat' dir='ltr'><strong>iactabat,</strong></span> <span class='ocrx_word' id='word_1_294' title='bbox 2825 1768 3100 1823; x_wconf 84' lang='lat' dir='ltr'><strong>indoctum</strong></span> <span class='ocrx_word' id='word_1_295' title='bbox 3151 1777 3200 1821; x_wconf 82' lang='lat' dir='ltr'><strong>et</strong></span> <span class='ocrx_word' id='word_1_296' title='bbox 3235 1767 3429 1834; x_wconf 79' lang='lat' dir='ltr'><strong>exiguo</strong></span> <span class='ocrx_word' id='word_1_297' title='bbox 3457 1765 3663 1832; x_wconf 78' lang='lat' dir='ltr'><strong>judicio</strong></span> <span class='ocrx_word' id='word_1_298' title='bbox 3711 1759 4000 1828; x_wconf 72' lang='lat' dir='ltr'><strong>pneditiim</strong></span> 
     </span>
    </p>
   </div>
   <div class='ocr_carea' id='block_1_47' title="bbox 2427 1849 4000 1930">
    <p class='ocr_par' dir='ltr' id='par_1_47' title="bbox 2427 1849 4000 1930">
     <span class='ocr_line' id='line_1_47' title="bbox 2427 1849 4000 1930; baseline -0.011 -13"><span class='ocrx_word' id='word_1_299' title='bbox 2427 1863 2682 1917; x_wconf 88' lang='lat' dir='ltr'><strong>ostendit.</strong></span> <span class='ocrx_word' id='word_1_300' title='bbox 2718 1861 2948 1930; x_wconf 76' lang='lat' dir='ltr'><strong>Scripsit</strong></span> <span class='ocrx_word' id='word_1_301' title='bbox 2977 1863 3138 1914; x_wconf 87' lang='lat' dir='ltr'><strong>etiam</strong></span> <span class='ocrx_word' id='word_1_302' title='bbox 3166 1860 3386 1914; x_wconf 82' lang='lat' dir='ltr'><strong>Pi‘0cliis</strong></span> <span class='ocrx_word' id='word_1_303' title='bbox 3407 1853 3757 1924; x_wconf 70' lang='grc' dir='ltr'><strong>Μητρῳακὴν</strong></span> <span class='ocrx_word' id='word_1_304' title='bbox 3783 1849 4000 1913; x_wconf 70' lang='grc' dir='ltr'><strong>Βξῦλον,</strong></span> 
     </span>
    </p>
   </div>
   <div class='ocr_carea' id='block_1_48' title="bbox 2426 1943 4004 2018">
    <p class='ocr_par' dir='ltr' id='par_1_48' title="bbox 2426 1943 4004 2018">
     <span class='ocr_line' id='line_1_48' title="bbox 2426 1943 4004 2018; baseline -0.01 -9"><span class='ocrx_word' id='word_1_305' title='bbox 2426 1956 2644 2009; x_wconf 88' lang='lat' dir='ltr'><strong>Librum</strong></span> <span class='ocrx_word' id='word_1_306' title='bbox 2677 1954 2739 2006; x_wconf 86' lang='lat' dir='ltr'><strong>de</strong></span> <span class='ocrx_word' id='word_1_307' title='bbox 2781 1966 2946 2005; x_wconf 85' lang='lat' dir='ltr'><strong>matre</strong></span> <span class='ocrx_word' id='word_1_308' title='bbox 2979 1952 3218 2012; x_wconf 79' lang='lat' dir='ltr'><strong>deorum,</strong></span> <span class='ocrx_word' id='word_1_309' title='bbox 3259 1963 3418 2018; x_wconf 87' lang='lat' dir='ltr'><strong>quem</strong></span> <span class='ocrx_word' id='word_1_310' title='bbox 3465 1947 3509 2000; x_wconf 88' lang='lat' dir='ltr'><strong>si</strong></span> <span class='ocrx_word' id='word_1_311' title='bbox 3544 1943 3668 2013; x_wconf 86' lang='lat' dir='ltr'><strong>quis</strong></span> <span class='ocrx_word' id='word_1_312' title='bbox 3706 1945 3757 1994; x_wconf 90' lang='lat' dir='ltr'><strong>in</strong></span> <span class='ocrx_word' id='word_1_313' title='bbox 3802 1957 4004 1996; x_wconf 88' lang='lat' dir='ltr'><strong>manus</strong></span> 
     </span>
    </p>
   </div>
   <div class='ocr_carea' id='block_1_49' title="bbox 2425 2032 4004 2111">
    <p class='ocr_par' dir='ltr' id='par_1_49' title="bbox 2425 2032 4004 2111">
     <span class='ocr_line' id='line_1_49' title="bbox 2425 2032 4004 2111; baseline -0.014 -8"><span class='ocrx_word' id='word_1_314' title='bbox 2425 2058 2622 2108; x_wconf 88' lang='lat' dir='ltr'><strong>suniat,</strong></span> <span class='ocrx_word' id='word_1_315' title='bbox 2656 2063 2719 2100; x_wconf 81' lang='lat' dir='ltr'><strong>ex</strong></span> <span class='ocrx_word' id='word_1_316' title='bbox 2746 2062 2808 2098; x_wconf 86' lang='lat' dir='ltr'><strong>co</strong></span> <span class='ocrx_word' id='word_1_317' title='bbox 2841 2043 3097 2110; x_wconf 76' lang='lat' dir='ltr'><strong>intelliget</strong></span> <span class='ocrx_word' id='word_1_318' title='bbox 3133 2041 3515 2111; x_wconf 85' lang='lat' dir='ltr'><strong>philosophum</strong></span> <span class='ocrx_word' id='word_1_319' title='bbox 3553 2037 3654 2086; x_wconf 71' lang='grc' dir='ltr'>οὐκ</span> <span class='ocrx_word' id='word_1_320' title='bbox 3691 2034 3819 2086; x_wconf 75' lang='grc' dir='ltr'><strong>ἄνευ</strong></span> <span class='ocrx_word' id='word_1_321' title='bbox 3848 2032 4004 2091; x_wconf 69' lang='grc' dir='ltr'><strong>θείας</strong></span> 
     </span>
    </p>
   </div>
   <div class='ocr_carea' id='block_1_50' title="bbox 2423 2123 4006 2208">
    <p class='ocr_par' dir='ltr' id='par_1_50' title="bbox 2423 2123 4006 2208">
     <span class='ocr_line' id='line_1_50' title="bbox 2423 2123 4006 2208; baseline -0.015 -12"><span class='ocrx_word' id='word_1_322' title='bbox 2423 2140 2774 2208; x_wconf 51' lang='lat' dir='ltr'><strong>nummulis,</strong></span> <span class='ocrx_word' id='word_1_323' title='bbox 2818 2155 2918 2190; x_wconf 88' lang='lat' dir='ltr'><strong>non</strong></span> <span class='ocrx_word' id='word_1_324' title='bbox 2960 2137 3150 2205; x_wconf 66' lang='lat' dir='ltr'><strong>absque</strong></span> <span class='ocrx_word' id='word_1_325' title='bbox 3197 2133 3373 2186; x_wconf 86' lang='lat' dir='ltr'><strong>dirino</strong></span> <span class='ocrx_word' id='word_1_326' title='bbox 3411 2130 3596 2195; x_wconf 73' lang='lat' dir='ltr'><strong>afﬂatu</strong></span> <span class='ocrx_word' id='word_1_327' title='bbox 3631 2139 3849 2179; x_wconf 88' lang='lat' dir='ltr'><strong>omnem</strong></span> <span class='ocrx_word' id='word_1_328' title='bbox 3886 2123 4006 2175; x_wconf 79' lang='lat' dir='ltr'><strong>dea:</strong></span> 
     </span>
    </p>
   </div>
   <div class='ocr_carea' id='block_1_51' title="bbox 2424 2220 4003 2298">
    <p class='ocr_par' dir='ltr' id='par_1_51' title="bbox 2424 2220 4003 2298">
     <span class='ocr_line' id='line_1_51' title="bbox 2424 2220 4003 2298; baseline -0.015 -11"><span class='ocrx_word' id='word_1_329' title='bbox 2424 2235 2568 2287; x_wconf 91' lang='lat' dir='ltr'><strong>illius</strong></span> <span class='ocrx_word' id='word_1_330' title='bbox 2609 2230 2932 2298; x_wconf 81' lang='lat' dir='ltr'><strong>theologiam</strong></span> <span class='ocrx_word' id='word_1_331' title='bbox 2972 2229 3023 2280; x_wconf 90' lang='lat' dir='ltr'><strong>in</strong></span> <span class='ocrx_word' id='word_1_332' title='bbox 3075 2229 3248 2280; x_wconf 90' lang='lat' dir='ltr'><strong>lucem</strong></span> <span class='ocrx_word' id='word_1_333' title='bbox 3290 2222 3643 2293; x_wconf 74' lang='lat' dir='ltr'><strong>protraxESse,</strong></span> <span class='ocrx_word' id='word_1_334' title='bbox 3690 2220 3763 2269; x_wconf 91' lang='lat' dir='ltr'><strong>ita</strong></span> <span class='ocrx_word' id='word_1_335' title='bbox 3800 2225 3860 2268; x_wconf 91' lang='lat' dir='ltr'><strong>ut</strong></span> <span class='ocrx_word' id='word_1_336' title='bbox 3901 2230 4003 2265; x_wconf 88' lang='lat' dir='ltr'><strong>au-</strong></span> 
     </span>
    </p>
   </div>
   <div class='ocr_carea' id='block_1_52' title="bbox 2423 2307 4004 2388">
    <p class='ocr_par' dir='ltr' id='par_1_52' title="bbox 2423 2307 4004 2388">
     <span class='ocr_line' id='line_1_52' title="bbox 2423 2307 4004 2388; baseline -0.015 -9"><span class='ocrx_word' id='word_1_337' title='bbox 2423 2342 2508 2379; x_wconf 77' lang='lat' dir='ltr'><strong>res</strong></span> <span class='ocrx_word' id='word_1_338' title='bbox 2555 2339 2660 2376; x_wconf 88' lang='lat' dir='ltr'><strong>non</strong></span> <span class='ocrx_word' id='word_1_339' title='bbox 2711 2321 2944 2388; x_wconf 60' lang='lat' dir='ltr'><strong>amplius</strong></span> <span class='ocrx_word' id='word_1_340' title='bbox 2996 2318 3281 2371; x_wconf 79' lang='lat' dir='ltr'><strong>turbentur</strong></span> <span class='ocrx_word' id='word_1_341' title='bbox 3327 2307 3832 2368; x_wconf 79' lang='lat' dir='ltr'><strong>lamentationibus,</strong></span> <span class='ocrx_word' id='word_1_342' title='bbox 3878 2318 4004 2371; x_wconf 76' lang='lat' dir='ltr'><strong>qua:</strong></span> 
     </span>
    </p>
   </div>
   <div class='ocr_carea' id='block_1_53' title="bbox 2421 2413 3204 2490">
    <p class='ocr_par' dir='ltr' id='par_1_53' title="bbox 2421 2413 3204 2490">
     <span class='ocr_line' id='line_1_53' title="bbox 2421 2413 3204 2490; baseline -0.01 -20"><span class='ocrx_word' id='word_1_343' title='bbox 2421 2422 2495 2490; x_wconf 91' lang='lat' dir='ltr'><strong>(in</strong></span> <span class='ocrx_word' id='word_1_344' title='bbox 2529 2417 2700 2471; x_wconf 85' lang='lat' dir='ltr'><strong>sacris</strong></span> <span class='ocrx_word' id='word_1_345' title='bbox 2730 2415 2854 2481; x_wconf 82' lang='lat' dir='ltr'><strong>illis)</strong></span> <span class='ocrx_word' id='word_1_346' title='bbox 2891 2413 3204 2467; x_wconf 89' lang='lat' dir='ltr'><strong>audiuntur.</strong></span> 
     </span>
    </p>
   </div>
   <div class='ocr_carea' id='block_1_54' title="bbox 2491 2495 4000 2576">
    <p class='ocr_par' dir='ltr' id='par_1_54' title="bbox 2491 2495 4000 2576">
     <span class='ocr_line' id='line_1_54' title="bbox 2491 2495 4000 2576; baseline -0.013 -14"><span class='ocrx_word' id='word_1_347' title='bbox 2491 2511 2738 2572; x_wconf 77' lang='lat' dir='ltr'><strong>Proeliis,</strong></span> <span class='ocrx_word' id='word_1_348' title='bbox 2771 2508 3112 2576; x_wconf 81' lang='lat' dir='ltr'><strong>imperatoris</strong></span> <span class='ocrx_word' id='word_1_349' title='bbox 3145 2502 3343 2557; x_wconf 84' lang='lat' dir='ltr'><strong>Justini</strong></span> <span class='ocrx_word' id='word_1_350' title='bbox 3391 2508 3650 2570; x_wconf 47' lang='lat' dir='ltr'><strong>quaistor,</strong></span> <span class='ocrx_word' id='word_1_351' title='bbox 3683 2495 3767 2547; x_wconf 78' lang='lat' dir='ltr'><strong>vir</strong></span> <span class='ocrx_word' id='word_1_352' title='bbox 3789 2495 4000 2562; x_wconf 84' lang='lat' dir='ltr'><strong>justus,</strong></span> 
     </span>
    </p>
   </div>
   <div class='ocr_carea' id='block_1_55' title="bbox 2417 2598 3347 2674">
    <p class='ocr_par' dir='ltr' id='par_1_55' title="bbox 2417 2598 3347 2674">
     <span class='ocr_line' id='line_1_55' title="bbox 2417 2598 3347 2674; baseline -0.011 -16"><span class='ocrx_word' id='word_1_353' title='bbox 2417 2604 2510 2674; x_wconf 89' lang='lat' dir='ltr'><strong>qui</strong></span> <span class='ocrx_word' id='word_1_354' title='bbox 2543 2604 2742 2657; x_wconf 72' lang='lat' dir='ltr'><strong>nullam</strong></span> <span class='ocrx_word' id='word_1_355' title='bbox 2777 2602 2946 2666; x_wconf 57' lang='lat' dir='ltr'><strong>legem</strong></span> <span class='ocrx_word' id='word_1_356' title='bbox 2979 2598 3218 2662; x_wconf 84' lang='lat' dir='ltr'><strong>scripsit,</strong></span> <span class='ocrx_word' id='word_1_357' title='bbox 3241 2605 3347 2648; x_wconf 87' lang='lat' dir='ltr'><strong>etc.</strong></span> 
     </span>
    </p>
   </div>
   <div class='ocr_carea' id='block_1_56' title="bbox 2489 2676 3998 2760">
    <p class='ocr_par' dir='ltr' id='par_1_56' title="bbox 2489 2676 3998 2760">
     <span class='ocr_line' id='line_1_56' title="bbox 2489 2676 3998 2760; baseline -0.014 -13"><span class='ocrx_word' id='word_1_358' title='bbox 2489 2695 2788 2760; x_wconf 86' lang='lat' dir='ltr'><strong>Procopius</strong></span> <span class='ocrx_word' id='word_1_359' title='bbox 2847 2690 3112 2750; x_wconf 90' lang='lat' dir='ltr'><strong>illustris,</strong></span> <span class='ocrx_word' id='word_1_360' title='bbox 3171 2684 3568 2745; x_wconf 62' lang='lat' dir='ltr'><strong>Caesariensis,</strong></span> <span class='ocrx_word' id='word_1_361' title='bbox 3623 2676 3998 2739; x_wconf 65' lang='lat' dir='ltr'><strong>Palaestinos,</strong></span> 
     </span>
    </p>
   </div>
   <div class='ocr_carea' id='block_1_57' title="bbox 2421 2770 4002 2850">
    <p class='ocr_par' dir='ltr' id='par_1_57' title="bbox 2421 2770 4002 2850">
     <span class='ocr_line' id='line_1_57' title="bbox 2421 2770 4002 2850; baseline -0.016 -9"><span class='ocrx_word' id='word_1_362' title='bbox 2421 2789 2608 2841; x_wconf 86' lang='lat' dir='ltr'><strong>rhetor</strong></span> <span class='ocrx_word' id='word_1_363' title='bbox 2665 2794 2717 2836; x_wconf 89' lang='lat' dir='ltr'><strong>et</strong></span> <span class='ocrx_word' id='word_1_364' title='bbox 2767 2783 3033 2850; x_wconf 78' lang='lat' dir='ltr'><strong>sophista.</strong></span> <span class='ocrx_word' id='word_1_365' title='bbox 3075 2778 3300 2845; x_wconf 81' lang='lat' dir='ltr'><strong>Scripsit</strong></span> <span class='ocrx_word' id='word_1_366' title='bbox 3352 2775 3645 2828; x_wconf 82' lang='lat' dir='ltr'><strong>Historiam</strong></span> <span class='ocrx_word' id='word_1_367' title='bbox 3699 2770 4002 2824; x_wconf 70' lang='lat' dir='ltr'><strong>Romanam</strong></span> 
     </span>
    </p>
   </div>
   <div class='ocr_carea' id='block_1_58' title="bbox 2419 2865 4000 2935">
    <p class='ocr_par' dir='ltr' id='par_1_58' title="bbox 2419 2865 4000 2935">
     <span class='ocr_line' id='line_1_58' title="bbox 2419 2865 4000 2935; baseline -0.016 0"><span class='ocrx_word' id='word_1_368' title='bbox 2419 2882 2531 2935; x_wconf 84' lang='lat' dir='ltr'><strong>sive</strong></span> <span class='ocrx_word' id='word_1_369' title='bbox 2552 2877 2813 2932; x_wconf 86' lang='lat' dir='ltr'><strong>Bellisarii</strong></span> <span class='ocrx_word' id='word_1_370' title='bbox 2847 2873 2982 2926; x_wconf 84' lang='lat' dir='ltr'><strong>bella</strong></span> <span class='ocrx_word' id='word_1_371' title='bbox 3008 2882 3060 2924; x_wconf 89' lang='lat' dir='ltr'><strong>et</strong></span> <span class='ocrx_word' id='word_1_372' title='bbox 3094 2886 3175 2924; x_wconf 82' lang='lat' dir='ltr'><strong>res</strong></span> <span class='ocrx_word' id='word_1_373' title='bbox 3228 2870 3412 2922; x_wconf 76' lang='lat' dir='ltr'><strong>Roma:</strong></span> <span class='ocrx_word' id='word_1_374' title='bbox 3430 2878 3482 2921; x_wconf 90' lang='lat' dir='ltr'><strong>et</strong></span> <span class='ocrx_word' id='word_1_375' title='bbox 3510 2867 3561 2918; x_wconf 85' lang='lat' dir='ltr'><strong>in</strong></span> <span class='ocrx_word' id='word_1_376' title='bbox 3588 2865 3768 2916; x_wconf 76' lang='lat' dir='ltr'><strong>Africa</strong></span> <span class='ocrx_word' id='word_1_377' title='bbox 3793 2870 4000 2928; x_wconf 81' lang='lat' dir='ltr'><strong>gestas.</strong></span> 
     </span>
    </p>
   </div>
   <div class='ocr_carea' id='block_1_59' title="bbox 2423 2951 3999 3037">
    <p class='ocr_par' dir='ltr' id='par_1_59' title="bbox 2423 2951 3999 3037">
     <span class='ocr_line' id='line_1_59' title="bbox 2423 2951 3999 3037; baseline -0.015 -13"><span class='ocrx_word' id='word_1_378' title='bbox 2423 2972 2566 3024; x_wconf 81' lang='lat' dir='ltr'><strong>Vixit</strong></span> <span class='ocrx_word' id='word_1_379' title='bbox 2613 2982 2854 3037; x_wconf 87' lang='lat' dir='ltr'><strong>tempore</strong></span> <span class='ocrx_word' id='word_1_380' title='bbox 2913 2964 3202 3019; x_wconf 72' lang='lat' dir='ltr'><strong>Iustiniani</strong></span> <span class='ocrx_word' id='word_1_381' title='bbox 3288 2963 3420 3029; x_wconf 90' lang='lat' dir='ltr'><strong>imp.</strong></span> <span class='ocrx_word' id='word_1_382' title='bbox 3476 2959 3683 3026; x_wconf 70' lang='lat' dir='ltr'><strong>fuLtque</strong></span> <span class='ocrx_word' id='word_1_383' title='bbox 3725 2951 3999 3006; x_wconf 78' lang='lat' dir='ltr'><strong>Bellisarii</strong></span> 
     </span>
    </p>
   </div>
   <div class='ocr_carea' id='block_1_60' title="bbox 2420 3044 4000 3122">
    <p class='ocr_par' dir='ltr' id='par_1_60' title="bbox 2420 3044 4000 3122">
     <span class='ocr_line' id='line_1_60' title="bbox 2420 3044 4000 3122; baseline -0.014 -4"><span class='ocrx_word' id='word_1_384' title='bbox 2420 3065 2665 3118; x_wconf 81' lang='lat' dir='ltr'><strong>notarius</strong></span> <span class='ocrx_word' id='word_1_385' title='bbox 2689 3071 2741 3114; x_wconf 80' lang='lat' dir='ltr'><strong>et</strong></span> <span class='ocrx_word' id='word_1_386' title='bbox 2763 3075 2969 3119; x_wconf 86' lang='lat' dir='ltr'><strong>comes,</strong></span> <span class='ocrx_word' id='word_1_387' title='bbox 2989 3058 3350 3122; x_wconf 86' lang='lat' dir='ltr'><strong>omnibusque</strong></span> <span class='ocrx_word' id='word_1_388' title='bbox 3375 3053 3592 3105; x_wconf 81' lang='lat' dir='ltr'><strong>bellisct</strong></span> <span class='ocrx_word' id='word_1_389' title='bbox 3617 3052 3778 3101; x_wconf 88' lang='lat' dir='ltr'><strong>rebus</strong></span> <span class='ocrx_word' id='word_1_390' title='bbox 3805 3044 4000 3112; x_wconf 60' lang='lat' dir='ltr'><strong>gestis.</strong></span> 
     </span>
    </p>
   </div>
   <div class='ocr_carea' id='block_1_61' title="bbox 735 3136 4002 3239">
    <p class='ocr_par' dir='ltr' id='par_1_61' title="bbox 735 3136 4002 3239">
     <span class='ocr_line' id='line_1_61' title="bbox 735 3136 4002 3239; baseline -0.007 -45"><span class='ocrx_word' id='word_1_391' title='bbox 735 3141 956 3197; x_wconf 59' lang='grc' dir='ltr'>ιῖηιιιιιιι</span> <span class='ocrx_word' id='word_1_392' title='bbox 991 3139 1517 3199; x_wconf 61' lang='grc' dir='ltr'><strong>τιξάἱειηιιηι,ι›;ιι·ξε²εἰ</strong></span> <span class='ocrx_word' id='word_1_393' title='bbox 1545 3140 1912 3208; x_wconf 87' lang='lat' dir='ltr'><strong>hospitalitate</strong></span> <span class='ocrx_word' id='word_1_394' title='bbox 1935 3141 2302 3208; x_wconf 84' lang='lat' dir='ltr'><strong>valerejussa.</strong></span> <span class='ocrx_word' id='word_1_395' title='bbox 2343 3179 2385 3239; x_wconf 64' lang='grc' dir='ltr'><strong>ϐ</strong></span> <span class='ocrx_word' id='word_1_396' title='bbox 2420 3173 2449 3208; x_wconf 60' lang='grc' dir='ltr'>α</span> <span class='ocrx_word' id='word_1_397' title='bbox 2481 3170 2538 3209; x_wconf 75' lang='lat' dir='ltr'><strong>sc</strong></span> <span class='ocrx_word' id='word_1_398' title='bbox 2567 3151 2878 3219; x_wconf 49' lang='lat' dir='ltr'><strong>descriptis,</strong></span> <span class='ocrx_word' id='word_1_399' title='bbox 2911 3151 3025 3217; x_wconf 70' lang='lat' dir='ltr'><strong>ipse</strong></span> <span class='ocrx_word' id='word_1_400' title='bbox 3076 3146 3340 3200; x_wconf 56' lang='lat' dir='ltr'><strong>interfuit.</strong></span> <span class='ocrx_word' id='word_1_401' title='bbox 3389 3143 3616 3210; x_wconf 53' lang='lat' dir='ltr'><strong>scripsi;</strong></span> <span class='ocrx_word' id='word_1_402' title='bbox 3647 3149 3698 3193; x_wconf 68' lang='grc' dir='ltr'>ει</span> <span class='ocrx_word' id='word_1_403' title='bbox 3733 3139 3905 3191; x_wconf 58' lang='lat' dir='ltr'><strong>unum</strong></span> <span class='ocrx_word' id='word_1_404' title='bbox 3941 3136 4002 3185; x_wconf 76' lang='lat' dir='ltr'><strong>li-</strong></span> 
     </span>
    </p>
   </div>
   <div class='ocr_carea' id='block_1_62' title="bbox 736 3228 2309 3302">
    <p class='ocr_par' dir='ltr' id='par_1_62' title="bbox 736 3228 2309 3302">
     <span class='ocr_line' id='line_1_62' title="bbox 736 3228 2309 3302; baseline -0.002 -14"><span class='ocrx_word' id='word_1_405' title='bbox 736 3236 841 3288; x_wconf 49' lang='lat' dir='ltr'><strong>Sed</strong></span> <span class='ocrx_word' id='word_1_406' title='bbox 876 3236 926 3286; x_wconf 89' lang='lat' dir='ltr'><strong>in</strong></span> <span class='ocrx_word' id='word_1_407' title='bbox 966 3250 1095 3302; x_wconf 78' lang='lat' dir='ltr'><strong>pace</strong></span> <span class='ocrx_word' id='word_1_408' title='bbox 1134 3228 1506 3287; x_wconf 54' lang='lat' dir='ltr'><strong>Romanorum</strong></span> <span class='ocrx_word' id='word_1_409' title='bbox 1543 3247 1668 3285; x_wconf 88' lang='lat' dir='ltr'><strong>cum</strong></span> <span class='ocrx_word' id='word_1_410' title='bbox 1724 3230 1925 3296; x_wconf 84' lang='lat' dir='ltr'><strong>Persis,</strong></span> <span class='ocrx_word' id='word_1_411' title='bbox 1959 3245 2174 3285; x_wconf 87' lang='lat' dir='ltr'><strong>cautum</strong></span> <span class='ocrx_word' id='word_1_412' title='bbox 2205 3241 2309 3295; x_wconf 78' lang='lat' dir='ltr'><strong>cst,</strong></span> 
     </span>
    </p>
   </div>
   <div class='ocr_carea' id='block_1_63' title="bbox 737 3322 2311 3383">
    <p class='ocr_par' dir='ltr' id='par_1_63' title="bbox 737 3322 2311 3383">
     <span class='ocr_line' id='line_1_63' title="bbox 737 3322 2311 3383; baseline 0.004 -11"><span class='ocrx_word' id='word_1_413' title='bbox 737 3335 790 3375; x_wconf 76' lang='lat' dir='ltr'><strong>et</strong></span> <span class='ocrx_word' id='word_1_414' title='bbox 820 3324 948 3376; x_wconf 78' lang='lat' dir='ltr'><strong>viris</strong></span> <span class='ocrx_word' id='word_1_415' title='bbox 982 3324 1083 3375; x_wconf 87' lang='lat' dir='ltr'><strong>illis</strong></span> <span class='ocrx_word' id='word_1_416' title='bbox 1113 3339 1302 3376; x_wconf 86' lang='lat' dir='ltr'><strong>secure</strong></span> <span class='ocrx_word' id='word_1_417' title='bbox 1346 3323 1524 3376; x_wconf 59' lang='grc' dir='ltr'><strong>κῖικηῑθ</strong></span> <span class='ocrx_word' id='word_1_418' title='bbox 1559 3322 1763 3383; x_wconf 86' lang='lat' dir='ltr'><strong>liceret,</strong></span> <span class='ocrx_word' id='word_1_419' title='bbox 1804 3338 1902 3375; x_wconf 91' lang='lat' dir='ltr'><strong>nec</strong></span> <span class='ocrx_word' id='word_1_420' title='bbox 1929 3334 2118 3376; x_wconf 88' lang='lat' dir='ltr'><strong>contra</strong></span> <span class='ocrx_word' id='word_1_421' title='bbox 2147 3324 2311 3378; x_wconf 83' lang='lat' dir='ltr'><strong>animi</strong></span> 
     </span>
    </p>
   </div>
   <div class='ocr_carea' id='block_1_64' title="bbox 741 3414 2318 3485">
    <p class='ocr_par' dir='ltr' id='par_1_64' title="bbox 741 3414 2318 3485">
     <span class='ocr_line' id='line_1_64' title="bbox 741 3414 2318 3485; baseline 0 -18"><span class='ocrx_word' id='word_1_422' title='bbox 741 3417 1063 3468; x_wconf 82' lang='lat' dir='ltr'><strong>sententiain</strong></span> <span class='ocrx_word' id='word_1_423' title='bbox 1099 3416 1165 3468; x_wconf 87' lang='lat' dir='ltr'><strong>ab</strong></span> <span class='ocrx_word' id='word_1_424' title='bbox 1198 3416 1338 3468; x_wconf 87' lang='lat' dir='ltr'><strong>avita</strong></span> <span class='ocrx_word' id='word_1_425' title='bbox 1374 3414 1470 3485; x_wconf 84' lang='lat' dir='ltr'><strong>(De</strong></span> <span class='ocrx_word' id='word_1_426' title='bbox 1525 3414 1675 3481; x_wconf 71' lang='lat' dir='ltr'><strong>iliis),</strong></span> <span class='ocrx_word' id='word_1_427' title='bbox 1714 3414 1970 3482; x_wconf 89' lang='lat' dir='ltr'><strong>opinione</strong></span> <span class='ocrx_word' id='word_1_428' title='bbox 2001 3424 2144 3468; x_wconf 82' lang='lat' dir='ltr'><strong>esset</strong></span> <span class='ocrx_word' id='word_1_429' title='bbox 2167 3429 2318 3468; x_wconf 88' lang='lat' dir='ltr'><strong>rece-</strong></span> 
     </span>
    </p>
   </div>
   <div class='ocr_carea' id='block_1_65' title="bbox 739 3508 996 3562">
    <p class='ocr_par' dir='ltr' id='par_1_65' title="bbox 739 3508 996 3562">
     <span class='ocr_line' id='line_1_65' title="bbox 739 3508 996 3562; baseline -0.004 -2"><span class='ocrx_word' id='word_1_430' title='bbox 739 3508 996 3562; x_wconf 82' lang='lat' dir='ltr'><strong>tlendum.</strong></span> 
     </span>
    </p>
   </div>
   <div class='ocr_carea' id='block_1_66' title="bbox 810 3597 2315 3668">
    <p class='ocr_par' dir='ltr' id='par_1_66' title="bbox 810 3597 2315 3668">
     <span class='ocr_line' id='line_1_66' title="bbox 810 3597 2315 3668; baseline -0.001 -15"><span class='ocrx_word' id='word_1_431' title='bbox 810 3600 1053 3663; x_wconf 83' lang='lat' dir='ltr'><strong>Priscus,</strong></span> <span class='ocrx_word' id='word_1_432' title='bbox 1084 3599 1324 3664; x_wconf 88' lang='lat' dir='ltr'><strong>Panites,</strong></span> <span class='ocrx_word' id='word_1_433' title='bbox 1373 3600 1644 3668; x_wconf 79' lang='lat' dir='ltr'><strong>sephisia,</strong></span> <span class='ocrx_word' id='word_1_434' title='bbox 1683 3597 1971 3653; x_wconf 86' lang='lat' dir='ltr'><strong>Theodosii</strong></span> <span class='ocrx_word' id='word_1_435' title='bbox 2017 3599 2147 3652; x_wconf 81' lang='lat' dir='ltr'><strong>.lun.</strong></span> <span class='ocrx_word' id='word_1_436' title='bbox 2181 3609 2315 3652; x_wconf 88' lang='lat' dir='ltr'><strong>tem-</strong></span> 
     </span>
    </p>
   </div>
   <div class='ocr_carea' id='block_1_67' title="bbox 743 3689 2318 3761">
    <p class='ocr_par' dir='ltr' id='par_1_67' title="bbox 743 3689 2318 3761">
     <span class='ocr_line' id='line_1_67' title="bbox 743 3689 2318 3761; baseline 0.001 -19"><span class='ocrx_word' id='word_1_437' title='bbox 743 3695 964 3761; x_wconf 77' lang='lat' dir='ltr'><strong>poribus</strong></span> <span class='ocrx_word' id='word_1_438' title='bbox 1004 3692 1219 3760; x_wconf 68' lang='lat' dir='ltr'><strong>stripsit</strong></span> <span class='ocrx_word' id='word_1_439' title='bbox 1251 3691 1546 3744; x_wconf 78' lang='lat' dir='ltr'><strong>Historiam</strong></span> <span class='ocrx_word' id='word_1_440' title='bbox 1577 3690 1932 3759; x_wconf 74' lang='lat' dir='ltr'><strong>Byzantinam</strong></span> <span class='ocrx_word' id='word_1_441' title='bbox 1967 3700 2015 3742; x_wconf 88' lang='lat' dir='ltr'><strong>et</strong></span> <span class='ocrx_word' id='word_1_442' title='bbox 2049 3689 2120 3742; x_wconf 85' lang='lat' dir='ltr'><strong>De</strong></span> <span class='ocrx_word' id='word_1_443' title='bbox 2148 3693 2318 3744; x_wconf 79' lang='lat' dir='ltr'><strong>Attila</strong></span> 
     </span>
    </p>
   </div>
   <div class='ocr_carea' id='block_1_68' title="bbox 741 3780 2316 3850">
    <p class='ocr_par' dir='ltr' id='par_1_68' title="bbox 741 3780 2316 3850">
     <span class='ocr_line' id='line_1_68' title="bbox 741 3780 2316 3850; baseline -0.003 -12"><span class='ocrx_word' id='word_1_444' title='bbox 741 3791 902 3841; x_wconf 83' lang='lat' dir='ltr'><strong>libros</strong></span> <span class='ocrx_word' id='word_1_445' title='bbox 949 3783 1114 3849; x_wconf 77' lang='lat' dir='ltr'><strong>VIII;</strong></span> <span class='ocrx_word' id='word_1_446' title='bbox 1145 3785 1268 3837; x_wconf 89' lang='lat' dir='ltr'><strong>item</strong></span> <span class='ocrx_word' id='word_1_447' title='bbox 1308 3783 1725 3836; x_wconf 79' lang='lat' dir='ltr'><strong>Declamationes</strong></span> <span class='ocrx_word' id='word_1_448' title='bbox 1770 3783 2056 3836; x_wconf 81' lang='lat' dir='ltr'><strong>rhetoricas</strong></span> <span class='ocrx_word' id='word_1_449' title='bbox 2094 3792 2142 3836; x_wconf 87' lang='lat' dir='ltr'><strong>et</strong></span> <span class='ocrx_word' id='word_1_450' title='bbox 2186 3780 2316 3850; x_wconf 79' lang='lat' dir='ltr'><strong>Epi-</strong></span> 
     </span>
    </p>
   </div>
   <div class='ocr_carea' id='block_1_69' title="bbox 739 3880 925 3933">
    <p class='ocr_par' dir='ltr' id='par_1_69' title="bbox 739 3880 925 3933">
     <span class='ocr_line' id='line_1_69' title="bbox 739 3880 925 3933; baseline 0.011 -2"><span class='ocrx_word' id='word_1_451' title='bbox 739 3880 925 3933; x_wconf 79' lang='lat' dir='ltr'><strong>stolas.</strong></span> 
     </span>
    </p>
   </div>
   <div class='ocr_carea' id='block_1_70' title="bbox 808 3963 2312 4033">
    <p class='ocr_par' dir='ltr' id='par_1_70' title="bbox 808 3963 2312 4033">
     <span class='ocr_line' id='line_1_70' title="bbox 808 3963 2312 4033; baseline -0.003 -14"><span class='ocrx_word' id='word_1_452' title='bbox 808 3967 1160 4031; x_wconf 62' lang='lat' dir='ltr'><strong>Prowrcsius,</strong></span> <span class='ocrx_word' id='word_1_453' title='bbox 1193 3967 1460 4022; x_wconf 75' lang='lat' dir='ltr'><strong>Pancratii</strong></span> <span class='ocrx_word' id='word_1_454' title='bbox 1483 3967 1564 4031; x_wconf 86' lang='lat' dir='ltr'><strong>F.,</strong></span> <span class='ocrx_word' id='word_1_455' title='bbox 1591 3984 1654 4021; x_wconf 81' lang='lat' dir='ltr'><strong>cx</strong></span> <span class='ocrx_word' id='word_1_456' title='bbox 1674 3967 1920 4020; x_wconf 75' lang='lat' dir='ltr'><strong>Czesarea</strong></span> <span class='ocrx_word' id='word_1_457' title='bbox 1938 3963 2312 4033; x_wconf 69' lang='lat' dir='ltr'><strong>Cappadociae,</strong></span> 
     </span>
    </p>
   </div>
   <div class='ocr_carea' id='block_1_71' title="bbox 741 4060 2316 4134">
    <p class='ocr_par' dir='ltr' id='par_1_71' title="bbox 741 4060 2316 4134">
     <span class='ocr_line' id='line_1_71' title="bbox 741 4060 2316 4134; baseline -0.004 -16"><span class='ocrx_word' id='word_1_458' title='bbox 741 4065 1006 4132; x_wconf 62' lang='lat' dir='ltr'><strong>sogiliisia,</strong></span> <span class='ocrx_word' id='word_1_459' title='bbox 1055 4068 1140 4133; x_wconf 82' lang='lat' dir='ltr'><strong>qui</strong></span> <span class='ocrx_word' id='word_1_460' title='bbox 1175 4066 1473 4118; x_wconf 73' lang='lat' dir='ltr'><strong>Antiochia:</strong></span> <span class='ocrx_word' id='word_1_461' title='bbox 1504 4065 1793 4134; x_wconf 87' lang='lat' dir='ltr'><strong>Ulpianum</strong></span> <span class='ocrx_word' id='word_1_462' title='bbox 1826 4062 2052 4116; x_wconf 85' lang='lat' dir='ltr'><strong>audivit.</strong></span> <span class='ocrx_word' id='word_1_463' title='bbox 2086 4060 2316 4113; x_wconf 86' lang='lat' dir='ltr'><strong>Athenis</strong></span> 
     </span>
    </p>
   </div>
   <div class='ocr_carea' id='block_1_72' title="bbox 739 4154 2316 4225">
    <p class='ocr_par' dir='ltr' id='par_1_72' title="bbox 739 4154 2316 4225">
     <span class='ocr_line' id='line_1_72' title="bbox 739 4154 2316 4225; baseline -0.002 -16"><span class='ocrx_word' id='word_1_464' title='bbox 739 4159 924 4212; x_wconf 84' lang='lat' dir='ltr'><strong>docuit</strong></span> <span class='ocrx_word' id='word_1_465' title='bbox 966 4159 1124 4225; x_wconf 56' lang='lat' dir='ltr'><strong>paulo</strong></span> <span class='ocrx_word' id='word_1_466' title='bbox 1163 4167 1288 4211; x_wconf 86' lang='lat' dir='ltr'><strong>ante</strong></span> <span class='ocrx_word' id='word_1_467' title='bbox 1315 4156 1636 4218; x_wconf 89' lang='lat' dir='ltr'><strong>Lihanium,</strong></span> <span class='ocrx_word' id='word_1_468' title='bbox 1671 4156 1925 4210; x_wconf 80' lang='lat' dir='ltr'><strong>maximis</strong></span> <span class='ocrx_word' id='word_1_469' title='bbox 1970 4171 1996 4205; x_wconf 91' lang='lat' dir='ltr'><strong>a</strong></span> <span class='ocrx_word' id='word_1_470' title='bbox 2044 4154 2316 4208; x_wconf 85' lang='lat' dir='ltr'><strong>Conslan-</strong></span> 
     </span>
    </p>
   </div>
   <div class='ocr_carea' id='block_1_73' title="bbox 742 4247 2313 4314">
    <p class='ocr_par' dir='ltr' id='par_1_73' title="bbox 742 4247 2313 4314">
     <span class='ocr_line' id='line_1_73' title="bbox 742 4247 2313 4314; baseline -0.001 -13"><span class='ocrx_word' id='word_1_471' title='bbox 742 4253 854 4308; x_wconf 78' lang='lat' dir='ltr'><strong>tino</strong></span> <span class='ocrx_word' id='word_1_472' title='bbox 916 4251 1214 4305; x_wconf 87' lang='lat' dir='ltr'><strong>honoribus</strong></span> <span class='ocrx_word' id='word_1_473' title='bbox 1282 4260 1527 4304; x_wconf 85' lang='lat' dir='ltr'><strong>ornatus.</strong></span> <span class='ocrx_word' id='word_1_474' title='bbox 1601 4248 1832 4314; x_wconf 89' lang='lat' dir='ltr'><strong>Scripsit</strong></span> <span class='ocrx_word' id='word_1_475' title='bbox 1893 4247 2313 4301; x_wconf 83' lang='lat' dir='ltr'><strong>Declamationcs</strong></span> 
     </span>
    </p>
   </div>
   <div class='ocr_carea' id='block_1_74' title="bbox 742 4340 2309 4406">
    <p class='ocr_par' dir='ltr' id='par_1_74' title="bbox 742 4340 2309 4406">
     <span class='ocr_line' id='line_1_74' title="bbox 742 4340 2309 4406; baseline -0.001 -13"><span class='ocrx_word' id='word_1_476' title='bbox 742 4344 1049 4396; x_wconf 81' lang='lat' dir='ltr'><strong>rhetoricas.</strong></span> <span class='ocrx_word' id='word_1_477' title='bbox 1075 4341 1220 4394; x_wconf 74' lang='lat' dir='ltr'><strong>Vixit</strong></span> <span class='ocrx_word' id='word_1_478' title='bbox 1250 4350 1302 4394; x_wconf 85' lang='lat' dir='ltr'><strong>et</strong></span> <span class='ocrx_word' id='word_1_479' title='bbox 1337 4344 1438 4395; x_wconf 91' lang='lat' dir='ltr'><strong>sub</strong></span> <span class='ocrx_word' id='word_1_480' title='bbox 1463 4341 1680 4395; x_wconf 87' lang='lat' dir='ltr'><strong>Juliano</strong></span> <span class='ocrx_word' id='word_1_481' title='bbox 1705 4340 1917 4393; x_wconf 88' lang='lat' dir='ltr'><strong>Libanii</strong></span> <span class='ocrx_word' id='word_1_482' title='bbox 1954 4341 2309 4406; x_wconf 89' lang='lat' dir='ltr'><strong>temporibus,</strong></span> 
     </span>
    </p>
   </div>
   <div class='ocr_carea' id='block_1_75' title="bbox 744 4428 2312 4498">
    <p class='ocr_par' dir='ltr' id='par_1_75' title="bbox 744 4428 2312 4498">
     <span class='ocr_line' id='line_1_75' title="bbox 744 4428 2312 4498; baseline -0.003 -13"><span class='ocrx_word' id='word_1_483' title='bbox 744 4445 791 4486; x_wconf 86' lang='lat' dir='ltr'><strong>cl</strong></span> <span class='ocrx_word' id='word_1_484' title='bbox 830 4432 1100 4496; x_wconf 76' lang='lat' dir='ltr'><strong>Julianus,</strong></span> <span class='ocrx_word' id='word_1_485' title='bbox 1145 4443 1202 4486; x_wconf 89' lang='lat' dir='ltr'><strong>iit</strong></span> <span class='ocrx_word' id='word_1_486' title='bbox 1249 4432 1548 4486; x_wconf 68' lang='lat' dir='ltr'><strong>Promrcsio</strong></span> <span class='ocrx_word' id='word_1_487' title='bbox 1588 4446 1726 4498; x_wconf 72' lang='lat' dir='ltr'><strong>iegre</strong></span> <span class='ocrx_word' id='word_1_488' title='bbox 1764 4429 1984 4490; x_wconf 73' lang='lat' dir='ltr'><strong>faceret,</strong></span> <span class='ocrx_word' id='word_1_489' title='bbox 2027 4428 2312 4482; x_wconf 87' lang='lat' dir='ltr'><strong>Libaniuin</strong></span> 
     </span>
    </p>
   </div>
   <div class='ocr_carea' id='block_1_76' title="bbox 745 4509 1932 4591">
    <p class='ocr_par' dir='ltr' id='par_1_76' title="bbox 745 4509 1932 4591">
     <span class='ocr_line' id='line_1_76' title="bbox 745 4509 1932 4591; baseline -0.005 -17"><span class='ocrx_word' id='word_1_490' title='bbox 745 4509 1092 4577; x_wconf 66' lang='lat' dir='ltr'><strong>vehementer</strong></span> <span class='ocrx_word' id='word_1_491' title='bbox 1123 4524 1306 4578; x_wconf 74' lang='lat' dir='ltr'><strong>cnluit.</strong></span> <span class='ocrx_word' id='word_1_492' title='bbox 1345 4522 1542 4591; x_wconf 87' lang='lat' dir='ltr'><strong>(Supra</strong></span> <span class='ocrx_word' id='word_1_493' title='bbox 1573 4523 1624 4573; x_wconf 91' lang='lat' dir='ltr'><strong>in</strong></span> <span class='ocrx_word' id='word_1_494' title='bbox 1657 4518 1932 4586; x_wconf 76' lang='lat' dir='ltr'><strong>Libanio.)</strong></span> 
     </span>
    </p>
   </div>
   <div class='ocr_carea' id='block_1_77' title="bbox 823 4611 1792 4684">
    <p class='ocr_par' dir='ltr' id='par_1_77' title="bbox 823 4611 1792 4684">
     <span class='ocr_line' id='line_1_77' title="bbox 823 4611 1792 4684; baseline -0.002 -20"><span class='ocrx_word' id='word_1_495' title='bbox 823 4615 1186 4684; x_wconf 69' lang='grc' dir='ltr'><strong>Πρῡκέφαλος.</strong></span> <span class='ocrx_word' id='word_1_496' title='bbox 1218 4613 1410 4682; x_wconf 81' lang='lat' dir='ltr'><strong>Supra,</strong></span> <span class='ocrx_word' id='word_1_497' title='bbox 1447 4613 1498 4665; x_wconf 86' lang='lat' dir='ltr'><strong>iii</strong></span> <span class='ocrx_word' id='word_1_498' title='bbox 1531 4611 1792 4666; x_wconf 85' lang='lat' dir='ltr'><strong>PhiIOt:le.</strong></span> 
     </span>
    </p>
   </div>
   <div class='ocr_carea' id='block_1_78' title="bbox 823 4703 2321 4774">
    <p class='ocr_par' dir='ltr' id='par_1_78' title="bbox 823 4703 2321 4774">
     <span class='ocr_line' id='line_1_78' title="bbox 823 4703 2321 4774; baseline -0.002 -15"><span class='ocrx_word' id='word_1_499' title='bbox 823 4707 1070 4768; x_wconf 84' lang='lat' dir='ltr'><strong>Proeliis,</strong></span> <span class='ocrx_word' id='word_1_500' title='bbox 1121 4707 1362 4760; x_wconf 79' lang='lat' dir='ltr'><strong>lilallotes</strong></span> <span class='ocrx_word' id='word_1_501' title='bbox 1390 4747 1404 4769; x_wconf 91' lang='lat'><strong>,</strong></span> <span class='ocrx_word' id='word_1_502' title='bbox 1449 4705 1583 4758; x_wconf 79' lang='lat' dir='ltr'><strong>Cilix</strong></span> <span class='ocrx_word' id='word_1_503' title='bbox 1611 4746 1626 4768; x_wconf 90' lang='lat'><strong>,</strong></span> <span class='ocrx_word' id='word_1_504' title='bbox 1675 4705 2032 4774; x_wconf 80' lang='lat' dir='ltr'><strong>philosophus</strong></span> <span class='ocrx_word' id='word_1_505' title='bbox 2082 4703 2321 4759; x_wconf 87' lang='lat' dir='ltr'><strong>Stoicus.</strong></span> 
     </span>
    </p>
   </div>
   <div class='ocr_carea' id='block_1_79' title="bbox 756 4797 2326 4867">
    <p class='ocr_par' dir='ltr' id='par_1_79' title="bbox 756 4797 2326 4867">
     <span class='ocr_line' id='line_1_79' title="bbox 756 4797 2326 4867; baseline -0.003 -15"><span class='ocrx_word' id='word_1_506' title='bbox 756 4801 990 4867; x_wconf 82' lang='lat' dir='ltr'><strong>Scripsit</strong></span> <span class='ocrx_word' id='word_1_507' title='bbox 1034 4798 1486 4851; x_wconf 71' lang='lat' dir='ltr'><strong>Commentariun:</strong></span> <span class='ocrx_word' id='word_1_508' title='bbox 1522 4799 1573 4850; x_wconf 87' lang='lat' dir='ltr'><strong>in</strong></span> <span class='ocrx_word' id='word_1_509' title='bbox 1607 4797 1848 4866; x_wconf 81' lang='lat' dir='ltr'><strong>Diogenis</strong></span> <span class='ocrx_word' id='word_1_510' title='bbox 1881 4797 2239 4865; x_wconf 70' lang='lat' dir='ltr'><strong>sophismata;</strong></span> <span class='ocrx_word' id='word_1_511' title='bbox 2274 4807 2326 4850; x_wconf 92' lang='lat' dir='ltr'><strong>et</strong></span> 
     </span>
    </p>
   </div>
   <div class='ocr_carea' id='block_1_80' title="bbox 752 4889 1355 4956">
    <p class='ocr_par' dir='ltr' id='par_1_80' title="bbox 752 4889 1355 4956">
     <span class='ocr_line' id='line_1_80' title="bbox 752 4889 1355 4956; baseline -0.003 -13"><span class='ocrx_word' id='word_1_512' title='bbox 752 4892 1017 4943; x_wconf 72' lang='lat' dir='ltr'><strong>Adversus</strong></span> <span class='ocrx_word' id='word_1_513' title='bbox 1051 4889 1355 4956; x_wconf 54' lang='lat' dir='ltr'><strong>I&#39;Tpicurttm.</strong></span> 
     </span>
    </p>
   </div>
   <div class='ocr_carea' id='block_1_81' title="bbox 818 4977 2324 5048">
    <p class='ocr_par' dir='ltr' id='par_1_81' title="bbox 818 4977 2324 5048">
     <span class='ocr_line' id='line_1_81' title="bbox 818 4977 2324 5048; baseline -0.001 -16"><span class='ocrx_word' id='word_1_514' title='bbox 818 4979 1048 5033; x_wconf 88' lang='lat' dir='ltr'><strong>Proeliis</strong></span> <span class='ocrx_word' id='word_1_515' title='bbox 1083 4980 1239 5040; x_wconf 89' lang='lat' dir='ltr'><strong>alter,</strong></span> <span class='ocrx_word' id='word_1_516' title='bbox 1272 4977 1538 5040; x_wconf 80' lang='lat' dir='ltr'><strong>Mallotes,</strong></span> <span class='ocrx_word' id='word_1_517' title='bbox 1573 4979 1929 5048; x_wconf 85' lang='lat' dir='ltr'><strong>philosophus</strong></span> <span class='ocrx_word' id='word_1_518' title='bbox 1959 4989 2010 5033; x_wconf 91' lang='lat' dir='ltr'><strong>ct</strong></span> <span class='ocrx_word' id='word_1_519' title='bbox 2039 4980 2148 5048; x_wconf 88' lang='lat' dir='ltr'><strong>ipse</strong></span> <span class='ocrx_word' id='word_1_520' title='bbox 2175 4977 2324 5032; x_wconf 89' lang='lat' dir='ltr'><strong>Stoi-</strong></span> 
     </span>
    </p>
   </div>
   <div class='ocr_carea' id='block_1_82' title="bbox 746 5086 863 5124">
    <p class='ocr_par' dir='ltr' id='par_1_82' title="bbox 746 5086 863 5124">
     <span class='ocr_line' id='line_1_82' title="bbox 746 5086 863 5124; baseline 0.017 -2"><span class='ocrx_word' id='word_1_521' title='bbox 746 5086 863 5124; x_wconf 68' lang='grc' dir='ltr'><strong>ιῑιις.</strong></span> 
     </span>
    </p>
   </div>
   <div class='ocr_carea' id='block_1_83' title="bbox 821 5159 2327 5224">
    <p class='ocr_par' dir='ltr' id='par_1_83' title="bbox 821 5159 2327 5224">
     <span class='ocr_line' id='line_1_83' title="bbox 821 5159 2327 5224; baseline 0 -10"><span class='ocrx_word' id='word_1_522' title='bbox 821 5161 1064 5224; x_wconf 81' lang='lat' dir='ltr'><strong>Proeliis,</strong></span> <span class='ocrx_word' id='word_1_523' title='bbox 1131 5159 1482 5221; x_wconf 84' lang='lat' dir='ltr'><strong>Proculeius,</strong></span> <span class='ocrx_word' id='word_1_524' title='bbox 1535 5160 1880 5215; x_wconf 79' lang='lat' dir='ltr'><strong>Themisonis</strong></span> <span class='ocrx_word' id='word_1_525' title='bbox 1925 5160 1963 5214; x_wconf 87' lang='lat' dir='ltr'><strong>F</strong></span> <span class='ocrx_word' id='word_1_526' title='bbox 1994 5201 2008 5224; x_wconf 95' lang='lat'><strong>,</strong></span> <span class='ocrx_word' id='word_1_527' title='bbox 2043 5161 2327 5214; x_wconf 77' lang='lat' dir='ltr'><strong>Laodicea:</strong></span> 
     </span>
    </p>
   </div>
   <div class='ocr_carea' id='block_1_84' title="bbox 754 5250 2322 5321">
    <p class='ocr_par' dir='ltr' id='par_1_84' title="bbox 754 5250 2322 5321">
     <span class='ocr_line' id='line_1_84' title="bbox 754 5250 2322 5321; baseline -0.002 -16"><span class='ocrx_word' id='word_1_528' title='bbox 754 5255 924 5321; x_wconf 63' lang='lat' dir='ltr'><strong>Syriae</strong></span> <span class='ocrx_word' id='word_1_529' title='bbox 965 5251 1220 5303; x_wconf 81' lang='lat' dir='ltr'><strong>sacerdos</strong></span> <span class='ocrx_word' id='word_1_530' title='bbox 1263 5252 1374 5302; x_wconf 88' lang='lat' dir='ltr'><strong>sive</strong></span> <span class='ocrx_word' id='word_1_531' title='bbox 1413 5250 1795 5318; x_wconf 73' lang='lat' dir='ltr'><strong>hiet-Ophauta.</strong></span> <span class='ocrx_word' id='word_1_532' title='bbox 1831 5251 2060 5319; x_wconf 86' lang='lat' dir='ltr'><strong>Scripsit</strong></span> <span class='ocrx_word' id='word_1_533' title='bbox 2102 5251 2322 5304; x_wconf 84' lang='lat' dir='ltr'><strong>Theolo-</strong></span> 
     </span>
    </p>
   </div>
   <div class='ocr_carea' id='block_1_85' title="bbox 752 5341 2329 5412">
    <p class='ocr_par' dir='ltr' id='par_1_85' title="bbox 752 5341 2329 5412">
     <span class='ocr_line' id='line_1_85' title="bbox 752 5341 2329 5412; baseline 0 -17"><span class='ocrx_word' id='word_1_534' title='bbox 752 5348 928 5412; x_wconf 82' lang='lat' dir='ltr'><strong>giam;</strong></span> <span class='ocrx_word' id='word_1_535' title='bbox 972 5342 1034 5395; x_wconf 86' lang='lat' dir='ltr'><strong>In</strong></span> <span class='ocrx_word' id='word_1_536' title='bbox 1071 5342 1332 5394; x_wconf 78' lang='lat' dir='ltr'><strong>Pandam:</strong></span> <span class='ocrx_word' id='word_1_537' title='bbox 1376 5341 1658 5403; x_wconf 75' lang='lat' dir='ltr'><strong>Fabulam,</strong></span> <span class='ocrx_word' id='word_1_538' title='bbox 1687 5359 1801 5410; x_wconf 70' lang='grc' dir='ltr'><strong>(μίαν</strong></span> <span class='ocrx_word' id='word_1_539' title='bbox 1831 5353 1904 5395; x_wconf 88' lang='lat' dir='ltr'><strong>est</strong></span> <span class='ocrx_word' id='word_1_540' title='bbox 1956 5345 2094 5411; x_wconf 84' lang='lat' dir='ltr'><strong>apud</strong></span> <span class='ocrx_word' id='word_1_541' title='bbox 2143 5341 2329 5395; x_wconf 68' lang='lat' dir='ltr'><strong>Hesio-</strong></span> 
     </span>
    </p>
   </div>
   <div class='ocr_carea' id='block_1_86' title="bbox 751 5431 2324 5503">
    <p class='ocr_par' dir='ltr' id='par_1_86' title="bbox 751 5431 2324 5503">
     <span class='ocr_line' id='line_1_86' title="bbox 751 5431 2324 5503; baseline -0.003 -15"><span class='ocrx_word' id='word_1_542' title='bbox 751 5438 920 5500; x_wconf 79' lang='lat' dir='ltr'><strong>dum;</strong></span> <span class='ocrx_word' id='word_1_543' title='bbox 964 5435 1024 5486; x_wconf 85' lang='lat' dir='ltr'><strong>In</strong></span> <span class='ocrx_word' id='word_1_544' title='bbox 1067 5433 1379 5487; x_wconf 71' lang='lat' dir='ltr'><strong>Nicomachi</strong></span> <span class='ocrx_word' id='word_1_545' title='bbox 1417 5431 1671 5503; x_wconf 79' lang='lat' dir='ltr'><strong>lsagogen</strong></span> <span class='ocrx_word' id='word_1_546' title='bbox 1719 5433 2098 5496; x_wconf 79' lang='lat' dir='ltr'><strong>arithmeticm,</strong></span> <span class='ocrx_word' id='word_1_547' title='bbox 2139 5443 2192 5486; x_wconf 78' lang='lat' dir='ltr'><strong>et</strong></span> <span class='ocrx_word' id='word_1_548' title='bbox 2223 5432 2324 5485; x_wconf 83' lang='lat' dir='ltr'><strong>alia</strong></span> 
     </span>
    </p>
   </div>
   <div class='ocr_carea' id='block_1_87' title="bbox 752 5531 1354 5595">
    <p class='ocr_par' dir='ltr' id='par_1_87' title="bbox 752 5531 1354 5595">
     <span class='ocr_line' id='line_1_87' title="bbox 752 5531 1354 5595; baseline -0.002 -16"><span class='ocrx_word' id='word_1_549' title='bbox 752 5532 996 5595; x_wconf 73' lang='lat' dir='ltr'><strong>qn;cd:iin</strong></span> <span class='ocrx_word' id='word_1_550' title='bbox 1028 5531 1354 5593; x_wconf 79' lang='lat' dir='ltr'><strong>geometrica.</strong></span> 
     </span>
    </p>
   </div>
   <div class='ocr_carea' id='block_1_88' title="bbox 827 5616 2324 5687">
    <p class='ocr_par' dir='ltr' id='par_1_88' title="bbox 827 5616 2324 5687">
     <span class='ocr_line' id='line_1_88' title="bbox 827 5616 2324 5687; baseline 0 -18"><span class='ocrx_word' id='word_1_551' title='bbox 827 5618 1050 5672; x_wconf 79' lang='lat' dir='ltr'><strong>Prorlus</strong></span> <span class='ocrx_word' id='word_1_552' title='bbox 1102 5617 1319 5687; x_wconf 73' lang='lat' dir='ltr'><strong>Lycius,</strong></span> <span class='ocrx_word' id='word_1_553' title='bbox 1377 5620 1676 5685; x_wconf 89' lang='lat' dir='ltr'><strong>discipulus</strong></span> <span class='ocrx_word' id='word_1_554' title='bbox 1730 5617 1944 5687; x_wconf 85' lang='lat' dir='ltr'><strong>Syriani</strong></span> <span class='ocrx_word' id='word_1_555' title='bbox 1992 5627 2044 5669; x_wconf 85' lang='lat' dir='ltr'><strong>et</strong></span> <span class='ocrx_word' id='word_1_556' title='bbox 2109 5616 2324 5669; x_wconf 85' lang='lat' dir='ltr'><strong>auditor</strong></span> 
     </span>
    </p>
   </div>
   <div class='ocr_carea' id='block_1_89' title="bbox 758 5708 2323 5778">
    <p class='ocr_par' dir='ltr' id='par_1_89' title="bbox 758 5708 2323 5778">
     <span class='ocr_line' id='line_1_89' title="bbox 758 5708 2323 5778; baseline -0.002 -15"><span class='ocrx_word' id='word_1_557' title='bbox 758 5708 1026 5763; x_wconf 69' lang='lat' dir='ltr'><strong>Plutarchi</strong></span> <span class='ocrx_word' id='word_1_558' title='bbox 1065 5711 1392 5778; x_wconf 74' lang='lat' dir='ltr'><strong>pliilosephi,</strong></span> <span class='ocrx_word' id='word_1_559' title='bbox 1426 5710 1658 5764; x_wconf 71' lang='lat' dir='ltr'><strong>Nesioi&#39;ii</strong></span> <span class='ocrx_word' id='word_1_560' title='bbox 1699 5709 1782 5773; x_wconf 76' lang='lat' dir='ltr'><strong>I&quot;.,</strong></span> <span class='ocrx_word' id='word_1_561' title='bbox 1808 5708 2119 5761; x_wconf 83' lang='lat' dir='ltr'><strong>Platonicus</strong></span> <span class='ocrx_word' id='word_1_562' title='bbox 2151 5709 2323 5776; x_wconf 85' lang='lat' dir='ltr'><strong>philo-</strong></span> 
     </span>
    </p>
   </div>
   <div class='ocr_carea' id='block_1_90' title="bbox 753 5800 2322 5873">
    <p class='ocr_par' dir='ltr' id='par_1_90' title="bbox 753 5800 2322 5873">
     <span class='ocr_line' id='line_1_90' title="bbox 753 5800 2322 5873; baseline -0.003 -18"><span class='ocrx_word' id='word_1_563' title='bbox 753 5803 981 5873; x_wconf 80' lang='lat' dir='ltr'><strong>sophus.</strong></span> <span class='ocrx_word' id='word_1_564' title='bbox 1024 5805 1113 5871; x_wconf 78' lang='lat' dir='ltr'><strong>qui</strong></span> <span class='ocrx_word' id='word_1_565' title='bbox 1155 5803 1541 5873; x_wconf 52' lang='lat' dir='ltr'><strong>philosophiae</strong></span> <span class='ocrx_word' id='word_1_566' title='bbox 1585 5802 1784 5858; x_wconf 80' lang='lat' dir='ltr'><strong>schola:</strong></span> <span class='ocrx_word' id='word_1_567' title='bbox 1831 5801 2050 5856; x_wconf 67' lang='lat' dir='ltr'><strong>Athenis</strong></span> <span class='ocrx_word' id='word_1_568' title='bbox 2091 5800 2322 5869; x_wconf 63' lang='lat' dir='ltr'><strong>przct‘teit,</strong></span> 
     </span>
    </p>
   </div>
   <div class='ocr_carea' id='block_1_91' title="bbox 2425 3227 4000 3311">
    <p class='ocr_par' dir='ltr' id='par_1_91' title="bbox 2425 3227 4000 3311">
     <span class='ocr_line' id='line_1_91' title="bbox 2425 3227 4000 3311; baseline -0.013 -12"><span class='ocrx_word' id='word_1_569' title='bbox 2425 3247 2604 3306; x_wconf 85' lang='lat' dir='ltr'><strong>brum,</strong></span> <span class='ocrx_word' id='word_1_570' title='bbox 2636 3243 2728 3311; x_wconf 90' lang='lat' dir='ltr'><strong>qui</strong></span> <span class='ocrx_word' id='word_1_571' title='bbox 2766 3241 3036 3309; x_wconf 80' lang='lat' dir='ltr'><strong>prioribus</strong></span> <span class='ocrx_word' id='word_1_572' title='bbox 3071 3237 3286 3290; x_wconf 90' lang='lat' dir='ltr'><strong>additus</strong></span> <span class='ocrx_word' id='word_1_573' title='bbox 3309 3246 3390 3289; x_wconf 88' lang='lat' dir='ltr'><strong>est</strong></span> <span class='ocrx_word' id='word_1_574' title='bbox 3413 3249 3608 3292; x_wconf 85' lang='lat' dir='ltr'><strong>nonus,</strong></span> <span class='ocrx_word' id='word_1_575' title='bbox 3639 3242 3691 3284; x_wconf 84' lang='lat' dir='ltr'><strong>et</strong></span> <span class='ocrx_word' id='word_1_576' title='bbox 3725 3227 4000 3280; x_wconf 71' lang='lat' dir='ltr'><strong>Anecdota</strong></span> 
     </span>
    </p>
   </div>
   <div class='ocr_carea' id='block_1_92' title="bbox 2427 3318 4003 3395">
    <p class='ocr_par' dir='ltr' id='par_1_92' title="bbox 2427 3318 4003 3395">
     <span class='ocr_line' id='line_1_92' title="bbox 2427 3318 4003 3395; baseline -0.013 -6"><span class='ocrx_word' id='word_1_577' title='bbox 2427 3337 2784 3395; x_wconf 80' lang='lat' dir='ltr'><strong>inscribitur,</strong></span> <span class='ocrx_word' id='word_1_578' title='bbox 2836 3331 3125 3383; x_wconf 86' lang='lat' dir='ltr'><strong>continens</strong></span> <span class='ocrx_word' id='word_1_579' title='bbox 3174 3327 3604 3395; x_wconf 78' lang='lat' dir='ltr'><strong>vituperationes</strong></span> <span class='ocrx_word' id='word_1_580' title='bbox 3652 3333 3704 3374; x_wconf 86' lang='lat' dir='ltr'><strong>et</strong></span> <span class='ocrx_word' id='word_1_581' title='bbox 3754 3318 4003 3372; x_wconf 77' lang='lat' dir='ltr'><strong>c02nicas</strong></span> 
     </span>
    </p>
   </div>
   <div class='ocr_carea' id='block_1_93' title="bbox 2425 3411 4002 3487">
    <p class='ocr_par' dir='ltr' id='par_1_93' title="bbox 2425 3411 4002 3487">
     <span class='ocr_line' id='line_1_93' title="bbox 2425 3411 4002 3487; baseline -0.013 -4"><span class='ocrx_word' id='word_1_582' title='bbox 2425 3427 2810 3482; x_wconf 87' lang='lat' dir='ltr'><strong>insectationes</strong></span> <span class='ocrx_word' id='word_1_583' title='bbox 2829 3421 3123 3476; x_wconf 74' lang='lat' dir='ltr'><strong>Iustiniani</strong></span> <span class='ocrx_word' id='word_1_584' title='bbox 3173 3421 3300 3487; x_wconf 87' lang='lat' dir='ltr'><strong>imp.</strong></span> <span class='ocrx_word' id='word_1_585' title='bbox 3331 3427 3381 3470; x_wconf 86' lang='lat' dir='ltr'><strong>ct</strong></span> <span class='ocrx_word' id='word_1_586' title='bbox 3408 3417 3723 3475; x_wconf 73' lang='lat' dir='ltr'><strong>&#39;l&#39;heodorrc,</strong></span> <span class='ocrx_word' id='word_1_587' title='bbox 3746 3411 4002 3479; x_wconf 66' lang='lat' dir='ltr'><strong>t‘Oiijugis</strong></span> 
     </span>
    </p>
   </div>
   <div class='ocr_carea' id='block_1_94' title="bbox 2421 3509 3610 3584">
    <p class='ocr_par' dir='ltr' id='par_1_94' title="bbox 2421 3509 3610 3584">
     <span class='ocr_line' id='line_1_94' title="bbox 2421 3509 3610 3584; baseline -0.009 -15"><span class='ocrx_word' id='word_1_588' title='bbox 2421 3519 2561 3584; x_wconf 76' lang='lat' dir='ltr'><strong>ejus,</strong></span> <span class='ocrx_word' id='word_1_589' title='bbox 2597 3516 2833 3580; x_wconf 82' lang='lat' dir='ltr'><strong>itemque</strong></span> <span class='ocrx_word' id='word_1_590' title='bbox 2866 3510 3128 3564; x_wconf 89' lang='lat' dir='ltr'><strong>Bellisarii</strong></span> <span class='ocrx_word' id='word_1_591' title='bbox 3166 3519 3218 3562; x_wconf 88' lang='lat' dir='ltr'><strong>et</strong></span> <span class='ocrx_word' id='word_1_592' title='bbox 3259 3509 3442 3562; x_wconf 82' lang='lat' dir='ltr'><strong>uxoris</strong></span> <span class='ocrx_word' id='word_1_593' title='bbox 3473 3509 3610 3573; x_wconf 79' lang='lat' dir='ltr'><strong>ejus.</strong></span> 
     </span>
    </p>
   </div>
   <div class='ocr_carea' id='block_1_95' title="bbox 2491 3593 4000 3675">
    <p class='ocr_par' dir='ltr' id='par_1_95' title="bbox 2491 3593 4000 3675">
     <span class='ocr_line' id='line_1_95' title="bbox 2491 3593 4000 3675; baseline -0.013 -13"><span class='ocrx_word' id='word_1_594' title='bbox 2491 3605 2808 3675; x_wconf 84' lang='lat' dir='ltr'><strong>Procopius.</strong></span> <span class='ocrx_word' id='word_1_595' title='bbox 2847 3604 2904 3657; x_wconf 91' lang='lat' dir='ltr'><strong>In</strong></span> <span class='ocrx_word' id='word_1_596' title='bbox 2946 3602 3146 3670; x_wconf 88' lang='lat' dir='ltr'><strong>templo</strong></span> <span class='ocrx_word' id='word_1_597' title='bbox 3189 3600 3359 3655; x_wconf 85' lang='lat' dir='ltr'><strong>sancti</strong></span> <span class='ocrx_word' id='word_1_598' title='bbox 3411 3599 3684 3666; x_wconf 77' lang='lat' dir='ltr'><strong>martyris,</strong></span> <span class='ocrx_word' id='word_1_599' title='bbox 3721 3593 4000 3660; x_wconf 78' lang='lat' dir='ltr'><strong>Procopii,</strong></span> 
     </span>
    </p>
   </div>
   <div class='ocr_carea' id='block_1_96' title="bbox 2422 3689 3996 3762">
    <p class='ocr_par' dir='ltr' id='par_1_96' title="bbox 2422 3689 3996 3762">
     <span class='ocr_line' id='line_1_96' title="bbox 2422 3689 3996 3762; baseline -0.011 -4"><span class='ocrx_word' id='word_1_600' title='bbox 2422 3706 2474 3757; x_wconf 91' lang='lat' dir='ltr'><strong>in</strong></span> <span class='ocrx_word' id='word_1_601' title='bbox 2498 3701 2759 3761; x_wconf 85' lang='lat' dir='ltr'><strong>Chelone,</strong></span> <span class='ocrx_word' id='word_1_602' title='bbox 2789 3706 2972 3753; x_wconf 88' lang='lat' dir='ltr'><strong>statua</strong></span> <span class='ocrx_word' id='word_1_603' title='bbox 3005 3693 3288 3762; x_wconf 75' lang='lat' dir='ltr'><strong>cujusdam</strong></span> <span class='ocrx_word' id='word_1_604' title='bbox 3321 3692 3556 3745; x_wconf 82' lang='lat' dir='ltr'><strong>eunuchi</strong></span> <span class='ocrx_word' id='word_1_605' title='bbox 3592 3691 3766 3756; x_wconf 80' lang='lat' dir='ltr'><strong>pesiia</strong></span> <span class='ocrx_word' id='word_1_606' title='bbox 3800 3699 3907 3747; x_wconf 76' lang='lat' dir='ltr'><strong>est,</strong></span> <span class='ocrx_word' id='word_1_607' title='bbox 3944 3689 3996 3741; x_wconf 88' lang='lat' dir='ltr'><strong>in</strong></span> 
     </span>
    </p>
   </div>
   <div class='ocr_carea' id='block_1_97' title="bbox 2420 3782 3998 3864">
    <p class='ocr_par' dir='ltr' id='par_1_97' title="bbox 2420 3782 3998 3864">
     <span class='ocr_line' id='line_1_97' title="bbox 2420 3782 3998 3864; baseline -0.01 -16"><span class='ocrx_word' id='word_1_608' title='bbox 2420 3796 2577 3864; x_wconf 81' lang='lat' dir='ltr'><strong>cujus</strong></span> <span class='ocrx_word' id='word_1_609' title='bbox 2605 3799 2821 3859; x_wconf 87' lang='lat' dir='ltr'><strong>pectore</strong></span> <span class='ocrx_word' id='word_1_610' title='bbox 2855 3788 3176 3856; x_wconf 88' lang='lat' dir='ltr'><strong>inscriptum</strong></span> <span class='ocrx_word' id='word_1_611' title='bbox 3211 3797 3325 3839; x_wconf 83' lang='lat' dir='ltr'><strong>erat</strong></span> <span class='ocrx_word' id='word_1_612' title='bbox 3352 3802 3362 3835; x_wconf 93' lang='lat'>:</span> <span class='ocrx_word' id='word_1_613' title='bbox 3395 3782 3639 3850; x_wconf 63' lang='lat' dir='ltr'><strong>Quisquis</strong></span> <span class='ocrx_word' id='word_1_614' title='bbox 3666 3783 3761 3833; x_wconf 89' lang='lat' dir='ltr'><strong>hoc</strong></span> <span class='ocrx_word' id='word_1_615' title='bbox 3784 3783 3998 3848; x_wconf 69' lang='lat' dir='ltr'><strong>signum</strong></span> 
     </span>
    </p>
   </div>
   <div class='ocr_carea' id='block_1_98' title="bbox 2420 3881 3370 3949">
    <p class='ocr_par' dir='ltr' id='par_1_98' title="bbox 2420 3881 3370 3949">
     <span class='ocr_line' id='line_1_98' title="bbox 2420 3881 3370 3949; baseline -0.009 -10"><span class='ocrx_word' id='word_1_616' title='bbox 2420 3889 2533 3942; x_wconf 88' lang='lat' dir='ltr'><strong>loco</strong></span> <span class='ocrx_word' id='word_1_617' title='bbox 2575 3884 2810 3942; x_wconf 79' lang='lat' dir='ltr'><strong>moverit,</strong></span> <span class='ocrx_word' id='word_1_618' title='bbox 2845 3881 3028 3949; x_wconf 87' lang='lat' dir='ltr'><strong>laqueo</strong></span> <span class='ocrx_word' id='word_1_619' title='bbox 3058 3887 3254 3946; x_wconf 84' lang='lat' dir='ltr'><strong>pereat,</strong></span> <span class='ocrx_word' id='word_1_620' title='bbox 3287 3888 3370 3930; x_wconf 84' lang='lat' dir='ltr'><strong>etc</strong></span> 
     </span>
    </p>
   </div>
   <div class='ocr_carea' id='block_1_99' title="bbox 2490 3965 3996 4034">
    <p class='ocr_par' dir='ltr' id='par_1_99' title="bbox 2490 3965 3996 4034">
     <span class='ocr_line' id='line_1_99' title="bbox 2490 3965 3996 4034; baseline -0.011 -2"><span class='ocrx_word' id='word_1_621' title='bbox 2490 3976 2752 4032; x_wconf 84' lang='lat' dir='ltr'><strong>Prodicus</strong></span> <span class='ocrx_word' id='word_1_622' title='bbox 2792 3974 2976 4034; x_wconf 72' lang='lat' dir='ltr'><strong>(Zeius,</strong></span> <span class='ocrx_word' id='word_1_623' title='bbox 3017 3989 3080 4025; x_wconf 80' lang='lat' dir='ltr'><strong>ex</strong></span> <span class='ocrx_word' id='word_1_624' title='bbox 3139 3971 3316 4024; x_wconf 87' lang='lat' dir='ltr'><strong>insulo</strong></span> <span class='ocrx_word' id='word_1_625' title='bbox 3362 3969 3471 4023; x_wconf 84' lang='lat' dir='ltr'><strong>Ceo</strong></span> <span class='ocrx_word' id='word_1_626' title='bbox 3537 3978 3587 4018; x_wconf 91' lang='lat' dir='ltr'><strong>ei</strong></span> <span class='ocrx_word' id='word_1_627' title='bbox 3637 3965 3770 4018; x_wconf 86' lang='lat' dir='ltr'><strong>urbe</strong></span> <span class='ocrx_word' id='word_1_628' title='bbox 3823 3965 3996 4017; x_wconf 63' lang='lat' dir='ltr'><strong>Iulide</strong></span> 
     </span>
    </p>
   </div>
   <div class='ocr_carea' id='block_1_100' title="bbox 2419 4059 3998 4134">
    <p class='ocr_par' dir='ltr' id='par_1_100' title="bbox 2419 4059 3998 4134">
     <span class='ocr_line' id='line_1_100' title="bbox 2419 4059 3998 4134; baseline -0.012 -9"><span class='ocrx_word' id='word_1_629' title='bbox 2419 4069 2706 4129; x_wconf 84' lang='lat' dir='ltr'><strong>oriundus,</strong></span> <span class='ocrx_word' id='word_1_630' title='bbox 2739 4064 3093 4134; x_wconf 82' lang='lat' dir='ltr'><strong>philosophus</strong></span> <span class='ocrx_word' id='word_1_631' title='bbox 3131 4063 3386 4131; x_wconf 75' lang='lat' dir='ltr'><strong>physicus</strong></span> <span class='ocrx_word' id='word_1_632' title='bbox 3431 4067 3480 4110; x_wconf 85' lang='lat' dir='ltr'><strong>et</strong></span> <span class='ocrx_word' id='word_1_633' title='bbox 3513 4059 3781 4124; x_wconf 88' lang='lat' dir='ltr'><strong>sophista,</strong></span> <span class='ocrx_word' id='word_1_634' title='bbox 3812 4071 3998 4121; x_wconf 72' lang='lat' dir='ltr'><strong>acqua-</strong></span> 
     </span>
    </p>
   </div>
   <div class='ocr_carea' id='block_1_101' title="bbox 2420 4148 3999 4220">
    <p class='ocr_par' dir='ltr' id='par_1_101' title="bbox 2420 4148 3999 4220">
     <span class='ocr_line' id='line_1_101' title="bbox 2420 4148 3999 4220; baseline -0.011 -3"><span class='ocrx_word' id='word_1_635' title='bbox 2420 4164 2485 4218; x_wconf 90' lang='lat' dir='ltr'><strong>lis</strong></span> <span class='ocrx_word' id='word_1_636' title='bbox 2525 4161 2816 4215; x_wconf 87' lang='lat' dir='ltr'><strong>Democriti</strong></span> <span class='ocrx_word' id='word_1_637' title='bbox 2848 4158 3136 4217; x_wconf 66' lang='lat' dir='ltr'><strong>Abderitr,</strong></span> <span class='ocrx_word' id='word_1_638' title='bbox 3166 4165 3219 4208; x_wconf 76' lang='lat' dir='ltr'><strong>et</strong></span> <span class='ocrx_word' id='word_1_639' title='bbox 3252 4153 3518 4220; x_wconf 57' lang='lat' dir='ltr'><strong>Georgia,</strong></span> <span class='ocrx_word' id='word_1_640' title='bbox 3544 4151 3849 4218; x_wconf 89' lang='lat' dir='ltr'><strong>discipulus</strong></span> <span class='ocrx_word' id='word_1_641' title='bbox 3873 4148 3999 4201; x_wconf 72' lang='lat' dir='ltr'><strong>Pro-</strong></span> 
     </span>
    </p>
   </div>
   <div class='ocr_carea' id='block_1_102' title="bbox 2420 4241 3997 4320">
    <p class='ocr_par' dir='ltr' id='par_1_102' title="bbox 2420 4241 3997 4320">
     <span class='ocr_line' id='line_1_102' title="bbox 2420 4241 3997 4320; baseline -0.011 -13"><span class='ocrx_word' id='word_1_642' title='bbox 2420 4265 2640 4320; x_wconf 64' lang='lat' dir='ltr'><strong>tagorar,</strong></span> <span class='ocrx_word' id='word_1_643' title='bbox 2677 4248 2968 4302; x_wconf 71' lang='lat' dir='ltr'><strong>Abderitae.</strong></span> <span class='ocrx_word' id='word_1_644' title='bbox 3014 4245 3241 4299; x_wconf 80' lang='lat' dir='ltr'><strong>Athenis</strong></span> <span class='ocrx_word' id='word_1_645' title='bbox 3289 4245 3480 4296; x_wconf 77' lang='lat' dir='ltr'><strong>bansta</strong></span> <span class='ocrx_word' id='word_1_646' title='bbox 3515 4241 3690 4296; x_wconf 84' lang='lat' dir='ltr'><strong>cicuta</strong></span> <span class='ocrx_word' id='word_1_647' title='bbox 3743 4249 3997 4293; x_wconf 86' lang='lat' dir='ltr'><strong>mortuus</strong></span> 
     </span>
    </p>
   </div>
   <div class='ocr_carea' id='block_1_103' title="bbox 2416 4341 3490 4410">
    <p class='ocr_par' dir='ltr' id='par_1_103' title="bbox 2416 4341 3490 4410">
     <span class='ocr_line' id='line_1_103' title="bbox 2416 4341 3490 4410; baseline -0.008 -13"><span class='ocrx_word' id='word_1_648' title='bbox 2416 4353 2516 4407; x_wconf 87' lang='lat' dir='ltr'><strong>est,</strong></span> <span class='ocrx_word' id='word_1_649' title='bbox 2550 4343 2695 4395; x_wconf 85' lang='lat' dir='ltr'><strong>velut</strong></span> <span class='ocrx_word' id='word_1_650' title='bbox 2727 4343 2816 4410; x_wconf 94' lang='lat' dir='ltr'><strong>qui</strong></span> <span class='ocrx_word' id='word_1_651' title='bbox 2843 4341 3070 4408; x_wconf 84' lang='lat' dir='ltr'><strong>juvenes</strong></span> <span class='ocrx_word' id='word_1_652' title='bbox 3100 4345 3490 4404; x_wconf 82' lang='lat' dir='ltr'><strong>corrumperet.</strong></span> 
     </span>
    </p>
   </div>
   <div class='ocr_carea' id='block_1_104' title="bbox 2490 4427 4006 4506">
    <p class='ocr_par' dir='ltr' id='par_1_104' title="bbox 2490 4427 4006 4506">
     <span class='ocr_line' id='line_1_104' title="bbox 2490 4427 4006 4506; baseline -0.009 -16"><span class='ocrx_word' id='word_1_653' title='bbox 2490 4436 2787 4506; x_wconf 64' lang='grc' dir='ltr'><strong>Πρὸληψις,</strong></span> <span class='ocrx_word' id='word_1_654' title='bbox 2805 4434 3114 4500; x_wconf 85' lang='lat' dir='ltr'><strong>anticipatio</strong></span> <span class='ocrx_word' id='word_1_655' title='bbox 3139 4432 3348 4486; x_wconf 88' lang='lat' dir='ltr'><strong>scilicet</strong></span> <span class='ocrx_word' id='word_1_656' title='bbox 3366 4439 3647 4496; x_wconf 88' lang='lat' dir='ltr'><strong>antecepta</strong></span> <span class='ocrx_word' id='word_1_657' title='bbox 3673 4427 3905 4494; x_wconf 83' lang='lat' dir='ltr'><strong>alicujus</strong></span> <span class='ocrx_word' id='word_1_658' title='bbox 3929 4427 4006 4477; x_wconf 77' lang='lat' dir='ltr'><strong>rei</strong></span> 
     </span>
    </p>
   </div>
   <div class='ocr_carea' id='block_1_105' title="bbox 2346 4520 4006 4600">
    <p class='ocr_par' dir='ltr' id='par_1_105' title="bbox 2346 4520 4006 4600">
     <span class='ocr_line' id='line_1_105' title="bbox 2346 4520 4006 4600; baseline -0.011 -14"><span class='ocrx_word' id='word_1_659' title='bbox 2346 4527 2395 4585; x_wconf 83' lang='grc' dir='ltr'><strong>Ι)</strong></span> <span class='ocrx_word' id='word_1_660' title='bbox 2430 4531 2678 4600; x_wconf 84' lang='lat' dir='ltr'><strong>cognitio.</strong></span> <span class='ocrx_word' id='word_1_661' title='bbox 2719 4527 3052 4597; x_wconf 77' lang='lat' dir='ltr'><strong>Chrysippus</strong></span> <span class='ocrx_word' id='word_1_662' title='bbox 3089 4525 3415 4578; x_wconf 88' lang='lat' dir='ltr'><strong>naturalium</strong></span> <span class='ocrx_word' id='word_1_663' title='bbox 3461 4522 3822 4588; x_wconf 73' lang='lat' dir='ltr'><strong>qucestionum</strong></span> <span class='ocrx_word' id='word_1_664' title='bbox 3869 4520 4006 4569; x_wconf 84' lang='lat' dir='ltr'><strong>libro</strong></span> 
     </span>
    </p>
   </div>
   <div class='ocr_carea' id='block_1_106' title="bbox 2430 4612 4004 4684">
    <p class='ocr_par' dir='ltr' id='par_1_106' title="bbox 2430 4612 4004 4684">
     <span class='ocr_line' id='line_1_106' title="bbox 2430 4612 4004 4684; baseline -0.011 -8"><span class='ocrx_word' id='word_1_665' title='bbox 2430 4622 2544 4684; x_wconf 70' lang='lat' dir='ltr'><strong>XII,</strong></span> <span class='ocrx_word' id='word_1_666' title='bbox 2580 4623 2682 4674; x_wconf 89' lang='lat' dir='ltr'><strong>tria</strong></span> <span class='ocrx_word' id='word_1_667' title='bbox 2719 4620 2850 4672; x_wconf 86' lang='lat' dir='ltr'><strong>dicit</strong></span> <span class='ocrx_word' id='word_1_668' title='bbox 2879 4633 2999 4672; x_wconf 90' lang='lat' dir='ltr'><strong>esse</strong></span> <span class='ocrx_word' id='word_1_669' title='bbox 3044 4616 3288 4678; x_wconf 87' lang='lat' dir='ltr'><strong>criteria,</strong></span> <span class='ocrx_word' id='word_1_670' title='bbox 3347 4629 3590 4676; x_wconf 88' lang='lat' dir='ltr'><strong>sensum,</strong></span> <span class='ocrx_word' id='word_1_671' title='bbox 3637 4612 4004 4680; x_wconf 80' lang='lat' dir='ltr'><strong>cognitionem</strong></span> 
     </span>
    </p>
   </div>
   <div class='ocr_carea' id='block_1_107' title="bbox 2429 4701 3998 4780">
    <p class='ocr_par' dir='ltr' id='par_1_107' title="bbox 2429 4701 3998 4780">
     <span class='ocr_line' id='line_1_107' title="bbox 2429 4701 3998 4780; baseline -0.009 -15"><span class='ocrx_word' id='word_1_672' title='bbox 2429 4724 2481 4767; x_wconf 76' lang='lat' dir='ltr'><strong>rt</strong></span> <span class='ocrx_word' id='word_1_673' title='bbox 2532 4711 2994 4780; x_wconf 88' lang='lat' dir='ltr'><strong>anticipationem.</strong></span> <span class='ocrx_word' id='word_1_674' title='bbox 3038 4708 3307 4775; x_wconf 89' lang='lat' dir='ltr'><strong>Epicurus</strong></span> <span class='ocrx_word' id='word_1_675' title='bbox 3374 4719 3504 4757; x_wconf 88' lang='lat' dir='ltr'><strong>vero</strong></span> <span class='ocrx_word' id='word_1_676' title='bbox 3560 4702 3834 4771; x_wconf 81' lang='lat' dir='ltr'><strong>prolepsin</strong></span> <span class='ocrx_word' id='word_1_677' title='bbox 3919 4701 3998 4753; x_wconf 78' lang='lat' dir='ltr'><strong>ait</strong></span> 
     </span>
    </p>
   </div>
   <div class='ocr_carea' id='block_1_108' title="bbox 2429 4793 4008 4870">
    <p class='ocr_par' dir='ltr' id='par_1_108' title="bbox 2429 4793 4008 4870">
     <span class='ocr_line' id='line_1_108' title="bbox 2429 4793 4008 4870; baseline -0.008 -12"><span class='ocrx_word' id='word_1_678' title='bbox 2429 4820 2550 4858; x_wconf 88' lang='lat' dir='ltr'><strong>esse</strong></span> <span class='ocrx_word' id='word_1_679' title='bbox 2612 4802 2930 4856; x_wconf 90' lang='lat' dir='ltr'><strong>memoriam</strong></span> <span class='ocrx_word' id='word_1_680' title='bbox 2995 4799 3145 4868; x_wconf 83' lang='lat' dir='ltr'><strong>ejus,</strong></span> <span class='ocrx_word' id='word_1_681' title='bbox 3211 4798 3355 4870; x_wconf 89' lang='lat' dir='ltr'><strong>quod</strong></span> <span class='ocrx_word' id='word_1_682' title='bbox 3404 4796 3775 4850; x_wconf 81' lang='lat' dir='ltr'><strong>cxstrinsecus</strong></span> <span class='ocrx_word' id='word_1_683' title='bbox 3809 4793 4008 4861; x_wconf 61' lang='lat' dir='ltr'><strong>sapius</strong></span> 
     </span>
    </p>
   </div>
   <div class='ocr_carea' id='block_1_109' title="bbox 2431 4894 2835 4963">
    <p class='ocr_par' dir='ltr' id='par_1_109' title="bbox 2431 4894 2835 4963">
     <span class='ocr_line' id='line_1_109' title="bbox 2431 4894 2835 4963; baseline 0 -19"><span class='ocrx_word' id='word_1_684' title='bbox 2431 4894 2702 4963; x_wconf 79' lang='lat' dir='ltr'><strong>apparuit,</strong></span> <span class='ocrx_word' id='word_1_685' title='bbox 2733 4902 2835 4946; x_wconf 85' lang='lat' dir='ltr'><strong>etc.</strong></span> 
     </span>
    </p>
   </div>
   <div class='ocr_carea' id='block_1_110' title="bbox 2507 4976 4010 5051">
    <p class='ocr_par' dir='ltr' id='par_1_110' title="bbox 2507 4976 4010 5051">
     <span class='ocr_line' id='line_1_110' title="bbox 2507 4976 4010 5051; baseline -0.006 -13"><span class='ocrx_word' id='word_1_686' title='bbox 2507 4984 2864 5038; x_wconf 83' lang='lat' dir='ltr'><strong>Prometheus</strong></span> <span class='ocrx_word' id='word_1_687' title='bbox 2893 4982 3140 5051; x_wconf 86' lang='lat' dir='ltr'><strong>judicum</strong></span> <span class='ocrx_word' id='word_1_688' title='bbox 3188 4978 3541 5033; x_wconf 86' lang='lat' dir='ltr'><strong>Judaicoruin</strong></span> <span class='ocrx_word' id='word_1_689' title='bbox 3587 4989 3833 5045; x_wconf 70' lang='lat' dir='ltr'><strong>tempore</strong></span> <span class='ocrx_word' id='word_1_690' title='bbox 3867 4976 4010 5046; x_wconf 86' lang='lat' dir='ltr'><strong>apud</strong></span> 
     </span>
    </p>
   </div>
   <div class='ocr_carea' id='block_1_111' title="bbox 2432 5070 4011 5140">
    <p class='ocr_par' dir='ltr' id='par_1_111' title="bbox 2432 5070 4011 5140">
     <span class='ocr_line' id='line_1_111' title="bbox 2432 5070 4011 5140; baseline -0.006 -12"><span class='ocrx_word' id='word_1_691' title='bbox 2432 5074 2652 5128; x_wconf 70' lang='lat' dir='ltr'><strong>Grazcos</strong></span> <span class='ocrx_word' id='word_1_692' title='bbox 2681 5073 2912 5127; x_wconf 82' lang='lat' dir='ltr'><strong>Celebris</strong></span> <span class='ocrx_word' id='word_1_693' title='bbox 2948 5073 3071 5136; x_wconf 84' lang='lat' dir='ltr'><strong>fuit,</strong></span> <span class='ocrx_word' id='word_1_694' title='bbox 3094 5072 3182 5140; x_wconf 87' lang='lat' dir='ltr'><strong>qui</strong></span> <span class='ocrx_word' id='word_1_695' title='bbox 3215 5073 3423 5138; x_wconf 91' lang='lat' dir='ltr'><strong>primus</strong></span> <span class='ocrx_word' id='word_1_696' title='bbox 3453 5070 3659 5122; x_wconf 81' lang='lat' dir='ltr'><strong>invenit</strong></span> <span class='ocrx_word' id='word_1_697' title='bbox 3692 5070 4011 5137; x_wconf 81' lang='lat' dir='ltr'><strong>grammati-</strong></span> 
     </span>
    </p>
   </div>
   <div class='ocr_carea' id='block_1_112' title="bbox 2432 5161 4006 5234">
    <p class='ocr_par' dir='ltr' id='par_1_112' title="bbox 2432 5161 4006 5234">
     <span class='ocr_line' id='line_1_112' title="bbox 2432 5161 4006 5234; baseline -0.007 -12"><span class='ocrx_word' id='word_1_698' title='bbox 2432 5183 2550 5222; x_wconf 90' lang='lat' dir='ltr'><strong>cam</strong></span> <span class='ocrx_word' id='word_1_699' title='bbox 2575 5175 2628 5221; x_wconf 91' lang='lat' dir='ltr'><strong>et</strong></span> <span class='ocrx_word' id='word_1_700' title='bbox 2652 5165 3070 5234; x_wconf 87' lang='lat' dir='ltr'><strong>philosophiam.</strong></span> <span class='ocrx_word' id='word_1_701' title='bbox 3095 5166 3233 5217; x_wconf 87' lang='lat' dir='ltr'><strong>Idem</strong></span> <span class='ocrx_word' id='word_1_702' title='bbox 3263 5162 3509 5216; x_wconf 87' lang='lat' dir='ltr'><strong>homines</strong></span> <span class='ocrx_word' id='word_1_703' title='bbox 3537 5162 3762 5214; x_wconf 78' lang='lat' dir='ltr'><strong>ﬁnxisse</strong></span> <span class='ocrx_word' id='word_1_704' title='bbox 3789 5161 4006 5222; x_wconf 86' lang='lat' dir='ltr'><strong>dicitur,</strong></span> 
     </span>
    </p>
   </div>
   <div class='ocr_carea' id='block_1_113' title="bbox 2430 5253 4008 5328">
    <p class='ocr_par' dir='ltr' id='par_1_113' title="bbox 2430 5253 4008 5328">
     <span class='ocr_line' id='line_1_113' title="bbox 2430 5253 4008 5328; baseline -0.004 -18"><span class='ocrx_word' id='word_1_705' title='bbox 2430 5260 2576 5328; x_wconf 91' lang='lat' dir='ltr'><strong>quod</strong></span> <span class='ocrx_word' id='word_1_706' title='bbox 2617 5260 2776 5311; x_wconf 84' lang='lat' dir='ltr'><strong>rudes</strong></span> <span class='ocrx_word' id='word_1_707' title='bbox 2810 5258 3132 5324; x_wconf 77' lang='lat' dir='ltr'><strong>sapientiam</strong></span> <span class='ocrx_word' id='word_1_708' title='bbox 3161 5255 3538 5309; x_wconf 73' lang='lat' dir='ltr'><strong>docnit.’l‘une</strong></span> <span class='ocrx_word' id='word_1_709' title='bbox 3570 5254 3755 5307; x_wconf 88' lang='lat' dir='ltr'><strong>l‘lnruii</strong></span> <span class='ocrx_word' id='word_1_710' title='bbox 3793 5265 3848 5306; x_wconf 79' lang='lat' dir='ltr'><strong>et</strong></span> <span class='ocrx_word' id='word_1_711' title='bbox 3884 5253 4008 5321; x_wconf 85' lang='lat' dir='ltr'><strong>Epi-</strong></span> 
     </span>
    </p>
   </div>
   <div class='ocr_carea' id='block_1_114' title="bbox 2431 5347 4000 5421">
    <p class='ocr_par' dir='ltr' id='par_1_114' title="bbox 2431 5347 4000 5421">
     <span class='ocr_line' id='line_1_114' title="bbox 2431 5347 4000 5421; baseline -0.009 -13"><span class='ocrx_word' id='word_1_712' title='bbox 2431 5357 2700 5414; x_wconf 87' lang='lat' dir='ltr'><strong>iuetheus,</strong></span> <span class='ocrx_word' id='word_1_713' title='bbox 2734 5353 2824 5421; x_wconf 89' lang='lat' dir='ltr'><strong>qui</strong></span> <span class='ocrx_word' id='word_1_714' title='bbox 2857 5352 3120 5404; x_wconf 83' lang='lat' dir='ltr'><strong>musicam</strong></span> <span class='ocrx_word' id='word_1_715' title='bbox 3151 5349 3389 5410; x_wconf 80' lang='lat' dir='ltr'><strong>invenit;</strong></span> <span class='ocrx_word' id='word_1_716' title='bbox 3428 5356 3480 5399; x_wconf 88' lang='lat' dir='ltr'><strong>et</strong></span> <span class='ocrx_word' id='word_1_717' title='bbox 3512 5347 3685 5405; x_wconf 74' lang='lat' dir='ltr'><strong>Atlas.</strong></span> <span class='ocrx_word' id='word_1_718' title='bbox 3725 5348 3821 5412; x_wconf 90' lang='lat' dir='ltr'><strong>qui</strong></span> <span class='ocrx_word' id='word_1_719' title='bbox 3861 5347 4000 5414; x_wconf 76' lang='lat' dir='ltr'><strong>quot</strong></span> 
     </span>
    </p>
   </div>
   <div class='ocr_carea' id='block_1_115' title="bbox 2434 5439 4008 5509">
    <p class='ocr_par' dir='ltr' id='par_1_115' title="bbox 2434 5439 4008 5509">
     <span class='ocr_line' id='line_1_115' title="bbox 2434 5439 4008 5509; baseline -0.005 -14"><span class='ocrx_word' id='word_1_720' title='bbox 2434 5446 2824 5498; x_wconf 71' lang='lat' dir='ltr'><strong>Astronomiam</strong></span> <span class='ocrx_word' id='word_1_721' title='bbox 2896 5443 3363 5509; x_wconf 73' lang='lat' dir='ltr'><strong>interpretaretur,</strong></span> <span class='ocrx_word' id='word_1_722' title='bbox 3418 5439 3613 5492; x_wconf 67' lang='lat' dir='ltr'><strong>calum</strong></span> <span class='ocrx_word' id='word_1_723' title='bbox 3684 5448 4008 5506; x_wconf 74' lang='lat' dir='ltr'><strong>gestat-eest</strong></span> 
     </span>
    </p>
   </div>
   <div class='ocr_carea' id='block_1_116' title="bbox 2433 5531 4004 5599">
    <p class='ocr_par' dir='ltr' id='par_1_116' title="bbox 2433 5531 4004 5599">
     <span class='ocr_line' id='line_1_116' title="bbox 2433 5531 4004 5599; baseline -0.005 -13"><span class='ocrx_word' id='word_1_724' title='bbox 2433 5536 2630 5590; x_wconf 85' lang='lat' dir='ltr'><strong>dictus.</strong></span> <span class='ocrx_word' id='word_1_725' title='bbox 2660 5537 2828 5590; x_wconf 89' lang='lat' dir='ltr'><strong>Porro</strong></span> <span class='ocrx_word' id='word_1_726' title='bbox 2863 5534 3059 5597; x_wconf 70' lang='lat' dir='ltr'><strong>Argus,</strong></span> <span class='ocrx_word' id='word_1_727' title='bbox 3086 5533 3175 5599; x_wconf 91' lang='lat' dir='ltr'><strong>qui</strong></span> <span class='ocrx_word' id='word_1_728' title='bbox 3203 5533 3270 5585; x_wconf 93' lang='lat' dir='ltr'><strong>ob</strong></span> <span class='ocrx_word' id='word_1_729' title='bbox 3292 5531 3490 5583; x_wconf 86' lang='lat' dir='ltr'><strong>artium</strong></span> <span class='ocrx_word' id='word_1_730' title='bbox 3521 5543 3796 5597; x_wconf 76' lang='lat' dir='ltr'><strong>reperiam</strong></span> <span class='ocrx_word' id='word_1_731' title='bbox 3831 5531 4004 5581; x_wconf 68' lang='lat' dir='ltr'><strong>scien-</strong></span> 
     </span>
    </p>
   </div>
   <div class='ocr_carea' id='block_1_117' title="bbox 2431 5619 4000 5687">
    <p class='ocr_par' dir='ltr' id='par_1_117' title="bbox 2431 5619 4000 5687">
     <span class='ocr_line' id='line_1_117' title="bbox 2431 5619 4000 5687; baseline -0.006 -10"><span class='ocrx_word' id='word_1_732' title='bbox 2431 5625 2556 5677; x_wconf 83' lang='lat' dir='ltr'><strong>tiam</strong></span> <span class='ocrx_word' id='word_1_733' title='bbox 2597 5625 2794 5676; x_wconf 84' lang='lat' dir='ltr'><strong>iuultns</strong></span> <span class='ocrx_word' id='word_1_734' title='bbox 2826 5623 3014 5676; x_wconf 85' lang='lat' dir='ltr'><strong>oculos</strong></span> <span class='ocrx_word' id='word_1_735' title='bbox 3054 5623 3251 5675; x_wconf 86' lang='lat' dir='ltr'><strong>habere</strong></span> <span class='ocrx_word' id='word_1_736' title='bbox 3290 5621 3615 5687; x_wconf 73' lang='lat' dir='ltr'><strong>ﬁngebatur.</strong></span> <span class='ocrx_word' id='word_1_737' title='bbox 3649 5619 3805 5673; x_wconf 81' lang='lat' dir='ltr'><strong>Tunc</strong></span> <span class='ocrx_word' id='word_1_738' title='bbox 3841 5622 4000 5671; x_wconf 83' lang='lat' dir='ltr'><strong>etiam</strong></span> 
     </span>
    </p>
   </div>
   <div class='ocr_carea' id='block_1_118' title="bbox 2433 5709 4004 5783">
    <p class='ocr_par' dir='ltr' id='par_1_118' title="bbox 2433 5709 4004 5783">
     <span class='ocr_line' id='line_1_118' title="bbox 2433 5709 4004 5783; baseline -0.002 -20"><span class='ocrx_word' id='word_1_739' title='bbox 2433 5713 2530 5763; x_wconf 74' lang='lat' dir='ltr'><strong>fuit</strong></span> <span class='ocrx_word' id='word_1_740' title='bbox 2564 5711 2764 5783; x_wconf 55' lang='grc' dir='ltr'><strong>εἰη-11η</strong></span> <span class='ocrx_word' id='word_1_741' title='bbox 2799 5711 3058 5769; x_wconf 74' lang='lat' dir='ltr'><strong>Fatidica.</strong></span> <span class='ocrx_word' id='word_1_742' title='bbox 3100 5721 3354 5780; x_wconf 68' lang='lat' dir='ltr'><strong>regnante</strong></span> <span class='ocrx_word' id='word_1_743' title='bbox 3380 5711 3517 5775; x_wconf 69' lang='lat' dir='ltr'><strong>apud</strong></span> <span class='ocrx_word' id='word_1_744' title='bbox 3555 5709 3842 5778; x_wconf 56' lang='lat' dir='ltr'><strong>:E-gyptins</strong></span> <span class='ocrx_word' id='word_1_745' title='bbox 3869 5711 4004 5762; x_wconf 66' lang='lat' dir='ltr'><strong>l‘iia-</strong></span> 
     </span>
    </p>
   </div>
   <div class='ocr_carea' id='block_1_119' title="bbox 2438 5802 3994 5874">
    <p class='ocr_par' dir='ltr' id='par_1_119' title="bbox 2438 5802 3994 5874">
     <span class='ocr_line' id='line_1_119' title="bbox 2438 5802 3994 5874; baseline -0.002 -15"><span class='ocrx_word' id='word_1_746' title='bbox 2438 5825 2620 5869; x_wconf 78' lang='lat' dir='ltr'><strong>iaonc,</strong></span> <span class='ocrx_word' id='word_1_747' title='bbox 2680 5807 2766 5860; x_wconf 67' lang='lat' dir='ltr'><strong>tui</strong></span> <span class='ocrx_word' id='word_1_748' title='bbox 2805 5805 3391 5874; x_wconf 60' lang='lat' dir='ltr'><strong>cognomen&#39;l&#39;ai&#39;acho,</strong></span> <span class='ocrx_word' id='word_1_749' title='bbox 3431 5803 3736 5857; x_wconf 68' lang='lat' dir='ltr'><strong>etAthenis</strong></span> <span class='ocrx_word' id='word_1_750' title='bbox 3760 5802 3994 5858; x_wconf 53' lang='lat' dir='ltr'><strong>Cenes-.-</strong></span> 
     </span>
    </p>
   </div>
  </div>
