4208 6496
227 414 362 475 13⁸33

1491 410 1590 468 DE
1629 405 1916 478 QUIBUS
1954 405 2248 465 ΞΗΙΟᾹΞ.

3343 396 3478 459 133i

221 527 317 594 qui
350 523 542 592 διφυής
573 522 686 576 sive
719 521 961 591 biformia
995 520 1176 576 dictus
1204 530 1285 576 est
1309 523 1378 575 ob
1409 520 1654 588 corporis
1688 533 1802 572 ma-
1831 525 1878 578 Α
1979 517 2324 583 Protogenes,
2358 514 2630 568 Xanthius
2658 529 2718 567 ex
2753 513 2936 583 Lycia,
2973 510 3201 580 pictoria
3232 519 3348 560 arte
3386 525 3478 562 ce-

223 617 586 686 gnitudinem,
618 615 703 670 vel
738 616 882 684 quod
913 631 977 669 ex
1005 613 1240 684 Egypto
1266 613 1532 670 oriundus
1565 613 1804 666 venisset

224 713 282 766 in
315 711 603 775 Grteciam,
630 710 712 764 vel
738 709 885 780 quod
916 718 1105 764 contra
1138 710 1513 778 promiscuum
1547 707 1803 762 concubi-

226 813 342 854 tum
379 802 550 870 legem
593 801 807 854 tulisset
847 802 914 854 de
953 800 1258 869 virginibus
1283 839 1297 862 ,
1353 799 1446 852 uni
1483 799 1598 852 viro
1633 796 1802 850 collo-

226 892 438 946 candis.
489 890 600 946 Hoc
633 891 869 961 Cecrops
915 890 1064 954 fecit,
1107 891 1197 960 qui
1243 891 1311 945 al)
1341 888 1609 959 Egyptiis
1637 902 1808 957 genus

226 987 454 1050 ducens,
484 999 588 1039 non
623 987 896 1054 ignoraret
924 985 1069 1055 leges
1088 1001 1224 1052 quas
1247 983 1547 1044 Vulcanus,
1575 981 1809 1050 regionis

230 1075 376 1128 illius
419 1091 533 1135 rex,
587 1077 806 1130 tulerat.
872 1075 995 1146 ipse
1059 1077 1288 1131 Athenis
1338 1077 1584 1146 regnavit
1635 1090 1810 1129 annos

229 1167 646 1236 quinquaginta.

304 1257 631 1323 Pronomus,
673 1260 896 1321 tibicen,
931 1259 1090 1328 cujus
1134 1258 1400 1328 prolixam
1438 1257 1660 1311 barbam
1695 1271 1805 1327 pcr-

232 1349 504 1419 stringunt
538 1353 754 1407 comici.

306 1442 646 1511 Προφητεεα,
685 1444 788 1496 alia
817 1443 1099 1510 spiritalis,
1135 1443 1240 1497 alia
1274 1440 1538 1496 diabolica
1567 1455 1580 1492 :
1607 1454 1732 1493 nam
1761 1447 1815 1492 et

233 1531 620 1598 prirdictiones
649 1532 988 1586 diabolorum
1023 1531 1319 1600 prophetize
1357 1530 1654 1595 dicuntur;
1709 1528 1812 1580 alia

233 1622 524 1684 naturalis,
558 1622 638 1674 vel
672 1621 991 1684 artiliciosa,
1033 1637 1154 1690 quae
1198 1621 1338 1673 inter
1371 1621 1468 1673 has
1497 1629 1578 1671 est
1603 1617 1813 1683 media;

235 1712 342 1764 alia
383 1713 618 1781 denique.
668 1713 976 1767 communis
1017 1723 1070 1765 et
1115 1710 1415 1780 popularis.
1452 1713 1528 1763 Ac
1557 1708 1816 1778 spiritalis

235 1805 454 1874 quidem
496 1805 762 1874 prtecipue
809 1814 892 1858 est
933 1813 1250 1857 sanctorum
1301 1819 1313 1854 :
1362 1801 1452 1854 Dei
1493 1811 1670 1854 autem
1703 1800 1816 1853 dis-

1915 608 2097 670 lebris,
2134 605 2226 674 qtti
2271 604 2562 668 Bacchum,
2595 605 2748 656 Διὸνυ
2764 622 2845 655 r-ov
2872 601 3215 671 (Leoparilns,
3245 599 3386 661 XVI,
3425 602 3480 660 ἓ,

1907 699 2204 754 emendatt.
2231 713 2292 751 ex
2316 697 2586 751 Plutarchi
2615 697 2904 756 Uetttt'lrio,
2935 711 3053 762 pag.
3080 691 3482 760 898,legit(15)

1922 793 2204 859 Ἰάλυσον,)
2246 790 2420 844 Rhodi
2457 790 2646 858 pinxit,
2679 806 2820 857 opus
2861 785 3305 855 incomparabile,
3336 785 3480 852 quod

1910 885 2213 939 admiratus
2241 894 2321 936 est
2355 881 2677 940 Demetrius.
2705 881 3052 945 Poliorcetes,
3077 895 3199 930 cum
3230 876 3484 933 Rhodum

1912 993 2006 1047 per
2056 977 2334 1030 biennium
2395 973 2702 1032 obsideret,
2753 972 3004 1026 adductis
3047 970 3194 1022 mille
3253 968 3487 1036 amplius

1915 1069 2142 1122 natibus
2175 1077 2228 1120 et
2261 1068 2380 1129 plus
2413 1081 2577 1137 quam
2629 1064 2829 1125 55,000
2865 1073 3220 1116 art'natorum.
3259 1059 3491 1128 Scripsit

1916 1160 2246 1226 Protogenes
2277 1158 2350 1210 De
2380 1170 2493 1210 arte
2523 1159 2747 1224 pictoria
2775 1166 2821 1208 ct
2857 1156 3040 1224 ﬁguris
3073 1154 3232 1206 libros
3270 1150 3359 1204 ‘II.

1992 1252 2335 1313 Ptolemaeus,
2369 1249 2680 1319 CytherinS,
2725 1256 2879 1317 poeta
2921 1247 3122 1314 epicos.
3159 1243 3391 1312 Scripsit
3418 1242 3491 1296 De

1916 1341 2282 1407 psalacantha,
2309 1355 2471 1409 quam
2507 1341 2723 1394 herbam
2743 1353 2862 1394 esse
2892 1338 3020 1391 dicit
3056 1337 3189 1390 mira
3217 1336 3266 1389 vi
3298 1334 3493 1404 praedi-

1919 1445 2026 1487 tam
2038 1474 2050 1485 .

1986 1543 2248 1596 Claudius
2277 1541 2621 1603 Ptolemmns,
2660 1541 3074 1605 Alevanilrimts,
3100 1540 3484 1608 philosophus,

1922 1645 2161 1703 tempore
2195 1634 2357 1688 Marci
2417 1635 2546 1702 imp.
2573 1632 2800 1700 Scripsit
2828 1643 2930 1684 tres
2956 1632 3117 1686 libros
3144 1633 3496 1693 mechanicas;

1923 1728 1995 1782 De
2026 1739 2143 1780 ortu
2185 1738 2230 1780 et
2265 1725 2740 1797 significationibus
2771 1725 3050 1778 stellarum
3100 1725 3495 1785 inerrantium;

1920 1815 2401 1885 Planispha'rium;
2437 1815 2697 1869 Cimonem
2732 1815 3052 1881 expeditam;
3089 1813 3340 1884 Magnum
3372 1829 3499 1882 opus

234 1897 552 1965 pensatione
593 1897 884 1966 participes
927 1897 1046 1965 ejus
1088 1908 1305 1963 quoque.
1349 1892 1619 1947 interdum
1688 1899 1818 1945 sunt

1933 1909 2328 1961 Ltronomicum
2361 1907 2474 1960 sive
2507 1904 2795 1976 Syntaxin,
2825 1914 2879 1957 et
2908 1904 3036 1958 alia.

235 1990 333 2052 illi,
367 1991 458 2057 qui
497 1990 631 2042 tales
658 2005 766 2044 non
811 1999 956 2051 sunt,
991 1999 1046 2042 ut
1078 1987 1309 2050 Pharao,
1342 1985 1560 2039 Balaam
1603 1993 1657 2038 et
1685 1983 1810 2037 Cai-

236 2080 394 2144 phas.
434 2079 711 2135 Diabolica
761 2082 827 2135 ad
859 2081 1004 2135 solos
1034 2080 1373 2133 diabolorum
1413 2077 1651 2132 cultores
1695 2090 1812 2143 per-

236 2170 394 2223 tinet.
426 2169 556 2240 Ejus
592 2172 806 2239 generis
838 2180 983 2232 sunt,
1025 2171 1115 2238 qui
1143 2186 1205 2223 ex
1240 2169 1573 2236 inspectione
1626 2164 1815 2219 farina:

235 2271 290 2313 et
320 2261 507 2315 hordei
551 2263 816 2322 divinant,
870 2271 923 2315 ct
974 2260 1185 2331 Pythia,
1222 2275 1285 2312 ex
1330 2273 1533 2326 quercu
1591 2257 1814 2312 oracula

236 2363 488 2419 captans,
525 2363 576 2406 et
635 2355 927 2413 Dodonsea,
984 2351 1308 2412 sacriﬁculo,
1357 2358 1412 2404 et
1436 2349 1716 2416 aruspices
1765 2360 1816 2400 et

237 2444 619 2498 observatores
643 2447 922 2515 signorum
942 2453 991 2498 et
1011 2444 1462 2498 sternutationum
1489 2449 1543 2495 et
1573 2441 1816 2492 ominum

236 2544 291 2585 ct
344 2532 630 2588 fulminum
682 2547 734 2590 et
778 2538 1016 2588 murium
1068 2547 1118 2590 et
1157 2539 1510 2590 mustelarum
1591 2547 1638 2590 et
1690 2535 1816 2604 ligni

237 2625 556 2693 crepitantis
606 2635 658 2679 et
689 2625 914 2679 tinnitus
943 2626 1154 2679 aurium
1175 2636 1227 2679 et
1260 2626 1670 2695 palpitationum
1699 2638 1820 2678 cor-

239 2717 390 2783 poris
424 2724 475 2768 et
523 2716 847 2779 nominum;
888 2718 1144 2785 itemque,
1178 2718 1267 2783 qui
1304 2717 1523 2769 umbras
1576 2727 1821 2769 mortuo-

242 2822 365 2858 rum
410 2818 658 2872 evocant,
690 2819 741 2860 ct
792 2825 853 2860 es
893 2810 1076 2869 astris,
1126 2809 1282 2874 aquis
1335 2816 1385 2861 et
1426 2808 1547 2862 aliis
1599 2807 1824 2860 infinitis

239 2900 423 2951 futura
454 2900 771 2966 prmdiruut.
809 2897 942 2951 Nam
973 2900 1235 2952 divinatio
1264 2912 1330 2952 ex
1369 2900 1578 2952 somnis
1605 2909 1657 2952 et
1681 2898 1824 2967 apud

242 3001 346 3039 nos
378 2987 595 3052 quidem
631 2986 682 3037 in
720 3001 818 3039 usu
853 2995 954 3049 est,
1009 2987 1101 3039 sed
1156 3002 1249 3054 per
1295 2986 1529 3039 amatum
1579 2987 1823 3038 divimun

241 3079 276 3128 li
309 3118 320 3128 .
374 3075 638 3129 Divinatio
719 3077 977 3129 naturalis
1024 3087 1104 3129 est
1148 3076 1464 3129 animalium
1515 3076 1821 3130 brutorum.

246 3172 582 3225 liizundines
615 3171 758 3224 enim
800 3182 851 3223 et
880 3186 1040 3239 grues
1087 3182 1138 3225 et
1172 3172 1412 3226 formicae
1455 3172 1824 3226 imminentem

245 3274 624 3331 tempcStatem
665 3264 1041 3333 praesentiunt,
1076 3263 1313 3330 itemque
1343 3261 1523 3315 echini
1552 3271 1605 3314 et
1649 3264 1828 3331 alcyo-

248 3371 373 3414 ttes,
405 3365 614 3408 natura!
655 3371 899 3408 munere.
934 3353 1200 3406 Divinatio
1231 3370 1381 3418 vero,
1411 3369 1530 3422 qute
1561 3363 1673 3407 arte
1699 3369 1833 3410 con-

243 3456 458 3508 stzt,est
488 3447 840 3509 medicorum,
860 3446 1296 3500 consiliariorunt
1314 3457 1365 3498 et
1388 3446 1830 3512 gubernatorum,

241 3553 354 3594 ('lC.
385 3543 448 3594 At
484 3557 619 3594 ver-.c
655 3541 952 3610 prophetiae
979 3540 1255 3607 proprium
1285 3548 1388 3602 est,
1419 3540 1659 3608 linguam
1694 3555 1834 3609 pra-.-

246 3636 380 3686 liere
415 3633 713 3686 ministrant
749 3638 930 3701 gratiae
969 3632 1224 3701 Spiritus.

326 3744 651 3812 Protagoras
683 3743 984 3805 Abderites,
1016 3742 1329 3797 Artemonis
1365 3742 1446 3796 vel
1478 3740 1735 3795 Maeandri
1771 3740 1830 3796 F.

247 3836 310 3900 ρ.
342 3835 487 3887 idatu
514 3832 701 3886 Teium
742 3834 907 3886 luisse
940 3836 1302 3902 scripserunt.
1335 3832 1578 3887 Primum
1611 3831 1712 3885 fuit
1740 3834 1836 3885 ba-

240 3929 437 3994 julns;
501 3929 594 3980 sed
651 3926 1018 3979 Democritum
1072 3943 1195 3978 cum
1234 3927 1517 3984 audisset,
1572 3925 1836 3978 doctrinae

246 4033 448 4088 Captus
503 4034 705 4083 amore,
756 4019 1112 4086 philosophia:
1160 4034 1380 4086 operam
1431 4020 1578 4072 dedit
1617 4028 1671 4071 et
1724 4019 1838 4071 elo-

246 4114 527 4181 quetuize,
570 4112 886 4178 primusque
931 4112 1348 4178 cognominatus
1414 4121 1499 4165 est
1567 4111 1832 4176 sortitista.

249 4208 405 4260 Lien!
458 4207 862 4258 contentiosum
913 4204 1126 4256 dicendi
1162 4219 1334 4272 genus
1366 4204 1574 4272 primus
1609 4203 1834 4269 invenit,

245 4305 302 4348 et
348 4305 564 4344 centum
616 4292 884 4343 minarum
921 4297 1222 4344 mercedem
1265 4310 1292 4344 a
1329 4293 1610 4360 discipulis
1639 4293 1834 4360 exegit.

245 4384 432 4450 Λόγος
461 4382 750 4450 ἔμμισθος,
787 4382 971 4434 Sermo
1005 4385 1354 4435 mercenarius
1397 4384 1517 4435 ideo
1557 4384 1835 4452 cognomi-

255 4487 453 4530 tratus.
485 4475 738 4542 Magister
775 4474 872 4526 fuit
897 4474 1154 4528 Isocratis
1176 4475 1432 4528 oratoris.
1467 4475 1608 4528 Idem
1633 4476 1836 4544 primus

1988 2020 2309 2074 Ptolemams
2354 2018 2668 2079 Pindarion,
2720 2017 3140 2080 Alexandrinus,
3171 2019 3489 2087 grammati-

1919 2130 2051 2178 cus,
2087 2112 2352 2167 Oroandri
2390 2112 2474 2178 F.,
2525 2112 2826 2180 discipulus
2880 2109 3201 2162 Aristarchi.
3256 2108 3486 2175 Scripsit

1923 2205 2107 2257 Home)
2123 2207 2262 2260 icoru
2273 2221 2319 2255 nt
2352 2202 2730 2270 exemplorum,
2749 2200 3193 2270 ’Υποδειγμάτων
3225 2199 3392 2252 libros
3414 2198 3501 2266 Ill;

1927 2296 1996 2347 (te
2034 2294 2310 2346 Homerico
2343 2295 2679 2355 charactere;
2732 2293 2992 2344 Adversus
3038 2290 3406 2343 Neothalitlem
3437 2292 3498 2344 de

1920 2388 2186 2450 dictione;
2231 2385 2302 2438 De
2351 2384 2502 2438 Uxitlc
2533 2384 2843 2447 Homerico;
2902 2383 2974 2437 De
3020 2391 3306 2452 asteropt'co
3362 2384 3500 2452 apud

1924 2479 2227 2539 Homerum,
2271 2486 2324 2531 et
2357 2479 2482 2531 alia.

1994 2569 2340 2631 Ptolemaeus,
2368 2568 2775 2636 grammaticus,
2814 2567 3101 2634 Ἐπιῦἐτης
3132 2568 3330 2630 dictus,
3359 2567 3502 2634 quod

1925 2661 2303 2712 Aristurchum
2366 2668 2711 2727 Sequeretur.
2771 2659 2998 2712 Auditor
3049 2659 3152 2713 fuit
3205 2657 3505 2725 Hellanici,

1927 2750 2290 2815 grammatici,
2324 2749 2414 2814 qui
2449 2751 2731 2804 audiverat
2766 2751 3076 2817 Agatoelem
3107 2790 3122 2813 ,
3172 2749 3503 2818 discipulum

1928 2840 2188 2893 Zenodoti
2221 2839 2458 2908 Ephesii.
2496 2839 2730 2908 Scripsit
2780 2843 2917 2910 Περὶ
2952 2842 3061 2893 τῶν
3108 2859 3222 2912 παρ
3282 2842 3507 2912 Ὁμήρῳ

1928 2932 2184 3000 πληγῶν,
2229 2933 2301 2985 De
2332 2932 2503 3002 plagis
2533 2935 2671 3002 apud
2707 2936 3024 3000 Homerum;
3061 2933 3508 2992 Commentariun:

1931 3026 1981 3075 in
2023 3022 2335 3092 Odysscant.

2004 3139 2305 3191 Polcmmus
2327 3177 2340 3201 ,
2374 3137 2667 3192 Aristonici
2700 3142 3041 3206 grammatici
3080 3150 3261 3210 pater,
3298 3150 3354 3196 et
3388 3142 3504 3211 ipse

1857 3228 1898 3284 C
1933 3231 2344 3296 grammaticus,
2376 3233 2468 3298 qui
2502 3232 2661 3284 ambo
2692 3232 2877 3287 Romae
2900 3242 3068 3286 artem
3098 3235 3507 3303 grammaticam

1940 3318 2165 3386 professi
2196 3331 2341 3372 sunt.
2375 3319 2606 3387 Scripsit
2644 3321 2876 3388 Ὀμοίως
2911 3323 3182 3391 εἰρημένα.
3217 3325 3325 3385 τοῖς
3363 3325 3511 3393 Τρα-

1937 3414 2110 3478 γικοῖς
2139 3411 2212 3463 De
2241 3413 2305 3463 iis
2341 3427 2456 3480 quia
2491 3412 2731 3464 similiter
2757 3415 2896 3464 dicta
2930 3425 3050 3466 sunt
3085 3430 3116 3465 a
3151 3414 3411 3483 tragicis;
3449 3415 3514 3468 In

1941 3503 2224 3555 Homerum
2265 3503 2423 3555 libros
2461 3505 2860 3572 quinquaginta;
2902 3505 2983 3556 Τὰ
3018 3506 3166 3575 παρὰ
3212 3505 3285 3576 τῷ
3315 3511 3510 3575 ποιητῇ

1939 3593 2102 3658 ξένιος
2148 3595 2502 3664 ἱστορημένα,
2523 3593 2596 3648 De
2635 3597 2700 3648 iis
2735 3612 2850 3664 qua:
2879 3597 3015 3664 apud
3049 3595 3335 3651 Homerum
3379 3599 3514 3651 mira

1935 3695 1982 3740 at
2026 3689 2298 3756 peregrina
2350 3686 2674 3752 traduntur;
2727 3687 2803 3740 De
2858 3687 3024 3742 Musis
3074 3701 3120 3744 et
3178 3689 3511 3744 Nereidibus.

2009 3800 2349 3862 l‘toletnzcns,
2379 3798 2770 3869 llephtcstimtis
2808 3799 2895 3868 Ε,
2937 3804 3259 3872 cognomine
3291 3805 3513 3866 Χέννος,

1938 3891 2336 3945 Alexandrinus
2359 3933 2372 3954 ,
2413 3893 2802 3960 grammaticus
2838 3894 3018 3946 clarus
3057 3894 3158 3946 sub
3195 3894 3433 3960 Trojano
3465 3903 3518 3948 et

1937 3985 2196 4046 Adriano,
2258 3984 2390 4051 imp.
2455 3983 2685 4051 Scripsit
2715 3982 2791 4035 De
2831 3985 3054 4036 historia
3091 3987 3364 4052 paradoxa
3406 3987 3519 4042 sive

1940 4075 2172 4128 mirabili
2202 4090 2216 4138 ;
2248 4072 2553 4141 Sphingem,
2581 4074 2771 4126 dranta
2808 4074 3126 4130 historicum
3156 4094 3170 4142 ;
3200 4078 3519 4146 Ανοόμηρον

1940 4167 2051 4219 sive
2079 4161 2274 4215 Poemu
2310 4163 2525 4216 Homeri
2560 4163 2814 4216 (catulum
2852 4161 3283 4225 Rhucsodiarum
3309 4166 3444 4221 XXI
3459 4167 3517 4223 Υ.

1939 4267 1991 4310 et
2027 4255 2128 4308 alia
2159 4257 2428 4324 quautam.

2009 4371 2356 4435 l’lolenuzeus,
2395 4370 2795 4435 Asealaonites,
2836 4373 3255 4442 grammaticus,
3287 4376 3379 4445 qui
3416 4375 3525 4431 Ro-

1942 4480 2042 4517 ma:
2077 4465 2280 4517 docuit.
2318 4465 2548 4533 Scripsit
2577 4463 2914 4519 Homericam
2950 4467 3264 4521 Prosodiam
3286 4469 3361 4524 De
3396 4470 3525 4526 Hel-

245 4568 560 4624 oratiouem
585 4566 768 4618 divisit
793 4567 844 4617 in
881 4575 1058 4632 partes
1091 4577 1337 4633 quatuor,
1373 4565 1634 4634 εὐχωλὴν,
1661 4564 1825 4633 ἐρώτ-

1935 4556 2172 4618 lenismo,
2210 4556 2321 4609 sive
2353 4554 2430 4608 De
2462 4567 2601 4607 recta
2641 4556 2884 4624 loquendi
2921 4559 3125 4611 ratione
3179 4560 3339 4614 libros
3371 4561 3420 4615 Χ
3441 4561 3523 4623 γ;

247 4676 407 4728 τισιν,
445 4657 760 4723 ἀπόκρισιν,
803 4653 1046 4722 ἐντολήν.
1071 4654 1172 4706 Alii
1215 4662 1336 4721 post
1369 4669 1489 4706 enni
1523 4654 1574 4704 in
1610 4664 1836 4720 septem,

245 4752 534 4819 διήγησιν,
562 4747 848 4815 ἐρώτησιν,
874 4745 1184 4813 ἀπόκρισιν,
1221 4743 1458 4814 ἐντολὴν,
1493 4743 1839 4810 εἰσαγγελίαν

251 4846 406 4910 (Li),
453 4839 719 4908 εὐχωλὴν,
768 4837 980 4904 κλῆσιν.
1026 4835 1338 4888 Alcidamas
1364 4845 1600 4902 quatuor
1635 4831 1840 4886 fortnas

249 4932 532 4990 orationis
570 4931 741 4996 ponit,
796 4933 982 4996 φάσιν,
1015 4927 1310 4995 ἀπόλςασιν,
1350 4925 1640 4995 ἐρώτησιν,
1674 4942 1840 4995 προσ-

248 5027 581 5093 αγόρευσιν.
633 5021 942 5088 Protogene
977 5021 1098 5073 libri
1153 5022 1220 5072 ab
1252 5019 1678 5072 Atheniensibus
1721 5034 1842 5071 cre-

248 5116 392 5170 litati
426 5126 569 5175 stitit,
606 5112 750 5179 quod
783 5111 1075 5177 aliquando
1108 5110 1186 5162 sic
1211 5124 1442 5162 exorsus
1467 5118 1613 5162 esset
1647 5124 1659 5159 :
1707 5108 1843 5176 Περὶ

246 5207 413 5261 Θεῶν
445 5207 542 5257 οὐκ
583 5204 690 5272 ἔχω
716 5204 934 5267 εἰδέναι,
981 5201 1104 5254 οὔτε
1152 5201 1226 5264 ὥς
1271 5204 1428 5266 εἰσιν,
1481 5201 1605 5252 οὔτε
1642 5201 1715 5262 ὡς
1750 5201 1849 5252 οὐκ

249 5299 394 5356 εἰσί.
429 5296 501 5348 De
555 5297 653 5349 diis
693 5296 823 5348 scire
852 5311 951 5346 non
981 5309 1190 5362 ρυεκωιι
1238 5303 1412 5345 utrum
1462 5294 1585 5357 sint,
1632 5308 1699 5344 an
1733 5307 1848 5343 vero

248 5407 357 5444 non
399 5389 527 5440 sint.
568 5387 811 5450 Platone,
850 5385 1196 5456 philosopho,
1223 5395 1274 5437 et
1303 5385 1598 5450 antiquior,
1633 5383 1846 5452 fuitque

248 5484 528 5546 niaglster
570 5478 804 5542 Prodici,
839 5478 971 5539 Ceii,
1009 5485 1061 5530 et
1091 5476 1384 5530 multmum
1423 5476 1676 5530 aliorum.

331 5683 454 5754 (li)
493 5681 806 5736 Suid.inlra
839 5685 891 5736 in
928 5680 1172 5753 πυθμὴι,
1205 5682 1556 5750 ἐπαγγελίαν.
1595 5679 1843 5736 Laertius

254 5759 433 5812 habet
469 5754 830 5819 ἀπαγγελίαν,

338 5825 461 5893 alb)
523 5823 718 5878 Canter
777 5821 1128 5878 Fraaciseum
1184 5820 1425 5884 iunium,
1477 5821 1529 5878 in
1577 5821 1843 5878 artiﬁcum

1939 4646 2013 4699 De
2052 4648 2254 4708 metris;
2295 4646 2364 4698 De
2400 4647 2743 4700 Aristarchea
2781 4646 3032 4716 Odyssea:
3067 4653 3408 4718 correctione;
3450 4654 3524 4707 De

1938 4740 2235 4807 di/fercntia
2266 4741 2642 4794 rocabulorum
2667 4758 2685 4803 ;
2724 4742 2848 4794 item
2878 4743 2981 4796 alia
3011 4747 3384 4811 grammatica.

2011 4831 2317 4896 Pulcheria,
2350 4834 2568 4887 Arcadii
2612 4833 2748 4896 tilia,
2783 4837 3238 4892 nondum..an.nos
3269 4837 3363 4892 XV
3400 4849 3528 4895 nata

1942 4925 2226 4992 imperium
2261 4925 2464 4992 optime
2500 4925 2952 4989 administravit,
2985 4927 3318 4999 fratremque
3349 4930 3530 4987 Theo-

1948 5021 2163 5074 dosium
2197 5020 2430 5082 erudiit,
2465 5028 2519 5072 et
2550 5021 2746 5087 pietate
2781 5034 2910 5087 erga
2953 5020 3117 5073 Deum
3151 5031 3406 5076 accurate
3443 5025 3528 5076 in-

1952 5111 2132 5164 stituit
2167 5110 2474 5177 multasque
2503 5110 2759 5164 instruxit
2785 5110 3063 5162 ecclesias.
3089 5108 3374 5167 Nestorius
3404 5113 3531 5166 Pul-

1947 5205 2145 5258 cheriae
2181 5203 2390 5255 invisus
2421 5213 2557 5266 erat,
2592 5202 3027 5258 criminabantur
3053 5205 3198 5257 enim
3233 5219 3350 5258 earn
3383 5206 3524 5273 apud

1950 5294 2238 5348 Paulinum
2273 5292 2612 5362 Magistrum.
2649 5294 2882 5348 Sorores
2916 5294 3034 5360 ejus
3068 5296 3299 5350 Arcadia
3334 5306 3388 5351 et
3413 5297 3524 5351 lla-

1952 5389 2092 5440 rina.
2139 5385 2480 5440 Theodosius
2526 5401 2688 5454 saepe,
2736 5387 2930 5440 libellis
2981 5402 3084 5439 non
3140 5388 3291 5444 lectis
3327 5404 3530 5444 nomen

1954 5495 2115 5534 suunt
2157 5479 2558 5535 subscribebat.
2603 5478 2785 5548 Itaque
2824 5479 3106 5533 Pulcher-ia
3151 5481 3252 5550 ipsi
3305 5481 3532 5547 subject

1956 5680 2236 5746 Catalogo,
2272 5698 2393 5750 pag.
2429 5681 2521 5733 lSl
2551 5695 2639 5746 seq
2675 5697 2688 5742 ;
2716 5689 2768 5750 et
2795 5680 2993 5736 Kuster
3017 5682 3081 5737 ad
3108 5679 3329 5735 Suidam
3365 5697 3538 5738 .ocum

1959 5762 2088 5808 tom.
2120 5753 2206 5820 ΙΙΙ,
2248 5749 2368 5823 pag.
2401 5751 2524 5816 218,
2561 5761 2670 5803 not.
2705 5749 2760 5803 Ξ.
