4208 6496
765 409 903 474 1335

1965 413 2204 472 INDEX
2243 413 2739 480 SClill’TOBUM

3885 412 4017 473 1336

760 521 1024 588 libellum,
1053 539 1162 593 quo
1191 521 1494 590 conjugem,
1529 520 1851 587 Eudoxiam,
1883 520 2074 575 donari
2104 520 2204 575 sibi
2236 536 2327 589 pe-
2359 529 2403 589 Α
2433 535 2548 572 men
2603 517 2875 588 Pythium.
2934 516 3072 572 Hinc
3133 515 3432 585 πυθαύλης,
3498 517 3775 585 quomodo
3834 535 4020 588 praua

759 613 928 680 tebat,
956 624 1015 667 ut
1045 628 1106 666 ea
1139 611 1334 666 ancilla
1363 621 1630 678 uteretur,
1661 621 1765 666 etc.

829 716 1075 788 Pylades,
1113 716 1248 771 Cilir
1275 760 1290 784 ,
1327 733 1391 772 ex
1429 717 1626 788 oppido
1659 715 1956 772 Mistarnis.
1995 715 2227 784 Scripsit
2258 713 2331 768 De

757 810 1034 863 scitatione
1065 808 1283 875 Italica,
1318 809 1426 880 cuji
1450 825 1475 864 ς
1506 813 1620 878 ipse
1671 808 1919 862 inventor
1945 807 2086 871 fuit;
2120 805 2194 860 De
2217 807 2328 858 sal-

760 903 956 955 tatione
1005 903 1244 966 comica,
1286 917 1403 970 quae
1453 901 1666 972 Κὸρδαξ
1711 902 2052 965 vocabatur;
2101 889 2226 952 item
2258 897 2331 950 De

756 992 1044 1046 sultatione
1082 994 1304 1063 tragica,
1338 1009 1458 1062 qua-
1488 993 1715 1054 σίκιννις
1741 1001 1792 1044 et
1823 991 1898 1046 De
1927 989 2178 1060 satyrico,
2209 1003 2329 1054 qu.e

769 1086 1064 1155 Ἐμμὲλιια
1091 1087 1391 1142 dicebatur.
1416 1085 1543 1156 (Sed
1559 1087 1678 1139 vide
1707 1085 1890 1148 ΑιΙιεη.
1925 1083 1965 1144 l,
1995 1097 2115 1150 pag.
2145 1081 2249 1143 “20;
2275 1089 2328 1134 et

753 1178 970 1232 liusteri
1004 1188 1116 1237 not.
1153 1179 1186 1233 4
1219 1189 1270 1232 et
1296 1178 1351 1240 5,
1386 1188 1518 1232 tom.
1561 1177 1648 1241 lll,
1685 1193 1809 1248 pag.
1841 1177 1992 1246 239.)

819 1291 1091 1359 Pyrrhon.
1113 1290 1400 1346 Plistarchi
1425 1291 1483 1346 Ρ.
1506 1293 1684 1357 Eleus,
1709 1293 2060 1362 philosophus
2085 1304 2328 1363 tempore

751 1382 980 1453 Philippi
1043 1383 1382 1449 Macedonis,
1417 1385 1732 1455 Olympiade
1770 1385 1832 1439 Cl
1896 1397 1948 1439 et
2007 1386 2166 1445 ultra.
2204 1386 2326 1439 Pri-

752 1490 897 1528 mum
937 1475 1154 1544 quidem
1191 1477 1365 1545 pictor
1390 1475 1511 1538 fuit,
1553 1485 1739 1544 postea
1773 1477 2014 1530 animum
2048 1477 2112 1529 ad
2146 1477 2324 1545 philo-

747 1564 998 1633 mphiam
1039 1567 1319 1635 applicans
1368 1566 1574 1619 audivit
1615 1565 1905 1635 BrysOuem
1931 1607 1946 1630 ,
1984 1567 2322 1620 Clinomachi

746 1658 1093 1727 discipulum,
1117 1658 1311 1712 deinde
1331 1659 1738 1719 Anaxarchum,
1761 1659 2086 1726 discipulum
2127 1661 2323 1713 Metro-

745 1746 864 1799 dori
887 1787 900 1809 ,
935 1745 1084 1809 Chii,
1118 1745 1277 1814 cujus
1310 1745 1568 1814 magister
1598 1745 1695 1799 fuit
1729 1745 2067 1800 Democritus
2091 1787 2106 1810 ,
2143 1747 2322 1801 Abde-

746 1839 872 1891 rita.
911 1837 1133 1902 Statuit,
1169 1839 1304 1894 nihil
1335 1854 1456 1897 esse
1489 1847 1682 1892 natura
1715 1837 2004 1894 honestum
2039 1848 2093 1894 et
2127 1849 2316 1908 lttrpe,

744 1931 839 1986 sed
869 1931 1050 1988 omnia
1084 1931 1328 1986 moribus
1359 1940 1412 1983 et
1447 1931 1581 1999 lege.

815 2021 1097 2092 Pyrrhon,
1130 2022 1403 2078 Phliasius
1425 2063 1439 2088 ,
1469 2021 1744 2078 Timarchi
1779 2022 1863 2087 F.,
1889 2023 2191 2092 discipulus
2219 2021 2316 2076 Ti-

745 2115 946 2182 monis,
971 2114 1039 2184 ph
1067 2115 1301 2185 losophi.

814 2226 1099 2297 Pyrrhonii
1137 2226 1467 2297 philosophi,
1503 2227 1595 2296 qui
1628 2227 1925 2298 Pyrrhonis
1960 2236 2165 2281 sectam
2197 2242 2315 2283 am-

740 2320 1137 2386 plectebantur.
1184 2321 1314 2377 dicti
1363 2322 1527 2376 etiam
1574 2321 1854 2390 aporetici,
1897 2321 2109 2389 scptici,
2147 2321 2315 2388 ephe-

738 2413 888 2476 etici,
931 2412 1162 2477 zetetici,
1191 2421 1296 2476 etc.
1326 2413 1605 2482 Sceptices
1625 2415 1833 2481 primus
1861 2422 2050 2466 auctor
2080 2411 2182 2466 fuit
2210 2411 2314 2465 llo-

739 2521 947 2567 merus.
975 2506 1069 2575 qui
1102 2505 1232 2558 nihil
1260 2506 1391 2559 certi
1427 2505 1493 2557 de
1525 2505 1686 2557 rebus
1718 2504 2055 2571 pronuntiat.
2090 2501 2310 2569 Septem

736 2600 900 2653 etiam
933 2609 1202 2666 sapientes
1233 2595 1382 2652 luere
1409 2594 1665 2665 Sci-plici,
1700 2610 1930 2664 quorum
1963 2593 2266 2647 estdictum
2297 2609 2309 2643 :

740 2691 824 2746 Ne
875 2692 1001 2760 quid
1047 2693 1246 2753 nimis;
1287 2689 1647 2744 Archilochus
1701 2703 1940 2756 quoque,
1990 2702 2114 2739 cum
2168 2685 2242 2738 ait
2296 2702 2308 2736 :

737 2785 894 2842 Τοῖος
928 2785 1234 2852 ἀνθρώποις
1269 2783 1390 2843 νοῦς
1421 2783 1628 2849 γίνεται
1667 2781 1880 2848 Θνητοῖς
1905 2822 1916 2842 ,
1952 2780 2138 2846 ὁκοίην
2175 2780 2312 2838 Ζεὺς

737 2869 952 2937 ἡμέρην
997 2867 1141 2934 ἄγει.
1187 2865 1253 2920 Et
1304 2866 1585 2934 Euripides
1616 2863 2027 2933 (Supplicibus):
2068 2862 2130 2912 Τί
2175 2861 2310 2926 δῆτα

735 2958 861 3018 τοὶς
880 2956 1256 3026 ταλαιπώρους
1287 2955 1510 3024 βροτοὺς
1537 2957 1755 3024 φρονεῖν
1784 2954 1998 3020 λέγουσι
2022 2969 2036 3016 ;
2075 2951 2166 3003 στιῦ
2200 2953 2310 3019 γὰρ

735 3043 1085 3114 ἐξηρτήμεθα.
1119 3063 1132 3076 ·
1158 3045 1386 3115 Δρῶμὲν
1425 3061 1484 3095 τε
1533 3043 1760 3106 τοιαῦθ’,
1787 3043 2080 3112 τυγχάνεις
2113 3042 2302 3093 θέλων.

813 3158 1160 3228 Pythagoras,
1197 3159 1436 3220 Samius,
1477 3175 1658 3212 revera
1692 3159 2030 3229 Tyrrhenus,
2070 3157 2309 3208 Mnesar-

2434 619 2655 662 vocant.

2506 701 2723 763 Πύθιον.
2757 699 3040 770 Templum
3069 701 3341 768 Apollinis
3362 743 3377 764 ,
3407 701 3637 760 Athenis
3665 719 3695 759 a
3726 703 4015 760 Pisistrato

2431 791 2735 854 conditum,
2785 791 2838 845 in
2894 807 3004 860 quo
3072 791 3312 860 tripodas
3366 794 3640 854 ponebant
3689 797 3781 864 qui
3843 796 4014 865 cyclio

2434 882 2602 934 choro
2628 881 2916 951 Thargelia
2948 884 3192 938 vicerant

2503 973 2732 1044 Python.
2766 974 3112 1046 Bysantinus,
3144 987 3349 1041 oratur,
3379 978 3492 1046 qui,
3525 978 3578 1030 in
3609 980 3870 1033 exsilium
3904 981 3989 1049 pul

2431 1083 2553 1129 sus,
2588 1068 2642 1121 in
2672 1067 3037 1121 Macedoniam
3069 1069 3236 1134 abiit,
3279 1070 3464 1138 ibique
3495 1071 3696 1125 multos
3729 1072 3796 1124 ad
3833 1073 4016 1140 prodi-

2430 1161 2630 1211 tionem
2692 1159 2924 1228 impulit,
2980 1169 3086 1214 etc.
3125 1159 3208 1214 \’.
3271 1159 3483 1219 Κιιδιετὶ
3546 1171 3660 1216 not.
3724 1173 3863 1218 tum.
3927 1163 4010 1228 ill,

2429 1265 2530 1323 pag
2581 1249 2705 1312 237,.

2496 1429 2840 1496 Quadratus,
2877 1432 3162 1486 Romanus
3187 1472 3200 1493 .
3235 1432 3550 1490 historicus.
3589 1433 3825 1502 Scripsit
3867 1435 4011 1489 loni-

2426 1539 2488 1576 ca
2516 1525 2748 1578 dialecto
2780 1525 3062 1579 historiam
3101 1525 3401 1579 Romanam
3436 1527 3589 1580 libris
3622 1526 3739 1591 XV,
3773 1545 4010 1596 eamque

2428 1613 2710 1681 inscripsit
2762 1614 3136 1682 Χιλιετηρίδι,
3197 1615 3342 1683 quod
3396 1617 3859 1683 complecteretur
3921 1634 4007 1674 res

2426 1705 2570 1758 mille
2613 1721 2881 1760 annorum
2929 1722 2959 1760 a
3003 1707 3171 1761 lloma
3207 1709 3425 1761 condita
3473 1709 3538 1762 ad
3585 1709 3714 1776 imp.
3765 1710 4008 1764 Alexan-

2423 1797 2579 1853 drum
2604 1839 2618 1861 ,
2651 1798 2930 1854 “atumem
2959 1799 3022 1854 Γ.

2353 1896 2402 1955 Β
2507 1892 2804 1955 Quirinus,
2840 1894 3116 1961 sophista,
3153 1892 3244 1959 qui
3284 1891 3488 1962 Lingua
3522 1893 3737 1953 wrarii,
3771 1893 4004 1947 Γλῶςυ

2421 1984 2668 2054 ταμιείου
2695 1986 3010 2050 vocabatur,
3038 1987 3196 2054 cujus
3221 2000 3351 2040 cura
3381 1986 3448 2039 ab
3472 1986 3601 2056 imp.
3631 1986 3678 2040 ei
3707 1989 4003 2042 commissa

2420 2088 2557 2131 erat.

3202 2172 3244 2225 Β

2493 2263 2850 2317 lihadamanti
2895 2265 3156 2332 judicium
3194 2267 3259 2318 de
3297 2266 3362 2319 iis
3396 2281 3628 2335 quorum
3676 2275 3872 2320 testata
3920 2275 4003 2319 est

2415 2355 2653 2421 justitia.
2713 2353 3079 2408 Bliadamanti
3127 2355 3532 2424 jusjurandum,
3594 2373 3782 2426 supra,
3844 2359 4000 2426 χῆμι

2423 2446 2692 2515 ὀμνύναι,
2757 2455 2812 2500 et
2879 2447 3140 2516 Lampon.
3210 2447 3372 2504 Conl‘.
3435 2448 3652 2503 Kusteri
3715 2462 3827 2506 not.
3872 2452 4002 2509 Le.

2418 2553 2536 2605 pag.
2569 2538 2694 2590 249.

2489 2630 2766 2681 lihannius
2808 2629 2872 2683 de
2915 2632 3250 2699 sapientibus
3290 2633 3564 2700 clariSquc
3600 2631 3730 2685 ritis
3772 2633 3999 2688 dicitur.

2415 2719 2696 2776 Rhamnus
2717 2722 2859 2775 enim
2885 2734 2998 2776 erat
3020 2725 3248 2792 populus
3275 2727 3479 2787 Atticm,
3508 2728 3557 2778 in
3585 2743 3692 2792 quo
3716 2727 3999 2794 Antiphon

2414 2812 2616 2874 ﬂoruit,
2644 2825 2824 2866 orator
2853 2815 3105 2878 celebris,
3142 2831 3302 2884 quem
3333 2816 3484 2870 multi
3514 2817 3690 2868 mirari
3728 2819 3997 2879 volentes.

2421 2903 2766 2969 puerei-bium
2803 2904 2922 2957 usui
2955 2904 3074 2956 vitm
3100 2906 3453 2969 reliquerunt,
3498 2915 3551 2957 ut
3588 2907 3682 2957 viri
3722 2909 3922 2976 praevia
3963 2909 3998 2972 i,

2417 2993 2738 3046 liliainnusii
2773 3005 3116 3048 vocarentur.
3147 2996 3470 3049 Rhanmmia
3505 2998 3761 3060 Nemesis,
3791 3011 3997 3058 statur.

2414 3103 2574 3154 quam
2603 3086 2723 3137 fecit
2747 3086 2967 3139 Phidias
2991 3096 3043 3139 et
3068 3086 3364 3142 Ereczheus
3395 3093 3582 3142 matris
3608 3106 3719 3142 sme
3751 3093 3995 3154 nomine,

2413 3193 2533 3244 (iure
2564 3175 2744 3230 Neruis
2776 3178 3071 3230 vocabatur
3100 3187 3153 3230 et
3184 3180 3271 3230 illo
3303 3182 3352 3231 in
3382 3180 3502 3231 loco
3530 3195 3872 3250 regnaverat,
3904 3188 3997 3236 de-

739 3251 848 3310 rhi.
890 3251 1181 3319 sculptor-is
1235 3251 1583 3310 annulorum,
1635 3250 1803 3312 titius,
1855 3249 1945 3316 qui
1990 3263 2113 3299 cum
2158 3259 2308 3314 pa::-e
2338 3243 2378 3296 C

2417 3267 2634 3321 dicavit.
2696 3266 2915 3321 Phidias
2969 3271 3310 3338 Agoracrito.
3369 3270 3550 3335 Pario,
3606 3275 3820 3326 amasio
3871 3292 3993 3338 suo,

741 3345 964 3397 Samum
1019 3345 1336 3397 adolescens
1392 3359 1455 3396 ex
1511 3342 1810 3412 Tyrrhenia
1871 3339 2154 3408 migravit,
2219 3337 2307 3389 ubi

738 3436 1099 3506 Plicrerydeiu
1131 3437 1370 3506 Syrium,
1396 3437 1588 3489 deinde
1617 3434 2124 3486 llermodaniantem
2156 3429 2310 3482 audi-

741 3528 842 3588 ιιι.
877 3526 1162 3596 Creophyli
1202 3536 1482 3595 nepotem,
1516 3526 1638 3578 hinc
1669 3525 1954 3578 Abarixlem
1983 3564 1994 3583 ,
2034 3519 2310 3590 Hyperio-

738 3635 887 3672 rcum
931 3629 982 3672 et
1019 3618 1290 3683 Zarctem,
1341 3619 1576 3686 Magum.
1625 3615 1778 3684 Apud
1823 3614 2104 3684 .‘Egyplios
2145 3613 2306 3664 etiam

737 3721 794 3765 et
847 3712 1132 3765 (llialdzros
1175 3711 1478 3778 disciplinis
1527 3709 1810 3761 institutus
1855 3707 2014 3759 rediit
2063 3707 2305 3764 Samum,

738 3819 902 3873 quam
954 3820 1076 3857 cum
1130 3803 1431 3872 Polycratis
1490 3801 1775 3868 tyrannide
1831 3799 2002 3852 teneri
2057 3797 2306 3857 vidisset,

739 3897 1027 3951 Crotonem
1081 3897 1133 3948 in
1189 3895 1396 3948 Italiam
1453 3895 1606 3954 abiit,
1658 3903 1951 3960 apertaque
2003 3891 2073 3942 ibi
2121 3890 2306 3943 schola

738 3991 1064 4057 quingentos
1091 3998 1143 4041 et
1176 3989 1408 4056 amplius
1437 3987 1736 4055 discipulos
1769 3984 1978 4037 habuit.
2011 3980 2226 4035 Fratres
2257 3981 2304 4034 ei

737 4083 848 4133 duo
897 4095 912 4133 :
964 4093 1092 4134 natu
1135 4081 1307 4148 major
1348 4081 1652 4145 Eunomus,
1704 4077 1914 4130 medius
1970 4075 2307 4144 Tyrrhenus.

741 4174 942 4227 Servus
983 4173 1276 4236 Zamolxis,
1309 4173 1394 4227 cui
1422 4173 1590 4238 Getm,
1621 4182 1677 4224 ιιι
1707 4170 1968 4233 Saturno,
2004 4170 2306 4222 immolant.

740 4263 974 4318 Uxorem
1008 4265 1163 4317 duxit
1194 4263 1543 4319 Theanonem
1568 4302 1581 4324 ,
1620 4261 1863 4312 Brontini
1889 4300 1901 4320 ,
1941 4261 2268 4312 Crotoniates.
2294 4300 2306 4322 ,

740 4357 931 4416 tiliam.
958 4372 1020 4410 ex
1055 4371 1160 4424 qua
1195 4355 1332 4408 filios
1358 4355 1494 4407 duos
1524 4354 1782 4422 suscepit,
1812 4350 1902 4403 'l‘ei
1925 4367 2097 4417 ουειειιι
2129 4359 2181 4403 et
2209 4349 2309 4402 Da-

740 4466 954 4504 monem
983 4490 997 4514 ,
1029 4448 1112 4501 vel
1145 4457 1204 4501 ut
1236 4447 1345 4510 alii,
1388 4445 1769 4498 Mnesarchum
1810 4458 1824 4494 :
1856 4444 2016 4496 tiliam
2053 4457 2270 4509 queque
2292 4481 2306 4503 ,

741 4540 958 4612 Myiam,
989 4543 1122 4601 sire,
1155 4549 1215 4593 ut
1267 4537 1380 4600 alii,
1407 4537 1745 4606 Arignotem.
1777 4536 2008 4604 Scripsit
2041 4533 2305 4601 Pythago-

742 4599 830 4688 ras
863 4643 972 4687 tres
1002 4641 1207 4686 tantum
1245 4631 1411 4684 libros
1434 4670 1446 4690 .
1485 4629 1833 4682 Πιιδευτικὸν
1858 4669 1872 4690 ,
1902 4625 2185 4678 Πολιτικὸν
2208 4663 2222 4686 ,
2254 4634 2306 4677 et
2346 4599 2386 4651 θ

743 4727 979 4786 tertium,
1007 4725 1097 4792 qui
1127 4723 1337 4793 Lysidis
1363 4722 1640 4775 Tarentini
1665 4729 1746 4774 est
1773 4720 1973 4788 potius,
2002 4719 2121 4785 ejus
2147 4717 2310 4771 disci-

741 4819 878 4887 puli,
908 4819 998 4886 qui
1032 4817 1254 4878 Thebis,
1294 4829 1401 4884 quo
1436 4815 1663 4882 fugerat,
1697 4813 2125 4882 Epaminondam
2156 4812 2312 4865 insti-

743 4913 866 4966 tuit.
908 4910 1135 4976 Quidam
1185 4925 1344 4961 aurea
1385 4907 1623 4959 carmina
1662 4921 1878 4974 quoque
1926 4906 1995 4956 illi
2045 4905 2309 4956 tribuunt.

747 5005 1006 5074 (Plurima
1038 5004 1233 5058 deinde
1261 5002 1327 5055 de
1357 5000 1659 5070 Pythagora
1699 4999 1924 5067 ejusque
1958 5008 2152 5059 morte,
2189 4998 2309 5064 phi-

743 5096 986 5164 losophia
1014 5109 1077 5148 ac
1102 5094 1362 5164 symbolis
1387 5092 1547 5146 refert
1578 5091 1793 5153 Suidas.
1820 5091 1912 5160 qui
1938 5090 2097 5147 etiam
2128 5090 2312 5142 viden-

743 5189 848 5243 dus
874 5188 928 5241 in
962 5187 1150 5255 Ἤδη.)

815 5299 1047 5370 Pytbeas
1069 5339 1082 5360 .
1113 5298 1459 5354 Atheniensis
1482 5339 1496 5360 ,
1526 5309 1709 5351 orator
1729 5342 1742 5361 ,
1782 5297 2018 5351 miluthri
2045 5337 2059 5361 ,
2092 5297 2205 5349 sive
2238 5295 2313 5363 pi-

745 5393 985 5447 strinarii
1013 5393 1177 5453 lilius,
1203 5392 1420 5458 sCripsit
1447 5390 1729 5444 Conciones
1751 5401 1800 5442 et
1831 5389 2110 5444 Orationes
2135 5389 2311 5456 {oren-

745 5502 826 5538 ωδ
872 5493 925 5538 ct
968 5485 1072 5537 alia
1119 5481 1406 5552 quardam;
1442 5497 1547 5535 non
1595 5483 1988 5536 adnumeratus
2017 5491 2198 5534 autem
2231 5489 2314 5532 cst

745 5575 976 5639 (decem)
1013 5573 1322 5626 oratoribus
1349 5614 1362 5626 .
1399 5583 1456 5623 ut
1487 5573 1648 5626 homo
1680 5574 1858 5625 audax»
1891 5581 1944 5625 et
1975 5572 2312 5629 dissolutus.

747 5668 838 5732 qui
892 5663 1116 5718 Athenis
1166 5663 1237 5718 ob
1281 5677 1353 5718 res
1380 5663 1617 5716 alienum
1662 5679 1725 5716 ex
1772 5678 1990 5715 carcere
2032 5662 2218 5731 eﬂ‘ugit
2261 5662 2313 5714 in

745 5755 1112 5810 Meet-deuiam
1137 5796 1153 5819 ,
1185 5770 1248 5808 ac
1282 5765 1466 5824 pestea
1496 5754 1673 5810 rediit.

818 5849 1014 5912 Πυθιὰς
1047 5849 1163 5918 βοὴ,
1196 5864 1296 5902 vox
1331 5865 1453 5902 cum
1488 5861 1648 5904 cantu
1681 5849 1825 5903 tibia:
1856 5849 2143 5918 conjuncta
2179 5845 2312 5899 Car-

2420 3362 2664 3428 permisit
2695 3376 2890 3413 nomen
2924 3378 3080 3414 suum
3113 3362 3439 3428 inscribere;
3468 3375 3523 3416 ut
3552 3366 3833 3434 OIyn-pim,
3863 3371 3997 3438 digi-

2421 3462 2473 3505 to
2511 3452 2656 3508 lovis
2719 3455 2993 3521 inscripsit
3051 3456 3373 3522 Παντάρκης
3416 3457 3595 3518 καλός.
3645 3461 3764 3511 Erat
3810 3473 3991 3513 ant-in

2419 3547 2742 3610 l’antarces,
2779 3548 3037 3615 Argivus,
3072 3545 3349 3600 formosus
3394 3547 3677 3617 ipsiusque
3722 3556 3989 3605 amasizrs.

2499 3640 2739 3708 'Pzpta'tg.
2778 3639 2992 3693 llhazus
3023 3640 3299 3700 Cererem,
3331 3652 3597 3695 errantem
3621 3655 3673 3695 et
3706 3643 3993 3713 Proserpi-

2420 3749 2543 3785 nam
2576 3746 2929 3801 qua-rentcm,
2961 3734 3192 3800 Ιιιιειιίςίο
3216 3735 3446 3800 excepi,
3475 3752 3570 3801 pro
3597 3751 3704 3802 quo
3732 3737 3994 3791 lK'ltCiiL'l-‘T

2417 3824 2578 3877 Ceres
2609 3825 3023 3892 Triptolemum,
3050 3825 3191 3877 Celei
3215 3825 3251 3878 l"
3283 3867 3295 3888 ,
3333 3825 3497 3878 libari
3535 3843 3638 3895 nep
3661 3839 3814 3888 item,
3854 3831 3995 3896 agri.

2418 3920 2684 3971 culturam
2716 3917 2920 3978 docuit,
2951 3918 3109 3985 eique
3135 3933 3354 3969 currum
3384 3921 3648 3972 alatorum
3684 3921 3991 3974 dlflt‘UllllP'?

2420 4010 2583 4072 dedit,
2612 4025 2721 4077 quo
2742 4021 2924 4061 vectus
2951 4017 3143 4061 terram
3169 4012 3490 4078 peragravit,
3517 4022 3567 4064 el
3598 4012 3991 4081 agriculturam

2421 4101 2665 4155 homines
2701 4101 2903 4153 docuit.

2493 4193 2763 4260 lihapsodi
2820 4194 3161 4255 dicebantur,
3217 4192 3307 4260 qui
3351 4196 3591 4246 carmina
3656 4193 3878 4248 ilomeri
3938 4198 3988 4249 in

2423 4285 2648 4338 theatris
2679 4286 2997 4347 recitabam,
3032 4287 3175 4352 quod
3207 4286 3433 4352 ῥάϐδους
3464 4301 3574 4337 srre
3601 4289 3776 4354 virgae
3801 4299 3958 4339 ti-nen

2421 4383 2501 4427 t-s
2555 4375 2654 4427 hoc
2694 4375 2954 4427 facerent.
2987 4375 3080 4427 Est
3112 4375 3270 4426 etiam
3307 4375 3620 4444 ῥαψῳδῆςαι
3654 4379 3869 4446 nugari,
3912 4379 3989 4430 vel

2420 4468 2737 4532 simpliciter
2771 4469 2917 4534 loqui
2950 4479 2997 4519 t-t
3031 4469 3278 4518 recitare.

2490 4557 2760 4625 llheginos
2792 4557 3133 4620 Xenarchns,
3171 4558 3468 4626 SOphrv-nis
3504 4560 3863 4627 mimographi
3905 4561 3987 4622 F.,

2415 4660 2470 4702 ιιι
2499 4650 2714 4704 timidos
2746 4650 2796 4702 in
2830 4651 3110 4704 conimdiis
3140 4653 3252 4704 suis
3280 4654 3619 4719 perstrinxit,
3655 4669 3680 4704 a
3717 4652 3987 4722 Dionyse.

2417 4751 2663 4811 tyranno,
2708 4743 2772 4794 ad
2827 4744 2925 4795 hoc
2973 4744 3248 4798 inductus.
3305 4745 3457 4797 l'ndi-
3500 4746 3848 4814 proverbium
3901 4762 3988 4799 or-

2415 4845 2619 4888 tumest
2659 4835 2906 4903 Ῥηγίνου
2929 4837 3248 4905 δειλότερος,
3279 4837 3506 4906 ΒΙιρῃίιιο
3536 4841 3795 4902 timidior,
3830 4840 3893 4892 de
3926 4842 3987 4892 iis

2414 4927 2504 4995 qui
2542 4943 2700 4994 supra
2737 4927 2956 4979 modum
2991 4928 3159 4980 timidi
3200 4940 3345 4982 sum.

2487 5018 2787 5084 Rheginus,
2811 5021 3224 5086 grammaticus,
3252 5020 3469 5088 scripsit
3496 5022 3691 5074 librum
3719 5025 3813 5089 qui
3837 5041 3854 5072 \
3873 5039 3986 5076 oca-

2417 5120 2500 5162 tur
2533 5108 2933 5177 Polymnemon.

2498 5197 2850 5268 Ῥερίαρχος,
2889 5201 2980 5268 qui
3022 5202 3237 5254 oracula
3274 5201 3437 5264 dir-it,
3471 5212 3522 5254 ut
3559 5214 3638 5254 est
3682 5207 3824 5274 apud
3867 5207 3985 5273 Epi-

2416 5290 2718 5343 eharmum.
2756 5288 2848 5341 Vel
2873 5330 2885 5352 ,
2924 5302 2978 5342 ut
3017 5292 3357 5359 Asclepiades
3398 5294 3535 5346 libro
3568 5308 3722 5347 sexto
3755 5298 3979 5365 Τραγῳ-

2416 5385 2730 5454 δουμένων,
2791 5385 2884 5454 qui
2946 5387 3188 5440 omnium
3248 5390 3447 5455 optime
3510 5402 3735 5443 noverat
3805 5409 3979 5443 Vat‘ttétl

2415 5479 2619 5531 dicere.

2497 5570 2729 5640 Ῥήτωρ.
2764 5569 2944 5623 Multis
2965 5569 3198 5625 decretis
3223 5582 3439 5625 cautum
3469 5579 3574 5630 est.
3604 5572 3656 5624 in
3684 5586 3878 5625 St‘llal'l
3913 5590 3988 5622 ατ,

2419 5663 2652 5716 oratoria
2689 5663 3071 5727 adhiberetur,
3113 5665 3154 5716 si
3192 5665 3318 5732 quis
3356 5665 3685 5718 sententiam
3731 5664 3902 5717 [Cll‘vl
3937 5669 3985 5715 de

2421 5769 2498 5815 re.
2546 5769 2664 5822 qua:
2714 5752 2778 5806 ad
2829 5753 3089 5821 privatam
3141 5753 3310 5821 ipsius
3357 5753 3629 5808 fortunam
3678 5770 3786 5807 non
3834 5759 3986 5824 perti-

2421 5857 2589 5900 ΗΘΓΘῙ.
