4208 6496
232 435 365 496 1337

1474 444 1570 501 DE
1609 444 1894 511 QUIBUS
1931 445 2225 507 SUIDAS.

3350 450 3483 515 1338

290 545 537 601 Rhiauus
562 587 575 609 ,
622 548 847 602 Demens
869 588 886 613 ,
928 562 993 602 ex
1040 548 1181 603 Bena
1206 591 1221 611 .
1261 548 1435 606 Cretae
1474 556 1639 617 urbe,
1677 558 1762 609 vel
1784 597 1799 623 ,
1834 560 1876 612 Α
1907 559 2248 612 commodam
2281 559 2525 615 haberet.
2560 560 2829 615 Salustius
2855 562 3088 625 dicebat,
3115 561 3480 631 philosophari

212 634 464 698 Cerates,
520 638 623 700 vel,
653 646 708 688 ιιι
737 636 855 700 alii,
891 654 955 692 ex
994 637 1200 693 Ithome
1250 640 1523 697 Messenios
1556 644 1795 698 civitate.

218 724 320 779 llic
351 726 586 793 primttm
618 726 720 781 luit
753 728 1017 797 palaestrae
1042 738 1226 785 custos
1254 741 1308 786 et
1335 747 1528 786 servus
1562 752 1576 789 :
1609 747 1796 802 pOStea

213 814 413 867 litteris
491 815 771 872 institutus
835 819 1234 887 grammaticus
1277 821 1494 883 evasit,
1564 824 1794 890 :cqualis

213 904 620 962 Eratosthenis.
683 908 911 976 Scripsit
945 911 1239 981 Ἔμμετριι
1313 915 1594 984 ποιήματα
1630 914 1741 985 (l6)
1776 932 1792 982 ;

215 996 589 1051 lleracliadem
611 999 765 1054 libris
783 1000 919 1056 XIV.

288 1088 565 1144 Rhiuthou
587 1132 601 1156 ,
640 1089 972 1147 Tarentinus
994 1134 1009 1159 ,
1041 1095 1287 1150 comicus
1308 1136 1322 1159 ,
1360 1106 1555 1151 auctor
1588 1098 1793 1153 hilaro-

213 1180 530 1247 tragoediae,
571 1184 688 1235 sive
721 1184 1214 1254 plilyacograpbite.
1252 1186 1425 1258 Figuli
1467 1190 1645 1257 Illius,
1688 1194 1791 1249 sub

211 1271 506 1328 Ptolomaeo
565 1275 743 1343 primo
803 1277 957 1331 visit.
1014 1279 1231 1334 Fabulae
1284 1283 1405 1350 ejus
1460 1287 1677 1353 tragica:
1737 1299 1791 1342 et

207 1366 436 1420 comicae
475 1367 764 1423 XXXVIII.
806 1370 1006 1439 (Cani.
1041 1371 1238 1429 Kuster
1272 1390 1325 1444 p.
1365 1376 1491 1441 260,
1529 1390 1655 1433 not.
1690 1381 1790 1451 8.)

282 1460 479 1523 Rufus,
514 1462 804 1529 Ephesius,
840 1465 1107 1527 medicus,
1146 1468 1237 1535 qui
1267 1483 1391 1521 cum
1425 1469 1653 1527 Critone
1678 1476 1783 1529 sub

204 1548 445 1618 Trojano
474 1551 679 1606 ﬂoruit.
715 1554 945 1622 Scripsit
974 1556 1140 1609 libros
1168 1557 1456 1624 plurimos,
1486 1576 1548 1613 ex
1584 1563 1787 1630 quibus

202 1648 333 1692 sunt
366 1640 418 1692 lii
449 1660 461 1692 :
490 1639 565 1693 De
593 1643 799 1695 ratione
828 1645 993 1697 uictus
1026 1646 1146 1699 libri
1184 1646 1244 1711 V;
1273 1648 1348 1701 De
1372 1651 1507 1701 victu
1535 1653 1787 1721 navigan-

200 1735 335 1783 tium
364 1750 379 1791 ;
418 1731 492 1784 De
524 1736 914 1789 medicamentis
953 1738 1227 1791 vulnerum
1255 1758 1273 1804 ;
1318 1741 1391 1794 De
1424 1746 1787 1799 vulneratione

201 1825 595 1889 articulorum;
633 1826 707 1879 De
749 1829 997 1894 ﬁculms;
1049 1830 1125 1884 De
1160 1833 1319 1885 ueteri
1358 1835 1657 1900 medicina;
1708 1838 1784 1891 De

198 1919 376 1981 lacte;
412 1918 487 1971 De
512 1921 667 1982 vino;
699 1920 775 1974 De
802 1923 973 1978 melle.

275 2010 512 2065 [iutilius
545 2011 742 2094 liuius,
781 2026 1027 2083 tempore
1054 2014 1327 2086 Scipionis
1358 2021 1510 2083 vixit,
1541 2024 1591 2076 iu
1620 2040 1783 2094 expe-

199 2102 502 2158 ditionibus
555 2088 762 2159 bellicis
812 2106 860 2159 ei
906 2122 1110 2172 comes,
1159 2119 1212 2163 ct
1258 2126 1365 2173 res,
1412 2122 1538 2167 tunc
1578 2127 1779 2182 gestas,

200 2194 399 2248 l'.ttt-ris
441 2195 757 2261 mandavit,
801 2198 1009 2266 fuitque
1051 2210 1179 2253 tunc
1216 2205 1477 2270 temporis
1519 2206 1776 2259 tribunus

199 2288 457 2346 militum.
490 2300 545 2339 ut
574 2289 849 2356 Appianus
882 2290 933 2343 iu
970 2289 1213 2346 Romana
1243 2292 1478 2349 Ilistoria
1519 2306 1774 2352 testatur.

279 2378 511 2446 Ῥυσμὸς
563 2381 869 2435 ΑὺιΙυι·ἱιίρ;ι
922 2383 1156 2436 dialecto
1206 2386 1474 2454 signilicat
1525 2389 1773 2455 ﬁgurant.

191 2472 331 2526 Aliis
378 2484 635 2540 praue-rea
682 2476 927 2536 vocibus,
981 2491 1085 2530 non
1137 2478 1361 2537 Gtmcis,
1414 2478 1772 2546 Democritus,

192 2566 498 2629 Aluit-rites,
561 2583 692 2620 usus
746 2579 849 2632 est,
910 2579 971 2623 ut
1017 2572 1227 2639 τροπήν
1277 2571 1413 2624 dixit
1472 2576 1653 2635 situm,
1716 2584 1775 2627 ct

189 2656 461 2728 ὁεαοηγήν
490 2700 504 2725 ,
538 2661 793 2715 ordinem.

995 2750 1032 2803 S

266 2839 528 2895 Sabazius
576 2841 819 2896 Bacchus
859 2844 1035 2898 dictus
1077 2861 1105 2897 a
1146 2847 1383 2899 clamore
1428 2848 1575 2913 orgia
1627 2851 1769 2903 cele-

190 2932 494 2986 brantium.
540 2932 673 2987 Nam
718 2933 971 2989 Barliaris
1012 2938 1229 2999 εὐάζεεν
1278 2949 1358 2991 est
1390 2940 1670 3002 σαῆἁζειν,
1715 2952 1763 2993 et

187 3025 432 3091 εὖπμίν
487 3026 757 3093 appellant
819 3027 1121 3095 ςαϐπσμόν.
1177 3028 1349 3080 Etiam
1412 3029 1565 3081 σάϐοι
1625 3033 1763 3095 lora,

186 3115 403 3169 Ilaec-ho
433 3129 773 3181 consecrata,
806 3129 859 3171 ct
892 3120 1086 3173 Bacchi
1119 3122 1453 3183 sacerdotes,
1488 3123 1759 3188 Illuascas,

188 3203 537 3265 l‘atarensis,
606 3204 895 3261 Sabazium
969 3211 1044 3263 ait
1107 3226 1225 3265 esse
1294 3211 1491 3265 Bacelai
1565 3214 1757 3266 lilium.

188 3297 371 3364 (Suid.
408 3298 458 3349 in
493 3298 656 3350 2:160:
688 3301 704 3365 )

257 3389 514 3447 Sabinus,
540 3393 801 3459 scphisla,
821 3394 911 3461 qui
952 3393 1084 3446 vixit
1120 3394 1219 3448 sub
1244 3395 1505 3460 Adriano,
1526 3398 1758 3452 Caesare.

187 3484 418 3552 Scripsit
469 3483 929 3538 Iutrmlurtionem
983 3498 1035 3537 ct
1084 3503 1467 3556 argumentum
1522 3494 1761 3546 materiae

181 3574 642 3625 declamationum
681 3575 831 3629 libris
864 3574 929 3627 IV
955 3618 968 3637 ,
1008 3575 1477 3632 Commentariqu
1521 3582 1573 3634 in
1606 3582 1757 3637 Thu-

183 3664 468 3731 cydidem,
508 3664 820 3717 Acusilaum
860 3676 913 3717 et
948 3666 1107 3719 alios.
1144 3669 1275 3721 Item
1318 3672 1455 3724 alias
1487 3674 1753 3740 quasdam

179 3756 575 3808 crtiariationes.
615 3755 840 3823 (Frater
870 3757 987 3824 ejus
1025 3758 1250 3825 Sergius
1279 3761 1439 3824 infra,
1472 3764 1753 3833 Σέργιος.)

271 3847 467 3909 Sacas,
507 3859 657 3912 poma
694 3848 933 3917 tragicus
970 3865 983 3912 ;
1016 3859 1070 3901 et
1102 3852 1275 3913 Saczc,
1301 3868 1433 3922 gens
1466 3854 1751 3908 'l‘hracica.

176 3936 525 3995 Ammonius,
556 3938 912 4006 philosOphus
937 3942 1361 4005 Alexandrinus,
1392 3956 1754 4010 reguomcnto

177 4031 365 4093 Sacas,
399 4045 465 4083 ex
500 4028 809 4083 Christiano
843 4031 1019 4089 factus
1047 4045 1128 4086 est
1159 4036 1397 4104 gentilis,
1434 4046 1491 4090 ut
1520 4038 1595 4090 ait
1624 4038 1754 4090 Por-

175 4123 424 4191 phyritts.

245 4213 544 4277 Salustius,
596 4214 863 4280 sophista,
928 4216 1148 4283 scripsit
1194 4218 1650 4272 commentarium
1697 4220 1749 4273 in

173 4309 613 4369 Demosthenem,
646 4307 975 4362 llerodotum
1008 4320 1059 4362 et
1092 4312 1217 4364 alia.

242 4400 541 4459 Salustius,
572 4401 892 4468 Mopseates,
930 4402 1193 4466 medicus,
1255 4404 1478 4473 scripsn
1525 4410 1591 4460 de
1629 4422 1748 4459 me-

171 4490 379 4549 dicina.
416 4490 518 4542 sub
551 4489 790 4551 Tiberio,
832 4492 962 4558 imp.

242 4580 519 4635 Salustius
540 4622 553 4644 ,
587 4580 860 4646 Basilidis,
899 4584 1018 4651 Syri
1050 4592 1103 4635 et
1135 4582 1403 4649 TIICOCIIB,
1442 4584 1739 4651 Emesenm,

170 4670 227 4723 F.
252 4674 483 4725 Athenis
509 4673 887 4726 Alexandriam
908 4689 1029 4727 cum
1057 4676 1265 4730 Isidoro
1291 4679 1451 4730 venit.
1484 4678 1746 4747 Eloquen-

171 4765 253 4816 tia.
296 4764 588 4833 praeceptis
637 4765 705 4817 ab
748 4764 979 4830 Eunoio,
1036 4768 1301 4836 sophista,
1358 4768 1564 4823 Emesa).
1614 4781 1745 4825 tunc

169 4864 442 4914 versante.
474 4856 739 4919 eruditus,
778 4858 1024 4928 publicas
1059 4858 1437 4914 Demosthenis
1468 4866 1741 4917 orationes

167 4965 358 5003 omnes
396 4949 636 5013 edidicit,
671 4960 723 5002 et
753 4951 1031 5004 orationes
1065 4951 1283 5018 scripsit
1314 4970 1420 5007 non
1454 4954 1740 5009 inferiores

168 5041 288 5093 illis.
322 5040 583 5094 Nostrum
610 5057 827 5109 quoque
850 5044 1019 5095 civem
1047 5046 1338 5113 (llamascii
1373 5049 1533 5098 verba
1563 5047 1735 5113 sunt),

169 5131 517 5197 Marcellum,
580 5132 773 5187 Eunoii
826 5136 1064 5187 sodalem
1116 5146 1239 5191 octo
1278 5138 1443 5190 libros
1490 5139 1738 5191 Historiae

166 5219 503 5292 Thucydidis
546 5224 838 5277 edidicisse
879 5223 1078 5287 aiebat,
1134 5227 1267 5278 nihil
1324 5237 1503 5281 tatncn
1550 5230 1734 5281 auditu

163 5313 385 5380 dignum
417 5314 597 5366 dicere
622 5317 879 5382 potuisse.
911 5315 1162 5369 Nomium
1188 5320 1349 5371 etiam
1379 5320 1531 5373 aiunt
1561 5320 1737 5374 sexies

163 5411 335 5457 totum
391 5404 805 5460 DemOsthenem
851 5408 1157 5469 edidicisse.
1202 5412 1294 5463 sed
1334 5419 1513 5464 tamen
1571 5427 1635 5465 ne
1676 5428 1738 5466 os

152 5496 382 5561 quidem
436 5496 648 5563 aperire
701 5498 959 5563 potuisse,
1021 5509 1078 5552 ut
1138 5501 1372 5569 aliquam
1432 5503 1734 5558 orationem

230 5652 535 5731 (Iﬁanuod
566 5658 747 5731 ontttia
782 5668 1028 5731 poemata
1064 5660 1171 5711 sint
1202 5660 1474 5731 ἔμμετρα,
1510 5665 1732 5727 Kustcr,

163 5726 292 5773 tom.
328 5723 419 5785 III,
457 5739 572 5792 pag.
607 5725 735 5791 239,
771 5729 1093 5781 alterutrum
1134 5723 1468 5787 vorbi-mlum
1491 5750 1612 5786 esse
1644 5723 1732 5784 ςιιξ

163 5803 553 5865 pervacatieum
604 5798 898 5851 esiszimat.
948 5798 1091 5865 Toup
1137 5816 1262 5852 vero
1307 5804 1357 5855 iu
1400 5805 1730 5855 emendatio-

167 5859 321 5915 nibus
359 5864 413 5917 in
449 5864 690 5930 Suidam,
726 5869 828 5922 vol.
867 5868 928 5934 ll,
965 5859 1084 5941 pag'.
1119 5870 1236 5936 155,
1283 5874 1475 5928 melius
1504 5872 1725 5945 corrigit

1905 644 2220 700 hominibus
2249 664 2354 702 non
2385 664 2506 704 esse
2537 650 2695 703 Iacile
2715 692 2728 712 ,
2767 652 2856 704 scd
2894 651 3076 717 potius
3110 652 3442 717 impossibile
3463 691 3479 714 ,

1902 735 2157 791 Heracliti
2180 754 2328 792 more
2345 740 2639 795 insectator
2655 740 2794 810 vulgi
2822 758 2866 794 si
2886 743 3095 795 derisor
3115 741 3314 795 salsus.
3334 742 3478 794 Idem

1901 829 2152 881 virtutem
2182 830 2426 897 quintam
2448 832 2676 885 vocabat
2706 846 2889 885 veram
2911 833 3223 898 Opinionem
3254 833 3321 887 de
3348 832 3476 896 diis,

1898 937 2019 989 qum
2056 922 2325 975 interdum
2363 924 2539 977 inesse
2570 925 2786 978 videtur
2818 925 2979 977 etiam
3015 927 3462 992 improbissimis.

1898 1013 2393 1082 Philosophabatur
2432 1017 2623 1085 cynico
2665 1032 2839 1076 more.
2869 1026 2976 1070 etc.

1966 1101 2260 1167 Salustius,
2300 1088 2596 1173 Ipraelcctus
2638 1106 2887 1174 praetorio
2925 1105 3030 1161 sub
3071 1103 3313 1170 Juliano,
3365 1115 3470 1162 etc.

1967 1216 2185 1286 Σαμίων
2225 1218 2397 1287 δῆμος
2431 1220 2902 1289 πολυγράμματος
2940 1222 3121 1275 dictus
3150 1222 3219 1275 ab
3254 1220 3469 1275 Aristo-

1894 1307 2072 1376 phane
2104 1309 2155 1362 in
2190 1309 2521 1381 Babylmtiis,
2549 1313 2653 1375 vel,
2682 1312 2827 1381 quod
2859 1312 3052 1375 Samii,
3078 1330 3105 1366 a
3138 1316 3383 1384 tyrannis
3403 1314 3471 1369 ad

1893 1399 2089 1453 incitas
2124 1402 2348 1466 redacti,
2389 1405 2459 1457 ob
2493 1404 2696 1457 civium
2738 1408 3025 1474 penuriam
3060 1406 3233 1459 servis
3261 1406 3352 1474 jus
3386 1407 3470 1461 ci-

1891 1490 2073 1544 vitatis
2103 1493 2497 1561 ascripscrunt,
2530 1506 2587 1549 ut
2610 1496 2929 1551 Aristoteles
2987 1498 3153 1551 tradit
3178 1498 3230 1551 in
3259 1499 3472 1552 Samio-

1891 1596 2011 1635 rum
2064 1597 2199 1649 rt-p.,
2231 1583 2335 1645 vel,
2391 1583 2535 1650 quod
2591 1586 2732 1651 apud
2780 1587 2996 1640 Samios
3037 1587 3227 1651 XXIV,
3278 1589 3470 1643 littcrte

1886 1672 2121 1739 primum
2156 1674 2385 1727 illVl'IHIB
2416 1691 2443 1727 a
2474 1676 2790 1737 Calistrato.
2826 1687 2882 1730 ut
2911 1681 3131 1733 Andron
3165 1683 3217 1733 in
3254 1682 3468 1749 tripode

1884 1765 1977 1816 ait.
2024 1766 2297 1820 Archiuus
2350 1784 2478 1819 vero
2533 1770 2775 1824 Athenaei
2828 1771 2889 1824 F.
2936 1773 3201 1833 archonte
3243 1775 3466 1829 Euclide

1891 1854 2325 1910 Atheniensibus
2362 1861 2654 1928 persuasit,
2696 1870 2753 1914 ιιι
2781 1863 2973 1915 lonum
3014 1864 3209 1919 litteris
3242 1872 3467 1921 uteren-

1824 1928 1863 1981 Β
1896 1958 2000 2000 tur.
2037 1950 2425 2019 Aristophanes
2455 1963 2635 2007 autem
2664 1958 2986 2011 comoediam
3020 1958 3342 2029 Babylonios
3365 1963 3467 2015 do-

1885 2040 1992 2091 cuit
2030 2056 2123 2107 per
2153 2042 2527 2098 Callistratum
2553 2048 2713 2102 annis
2744 2048 2884 2117 (XX)
2913 2060 3038 2104 ante
3065 2052 3341 2109 Euclidem
3358 2055 3462 2111 sub

1883 2132 2167 2196 archonte,
2222 2133 2409 2191 Eucle.
2472 2140 2547 2193 De
2597 2157 2663 2194 eo
2717 2154 2925 2207 autem,
2984 2148 3077 2214 qui
3128 2164 3239 2201 rem
3293 2150 3456 2204 istam

1882 2220 2306 2279 Atheniensibus
2341 2230 2650 2295 persuasit,
2687 2235 2879 2287 scribit
2905 2234 3315 2307 Theopompus.
3353 2240 3462 2296 Alii

1880 2326 2098 2368 causam
2154 2330 2432 2384 asserunt,
2494 2325 2638 2390 quod
2690 2326 3051 2384 Athenienses
3108 2331 3344 2394 Samios.
3402 2336 3457 2390 in

1885 2404 2023 2455 bello
2049 2419 2257 2474 captos,
2294 2413 2548 2479 stigmate
2574 2426 2786 2470 noctuae
2823 2430 3095 2486 notarent,
3132 2424 3301 2478 Samii
3330 2442 3459 2481 vero

1878 2497 2235 2553 Atlmuicnscs
2269 2517 2501 2558 samaeua
2530 2548 2543 2571 ,
2578 2510 2720 2575 quod
2762 2520 2845 2565 est
2879 2515 3155 2584 navigium
3190 2517 3394 2573 bireme
3424 2535 3455 2573 a

1876 2588 2177 2659 Polycrate,
2213 2594 2520 2651 Samiorum
2555 2611 2806 2670 tyranno,
2838 2606 3071 2668 primum
3107 2609 3455 2679 fabricatum,

1876 2695 1927 2736 ut
1967 2687 2042 2738 ait
2071 2684 2429 2756 Lysimachus
2460 2692 2596 2747 libro
2623 2700 2869 2752 sci-nudo
2894 2699 3210 2764 Nostorum,
3243 2705 3356 2760 sive
3376 2705 3454 2762 De

1880 2776 2073 2830 reditu.
3006 2800 3009 2803 ·

1946 2887 2392 2947 Sanclioniathon
2417 2937 2430 2958 ,
2470 2894 2672 2965 Tyrius
2696 2940 2711 2962 ,
2757 2900 3153 2971 philosophus,
3190 2909 3283 2975 qui
3322 2909 3446 2963 belli

1871 2975 2090 3045 Trojani
2125 2990 2366 3051 tempore
2401 2986 2532 3039 vixit
2564 2989 2892 3060 scripsitque
2920 2993 2996 3047 De
3026 2994 3290 3051 Hermett's
3316 2998 3456 3070 Pity-

1869 3072 2088 3140 siologia
2112 3115 2124 3136 ,
2163 3091 2283 3141 qua:
2328 3078 2413 3146 (in
2454 3080 2694 3148 linguam
2728 3082 3006 3155 Graecam)
3038 3091 3299 3143 translata
3329 3103 3446 3158 est;

1869 3164 2099 3231 Anti/ua
2168 3166 2447 3237 Tyriorum
2502 3173 2747 3227 instituta
2805 3177 2985 3248 lingua
3041 3180 3361 3237 Phoenicum
3431 3204 3446 3239 :

1793 3290 1833 3343 ο
1874 3256 2205 3327 Tlu'ologiam
2238 3260 2632 3331 .Egyptiacam,
2670 3278 2723 3321 et
2751 3270 2876 3331 alia,

1938 3348 2179 3414 Saudon,
2210 3350 2467 3407 Hellanici
2490 3356 2575 3421 ἢ,
2606 3358 2985 3429 philosophus.
3016 3363 3247 3435 Scripsit
3269 3369 3447 3440 Argu-

1866 3452 2041 3494 menta
2073 3445 2125 3495 in
2166 3444 2451 3514 Orpheum,
2491 3449 2688 3504 librum
2726 3470 2919 3512 unum.

1936 3532 2259 3603 Sannyrion,
2292 3540 2661 3605 Atheniensis,
2691 3545 2955 3603 comicus.
2987 3551 3117 3618 Ejus
3146 3552 3389 3610 dramata
3427 3575 3440 3610 :

1863 3624 2071 3688 ι’ἐλως,
2124 3629 2347 3699 Δανάη,
2405 3634 2516 3698 Ἰώ,
2563 3636 2877 3707 ψυχασταί,
2927 3652 2985 3697 ιιι
3038 3646 3334 3704 Athenaeus
3386 3649 3440 3705 in

1863 3716 2323 3789 Dipnosophistis.

1935 3828 2168 3900 Sappho,
2194 3837 2432 3894 Simonis
2461 3842 2588 3905 tilia,
2620 3846 2701 3899 vel
2734 3847 3022 3903 Eunomini
3054 3851 3151 3918 (al.
3186 3852 3442 3927 Eumeni)

1861 3925 1941 3978 vel
1978 3926 2200 3997 Eirigyi,
2234 3931 2313 3983 vel
2349 3931 2552 4003 Ecryti,
2590 3937 2671 3989 vel
2715 3936 2886 4003 Semi,
2924 3942 3005 3997 vel
3038 3942 3319 4011 Camonis,
3356 3925 3438 4001 vel

1862 4016 2103 4085 Etarchi,
2165 4022 2245 4074 vel
2287 4024 2524 4093 denique
2571 4026 3088 4104 Scamandronymi,
3140 4039 3334 4107 patris,
3384 4050 3439 4094 et

1855 4108 2057 4175 Clides,
2113 4116 2321 4169 matris.
2372 4115 2588 4184 Lesbia,
2644 4120 2813 4177 Ereso
2855 4128 3087 4182 oriunda
3134 4139 3189 4182 et
3239 4131 3431 4201 lyrica.

1858 4199 2343 4273 VixitUlympiade
2381 4207 2541 4271 XLII,
2581 4227 2691 4280 quo
2730 4224 2972 4283 tempore
3009 4199 3310 4275 ﬂoruerunt
3338 4224 3433 4276 Al-

1856 4309 2020 4359 c:cus,
2056 4295 2399 4353 Stesichorus
2428 4299 2692 4358 Pittacus.
2726 4305 2946 4362 Fratres
2975 4311 3092 4378 ejus
3123 4311 3428 4383 Larychus,

1855 4387 2156 4454 Charaxus,
2187 4389 2463 4460 Eurigius.
2499 4394 2688 4464 Nupsit
2721 4399 2981 4464 Cercolze,
3015 4405 3287 4457 ditissima
3315 4409 3433 4461 viro

1852 4495 1916 4533 ex
1976 4481 2185 4544 Andro,
2239 4486 2380 4538 unde
2427 4495 2554 4540 nata
2601 4489 2701 4557 ipsi
2748 4490 2849 4544 fuit
2892 4493 3021 4557 ﬁlia,
3056 4495 3186 4549 (llis.
3229 4496 3433 4553 Amica)

1854 4570 2071 4625 fuerunt
2100 4574 2296 4638 Atthis,
2330 4576 2633 4647 Telesippa,
2668 4581 2879 4650 Megara
2914 4603 2927 4638 :
2966 4585 3251 4654 discipula:
3279 4590 3431 4642 Ana-

1848 4678 1975 4732 gora
2012 4665 2242 4732 Milesia,
2278 4667 2518 4740 Congyla
2549 4672 2912 4741 Colophonia,
2952 4679 3156 4731 Euniea
3193 4678 3425 4735 Salami-

1848 4758 1957 4810 nia.
1991 4758 2216 4827 Scripsit
2251 4759 2565 4815 Carminum
2592 4765 2885 4833 lyricorum
2914 4768 3074 4821 libros
3097 4769 3201 4834 IX,
3237 4783 3291 4826 et
3319 4774 3431 4841 pri-

1843 4863 1927 4900 tua
1958 4848 2220 4915 plectrum
2251 4851 2477 4907 invenit.
2516 4855 2744 4924 Scripsit
2770 4866 2822 4911 et
2852 4858 3273 4930 Epigrammata,
3305 4862 3428 4917 Ele-

1840 4939 1975 5007 gias,
2008 4938 2244 5001 lumbos,
2278 4942 2576 4999 Monodias.
2834 4952 2837 4955 ⁷

1911 5031 2153 5100 Sappho,
2179 5035 2392 5100 Lesbia,
2410 5036 2729 5107 Mytilcntea,
2754 5043 2998 5111 psaltria,
3022 5045 3089 5099 de
3109 5061 3214 5115 qua
3238 5062 3423 5117 supra,

1846 5123 1897 5176 in
1932 5123 2137 5178 Phaon.

1913 5234 2213 5303 Sarapion,
2255 5238 2433 5293 Elius
2494 5242 2698 5306 rhetor,
2737 5243 3155 5301 Alexandrinus.
3192 5247 3423 5320 Scripsit

1842 5322 1917 5375 De
1963 5327 2101 5379 vitiis
2159 5329 2646 5398 declamationum;
2691 5335 3068 5403 Ἀκροάσεων,
3134 5339 3248 5392 sive
3305 5339 3419 5391 Au-

1839 5416 2212 5469 scultationum
2234 5418 2393 5471 libros
2428 5419 2557 5482 γιι,
2580 5421 2961 5491 Panegyricum
3000 5427 3053 5476 in
3094 5426 3419 5495 Adrianum,

1841 5508 1967 5575 imp;
2003 5510 2433 5565 Consultationcs
2456 5514 2524 5565 ad
2555 5513 3223 5581 Alexandrirtos;Rectene
3256 5516 3419 5571 Plato

1846 5664 2129 5740 ἐξιμέῖρῳ
2153 5669 2411 5740 οἰήματα.
2446 5670 2549 5727 Sed
2578 5673 2826 5728 criticum
2852 5673 2941 5729 hic
2968 5689 3127 5737 agere
3156 5683 3248 5727 aut
3271 5674 3413 5726 Tou-

1842 5739 1912 5859 pili
1958 5738 2460 5797 animadversiones
2503 5751 2748 5812 repetere
2789 5758 2887 5799 nec
2936 5743 3065 5800 libet
3098 5759 3197 5800 nec
3233 5754 3408 5800 vacat.

1892 5822 2015 5860 λιιι.
