4208 6496
729 400 748 463 1
761 401 863 463 339

1928 390 2168 451 INDEX
2209 389 2696 452 SCRIP‘J‘ORUNI

3843 391 3980 458 1340

731 515 1016 568 "unxerunt
1058 529 1084 565 ε
1114 511 1240 578 Rep.
1275 523 1372 562 sua
1404 505 1680 578 ablegarit,
1715 515 1766 561 et
1798 507 1904 561 alia
1941 507 2131 562 multa.
2165 505 2294 560 ltcm
2327 515 2370 566 Α
2402 507 2504 562 bus
2533 507 2768 577 inopiam
2799 523 2952 562 suam
3003 517 3160 577 atque
3191 509 3516 564 immensam
3565 509 3736 564 animi
3769 513 3984 580 cupidi-

729 608 912 659 Artem
943 603 1255 656 oratoriam.

801 695 1064 763 Sarapion
1091 693 1263 746 solum
1289 693 1400 746 fere
1423 691 1700 760 Orpheum
1725 691 1960 746 habebat
1979 700 2030 746 et
2047 692 2256 762 legebat
2285 711 2300 747 :

733 787 960 841 subinde
1005 786 1270 842 lsidorum
1325 785 1390 838 de
1436 785 1835 852 qumstionihus
1883 785 2303 840 occurrentibus

732 881 1094 947 interrogans.
1113 877 1288 931 virum
1317 891 1530 931 summa
1551 876 2072 946 theoIOgiIescientia
2097 877 2304 930 instru-

733 977 902 1034 ctum,
935 983 1096 1038 quem
1123 969 1298 1022 solum
1347 965 1672 1022 familiarem
1712 975 1938 1020 noratet
1961 967 2302 1032 admittebat,

733 1077 834 1115 nec
889 1062 1054 1114 ullum
1099 1063 1262 1115 alium
1319 1077 1544 1116 suarum
1568 1061 1910 1124 facultatum,
1943 1061 2176 1113 duorum
2210 1072 2302 1115 aut

735 1156 899 1206 trium
935 1154 1219 1216 librorum,
1245 1153 1384 1207 inter
1419 1169 1557 1222 quos
1595 1163 1711 1205 erat
1747 1150 1943 1220 Orphei
1983 1152 2188 1220 poesis,
2225 1151 2308 1206 di-

735 1261 898 1314 gnum
928 1243 1237 1312 judicabat,
1273 1255 1470 1313 putans
1497 1259 1554 1298 se
1587 1245 1640 1296 in
1677 1243 1769 1296 illo
1800 1244 2110 1311 pet-perisse
2145 1243 2308 1296 vitam

734 1337 878 1388 illam
901 1333 1237 1400 Saturniam,
1263 1333 1762 1402 poetarumfabulis
1793 1333 2142 1387 celebratam.
2173 1333 2310 1388 Nam

737 1429 825 1480 ille
859 1427 1075 1496 quidem
1105 1439 1393 1494 poetarum
1431 1427 1651 1494 scriptis
1680 1424 1990 1478 celebratus
2018 1423 2226 1478 Chiron
2257 1425 2310 1478 in

739 1519 978 1572 Saturnii
1030 1529 1084 1572 et
1129 1517 1271 1572 Jovii
1321 1519 1468 1586 regni
1525 1517 1764 1572 confinio
1813 1517 1994 1584 potius
2044 1517 2310 1582 constitit,

739 1611 883 1664 unde
927 1611 1178 1666 biformis
1223 1627 1344 1665 esse
1397 1611 1646 1664 traditur.
1695 1610 1898 1664 Eodem
1943 1619 2185 1678 tempore
2230 1611 2314 1662 vir

740 1705 880 1756 alius
903 1701 1230 1756 Alexandria
1263 1702 1430 1766 venit,
1463 1718 1526 1754 ex
1565 1711 1676 1754 tota
1709 1701 1997 1765 diametro,
2027 1701 2108 1753 vel
2143 1701 2314 1768 magis

738 1797 923 1854 ctiam,
978 1794 1026 1846 si
1071 1795 1151 1848 sie
1189 1793 1370 1846 dicere
1410 1791 1491 1846 fas
1538 1799 1642 1856 est,
1683 1806 1846 1858 quam
1889 1807 1952 1844 ex
1977 1789 2244 1843 diametro
2285 1805 2314 1842 a

743 1883 1044 1951 Serapione
1073 1884 1286 1938 distans
1321 1903 1332 1937 :
1365 1899 1488 1936 nam
1525 1883 1610 1936 hic
1641 1883 1862 1950 quidem
1893 1883 2184 1938 Saturnius
2219 1891 2312 1934 aut

742 1975 930 2028 Jovius
959 1977 1078 2041 fuit,
1113 1975 1202 2028 ille
1231 1990 1358 2030 vero
1387 1975 1728 2046 Typhonius,
1759 1983 1812 2028 et
1837 1971 2095 2044 Typhone
2121 1989 2312 2027 versu-

743 2069 848 2120 tior
893 2067 1090 2122 bellua.
1135 2067 1328 2124 Nullus
1363 2071 1508 2122 enim
1551 2083 1764 2134 eorum,
1810 2069 1900 2136 qui
1929 2083 2075 2122 nunc
2105 2067 2312 2132 vivunt,

745 2160 1026 2212 hominum
1059 2161 1291 2230 ignorat,
1321 2177 1434 2231 quo
1465 2161 1652 2214 animo
1685 2173 1738 2214 ct
1763 2175 1872 2229 qua
1905 2159 2123 2214 fortuna
2153 2157 2320 2213 fuerit

747 2253 1132 2321 l’antprepius.

817 2369 1126 2438 Σαράπους.
1182 2369 1396 2424 Διοίιξυε
1443 2367 1710 2423 Pittacum
1749 2367 1962 2422 vocavit
2009 2368 2318 2437 Eapimaa,

749 2461 1087 2530 χειροπόδην,
1111 2461 1371 2530 γαύρικα,
1395 2461 1676 2529 φύσκωνα,
1711 2461 2024 2527 γάστρωνα,
2065 2459 2320 2530 ζοφοδορ-

750 2551 878 2604 7161
903 2561 956 2604 et
1005 2551 1406 2620 ἁγασύραστον.
1445 2551 1542 2616 (Ex
1577 2549 1776 2604 Laertii
1807 2550 1900 2604 lib.
1927 2565 1964 2614 I,
1991 2563 2040 2603 c.
2069 2548 2181 2616 81.)

827 2659 1182 2730 Stiudapsus,
1211 2661 1636 2716 instrumentum
1667 2659 1956 2712 musicum.
1979 2657 2052 2711 De
2083 2655 2324 2721 Zenone,

751 2750 1187 2820 (Iitieo('l'imon)
1221 2767 1234 2802 :
1278 2749 1334 2802 Ὀ
1376 2746 1884 2818 δὲὲῥρειγύργαῦος
1909 2747 2074 2798 αὑτοῦ
2131 2743 2324 2814 μικρὸς

757 2843 852 2895 ἰών
873 2859 886 2872 ·
918 2841 1043 2896 νοῦν
1080 2841 1125 2896 δ’
1156 2837 1300 2912 εἶχεν
1348 2842 1644 2895 uenam
1696 2839 2042 2908 σκικθδαψοίο,
2099 2835 2326 2888 Mentem

755 2933 1000 2996 habebat,
1035 2934 1288 2988 minorem
1315 2933 1617 3000 seindapso,
1653 2940 1759 2984 etc.

827 3047 1028 3116 Σκιφη.
1071 3046 1324 3111 Crantor,
1379 3045 1772 3116 philosophus,
1827 3055 2000 3114 poeta:
2043 3043 2328 3114 cujusdam

757 3150 954 3190 versus
990 3135 1188 3204 σκίφης
1215 3136 1406 3205 plenos
1437 3151 1558 3190 esse
1598 3135 1756 3188 dixit.

831 3226 1145 3296 Σκιρταλος.
1207 3225 1472 3296 Diogenes
1497 3267 1512 3292 ,
1545 3227 1892 3298 Sinopensis,
1922 3225 2034 3296 jam
2084 3241 2272 3288 senex,
2303 3241 2334 3280 a
2363 3203 2404 3258 θ

762 3319 1016 3378 Scirtalo,
1051 3320 1224 3386 pirata
1257 3327 1451 3387 captus
1480 3329 1584 3374 est.

836 3411 1089 3480 Σκληρᾶς
1151 3411 1330 3462 ἀοιδοῦ
1387 3411 1615 3480 δασμόν,
1660 3410 1920 3464 tributum
1976 3409 2122 3464 dura:
2172 3409 2335 3472 vatis,

766 3503 1048 3572 Sphingis,
1081 3501 1184 3558 hoc
1220 3515 1302 3558 est
1333 3502 1546 3558 diliicile
1575 3503 1738 3573 (apud
1771 3503 2094 3572 Sophoclem
2130 3501 2339 3572 Olidipo

766 3595 1041 3663 tyranno).

834 3709 1049 3774 Σκολιά,
1105 3711 1344 3762 carmina
1394 3709 1709 3762 convivalia.
1775 3709 2012 3762 Σκολιῶν
2071 3707 2336 3771 Meliten,

769 3801 1028 3870 Καρικῶν
1059 3799 1408 3870 αὐλημάτων.
1453 3801 1662 3855 Mclilus
1696 3801 1796 3854 iste
1837 3801 1938 3854 fuit
1979 3811 2135 3870 poeta
2179 3797 2344 3868 tragi-

769 3909 887 3958 (υς,
943 3895 1035 3963 qui
1075 3893 1354 3948 Soet-atem
1400 3896 1700 3948 accusavit.
1739 3893 2131 3958 Perstringitur
2180 3907 2210 3944 a
2253 3907 2344 3944 e0-

771 3986 949 4048 micis,
982 3995 1036 4038 ut
1073 3987 1224 4054 poesi
1263 3985 1494 4054 frigidus
1519 3995 1572 4038 ct
1607 3985 1851 4038 moribus
1899 3984 2180 4051 improbus
2209 3996 2345 4052 pra:-

770 4077 937 4130 dilns.
972 4074 1164 4128 Carica
1197 4091 1344 4138 vero,
1379 4078 1624 4129 carmina
1651 4077 1818 4146 lyrica
1855 4077 2127 4144 lugubria.

845 4167 1084 4234 Σκολιόν,
1114 4183 1333 4222 carmen
1365 4183 1662 4236 paucorum
1693 4183 1970 4220 versuum.
1995 4167 2344 4232 'l‘imocreon,

773 4257 1038 4322 lilmtlltls,
1081 4267 1234 4326 poeta
1287 4261 1475 4326 epicus
1508 4259 1658 4324 (l7),
1720 4261 1826 4312 tale
1871 4261 2100 4314 scolium
2159 4269 2346 4314 c0ntt'a

773 4350 992 4403 divitias
1049 4351 1321 4418 scripsit,
1364 4351 1522 4417 qujus
1579 4351 1792 4402 initiutn
1825 4361 1953 4414 est,
2011 4351 2242 4418 Ὀφελες
2303 4345 2346 4404 ὧ

775 4441 938 4507 τυῴὲ
983 4441 1198 4502 πὶοῦτε,
1231 4451 1338 4494 etc.
1395 4441 1438 4495 Ο
1471 4457 1620 4494 σιτία»
1653 4443 1873 4505 dirititv,
1909 4445 2112 4497 utinam
2175 4462 2266 4497 nec
2293 4447 2346 4498 in

777 4541 1080 4594 terra,'nec
1118 4533 1170 4582 in
1222 4532 1374 4592 mari,
1406 4548 1496 4583 nec
1529 4533 1583 4584 in
1629 4533 1924 4586 continente
1958 4551 2186 4602 unquam
2215 4552 2340 4589 visa:

777 4623 1032 4690 fuissetis,
1064 4625 1150 4674 sed
1203 4623 1256 4672 in
1296 4621 1522 4674 Tartaro
1555 4633 1601 4675 et
1641 4624 1932 4678 Acheronte
1981 4627 2295 4680 Iutbitaretis
2328 4628 2348 4678 .’

777 4733 862 4768 eos
897 4718 1032 4768 enim
1086 4716 1318 4766 omnium
1381 4714 1641 4768 malorum
1702 4719 1838 4768 inter
1900 4719 2134 4772 homines
2189 4736 2350 4772 eausa

779 4809 924 4860 estis.
963 4806 1056 4859 llis
1085 4807 1262 4859 simile
1292 4819 1372 4860 est
1403 4807 1682 4860 decretum
1705 4849 1719 4873 ,
1753 4825 1782 4862 a
1825 4808 2029 4864 Pericle
2067 4812 2348 4878 scriptum,

780 4915 885 4966 quo
913 4899 1255 4968 Megarenses
1283 4899 1426 4964 foro,
1457 4903 1616 4966 mari,
1657 4904 1972 4955 continente
2001 4903 2350 4962 arcebantur.

847 4991 1085 5044 Σκολιὸν.
1142 4993 1439 5059 Tyrannion
1493 4994 1715 5057 SCripsit
1768 4993 2238 5046 Connucntarium
2287 4995 2352 5046 de

781 5091 942 5132 metro
986 5083 1192 5150 obliquo
1229 5084 1382 5150 (Περὶ
1417 5083 1508 5134 τοῦ
1558 5083 1770 5136 σκολιοῦ
1809 5085 2070 5154 μέτρου),
2121 5085 2264 5152 quod
2302 5085 2348 5138 ei

781 5172 1120 5240 propositum
1156 5173 1254 5226 fuit
1293 5190 1321 5226 a
1357 5173 1416 5227 C.
1451 5175 1683 5228 Ctesare.

855 5261 1080 5328 Scopas,
1113 5261 1418 5317 Aitolorum
1447 5277 1664 5334 praeter,
1696 5265 1990 5322 frustratus
2024 5267 2350 5334 principatu,

785 5351 942 5415 cujus
977 5355 1213 5406 maxime
1253 5369 1420 5408 causa
1471 5357 1614 5424 leges
1645 5357 1886 5410 scribere
1937 5373 2102 5411 ausus
2157 5355 2352 5421 fuerat,

783 5437 1166 5494 Alexandiiam
1201 5443 1503 5510 cogitabat,
1541 5455 1688 5500 ratus
1721 5461 1840 5500 sese
1869 5447 2013 5501 illius
2049 5449 2200 5502 urbis
2234 5451 2354 5517 opi-

867 5645 977 5710 (Π)
1009 5643 1176 5710 Infra,
1200 5648 1336 5714 apud
1365 5648 1583 5704 Suidam
1617 5653 1836 5715 rectius,
1869 5653 2105 5706 metiens.

805 5715 1086 5852 Ριιξσιεὲῦιέο
1114 5717 1478 5840 {ﬁilleetione
1513 5737 1562 5775 v.
1607 5720 1843 5786 liusteri,
1885 5733 1996 5778 net.
2027 5724 2080 5788 7,
2119 5731 2250 5779 tom.
2273 5723 2362 5790 lll,

2406 607 2570 652 tatem
2603 597 2760 652 facile
2801 601 3165 666 expleturum.
3205 597 3310 652 Sed
3347 609 3466 654 erat
3497 600 3846 662 insatiabilis,
3875 611 3984 654 etc.

2479 689 2854 758 Scopelianus,
2895 691 3324 756 Clazomenius,
3377 691 3653 760 sophista,
3725 692 3820 759 qui
3884 691 3988 744 sub

2405 784 2582 837 Nerva
2615 783 2746 836 vixit
2773 791 2824 836 et
2849 782 3096 854 Smyrna!
3127 783 3496 852 eloquentiam
3529 783 3736 846 docuit,
3767 783 3992 834 auditor

2407 873 2629 936 Nicetae,
2660 874 2885 941 aequalis
2937 873 3233 942 Apollonii,
3291 871 3642 942 Tyanensis,
3701 873 3768 926 ad
3823 888 3992 940 quem

2409 967 2570 1019 etiam
2601 965 2863 1032 epistolas
2895 965 3216 1034 Apollonius
3257 967 3500 1033 scripsit.

2480 1055 2711 1124 Σκύθης,
2743 1055 3073 1108 Anacharsis
3105 1054 3204 1108 fuit
3229 1053 3458 1124 Scytha,
3487 1053 3576 1108 sed
3609 1065 3784 1108 matre
3803 1053 3998 1108 Graeca

2411 1153 2596 1208 natus,
2627 1154 2682 1198 et
2735 1144 2854 1198 ideo
2907 1146 3204 1212 δίγλωττος
3237 1147 3470 1199 duarum
3516 1146 3726 1214 petitus
3781 1147 4006 1215 lingua-

2413 1253 2556 1300 rum,
2595 1237 2686 1305 qui
2721 1237 2942 1304 Scythis
2980 1238 3122 1306 leges
3159 1237 3308 1290 tulit.

2486 1327 2704 1397 Scylax,
2739 1326 3147 1392 Cariandensis,
3205 1344 3268 1382 cx
3303 1327 3596 1392 Carianda,
3639 1327 3819 1381 Caria:
3871 1329 4004 1381 civi-

2415 1425 2542 1482 tate,
2578 1434 2742 1487 prope
2779 1417 3244 1480 l-lalicarnassum,
3279 1419 3698 1472 mathematicus
3727 1429 3778 1470 et
3821 1419 4004 1470 musi-

2414 1525 2532 1564 cus.
2589 1509 2820 1578 Scripsit
2880 1511 3146 1578 periplum
3203 1511 3450 1564 locorum
3494 1521 3648 1564 extra
3707 1511 4008 1564 columnas

2417 1601 2696 1666 llerculis';
2733 1600 2800 1654 de
2841 1599 3143 1662 Heraclide,
3201 1600 3560 1669 ily-lassorum
3607 1616 3773 1669 rege;
3841 1611 4010 1654 terra

2415 1692 2740 1762 periodum;
2797 1694 3130 1760 ’Att-{patpﬁv
3193 1693 3456 1746 adversus
3535 1691 3744 1760 Polybii
3813 1690 4012 1746 [listo-

2421 1785 2581 1836 riam.

2353 1845 2392 1897 B
2497 1875 2732 1946 Scytale,
2767 1877 2993 1944 epistola
3028 1875 3318 1930 Laconica.
3369 1875 3534 1944 Ligna
3561 1886 3712 1929 erant
3749 1877 3864 1928 duo
3905 1891 4010 1944 po—

2421 1969 2514 2024 lita
2539 1978 2592 2022 et
2626 1968 2878 2038 oblonga,
2927 1983 3158 2038 quorum
3195 1967 3422 2022 alterum
3463 1965 4008 2020 Lacedmmoniorum

2423 2063 2614 2132 ephori
2648 2063 2984 2128 retinebant;
3055 2063 3282 2114 alterum
3345 2062 3628 2115 tradebant
3657 2061 3806 2124 duci,
3839 2077 4012 2130 quem

2425 2155 2493 2209 ab
2528 2155 2724 2209 bellum
2766 2155 3121 2220 emittebant,
3157 2164 3210 2208 et
3245 2157 3460 2222 quoties
3503 2155 3550 2208 ei
3601 2153 3808 2223 aliquid
3847 2170 4010 2208 mau-

2427 2245 2558 2300 darc
2589 2245 2859 2308 volebant,
2891 2245 3014 2298 albo
3057 2245 3174 2298 ioro
3205 2247 3410 2314 lignum
3445 2245 3804 2298 invehebant
3853 2255 3908 2298 et
3957 2249 4010 2298 in

2429 2353 2493 2391 eo
2527 2339 2840 2390 mandatum
2881 2336 3213 2398 sc:ibebant,
3247 2336 3440 2390 deinde
3465 2337 3642 2390 lorum
3673 2338 4014 2405 replicantes

2433 2430 2482 2482 id
2511 2429 2790 2481 tabellario
2835 2429 3118 2481 tradebant
3177 2429 3592 2496 asportandum.
3661 2426 4016 2480 Dioscorides

2431 2523 2486 2573 ἐν
2517 2522 2626 2582 τοῖς
2659 2521 2789 2588 Περὶ
2829 2521 3093 2588 νομίμων,
3129 2520 3182 2572 in
3214 2535 3381 2587 opere
3417 2520 3490 2572 De
3519 2521 3748 2572 moribus
3771 2533 3818 2572 et
3857 2522 4016 2572 iusti-

2435 2615 2560 2666 tntis
2607 2614 2792 2674 refert,
2837 2610 3175 2665 feneratores
3209 2611 3454 2666 dividere
3487 2613 3750 2681 scytalam
3795 2613 4020 2666 duobus

2436 2705 2665 2760 testibus
2719 2703 3124 2772 praesentibus,
3167 2711 3222 2756 et
3271 2704 3324 2756 in
3387 2713 3617 2770 utraque
3673 2704 3797 2772 ejus
3863 2716 4020 2772 parte

2437 2807 2776 2851 contractum
2831 2795 3110 2856 scribere,
3177 2804 3228 2846 et
3277 2795 3500 2847 alteram
3531 2795 3748 2861 quidem
3805 2795 3906 2850 uni.
3953 2809 4023 2848 ex

2439 2889 2671 2942 testibus
2731 2887 2881 2950 dare,
2935 2889 3159 2940 alteram
3209 2888 3310 2940 sibi
3367 2903 3668 2941 l‘eServare.
3711 2887 4022 2942 Utebantur

2439 2979 2640 3047 scytala
2674 2987 2727 3030 et
2757 2977 2862 3030 alio
2899 2978 3080 3044 modo,
3115 2987 3172 3031 ut
3206 2979 3526 3032 Aristotcles
3561 2979 3612 3032 in
3645 2977 4022 3034 ltbacensiutn

2443 3087 2556 3138 rep.
2595 3069 2803 3123 scribit.

2515 3159 2818 3224 Secundus,
2881 3161 3248 3222 Atheniensis,
3305 3161 3548 3228 sophista
3622 3163 3750 3230 (non
3811 3163 3878 3214 isi
3929 3164 4026 3230 qui

2441 3263 2660 3306 vocatus
2722 3263 2806 3307 est
2859 3253 3088 3308 Plinius.
3149 3253 3386 3321 Epiurus
3451 3254 3562 3320 (i8)
3635 3256 3748 3308 sive
3823 3255 4026 3308 Ciarus

2439 3345 2636 3413 ligneus
2671 3346 2992 3400 vocabatur.
3037 3355 3090 3398 ut
3123 3344 3258 3398 fabri
3309 3347 3472 3404 filius,
3509 3345 3714 3413 fuitque
3765 3347 4026 3406 llcrodis,

2446 3437 2728 3506 sapitistm,
2777 3439 3052 3506 magister.
3109 3435 3340 3507 Scripsit
3383 3437 3802 3490 verminationes
3839 3451 4020 3491 orato-

2442 3532 2578 3584 rias.

2517 3623 2798 3688 Seleucus,
2837 3621 3258 3686 Alesamlrinus,
3293 3621 3704 3689 grammaticus,
3743 3623 4028 3688 cognomi-

2444 3725 2606 3770 natus
2647 3713 2990 3776 "Ulllcl‘ltUS,
3029 3715 3120 3782 qui
3151 3713 3338 3768 Roma:
3385 3712 3757 3781 eloquentiam
3813 3711 4030 3766 docuit.

2447 3806 2680 3874 Scripsit
2735 3805 3174 3859 Commentarios
3229 3807 3280 3858 in
3318 3815 3490 3857 totout
3555 3818 3688 3872 pene
3765 3817 4030 3870 poetam;

2447 3897 2520 3950 De
2558 3914 2964 3966 synonymorunt
2993 3897 3314 3963 (li/ferentia,
3369 3895 3440 3948 De
3486 3899 3552 3946 iis
3593 3911 3708 3962 qua:
3735 3895 3880 3962 [uiso
3921 3911 4034 3946 cre-

2445 3989 2643 4040 duntur
2668 4029 2681 4050 ,
2717 3990 2786 4042 De
2819 3989 3104 4056 proverbiis
3151 3989 3290 4056 apud
3327 3987 3714 4038 Alexandrinos
3767 3989 3990 4038 usitafis
4017 4027 4032 4046 ,

2451 4079 2523 4132 De
2556 4083 2656 4132 diis
2703 4081 2865 4132 .ibros
2916 4091 3162 4142 rentum,
3215 4081 3338 4132 item
3389 4081 3490 4130 alia
3541 4079 3862 4145 Σὲμμικττι,
3919 4081 4038 4132 sine

2451 4167 2792 4221 Miscelluneo
2821 4169 3008 4239 [etiam
3037 4167 3256 4222 Glossas
3301 4169 3540 4236 aliaque,
3577 4171 3639 4221 de
3683 4168 3890 4236 quibus
3923 4171 4036 4222 vid.

2449 4258 2684 4320 Kusteri,
2713 4269 2826 4313 not.
2858 4259 2908 4324 ti,
2947 4271 3078 4312 tom.
3125 4259 3206 4324 ΙΙΙ,
3243 4275 3362 4326 pag.
3401 4259 3550 4330 297.]

2522 4349 2822 4414 Seleucus,
2897 4351 3236 4412 Emesenus,
3295 4353 3734 4418 grammaticus,
3815 4353 4042 4418 seripsit

2461 4441 2858 4494 ’Λσπαλευτικὰ
2887 4439 3202 4500 Piscator-ia,
3235 4441 3462 4493 rersibus
3493 4443 3818 4494 hexametris
3873 4443 4041 4494 libros

2377 4532 2417 4586 D
2451 4530 2526 4582 IV
2557 4533 2702 4601 (l9);
2731 4533 2792 4586 In
2840 4531 3054 4601 Lyricos
3111 4532 3558 4586 Commentarium
3582 4571 3594 4592 ,
3659 4531 4046 4584 Parthicarum

2453 4623 2613 4676 libros
2659 4621 2743 4676 Η.
2788 4623 2970 4676 Inveni
3013 4633 3064 4677 et
3113 4626 3278 4676 alium
3317 4624 3606 4676 Seleucum
3639 4623 3722 4676 his
3771 4625 4040 4686 additum,

2455 4718 2548 4772 sed
2582 4719 2672 4782 qui
2707 4717 2888 4770 nullos
2922 4718 3214 4784 scripserat
3244 4717 3436 4769 libros.

2529 4809 2724 4864 Sellius
2769 4811 2882 4862 sive
2917 4811 3124 4869 Sillius,
3171 4811 3262 4876 qui
3299 4820 3350 4860 et
3391 4807 3662 4862 Homerus
3707 4809 3896 4862 dictus
3937 4821 4042 4868 est,

2457 4905 2847 4972 grauunaticus
2873 4913 2996 4956 ante
3029 4901 3410 4955 Menandrum.
3448 4901 3642 4971 (Supra
3667 4903 3720 4954 in
3757 4900 4044 4964 lltiltaCt'u.j

2536 4993 2750 5050 SL‘IIIIIS.
2791 4995 2972 5052 Eleus,
3005 4995 3394 5060 grammaticus
3427 5035 3440 5056 ,
3484 4995 3700 5058 Scripsit
3731 4990 4050 5046 Eliacornm

2459 5085 2618 5136 libros
2679 5083 2826 5142 VIII.
2871 5085 3121 5136 Ptrriodos
3149 5085 3296 5138 libris
3331 5083 3412 5144 ll,
3453 5083 3528 5134 De
3575 5083 3718 5135 Paw
3757 5085 3958 5134 librum
3995 5081 4048 5148 Ι,

2465 5172 2535 5224 De
2566 5171 2822 5240 Pergamo
2864 5175 3056 5224 librum
3087 5171 3136 5231 1,
3169 5175 3230 5225 de
3279 5171 3579 5234 Paeonibus,
3633 5173 3684 5223 in
3726 5187 3838 5240 quo
3887 5187 4052 5239 Opere

2461 5278 2658 5332 genera
2721 5266 3058 5318 musicorum
3119 5275 3384 5328 recenset,
3451 5264 3852 5322 RIUI‘lt‘illJaliiS.
3902 5265 4052 5332 Μιξ-

2463 5357 2692 5425 ιιέιίιμυδ,
2725 5357 3132 5424 phallophoros,
3165 5367 3268 5412 etc.
3309 5359 3508 5426 (Supra
3557 5357 3608 5408 in
3661 5354 4048 5424 Pballq-bui,

2467 5448 2556 5500 ubi
2590 5447 2926 5501 antocabdali
2961 5450 3172 5516 legiur,
3208 5465 3312 5503 non
3346 5449 3694 5514 autumi-eli.)

2538 5653 2650 5720 (l9)
2688 5653 2773 5712 At,
2813 5661 3035 5706 notante
3067 5650 3296 5705 Hostem
3333 5651 3366 5703 l.
3401 5667 3450 5704 c.
3497 5651 3544 5704 id
3575 5667 3712 5720 opus
3755 5653 4056 5707 Athenius

2469 5723 2657 5778 tribuit
2691 5723 2913 5778 Seleuco
2953 5721 3226 5776 Ta-snsi.
3267 5721 3413 5774 “AN.
