4208 6496
176 435 306 498 1341

1408 436 1504 494 DE
1544 437 1831 507 QUIBUS
1870 442 2171 503 SUIDAS.

3283 441 3423 506 1382

232 549 475 601 Serenus
505 542 703 605 Αῖιῑυε,
731 540 1099 603 Atheniensis,
1146 541 1561 607 grammaticus,
1606 544 1741 596 sori—
1772 553 1813 605 Α
1845 550 2084 607 sustulit.
2114 560 2167 604 et
2207 549 2259 602 in
2294 549 2589 603 Alexandri
2626 558 2982 604 monumento
3012 550 3305 613 conclusit,
3360 564 3419 610 nt

172 643 277 712 psit
314 638 591 708 Epitomen
645 636 816 702 operis
876 633 1115 686 Philonis
1172 632 1247 685 De
1278 632 1495 685 urbibus
1538 642 1586 685 et
1628 635 1744 701 qui-

174 747 295 785 nam
327 732 380 785 in
411 727 632 796 singulis
690 725 824 778 clari
852 725 1073 795 fuerint,
1114 723 1279 777 libros
1317 721 1419 789 III;
1462 722 1741 786 Epitomen

173 823 674 877 commentariorum
711 816 986 870 Pliiloxeui
1022 818 1074 870 in
1107 815 1416 878 Homerum,
1451 816 1544 869 lib.
1575 815 1618 868 Ι.

242 914 466 982 Sergius
489 910 918 980 Zeugmatensis,
950 909 1245 977 Aphthonii
1279 907 1339 961 F.
1365 924 1393 961 a
1425 907 1742 971 causidicis,

171 1011 262 1076 qui
301 1006 538 1076 praefecti
593 1002 836 1067 fuerunt,
887 1017 1056 1070 genus
1092 1000 1319 1065 ducens,
1367 1001 1655 1069 l,razfectus
1691 1007 1745 1052 et

170 1105 287 1169 ipse
314 1101 572 1171 praetorio
610 1105 664 1150 et
718 1096 1024 1151 consularis
1063 1103 1117 1147 et
1172 1094 1458 1163 patricius.
1510 1091 1745 1161 Scripsit

173 1193 514 1261 Epitaphium
550 1191 603 1243 in
639 1188 938 1257 sophistam
976 1186 1238 1239 Sabinum
1301 1184 1524 1237 fratrem
1560 1198 1742 1246 suum,

171 1288 296 1340 item
351 1284 515 1337 alium
568 1281 767 1336 librum
826 1294 927 1348 pro
991 1277 1283 1332 causidicis
1321 1275 1586 1328 Adversus
1619 1275 1743 1325 Ari-

168 1377 375 1448 stidem.

240 1469 612 1528 Σεσεὶλξσθαι,
648 1467 787 1536 falso
817 1483 870 1519 se
897 1466 1123 1533 jactare,
1171 1462 1377 1515 dictum
1415 1460 1483 1513 ab
1523 1457 1744 1512 AESch

173 1575 259 1619 ne,
286 1558 413 1611 Selli
459 1557 546 1622 F.,
582 1558 675 1627 qui
712 1572 917 1625 pauper
957 1555 1176 1608 divitem
1208 1568 1265 1606 se
1301 1551 1438 1605 falso
1479 1549 1739 1619 jactabat.

172 1648 346 1701 Etiam
370 1649 585 1710 σέλλους
614 1646 870 1717 gloriosos
904 1655 1119 1709 vocant,
1140 1656 1190 1697 et
1210 1643 1433 1712 gloriari
1456 1639 1739 1700 σελλίςειν.

242 1741 592 1803 Severianus,
633 1740 1023 1800 Damascenus,
1067 1752 1209 1789 unus
1240 1752 1304 1789 ex
1360 1734 1605 1803 primarii
1650 1749 1743 1801 ge-

174 1834 319 1887 neris
345 1833 495 1895 viris,
515 1831 766 1886 Auxentii
787 1832 1032 1885 Callinici
1058 1828 1144 1891 F.,
1172 1836 1325 1882 ortus
1355 1842 1417 1880 ex
1454 1825 1737 1888 Romanis,

1848 656 1948 694 nec
1980 641 2123 696 illius
2158 655 2356 711 corpus
2394 642 2686 711 quisquam
2736 642 2966 709 amplius
3006 652 3274 697 cerneret.
3308 659 3411 698 nec

1848 749 1935 789 res
1967 735 2019 788 in
2055 734 2162 788 illis
2190 736 2423 803 scriptas
2452 736 2671 803 legeret.

1915 822 2171 887 Severus,
2213 826 2473 896 Σευῆρος.
2515 826 2612 879 llic
2636 835 2757 895 post
2802 826 3075 881 infelicem
3122 828 3275 882 illum
3314 828 3422 882 Eu-

1847 917 2060 985 tychem
2090 917 2317 982 exstitit,
2371 928 2426 973 et
2477 933 2600 972 cum
2635 919 2939 972 Antiochiae
2970 918 3226 972 thronum
3262 921 3420 974 malis

1846 1009 2054 1062 artibus
2078 1014 2439 1077 occupasset,
2472 1008 2742 1065 Manentis
2775 1018 2829 1064 et
2859 1009 3193 1078 Apollinaris
3221 1022 3277 1064 et
3314 1012 3420 1064 Eu-

1845 1098 2022 1168 tycbis
2068 1099 2318 1153 haeresim
2373 1100 2620 1155 stabilire
2686 1101 3007 1154 conabatur.
3061 1099 3138 1152 Ex
3191 1100 3420 1154 ecclesia

1846 1192 2028 1259 itaque
2066 1193 2255 1261 pulsus
2318 1194 2372 1247 in
2429 1194 2867 1258 Alexandrinos,
2924 1194 3181 1263 populum
3218 1194 3417 1257 levem,

1847 1286 2079 1338 turbinis
2128 1294 2182 1339 et
2241 1285 2489 1353 procella:
2543 1287 2714 1340 instar
2767 1285 2979 1339 incidit.
3032 1286 3169 1339 Cum
3232 1297 3418 1339 autem

1847 1378 1937 1431 hic
1963 1393 2179 1445 quoque
2209 1379 2315 1431 alia
2361 1378 2596 1447 procella
2649 1379 2747 1446 ipsi
2798 1388 2859 1432 et
2887 1378 3089 1445 populo
3125 1387 3415 1439 restasset.

1847 1469 2027 1522 omnia
2076 1469 2325 1523 confudit
2354 1477 2409 1523 et
2447 1469 2805 1537 perturbavit.
2834 1468 3083 1521 Julianus
3114 1468 3259 1521 enim
3293 1468 3422 1535 qui-

1845 1561 1967 1613 dam
1998 1560 2517 1624 Halicarnassensis,
2545 1561 2682 1613 Asiae
2706 1560 3015 1628 episcopus,
3050 1572 3148 1613 eos
3179 1557 3422 1625 dissipa~

1845 1654 1941 1707 vit.
1976 1651 2178 1706 Confer
2207 1668 2388 1721 supra,
2431 1653 2483 1705 in
2519 1650 2763 1704 Juliauo.

1919 1742 2141 1807 Sextus,
2193 1743 2595 1808 Clmronensis,
2643 1740 2919 1795 Plutarchi
2979 1742 3186 1796 sororis
3255 1740 3418 1802 ﬁlius,

1849 1838 2226 1907 pbiIOSopltus.
2261 1839 2351 1906 qui
2390 1837 2493 1889 fuit
2533 1837 2600 1890 M.
2644 1837 2905 1890 Antonini
2938 1836 3169 1890 Caesaris
3206 1847 3421 1904 tempo—

170 1926 263 1993 qui
315 1923 701 1978 Alexandriam
768 1924 1065 1977 incoluere.
1129 1918 1371 1983 Poetica,
1403 1917 1641 1971 oratoria
1689 1928 1742 1970 et

1851 1896 2022 1990 ribus.
2055 1896 2342 1991 llerodoli,
2374 1930 2785 1993 Philadelphmi,
2822 1929 3121 1997 discipulus
3155 1896 3423 1997 sectaequ

169 2017 309 2086 juris
336 2014 512 2068 civilis
559 2013 790 2067 Romani
842 2012 1033 2081 peritia
1087 2011 1411 2074 instructus,
1456 2009 1617 2062 etiam
1684 2010 1738 2062 in

172 2105 514 2177 philosophia
548 2104 941 2159 instituendum
996 2118 1055 2156 se
1084 2101 1278 2155 Proclo
1330 2101 1460 2154 dare
1492 2100 1737 2163 volebat,

174 2198 223 2249 ni
265 2208 437 2265 pater,
464 2196 554 2266 qui
589 2203 877 2265 patronum
918 2207 1209 2247 causarum
1239 2192 1491 2256 malebat,
1529 2192 1578 2244 id
1612 2206 1739 2258 pro-

172 2287 460 2341 hibuisset.
512 2284 614 2339 Sed
663 2296 815 2354 patre
844 2284 1123 2347 defuncto,
1179 2281 1443 2344 Athenas,
1482 2281 1572 2334 ubi
1606 2281 1737 2335 Pro-

173 2380 293 2433 elus
328 2388 465 2445 erat,
518 2375 794 2446 profectus
838 2374 1164 2436 somniavit,
1209 2374 1407 2428 mentis
1441 2372 1738 2436 cacumini,

173 2482 433 2536 tauquam
483 2469 757 2533 vehiculo,
795 2483 854 2522 se
905 2466 1143 2520 insidere
1183 2474 1237 2518 et
1277 2474 1516 2517 montem
1563 2466 1741 2532 ipsmn

173 2563 376 2631 auriga:
407 2562 577 2614 instar
610 2561 835 2625 agitare.
889 2556 1027 2612 Hinc
1080 2557 1191 2610 fato
1238 2566 1293 2610 et
1342 2559 1621 2610 voluntate
1673 2556 1741 2607 ad

172 2669 345 2722 remp.
402 2654 660 2707 accedere
698 2660 750 2705 et
797 2651 1165 2719 magistratum
1199 2665 1386 2719 gerere
1419 2664 1580 2716 quam
1629 2648 1742 2715 phi-

174 2745 482 2814 losophiatn
529 2744 853 2813 beatumque
886 2745 1057 2795 otium
1112 2743 1313 2797 sectari
1359 2744 1564 2795 maluit.
1602 2741 1739 2793 Cum

176 2847 363 2903 postea
402 2836 453 2888 in
483 2836 665 2889 odium
700 2835 982 2889 incidisset
1029 2832 1346 2893 Ardaburii,
1378 2832 1559 2897 magni
1594 2830 1742 2882 illius

172 2930 402 2997 Asparis
435 2927 521 2991 F.,
540 2928 707 2981 multa
738 2928 805 2981 ab
831 2927 923 2979 illo
957 2940 1151 2993 passus
1177 2934 1260 2978 est
1290 2922 1670 2976 sanctissimus
1691 2932 1744 2975 et

173 3034 340 3087 supra
396 3018 616 3073 modum
665 3018 937 3086 religionis
968 3016 1167 3070 Grrecze
1205 3016 1399 3068 cultor.
1437 3015 1743 3067 Isocrateas

174 3114 336 3168 etiam
371 3112 648 3165 orationes
678 3111 1014 3178 c0piosiores
1046 3119 1098 3161 et
1131 3109 1196 3161 de
1232 3122 1346 3175 rep.
1370 3115 1590 3175 agentes
1610 3106 1741 3157 mihi

172 3207 468 3267 enarravit,
528 3219 633 3256 non
672 3203 969 3256 artificioso
1020 3201 1111 3253 illo
1167 3210 1222 3252 et
1276 3200 1597 3267 snphistico,
1646 3199 1737 3251 sed
1767 3232 1811 3292 ρ

172 3296 427 3363 prudenti
488 3305 539 3347 et
589 3294 966 3362 philosophico
1014 3306 1184 3343 more.
1238 3288 1382 3341 Idem
1441 3288 1739 3352 Julianuni,

168 3386 395 3442 fratrem
431 3402 608 3439 meum
638 3385 747 3454 (‘30)
777 3394 905 3437 natu
948 3383 1213 3436 minorem
1258 3383 1339 3436 sic
1385 3380 1452 3434 ad
1482 3383 1744 3449 eloquen-

170 3479 256 3533 tiae
291 3480 533 3532 studium
582 3477 959 3538 inflammavit,
995 3486 1052 3529 ut
1085 3492 1208 3529 eum
1245 3485 1298 3528 et
1340 3484 1526 3544 poetas
1570 3484 1624 3528 et
1658 3491 1744 3529 ee-

170 3569 351 3622 lebres
390 3576 639 3619 oratores
692 3567 937 3620 ediscere
975 3566 1212 3634 juberet.
1248 3565 1312 3617 Et
1347 3566 1481 3619 alios
1521 3566 1739 3634 quidem

167 3670 357 3723 poetas
419 3668 698 3727 utcunque
753 3658 1047 3735 probabat,
1115 3666 1169 3711 at
1232 3656 1631 3710 Callimachum
1687 3659 1740 3710 in

170 3766 367 3806 manus
402 3766 647 3815 sumens,
679 3750 869 3804 Afrum
902 3750 1047 3803 hunc
1077 3759 1286 3818 poetam
1329 3766 1604 3819 nunquam
1635 3766 1741 3802 non

166 3845 378 3897 derisit.
406 3841 545 3907 Quin
574 3843 803 3896 lectione
833 3842 951 3910 ejus
982 3843 1115 3894 adeo
1145 3843 1538 3902 oliendebatur,
1578 3842 1743 3894 inter-

167 3942 294 3992 dum
331 3947 393 3991 ut
439 3940 632 3990 librum
683 3938 803 4004 ejus
826 3948 1171 4004 conspueret.
1228 3936 1364 3991 Huic
1392 3935 1543 3989 Zeno
1608 3938 1737 4004 imp.

168 4033 477 4103 proximam
513 4045 541 4082 a
589 4045 647 4082 se
678 4029 995 4095 dignitatem
1053 4028 1325 4097 pollicitus
1355 4038 1460 4089 est,
1506 4030 1549 4081 si
1578 4028 1741 4081 Chri-

165 4125 382 4176 stianus
418 4121 531 4173 fieri
566 4122 725 4172 vellet
762 4140 774 4173 :
807 4129 859 4172 et
891 4122 1006 4188 ipse
1052 4121 1207 4172 nobis
1240 4121 1545 4188 epistolam,
1585 4121 1742 4187 polli-

166 4214 465 4267 citationes
526 4212 650 4264 illas
688 4212 1079 4271 continentem,
1138 4213 1230 4264 sed
1299 4210 1434 4263 nihil
1492 4211 1635 4279 apud
1686 4226 1743 4264 se

168 4306 549 4373 proficientem
590 4344 604 4368 ,
658 4306 924 4357 recitavit.
973 4305 1267 4357 Arcadium
1322 4305 1507 4362 etiam.
1562 4303 1744 4358 Laris-

166 4413 364 4460 s;eum,
409 4413 506 4465 per
539 4398 824 4465 epistolam
855 4397 1181 4465 objurgavit.
1218 4396 1352 4449 Nam
1388 4396 1737 4464 Severianus,

164 4491 215 4541 in
252 4488 511 4556 epistolis
533 4489 842 4543 scribendis
870 4503 993 4542 acer
1032 4497 1083 4541 et
1111 4493 1367 4542 cordatus
1397 4498 1535 4543 erat.

1848 2021 2163 2091 Pyrrhoniae
2194 2021 2443 2074 addictus
2470 2020 2603 2089 (21).
2637 2020 2732 2073 Hic
2756 2019 2897 2088 apud
2948 2019 3330 2087 imperatorem
3365 2018 3421 2072 in

1850 2124 1998 2167 tanto
2046 2113 2258 2167 honore
2313 2119 2453 2175 erat,
2516 2122 2578 2166 ut
2626 2127 2735 2165 una
2794 2126 2920 2165 cum
2956 2126 3021 2165 eo
3063 2112 3156 2179 jus
3193 2110 3419 2164 diceret.

1850 2203 2079 2274 Scripsit
2139 2204 2349 2267 Ethica,
2405 2205 2647 2271 itemque
2697 2201 2933 2267 Sceptica
2986 2203 3135 2256 libris
3175 2202 3247 2255 Χ.
3294 2200 3437 2256 Posz.

1848 2296 2128 2349 Commodi
2160 2306 2386 2348 mortem
2434 2296 2653 2363 quidam
2688 2309 2748 2347 se
2785 2294 2995 2347 Sixtum
3042 2294 3221 2347 dicere
3252 2306 3423 2345 ausus

1846 2398 1947 2454 est,
1976 2388 2374 2456 facultatesque
2402 2397 2455 2440 et
2482 2386 2799 2455 dignitatem
2827 2385 2945 2452 ejus
2976 2386 3079 2439 sibi
3118 2384 3420 2446 vindicare,

1846 2480 1937 2547 qui
1998 2496 2026 2533 a
2062 2480 2252 2533 multis
2304 2493 2445 2546 strpe
2513 2477 2878 2546 interrogatus
2911 2478 3047 2530 scite
3114 2476 3419 2543 respondit.

1849 2573 1950 2626 Sed
1974 2587 2096 2624 cum
2119 2571 2365 2638 pertinax
2391 2570 2649 2623 nonnulla
2672 2569 2737 2622 ad
2758 2569 3120 2621 eruditionem
3146 2567 3417 2629 Gra'cam,

1857 2665 2016 2735 eujus
2049 2665 2139 2716 ille
2172 2663 2325 2716 rudis
2379 2672 2519 2720 erat.
2568 2661 2894 2729 pertinentia
2928 2675 2991 2713 ex
3038 2674 3103 2712 eo
3131 2669 3418 2727 quareret,

1849 2758 2008 2823 longe
2048 2769 2075 2807 a
2106 2768 2269 2821 scopo
2300 2752 2597 2815 aberravit,
2634 2767 2794 2813 cum,
2850 2750 2979 2818 quid
3017 2750 3314 2811 diceretur,
3354 2764 3423 2800 ne

1851 2848 2154 2917 intelligere
2214 2844 2435 2915 quidem
2500 2851 2705 2911 posset.
2761 2842 2912 2895 Adeo
2964 2850 3158 2893 natura
3190 2841 3417 2909 quidem

1848 2942 2055 2993 vultum
2086 2942 2134 2994 ei
2173 2940 2404 2993 similem
2462 2933 3090 3003 habebatJCaaterisque
3148 2932 3203 2986 in
3253 2933 3420 2988 rebus

1847 3042 1962 3085 arte
1990 3048 2115 3084 eum
2154 3030 2439 3094 referebat,
2470 3027 2717 3082 doctrina
2749 3040 2878 3081 vero
2926 3024 3115 3079 eadem
3163 3025 3416 3078 excultus

1853 3138 1957 3175 non
1991 3132 2129 3175 erat.

1923 3215 2141 3275 Sextus,
2172 3213 2296 3267 Afer
2319 3213 2453 3282 (29.),
2486 3212 2875 3282 philosophus,
2916 3209 3140 3280 scripsit
3171 3208 3418 3278 Sceptica

1852 3307 1965 3359 sive
2013 3306 2304 3373 Pyrr/tonia
2334 3306 2483 3357 libris
2521 3303 2594 3357 X.

1927 3396 2125 3465 Sibylla
2178 3395 2431 3463 Delphica
2458 3437 2471 3457 ,
2502 3412 2664 3466 quam
2701 3395 2865 3448 etiam
2902 3394 3129 3447 Dianam
3179 3395 3421 3464 appella-

1851 3499 1997 3551 runt.
2024 3487 2171 3541 Vixit
2204 3498 2331 3543 ante
2382 3489 2584 3543 bellum
2623 3487 2922 3557 Trojanum
2950 3527 2965 3552 ,
3018 3488 3238 3557 scripsit
3286 3502 3417 3541 ora-

1849 3581 1969 3634 cula
2004 3582 2271 3635 versibus.

1922 3672 2138 3742 Sibyllae
2190 3672 2457 3728 Chaldtrae
2520 3682 2674 3743 pater
2730 3673 2987 3737 Berosus,

1851 3768 2089 3820 mantbe.

1924 3858 2143 3929 Sibylla,
2181 3859 2447 3928 Apollinis
2500 3868 2552 3913 et
2596 3858 2797 3912 Lamia:
2838 3856 3025 3922 F.,vel
3068 3855 3419 3909 Aristocratis

1848 3959 1903 4006 et
1932 3953 2211 4022 Hydoles,
2270 3952 2354 4005 vel
2409 3952 2741 4019 Crinagorae,
2798 3949 2909 4011 vel,
2975 3955 3035 3999 ut
3068 3945 3415 4012 Hermippus.

1851 4044 2144 4107 Theodori,
2172 4043 2473 4113 Erythraea,
2512 4053 2635 4095 nata
2677 4044 2729 4095 in
2770 4043 2894 4095 loco
2928 4039 3297 4100 Erithrarum,
3325 4037 3416 4104 qui

1849 4135 2147 4187 vocabatur
2174 4133 2335 4193 Batti,
2378 4150 2520 4187 nunc
2552 4132 2766 4187 condita
2802 4131 2913 4185 illic
2955 4130 3110 4191 urbe,
3150 4127 3416 4196 Erythrae.

1851 4226 2078 4291 Quidam
2118 4226 2354 4278 Siculam
2386 4225 2625 4289 tradunt,
2673 4224 2763 4277 alii
2822 4221 3166 4281 Sardianam,
3217 4218 3418 4287 Gerge-

1852 4319 2043 4381 thiam,
2078 4316 2367 4378 Rhodiam,
2405 4315 2711 4385 Libyssam,
2735 4314 3031 4371 Lucanam.
3064 4312 3148 4364 vel
3176 4310 3417 4363 Samiam

1848 4408 2102 4474 denique.
2138 4406 2263 4469 Fuit
2325 4417 2442 4474 post
2485 4415 2694 4474 captam
2748 4404 2933 4457 urbem
2971 4401 3191 4467 Trojain
3258 4401 3419 4454 anuis

1849 4498 2302 4554 CCCCLXXXIII.
2330 4496 2665 4564 Conscripsit
2693 4497 2860 4548 libros
2896 4496 3026 4549 istos
3054 4512 3067 4546 :
3098 4490 3254 4557 ’Περὶ
3280 4490 3417 4541 παλ-

3061 3680 3234 3725 mater
3283 3671 3421 3741 Ery-

228 4580 497 4645 Severus,
536 4580 809 4648 ΣεΕῆρος,
852 4581 1097 4645 εορΙιίειθ
1142 4581 1421 4637 Romanus
1479 4583 1582 4636 sub
1619 4586 1733 4637 An-

1850 4592 1960 4659 μῶν
1989 4591 2061 4644 De
2082 4590 2556 4660 palpitationibus;
2581 4590 2754 4657 Μέλη,
2784 4587 3073 4647 Carmina;
3098 4582 3415 4653 Χρησμοός,

158 4676 394 4738 themio,
428 4675 558 4740 imp.
615 4672 718 4725 fuit
769 4672 1153 4725 Alexandriam
1202 4688 1331 4726 vero
1365 4674 1641 4742 profectus
1686 4678 1738 4730 in

157 4765 269 4815 otio
302 4761 695 4831 philosophice
728 4761 892 4813 vitam
943 4763 1221 4827 transegit,
1261 4766 1536 4818 variorum
1573 4767 1741 4821 libro-

159 4871 278 4908 rum
307 4855 471 4922 capia
508 4854 727 4907 abunde
758 4854 1077 4908 instructus.
1112 4854 1270 4910 Viros
1292 4866 1471 4911 autem
1496 4859 1742 4913 doctrina

156 4954 511 5012 praestantes,
556 4945 601 4998 si
640 4946 931 5013 quisquam
961 4945 1123 5009 alius,
1158 4948 1222 5001 ad
1265 4964 1323 5001 se
1354 4947 1511 5003 facile
1536 4962 1744 5017 pertra-

153 5038 283 5091 bere
311 5047 567 5092 noverat.

220 5130 468 5185 Severus
499 5130 838 5199 (imperator)
870 5146 967 5184 nec
998 5132 1360 5188 humanarum
1395 5150 1493 5189 nec
1522 5136 1735 5189 divina-

151 5237 269 5276 rum
323 5237 518 5276 rerum
572 5221 868 5290 quidquam
925 5224 1424 5293 impervestigatum
1475 5234 1533 5280 ut
1568 5228 1733 5281 relinv

150 5327 364 5380 queret,
399 5314 489 5369 vel
519 5316 885 5368 occultissima
935 5327 1310 5383 perscrutatus
1360 5328 1465 5374 est.
1513 5319 1579 5372 Et
1608 5320 1729 5373 ideo

150 5408 321 5462 libros
383 5421 602 5467 omnes,
660 5407 753 5474 qui
824 5407 1029 5475 aliquid
1085 5412 1267 5463 arcani
1332 5410 1645 5476 habebant,
1688 5421 1741 5465 et

149 5511 525 5567 quoscunque
584 5499 823 5565 reperire
871 5499 1067 5566 potuit,
1126 5514 1189 5554 ex
1244 5503 1500 5556 omnibus
1563 5504 1742 5573 adytis

218 5651 335 5717 (20)
368 5651 649 5705 Damascii
685 5653 843 5705 verba
878 5665 1022 5707 sunt.

216 5722 334 5797 (ξι)
371 5720 560 5797 __Hunc
610 5720 833 5781 Sextum
862 5763 875 5786 ,
914 5724 1241 5797 Δἀδελφιδςρῡς
1298 5728 1643 5797 Πλουτάρχου
1695 5747 1722 5783 :l

150 5790 323 5865 sum
352 5792 592 5851 dictum,
630 5808 734 5865 non
766 5794 1014 5865 emndem
1060 5790 1179 5848 esse
1228 5796 1324 5861 (uti
1355 5790 1575 5865 quidam
1607 5804 1728 5865 opi-

150 5862 473 5933 nabantur),
537 5878 657 5914 cum
703 5862 866 5916 Sexto
908 5863 1208 5932 Pyrrhunio
1263 5862 1387 5922 sive
1430 5862 1721 5937 Empirieo,

1846 4682 2104 4736 Oracula.
2157 4681 2355 4734 Eadem
2439 4682 2601 4735 etiam
2653 4680 2827 4749 prima
2867 4679 3193 4747 triquetrum
3249 4687 3420 4743 genus

1845 4774 1975 4844 lyrae
2005 4772 2178 4826 fertur
2210 4773 2503 4825 invenisse.

1919 4864 2144 4934 Sibylla,
2196 4863 2428 4929 Helissa,
2487 4862 2705 4932 scripsit
2752 4860 3000 4915 versibus
3058 4855 3314 4913 vaticinia
3363 4863 3419 4908 et

1845 4957 2089 5007 oracula.

1922 5045 2121 5115 Sibylla
2148 5044 2507 5112 Colophonia,
2542 5058 2664 5113 quae
2696 5049 2888 5096 vocata
2922 5039 3023 5093 fuit
3053 5036 3348 5104 Lampusa,
3386 5048 3415 5085 a

1844 5134 2144 5190 Calchante
2178 5135 2428 5188 oriunda.
2462 5135 2582 5203 Ipsa
2631 5146 2853 5202 quoque
2893 5128 3113 5197 scripsit
3163 5123 3416 5180 vaticinia

1844 5238 1898 5281 et
1935 5229 2156 5282 oracula
2190 5228 2460 5292 versibus,
2492 5238 2544 5282 et
2574 5227 2699 5281 alia.

1920 5320 2120 5391 Sibylla
2151 5319 2435 5385 Thessala,
2468 5320 2609 5375 dicta
2634 5320 2795 5374 etiam
2826 5317 3033 5387 Manto,
3061 5334 3185 5390 qua:
3207 5334 3237 5373 a
3261 5318 3416 5375 Tire-

1848 5414 1926 5467 sia
1952 5428 2121 5483 genus
2149 5413 2324 5467 duxit.

1920 5505 2121 5575 Sibylla
2163 5507 2418 5575 Phrygia,
2450 5521 2492 5571 ,a
2523 5505 2850 5575 quibusdam
2879 5516 3068 5559 vocata
3112 5502 3317 5569 Sarbis,
3345 5504 3417 5559 ab

1846 5658 2042 5729 Kuster
2076 5657 2230 5728 (tom.
2274 5658 2359 5723 Ill,
2394 5672 2519 5729 pag.
2552 5658 2699 5727 299),
2741 5659 3073 5729 argumentis
3115 5673 3241 5729 usus
3280 5658 3418 5714 Jon-

1840 5729 1926 5793 sii,
1962 5728 2213 5808 _lll.__cap.
2266 5729 2353 5792 i2,
2392 5728 2596 5783 llistor.
2652 5728 2962 5798 philosoph.
3024 5729 3128 5782 late
3180 5728 3413 5784 demtu-

1839 5808 2019 5851 travrt.
2048 5808 2215 5921 urat”

1907 5868 2018 5942 (2‘2)
2054 5867 2070 5921 Ι
2105 5868 2151 5924 ic
2173 5877 2254 5925 est
2285 5866 2482 5925 Sextus
2516 5866 2842 5939 Empiricus.
2877 5865 3049 5923 ΒΑΜ..
