4208 6496
792 401 928 468 1343

1998 402 2022 460 Ι
2029 401 2238 462 NDEX
2277 401 2702 462 SCRII’TORU
2714 402 2767 460 Μ

3917 392 4046 456 13Η

787 517 912 568 aliis
929 513 1253 574 Cassandra,
1281 509 1346 564 ab
1374 509 1498 564 aliis
1526 509 1897 574 Taraxandra,
1925 519 1978 564 et
2001 510 2114 578 ipsa
2148 509 2370 579 scripsit
2399 511 2448 571 Α
2475 525 2595 563 nem
2629 511 2838 579 primus
2867 508 3104 574 invenit;
3135 516 3188 562 et
3223 508 3596 578 proverbium.
3626 508 3816 562 Glauci
3841 527 3958 571 ars,
3991 515 4049 562 de

786 609 1029 662 ot'arttla.

861 694 1060 762 Sibylla
1081 691 1322 744 Cumana
1342 701 1394 746 et
1416 689 1616 761 Sibylla
1635 689 2012 764 Thcsprotiea.
2043 691 2108 747 Et
2135 695 2214 749 lue
2239 709 2364 749 ora-

786 783 906 838 cula
943 782 1307 850 scripserunt.

857 875 1062 945 Sibylla
1098 873 1375 936 Chaldzea,
1411 873 1526 928 sive
1555 873 1780 931 Hebraea
1817 884 1913 929 aut
1955 875 2198 941 Persica,
2233 890 2358 946 pro-

781 969 901 1037 prio
950 967 1170 1020 nomine
1218 964 1537 1030 Sambctlte,
1588 983 1616 1020 a
1661 966 1979 1021 beatissimo
2034 967 2147 1022 Noe
2187 985 2359 1038 genus

782 1061 1010 1114 ducens.
1077 1057 1200 1110 lIa-c
1229 1057 1517 1125 praedixit,
1555 1073 1674 1125 quae
1705 1059 2018 1112 Alexandro
2078 1059 2356 1114 Macedoni

783 1153 1078 1220 contigisse
1125 1152 1384 1206 dicuntur
1414 1192 1430 1218 ,
1469 1151 1629 1220 cujus
1665 1153 1915 1207 meminit
1967 1153 2224 1218 Nicanor,
2265 1156 2358 1225 qui

786 1243 963 1296 Vitam
999 1242 1292 1295 Alexandri
1326 1241 1570 1309 scripsit.
1603 1240 1805 1296 Eadem
1847 1244 1913 1297 de
1941 1243 2170 1298 Domino
2201 1245 2358 1298 Chri-

780 1343 867 1388 sto
909 1335 1139 1403 ejusque
1195 1333 1454 1400 adventu,
1497 1334 1750 1388 Numinis
1793 1336 2074 1400 instinctu,
2123 1337 2354 1405 plurima

779 1425 1048 1494 praedixit.
1081 1423 1219 1478 Cum
1258 1425 1360 1479 hac
1388 1435 1440 1476 et
1481 1425 1705 1490 reliquae
1733 1422 1952 1494 Sibyllae
1984 1428 2353 1490 consentiunt,

779 1514 886 1568 nisi
927 1525 984 1567 ut
1053 1513 1217 1581 hujus
1243 1514 1353 1567 sint
1411 1512 1577 1566 XXIV
1616 1515 1737 1567 libri
1772 1515 1838 1568 de
1875 1517 2067 1584 quavis
2097 1527 2256 1583 gente
2303 1527 2357 1570 ct

779 1607 998 1672 regione
1070 1609 1450 1676 pra-dictiones
1504 1610 1869 1666 continentes.
1947 1611 2102 1676 Quod
2170 1622 2351 1666 autem

778 1711 968 1752 \ersns
1018 1699 1138 1765 ejus
1185 1697 1488 1766 imperfecti
1525 1711 1578 1752 et
1609 1700 1776 1754 Iusati
1832 1701 2202 1768 inveniantur,
2244 1720 2349 1758 non

778 1795 862 1838 cst
892 1787 1062 1854 ipsius
1089 1787 1227 1840 vatis
1255 1788 1439 1856 culpa,
1480 1789 1572 1842 sed
1607 1791 1935 1854 scribarum,
1967 1791 2058 1858 qui
2111 1793 2188 1845 vel
2224 1807 2350 1844 ora~

2473 602 2540 658 iis
2571 619 2690 672 qua-
2723 603 2878 656 facile
2909 602 3293 657 coniiciuntur.

2542 695 2814 760 Silvanus,
2843 695 3220 764 phiIOSopbus,
3245 693 3336 761 qui
3366 703 3558 748 caetera
3589 696 3808 763 quidem
3841 697 4046 762 probus

2469 795 2586 840 erat
2628 796 2681 839 et
2727 799 2971 852 sanctus,
3005 789 3095 842 sed
3143 789 3389 842 moribus
3433 789 3660 858 simplex
3701 799 3754 842 et
3799 799 4044 856 apt-rtus.

2541 879 2840 942 Σιλλαὶνει,
2903 881 3058 934 labiis
3115 881 3360 935 distortis
3416 883 3644 948 aliquem
3695 882 3946 940 deridet.
4003 894 4048 932 ει

2469 971 2763 1040 (μυλλίζει)
2807 974 2944 1026 inter
2996 973 3340 1026 deridendum
3397 974 3577 1026 oculos
3630 984 3823 1026 movet.
3865 973 4048 1033 Σίλλςος

2467 1065 2610 1118 enim
2645 1075 2726 1118 est
2755 1067 2976 1130 mimus,
3019 1065 3101 1118 vel
3144 1065 3338 1119 falsum
3389 1067 3592 1120 dictum
3629 1076 3682 1120 et
3723 1066 3956 1120 derisin.
3987 1067 4048 1119 Et

2467 1158 2558 1224 qui
2594 1157 2747 1212 silIos
2796 1159 3022 1224 scribit,
3053 1159 3252 1213 dicitur
3303 1159 3694 1229 sillographus,
3729 1159 3917 1228 qualis
3951 1159 4048 1212 fuit

2467 1249 2685 1313 Timon,
2727 1248 3020 1313 Phliasius,
3053 1251 3414 1320 philosophus
3443 1251 3806 1322 I’yrrhonius.

2537 1343 2816 1406 Sitntnias,
2861 1341 3130 1404 Rhodius,
3162 1343 3575 1409 grammaticus.
3617 1342 3854 1409 Scripsit
3893 1342 4044 1396 Glas-

2464 1451 2645 1487 sarum
2689 1434 2850 1488 libros
2897 1432 3038 1497 III;
3079 1434 3360 1488 Variorttm
3396 1433 3708 1488 Poemntum
3757 1435 3926 1488 libros
3957 1435 4044 1490 Π.

2463 1525 2722 1578 Abiuitio
2753 1524 2852 1578 fuit
2887 1523 3104 1578 Samius
3142 1525 3277 1592 ('25),
3315 1535 3500 1593 postea
3539 1541 3670 1580 vero
3698 1541 3824 1580 cum
3865 1527 4044 1580 coloni

2463 1615 2515 1668 itt
2557 1614 2814 1674 insulam,
2857 1617 3188 1683 Amorgum,
3225 1616 3571 1670 mitterentur
3598 1659 3611 1680 ,
3645 1630 3698 1672 et
3749 1619 3868 1684 ipse
3898 1623 4046 1671 colo-

2461 1707 2565 1760 niae
2597 1707 2744 1760 illius
2771 1706 2878 1761 dux
2920 1723 2950 1760 ει
2988 1707 3187 1761 Samiis
3220 1723 3286 1761 eo
3315 1709 3517 1762 missus
3543 1707 3662 1762 fuit.
3697 1707 3834 1762 Tres
3861 1719 4044 1762 autem

2464 1801 2623 1854 urbes
2659 1801 2711 1852 iit
2760 1805 2994 1868 Amorgo
3027 1801 3303 1862 condidit,
3343 1800 3612 1865 Minoam,
3663 1800 3944 1868 .Egialum
3995 1811 4046 1856 et

777 1877 942 1933 tionis
969 1880 1297 1934 celeritatem
1322 1883 1608 1934 scribendo
1637 1881 1856 1950 assequi
1892 1897 1997 1934 non
2038 1891 2353 1951 potuerunt,
2386 1865 2432 1924 Β
2461 1892 2800 1946 Ατρεείιῃρη,
2843 1865 2992 1946 Vix—it
3043 1909 3217 1946 annos
3250 1893 3390 1956 406,
3428 1903 3550 1961 post
3601 1865 3804 1947 benu—m
3845 1893 4044 1960 Troia-

779 1969 860 2020 vel
891 1971 1054 2022 etiam
1103 1969 1308 2023 indocti
1339 1981 1391 2023 et
1420 1973 1808 2039 grammatices
1837 1973 2072 2039 imperiti
2112 1973 2352 2028 fuerunt.

777 2060 912 2112 Cum
965 2061 1146 2114 afﬂatu
1181 2063 1322 2115 enim
1365 2071 1422 2116 et
1469 2077 1659 2116 earum
1710 2079 1830 2130 qua:
1861 2065 2002 2116 dicta
2034 2074 2210 2128 erant,
2245 2081 2358 2119 nte-

781 2153 953 2204 ntoria
990 2153 1151 2205 simul
1189 2153 1489 2207 desinebat.
1529 2153 1592 2206 Et
1645 2156 1757 2208 haec
1791 2171 1952 2208 causa
1985 2167 2068 2209 est
2107 2172 2272 2224 quare
2301 2168 2356 2210 ct

783 2256 978 2294 Versus
1007 2243 1306 2310 imperfecti
1353 2246 1719 2311 reperiantur,
1748 2257 1800 2298 et
1838 2249 2109 2300 sententia
2143 2249 2352 2300 claudi-

777 2348 930 2394 cans,
978 2333 1094 2384 sive
1133 2334 1544 2400 sapientissimo
1591 2333 1686 2388 Dei
1735 2337 1964 2389 consilio
2003 2339 2102 2390 hoc
2153 2339 2352 2390 factum

779 2426 960 2488 luerit,
1001 2441 1068 2476 ne
1104 2440 1132 2477 a
1187 2426 1371 2479 multis
1421 2427 1594 2495 iisque
1651 2428 1887 2496 indignis
1946 2431 2166 2483 oracula
2235 2433 2354 2498 ejus

775 2517 1384 2582 cugttoscercntur,sive
1419 2519 1636 2584 longum
1669 2527 1902 2584 tempus,
1943 2519 2016 2570 uti
2061 2520 2350 2573 multorum

776 2607 1028 2668 aliorum,
1063 2606 1134 2659 ita
1171 2607 1332 2658 etiam
1365 2607 1526 2674 hujus
1562 2608 1638 2660 rei
1676 2624 1836 2661 causa
1869 2609 2052 2664 fuerit.
2085 2609 2351 2664 Prauerea

772 2705 828 2748 ct
851 2697 1161 2750 obscuritas
1211 2713 1399 2750 eorum
1429 2715 1550 2766 qua:
1584 2714 1612 2750 a
1665 2699 1868 2768 Sibylla
1913 2703 2264 2766 dicebantur,
2301 2715 2354 2757 t-t

773 2787 962 2839 eebra
1011 2790 1272 2842 librorum
1305 2791 1424 2857 ejus
1471 2791 1794 2859 descriptio,
1833 2793 1966 2845 nihil
2017 2797 2213 2847 mirum
2269 2803 2354 2850 est

772 2877 816 2930 si
843 2887 896 2930 et
928 2893 1122 2930 sensus
1177 2888 1228 2931 et
1257 2881 1410 2932 mctri
1441 2881 1820 2936 confusionem
1853 2886 2188 2951 prpet'crint.

844 2967 1057 3038 Sibylla:
1105 2971 1338 3024 diversis
1392 2983 1445 3024 et
1502 2973 1632 3026 locis
1657 2985 1707 3026 ct
1733 2976 2069 3041 temporibus
2127 2977 2350 3030 fuerunt

773 3059 982 3112 decem.
1021 3059 1224 3122 Prima,
1264 3063 1537 3126 Chaldaea,
1573 3079 1694 3130 quae
1737 3073 1789 3117 et
1834 3064 2047 3118 I’ctsica
2074 3105 2087 3128 ,
2133 3071 2348 3136 proprio

773 3152 992 3203 nomine
1026 3149 1303 3203 Sumbct/te
1333 3155 1492 3206 dicta.
1549 3153 1824 3216 Secunda,
1885 3155 2103 3226 Libyca.
2143 3158 2343 3220 Tertia,

775 3239 1054 3306 Delphica.
1099 3243 1322 3308 Delphis
1379 3254 1527 3297 nata.
1577 3213 1822 3308 Quarta,
1866 3213 2072 3309 Italica,
2122 3265 2242 3318 qu:e
2295 3213 2344 3302 in
2375 3213 2417 3266 C

771 3331 938 3384 Italiae
971 3333 1124 3394 urbe,
1158 3334 1448 3388 Cimmerio
1484 3341 1630 3400 (nata
1654 3346 1778 3390 est).
1806 3337 2029 3401 Quinta,
2065 3339 2345 3408 Erythrca,

772 3437 895 3488 qua:
925 3431 1049 3474 ante
1085 3423 1284 3477 bellum
1326 3424 1622 3493 'I'rojanum
1667 3428 1956 3482 vaticinata
1993 3429 2109 3482 fuit.
2162 3433 2345 3494 Sexta,

773 3517 978 3577 Samia.
1013 3521 1228 3586 proprio
1257 3519 1475 3571 nomine
1499 3518 1662 3587 Phyto
1694 3521 1942 3582 dicta,dc
1973 3539 2074 3588 qua
2111 3524 2350 3588 scripsit

769 3610 1182 3666 Eratosthenes.
1217 3611 1482 3679 Septima,
1519 3613 1784 3676 Cumana,
1813 3629 1932 3680 qua:
1961 3623 2008 3666 ct
2049 3615 2346 3679 Amalthea,

770 3713 826 3754 et
857 3701 1157 3769 [Herophile
1189 3701 1330 3754 dicta
1364 3701 1484 3756 fuit.
1515 3701 1737 3766 Octava,
1771 3703 2158 3773 IIt-Ilespontia,
2223 3719 2346 3762 nata

773 3795 826 3846 in
861 3793 980 3847 vico
1016 3792 1324 3854 Mai-misso,
1387 3809 1553 3861 prope
1612 3795 1934 3862 Oppidulum
1993 3796 2345 3868 Gergythium

772 3889 916 3957 (qua:
963 3888 1078 3939 loca
1109 3887 1240 3940 olim
1282 3887 1480 3939 finibus
1544 3887 1780 3954 regionis
1814 3887 2062 3955 'I‘rojantc
2101 3906 2348 3960 ennuprc-

774 3983 937 4034 Itcnsa
965 3980 1254 4049 (fuerunt),
1291 3981 1628 4046 temporibus
1665 3979 1882 4036 Solonis
1915 3983 2131 4052 etCyri.
2171 3983 2344 4049 Nona,

771 4070 1027 4141 Phrygia.
1092 4071 1330 4135 Decima,
1370 4071 1636 4137 Tiburtia,
1695 4073 1954 4126 Albanam
1982 4075 2146 4128 dicta.
2183 4078 2348 4129 Aiunt

772 4175 974 4223 autem,
1015 4163 1298 4230 Sibyllam,
1365 4163 1690 4224 Cumanam,
1754 4181 1942 4218 novem
1998 4168 2344 4220 oraculorum

770 4269 997 4308 suorum
1037 4254 1206 4306 libros
1257 4253 1507 4306 attulisse
1559 4255 1625 4306 ad
1679 4255 2036 4325 Tarquinium
2078 4257 2344 4322 Priscum,

769 4355 902 4400 tunc
939 4345 1310 4400 Romanorum
1341 4361 1520 4414 regem
1553 4362 1568 4398 :
1599 4364 1744 4414 quos
1769 4365 1892 4402 cum
1933 4351 2020 4402 ille
2063 4351 2346 4418 repudias-

769 4446 875 4498 set,
909 4437 1019 4490 duo
1049 4453 1112 4490 ex
1159 4439 1266 4490 illis
1310 4452 1606 4494 cremasse.
1651 4439 1830 4508 (Cunf.
1867 4451 2048 4494 tamen
2089 4441 2340 4495 Lactant.

771 4524 846 4579 De
879 4525 1015 4580 falsa
1041 4527 1198 4597 relig.
1236 4525 1331 4578 lib.
1365 4541 1418 4588 ι,
1463 4543 1581 4596 cap.
1611 4525 1663 4590 6,
1702 4526 1728 4597 §
1761 4529 1790 4580 7
1821 4527 1968 4596 sqq.)

848 4617 1050 4687 Sibylla
1078 4633 1178 4670 vox
1222 4625 1305 4670 est
1336 4615 1602 4680 Romana,
1643 4633 1804 4684 quam
1853 4621 1898 4672 si
1952 4620 2346 4686 interpreteris,

769 4721 936 4764 vatem
970 4709 1260 4775 signiﬁcat.
1315 4708 1532 4777 Sibyllae
1569 4709 1755 4777 igitur,
1797 4721 1855 4763 ut
1911 4710 2064 4764 multi
2115 4713 2352 4780 scripse-

771 4812 922 4864 runt,
956 4801 1186 4854 diversis
1225 4801 1360 4854 Iocis
1389 4809 1445 4852 et
1490 4802 1828 4868 temporibus
1875 4802 2060 4855 decem
2108 4801 2348 4856 fuerunt.

766 4921 838 4934 -—
866 4892 1142 4961 Σιϐυλλιᾷ,
1175 4889 1516 4962 oraculorum
1542 4907 1717 4944 amore
1751 4903 1799 4944 et
1827 4892 2086 4946 desiderio
2129 4903 2349 4954 tenetur,

770 4983 855 5035 vel
897 4983 1090 5035 delirat
1123 4993 1178 5035 et
1203 4982 1492 5036 vaticinari
1520 4983 1705 5051 cupit;
1737 4985 1817 5036 vel
1847 4987 2068 5036 oracula
2089 4987 2310 5036 somniat
2337 5001 2350 5047 ;

771 5073 856 5128 \el
895 5073 1146 5139 superbit,
1179 5084 1284 5126 etc.

845 5165 1124 5227 Σιϐύντιος
1188 5167 1303 5220 sive
1351 5166 1659 5236 Σιϐύρτιος,
1705 5156 2027 5224 Theodectte
2063 5169 2348 5223 I’Itaselitte

777 5261 945 5312 lector
979 5265 1032 5309 et
1079 5273 1290 5322 servus,
1346 5260 1436 5323 qui
1478 5261 1686 5326 primus
1721 5276 1748 5313 e
1783 5262 1978 5324 servis,
2013 5271 2182 5314 artem
2217 5275 2344 5314 ora-

779 5346 970 5400 tttriam
1010 5346 1292 5416 professus
1322 5357 1424 5402 cst.
1462 5349 1692 5418 Scripsit
1725 5353 1904 5404 Artem
1933 5351 2270 5404 rhetoricam.

847 5439 1129 5508 Σιδηρεξαν
1177 5441 1378 5510 ψυχήν,
1409 5442 1636 5510 ferreum
1677 5445 1911 5496 animum
1958 5445 2070 5498 sive
2102 5445 2350 5496 inexora-

779 5533 968 5588 bilem.
1009 5561 1076 5572 —-
1107 5534 1345 5590 Glaucus
1385 5535 1626 5604 quidam,
1667 5535 1905 5602 Samius,
1943 5537 2350 5592 ferruminatio-

855 5709 966 5780 (-35)
999 5709 1122 5764 ll:ec
1181 5723 1287 5764 n0n
1337 5713 1402 5766 ad
1453 5711 1736 5766 Simmiatu
1770 5713 1862 5768 sed
1906 5715 1972 5766 ad
1999 5711 2354 5774 SimOnidem,

781 5779 1228 5852 ianthtigrapbutn
1273 5781 1747 5851 antiquissimum,
1776 5785 2128 5853 Amorginunt
2160 5829 2172 5850 ,
2228 5803 2350 5854 spe-

2461 2001 2612 2038 num.
2644 1985 2956 2039 Secundum
2994 1986 3260 2052 qttosdam
3293 1987 3506 2054 primus
3539 1986 3756 2040 Iambus
3795 1990 4042 2057 scripsit,

2457 2077 2670 2130 diversa
2704 2077 2827 2130 alia.
2858 2075 2986 2130 Item
3015 2075 3258 2144 Origines
3285 2075 3610 2130 Samiorum.

2531 2170 2822 2231 Simmias,
2889 2168 3217 2230 Thebanus,
3275 2169 3677 2237 philosophus,
3735 2170 4042 2239 discipulus

2459 2260 2722 2314 Socratis.
2785 2261 3016 2328 Scripsit
3069 2259 3144 2313 De
3195 2261 3478 2328 sapientia,
3533 2259 3606 2312 De
3649 2262 3917 2324 amicitia,
3975 2262 4044 2314 De

2455 2355 2694 2416 raritate,
2728 2353 2806 2406 De
2839 2353 3071 2414 musica,
3111 2351 3182 2405 De
3255 2368 3313 2406 eo
3363 2353 3500 2421 quod
3539 2353 3832 2418 optandum
3881 2365 3962 2406 est
3999 2366 4044 2406 et

2457 2447 2796 2516 fugiendum,
2842 2445 2912 2498 De
2943 2462 3070 2498 cura
3095 2446 3310 2508 aninta',
3346 2445 3472 2498 item
3500 2445 3600 2497 alia
3637 2445 4040 2514 philosophica.

2531 2537 2878 2595 Simocattes.
2915 2551 3216 2604 cognomen
3272 2535 3658 2606 Theophylacti
3701 2537 4042 2592 Simocatttc.

2525 2627 2858 2690 Simonides,
2894 2625 3183 2694 Leoprepis
3215 2625 3302 2689 F.,
3331 2624 3575 2686 Juiietes,
3605 2641 3666 2678 ex
3709 2625 3913 2688 Julide,
3951 2631 4040 2682 Uti

2457 2719 2665 2780 insulae,
2715 2719 2932 2772 cititate
2957 2761 2971 2782 ,
3011 2720 3246 2788 lyricus,
3282 2718 3592 2772 Stesichoro
3643 2722 3918 2786 p051erior
3943 2763 3956 2782 ,
3993 2735 4040 2773 et

2455 2810 2870 2879 cognominatur
2925 2807 3214 2860 Melicerta:
3269 2817 3488 2874 propter
3535 2808 3888 2861 suavitatem.
3948 2811 4040 2863 Ilii:

2455 2909 2628 2950 artem
2665 2897 2942 2948 memorite
2975 2897 3198 2959 invenit,
3235 2896 3470 2962 itemque
3511 2895 3717 2948 litteras
3767 2896 3966 2965 longas
3995 2911 4046 2951 γι

2453 2989 2691 3055 duplices
2715 2997 2768 3040 et
2794 2987 3008 3040 tertium
3031 3003 3226 3040 sonum
3246 2987 3393 3056 lyra}.
3418 2988 3561 3040 Vixit
3583 2987 3910 3058 Olympiade
3933 2991 4038 3050 LV,

2452 3081 2700 3147 quamvis
2729 3080 2816 3132 alii
2845 3095 2968 3132 eum
3005 3079 3069 3130 ad
3102 3077 3312 3147 Olymp.
3369 3077 3530 3142 LXII,
3569 3081 3826 3134 referant.
3861 3081 4042 3137 Vizam

2453 3173 2690 3224 extendit
2723 3186 2892 3238 usque
2923 3172 2986 3223 ad
3011 3170 3383 3240 Olympiadem
3422 3170 4042 3242 LXX\'I!I,annuntque

2453 3261 2628 3313 intutis
2685 3259 2970 3324 ΙιΧΧΧΙΧ,
3027 3261 3222 3328 attigit.
3281 3261 3476 3314 Dorica
3525 3261 3758 3314 dialecto
3805 3262 4039 3330 Regnum

2455 3350 2726 3418 Cambysis
2777 3360 2824 3402 et
2861 3349 3008 3400 Darii
3043 3349 3356 3417 descripsit.
3397 3349 3524 3402 Item
3565 3347 3824 3402 Pra'lium
3859 3355 4040 3402 uitreis

2453 3432 2675 3494 Xerxis,
2709 3446 2760 3488 et
2789 3435 3040 3488 Pt'wlittm
3079 3437 3264 3488 navale
3297 3439 3366 3487 ad
3393 3439 3754 3498 Artemisium,
3791 3441 4040 3494 versibus

2453 3523 2744 3589 elegiae-is;
2775 3521 3026 3575 Pratliunt
3061 3523 3185 3575 item
3222 3525 3288 3575 ad
3323 3522 3602 3576 Salamina
3631 3525 3890 3578 versibus
3929 3541 4040 3578 nte-

2453 3613 2588 3666 Iicis.
2628 3613 2704 3666 Ad
2739 3615 2850 3666 haec
2887 3615 3106 3681 scripsit
3140 3615 3394 3676 Threnos,
3431 3613 3708 3675 Encomt‘a,
3749 3615 4028 3684 Epigram-

2455 3715 2620 3766 mata,
2647 3704 2891 3768 Pteaues,
2918 3705 3308 3773 Tragtetlias,et
3335 3709 3461 3760 alia.
3495 3709 3592 3761 IIic
3621 3709 3962 3771 Simonides,
3997 3710 4038 3762 si

2451 3797 2576 3865 quis
2615 3798 2785 3860 alius,
2821 3800 3082 3852 memoria
3127 3799 3362 3866 poiiebat
3394 3817 3407 3852 :
3436 3801 3481 3852 ei
3515 3815 3642 3852 vero
3689 3801 3894 3856 similis
3927 3817 4042 3854 erat

2452 3890 2796 3957 Apollonius,
2824 3891 2917 3957 qui
2949 3901 3007 3942 ut
3047 3889 3340 3957 plurimum
3371 3892 3590 3959 quidem
3624 3893 3847 3952 sileLat,
3879 3895 4040 3945 tnuita

2453 3995 2580 4036 vero
2633 3993 2808 4034 mente
2853 3983 3142 4046 versabat;
3175 3993 3228 4034 et
3285 3997 3408 4034 cum
3457 3985 3814 4036 centesimum
3867 3987 4044 4037 aetat‘s

2451 4089 2654 4126 annum
2701 4083 2914 4140 ageret,
2947 4073 3226 4126 memoriae
3279 4073 3532 4126 ﬁrmitate
3587 4075 3762 4140 ipsum
3799 4074 4040 4126 Simoni-

2451 4167 2570 4218 dem
2610 4167 2920 4233 superabat.
2962 4166 3106 4216 Idem
3135 4167 3296 4218 ctiam
3333 4165 3594 4234 Hymmtm
3635 4168 3688 4217 in
3723 4165 4040 4218 Memmium

2451 4257 2700 4316 canebat,
2744 4256 2795 4307 in
2841 4271 2948 4322 quo
2991 4256 3122 4312 dicit
3167 4257 3348 4308 omnia
3394 4273 3420 4308 a
3469 4265 3712 4322 tempore
3763 4261 4038 4310 cothurni.

2451 4347 2626 4414 ipsum
2651 4361 2780 4397 vero
2825 4356 3034 4412 tctttpus
3067 4345 3330 4398 beneﬂcio
3363 4348 3642 4399 memorite
3665 4361 3867 4413 expers
3899 4347 4036 4399 sami

2450 4451 2502 4492 et
2551 4439 2856 4490 immortale
2910 4452 3048 4490 esse.
3103 4435 3200 4488 Hic
3255 4438 3465 4505 primus
3510 4451 3731 4490 carmen
3789 4439 4038 4490 mercede

2370 4535 2422 4594 D
2449 4529 2740 4597 scripsisse
2769 4529 2988 4580 dicitur.
3025 4527 3271 4580 llaheltat
3310 4529 3456 4581 enim
3491 4529 3626 4580 duas
3657 4543 3840 4589 arcas,
3877 4543 4036 4579 unam

2447 4625 2744 4688 gratiarum
2771 4616 3020 4684 vacdam,
3073 4621 3298 4672 alteram
3320 4621 3634 4688 (mercedis)
3663 4621 3902 4686 plenam,
3931 4632 4034 4672 ctu.

2449 4713 2576 4782 Ejus
2607 4714 2808 4768 dictum
2851 4731 2862 4765 :
2912 4713 3150 4782 Ἀνὰ-(κῃ
3175 4713 3292 4765 οὐδὲ
3328 4712 3450 4763 650‘:
3495 4713 3786 4781 μάχςντκι,
3821 4725 3930 4766 etc.

2521 4805 2851 4869 Simonides,
2891 4805 3076 4868 Ceius,
3115 4805 3314 4870 prioris
3349 4819 3412 4857 ex
3459 4803 3564 4856 lilia
3603 4819 3808 4869 nepos.
3845 4821 4032 4872 cogun-

2453 4897 2598 4950 mine
2658 4895 2982 4957 Melicertes,
3047 4895 3180 4948 visit
3249 4905 3372 4948 ante
3432 4895 3630 4946 bellum
3698 4893 4024 4960 Priapnnne-

2453 4989 2684 5041 siacum.
2723 4985 2952 5050 Scripsit
2992 4987 3362 5054 Geticalogiam
3405 4987 3568 5037 libros
3604 4982 3726 5048 HI,
3765 4983 4024 5038 lucentia

2458 5093 2580 5130 nam
2606 5077 2770 5130 libros
2794 5075 2914 5129 HI.

2534 5169 2867 5230 Simonides,
2903 5168 3252 5238 Magnesius,
3297 5167 3466 5236 Sipyli
3507 5165 3568 5220 F.
3619 5177 3780 5234 poeta
3833 5169 4036 5237 epicos.

2446 5263 2539 5331 qui
2573 5263 2702 5315 vixit
2730 5263 3070 5330 temporibus
3097 5259 3347 5314 Antiochi
3375 5258 3574 5328 Magni.
3605 5257 3844 5327 Scripsit
3885 5263 4036 5328 hujus

2451 5370 2536 5408 tes
2564 5365 2766 5422 gestas,
2799 5369 3144 5422 pugnantque
3185 5367 3309 5406 cum
3341 5351 3570 5410 Calatis,
3601 5351 3654 5404 in
3691 5369 3802 5418 qua
3841 5355 4016 5422 equits

2451 5455 2536 5498 tus
2559 5447 2676 5513 ejus
2701 5461 2792 5514 per
2818 5445 3137 5512 elephantos
3173 5444 3487 5512 prolligatm
3525 5440 3646 5493 fuit.

2527 5537 2860 5600 Simonides,
2893 5537 3180 5604 Carystius
3218 5536 3298 5588 γει
3347 5534 3696 5594 ΕιῈιείιιιιεὶμ,
3737 5548 3902 5602 poeta
3937 5551 4030 5603 rpi-

2469 5725 2636 5768 t-lant.
2675 5711 2872 5768 Cenl'cr
2919 5713 3196 5774 Mlatium,
3247 5713 3316 5765 Ile
3352 5709 3704 5765 Simeonibns
3735 5753 3744 5768 ,
3782 5725 3908 5780 pag.
3945 5711 4032 5763 ΞΟι·

2458 5801 2568 5852 δςοιι.
