4208 6496
182 434 315 499 1349

1430 434 1525 493 DE
1568 434 1859 502 QUIBUS
1902 439 2200 505 SUIDAS.

3320 460 3460 525 1350

176 553 323 617 λόγοι
358 549 793 619 appellabantur.
832 547 944 601 Iloc
988 549 1256 617 poematis
1284 565 1479 619 genere
1519 554 1601 606 usi
1634 562 1764 605 sunt
1797 568 1837 619 Α
1942 560 2235 630 Στάσιμον,
2271 578 2442 632 genus
2460 567 2739 633 carminis,
2767 572 2910 639 quod
2941 573 3229 630 saltatores
3253 585 3457 637 stantes

176 645 345 697 etiam
384 642 695 694 Alexander
722 640 960 704 xtltolus,
998 641 1238 710 Pyrrhus
1274 640 1538 705 Milesius,
1576 643 1755 697 Theo-

175 736 354 797 doras,
399 732 813 786 Timocharidas
844 743 896 785 et
935 733 1283 788 Xenarchus.
1317 734 1457 789 Sunt
1496 736 1612 801 ejus
1638 752 1756 789 car-

179 827 317 877 mina
354 823 607 892 plurima,
641 824 801 875 veluti
830 824 913 875 Ad
938 826 1132 893 inferos
1156 828 1469 889 descensus;
1498 825 1755 891 Priapus;

177 912 238 968 In
270 916 591 968 Belostichen
618 934 636 979 ;
670 916 905 966 Amazon
930 926 982 967 et
1012 916 1139 969 alia.
1170 917 1299 970 Item
1350 917 1757 986 Ἐγκλειόμεναι

174 1021 224 1061 et
261 1006 797 1076 Παραλυτρθύμενος.
840 1020 894 1059 ut
938 1010 1014 1060 ait
1060 1008 1354 1063 Athenazus
1402 1013 1453 1062 in
1487 1008 1754 1078 Dipnoso-

176 1100 367 1163 piristts
396 1101 528 1165 (‘25).

243 1196 491 1250 Sotades,
524 1193 894 1259 Atheniensis,
923 1192 1303 1262 philosophus,
1329 1194 1421 1263 qui
1450 1192 1664 1247 Librum
1691 1197 1753 1249 de

174 1286 432 1352 mysteriis
451 1285 686 1353 scripsit.

242 1398 580 1463 Sntericbns,
624 1402 802 1454 Asites
833 1398 972 1469 (26),
1001 1400 1259 1455 heroicus
1314 1411 1494 1471 poeta,
1529 1401 1622 1470 qui
1650 1401 1753 1456 fuit

173 1488 273 1541 sub
309 1488 661 1542 Diocletiano.
715 1488 946 1561 Scripsit
1004 1492 1317 1545 Encomiunt
1374 1494 1749 1549 Diocletiani:

172 1578 455 1633 Bassarica
484 1582 598 1634 sive
632 1581 891 1636 Bacchica
913 1584 1060 1637 libris
1095 1584 1121 1636 Ι
1143 1584 1223 1647 l’;
1268 1585 1339 1638 De
1375 1586 1612 1640 Pani/tea
1635 1588 1748 1640 Ba-

172 1673 415 1742 bylonia,‘
446 1672 518 1724 De
546 1672 819 1739 Ariadne;
848 1674 1021 1728 Vitam
1051 1676 1323 1745 Apollonii
1365 1677 1565 1747 Τριαηεὶ
1594 1698 1610 1742 ;
1640 1681 1749 1749 Py-

172 1765 375 1815 thonem
434 1767 546 1817 sive
580 1766 1048 1819 Alexandriacum.
1090 1767 1183 1821 Est
1232 1780 1409 1821 autem
1454 1771 1745 1825 Alexandri

172 1855 478 1911 Macedonis
513 1856 775 1920 Historia,
802 1875 926 1912 cum
953 1860 1167 1929 Thebas
1197 1862 1357 1930 cepit.
1389 1862 1515 1916 Item
1546 1864 1671 1917 alia.

238 1949 541 2010 Snteridas,
564 1952 973 2019 grammaticus,
994 1954 1222 2010 maritus
1249 1955 1542 2023 Pamphila:
1566 1958 1752 2027 (supra

170 2040 220 2094 in
259 2040 559 2108 Pamphila,
590 2042 953 2111 Soeratidas}.
994 2046 1079 2098 cui
1110 2046 1274 2099 etiam
1309 2047 1565 2100 historias
1595 2050 1754 2101 attri-

170 2132 304 2182 buit.
361 2129 590 2199 Scripsit
644 2130 1133 2201 Orthographinm;
1167 2134 1495 2199 Quwstiones
1560 2136 1753 2191 Ilome-

168 2226 344 2286 ricas;
402 2224 865 2279 Commentarium
916 2228 967 2279 in
997 2226 1389 2293 Menandrum;
1430 2229 1503 2283 De
1536 2232 1751 2296 metris;

170 2316 239 2368 De
267 2318 520 2369 comoedia
545 2335 563 2381 ;
588 2318 648 2369 In
683 2317 1013 2383 Euripidem.

235 2430 534 2494 Soteridas,
563 2431 906 2501 Epidaurius,
930 2444 1085 2502 pater
1132 2433 1446 2506 Pamphilae,
1473 2441 1557 2494 cui
1583 2441 1752 2495 libros

167 2535 271 2577 tres
302 2524 829 2578 Commentariorum
888 2528 1189 2595 inscripsit,
1227 2539 1284 2583 ut
1333 2533 1407 2585 ait
1460 2533 1752 2603 Dionysius

166 2615 298 2669 libro
331 2614 477 2667 XXX
511 2614 760 2668 Historiae
792 2619 1035 2670 musicaz.

236 2710 595 2778 Speusippus,
622 2706 1047 2775 Eurymedontis
1078 2708 1137 2762 F.
1166 2709 1411 2765 Platonis
1438 2727 1504 2765 ex
1540 2726 1749 2779 sorore,

163 2800 390 2866 Putone,
458 2817 649 2870 nepos,
685 2802 903 2856 auditor
948 2811 1001 2856 et
1029 2804 1080 2857 in
1118 2804 1409 2858 Academia
1438 2820 1746 2860 successor.

166 2890 306 2945 Vixit
371 2891 686 2962 Olympiade
712 2892 886 2947 CVIII.
921 2892 1151 2962 Scripsit
1190 2898 1447 2964 plurima,
1478 2900 1753 2965 praecipue

163 2985 557 3053 philosophica.
581 2984 703 3037 Fuit
728 2985 945 3053 ingenio
968 2995 1209 3049 austero,
1246 2988 1595 3056 maximeque
1627 2988 1738 3039 ira-

158 3077 351 3129 eundo.

226 3170 459 3237 2,:aipz.
520 3168 793 3223 Pilalusit
854 3170 1202 3225 Aristonicus
1257 3171 1563 3241 Carystius,
1615 3176 1741 3231 Ale-

159 3262 370 3322 xandri,
427 3261 587 3327 regis,
624 3261 675 3312 in
729 3261 856 3314 ludo
904 3263 1023 3329 pila:
1050 3264 1307 3316 collusor.
1375 3266 1502 3320 Pila:
1560 3269 1744 3321 inven—
1776 3263 1819 3319 (Σ

159 3352 359 3405 tionem
424 3351 720 3421 Anagallis,
775 3350 1078 3420 Corcyraea,
1133 3357 1511 3422 grammatica,
1547 3356 1741 3411 Nausi-

154 3458 281 3509 cate,
314 3446 526 3498 Alcioni
556 3446 698 3508 ﬁliae,
730 3448 998 3498 attribuit.

219 3552 519 3624 Σφυρὰδες,
579 3569 861 3621 caprarum
903 3566 947 3607 et
983 3570 1159 3607 ovium
1210 3570 1560 3614 excrementa.
1610 3564 1741 3614 (Iar-

152 3646 305 3697 einus
334 3654 496 3713 poeta
528 3645 646 3708 fuit,
686 3646 843 3714 cujus
877 3647 1015 3700 ﬁlios
1047 3662 1224 3715 parva:
1274 3660 1496 3706 statura:
1530 3655 1739 3708 Aristo-

153 3736 357 3801 pbanes
383 3739 721 3806 perstringit,
766 3748 823 3791 ut
860 3739 1096 3809 ὄρτυγας
1142 3744 1459 3810 οἰκογενεῖς,
1510 3747 1740 3813 γυλιαύ-

150 3842 305 3893 χενας
328 3828 625 3895 ὀρχηστὰς,
649 3834 989 3896 ναννοφυεῖς,
1013 3834 1302 3901 σφυράδων
1328 3837 1735 3904 ἀποκνίσματα,

151 3918 545 3985 μηχανοδίφας,
595 3931 698 3973 etc.
739 3920 1016 3987 Xenocles,
1077 3922 1292 3978 Careini
1328 3927 1492 3989 ﬁlius,
1537 3932 1737 3985 multas

148 4022 347 4075 easque
387 4010 637 4064 insolitas
678 4014 957 4065 machinas
989 4018 1054 4066 ad
1092 4018 1464 4083 pereellendos
1516 4032 1734 4087 Specta-

148 4109 287 4154 tores
316 4104 368 4153 in
394 4102 592 4155 fabulis
616 4104 727 4156 suis
750 4104 1118 4159 introduxisse
1145 4109 1369 4175 dicitur,
1389 4126 1547 4177 quem
1576 4111 1731 4167 Plato

148 4187 263 4241 ideo
286 4186 750 4258 δωδεκαμήχανον
771 4194 1024 4260 appellat.
1052 4193 1190 4248 Deos
1215 4198 1358 4248 enim
1415 4201 1735 4256 asendentes

142 4290 194 4333 et
222 4283 628 4337 descendentes
658 4285 993 4341 imitabatur.

210 4389 570 4461 Spintharus,
601 4393 967 4462 Heracleotes,
1002 4407 1155 4467 poeta
1193 4403 1449 4472 tragicus,
1478 4404 1632 4472 cujus
1663 4404 1736 4461 fa-

140 4482 275 4536 bulae
306 4493 442 4538 sunt
478 4486 923 4555 Περικιιόμενος,
966 4490 1261 4561 Ἡρακλῆς,
1292 4495 1500 4565 Σεμέλη
1530 4514 1735 4567 κεραυ-

140 4576 403 4643 νουμένη.
478 4574 617 4629 Hinc
648 4586 705 4629 ul
733 4577 1003 4634 Barbarus
1027 4592 1077 4634 et
1104 4581 1278 4652 Phryx
1315 4600 1342 4637 a
1366 4588 1591 4641 comicis
1617 4604 1736 4657 per-

138 4670 446 4739 stringitUr.

208 4775 506 4845 Spittalus,
571 4779 813 4834 medicus
873 4783 1013 4849 apud
1070 4783 1451 4840 Athenienses.
1519 4787 1729 4843 Aristo-

138 4868 342 4935 phanes
372 4887 383 4921 :
427 4868 667 4919 Ἀπελθε
700 4870 835 4939 πρὸς
866 4873 955 4941 αςοεῦ
989 4874 1318 4938 Σπιττὰλου,
1348 4880 1448 4929 Abi
1483 4882 1551 4931 ad
1582 4882 1727 4949 Spit-

136 4959 319 5013 talnm.
358 4958 439 5012 Tu
486 4976 606 5014 vero
648 4970 853 5030 guttam
889 4966 1034 5031 pacis
1070 4982 1225 5017 unam
1260 4970 1463 5023 ἰηδιιιια
1513 4974 1641 5025 mihi
1678 4974 1729 5026 in

136 5051 406 5104 calamum
432 5052 599 5105 istum
622 5068 821 5106 aereum
848 5064 940 5106 aut
962 5066 1299 5125 argenteum,
1321 5063 1511 5129 quales
1532 5065 1730 5119 habent

138 5145 354 5198 medici.

203 5235 510 5306 Spyridon,
560 5235 965 5305 Trimithantis,
1015 5241 1069 5295 in
1104 5242 1281 5313 Cypro
1311 5245 1568 5311 civitatis,
1616 5251 1732 5319 epi-

132 5342 331 5397 sropus
365 5329 544 5381 multa
569 5329 704 5382 mira
730 5330 855 5385 fecit
884 5346 937 5386 et
960 5335 1189 5389 concilio
1212 5336 1431 5393 Sicano
1459 5339 1727 5396 interfuit.

132 5418 354 5489 (Confer
388 5420 700 5487 Socratem,
728 5423 821 5478 lib.
864 5441 879 5478 ι
916 5424 1054 5483 Hist.
1085 5446 1134 5482 c.
1193 5431 1303 5500 12).

199 5598 312 5667 (25)
351 5597 888 5681 hlalelait-Kusler
918 5604 1073 5681 ad_h,
1199 5614 1329 5659 tum.
1366 5606 1457 5674 III,
1512 5628 1565 5681 p.
1599 5615 1724 5668 557.

133 5668 473 5746 Heccnim,
520 5671 830 5740 Ἐγκλειομ.
872 5684 923 5727 et
964 5676 1275 5746 Παραλυτρ.
1337 5668 1607 5746 pertinent
1655 5689 1722 5741 ad

132 5739 411 5821 Sotadem,
447 5755 751 5821 comicum,
778 5739 846 5821 ut
892 5739 1167 5821 expresse
1194 5739 1358 5821 docet
1392 5739 1713 5821 Athenaeus,

130 5808 217 5896 lib:
257 5827 350 5896 vit,
387 5827 447 5881 p.
504 5810 633 5896 ἓξ)ξέ
681 5823 733 5867 et
792 5814 886 5896 lib.
935 5808 1010 5879 ti,
1044 5832 1098 5885 p.
1142 5818 1264 5870 568.
1316 5821 1472 5876 Conf.
1524 5808 1714 5896 Supra;

132 5881 232 5937 vol.
262 5881 326 5950 ll,
364 5898 497 5952 pag.
530 5882 654 5950 493,
692 5899 777 5955 sq.
809 5884 981 5940 HARL.

1860 652 2147 707 canebant.

1933 743 2196 812 Σταυρός.
2230 745 2286 799 ln
2325 753 2741 814 septentrionali
2779 768 2928 824 parte
2959 758 3060 813 fori
3093 761 3353 815 collocata
3375 774 3459 817 est

1860 846 2017 893 Crux,
2067 833 2248 888 instar
2283 838 2448 902 illius,
2489 857 2653 908 quam
2686 844 3079 903 Constantinus
3131 867 3361 921 magnus
3404 858 3454 906 in

1859 925 1999 974 cmlo
2034 925 2187 987 vidit,
2220 943 2352 981 auro
2376 933 2634 997 obducta,
2673 937 2992 1007 habt-nsque.
3022 941 3073 992 in
3100 943 3346 1009 apicibus
3377 960 3456 999 ro-

1862 1016 2025 1066 tunda
2055 1018 2217 1071 mala.
2250 1019 2455 1075 Ibidem
2483 1023 2717 1079 ﬁliorum
2749 1028 2868 1095 ejus
2891 1040 3086 1085 statuae
3106 1046 3307 1088 aurata:
3323 1052 3453 1090 con-

1858 1104 2245 1168 spiciebantur.
2278 1108 2392 1163 Sub
2417 1111 2728 1169 Theodosio
2752 1134 2967 1187 magno,
2998 1122 3127 1189 imp.
3165 1138 3288 1177 cum
3318 1143 3451 1193 geu-

1856 1199 2031 1252 tilium
2071 1203 2267 1269 templa
2305 1214 2702 1285 everterentur,
2734 1208 2785 1261 itt
2821 1210 3096 1281 Serapidis
3131 1218 3333 1285 templo
3371 1220 3455 1273 in-

1857 1304 2029 1346 venta:
2068 1304 2196 1347 sunt
2259 1278 2685 1367 Itiemglyphicae
2744 1301 2956 1365 IIUCI‘J‘,
2990 1307 3172 1360 erucis
3220 1310 3451 1377 ﬁguram

1853 1384 2136 1439 habentes.
2171 1386 2316 1453 Quas
2338 1392 2579 1453 camilli,
2605 1393 2774 1460 quiex
2809 1397 3102 1464 gentilibus
3153 1398 3453 1458 Christiani

1856 1476 1980 1529 l'acti
2060 1478 2291 1543 fuerant,
2364 1490 2798 1551 eonsprxiSsent,
2866 1490 3144 1553 dixerunt,
3234 1492 3453 1547 Crucem

1853 1569 1993 1637 apud
2024 1570 2324 1626 litterarum
2354 1575 2886 1644 bieroglypltiearum
2915 1583 3120 1649 peritos
3139 1583 3453 1654 signiﬁcare

1852 1662 2015 1713 vitam
2056 1661 2314 1717 futuram.

1927 1750 2294 1821 Stesichorus,
2323 1756 2601 1823 Euphorbi
2628 1760 2709 1813 vel
2736 1759 3026 1830 Eupltemi,
3057 1765 3141 1819 vel
3168 1766 3442 1834 Euc‘lidis,

1852 1845 1930 1897 vel
1964 1847 2183 1899 Hesiodi
2211 1849 2294 1912 ΡΣ,
2330 1866 2394 1902 ex
2430 1851 2673 1913 Himera,
2706 1855 2839 1909 urbe
2869 1858 3087 1921 Sicilire,
3124 1858 3447 1917 Himeraeus.

1790 1918 1829 1975 Β
1858 1938 1962 1989 Alii
2006 1936 2293 2003 Matauria,
2340 1942 2503 1996 Italize
2536 1944 2777 2008 civitate,
2812 1956 2990 2003 ortum
3034 1918 3283 2008 tradunt.
3337 1955 3446 2009 Alii

1859 2029 2145 2091 I’allantio,
2183 2031 2431 2086 Arcadia:
2472 2037 2625 2098 urbe,
2671 2039 2986 2108 profugum,
3043 2042 3307 2098 Catanam
3344 2047 3449 2100 min»

1857 2138 2040 2192 grasse
2070 2124 2253 2192 ibique
2287 2127 2486 2181 obiisse
2514 2137 2563 2181 et
2597 2132 2871 2197 sepultum
2902 2142 3028 2188 ante
3054 2145 3294 2203 portant,
3322 2153 3447 2206 quae

1856 2212 1922 2263 ab
1956 2228 2022 2266 eo
2059 2211 2401 2269 Stesichorea
2444 2219 2584 2271 dicta
2615 2218 2797 2274 fuerit.
2823 2220 3017 2276 Iunior
3051 2226 3335 2292 Alcmane,
3363 2230 3446 2297 ly-

1856 2304 1990 2369 rico,
2013 2317 2173 2359 natus
2204 2318 2285 2361 est
2314 2306 2634 2378 Olympiade
2656 2310 2917 2367 XXXVII.
2954 2314 3101 2370 Obiit
3125 2316 3447 2389 Olympiade

1856 2394 1987 2449 LVI.
2018 2396 2261 2452 Fratrem
2295 2401 2482 2453 habuit
2530 2402 2935 2469 Mamertinum,
2987 2411 3298 2474 geometriae
3350 2426 3445 2479 pe-

1856 2488 2044 2553 ritum,
2076 2498 2129 2542 et
2164 2491 2562 2556 Helianactetn,
2598 2494 2983 2561 legislatorcm.
3015 2499 3135 2551 Fuit
3164 2510 3347 2556 autem
3368 2504 3447 2573 ly-

1855 2582 2023 2647 ricus,
2046 2584 2268 2651 ejusque
2301 2582 2576 2649 Poematu,
2608 2589 2797 2642 Dorica
2820 2591 3053 2644 dialecto
3076 2594 3296 2661 scripta,
3319 2605 3449 2651 sunt

1856 2671 2007 2723 libris
2066 2672 2266 2725 XXVI.
2322 2673 2529 2727 Dicitur
2570 2680 2771 2745 scripta
2822 2681 3199 2747 vituperatione
3229 2685 3448 2739 Helena:

1852 2765 2028 2817 visum
2067 2766 2335 2828 amisisse,
2378 2767 2574 2831 deinde
2604 2770 2654 2821 in
2688 2772 2897 2826 somnis
2924 2776 3186 2838 monitus,
3222 2790 3447 2847 propter

1852 2859 2179 2923 palinodiam
2213 2860 2386 2913 visum
2424 2862 2713 2929 recepisse.
2768 2863 2905 2918 Cum
2972 2869 3207 2935 primum
3268 2871 3445 2927 Tisias

1854 2959 2157 3014 vocaretur,
2189 2954 2400 3020 accepit
2431 2969 2624 3007 nomen
2665 2953 2978 3021 Stesichori,
3016 2959 3103 3013 διὰ
3148 2963 3207 3013 τὸ
3250 2964 3444 3031 στῆναι

1878 3045 2060 3113 χορὸν,
2093 3044 2237 3112 quod
2276 3046 2485 3113 primus
2518 3047 2747 3099 choruin
2781 3049 3099 3112 instituerit,
3136 3066 3256 3105 cum
3278 3067 3444 3109 cantu

1853 3138 2076 3191 citharae
2110 3136 2485 3205 conjunctum.

1926 3230 2123 3298 Stilpo,
2150 3229 2501 3299 Megarensis,
2533 3231 2913 3301 phil050pbus,
2941 3237 3032 3304 qui
3066 3236 3167 3291 fuit
3190 3241 3293 3293 sub
3318 3240 3444 3297 Pto-

1851 3331 2039 3383 lemzeo
2074 3324 2247 3390 primo
2278 3322 2581 3389 discipulus
2608 3323 2859 3385 I'asiclis,
2894 3326 3166 3394 Thebani,
3218 3334 3309 3399 qui
3342 3348 3443 3388 att-

1845 3420 2019 3473 dierat
2042 3416 2284 3471 fratrem,
2302 3412 2596 3475 Grati-tem,
2612 3423 2663 3467 et
2681 3414 3003 3480 lliocli-lem,
3029 3418 3437 3489 Megarensem;

1847 3510 1895 3563 is
1930 3524 2057 3561 vero
2089 3504 2389 3568 Euclidem,
2419 3504 2745 3572 discipulum
2772 3508 3039 3565 Platonis.
3074 3513 3303 3567 Praefuit
3331 3514 3441 3569 Me-

1843 3601 2036 3669 gariczc
2090 3596 2313 3660 scholae,
2356 3604 2410 3649 et
2441 3597 2685 3667 dialogos
2737 3602 2961 3670 scripsit
2998 3618 3103 3655 non
3155 3608 3441 3673 pauciores

1842 3691 2059 3760 viginti.

1914 3782 2071 3845 Στοὰ,
2108 3781 2365 3845 porticus,
2399 3779 2450 3831 itt
2486 3795 2593 3848 qua
2625 3780 2819 3847 Stoici,
2850 3784 3102 3851 Στωϊκοὶ,
3142 3788 3234 3857 qui
3273 3802 3437 3845 antea

1842 3871 2089 3934 Zenonii,
2126 3872 2355 3926 Athenis
2382 3872 2673 3927 docebant.
2707 3875 2836 3930 Haec
2876 3880 3253 3947 appellabatur
3276 3892 3436 3936 antea

1843 3963 2308 4026 πεισιανάκτειος,
2339 3964 2537 4018 deinde
2560 3981 2588 4017 a
2626 3965 2913 4036 Polygnoti
2940 3972 3149 4038 pictura
3182 3973 3322 4026 dicta
3354 3984 3438 4028 est

1841 4055 2083 4125 ποικίλη.
2127 4055 2183 4108 In
2218 4057 2307 4109 illa
2363 4056 2712 4114 inambulans
2751 4059 2920 4125 Zeno,
2976 4063 3207 4125 Citieus,
3260 4068 3437 4122 disse-

1844 4150 2017 4200 relal.
2048 4148 2161 4200 Sub
2188 4146 2339 4200 XXX
2373 4149 2619 4217 tyrannis
2648 4160 2830 4204 autem
2865 4152 3010 4207 mille
3046 4155 3434 4226 quadringenti

1841 4240 1987 4290 cives
2018 4240 2087 4290 ibi
2130 4241 2403 4294 interfecti
2430 4250 2580 4295 sunt.

1911 4330 2128 4394 Strabo,
2184 4332 2513 4401 Amasenus,
2562 4336 2926 4407 philos0phus
2983 4346 3037 4392 et
3067 4342 3432 4413 geographus,

1840 4418 2030 4485 (Infra,
2072 4422 2301 4493 Strato.)

1910 4513 2113 4576 Strato,
2148 4516 2390 4570 comicus
2422 4518 2611 4572 mediae
2640 4520 2940 4576 commdiae.
2972 4522 3049 4576 Ex
3087 4525 3206 4594 ejus
3235 4526 3431 4582 tabulis

1840 4614 1955 4657 erat
1979 4606 2175 4673 φοῖνιξ.

1910 4712 2117 4780 Strato,
2150 4715 2578 4786 Lampsacenus,
2631 4722 3010 4793 philosophus,
3063 4726 3430 4797 Theophrasti

1838 4803 2141 4871 discipulus
2174 4819 2226 4861 et
2252 4825 2559 4875 successor,
2592 4814 2737 4867 Illius
2764 4816 3028 4871 Arcesilai
3056 4820 3137 4871 vel
3190 4821 3425 4886 Arcesii,

1839 4901 2161 4964 cognomine
2204 4901 2492 4973 Physicus,
2542 4908 2687 4976 quod
2744 4927 2853 4977 pra:
2899 4914 3111 4967 caeteris
3172 4916 3429 4971 omnibus

1842 4988 2078 5057 physica!
2093 4997 2541 5063 contemplationi
2562 5000 2781 5057 deditus
2799 5012 2945 5057 esset
2968 5021 2980 5067 ;
3012 5007 3276 5074 magister
3299 5006 3429 5061 Pto-

1838 5080 2011 5133 lemai
2046 5083 2403 5154 Philadelphi,
2440 5090 2646 5143 multos
2676 5092 2846 5147 libros
2876 5096 3117 5163 scripsit.

1912 5173 2115 5240 Strato,
2151 5179 2479 5245 Amasenus,
2512 5180 2890 5252 philosophus,
2930 5188 3022 5256 qui
3052 5189 3188 5242 vixit
3211 5189 3315 5244 sub
3338 5188 3429 5244 Ti-

1841 5263 2011 5327 berio,
2043 5264 2279 5319 Caesare.
2308 5267 2539 5339 Scripsit
2566 5276 2912 5345 geographiae
2936 5278 3109 5333 libros
3143 5277 3259 5333 VH.
3288 5281 3425 5350 (lmo

1842 5356 2059 5420 Strabo,
2091 5359 2257 5413 libros
2288 5362 2446 5434 xvn.)

1913 5446 2542 5523 Strattis,Athenieusis,
2575 5459 2835 5530 tragicus.
2863 5461 2994 5529 Ejus
3025 5462 3224 5520 fabulze
3258 5478 3422 5524 sunt:

1914 5622 2025 5705 (26)
2064 5624 2286 5705 Boetius
2318 5629 2552 5705 Oasites,
2586 5644 2740 5690 ortus
2767 5652 2830 5689 ex
2868 5639 3002 5692 urbe
3044 5642 3258 5705 'Oactc,
3304 5657 3430 5705 quas

1836 5698 1996 5785 vulg-0
2045 5700 2351 5785 urgebatur,
2382 5703 2643 5785 fracte,
2706 5698 3266 5785 L_yd_ite_._V._i_Stc-plt.
3298 5698 3430 5785 _By.

1832 5774 2060 5889 palatina
2092 5769 2312 5839 ’Ὑασις,
2344 5784 2396 5829 ct
2438 5769 2643 5833 Kt'tstcr
2689 5769 2769 5833 adv
2810 5778 2965 5835 Suid.
3021 5781 3110 5846 III,
3136 5769 3261 5853 pag.
3296 5769 3427 5841 357.
