4208 6496
723 383 853 450 1351

1921 375 2164 438 INDEX
2203 364 2693 438 SCRIPTORUM

3843 370 3986 434 135?.

731 496 1237 568 Ἀνθρωπορέστης,
1275 490 1596 558 Ἀταλάντη,
1615 487 1838 558 Ἀγαθοὶ
1863 489 1976 544 sive
2004 490 2292 560 Ἀργυρίου

2402 495 2498 549 est,
2517 484 2804 546 oriundus,
2819 481 3194 552 philosOphus,
3211 479 3498 550 eplscopus
3511 477 3893 540 Ptolemaidis.
3916 495 3986 536 ex

718 590 1044 660 ἀφανισμδς,
1085 585 1388 654 Ἰφιγέρων,
1423 583 1782 652 Καλλιπίδης,
1821 581 2112 650 Κινησίας,
2148 583 2288 650 Λιμ-

728 685 978 754 ιομέδων,
1035 679 1371 742 Μακεδόνες,
1427 677 1657 746 Μήδεια,
1689 675 1949 743 Τρωΐλος,
1991 676 2288 735 Φοίνισσαι,

719 777 1072 840 Φιλοκτήτης,
1111 770 1456 839 Χρύσιππος,
1503 769 1834 826 Παυσανιας,
1881 763 2188 834 Ψυχασταὶ,
2237 770 2294 815 ιιι

733 868 883 922 testis
902 867 1196 919 Athenazus
1237 864 1288 916 in
1347 859 1800 927 DipnosOphistis.

791 959 1039 1018 Studius,
1073 957 1326 1025 dynasta,
1364 952 1454 1020 qui
1487 948 1903 1002 celeberrimum
1941 945 2068 998 illud
2105 959 2294 998 mona-

722 1059 950 1109 sterium
985 1049 1186 1121 (CPuli)
1227 1045 1489 1098 condidit.
1525 1043 1650 1096 Fuit
1683 1042 1809 1094 olim
1833 1040 2069 1096 Ecclesia
2103 1041 2300 1092 Catho-

721 1149 972 1208 lieorum,
1005 1151 1186 1212 postea
1221 1149 1488 1191 mutatum
1519 1145 1600 1188 est
1623 1135 1674 1186 in
1706 1137 2118 1185 monasterium.
2155 1132 2297 1182 ldem

725 1239 946 1292 Studius
982 1234 1236 1302 princeps
1261 1229 1428 1281 :edem
1448 1225 1776 1290 archangeli,
1806 1220 2104 1276 Michaelis.
2129 1218 2302 1271 Naro-

724 1334 827 1392 liae,
857 1327 1116 1390 condidit,
1159 1325 1213 1377 in
1261 1337 1420 1390 quem
1455 1329 1508 1372 et
1547 1331 1732 1370 versus
1763 1317 1965 1370 heroici
2001 1315 2249 1368 feruntur
2283 1331 2296 1366 :

722 1477 974 1529 Στούδιον
997 1473 1198 1541 ἀγλαδν
1234 1489 1381 1522 οικον
1411 1465 1689 1541 ὲόξξίμαῖο,
1727 1461 2174 1541 κοιρπαὶλῇωίᾷξ

721 1543 822 1598 Ἦν
856 1529 1055 1614 κάμεν,
1109 1543 1306 1611 εὕρατο
1353 1529 1564 1606 pubi»),
1607 1536 1741 1586 ἑλὼν
1783 1529 2056 1600 ὗπαττιῖδσ.
2085 1529 2301 1600 ῥάϐδον.

796 1679 1090 1734 Suetonius
1111 1671 1494 1745 (Σευητὸνιος),
1525 1670 1702 1723 dictus
1725 1669 2095 1737 Tranquillus,
2128 1680 2306 1735 gram-

725 1776 956 1826 maticus
997 1771 1298 1824 Romanus.

799 1883 1154 1952 Superiauus,
1212 1879 1477 1949 sophista,
1533 1873 1992 1946 generelsaurus,
2029 1869 2304 1922 Laehiaris

724 1975 1047 2043 discipulus,
1101 1971 1396 2040 ὀψιμαθὴς,
1455 1969 1544 2036 qui
1569 1981 1740 2019 annos
1796 1965 2028 2032 amplius
2087 1961 2302 2029 triginta

727 2077 888 2120 natus
936 2065 1152 2118 demum
1190 2063 1354 2124 C(Ppil
1383 2069 1664 2112 oratorum
1705 2057 1873 2110 libros
1913 2056 2088 2122 legere
2139 2061 2191 2105 et
2239 2053 2303 2104 act

727 2157 1039 2225 disciplinas
1069 2154 1316 2206 liberales
1347 2151 1590 2204 animum
1623 2147 1876 2213 adjicere,
1905 2153 2084 2196 tamen
2122 2145 2305 2194 labore

729 2249 978 2316 improbo
1009 2257 1060 2300 et
1094 2243 1275 2313 ﬂagris
1328 2243 1512 2305 etiam,
1563 2242 1760 2310 quibus
1792 2255 1848 2292 sc
1871 2237 1981 2305 ipse
2009 2235 2060 2286 in
2099 2235 2306 2286 balneis

727 2337 986 2396 concidit,
1009 2349 1070 2386 ea
1100 2332 1340 2392 edidicit,
1364 2345 1485 2398 quae
1513 2344 1540 2380 a
1570 2327 1758 2396 pueris
1787 2325 2027 2394 magistri
2057 2324 2300 2390 exigunt.

727 2429 911 2494 itaque
945 2425 996 2476 iu
1036 2421 1230 2476 celebri
1276 2419 1611 2472 Athenarum
1645 2417 1778 2470 urbe
1823 2416 1992 2469 evasit
2040 2415 2302 2484 sophista,

729 2519 972 2571 Lat-hare
1000 2515 1166 2584 gloria
1199 2527 1306 2565 non
1334 2513 1502 2564 multo
1537 2509 1780 2563 inferior.
1807 2507 1938 2560 Nam
1972 2510 2106 2570 scio,
2139 2506 2305 2561 etLa-

729 2611 947 2663 (harem
1003 2606 1303 2674 sophistam
1333 2603 1530 2656 factum
1575 2601 1852 2670 diligentia
1904 2599 2095 2668 magis,
2141 2613 2300 2667 quant

731 2699 967 2768 ingenio.
1008 2697 1140 2764 Ejus
1174 2695 1317 2748 enim
1377 2694 1653 2746 orationes
1689 2693 1814 2760 legi,
1849 2707 1878 2744 e
1910 2692 2108 2759 quibus
2149 2689 2304 2742 valde

730 2798 1030 2856 accuratus
1065 2788 1216 2850 mihi,
1267 2787 1360 2840 sed
1391 2785 1608 2854 ingenio
1631 2783 2024 2837 tardiorevisus
2053 2791 2157 2836 est.
2182 2781 2304 2833 Elii-

731 2881 842 2951 δῖος
863 2893 1090 2950 quoque
1116 2879 1234 2946 ejus
1263 2876 1525 2929 referebat
1560 2877 1756 2938 virum,
1781 2875 1847 2928 ad
1882 2874 2058 2927 studia
2084 2875 2300 2942 quidem

733 2966 1050 3033 tardioicm,
1081 2969 1172 3022 sed
1203 2969 1348 3020 vultu
1398 2965 1626 3035 pulchro
1659 2975 1714 3018 et
1767 2965 1880 3027 tali,
1908 2965 1999 3032 qui
2049 2966 2300 3016 virtutem

735 3063 1100 3132 polliceretur,
1133 3071 1185 3113 et
1214 3060 1412 3127 dignus
1443 3069 1578 3120 erat,
1611 3059 1702 3126 qtti
1737 3059 2092 3126 philosolthus
2125 3055 2303 3124 potius

2394 579 2586 630 ordine
2609 573 2953 628 sacerdotali.
2980 571 3212 640 Scripsit
3242 571 3410 625 libros
3436 572 3678 627 diversos
3709 581 3766 624 et
3795 587 3988 640 gram-

2395 667 2622 720 maticos
2635 673 2687 718 et
2703 663 3127 733 philosophicas,
3149 664 3383 732 itemque
3397 659 3682 716 Orationes
3703 661 3771 714 de
3787 675 3988 726 regno,

2393 765 2448 808 et
2475 755 2763 810 Orationes
2807 755 3156 824 panegyricas
3211 755 3325 807 sive
3363 752 3578 822 generis
3634 753 3992 804 demonstra-

2396 845 2509 898 tivi.
2539 847 2666 900 Item
2699 845 3014 898 Erit-omium
3039 845 3294 906 cali‘itiei,
3321 855 3372 896 et
3396 845 3708 896 Orationem
3741 842 3994 894 admira-

2397 938 2557 990 bilem
2614 940 2680 990 de
2725 937 3090 996 Providentia,
3132 951 3326 1004 genere
3365 935 3576 990 dicendi
3611 932 3942 986 Grzecauico
3975 947 3988 996 ;

2399 1030 2644 1096 aliosque
2675 1028 2941 1095 plurimos
2981 1037 3036 1080 et
3074 1027 3315 1079 diversos
3371 1026 3600 1086 lihellos,
3633 1033 3686 1077 et
3719 1033 3994 1091 praeterea

2401 1121 2689 1191 Epistolas,
2731 1132 2852 1187 quae
2902 1121 3042 1186 apud
3091 1133 3279 1170 omnes
3330 1117 3380 1170 in
3423 1131 3618 1185 magno
3667 1113 3843 1184 pretio
3895 1112 3998 1164 ha-

2401 1215 2616 1268 bentur.

2475 1305 2878 1372 Συντακτὴριος
2951 1300 3212 1368 Origenes
3291 1297 3590 1368 appellatus
3648 1297 3774 1362 fuit,
3841 1295 3998 1364 quod

2402 1397 2605 1448 multos
2637 1397 2802 1447 libros
2825 1394 3240 1462 conscripsisset
3273 1393 3408 1460 (Ἦ).

2473 1485 2644 1554 Σύρα,
2681 1485 2812 1553 Syra
2851 1485 2962 1552 (9.8)
3003 1486 3140 1552 apud
3183 1481 3460 1534 liotnauos
3495 1482 3674 1534 divina
3729 1480 3996 1548 epistola.

2475 1595 2757 1664 Syrianus,
2793 1595 3216 1650 Alexandrinus,
3257 1593 3634 1660 philosophus,
3695 1593 3790 1660 qui
3819 1593 3996 1642 Athe-

2407 1687 2582 1740 niensi
2611 1687 2807 1739 schola:
2831 1695 2882 1738 et
2915 1686 3168 1737 Diatrihar
3195 1683 3406 1753 prtcl'ait
3437 1701 3450 1748 ;
3495 1685 3756 1750 magister
3787 1683 3996 1740 Procli.

2338 1825 2379 1876 Β
2408 1779 2496 1846 qui
2532 1777 2630 1831 fuit
2666 1779 2835 1845 ipsius
2875 1795 3176 1832 successor.
3241 1778 3472 1846 Scripsit
3501 1779 3550 1830 in
3586 1789 3758 1832 totum
3796 1777 3998 1830 "erne-

2407 1868 2998 1922 rumCommentariun:
3049 1871 3165 1922 libri
3219 1869 3336 1932 VII;
3377 1869 3441 1922 In
3509 1871 3689 1937 Remp.
3741 1869 3998 1923 Platoni:

2407 1959 2575 2012 libros
2613 1957 2714 2024 IV;
2753 1961 2811 2012 In
2843 1959 3034 2028 Orphei
3063 1962 3388 2029 Theologium
3431 1963 3598 2015 libros
3627 1965 3666 2015 ll
3696 1982 3710 2024 ;
3753 1961 3822 2014 In
3865 1963 3998 2015 1³η)-

2409 2053 2565 2114 dum,
2603 2055 2692 2114 Ei;
2715 2054 2782 2104 τὰ
2823 2055 3064 2123 Πρνὶκὶοδ
3101 2056 3358 2124 περὶτῶν
3389 2056 3512 2124 παρ’
3554 2055 3732 2123 Ὀμήρ
3755 2079 3782 2123 ρ
3831 2057 3998 2114 Θεῶν,

2406 2145 2473 2198 de
2519 2147 2623 2198 diis
2665 2145 3003 2212 Homericis;
3045 2146 3370 2200 Consensum
3417 2147 3626 2214 Orphei,
3673 2148 4000 2216 Pylhagon‘r

2405 2247 2454 2288 et
2487 2233 2770 2298 I’latonis;
2809 2237 2879 2288 De
2907 2240 3158 2300 oracut'is,
3183 2238 3348 2291 libros
3379 2237 3448 2299 Χ,
3479 2251 3530 2292 et
3557 2241 3692 2291 alias
3723 2243 3998 2306 quasdam

2404 2329 2802 2382 enarrationes.
2840 2329 3104 2390 Isidorus,
3151 2331 3532 2398 philosophus,
3577 2343 3632 2383 ut
3667 2331 4002 2384 Damascius

2407 2423 2500 2482 ait,
2524 2421 2706 2472 omnia
2740 2430 2978 2472 veterum
3015 2422 3213 2488 scripta
3234 2421 3642 2472 accuratissime
3673 2421 4002 2474 examinare

2407 2527 2515 2563 non
2557 2512 2880 2574 desinebat;
2935 2513 3025 2566 sed
3091 2521 3210 2580 post
3263 2511 3564 2570 Platonem,
3608 2510 3928 2566 Jambliclto
3949 2523 4002 2564 et

2405 2605 2692 2660 Jamblichi
2739 2607 2931 2660 amicis
2985 2622 3048 2659 ac
3105 2607 3396 2660 comitibus
3469 2621 3688 2673 cperam
3753 2607 4002 2658 maxime

2404 2695 2586 2760 dabat,
2611 2711 2844 2764 quorum
2868 2698 3130 2762 optimutn
3165 2711 3284 2749 esse
3309 2695 3609 2748 allirmabat
3633 2699 3808 2750 civem
3835 2713 3998 2750 suum

2407 2785 2720 2854 Syriauum.
2797 2785 2976 2839 Procli
3035 2785 3381 2852 magistrum.
3468 2785 3752 2840 Neminem
3847 2804 4000 2848 vero,

2406 2879 2550 2944 quod
2570 2877 2785 2946 quidem
2809 2877 2874 2929 ad
2905 2893 3042 2931 verre
3072 2879 3310 2932 scientiae
3333 2879 3706 2934 collectionem
3743 2881 3998 2945 attineat,

2405 2969 2860 3021 contemnendum
2904 2983 3024 3022 esse
3052 2971 3324 3024 censebat.

3195 3059 3239 3111 Τ

733 3167 896 3220 quam
953 3150 1196 3217 sophista
1221 3155 1526 3201 vocaretur.
1557 3146 1907 3213 NamaliOqui
1935 3145 2206 3198 Lachares
2237 3145 2316 3196 vir
2342 3153 2388 3212 (ζ
2492 3149 2700 3214 Τάϐλα,
2753 3149 2956 3203 tabula.
2991 3149 3201 3203 Nomen
3233 3149 3403 3212 lusus,
3459 3166 3620 3219 quem
3679 3150 3999 3207 Palamedes

737 3244 836 3295 luit
875 3241 984 3295 Deo
1009 3242 1226 3298 charus,
1255 3239 1346 3306 qui
1367 3239 1540 3290 visum
1567 3237 1828 3290 antissqu
1863 3237 2027 3290 etiam
2053 3237 2196 3288 illius
2221 3237 2312 3290 be-

736 3335 932 3388 nelicio
959 3331 1180 3398 recepit.
1211 3329 1310 3398 (Ex
1349 3330 1680 3396 Damascio.)

807 3422 1112 3494 Sybaritica
1164 3421 1647 3488 apoplttliegmata,
1708 3417 1850 3486 apud
1901 3415 2310 3483 Epicharmum.

739 3515 1052 3585 Sybaritica:
1076 3510 1291 3571 fabulae,
1320 3511 1370 3562 id
1414 3518 1496 3562 est
1527 3507 1816 3575 Aisopicze.
1839 3505 1904 3559 Et
1927 3505 2264 3574 proverbium
2299 3521 2311 3554 :

740 3609 988 3678 Sybarita
1021 3619 1112 3671 per
1145 3604 1398 3671 plateam,
1427 3601 1481 3653 in
1507 3615 1600 3654 eos
1634 3601 1727 3669 qui
1760 3599 1995 3666 superbo
2026 3597 2193 3665 gradu
2231 3597 2315 3648 in-

739 3677 965 3762 cedunt;
984 3695 1247 3766 Sybaritas
1267 3691 1556 3756 luxuriosi,
1577 3691 1844 3760 praecipue
1859 3689 1946 3742 illc
1964 3687 2315 3757 Mindyridcs,
2351 3677 2362 3686 ’

739 3800 848 3842 ειο.

815 3871 1405 3945 Συγχρωτίζεσθαι,αι1
1445 3871 1674 3939 aliquem
1736 3871 1997 3932 accedere,
2055 3869 2161 3923 hoc
2215 3878 2318 3932 est,

745 3969 1092 4038 prmiliariter
1137 3982 1255 4019 cum
1304 3965 1482 4032 aliqua
1553 3963 1774 4015 versari.
1833 3960 2061 4023 Zenoni,
2125 3961 2321 4023 Citieo,

745 4063 1030 4118 oraculum
1053 4057 1377 4118 consulenti,
1399 4070 1507 4125 quo
1527 4062 1686 4124 pacto
1706 4053 1916 4107 beatam
1933 4054 2094 4106 vitam
2117 4053 2310 4119 degere

747 4163 931 4222 posset
971 4169 984 4204 :
1035 4153 1168 4203 deus
1231 4146 1508 4215 respondit
1556 4161 1571 4198 :
1620 4144 1684 4196 Et
1732 4143 2158 4213 συγχρωτίζοιτο
2211 4143 2324 4204 τοῖς

745 4245 982 4314 νεκροῖς,
1004 4239 1060 4294 Si
1077 4237 1418 4308 familiariter
1443 4249 1558 4286 rum
1577 4235 1796 4286 mortuis
1815 4243 2124 4295 versaretur,
2147 4231 2202 4284 id
2243 4239 2328 4284 est

745 4351 870 4391 cum
900 4331 1118 4400 scriptis
1151 4343 1205 4382 et
1231 4329 1382 4380 libris
1399 4327 1769 4395 antiquorum.

820 4449 1082 4516 Symeon,
1112 4441 1380 4496 mirabilis
1413 4439 1502 4493 ille
1527 4439 1609 4492 vir
1639 4437 1752 4509 (qui
1781 4437 1940 4506 vulgo
1967 4435 2166 4491 dicitur
2195 4435 2324 4506 Sty-

2417 3259 2612 3314 magna
2637 3259 2757 3297 cum
2777 3245 3040 3311 sapientia
3063 3245 3289 3307 invenit,
3309 3257 3366 3297 ut
3383 3248 3654 3300 exercitus
3675 3246 3994 3301 Graecorum

2420 3335 2664 3398 haberet,
2689 3349 2798 3402 quo
2821 3343 3036 3402 tempus
3067 3335 3292 3388 falleret.
3323 3333 3378 3387 In
3413 3338 3514 3388 hoc
3537 3339 3656 3390 lusu
3683 3340 3876 3392 tabula
3917 3349 3998 3390 est

2419 3424 2657 3476 mundus
2694 3424 2990 3476 terrestris.
3047 3422 3342 3476 Duodecim
3386 3425 3542 3476 κάδοι
3601 3427 3718 3479 sive
3771 3438 3996 3495 scripta.

2416 3515 2652 3569 circulus
2678 3515 2956 3569 zodiacus.
2987 3515 3232 3570 Fritillus
3262 3527 3314 3570 et
3341 3523 3390 3568 in
3415 3531 3479 3570 eo
3507 3530 3714 3584 septem
3755 3529 3994 3577 tessera’.

2419 3620 2626 3674 septem
2668 3609 2834 3660 stellae
2873 3607 3212 3676 planetarum
3243 3625 3258 3674 ;
3289 3609 3552 3662 turricula
3584 3624 3736 3668 vero,
3767 3613 3996 3664 altitudo

2420 3697 2571 3761 coeli,
2607 3713 2670 3751 ex
2701 3713 2810 3764 quo
2861 3701 3027 3752 multa
3059 3703 3201 3754 bona
3235 3709 3287 3753 et
3325 3699 3465 3752 mala
3513 3701 3776 3756 omnibus
3809 3717 3996 3772 repen-

2419 3789 2644 3845 duntur.

2494 3881 2574 3934 Τὰ
2611 3882 2654 3933 δ’
2684 3885 2748 3933 ἐκ
2779 3881 3052 3953 τρίποδος,
3090 3897 3154 3936 ea:
3185 3883 3386 3950 tripode
3420 3884 3588 3943 dicta,
3619 3884 3688 3937 de
3715 3885 3884 3938 rebus
3909 3900 3998 3938 ve.

2425 3975 2678 4028 rissimis.
2705 3973 2842 4025 Cum
2875 3975 3196 4038 Aristoclea,
3225 3989 3346 4041 qua:
3374 3983 3492 4026 erat
3515 3973 3728 4042 Pythia,
3765 3991 3882 4028 rem
3907 3977 3998 4028 ha-

2426 4061 2616 4116 buisse
2677 4059 2842 4112 lrater
2873 4061 3094 4125 dicitur,
3133 4073 3186 4113 et
3221 4060 3442 4112 oracula
3475 4077 3598 4129 qum
3654 4064 3854 4128 Apollo
3911 4077 3996 4130 per

2425 4166 2546 4205 eam
2602 4153 2885 4214 edidisset,
2915 4160 2974 4204 ut
3007 4165 3134 4203 vera
3183 4152 3496 4204 adnotasse.
3551 4151 3628 4204 De
3686 4156 3996 4222 Apollonio,

2428 4240 2668 4311 Tyaneo,
2688 4241 3051 4294 Philostratus
3073 4257 3086 4291 :
3110 4238 3224 4293 Non
3246 4251 3364 4293 erat
3383 4241 3639 4308 copiosus
3663 4241 3718 4294 in
3749 4241 3994 4300 dicendo,

2431 4345 2604 4400 neque
2633 4331 2838 4385 ironice
2867 4333 3174 4401 loquentem
3210 4331 3495 4402 quisquam
3539 4333 3770 4393 audivit,
3827 4346 3996 4398 neque

2429 4437 2614 4477 coram
2641 4425 2980 4476 auditoribus
3007 4439 3064 4477 se
3084 4423 3402 4488 jactantem,
3425 4425 3518 4476 sed
3541 4433 3799 4492 tauquam
3827 4439 3890 4476 ex
3909 4425 4000 4475 tri.

750 4507 908 4608 (iter).
946 4537 1016 4590 De
1047 4507 1146 4590 hoc
1165 4551 1288 4588 cum
1313 4531 1534 4602 Egypti
1561 4507 1812 4585 monachi
1841 4530 2174 4582 audivissent
2200 4545 2320 4582 eum
2356 4507 2402 4566 θ
2427 4517 2580 4582 Pudet
2605 4515 2721 4567 ποτε
2755 4515 2952 4578 aiebat.
2975 4525 3028 4568 ει
3047 4515 3257 4568 Videtur
3280 4513 3435 4567 mihi.

752 4629 806 4682 in
847 4631 1099 4680 columna
1134 4635 1302 4688 stare,
1355 4637 1467 4674 rem
1514 4621 1788 4674 insolitam
1833 4620 2153 4673 dantnantes
2189 4619 2326 4686 (ipse

749 4721 896 4774 enim
937 4718 1145 4788 primus
1179 4717 1280 4767 hoc
1316 4711 1563 4780 fecerat),
1587 4727 1711 4766 eum
1741 4727 1803 4764 ex
1836 4720 1980 4764 cmtu
2013 4726 2114 4764 suo
2145 4711 2328 4764 exclu-

751 4821 960 4868 serunt.
986 4809 1176 4862 Postea
1201 4821 1351 4868 vero,
1381 4803 1594 4873 cognita
1617 4803 1718 4855 viri
1757 4803 1902 4855 illius
1947 4803 2054 4853 vita
2077 4807 2130 4852 et
2157 4799 2324 4852 animi

753 4900 1042 4962 modestia,
1067 4911 1262 4950 rursus
1290 4909 1415 4949 eum
1447 4895 1498 4946 in
1531 4901 1732 4946 cretum
1785 4907 1943 4946 suum
1978 4899 2324 4959 receperunt.

751 4997 830 5051 Ad
860 4997 1001 5047 hunc
1019 4991 1352 5050 Marcianus,
1368 4987 1498 5056 imp.
1518 4985 1753 5039 hominis
1765 4984 1960 5055 privati
1985 4984 2168 5036 habitu
2183 4981 2323 5036 claui

752 5087 918 5140 venit.

823 5177 929 5229 Σὺν
951 5175 1006 5227 δὲ
1023 5172 1150 5226 Θεοὶ
1179 5171 1444 5241 μάκαρες.
1481 5165 1595 5219 Hoc
1623 5165 1898 5236 Rhapsudi
1932 5164 2178 5218 acriuere
2237 5179 2328 5218 so-

756 5269 940 5322 lebant
972 5285 984 5319 :
1019 5275 1079 5320 ut
1103 5261 1414 5326 citharoedi,
1459 5258 1600 5312 Ἀλλ’
1629 5257 1782 5320 ἄναξ,
1817 5259 1994 5326 χαῖρε.
2027 5255 2153 5311 Haec
2181 5257 2328 5310 enim

755 5363 1169 5432 epiphonemata
1193 5355 1334 5424 apud
1358 5363 1564 5406 veteres
1595 5359 1780 5420 poetas
1797 5349 1974 5404 obvia.

831 5453 1115 5523 Synesius,
1152 5445 1426 5514 Pentapoli
1463 5443 1776 5506 Thebaidis,
1801 5457 1921 5510 qua;
1951 5441 2006 5494 in
2036 5438 2202 5510 Libya
2228 5439 2331 5496 sita

834 5659 944 5726 (27)
975 5653 1113 5712 Falli
1140 5652 1384 5716 Suidam,
1409 5665 1533 5726 gum
1559 5648 1822 5726 Origenes
1844 5652 2067 5700 auctore
2091 5643 2330 5726 ιιξρξρὴιι-

762 5716 879 5792 nlo,
911 5716 1243 5793 Συντὰκτης.
1278 5719 1808 5793 ιιοιι-Συντακεῄριος
1840 5727 2064 5793 vocatus
2115 5716 2328 5778 luisset,

763 5783 947 5858 monet
978 5783 1264 5850 Kuster'ad
1293 5793 1345 5847 It.
1381 5791 1419 5842 l.
1454 5799 1584 5844 tom.
1619 5783 1711 5844 III".
1745 5801 1798 5856 p.
1835 5785 1959 5840 408.
1989 5783 2159 5838 ιΙΑιιι..

2502 4626 2583 4680 Τὰ
2601 4629 2664 4681 ὲκ
2689 4627 2972 4696 Τρίποδο;.
3007 4625 3198 4694 Apollo
3243 4626 3544 4681 vaticinans
3568 4627 3740 4678 utitur
3761 4624 4000 4692 Tripodr,

2421 4731 2642 4794 propter
2675 4721 2776 4772 tria
2833 4733 3010 4770 rerum
3049 4727 3312 4786 tempora.
3347 4717 3636 4778 Homerus,
3713 4715 3785 4776 0;
3813 4717 3862 4783 γ’
3891 4715 4001 4783 ᾔδει

2421 4813 2490 4866 τά
2524 4810 2730 4864 τέόντα
2764 4809 2832 4860 τά
2859 4805 2906 4858 τ’
2937 4806 3228 4874 ἐσσόμενα,
3255 4807 3358 4873 πρό
3379 4803 3424 4855 τ’
3449 4805 3626 4864 ἐόντα,
3647 4804 3754 4867 Ωιιὶ
3785 4809 3927 4854 norit
3957 4811 4002 4854 et

2426 4903 2706 4974 prwsentia
2722 4911 2768 4952 et
2789 4900 2971 4968 futura
2985 4909 3032 4950 et
3050 4897 3340 4966 pra'terita.
3365 4899 3455 4965 Ap:
3469 4895 3596 4948 .llini
3619 4905 3654 4946 ιι
3673 4897 3794 4962 ipus
3807 4910 4002 4946 aureus

2433 4994 2616 5054 Cessit,
2635 5007 2666 5045 a
2687 4990 3048 5060 piscatoribus
3072 4989 3284 5042 oblatus
3305 4989 3536 5056 primum
3555 5001 3627 5038 vlt
3647 4989 4000 5054 sapientibus;

2431 5087 2550 5148 sed,
2575 5099 2698 5136 cum
2733 5083 2782 5135 hi
2818 5083 2964 5134 illum
2995 5079 3364 5148 repudiarent,
3423 5080 3582 5131 datus
3611 5077 3718 5129 fuit
3751 5077 4000 5145 Apollini,

2433 5175 2576 5229 velut
2612 5173 3037 5241 SapiettliSsitIto,
3075 5172 3161 5224 cui
3193 5176 3318 5222 dare
3338 5171 3622 5221 oraculum
3651 5169 3916 5235 jusserat.

2507 5267 2589 5317 Τὰ
2613 5265 2788 5317 ἐκτῶν
2818 5264 3044 5333 ἁμαξῶν
3076 5263 3406 5332 σκώμματα,
3441 5260 3522 5312 Ea:
3550 5261 3810 5328 plaustris
3850 5261 4004 5310 dit-tr-

2437 5359 2541 5411 ria.
2575 5357 2804 5411 Athenis
2829 5359 2881 5410 in
2909 5357 3050 5412 festo
3065 5355 3298 5420 Chomn,
3323 5356 3415 5424 qui
3441 5363 3810 5407 eomessatum
3843 5357 4000 5406 ibant.

2440 5447 2703 5518 plaustris
2735 5447 2811 5500 vel
2868 5448 3058 5502 obvios
3105 5445 3351 5502 dictet-iis
3396 5454 3448 5498 et
3477 5444 3736 5498 convitiis
3773 5445 4002 5496 insecta-

2509 5645 2626 5716 (28)
2655 5643 2886 5700 Videtur
2945 5647 3146 5702 Suidas
3194 5645 3336 5700 male
3383 5641 3672 5712 scripsisse
3721 5640 3872 5710 Σύρα
3921 5651 4004 5710 pro

2439 5719 2646 5786 Σάκρει,
2677 5716 2862 5772 Sacra.
