4208 6496
197 454 331 518 1353

1427 435 1523 494 DE
1564 432 1846 504 QUEBY'Q
1895 431 2186 489 FileAS.

3308 420 3447 489 1354

186 570 404 622 bantur,
438 559 579 614 [deni
619 557 671 608 in
715 552 924 606 Lernaeis
948 558 1140 622 postea
1172 546 1464 602 faciebant.
1497 546 1756 599 Mulieres
1797 548 1842 604 Α
1874 545 2036 594 ιιιυιιὶι
2088 551 2544 599 retrocesscrunt,
2590 552 2743 608 tui-pe
2783 541 3044 595 ducentes
3078 553 3202 593 cum
3256 543 3448 596 mulie-

186 652 594 710 Atheniensium
627 689 641 711 ,
692 645 935 713 plaustro
1004 649 1208 705 vectae,
1272 655 1396 694 cum
1445 637 1753 692 Eleusine"-

188 751 338 802 ibant
371 745 436 798 ad
474 753 667 808 magna
697 735 973 807 mysteria,
1005 735 1057 785 in
1096 732 1178 785 via
1210 745 1268 786 se
1307 729 1514 782 mutuis
1569 743 1722 782 cenva

187 841 305 902 ciis.
353 833 782 889 insectabantur.
847 824 1196 878 Alexandrini
1263 823 1392 876 olim
1453 822 1758 876 animarum

186 928 564 985 lustrationem
593 924 881 978 faciebant.
907 920 1084 974 Certis
1110 917 1254 970 enim
1278 914 1470 969 diebus
1493 913 1760 974 homines,

188 1021 442 1076 curribus
489 1019 654 1077 vecti,
685 1014 883 1082 quibus
919 1013 1023 1066 hoc
1073 1011 1252 1079 ipsum
1291 1024 1491 1063 muns
1540 1007 1764 1060 manda-

189 1124 303 1167 tum
358 1120 495 1175 erat,
526 1125 620 1176 per
665 1116 832 1160 lotam
868 1107 1054 1158 urbem
1094 1102 1265 1166 ihant,
1307 1113 1359 1155 et
1408 1109 1633 1161 stantes,
1672 1099 1764 1150 ubi

190 1206 404 1268 vellent,
438 1214 490 1256 et
521 1201 586 1255 ad
627 1200 850 1254 domum
881 1198 1273 1256 subsistentes.
1300 1196 1612 1263 ubicunque
1662 1193 1769 1260 pla-

190 1299 414 1357 cuisset,
444 1295 512 1348 de
543 1294 783 1362 plaustro
807 1293 1192 1361 loquebantur,
1214 1305 1320 1342 non
1354 1288 1489 1340 falsa
1517 1286 1767 1341 convicia

187 1389 479 1457 jactantes,
517 1385 610 1440 sed
662 1400 788 1439 vera
843 1383 1075 1438 crimina
1111 1381 1534 1450 exprobrantes,
1563 1387 1667 1431 etc.

264 1481 345 1532 Τὰ
378 1481 471 1532 ἓπὶ
503 1479 780 1541 κοσκίνοῡ,
814 1477 882 1528 ad
936 1475 1169 1527 cribrum
1213 1473 1380 1534 dicta,
1426 1472 1490 1523 de
1523 1470 1646 1534 illis,
1678 1469 1770 1538 qui

197 1586 294 1640 per
314 1573 558 1625 Clibrum
597 1579 649 1622 ct
686 1569 956 1637 tripodem
1014 1576 1108 1619 aut
1152 1579 1348 1618 aurum
1378 1563 1764 1617 vaticinantur.

265 1664 346 1714 Τὰ
388 1661 693 1724 Ναννάκου,
735 1676 923 1728 supra,
965 1657 1277 1712 Nuntiat-us.

265 1753 566 1812 Ταντάλου,
597 1767 760 1819 supra
786 1752 968 1805 lsceus.

265 1846 348 1897 Τὰ
378 1843 616 1912 Σαμίων.
650 1842 850 1911 Supra,
896 1841 1135 1908 Σαμίων.

1875 638 2026 687 ribus
2076 648 2338 703 pugnare.
2376 631 2466 685 Sic
2496 634 2818 696 completum
2846 643 2927 686 est
2958 631 3261 696 oraculum,
3299 643 3403 687 etc.

1947 723 2205 779 Telcstes.
2242 724 2512 777 comicus.
2544 720 2717 789 llnjus
2745 725 2984 775 dramata
3021 721 3200 790 Ἀργὼ
3233 731 3288 777 et
3329 723 3454 776 Ἀσ-

1875 818 2121 878 xix-atde,
2162 826 2216 867 ut
2278 825 2510 868 testatur
2566 813 2883 876 Atbenmus,
2941 811 3058 867 XIV
3120 815 3452 885 Dipnosoph.

1943 903 2019 956 De
2039 902 2335 956 Telmessia
2359 905 2513 970 vulpe
2539 917 2720 955 rerum
2748 899 3130 955 Thebanarum
3162 904 3456 972 scriptores

1873 1012 2088 1066 copiose
2120 993 2479 1050 tradiderunt,
2545 1002 2598 1043 ut
2647 991 3048 1059 Aristodemus,
3097 1001 3204 1046 etc.
3255 993 3453 1048 Fabula

1875 1095 2157 1156 desumpta
2192 1102 2255 1138 ex
2296 1085 2459 1154 Cyelo
2487 1087 2660 1151 epieo.

1948 1181 2274 1239 Telltilssus,
2312 1179 2444 1232 urbs
2478 1176 2674 1247 Lyeiie,
2709 1191 2736 1229 a
2772 1177 3057 1245 Telmisso,
3091 1180 3203 1234 ﬁlio
3234 1181 3459 1250 Apolli-

1878 1275 1961 1324 nis
1984 1286 2030 1324 et
2067 1288 2226 1324 unius
2262 1272 2493 1323 filiarum
2530 1272 2847 1337 Antenoris,
2880 1287 3042 1340 quam
3079 1273 3451 1346 prodigiorum

1878 1365 2225 1431 interpretem
2253 1368 2652 1432 τερατοσκόπων
2683 1363 2828 1430 fecit,
2857 1373 2914 1418 ut
2948 1373 3138 1420 auctor
3168 1364 3460 1438 Dionysius

1879 1457 1938 1506 ἐν
1971 1456 2194 1506 Κτιςεσι
2232 1456 2343 1507 sive
2383 1453 2709 1521 Originibus.

1955 1548 2138 1598 Τέλος.
2179 1546 2365 1606 Solon,
2403 1555 2720 1613 praesentem
2773 1545 2944 1602 Crcesi
3003 1547 3278 1605 fortunam
3335 1565 3465 1606 con-

1880 1652 2153 1700 temnens,
2205 1639 2372 1707 jussu
2411 1655 2534 1693 eum
2588 1648 2751 1695 totius
2797 1641 2919 1695 vitae
2970 1643 3130 1696 ﬁnem
3182 1656 3466 1715 exspecta-

1883 1753 1960 1800 re,
2017 1746 2120 1790 etc.

1953 1827 2152 1883 Aristo.
2178 1824 2370 1884 Chius,
2401 1826 2575 1888 τέλος,
2605 1826 2788 1889 ﬁnem,
2820 1841 2943 1882 esse
2967 1828 3123 1894 dixit,
3153 1827 3467 1885 indifferen-

269 1909 557 1991 Tatianus.
625 1909 746 1987 llic:
777 1937 879 1986 sui.)
940 1933 1160 1986 Juliano
1209 1931 1472 1985 Paraliatc
1520 1929 1777 1997 martyrio
1812 1909 1850 1962 Β
1886 1933 1960 1973 1οῐ
1999 1936 2055 1973 $0
2104 1921 2303 1973 ὶιιὶὶῖοῐϐ
2356 1919 2422 1970 3d
2464 1933 2524 1970 93
2559 1935 2675 1987 quae
2712 1922 2852 1974 illlel'
2897 1921 3154 1975 Vll'llllem
3186 1930 3239 1976 ει
3275 1923 3464 1978 vitium

195 2032 333 2084 obiit.
384 2030 514 2098 (una
578 2041 702 2080 cum
757 2026 1084 2094 ’l'heodulo),
1145 2033 1200 2078 ut
1255 2032 1439 2077 narrat
1508 2021 1660 2075 Suid.
1724 2022 1777 2074 in

207 2121 493 2189 Ἀελὰχιος.

266 2213 650 2282 Ταυροφάγος,
677 2210 948 2272 Bacchus,
987 2208 1132 2278 quod
1169 2208 1276 2260 illis
1308 2207 1401 2275 qui
1433 2206 1781 2276 dithyrath

197 2308 468 2365 vicerant,
517 2305 620 2356 bos
673 2303 900 2371 praemio
948 2302 1190 2354 daretur.
1242 2299 1346 2352 Alii
1404 2299 1780 2353 Aristarchuni

206 2396 321 2450 falli
345 2396 556 2458 dicunt,
583 2404 884 2464 putantem,
907 2402 1122 2446 taurum
1152 2393 1260 2446 illis
1286 2393 1455 2445 fuisse
1473 2392 1780 2460 praemium.

201 2488 596 2556 Aristophanes
639 2487 919 2540 Cratinum
976 2485 1109 2538 dixit
1159 2485 1526 2554 ταυρορᾶγον,
1596 2485 1677 2536 vel
1730 2492 1787 2536 ut

204 2580 581 2641 crudivornm,
627 2579 710 2630 vel
769 2585 830 2629 ut
876 2577 986 2628 vini
1023 2586 1323 2637 amantem,
1359 2575 1606 2642 adeoque
1649 2573 1778 2628 Bac-

205 2671 397 2732 chum,
427 2670 509 2724 vel
541 2669 684 2735 quod
723 2676 896 2722 mater
921 2667 1128 2722 Cratini
1162 2668 1335 2721 sacris
1367 2666 1561 2721 Bacchi
1595 2684 1789 2734 μοςχο-

208 2764 387 2831 φάγον.)
417 2770 561 2815 esset
583 2759 821 2821 initiata,
857 2770 961 2812 etc.

280 2851 516 2913 Taurus,
542 2849 807 2918 Berytius,
836 2849 1193 2916 phil050phus
1218 2847 1547 2911 Platonicus,
1575 2849 1665 2916 qui
1690 2848 1793 2902 fuit

213 2944 316 2997 StIlJ
349 2941 623 2996 Antonino
659 2939 774 2994 Pio.
808 2938 1035 3006 Scripsit
1064 2939 1134 2991 De
1157 2940 1458 3006 (li/ferentia
1486 2940 1792 3008 dogmatum

211 3035 456 3088 Platonis
478 3042 523 3084 et
558 3031 858 3084 Aristotelis
889 3030 1008 3095 ;De
1043 3032 1346 3098 corporibus
1397 3041 1446 3082 et
1476 3033 1793 3097 incorporcis

205 3129 382 3185 rebus,
415 3132 468 3175 et
493 3124 595 3175 alia
627 3123 881 3191 plurima.

280 3211 551 3278 'l‘elauges
584 3211 841 3277 (genitivo
894 3207 1255 3276 Τηλαυγοῦς),
1315 3207 1553 3272 Samius,
1595 3207 1791 3279 Pytha-

209 3319 360 3374 gora:
383 3305 570 3370 .magni
597 3303 739 3356 ﬁlius
770 3313 822 3355 et
848 3302 1173 3369 discipulus,
1216 3301 1478 3370 magister
1515 3299 1784 3368 Empedo-

208 3398 332 3449 clis.
393 3393 623 3463 Scripsit
695 3394 769 3446 De
801 3394 1076 3463 Tetracty,
1126 3395 1238 3449 sive
1313 3394 1671 3459 Quatcrnione
1724 3394 1792 3442 li-

211 3487 337 3539 bros
373 3484 477 3538 ιγ.

285 3579 592 3646 Telegonus
626 3577 834 3645 primus
863 3587 1032 3629 artem
1066 3577 1342 3629 divinandi
1383 3579 1610 3638 invenit,
1643 3593 1688 3630 ε.
1733 3595 1788 3647 g.

212 3675 255 3724 si
291 3675 347 3724 in
385 3679 525 3722 tecto
550 3671 778 3722 mustela
811 3670 894 3721 vel
933 3684 1157 3736 serpens
1191 3671 1524 3738 apparuerit,
1577 3669 1680 3723 hoc
1712 3669 1794 3723 vel

207 3762 349 3818 illud
385 3762 671 3831 signiﬁcat.
725 3762 919 3827 Supra,
964 3763 1015 3814 in
1068 3763 1420 3831 υἰωνιςτική.

287 3850 582 3917 Telephus,
642 3849 1029 3915 Pergamenus,
1103 3851 1518 3918 grammaticus,
1581 3851 1798 3918 Scripsit

212 3943 364 4008 Quot
423 3958 503 3994 res
549 3942 956 4009 grammaticum
1010 3943 1141 3993 scire
1194 3951 1432 4007 oporteat
1462 3960 1480 4005 ;
1509 3941 1584 3994 De
1613 3944 1798 4010 ﬁguris

211 4036 495 4089 rhetoricis
532 4034 673 4102 apud
726 4031 1016 4086 Ilonierum
1078 4034 1236 4086 libros
1272 4033 1332 4087 11
1363 4055 1380 4098 ,·
1421 4035 1490 4087 De
1545 4037 1799 4088 sermonis

211 4126 386 4178 Attici
413 4124 796 4176 eous-tructioue
829 4123 988 4175 libros
1024 4123 1089 4185 ι·;
1120 4123 1194 4175 De
1214 4125 1493 4177 Homerica
1519 4127 1801 4190 rhetorica;

212 4215 290 4268 De
325 4215 547 4268 Homeri
578 4224 622 4265 et
655 4213 892 4265 Platonis
930 4230 1222 4278 consensu;
1269 4213 1441 4267 Varia:
1485 4219 1799 4268 crmiitionis

209 4309 476 4375 ποικίλης
503 4305 827 4374 φιλομαθὴς
859 4307 1018 4357 libros
1054 4305 1155 4369 II;
1194 4306 1538 4375 Trugirorum
1562 4319 1612 4360 et
1643 4311 1804 4361 comi-

210 4417 403 4454 corum
457 4399 622 4450 l'itas.
675 4397 969 4464 1516/4127};
992 4397 1304 4465 ἐμπειρίας,
1337 4398 1614 4450 Senotitia
1641 4400 1802 4450 libro-

209 4481 332 4544 rum
362 4490 526 4542 libros
563 4486 676 4548 Ill,
711 4487 989 4555 inquibus
1017 4487 1196 4549 docet,
1231 4489 1322 4556 qui
1358 4489 1476 4540 libri
1503 4499 1629 4541 sunt
1654 4504 1804 4542 com-

1886 2013 2065 2065 media
2094 2023 2241 2071 sunt,
2271 2027 2370 2064 nec
2395 2011 2476 2065 vel
2503 2013 2786 2064 minimum
2818 2012 2870 2064 in
2902 2013 3214 2067 alterutram
3259 2025 3464 2083 partem

1887 2101 1954 2153 ab
1989 2100 2136 2153 hisce.
2168 2102 2406 2158 moveri;
2449 2104 2539 2154 sed
2570 2102 2622 2153 in
2655 2101 2912 2156 omnibus
2944 2103 3106 2158 rebus
3130 2107 3322 2173 aequali
3347 2122 3470 2160 esse

1889 2195 2090 2247 animo.
2155 2192 2465 2262 Sapientem
2499 2196 2640 2247 enim
2701 2195 2936 2250 similem
2972 2212 3094 2252 esse
3125 2198 3469 2270 ἀγαθῷὑπο-

1889 2288 2075 2355 κριτῇ,
2123 2285 2370 2337 idoneam
2409 2300 2699 2352 personam
2738 2287 2792 2337 in
2825 2301 2988 2340 scena
3021 2289 3223 2358 agenti.

1962 2378 2294 2444 Tcipander.
2328 2377 2576 2438 Artneus,
2625 2385 2721 2432 aut
2775 2393 2903 2432 vero
2938 2394 3002 2432 ex
3036 2378 3194 2434 Lesbi
3225 2381 3468 2443 civitate.

1895 2470 2132 2530 Antissa,
2171 2469 2252 2518 vel
2286 2481 2587 2521 Lumanus.
2617 2470 2722 2521 Alii
2761 2469 2828 2522 ab
2853 2468 3108 2536 Hesiodo,
3137 2472 3205 2525 ab
3236 2471 3472 2529 Homero

1894 2561 1981 2614 alii
2015 2577 2182 2628 genus
2205 2578 2324 2613 eum
2360 2563 2509 2614 aiunt
2542 2561 2785 2625 duxisse,
2818 2563 3090 2635 fuisseque
3115 2568 3284 2622 ﬁlium
3317 2569 3468 2632 Boei,

1892 2654 1982 2721 qui
2014 2653 2156 2706 lilius
2190 2652 2409 2715 Phor-ei,
2458 2670 2626 2720 nepos
2653 2655 3046 2726 Euryphontis,
3096 2660 3313 2716 Homeri
3345 2678 3474 2732 pro-

1895 2759 2060 2813 nepos
2094 2744 2387 2798 essuterit.
2444 2744 2672 2814 Lyrieus
2706 2747 2794 2801 ille
2823 2749 2993 2818 lyram
3026 2751 3240 2820 primus
3267 2765 3470 2824 septem

1895 2838 2115 2892 chordis
2151 2838 2432 2899 instruxit,
2461 2851 2515 2892 et
2549 2840 2740 2906 lyricos
2774 2857 2954 2895 nemos
2994 2845 3203 2912 primus
3237 2849 3474 2918 scripsit,

1896 2931 2146 2998 quamvis
2182 2931 2400 2999 quidam
2434 2933 2498 2984 ad
2545 2930 2978 2987 Philammonem
3015 2938 3117 2990 hoc
3147 2937 3414 2994 referunt.

1973 3021 2279 3092 Tctraetys.
2307 3023 2627 3093 Pythagorei
2655 3040 2872 3080 omnem
2898 3043 3185 3081 numerum
3210 3033 3480 3087 vocabant

1898 3116 2331 3182 quaternionem.
2393 3112 2585 3168 Omnis
2640 3118 2785 3168 enim
2848 3133 3111 3172 numerus
3176 3121 3479 3190 completur

1897 3206 2157 3266 denario;
2200 3207 2452 3259 denarius
2484 3221 2615 3260 vero
2649 3223 2716 3260 ex
2761 3212 3043 3276 quaternis
3098 3213 3473 3281 componitur.

1897 3298 2072 3366 Magni
2106 3298 2266 3352 etiam
2306 3297 2575 3352 faciebant
2621 3304 3032 3369 quaternarium
3081 3303 3151 3357 ob
3177 3313 3478 3373 quaternas

1898 3385 2036 3438 lenm
2067 3384 2290 3446 formas,
2319 3396 2424 3441 etc.

1971 3477 2295 3548 Tuti-alogia.
2332 3479 2639 3533 Secundum
2676 3483 2934 3551 tragicam
2967 3485 3304 3554 tetralogiam
3330 3487 3482 3543 Plato

1899 3571 2143 3638 dialogos
2202 3571 2388 3624 edidit.
2459 3571 2673 3642 Tragici
2735 3575 2878 3628 enim
2941 3579 3222 3645 quaternis
3284 3580 3510 3637 fabulis.

1901 3665 2198 3724 certabant,
2229 3662 2520 3732 Dionysiis.
2575 3667 2799 3729 Lenzei-s,
2845 3666 3197 3734 Parthenzeis,
3239 3671 3479 3743 Chytris.

1911 3769 2140 3822 quarum
2199 3764 2393 3822 quarta
2423 3767 2539 3809 erat
2568 3760 2820 3827 satyriea.
2854 3758 3056 3830 Dialogi
3098 3761 3337 3817 Platonis
3360 3780 3483 3818 om-

1905 3864 2002 3901 nes
2031 3847 2163 3910 LVl,
2201 3850 2252 3900 in
2285 3850 2518 3918 singulis
2573 3853 2856 3920 inscriptio
2904 3855 3126 3922 duplex,
3167 3871 3272 3910 una
3325 3872 3355 3910 a
3387 3873 3482 3912 no-

1906 3941 2072 3999 mine,
2109 3941 2276 3992 altera
2329 3955 2358 3992 a
2411 3958 2489 3994 re.
2554 3943 2607 3996 In
2658 3945 2943 4013 tetralogia
3014 3947 3184 4012 prima
3221 3947 3482 4003 familiam

1905 4027 2056 4080 ducit
2090 4025 2434 4096 Eutyphron.
2497 4029 2609 4080 sive
2639 4030 2706 4082 de
2742 4033 3052 4097 sanctitate,
3086 4033 3332 4104 dialogus
3365 4053 3488 4089 πει-

1911 4120 2188 4188 ραστικός,
2235 4120 2348 4172 sive
2384 4120 2704 4186 explorandi
2736 4138 2902 4177 causa
2935 4123 3240 4180 institutus.
3276 4126 3485 4182 Secun-

1910 4209 2031 4272 dus,
2061 4212 2317 4278 Appeogia
2355 4209 2612 4264 Socratis.
2670 4213 2760 4280 qui
2804 4225 2885 4267 est
2943 4217 3190 4271 moralis.
3245 4217 3484 4279 Tertius.

1910 4304 2120 4365 Criton,
2154 4317 2267 4354 Sive
2298 4305 2364 4355 de
2398 4317 2462 4354 eo
2489 4305 2631 4370 qttod
2663 4315 2745 4357 est
2777 4303 3108 4372 faciendum,
3157 4309 3344 4363 itidem
3373 4328 3462 4364 mo

1910 4395 2057 4445 ralis.
2084 4393 2342 4458 Quartus.
2375 4394 2632 4457 Phaedon,
2662 4413 2774 4449 sive
2813 4400 2876 4451 de
2910 4399 3111 4464 anima,
3147 4402 3238 4470 qui
3276 4411 3329 4456 et
3374 4405 3490 4469 ipse

1913 4485 2130 4538 moralis
2157 4497 2254 4538 est.
2317 4485 2388 4539 De
2423 4487 2661 4539 secunda
2721 4479 3001 4558 tetralOgia
3032 4500 3086 4544 et
3133 4494 3490 4560 sequentibus

208 4589 417 4650 paratu
450 4579 622 4645 digni.
656 4576 784 4629 Item
820 4574 1111 4627 Homerum
1142 4576 1310 4627 solum
1341 4591 1403 4628 ea:
1420 4579 1646 4643 antiquis
1673 4593 1804 4644 puro
1838 4599 1882 4655 ο
1910 4575 2138 4629 habetur
2199 4580 2248 4629 in
2297 4578 2436 4631 libro
2489 4579 2738 4646 Diogenis
2792 4579 2990 4635 Laertii
3039 4581 3117 4635 De
3157 4585 3278 4638 uitis
3321 4585 3495 4654 philo-

207 4686 465 4726 scrmone
513 4668 695 4720 Crazco
744 4669 862 4732 uti;
927 4666 1334 4734 Descriptiouem
1393 4667 1680 4736 Pergami;
1733 4670 1809 4722 De

209 4761 510 4833 Augustali
540 4760 862 4827 Pergameno
889 4759 1051 4811 libros
1084 4758 1191 4825 II;
1231 4761 1300 4813 De
1324 4761 1619 4815 dicasteriis
1653 4766 1810 4816 Allie-

211 4857 490 4908 niensium
520 4870 536 4915 ;
577 4851 650 4902 De
685 4853 1082 4903 Atheniensium
1114 4852 1314 4922 legibus
1340 4866 1385 4906 et
1424 4856 1700 4919 moribus;
1733 4856 1811 4910 De

209 4944 477 5014 Pergami
508 4943 711 5010 regibus
739 4942 899 4993 libros
937 4940 973 4991 V
993 4958 1011 5005 ;
1031 4941 1103 4993 De
1131 4958 1250 5005 usu,
1276 4945 1390 4997 sive
1409 4945 1474 4998 de
1498 4948 1810 5002 nominibus

208 5038 458 5090 vestitus
484 5045 534 5086 et
566 5035 796 5085 aliarunt
840 5047 1044 5095 rerum,
1079 5032 1279 5098 quibus
1334 5033 1560 5092 utimur,
1627 5037 1811 5088 ordine

207 5129 598 5199 alpliubetico;
659 5125 732 5178 De
795 5124 996 5194 Ulyssis
1049 5142 1265 5190 errore;
1336 5123 1641 5194 Ocytociou,
1696 5129 1810 5181 sive

208 5223 425 5275 (ἐρείδει
453 5235 483 5270 o
509 5218 876 5284 epit/ictorum,
937 5216 1102 5269 (idem
1131 5219 1202 5269 rei
1252 5219 1684 5280 convenientium,
1741 5219 1809 5271 ad

207 5316 527 5382 expeditum
558 5312 801 5362 dictionis
839 5313 1040 5377 copiam
1075 5312 1394 5376 parandam,
1425 5311 1577 5364 libris
1612 5311 1675 5365 X.

288 5405 583 5465 Telesilla,
647 5402 877 5469 poetria.
937 5399 1074 5454 Iluic
1131 5411 1308 5453 statua
1370 5413 1544 5468 posrta
1607 5414 1708 5468 est,
1745 5403 1810 5456 ad

207 5501 384 5569 cujus
423 5497 587 5565 pedes
617 5495 964 5563 librijacent,
1017 5494 1171 5561 galea
1199 5507 1326 5546 vero
1360 5495 1523 5561 capiti
1557 5497 1676 5562 ejus
1709 5496 1810 5548 im-

210 5592 402 5662 posita
437 5597 541 5641 est.
594 5585 725 5639 Nutu
759 5601 883 5639 cum
916 5584 1341 5646 Lacedaemonii,
1381 5587 1682 5641 interfectis
1739 5587 1806 5641 iis

208 5685 306 5754 qui
341 5683 402 5735 in
440 5680 698 5747 templum
736 5678 1120 5748 confugerant,
1156 5678 1483 5747 Argivorum
1513 5679 1576 5730 ad
1621 5679 1807 5731 urbem

209 5773 558 5843 capiendam
590 5773 749 5835 irent,
784 5769 1036 5824 Telesilla
1068 5769 1324 5823 mulieres
1354 5771 1586 5821 armavit
1623 5779 1676 5821 et
1713 5772 1808 5823 ho-

207 5866 407 5921 Stibus
443 5863 658 5917 obviam
697 5864 976 5931 processit.
1037 5861 1192 5926 Quod
1226 5863 1521 5931 conspirati
1559 5860 1810 5919 Lacedre-

561 5957 830 6018 Pnnon.
862 5960 977 6017 Gn.
1022 5957 1272 6017 CXVII.

1913 4669 2216 4736 sophorum.

1989 4760 2321 4814 Tetrametri
2371 4762 2629 4815 carminis
2661 4763 2912 4818 inventor
2968 4763 3072 4818 fuit
3101 4765 3493 4838 Aristophanes

1914 4860 2094 4920 poeta.

1987 4935 2215 5001 Teucer,
2238 4937 2558 5007 Cyzicenus,
2584 4940 2676 5007 qui
2701 4942 2919 5010 scripsit
2948 4941 3022 4996 De
3048 4945 3286 5014 aurifera
3311 4958 3494 5016 terra;

1915 5028 1990 5081 De
2021 5027 2281 5097 Byzantio
2307 5044 2323 5090 ;
2366 5029 2860 5084 Mithridaticarum
2891 5049 3064 5086 rerum
3101 5035 3264 5092 libros
3307 5037 3342 5091 γ
3371 5059 3390 5106 ;
3418 5042 3494 5096 De

1919 5119 2056 5188 Tyro
2092 5122 2250 5173 libros
2298 5119 2379 5185 V;
2411 5121 2486 5174 De
2535 5124 2686 5176 rebus
2735 5124 2973 5178 Arabicis
3004 5126 3167 5180 libros
3200 5128 3272 5195 γ;
3301 5127 3494 5185 Iudai-

1915 5229 2027 5265 cam
2053 5211 2346 5265 Historiam
2373 5214 2523 5268 libris
2553 5214 2627 5267 Vl
2653 5234 2668 5277 ;
2696 5216 3096 5273 Adolescentum
3118 5219 3494 5291 Cyziceuorum

1918 5305 2369 5359 Exercitationem
2404 5306 2554 5359 libris
2592 5305 2706 5368 III,
2755 5317 2807 5360 et
2837 5310 2964 5362 alia.

1985 5398 2201 5458 Thales,
2246 5397 2457 5452 Examii
2510 5411 2559 5451 et
2590 5399 2924 5456 Cleobulina:
2955 5403 3015 5458 F.
3073 5404 3332 5475 Milesius,
3388 5413 3496 5477 vel,

1915 5501 1975 5544 ut
2005 5491 2277 5544 llerodoto
2306 5493 2538 5549 videtur.
2571 5492 2821 5557 Plitenix,
2853 5503 3012 5550 natus
3066 5507 3195 5554 ante‘
3241 5499 3494 5557 Crassum

1915 5583 2114 5650 olymp.
2174 5580 2394 5642 XXXV.
2449 5585 2750 5636 secundum
2815 5585 3162 5656 Pblegontem
3216 5605 3342 5645 vero
3382 5592 3496 5663 jam

1915 5678 2104 5729 claruit
2155 5678 2452 5747 Olympiade
2495 5677 2598 5731 Vll.
2641 5676 2894 5735 Versibus
2929 5683 3254 5737 hexametris
3280 5687 3500 5755 scripsit

1918 5769 1994 5821 De
2024 5779 2308 5833 meteons;
2343 5770 2418 5823 De
2453 5774 2795 5838 acquinoctio,
2855 5783 2910 5829 et
2940 5776 3044 5830 alia
3097 5777 3289 5832 multa.
3345 5779 3498 5834 Obiit

1916 5880 2100 5925 senex.
2130 5881 2156 5917 a
2195 5868 2350 5918 turba
2382 5864 2552 5921 elisus
2576 5873 2630 5920 et
2656 5876 2793 5921 aestu
2826 5868 3098 5924 resolutus
3128 5886 3252 5928 eum
3283 5874 3490 5944 gymni-

3020 5960 3096 6021 b3
