4208 6496
718 381 851 444 i355

1919 385 2162 446 lNDEX
2200 383 2696 449 SCRIPTORUM

3854 397 3996 461 1356

708 508 832 549 cuin
863 501 1140 548 certamen
1173 498 1460 561 spectaret.
1517 487 1736 546 Primus
1767 492 1986 562 sapiens
2041 494 2292 564 appella-
2323 501 2369 559 Α
2400 494 2671 564 Brontini,
2711 496 3061 570 Pythagorei.
3121 500 3357 570 Scripsit
3403 503 3477 558 De
3529 504 3879 577 Pythagora;
3928 511 4002 566 Dr

709 596 803 642 tus
833 594 938 650 est,
997 591 1052 639 et
1112 583 1325 653 primus
1356 584 1595 637 animam
1651 585 1780 638 dixit
1834 585 2299 653 immortalem,et

708 681 940 748 eclipses
971 686 1024 730 ct
1055 676 1381 745 aequinoctia
1415 677 1797 745 deprehendit.
1865 679 2296 747 ApOplnegmata

707 771 826 837 ejus
857 779 983 821 sunt
1012 767 1271 835 plurima,
1306 775 1365 820 ut
1394 767 1725 820 celebratum
1754 767 1884 819 illud
1915 785 1929 819 :
1983 766 2158 821 Nosce
2223 779 2297 823 le-

705 863 897 926 ipsum.
935 857 1068 910 Nam
1091 858 1221 911 illud
1251 875 1262 910 :
1299 857 1524 925 Sponde,
1558 867 1605 910 et
1637 869 1830 925 pra'sto
1853 870 1930 913 est
1963 877 2122 926 noxa,
2161 861 2296 916 Chi-

705 951 847 1004 lonis
882 961 966 1004 est.
996 951 1199 1020 potius,
1242 949 1333 1017 qui
1383 950 1510 1002 illud
1557 950 1659 1002 sibi
1695 952 2010 1015 vindicavit,
2058 954 2298 1021 itemque

705 1042 833 1095 illud
865 1065 874 1096 :
902 1039 984 1094 Ne
1025 1040 1151 1111 quid
1182 1041 1362 1092 nimis.
1397 1039 1617 1101 Thales,
1644 1042 1998 1110 pbi|050plius
2019 1043 2292 1111 physicus,

703 1133 932 1202 eclipsin
991 1131 1238 1200 praedixit
1295 1131 1398 1184 sub
1437 1130 1600 1183 Dario
1649 1131 1825 1197 (“Bth
1873 1135 1986 1186 sive
2035 1137 2292 1204 Astyage.

716 1225 777 1280 γ.
812 1225 1030 1279 Kusteri
1064 1237 1178 1278 not.
1209 1225 1264 1289 2,
1297 1237 1426 1277 tom.
1464 1223 1526 1288 ll,
1560 1240 1680 1293 pag.
1715 1225 1861 1289 165).
1899 1228 2294 1296 Aristophanes

707 1317 992 1372 Thaletem
1032 1329 1187 1371 vocat
1220 1317 1503 1384 ἄνθρωπον
1557 1317 1727 1384 ἄκρον
1773 1322 1872 1385 τὴν
1904 1320 2292 1387 ἀστρονομίαν.

703 1411 885 1479 Θάλης
923 1411 1086 1463 habet
1117 1409 1382 1476 Θάλητος,
1419 1418 1473 1460 at
1510 1407 1715 1477 Θαλῆς,
1750 1407 1948 1462 Θαλοῦ.
1996 1408 2211 1462 Dicitur
2241 1418 2295 1464 et

702 1504 910 1565 Θαλέας
957 1515 1015 1555 ut
1059 1500 1318 1570 'Eppéag.

776 1595 1038 1647 Tbaletas
1075 1591 1212 1663 (29),
1269 1591 1546 1646 Cretensis
1604 1601 1699 1644 aut
1758 1591 2000 1663 Illyrius,
2059 1593 2288 1664 lyricus,

704 1687 980 1754 antiquior
1015 1684 1274 1749 Homero,
1313 1683 1534 1751 scripsit
1563 1684 1832 1739 carmina.

775 1778 1052 1841 Tbaletas,
1087 1777 1348 1831 Cnossius
1382 1776 1709 1844 rbapsodus,
1757 1777 1980 1844 scripsit
2033 1788 2284 1846 poemata

704 1875 952 1944 quietiam
1002 1873 1258 1941 inythira.

777 1966 1085 2035 Thamyris,
1135 1965 1216 2018 vel
1274 1963 1597 2034 Thamyras,
1661 1960 1863 2025 Thrax,
1917 1979 1981 2016 ex
2024 1961 2284 2030 Heilonis,

706 2063 836 2116 urbe
870 2061 1220 2120 Ht'incorum,
1257 2058 1648 2113 Philatntnonis
1679 2072 1731 2111 et
1773 2059 2031 2112 Arsinoes
2061 2059 2120 2112 F.
2172 2062 2288 2129 epi-

704 2165 802 2202 cos
826 2157 948 2201 ante
970 2147 1260 2201 Heinerum
1282 2162 1529 2208 oetavus,
1553 2147 1852 2200 secundum
1878 2149 2015 2203 alios
2039 2150 2284 2217 quintus.

703 2241 805 2293 Alii
838 2240 1126 2312 Odrysium
1168 2241 1331 2293 fuisse
1366 2241 1572 2294 dicunt.
1624 2239 1722 2292 Hic
1782 2239 2089 2308 Thamyris,
2141 2243 2283 2308 quod

707 2334 888 2386 Musas
916 2333 1244 2386 contumelia
1274 2331 1576 2393 aliecissirt,
1607 2332 1672 2382 ab
1707 2330 1811 2383 illis
1847 2340 2149 2384 excaecatus
2181 2343 2283 2384 est.

703 2427 892 2479 Exstat
921 2425 1029 2493 (50)
1075 2425 1193 2492 ejus
1244 2423 1527 2491 Tlnologia
1582 2423 1829 2475 versibus
1866 2422 1976 2474 iere
2031 2433 2111 2474 tcr
2141 2422 2287 2475 inille

704 2518 1038 2571 hexametris
1085 2518 1503 2584 comprehensa.
1557 2514 1771 2569 Primus
1805 2530 2031 2582 puerum
2067 2513 2287 2566 adaina.

703 2611 778 2663 vit
809 2610 1184 2678 Hymenaeum,
1223 2609 1491 2675 Calliopes
1523 2617 1575 2659 ct
1614 2606 1878 2675 Magnetis
1910 2605 1970 2658 ιτ.
2005 2607 2106 2657 Alii
2141 2606 2286 2657 liba-

703 2703 1060 2755 danianthuui
1095 2703 1246 2754 aittut
1295 2703 1607 2752 adamatum
1657 2715 1686 2753 a
1734 2697 1984 2761 Tallone,
2020 2699 2282 2764 Cretensi,

700 2798 783 2850 vel
811 2796 1193 2864 Chrysippum,
1245 2792 1456 2859 Pelopis
1485 2789 1541 2843 F.
1568 2809 1594 2842 a
1627 2791 1779 2844 Laio.
1815 2791 1916 2843 Alii
1951 2789 2110 2844 Italos
2156 2791 2282 2858 pri-

700 2904 821 2941 mos
876 2887 980 2939 hoc
1031 2887 1100 2938 ob
1155 2884 1360 2938 n‘iilitize
1417 2884 1792 2937 necessitatem
1828 2883 2122 2935 invenisse.
2177 2880 2284 2934 Sed

700 2979 911 3048 primus
939 2976 1145 3046 Jupiter
1170 2975 1533 3044 Ganymedem
1563 2975 1858 3027 adamavit.
1880 2973 2282 3027 Proverbiuin:

703 3069 982 3138 Thamyris
1018 3069 1238 3128 insanit,
1279 3069 1344 3120 de
1381 3067 1446 3119 iis
1475 3067 1568 3135 qui
1599 3067 1866 3119 intluStria
1896 3074 1949 3117 et
1976 3074 2126 3118 certo
2154 3081 2284 3118 con-

701 3162 826 3215 silio
853 3161 1097 3228 quzedam
1135 3158 1294 3210 stulte
1331 3157 1511 3209 iaci-re
1539 3158 1808 3216 videntur,
1841 3155 1894 3207 in
1933 3157 2192 3223 Ἃμυρις.

768 3249 1097 3311 Thraatetus,
1121 3249 1495 3311 Atheniensis,
1531 3247 1861 3314 astrologus.
1893 3247 2278 3314 philos‘aplius,

700 3346 1004 3413 discipulus
1038 3343 1300 3400 Sua-ralis.
1331 3341 1518 3394 docuit
1550 3337 1842 3392 Heraclea}.
1882 3338 2099 3390 Primus
2136 3341 2277 3390 scri—

702 3439 808 3508 psit
841 3441 907 3491 de
956 3437 1194 3504 quinque
1245 3434 1570 3502 corporibus
1631 3432 1818 3485 solidis
1855 3431 1964 3499 (5i)
2010 3430 2078 3481 τὰ
2125 3431 2285 3479 πέντε

704 3528 1014 3600 καλούμενα
1051 3525 1265 3596 στερεά,
1292 3525 1534 3594 vixitque
1565 3533 1687 3593 post
1714 3522 1912 3576 bellum
1945 3521 2284 3589 Peloponne-

704 3628 932 3681 siaCum.

778 3717 1104 3777 'l‘bemtctus,
1136 3728 1200 3765 ex
1227 3709 1487 3765 Heraclea
1514 3709 1757 3769 Pontica,
1784 3708 1997 3761 auditor
2022 3707 2283 3764 Platonis.

776 3806 1115 3874 Theagcnes.
1175 3803 1376 3854 archon
1430 3801 1871 3860 Atheniensium,
1924 3799 2157 3852 multum
2195 3817 2287 3869 pe-

704 3901 882 3958 cuniae
907 3900 961 3951 in
993 3898 1242 3950 doctores
1271 3903 1322 3947 et
1349 3893 1593 3946 medicos
1623 3901 1675 3944 et
1699 3892 1801 3943 alia
1836 3892 2022 3960 patria}
2046 3908 2288 3946 commo-

707 3998 776 4048 da
832 3991 1115 4061 impendit.
1163 3989 1295 4041 lium
1345 3986 1613 4047 Marinus,
1681 3985 1898 4052 dignam
1964 3985 2287 4054 philosopho

709 4089 1027 4161 gravitatem
1064 4085 1324 4148 retinens,
1375 4081 1720 4143 observabat,
1752 4081 1982 4146 colebat,
2020 4091 2074 4136 et
2103 4082 2281 4152 palam

711 4179 1128 4254 praestolabatur
1156 4187 1207 4230 et
1232 4175 1454 4231 domum
1476 4172 1777 4227 deducebat
1801 4181 1854 4226 et
1875 4174 2286 4228 convenientem

711 4273 972 4326 honorem
1005 4269 1053 4322 ei
1091 4265 1343 4329 habebat,
1397 4261 1575 4332 qualis
1606 4263 1718 4316 viro
1755 4262 1986 4332 principi
2038 4263 2188 4318 urbis
2237 4271 2290 4316 et

713 4365 948 4419 fortasse
982 4359 1146 4414 totius
1177 4357 1310 4426 reip.
1342 4353 1605 4408 Romamn
1636 4353 1953 4416 debebatur,
2005 4362 2118 4408 erat
2145 4354 2286 4408 cnim

716 4470 861 4509 unus
915 4466 979 4507 ex
1050 4447 1312 4504 Romanis
1369 4446 1618 4517 patrihus
1669 4452 1724 4499 ct
1776 4452 2003 4500 senatus
2054 4443 2286 4500 Palatini

714 4547 947 4617 primus,
982 4551 1089 4595 etc.

786 4635 1092 4705 Theagcnis
1124 4630 1478 4687 ctEschinis
1507 4645 1672 4697 opes:
1698 4627 1765 4681 de
1814 4629 2166 4696 pauperibus,
2199 4629 2294 4696 qui

714 4749 773 4787 se
803 4730 1238 4798 divitesjactaut.
1274 4725 1412 4779 Sunt
1439 4734 1494 4778 et
1517 4725 1605 4776 alii
1629 4725 1734 4777 duo
1756 4722 2095 4790 Theagcncs,
2133 4738 2293 4785 unus,

715 4824 809 4893 qui
843 4826 907 4875 de
939 4821 1174 4874 Homero
1202 4817 1444 4885 scripsit,
1478 4825 1530 4868 ct
1557 4816 1714 4878 alter,
1751 4815 1842 4882 qui
1871 4824 2090 4881 propter
2118 4813 2296 4866 molli—

717 4928 848 4968 tiam
877 4915 1002 4966 vitae
1031 4911 1394 4966 deridebatur.
1439 4907 1679 4960 Vocatus
1711 4915 1793 4958 est
1827 4904 2057 4967 καπνός,
2091 4905 2294 4967 fumus,

718 5009 868 5071 quia,
897 5019 1022 5058 cum
1050 5002 1216 5056 multa
1245 5000 1615 5070 polliceretur,
1650 4997 1786 5050 nihil
1812 4996 2124 5064 praestabat.
2150 4994 2297 5048 Idem

719 5098 966 5160 timidus,
995 5104 1047 5148 et
1072 5092 1300 5148 Hecates
1332 5091 1691 5146 simulacrum
1717 5087 1972 5153 habebat,
1998 5088 2140 5154 quod
2167 5101 2300 5141 cou-

722 5191 936 5246 sniebat
979 5200 1307 5257 quocunque
1334 5185 1456 5238 iret.
1487 5183 1616 5236 inde
1645 5181 1994 5250 proverbium
2021 5195 2035 5232 :
2066 5178 2297 5248 Theoge-

723 5287 802 5339 nis
853 5282 1182 5336 Hccatwum.
1217 5277 1290 5332 De
1324 5276 1582 5330 Aischine
1611 5288 1772 5342 supra
1801 5275 1852 5326 in
1883 5271 2252 5326 Σεσελλισθαι.

797 5373 1041 5436 Theano,
1091 5369 1480 5438 Metapontina,
1541 5367 1625 5421 vel
1661 5365 1888 5428 Thoria,
1943 5365 2302 5434 Pythagorea,

727 5468 835 5521 tilia
881 5462 1246 5533 Le0phronis,
1296 5475 1435 5515 uxor
1473 5459 1710 5529 Carysti,
1769 5459 1853 5511 vel
1895 5454 2176 5518 Crotonis,
2217 5456 2304 5510 vel

801 5601 912 5671 (29l
935 5601 1090 5666 Quod
1119 5599 1313 5654 Strabo
1343 5599 1439 5671 lib.
1470 5615 1525 5662 ι,
1551 5612 1674 5671 pag.
1707 5595 1832 5657 482,
1852 5595 2296 5671 antiquissimum

730 5667 879 5724 illum
911 5673 1137 5740 lyricum
1169 5681 1329 5722 vocat
1350 5669 1549 5736 Θάλης,
1589 5669 1693 5740 hoc
1736 5682 1932 5740 nomen
1981 5669 2159 5740 etiam
2184 5667 2308 5720 Sui-

728 5741 810 5869 ἓδ»
844 5737 1363 5798 hidrcstitucndum
1395 5749 1549 5807 putat
1591 5737 1789 5792 liustcr
1839 5737 1876 5790 l.
1907 5752 2074 5807 supra
2117 5739 2304 5791 citato.

780 5825 904 5864 ΛΜ..

2314 1840 2362 1897 Β

2311 3188 2354 3244 C
2398 3167 2449 3218 in
2476 3176 2610 3220 tom.
2642 3166 2706 3230 ll,
2736 3182 2858 3234 pag.
2883 3167 2973 3218 171
3005 3185 3022 3231 ;
3055 3170 3191 3220 adde
3221 3183 3406 3236 supra,
3445 3170 3552 3219 vol.
3591 3168 3675 3228 lli,
3725 3186 3832 3238 pag
3895 3172 3947 3222 7.

2403 589 2600 643 virtute
2629 590 2696 644 ad
2749 589 3173 660 Hippodamum,
3228 593 3538 661 Titurium;
3593 601 3998 658 Admonitionu

2405 682 2688 734 muliebres
2721 691 2774 734 et
2807 683 3229 753 Apoplitegmata
3262 685 3745 758 Pythagoreorum.

2475 767 2722 835 Theano,
2759 772 3056 833 Cretensis.
3091 775 3435 844 philosopha.
3486 781 3591 833 lilii
3622 780 3998 851 Pythonactia

2399 872 2446 913 et
2469 876 2606 913 uxor
2630 865 2810 932 magni
2840 865 3178 936 Pythagorae,
3211 887 3278 924 ex
3309 885 3414 939 quo
3442 877 3682 940 suscepit
3707 874 3994 944 Telaugen

2399 965 2453 1009 ct
2510 957 2892 1016 Mnesarchum
2942 971 2995 1016 et
3044 961 3216 1032 Myam
3263 978 3315 1018 et
3371 968 3718 1036 Arigouteiu.
3748 973 3993 1036 Qui-’am

2398 1047 2551 1100 aiunt
2586 1050 2754 1104 fuisse
2787 1068 3009 1106 uxorein
3039 1054 3302 1113 Brontini.
3325 1067 3377 1108 et
3400 1058 3638 1111 Crotone
3662 1065 3989 1117 oriundaui.

2398 1141 2622 1211 Scripsit
2655 1142 3079 1199 Commentarios
3101 1147 3484 1215 philosophicas
3515 1162 3569 1205 cl
3594 1154 3996 1224 Apoplttegutao

2399 1246 2474 1301 ta,
2505 1248 2558 1290 et
2583 1255 2768 1306 poema
2799 1241 3076 1307 quoddam
3110 1244 3334 1308 epicum.

2464 1330 2842 1400 Θεμιστεύειν,
2893 1334 3111 1386 oracula
3162 1336 3344 1399 edere,
3399 1335 3537 1405 quod
3575 1337 3803 1394 Themis
3857 1345 3990 1398 olim

2397 1432 2524 1476 ante
2571 1425 2874 1492 Apollinem
2926 1426 3146 1478 oracula
3179 1430 3599 1483 consulentibus
3665 1435 3989 1488 l't'tldltivlil.

2393 1513 2470 1568 De
2503 1517 2790 1582 Apollonio
2825 1517 3237 1586 (Philostratus,
3274 1522 3368 1573 lib.
3399 1538 3437 1582 I.
3466 1524 3681 1588 cap.l5,
3735 1542 3860 1591 pag.
3894 1529 3989 1596 ‘23)

2394 1608 2488 1660 καὶ
2518 1609 2586 1661 τὰ
2621 1608 2889 1679 λεγόμενα
2911 1611 3049 1679 ἠχὼ,
3087 1613 3162 1674 ὠς
3201 1615 3309 1666 ἀπὸ
3340 1618 3621 1684 σκήπτρου
3656 1619 3989 1687 (istiista-.16-

2398 1715 2554 1768 μενα.

2467 1791 2822 1858 Themistius,
2868 1796 3249 1866 phil050phus,
3297 1801 3389 1866 qui
3444 1802 3576 1854 vixit
3636 1805 3987 1870 temporibus

2390 1882 2590 1936 .luliani
2639 1886 2932 1953 Apostatm,
2977 1904 3006 1941 a
3051 1907 3161 1956 quo
3192 1893 3525 1946 constitutus
3571 1904 3652 1946 est
3689 1894 3932 1961 pra-f--ct-
3962 1912 3987 1949 s

2389 1974 2606 2029 CPolis.
2651 1976 2883 2045 Scripsit
2918 1981 3221 2034 Aristotelis
3261 1989 3524 2036 natura/is
3561 1990 3984 2040 auscultatiouis

2388 2069 2744 2136 parapltrasin
2770 2071 2918 2124 libris
2957 2071 3098 2124 VIII
3128 2091 3143 2135 ;
3173 2075 3532 2143 Parapln'asin
3563 2079 3980 2146 Analyt-corum

2390 2163 2535 2215 libris
2568 2161 2666 2228 II;
2694 2166 3122 2230 Apodicticorum
3170 2167 3320 2221 libris
3353 2168 3453 2233 II;
3498 2169 3572 2220 De
3605 2173 3786 2221 anima
3826 2172 3981 2224 libris

2400 2253 2530 2308 VII.
2572 2257 2625 2308 In
2658 2257 2762 2308 hoc
2799 2273 2961 2324 opere
3017 2258 3312 2325 singularia
3367 2260 3610 2325 quzcdam
3648 2261 3854 2326 profert
3913 2264 3982 2314 de

2388 2363 2552 2416 scopo
2593 2357 2646 2402 et
2701 2349 3056 2417 inscriptione
3091 2367 3103 2401 :
3142 2351 3507 2411 Parapltrasin
3548 2351 3978 2420 Categoriarum,

2386 2441 2520 2492 libro
2563 2457 2686 2492 uno.
2723 2439 2852 2494 Item
2891 2439 3324 2496 Dissertationes.

2460 2527 2876 2587 Themistocles.
2903 2539 3032 2590 etc.,
3066 2533 3285 2597 scripsit
3317 2530 3586 2598 Epistolas
3639 2546 3972 2599 generosum

2387 2631 2440 2672 et
2471 2621 2747 2673 excelsum
2785 2624 3033 2674 animum
3071 2624 3272 2692 ubique
3317 2625 3607 2690 spirantes.

2458 2711 2931 2777 ThemistOgenes.
2957 2714 3356 2784 Syracusanus,
3391 2718 3704 2779 historicus,
3747 2722 3980 2788 scripsit

2389 2803 2518 2872 Cyri
2558 2803 2977 2870 Expeditionem,
3027 2822 3150 2874 quae
3202 2807 3339 2859 inter
3392 2807 3774 2876 Xenophontis
3810 2827 3978 2878 opera

2388 2906 2586 2958 exstat,
2611 2908 2665 2950 et
2695 2899 2799 2951 alia
2834 2900 3082 2966 quamam
3136 2901 3200 2952 de
3237 2901 3407 2962 patria
3463 2917 3582 2953 sua.
3640 2901 3695 2953 γ.
3755 2901 3978 2955 Kastrri

2389 2987 2603 3054 longam
2651 2999 2834 3042 notam
2872 2988 2924 3050 7,
2963 2990 3030 3041 de
3067 2991 3155 3041 illa
3191 2992 3496 3055 quaestione
3529 3010 3539 3041 :
3578 2990 3713 3042 Num
3750 2991 3983 3043 Tbi-uti-

2390 3085 2667 3142 stogcues,
2688 3090 2753 3126 an
2769 3073 3074 3142 Xenophon
3092 3077 3372 3143 scripserd
3394 3077 3540 3128 illam
3563 3077 3979 3144 Expeditionem

2462 3258 2816 3320 Theocrines,
2855 3260 3208 3328 sycophanta,
3230 3275 3391 3326 quem
3426 3261 3744 3328 perstringit
3779 3260 3982 3315 Demo-

2389 3351 2608 3404 sthenes
2641 3366 2738 3416 pro
2766 3352 3136 3417 Ctesiphonte.

2461 3441 2805 3504 Theocritus,
2857 3441 3043 3505 Chius,
3080 3453 3282 3504 orator,
3331 3445 3632 3512 discipulus
3676 3444 3976 3499 Metrodori

2386 3532 2688 3587 lsocratici.
2726 3531 2957 3600 Scripsit
2983 3532 3171 3586 Citrias
3201 3535 3448 3602 idemque
3482 3539 3714 3590 laetione
3770 3540 3823 3590 in
3858 3555 3974 3605 rep.

2387 3638 2511 3676 cum
2546 3622 2902 3691 Theopompo
2961 3625 3242 3687 historico,
3276 3629 3521 3678 certavit.
3555 3626 3748 3679 Fertur
3774 3638 3828 3681 et
3857 3631 3979 3697 ejus

2388 3716 2624 3769 Historia
2653 3714 2874 3782 Libyca,
2912 3724 2966 3768 et
3002 3715 3258 3781 Epistola:
3289 3719 3661 3770 admirabiles.

2459 3808 2786 3860 Theocritus
2823 3808 2978 3872 alter,
3019 3805 3340 3876 Praxagorze
3371 3819 3422 3861 et
3457 3809 3722 3863 Philinua:
3752 3809 3815 3862 F.
3867 3814 3976 3874 \‘rl,

2392 3907 2451 3951 ut
2478 3897 2594 3962 alii,
2638 3896 2950 3957 Simmichi,
2986 3897 3392 3966 Syracusanus.
3452 3900 3557 3951 Alii
3593 3902 3763 3952 Count
3822 3904 3980 3955 aiunt

2387 3999 2441 4043 ct
2496 3989 2694 4043 deinde
2735 3987 3036 4056 Syracusas
3089 3991 3367 4057 migrasse.
3425 3992 3657 4059 Scripsit
3713 3993 3977 4046 Carmina

2391 4081 2648 4140 bucolica,
2670 4079 2859 4134 Dorica
2877 4081 3127 4135 dialecto.
3154 4080 3386 4145 Quidam
3412 4083 3572 4135 etiam
3603 4084 3700 4149 ipsi
3729 4087 3980 4139 tribuunt

2389 4174 2675 4237 Proetidas,
2738 4171 2985 4242 Elpidas.
3046 4176 3304 4243 Hyantea,
3373 4171 3660 4240 Heroinas,
3717 4174 3980 4230 Carmina

2389 4267 2645 4336 epicedio,
2669 4266 2906 4335 Elegias.
2937 4264 3146 4316 [ambos
3164 4275 3216 4318 et
3236 4262 3657 4332 Epigrammata.
3680 4263 3978 4320 Sciendum

2390 4368 2472 4413 est
2521 4358 2688 4413 fuisse
2737 4356 3042 4412 carminum
3113 4357 3483 4412 bucolicorum
3561 4366 3771 4425 poetas,
3833 4361 3982 4412 hunc

2393 4448 2765 4513 Theocritum,
2801 4448 3080 4502 Moschum
3117 4447 3385 4509 Siculum,
3418 4457 3472 4501 et
3497 4446 3718 4502 Bionem
3779 4448 3974 4519 Smyr-

2315 4535 2365 4594 ι)
2397 4556 2596 4601 meum,
2628 4555 2692 4592 ex
2726 4539 2963 4606 quodam
2995 4537 3275 4606 oppidulo,
3305 4537 3451 4606 quod
3476 4537 3702 4592 Phlossa
3732 4551 3978 4593 vocaba-

2403 4640 2510 4689 tur,
2549 4629 2862 4682 oriundum.

2473 4721 2826 4786 Theodectes,
2861 4720 3169 4774 Aristandri
3202 4720 3263 4773 F.
3291 4721 3613 4785 Phaselites,
3653 4731 3862 4785 orator,
3889 4725 3985 4776 sed

2404 4817 2497 4882 qui
2527 4816 2593 4868 ad
2631 4814 2952 4868 scribendas
2984 4815 3276 4882 tragoedias
3305 4829 3362 4866 se
3396 4815 3646 4874 contulit,
3677 4817 3986 4883 discipulus

2405 4903 2672 4968 Platonis,
2708 4905 2959 4957 Isocratis
3006 4913 3059 4957 et
3091 4904 3424 4958 Aristotelis.
3458 4904 3553 4958 Hic
3586 4917 3640 4959 et
3669 4907 3990 4976 Erythraus

2407 4995 2710 5050 Naucrates
2770 5006 2825 5049 et
2883 4996 3152 5050 Isocrates
3206 4995 3598 5064 Apolloniates.
3663 5010 3877 5060 orator.
3936 5013 3991 5054 et

2406 5087 2791 5158 Theopompus
2837 5088 3039 5157 olymp.
3098 5086 3234 5153 CHI,
3285 5088 3541 5143 funebres
3592 5090 3886 5144 Orationes
3934 5095 3989 5144 in

2408 5178 2633 5234 Mausoli
2663 5181 2872 5235 laudem
2897 5180 3222 5243 habuerunt,
3256 5181 3585 5245 Artemisia,
3616 5183 3832 5251 uxoris,
3859 5185 3990 5236 hor-

2411 5281 2548 5325 tatu.
2583 5274 2760 5342 Atque
2789 5287 2873 5336 ea,
2894 5287 3059 5341 quam
3095 5273 3304 5336 docuit,
3334 5275 3596 5343 tragoedia
3631 5290 3839 5342 magno
3862 5291 3991 5330 cum

2413 5367 2679 5435 applausu
2712 5366 2994 5419 victoriam
3015 5366 3061 5417 ei
3083 5365 3308 5434 peperit.
3334 5367 3435 5418 Alii
3467 5367 3656 5419 dicunt
3681 5363 3992 5437 Theopom-

2415 5474 2542 5529 pum
2579 5458 2785 5528 primas
2816 5460 3028 5513 tulisse.
3063 5457 3316 5513 Dramata
3351 5459 3535 5514 docuit
3572 5459 3994 5530 quinquaginta,

2481 5597 2591 5668 (30)
2626 5596 2720 5668 Vix
2749 5597 2815 5651 de
2845 5595 3027 5651 Suidze
3063 5599 3398 5668 temporibus
3429 5600 3531 5653 hoc
3576 5615 3770 5655 verum
3816 5602 3942 5655 fuit.

2488 5669 2602 5736 (51)
2630 5667 2722 5721 Illa
2760 5677 2888 5721 sunt
2921 5667 3187 5736 pvraniis,
3236 5671 3431 5730 cubas,
3472 5670 3792 5734 octaedron,
3829 5673 3998 5728 dede-

2417 5740 2672 5802 caedrou,
2717 5740 3058 5792 icosacdrou.
