4208 6496
771 363 913 428 1359
1975 361 2216 422 INDEX
2257 359 2756 428 SCRIPTORUM
3907 379 4046 444 1360

776 477 870 532 sed
897 474 1146 531 discendi
1169 473 1397 546 cupidus
1415 479 1466 529 et
1487 472 1691 528 laboris
1719 486 1885 543 supra
1905 472 2129 526 modum
2148 487 2364 528 amans.
2393 487 2436 542 Α
2465 478 2614 546 phon
2645 477 2925 544 desinunt,
2953 487 3008 535 et
3038 483 3476 552 complectuntur
3509 502 3572 543 ea
3597 505 3718 560 qure
3741 505 3894 562 gesta
3923 507 4048 548 sunt

775 569 1140 634 Quamobrem
1175 567 1322 621 brevi
1350 566 1610 636 temporis
1639 565 1814 635 spatio
1837 565 2134 618 maximam
2169 565 2357 619 erudi-
2467 579 2588 638 post
2620 571 2819 625 bellum
2873 571 3421 645 Peloponnesiacum,
3459 588 3512 635 et
3545 593 3761 643 caetera.
3813 586 4044 656 Scripsit

777 665 981 716 tionem
1011 662 1112 715 sibi
1143 663 1522 728 comparavit,
1552 669 1604 714 et
1637 667 1746 712 tam
1778 658 2128 727 antiquarum
2167 673 2356 712 rerum

775 769 938 821 quam
971 753 1273 805 recentium
1326 753 1610 808 scientiam
1664 752 1849 806 animo
1897 749 2214 819 complexus
2249 759 2352 805 est.

778 843 840 914 (E
869 841 1200 912 Damaseio.)

846 934 1226 1008 Theophilus,
1285 937 1546 991 comicus.
1621 935 1701 988 Ex
1769 935 1888 1004 ejus
1950 933 2151 990 fabulis
2224 945 2355 990 sunt

785 1027 1012 1096 Ἰατρὸς,
1067 1027 1410 1097 Ἐπίδαυρος,
1449 1027 1802 1096 Παγκράτεια.
1860 1025 2148 1092 (Athenaeo
2197 1026 2350 1094 Παγ-

777 1121 1152 1189 κρατιαστὴς),
1195 1117 1446 1179 Βοιωτίδι,
1485 1117 1784 1190 ῐιροιτίδες,
1819 1115 2224 1183 Νεοπτόλεμος.

845 1207 1205 1276 TheOphilus,
1267 1209 1424 1276 imp.,
1470 1207 1747 1261 Michaelis
1797 1205 2060 1260 Amorrtei
2108 1203 2194 1268 F.,
2249 1201 2350 1256 Mi-

772 1303 976 1358 chaelis
1009 1312 1198 1371 pater,
1239 1303 1570 1372 Cepronymi
1629 1303 1878 1358 haeresim
1941 1303 2018 1372 (n.
2047 1315 2352 1355 uconoma-

769 1397 972 1464 chiam)
1033 1399 1358 1464 amplexus,
1421 1395 1650 1464 ipsoque
1700 1395 1846 1448 nulla
1917 1394 1970 1446 in
2021 1410 2080 1448 re.
2139 1393 2346 1446 melior.

769 1486 908 1541 Cum
960 1489 1122 1556 igitur
1151 1489 1362 1552 ,eadem
1420 1489 1683 1552 amentia,
1721 1505 1841 1557 quae
1893 1485 2250 1539 Manichteum
2299 1495 2348 1538 ct

773 1581 958 1632 Arium
996 1581 1148 1644 olim,
1201 1581 1442 1632 animum
1485 1581 1602 1648 ejus
1639 1581 1950 1644 invasisset,
2005 1581 2348 1649 persecutio-

769 1684 894 1721 nem
949 1679 1000 1722 et
1041 1671 1156 1739 ipse
1209 1679 1399 1724 contra
1469 1671 1766 1724 Ecclesiam
1819 1672 1982 1740 coepit
2042 1671 2346 1736 instituere,

769 1759 902 1814 alter
953 1759 1282 1822 Nectanebo,
1330 1762 1630 1830 adjutorem
1679 1771 1873 1816 nactus
1921 1761 2204 1824 Joannem,
2257 1775 2350 1828 pa-

2464 667 2516 712 ct
2548 660 2652 714 alia
2687 663 2941 730 plurima.

2535 751 2943 824 Theopompus,
2993 757 3316 816 Theodectis
3378 763 3492 819 sive
3548 764 3822 820 Theodori
3877 766 4042 833 filius,

2461 844 2834 912 Atheniensis,
2871 850 3136 915 comicus,
3170 853 3339 907 edidit
3369 855 3582 910 fabulas
3618 855 3797 922 XXII;
3835 858 4044 928 fuitque

2467 935 2710 1005 antiqna‘
2745 941 3030 995 comcedite
3061 953 3220 1011 poeta
3251 947 3552 999 secundum
3582 946 4038 1018 AristOphanem;

2463 1030 2788 1099 scripsitque
2813 1035 2997 1102 plures
3024 1035 3160 1090 alias
3183 1037 3434 1104 tabulas,
3469 1047 3574 1093 etc.

2531 1123 2818 1194 Θεὼρηκα.
2873 1127 3200 1192 Arcesilaus,
3254 1131 3639 1202 philosophus,
3694 1143 3812 1186 erat
3845 1143 4040 1186 natura

2461 1217 2650 1272 tardus
2697 1227 2752 1272 et
2792 1223 3056 1286 oscitans,
3093 1222 3152 1273 ὲν
3192 1215 3249 1274 δὲ
3298 1227 3364 1294 τῇ
3415 1224 3576 1295 τείνῃ
3605 1225 4040 1294 τεθεωρημὲνος,

2461 1309 2554 1363 sed
2585 1311 2718 1364 artis
2751 1321 2930 1365 tamen
2963 1315 3135 1380 probe
3167 1315 3396 1383 peritus.
3433 1314 3532 1369 llic
3563 1317 3698 1369 dixit
3725 1318 3903 1370 hianti
3941 1317 4038 1370 sibi

2461 1405 2812 1471 geometriam
2876 1407 2928 1458 in
2993 1407 3093 1460 hos
3151 1407 3444 1462 involasse.
3523 1407 3685 1462 Faue.
3749 1409 4040 1463 Enimvero

2461 1494 2780 1562 (Pearsonio
2820 1509 2872 1551 ct
2899 1498 3136 1552 Kustero
3185 1501 3249 1554 ad
3292 1500 3348 1553 li.
3379 1501 3416 1554 l.
3472 1512 3602 1554 tom.
3647 1503 3708 1560 ll.
3741 1519 3868 1572 pag.
3919 1504 4035 1566 185,

2459 1597 2572 1639 not.
2595 1589 2647 1652 5,
2682 1589 3265 1660 animadvertentibus)
3303 1594 3627 1660 compilator
3660 1593 3948 1646 Arcesilao
3979 1611 4036 1648 ea

2459 1677 2668 1742 tribuit,
2705 1694 2824 1746 quzc
2854 1680 2994 1746 apud
3035 1678 3306 1733 Laertinm
3335 1721 3350 1746 ,
3397 1682 3487 1734 lib.
3524 1681 3614 1746 Ν,
3656 1701 3712 1736 n.
3759 1685 3866 1750 3:2;
3901 1687 4036 1738 unde

2459 1767 2546 1819 hic
2579 1767 2730 1821 locus
2761 1779 3048 1838 excerptas
3084 1781 3187 1838 est,
3219 1773 3285 1825 ab
3317 1773 3594 1827 Arcesilao
3623 1773 3692 1828 de
3715 1774 4035 1842 Hipponico,

773 1854 1090 1916 Iriarcham,
1119 1855 1200 1906 vel
1231 1854 1413 1922 potius
1445 1853 1864 1917 lilanliarcham,
1897 1862 1992 1906 aut
2021 1852 2352 1906 Daemoniar—
2387 1857 2425 1910 ll
2457 1871 2752 1927 geometra,
2781 1861 3058 1915 dicuntur.
3099 1863 3327 1920 “AELES.

769 1945 950 2006 chum,
979 1959 1176 1997 novum
1209 1959 1394 1996 revera
1418 1943 1769 2010 Apollonium
1801 1955 1896 1996 aut
1919 1942 2137 1996 Balaam
2172 1945 2344 1996 nosu‘i

769 2041 1052 2106 temporis,
1113 2038 1566 2092 lccanomantetn.
1633 2040 1713 2092 Ah
1765 2039 1868 2092 huc
1927 2041 2092 2092 etiam
2137 2039 2350 2093 litteras

769 2131 1013 2188 edoctus.
1049 2131 1212 2184 homo
1245 2131 1430 2184 varius
1457 2141 1511 2184 et
1537 2133 1854 2196 sceleratus,
1889 2141 1994 2186 etc.

843 2223 1203 2290 Theophilus.
1267 2223 1366 2276 liic
1424 2237 1488 2274 ex
1549 2223 1698 2276 India
1733 2239 1989 2277 reversus
2049 2225 2350 2278 Antiochia:

770 2315 922 2375 vixit,
976 2323 1028 2366 et
1063 2313 1348 2366 eet-lesiam
1392 2312 1612 2382 quidem
1653 2313 1854 2366 nullam
1886 2315 2216 2384 assignatam
2249 2317 2347 2370 ha-

769 2407 926 2470 buit;
970 2407 1062 2460 sed
1095 2406 1248 2474 quasi
1283 2407 1590 2460 cmnmunis
1634 2407 1856 2474 quitiam
1905 2405 2005 2458 fuit
2053 2408 2262 2474 (doctor
2297 2416 2352 2462 et

769 2497 1104 2566 episcopus),
1137 2512 1296 2566 quem
1333 2497 1631 2563 imperator
1661 2497 1810 2549 omni
1841 2497 2046 2550 honore
2077 2510 2130 2551 et
2153 2499 2350 2552 obser-

767 2590 952 2642 vantia
1001 2588 1220 2642 coleret.
1247 2587 1399 2656 :Erat
1441 2588 1528 2640 ille
1577 2587 1825 2656 quaedam
1875 2587 2032 2656 quasi
2075 2590 2352 2656 apostolo-

771 2697 889 2734 rum
928 2683 1128 2748 imago,
1155 2695 1311 2748 qucm
1365 2679 1684 2733 Thalassius
1717 2695 1827 2732 non
1867 2679 2350 2750 exiguotcmpore

771 2790 894 2829 cum
933 2775 1023 2828 illo
1059 2785 1328 2838 versatus,
1359 2783 1412 2828 et
1453 2773 1506 2825 in
1547 2771 1855 2841 hujusmodi
1889 2773 2051 2826 rebus
2080 2773 2348 2826 mendacii

769 2867 996 2919 minime
1037 2875 1348 2933 suspectus,
1392 2863 1488 2930 ait,
1524 2862 1765 2917 Judaeum
1823 2867 2118 2932 quamdam
2175 2866 2342 2919 l'emi-

771 2975 898 3014 nam
939 2972 1208 3014 mortuam
1238 2959 1301 3012 ad
1337 2957 1502 3010 vitam
1545 2951 1876 3010 revocasses

837 3053 1272 3121 'l‘heophrastus,
1327 3049 1566 3112 Mclanti,
1619 3048 1866 3112 fullonis,
1925 3049 2010 3102 vel
2047 3048 2246 3104 Leonis
2287 3050 2344 3102 F.

771 3143 1048 3207 Eressius,
1084 3141 1298 3194 auditor
1343 3139 1679 3204 Aristotelis,
1721 3149 1774 3194 ct
1811 3153 2101 3194 successor
2147 3140 2349 3192 scholte

769 3235 1162 3303 Peripateticae,
1195 3233 1262 3286 ab
1295 3247 1388 3296 eo,
1438 3231 1748 3284 Chalcidem
1785 3231 2074 3298 migrante,
2123 3231 2346 3284 l‘CiiCltB.

771 3325 868 3382 Hic
900 3335 1025 3380 ante
1057 3334 1280 3378 vocatus
1335 3331 1416 3378 est
1467 3323 1796 3393 Tyrtamus;
1845 3325 1936 3376 sed
1990 3323 2058 3375 ob
2107 3323 2346 3376 divinam

769 3419 1134 3487 eloquentiam
1177 3419 1244 3470 ab
1289 3415 1578 3468 Aristotele
1633 3413 1978 3478 Enphrastus
2023 3415 2202 3468 dictus
2243 3424 2347 3479 est,

768 3522 823 3566 et
850 3523 1032 3580 postea
1084 3509 1513 3578 Theophrastus,
1571 3507 1712 3561 sicut
1769 3507 1918 3558 l’lato
1947 3505 2032 3558 διὰ
2056 3507 2115 3558 τὸ
2146 3507 2202 3560 ὲν
2235 3511 2348 3570 τοῖς

769 3607 948 3673 λόγοις
1008 3604 1210 3662 πλάτος
1271 3609 1491 3670 propter
1564 3599 1800 3666 amplam
1861 3599 2078 3652 dicendi
2132 3598 2346 3668 copiam

771 3699 922 3752 Plato
958 3696 1058 3751 fuit
1089 3703 1336 3756 vocatus,
1369 3707 1492 3745 cum
1523 3699 1679 3744 antea
1713 3689 2010 3744 Aris’tocles
2039 3699 2346 3742 vocaretur.

769 3788 1076 3856 Disei;gulos
1111 3785 1300 3838 habuit
1341 3781 1521 3851 plures
1563 3795 1726 3850 quam
1768 3781 1853 3836 bis
1893 3781 2072 3842 mille;
2107 3782 2347 3836 atnasius

770 3881 889 3950 ejus
921 3879 1023 3932 fuit
1047 3875 1432 3938 Nicomachus,
1467 3873 1783 3927 AristOtelis
1811 3872 1896 3937 F.;
1934 3888 1961 3926 a
2011 3871 2345 3936 Cassandro,

769 3971 1038 4039 Antipatri
1081 3967 1140 4022 F.
1178 3969 1232 4020 in
1266 3967 1479 4020 honore
1517 3965 1738 4018 habitus
1768 3974 1873 4018 cst.
1929 3962 2172 4018 Decessit
2205 3965 2345 4018 aSsi-

768 4065 874 4119 dua
908 4063 1206 4130 scriptione
1261 4060 1542 4128 fatigatus,
1577 4072 1700 4110 cum
1741 4058 1810 4110 ob
1845 4055 2097 4125 discipuli
2129 4057 2348 4122 nuptias

768 4158 836 4212 ad
885 4169 1096 4224 paucos
1155 4151 1272 4206 dies
1317 4153 1558 4204 animum
1599 4150 1924 4204 relaxasset.
1969 4147 2349 4216 Scriptajejus

768 4259 898 4302 sunt
929 4248 1186 4315 plurima,
1243 4245 1296 4295 in
1351 4244 1436 4296 his
1489 4243 1893 4311 Analyticorum
1943 4242 2180 4308 priorum
2231 4239 2347 4304 III,

770 4340 1135 4393 Posteriorum
1175 4333 1324 4398 VII;
1361 4335 1610 4403 Analysis
1650 4333 2118 4403 syllogismorum;
2149 4331 2352 4399 Ann/y-

771 4437 997 4486 ticorunt
1063 4431 1324 4498 lt'pitome.
1397 4427 1746 4496 Ἀνηγμένων
1805 4425 1986 4478 τόπων
2046 4426 2161 4478 sive
2221 4423 2348 4476 Loci

768 4525 1018 4588 seducti;
1047 4521 1122 4574 De
1153 4519 1417 4588 lapidibus
1443 4536 1460 4584 ;
1489 4517 1564 4571 De
1601 4519 1830 4585 plantis;
1861 4516 1938 4571 De
1969 4519 2194 4570 metallis
2219 4535 2238 4582 ;
2273 4516 2348 4568 De

770 4615 1057 4679 odoribus;
1100 4613 1444 4667 Characteres
1479 4619 1532 4663 et
1558 4607 1684 4662 alia.

769 4721 845 4790 Δὴ
872 4723 983 4802 ne
1006 4719 1100 4802 κει)
1136 4718 1502 4802 θεόφρεεσῖοετ
1533 4713 1636 4798 ἕως
1655 4711 1846 4802 fieri
1876 4713 2003 4802 ξένε
2024 4713 2246 4802 κάπρος

915 4785 1018 4841 ἷΗν
1040 4791 1230 4854 δέμας,
1256 4785 1350 4837 εἰτ’
1375 4785 1583 4844 ἀνεθεὶς
1608 4785 1845 4836 κάτθανε
1870 4785 2204 4854 πηρομελής.

771 4897 982 4968 Integer
1009 4911 1120 4948 ecce
1149 4896 1280 4946 valet
1302 4891 1722 4968 Theophrastus,
1755 4892 1880 4968 dum
1912 4891 2064 4944 labor
2094 4901 2262 4963 urget.

913 4967 1152 5020 Latratus
1185 4967 1364 5017 studio
1395 4963 1617 5015 solvitur
1643 4971 1692 5013 et
1721 4963 1968 5014 moritur.

842 5075 1324 5145 Theopbylactus,
1383 5071 1664 5141 SOllhiSla,
1714 5069 1804 5122 cui
1866 5083 2166 5139 cognomen
2238 5079 2353 5123 erat

774 5171 1092 5226 Simocatta.

846 5261 1255 5330 Theopompus,
1317 5257 1521 5328 .Chius,
1575 5265 1779 5321 orator,
1839 5253 2216 5310 Damasistrati
2285 5255 2350 5308 F.

775 5358 910 5410 vixit
972 5363 1216 5426 tempore
1280 5350 1577 5420 interregni
1659 5349 2108 5412 Atheniensium,
2177 5349 2352 5420 olym-

773 5449 935 5519 piade
961 5445 1145 5512 XCllI,
1177 5447 1394 5515 quando
1442 5453 1494 5500 et
1535 5443 1796 5512 ephorus,
1831 5439 2084 5496 Iscoratis
2113 5442 2349 5506 auditor,

773 5541 976 5598 ﬂoruit.
998 5541 1227 5612 Scripsit
1259 5541 1458 5610 pariter
1511 5553 1575 5592 ac
1613 5537 1850 5606 ephorus
1889 5535 2155 5606 epitomen
2171 5533 2354 5588 Histo-

779 5638 980 5690 riarum
1012 5631 1268 5686 Herodoti
1308 5630 1468 5684 libros
1488 5627 1550 5682 11
1571 5625 1904 5696 ;Pltilippica
1927 5625 2075 5680 libris
2089 5623 2351 5690 LXXII;

779 5726 1041 5779 Historias
1091 5723 1328 5786 (ἶνα-608,
1359 5737 1482 5791 qua:
1520 5721 1667 5774 libris
1706 5717 1786 5772 XI
1832 5727 2104 5783 constant,
2141 5727 2196 5771 et
2229 5717 2354 5772 inde

779 5815 1155 5874 narrationem
1201 5814 1514 5878 ordiuntur,
1557 5811 1648 5866 ubi
1683 5807 2026 5881 Thucydides
2073 5817 2126 5864 et
2165 5805 2350 5864 Xeno-

2525 1951 2778 2018 Theoris,
2839 1953 3079 2022 fatidica,
3121 1959 3190 2010 ob
3225 1960 3522 2028 impietatis
3561 1963 3766 2016 crimen
3807 1965 4036 2017 multata

2455 2053 2652 2098 morte.
2697 2043 3092 2102 Demosthenes
3123 2063 3312 2103 contra
3345 2053 3794 2121 Aristogitonem.

2523 2136 2750 2207 Θεωροί,
2795 2139 2888 2206 qui
2925 2140 2992 2192 ad
3024 2142 3308 2195 oraculum
3343 2143 3720 2206 mittebantur,
3754 2155 3810 2198 ct
3845 2159 4036 2198 omnes

2453 2241 2633 2279 rerum
2695 2228 3006 2281 divinarum
3067 2232 3322 2287 custodes
3383 2241 3435 2288 et
3505 2245 3828 2302 curatores;
3897 2235 4034 2305 ὥρη,

2452 2318 2596 2372 enim
2619 2333 2800 2370 curant
2823 2319 3112 2388 signiticet.

2523 2406 2675 2470 Θεός.
2705 2406 2885 2472 Philo,
2919 2424 3044 2462 cum
3081 2410 3242 2463 verba
3291 2410 3424 2473 Θεὸς
3463 2411 3666 2482 Κύριος
3705 2414 4034 2483 interpreta-

2453 2505 2624 2562 retur,
2656 2513 2883 2552 summae
2923 2499 3208 2556 Trinitatis
3261 2503 3543 2558 notionem
3599 2505 3816 2558 habuit.
3859 2507 4034 2561 Graeci

2451 2595 2700 2653 Statuunt
2769 2587 2940 2644 Deum
3004 2605 3125 2644 esse
3180 2591 3380 2644 animal
3437 2593 3766 2660 immortale,
3823 2598 4038 2650 ratione

2449 2679 2760 2747 prteditum,
2795 2681 3120 2750 perfectum,
3155 2683 3484 2753 intelligens,
3517 2685 3756 2748 beatum,
3793 2687 3850 2740 in
3889 2689 4036 2756 quod

2452 2771 2655 2824 malum
2697 2787 2804 2825 non
2845 2773 3010 2838 cadit,
3045 2789 3231 2828 curam
3279 2792 3476 2845 gerens
3509 2779 3696 2832 mundi
3745 2788 3796 2832 et
3839 2795 4034 2834 eorum

2451 2877 2573 2932 qua:
2623 2864 2674 2917 in
2727 2866 2932 2918 mundo
2965 2875 3114 2930 sunt,
3169 2881 3274 2920 non
3335 2877 3516 2924 tamen
3575 2870 3816 2922 humana
3859 2870 4038 2924 forma

2451 2957 2774 3024 praeditum;
2839 2957 3098 3026 Opilieem
3160 2961 3324 3029 hujus
3365 2962 3608 3016 universi
3661 2972 3718 3015 et
3769 2973 4035 3032 tanquam

2451 3047 2666 3103 Patrem
2699 3051 2983 3118 omnium;
3033 3061 3352 3122 partemque
3381 3055 3500 3122 ejus
3531 3070 3627 3122 per
3655 3058 3840 3106 omnia
3873 3071 4038 3120 pene-

2453 3147 2684 3194 trantem
2717 3141 2882 3196 variis
2919 3145 3230 3199 nontinibus
3263 3160 3364 3214 pro
3405 3146 3634 3200 diversis
3683 3147 4040 3202 facultatibus

2377 3212 2418 3267 (ἶ
2453 3233 2734 3302 appellari.

2523 3325 2676 3389 Θεὸς,
2706 3325 2738 3394 ὴ
2771 3325 3033 3378 ἀναίδεια.
3071 3327 3366 3381 Colebatur
3394 3313 3620 3383 Athenis
3669 3328 4034 3394 Impudantia,

2451 3417 2610 3486 eique
2633 3417 2890 3486 templum
2917 3429 3059 3484 erat,
3093 3431 3153 3473 ut
3183 3421 3348 3474 tradit
3380 3420 3513 3474 ister
3539 3423 3679 3474 libro
3713 3422 3856 3478 XIV.

2524 3509 2917 3572 Theramenes,
2971 3511 3324 3566 Atheniensis
3385 3523 3586 3574 orator,
3627 3511 4034 3578 Prodici,Ceii,

2452 3601 2772 3670 discipulus,
2833 3603 3254 3671 cognominatus
3309 3606 3622 3656 cothurnus.
3673 3605 3908 3675 Scripsit
3943 3613 4036 3659 dc-

2453 3693 2800 3744 clamationes
2833 3693 3148 3757 rhetoricas,
3179 3703 3230 3746 et
3257 3693 3356 3745 alia
3383 3695 3647 3761 qutedam.

2523 3783 2905 3854 Therapcutaa.
2939 3785 3095 3838 Philo
3125 3786 3177 3838 in
3203 3785 3342 3840 libro
3369 3785 3444 3840 De
3473 3787 3580 3839 vita
3611 3787 4036 3856 contemplativa

2453 3877 2674 3946 seripsit
2701 3879 2766 3932 de
2792 3879 2990 3935 ascetis
3025 3877 3400 3941 Hebraeorum,
3429 3887 3536 3931 etc.

2523 3969 2790 4032 Theseus,
2825 3969 3146 4030 historicus,
3192 3967 3411 4036 scripsit
3451 3967 3694 4020 Virorum
3745 3968 4034 4022 illustrium

2464 4062 2610 4116 Vitas
2657 4062 2806 4114 libris
2845 4061 2907 4124 V,
2959 4061 3422 4116 Corinthiacorum
3473 4059 3634 4112 libros
3687 4058 3807 4125 HI,
3845 4062 3897 4112 in
3929 4077 4036 4129 quo

2453 4169 2617 4224 opere
2639 4153 2704 4207 de
2733 4152 3116 4207 lsthmicorum
3149 4153 3402 4207 ludorum
3427 4155 3772 4211 institutione
3796 4160 3932 4229 agit.

2523 4245 2706 4304 Θέσις,
2741 4243 3040 4297 secundum
3067 4243 3416 4298 Aristotelem
3449 4254 3530 4298 est
3555 4249 3830 4315 paradoxa
3857 4249 4035 4315 OpilIi-I

2454 4335 2688 4403 alicujus
2729 4335 2850 4398 viri,
2903 4335 2958 4388 in
3011 4335 3350 4404 philosophia
3395 4337 3548 4400 clari,
3585 4340 3702 4392 sive
3731 4341 4034 4408 problema.

2455 4425 2654 4489 Veluti,
2711 4433 2898 4480 utrum
2951 4427 3134 4480 omnia
3191 4429 3454 4480 continuo
3485 4429 3678 4494 ﬂuant,
3723 4441 3774 4484 et
3823 4449 4036 4500 semper

2380 4547 2427 4606 Β
2455 4520 2770 4589 gignantur,
2800 4527 2851 4572 et
2885 4519 3019 4572 nihil
3051 4535 3292 4588 unquam
3328 4521 3420 4582 sit,
3451 4523 3762 4575 secundum
3797 4523 4036 4578 Heracli-

2458 4623 2608 4679 tum;
2649 4611 2732 4664 vel
2783 4621 2964 4664 utrum
2999 4609 3050 4664 id
3083 4611 3228 4680 quod
3279 4623 3362 4666 est
3403 4628 3593 4675 unum,
3639 4615 3712 4667 sit
3749 4626 3802 4668 et
3837 4617 4036 4670 immo-

2457 4705 2586 4770 bile,
2619 4715 2679 4758 ut
2739 4703 3048 4758 Parmenidi
3093 4705 3340 4768 videtur;
3383 4705 3468 4758 vel
3493 4716 3678 4758 utrum
3719 4719 3906 4762 motus
3942 4710 4032 4762 sit.

2456 4812 2526 4850 an
2559 4811 2689 4859 non,
2717 4793 2998 4849 utZenoni
3029 4795 3240 4860 visum;
3271 4795 3352 4848 vel
3381 4805 3564 4849 utrum
3596 4799 3806 4852 sanitas
3835 4801 4032 4854 bonum

2457 4889 2548 4950 sit,
2585 4901 2812 4951 annon,
2866 4895 2924 4939 ut
2974 4887 3150 4956 placet
3197 4888 3542 4957 Chrysippo;
3575 4898 3630 4941 et
3679 4901 3866 4943 utrum
3909 4907 4036 4946 cei.-

2459 4979 2730 5034 tradicere
2780 4981 2957 5044 liceat,
2994 4995 3062 5032 an
3117 4997 3246 5044 non,
3291 4993 3350 5034 ut
3389 4983 3701 5036 Antistheni
3753 4987 4032 5052 probatur.

2456 5071 2762 5140 Opponitur
2817 5071 2894 5134 id,
2925 5072 3069 5139 quod
3121 5071 3272 5124 θέσει
3303 5083 3386 5126 est
3429 5082 3482 5127 et
3513 5075 3658 5142 quod
3709 5076 3874 5144 φύσει
3925 5079 4034 5132 sive

2455 5172 2671 5217 natura.
2707 5161 2880 5216 Etiam
2911 5163 3186 5218 rhetorica
3223 5165 3556 5232 problemata
3589 5167 3816 5235 quidam
3859 5169 4034 5225 theses

2455 5267 2652 5310 vocant
2679 5273 2696 5322 ;
2735 5257 3054 5311 Aristoteles
3085 5257 3429 5325 hypotbeses.

2530 5347 2956 5410 Thesmothetaa,
2985 5351 3336 5418 magistratus
3381 5349 3636 5414 Athenis,
3665 5353 3772 5406 viri
3809 5369 3928 5418 sex,
3969 5369 4030 5408 ex

2457 5453 2652 5494 novem
2679 5441 3056 5495 arehontibus.
3089 5440 3200 5495 Hos
3217 5441 3364 5510 leges
3391 5445 3688 5511 quotannis
3709 5449 4030 5508 correxisse,

2456 5531 2618 5588 docet
2648 5529 2942 5586 Eschines
2972 5543 3162 5586 contra
3193 5533 3626 5604 Ctesiphontem.

2527 5621 2782 5692 Thespis,
2815 5639 2882 5678 ex
2913 5624 3110 5688 Icario,
3137 5625 3330 5680 Atticae
3377 5626 3598 5694 populo,
3645 5629 3912 5698 tragicus,
3939 5629 4030 5683 de-

2457 5715 2636 5769 cimus
2667 5725 2855 5770 sextus
2886 5715 2953 5770 ab
2989 5715 3228 5786 Epigene
3262 5716 3539 5786 Sicyonia,
3579 5723 3764 5787 primo
3791 5725 4026 5792 tragico;

2459 5807 2554 5862 alii
2583 5809 2886 5866 secundqu
2919 5809 2987 5865 ab
3017 5825 3082 5866 eo
3114 5811 3343 5880 iaciunt,
3374 5813 3466 5870 alii
3491 5813 3734 5883 primum
3769 5815 4030 5884 tragicum
