4208 6496
255 423 389 484 lilii!

1497 428 1595 486 DE
1637 422 1924 497 QUIBUS
1966 421 2273 482 SUIDAS.

3380 425 3516 490 1362

254 531 427 585 fuisse
462 528 753 584 allirmant.
814 532 912 586 Hic
946 531 1181 601 primum
1232 545 1457 588 cerussa
1517 534 1657 589 facie
1696 535 1832 589 illita
1860 535 1911 593 Α
1937 530 2077 599 quod
2138 529 2277 582 alios
2326 526 2520 582 acerbe
2573 528 2893 586 criminetur
2931 525 3003 585 ob
3033 545 3115 597 ea,
3151 531 3351 601 quibus
3400 537 3517 605 ipse

253 624 544 693 tragmdias
575 623 704 692 egit,
741 623 936 678 deinde
972 623 1166 679 faciem
1199 626 1514 680 andrachna
1547 628 1597 680 in
1632 629 1831 684 docen-

250 717 335 769 dis
364 716 558 769 fabulis
592 716 724 768 texit
752 734 764 780 ;
803 725 990 784 postea
1037 718 1312 771 larvarum
1344 719 1631 772 lintearum
1671 736 1831 774 usum

251 809 577 862 introduxit.
613 807 806 863 Docuit
840 810 1051 865 fabulas
1095 811 1404 881 Olympiade
1437 811 1576 875 LXI,
1609 823 1662 866 et
1692 814 1833 867 inter

253 904 543 972 tragmdias
596 902 716 971 ejus
769 915 1269 958 commemorantur
1317 900 1493 959 ’Λθλα
1555 905 1748 959 Πελίου
1799 908 1829 976 ἢ

248 992 483 1061 Φορϐἐις,
524 992 742 1062 Ἰερεὺς,
785 995 1010 1059 Ἤῖοεοι,
1039 994 1297 1057 Πενθεύς.

323 1084 576 1153 Thespis,
608 1087 968 1153 citharoedus,
1004 1088 1071 1143 de
1099 1105 1207 1158 quo
1237 1090 1512 1160 Aristoph.

324 1175 690 1247 Thucydides,
750 1178 895 1234 Olori
948 1178 1008 1232 F.
1081 1182 1453 1245 Atheniensis,
1509 1181 1681 1235 lilium
1740 1183 1835 1236 ha-

252 1272 368 1323 buit
402 1270 766 1326 Timotheum.
806 1272 1109 1327 Maternum
1147 1290 1318 1345 genus
1351 1290 1379 1327 a
1415 1274 1653 1328 Miltiade
1677 1276 1833 1338 duce,

250 1372 538 1429 paternum
574 1366 641 1418 ab
667 1364 853 1431 Oloro,
883 1364 1155 1420 Thracum
1177 1382 1302 1437 rege.
1332 1368 1508 1431 duxit,
1531 1368 1836 1436 Antiphon-

252 1456 323 1507 tis
363 1456 685 1523 discipulus,
722 1458 903 1510 clarus
933 1459 1077 1511 circa
1123 1458 1482 1526 Olympiadem
1522 1456 1834 1511 LXXXVII.

251 1548 478 1616 Scripsit
527 1546 1030 1617 Peloponnesiorum
1079 1562 1125 1604 et
1179 1552 1571 1605 Atheniensium
1621 1553 1833 1607 bellum.

251 1639 353 1692 llic
415 1656 547 1708 puer
605 1642 785 1695 adhuc
849 1641 1222 1706 Herodotum,
1281 1645 1531 1713 Olympia:
1579 1645 1837 1701 historias

251 1745 384 1782 suas
439 1733 783 1793 recitantem,
838 1746 961 1782 cum
1025 1731 1324 1785 audivisset
1384 1736 1537 1800 quasi
1597 1733 1837 1787 muttinis

253 1823 490 1889 alicujus
522 1822 785 1876 instinctu
822 1823 1110 1892 lacrymari
1136 1825 1314 1891 comit.
1347 1822 1651 1877 Herodotus
1678 1826 1839 1893 igitur

1934 616 2354 685 constringitur,
2392 626 2507 670 tum
2560 620 2706 683 quod
2745 620 2930 673 animo
2976 631 3235 690 corrupto
3271 622 3431 678 fuerit
3463 638 3516 680 et

1935 710 2209 777 improbas
2240 710 2545 765 sententias
2580 709 2733 764 libris
2765 712 2876 765 suis
2909 712 3225 769 inseruerit.
3276 715 3430 780 Quod
3470 718 3515 772 si

1933 799 2540 866 Callistheucsjnerito
2597 816 2787 869 poenas
2844 804 3046 871 pendit,
3086 806 3226 870 quod
3281 808 3518 859 Alexan-

1934 890 2094 945 drum
2162 893 2213 944 iu
2269 894 2491 946 deorum
2558 910 2842 947 numerum
2898 895 3104 949 referre
3151 899 3344 961 voluit,
3384 900 3517 968 quid

1936 984 2139 1038 meruit
2173 982 2412 1037 Timatus
2457 988 2549 1053 qui
2583 984 2977 1040 Timoleontem
3022 988 3192 1058 μείζω
3219 993 3365 1041 ποιεῖ
3410 992 3519 1044 τῶν

1937 1078 2385 1143 ἐπιφανεστάτων
2435 1077 2594 1142 Οεῶν,
2653 1094 2814 1145 supra
2874 1080 3349 1148 Splendidissimos
3386 1083 3520 1137 deos

1938 1168 2174 1230 extollit,
2214 1176 2320 1222 etc.
2358 1166 2588 1237 Scripsit
2621 1169 2692 1223 De
2731 1168 2890 1238 Syria
2934 1171 3147 1241 ejusque
3189 1173 3427 1242 urbibus,
3471 1184 3521 1229 et

1938 1262 2143 1329 regibus
2179 1260 2339 1315 libros
2377 1258 2500 1313 111.

2011 1350 2296 1415 Tinueus,
2370 1351 2619 1414 Locrus,
2694 1352 3057 1423 philosophus
3121 1353 3518 1426 Pythagoreus.

1942 1439 2173 1508 Seripsit
2206 1440 2619 1506 Mathematica;
2673 1443 2747 1494 De
2786 1454 3019 1510 natura;
3073 1444 3151 1499 De
3198 1444 3520 1518 Pythagora:

1940 1534 2066 1585 vita.

2006 1646 2265 1711 Tinueus,
2300 1649 2666 1703 Andromachi
2698 1649 2782 1716 F.,
2804 1649 3242 1716 Tauromenitcs,
3274 1653 3519 1717 Philisci,

1942 1736 2160 1801 Milesii,
2224 1740 2549 1807 discipulus,
2588 1742 2793 1794 multus
2854 1743 2905 1794 in
2955 1742 3078 1796 aliis
3117 1745 3521 1811 reprehenden-

1942 1831 2045 1894 dis,
2077 1831 2219 1884 unde
2248 1832 2424 1886 dictus
2456 1841 2540 1886 est
2590 1833 2954 1902 Ἐπιτίμαιος,
2981 1836 3144 1888 etiam
3186 1836 3522 1905 Γραοσυλλέ-

253 1915 395 1980 patri
431 1918 736 1981 gratulatus
761 1923 841 1969 est
872 1916 938 1969 de
972 1916 1066 1968 lilii
1100 1917 1299 1970 indole.
1332 1916 1532 1985 (Supra
1566 1918 1617 1970 in
1655 1917 1832 1986 ὀργῶ·
1868 1918 1910 1977 Β
1940 1940 2121 1990 κτρια,
2158 1924 2298 1991 quod
2332 1924 2539 1992 quaeris
2569 1925 2687 1978 sine
2720 1925 2931 1980 delectu
2958 1928 3007 1978 in
3036 1927 3237 1994 scripta
3270 1927 3517 1983 referret.

256 2006 402 2071 σοιν),
458 2023 557 2061 nec
596 2023 717 2059 eum
763 2007 1029 2076 judicium
1078 2024 1235 2061 suum
1283 2008 1489 2061 fefellit.
1548 2008 1645 2063 llic
1694 2008 1843 2061 Thu-

257 2099 485 2166 (y-lides
538 2100 737 2151 artium
783 2110 1049 2168 praecepta
1101 2102 1269 2169 probe
1315 2101 1578 2166 callebat,
1632 2110 1685 2154 ct
1732 2102 1842 2155 elc-

254 2191 440 2257 gantia
482 2192 769 2253 orationis,
821 2203 1075 2245 accurata
1134 2207 1313 2245 rerum
1371 2193 1587 2256 notitia,
1635 2193 1841 2249 artibus

255 2283 621 2350 imperatoriis
680 2285 1035 2353 consiliisque
1101 2285 1418 2349 excellebat,
1476 2287 1624 2338 etin
1681 2301 1844 2355 argu-

258 2375 458 2428 mentis
500 2376 860 2445 panegyricis.
918 2375 1068 2430 Solet
1124 2391 1153 2427 a
1224 2391 1420 2445 genere
1462 2376 1722 2430 feminino
1777 2378 1841 2430 all

258 2479 513 2522 neutrum
551 2472 805 2533 transire,
853 2480 912 2523 ut
961 2487 974 2522 :
1032 2468 1340 2538 Τρέπονται
1378 2470 1456 2531 εἰς
1501 2468 1841 2522 Μακεδονίαν

258 2563 344 2630 ἐφ’
374 2564 511 2631 ὅπερ
545 2563 664 2631 (pro
693 2563 777 2629 ἐφ’
803 2564 1026 2632 ἥνπερ.)

335 2654 783 2708 Thuriomantes.
819 2654 1181 2709 Athenienses
1206 2657 1273 2708 ad
1306 2658 1517 2717 urbem,
1551 2653 1837 2715 Tlturium,

260 2746 600 2799 euudendam
636 2748 822 2800 decem
860 2750 1007 2800 viros
1047 2748 1339 2809 miserunt,
1381 2747 1522 2800 inter
1556 2762 1694 2814 quos
1744 2745 1843 2799 fuit.

260 2836 525 2903 Lampon,
565 2848 734 2902 vates,
789 2839 882 2907 qui
934 2839 1087 2893 urbis
1144 2839 1443 2893 condenda:
1484 2839 1749 2892 rationem
1791 2845 1842 2890 et

260 2936 484 2985 modum
519 2931 654 2984 alios
689 2932 933 2984 doceret.

334 3023 526 3086 ('J'Jszt,
564 3039 629 3076 ex
684 3024 869 3093 thyino
916 3025 1061 3093 ligno
1113 3022 1388 3078 confecta.
1446 3023 1559 3079 Sub
1595 3023 1837 3085 Zenone,

262 3115 396 3182 imp.
473 3114 526 3167 in
592 3113 768 3182 Cypro
809 3115 1042 3167 inventa}
1086 3125 1215 3167 sunt
1267 3116 1508 3183 reliquiae
1558 3114 1837 3177 Barnalne,

263 3206 517 3274 apostoli,
540 3208 628 3275 qui
660 3207 827 3259 Paulo
860 3205 963 3269 fuit
998 3206 1392 3274 pcregrationis
1425 3220 1629 3260 comes.
1664 3205 1838 3273 llujus

266 3297 528 3349 Barnalne
581 3297 785 3365 pectori
847 3296 1162 3365 impositum
1199 3307 1315 3349 erat
1362 3296 1713 3363 Evangelium
1757 3312 1843 3349 sc-

263 3390 502 3441 cunJmn
574 3387 910 3449 Matthazum,
979 3388 1165 3455 tbyina
1217 3386 1425 3441 habens
1473 3385 1624 3440 folia.
1660 3386 1841 3457 (Con!'.

264 3479 479 3532 liustcri
514 3489 624 3531 not.
661 3479 713 3540 '2,
758 3490 869 3531 tom
930 3478 996 3540 ll,
1036 3494 1157 3547 pag.
1200 3478 1349 3548 210.)

341 3571 616 3630 Tiberius,
655 3570 866 3624 Octarii
897 3570 1062 3635 filius,
1102 3571 1470 3624 Romanorum
1510 3571 1639 3641 imp.
1683 3571 1846 3623 homo

266 3671 525 3730 crudelis,
564 3678 832 3728 versutus,
888 3677 995 3719 etc.
1047 3667 1318 3734 (Attamen
1358 3668 1564 3721 litteras
1604 3668 1841 3720 amabat.

272 3758 338 3813 ν.
374 3760 593 3829 Sigism.
629 3758 774 3811 Jnsti
814 3759 1102 3813 Ehrhardti
1134 3768 1487 3813 commcntat.
1525 3760 1598 3812 De
1638 3759 1843 3813 Claudii

269 3851 475 3906 Tiberii
529 3853 759 3905 Neronis
816 3853 870 3904 iu
920 3853 1223 3905 litterarum
1257 3852 1435 3905 studia
1474 3853 1704 3916 meritis,
1738 3852 1845 3905 (lo-

270 3948 425 4014 burgi
468 3946 619 4007 1755,
658 3945 735 4012 8.)

341 4034 806 4103 Θυρεπανοίκτης.
842 4034 1036 4103 Supra,
1067 4035 1280 4096 Crates,
1316 4033 1630 4088 Thebanus.

344 4127 633 4190 Tiberius,
687 4127 1042 4195 philosophus
1091 4138 1141 4181 et
1204 4126 1469 4195 sophista,
1521 4126 1739 4194 scripsit
1770 4125 1845 4178 De

269 4221 456 4287 [armis
488 4218 744 4269 orationis
785 4217 947 4269 libros
989 4215 1126 4279 Ill;
1178 4216 1250 4269 De
1284 4216 1727 4278 conmtntatione;
1771 4214 1846 4267 De

269 4313 527 4374 historia;
556 4309 631 4362 De
658 4309 999 4376 dispositione
1040 4317 1087 4361 et
1133 4308 1512 4375 compositione
1552 4307 1843 4370 orationis;

276 4402 348 4455 De
387 4404 555 4454 civi/is
610 4402 862 4453 orationis
898 4402 1227 4464 mulatione;
1286 4399 1360 4451 De
1415 4399 1843 4451 demonstrativis

271 4493 631 4557 orationibus;
671 4490 740 4543 De
765 4491 1166 4559 prmfationibus
1214 4500 1262 4543 et
1294 4489 1604 4555 Prowmiis;
1638 4490 1713 4543 De
1751 4507 1845 4542 ar-

270 4586 562 4652 gumentis;
600 4582 670 4634 De
712 4582 1052 4635 Demosthene
1094 4592 1141 4635 et
1182 4581 1566 4649 Xenophonte;
1628 4582 1703 4636 De
1733 4580 1840 4636 Ile-

272 4674 460 4725 rodoto
485 4682 532 4724 et
570 4672 891 4741 Thucydide.

345 4764 660 4830 θυμελικοί.
708 4765 1013 4817 llistriones
1044 4763 1269 4818 scenici.

347 4856 719 4920 Timachidas,
754 4856 1023 4919 Rhodius,
1055 4872 1249 4919 muas,
1280 4855 1397 4909 sive
1435 4856 1681 4909 Δείπνων
1714 4858 1845 4910 ἀνα-ι

274 4951 495 5021 γραφὰς
534 4951 752 5018 scripsit
790 4949 1032 5003 carmine
1062 4948 1282 5002 heroico
1317 4948 1467 5001 libris
1499 4947 1605 5005 XI.
1644 4951 1710 5004 Et
1738 4949 1847 5004 Nu-

274 5045 492 5097 menius
539 5042 975 5111 Ὀψαρτυτικῶν,
1010 5042 1144 5105 sive,
1192 5041 1264 5094 De
1311 5043 1516 5095 ratione
1542 5043 1685 5097 cibos
1725 5059 1849 5095 con-

273 5136 452 5188 diendi
482 5136 662 5195 libros.
687 5136 993 5203 composuit
1024 5142 1076 5187 et
1104 5132 1362 5189 Mastreas
1394 5134 1674 5204 (Μητρέας
1708 5134 1849 5204 apud

274 5226 597 5278 Athenamm
626 5222 666 5285 l,
704 5238 825 5292 pag.
855 5224 933 5291 5),
970 5223 1258 5283 Pitanzeus,
1291 5232 1343 5276 et
1369 5221 1664 5293 Hegemon,
1701 5223 1846 5276 Tha-

275 5318 415 5378 sius.
465 5316 785 5384 cognomine
814 5314 989 5383 Φακή,
1022 5316 1135 5369 sive
1164 5313 1321 5379 Lens,
1358 5323 1411 5367 et
1446 5316 1846 5378 Artemidorus,

274 5408 490 5462 Pseudo
523 5407 961 5474 Aristepbanius,
987 5409 1075 5474 qui
1099 5407 1367 5458 culinaria
1395 5407 1648 5459 vocabula
1681 5408 1849 5461 colle-

275 5502 375 5569 git,
436 5509 489 5555 et
542 5499 894 5564 Philesenus,
952 5498 1163 5552 Claudii
1215 5497 1276 5553 F.
1328 5498 1489 5567 (apud
1528 5499 1847 5553 Athenaeum

277 5593 595 5662 Λευκάδιος)
625 5608 653 5645 a
687 5606 795 5661 quo
822 5592 984 5646 etiam
1009 5590 1338 5646 Philoxcnia:
1367 5590 1627 5659 placenta:
1649 5605 1847 5645 nomen

280 5685 501 5739 habent.

348 5772 606 5841 Timmus,
644 5776 961 5840 historicus,
1006 5772 1278 5843 Ephorum
1321 5772 1673 5828 vehementer
1703 5774 1848 5827 inse-

282 5874 461 5920 ctatus
513 5875 613 5931 est,
669 5866 881 5922 duobus
914 5866 1028 5935 ipse
1089 5864 1325 5934 peccatis
1386 5864 1675 5932 obnoxius,
1735 5873 1846 5919 tum

1950 2013 2178 2083 Scripsit
2217 2015 2409 2069 Italica
2442 2027 2491 2070 et
2522 2018 2702 2071 Sicula
2729 2019 2879 2072 libris
2915 2018 3093 2085 VIII;
3132 2019 3320 2075 Gra'ca
3349 2032 3399 2075 et
3428 2022 3519 2077 Si-

1946 2105 2102 2169 cula;
2158 2106 2530 2161 (Io/lectionem
2597 2121 3026 2179 argumentorum
3094 2112 3520 2180 rhetoricorum,

1946 2197 2107 2251 libros
2134 2198 2422 2265 LXVIII;
2456 2202 2872 2271 Olympionicas,
2910 2205 3025 2259 sive
3058 2206 3285 2273 χρονικὰ
3322 2182 3522 2276 Πραξί-

1944 2290 2052 2350 Bia,
2086 2295 2218 2345 Acta
2268 2294 2537 2348 chronica.
2586 2295 2682 2349 llic
2726 2296 2985 2361 Timaaus,
3033 2296 3128 2365 qui
3188 2298 3521 2351 anteriorqu

1946 2385 2189 2439 historia:
2219 2385 2545 2454 scriptorum
2574 2402 2788 2442 errores
2832 2389 3181 2442 acerbissime
3217 2389 3520 2458 castigavit,

1948 2477 2049 2530 fuit
2081 2478 2302 2546 quidem
2340 2479 2391 2531 iu
2430 2480 2638 2534 cretcris
2673 2480 2915 2533 historhe
2948 2482 3194 2549 partibus
3227 2484 3520 2539 studiosis-

1947 2569 2119 2622 simus
2162 2570 2293 2630 veri,
2316 2568 2408 2622 sed
2440 2570 2492 2621 in
2526 2570 2767 2639 quinque
2800 2573 2951 2625 libris
2982 2574 3291 2639 postremis,
3328 2574 3524 2642 quibus

1944 2673 2033 2712 res
2078 2660 2391 2727 Agathoclis
2446 2662 2766 2729 complexus
2817 2672 2920 2727 est,
2954 2674 3244 2733 tyranuum
3276 2666 3450 2729 illum,
3495 2681 3523 2719 a

1946 2760 2053 2813 quo
2084 2746 2135 2798 in
2171 2746 2422 2799 exsilium
2472 2747 2664 2815 pulsus
2714 2747 2911 2815 fuerat,
2955 2752 3211 2804 erunibus
3257 2753 3525 2809 conviciis

1946 2849 2156 2903 onerat,
2207 2833 2594 2905 hominemque
2624 2841 3038 2912 ignavissimum
3075 2844 3246 2901 fuisse
3272 2847 3524 2911 allii-mat,

1947 2950 2098 3003 illum
2168 2949 2642 3020 Syracusanorum
2696 2956 2983 3018 victorem,
3039 2971 3274 3026 quorum
3339 2966 3520 3013 tamen

1949 3039 2319 3095 fortitudinem
2348 3046 2603 3097 omnibus
2636 3046 2791 3099 effert
2833 3048 3066 3116 paginis,
3096 3060 3201 3104 etc.

2014 3151 2360 3223 Timagenes.
2414 3157 2545 3226 regii
2603 3159 2896 3228 argentarii
2956 3161 3521 3232 F.,Alexandrinus,

1867 3270 1910 3331 ρ
1946 3244 2165 3310 rhetor;
2218 3247 2322 3311 rei,
2363 3256 2419 3301 ut
2455 3251 2698 3318 quidam,
2737 3252 3046 3320 lfgyplittS,
3086 3254 3181 3323 qui
3229 3256 3333 3309 sub
3365 3255 3526 3310 Pom-

1950 3337 2067 3404 peio
2098 3336 2293 3407 Magno
2328 3341 2554 3394 llomam
2597 3357 2625 3395 a
2656 3342 2886 3396 Gabinio
2918 3348 3170 3414 captivus
3205 3348 3425 3407 ductus,
3467 3358 3522 3403 et

1948 3443 1976 3481 a
2010 3428 2231 3492 Fausto,
2278 3432 2435 3502 Sylla:
2461 3432 2544 3496 F.,
2588 3436 2901 3504 redemptus
2935 3437 3119 3492 llomm
3152 3439 3523 3509 eloquentiam

1947 3521 2154 3587 docuit,
2221 3540 2343 3577 cum
2394 3528 2495 3580 sub
2553 3528 2669 3595 ipso
2702 3528 2983 3597 Pompeio,
3022 3543 3133 3584 tum
3179 3541 3300 3600 post
3344 3533 3525 3602 ipsum

1949 3614 2049 3668 sub
2080 3615 2293 3669 Caesare
2324 3620 2569 3687 Augule
2616 3630 2666 3671 ct
2702 3628 2909 3688 postea,
2949 3625 3160 3687 eodem,
3204 3640 3313 3692 quo
3353 3625 3526 3678 Caeci-

1948 3706 2074 3769 lius,
2112 3715 2376 3775 tempore.
2429 3709 2563 3761 Cum
2614 3721 2793 3762 autem
2845 3712 2913 3763 ob
2953 3712 3171 3765 dicendi
3218 3712 3525 3769 libertatem

1951 3796 2135 3849 schola
2154 3798 2465 3860 excidisset,
2503 3800 2553 3851 in
2580 3801 2781 3867 prsedio
2812 3799 3125 3857 Tusculano
3150 3805 3313 3857 vitam
3344 3815 3526 3862 trans-

1950 3891 2076 3959 egit.
2129 3889 2276 3944 Obiit
2341 3891 2544 3944 Dahani
2594 3902 2717 3961 post
2762 3909 2998 3959 coenam,
3040 3911 3163 3949 cum
3217 3897 3378 3950 vellet
3429 3914 3527 3951 vo-

1956 3996 2124 4045 mere,
2160 3982 2485 4049 c;qvm0:l;,
2510 3984 2632 4036 cibo
2665 3984 2870 4036 exitum
2917 4000 3022 4039 non
3073 3986 3384 4041 inveniente
3414 3988 3529 4042 suf-

1954 4070 2186 4128 focatus.
2220 4074 2416 4128 Multos
2454 4075 2622 4131 libros
2653 4075 2887 4145 scripsit.

2019 4201 2365 4273 Timagenes,
2425 4202 2765 4270 historicus,
2824 4205 2987 4257 totius
3044 4206 3206 4258 maris
3265 4207 3525 4275 periplum

1949 4296 2171 4362 scripsit
2202 4296 2349 4349 libris
2389 4296 2445 4349 V.

2018 4387 2340 4456 Timagenes
2362 4432 2374 4453 ,
2406 4389 2515 4443 sise
2552 4388 2897 4459 Timagenes,
2938 4389 3201 4449 Milesius.
3233 4389 3529 4449 historicus

1947 4484 2001 4529 et
2031 4477 2236 4540 rhetor,
2286 4479 2509 4547 scripsit
2564 4479 2637 4532 De
2695 4477 2952 4533 Heraclea
3002 4479 3227 4535 Pontica
3275 4492 3323 4536 et
3367 4484 3528 4539 claris

1950 4568 2063 4635 ejus
2099 4570 2223 4623 viris
2252 4568 2412 4623 libros
2443 4572 2689 4640 quinque.
2727 4572 2859 4627 Item
2893 4570 3188 4642 Epistolas.

1877 4626 1921 4681 Β
1971 4626 1987 4635 ν
2026 4660 2370 4725 Timarchus,
2390 4626 2696 4727 ArizcliF.,
2716 4626 2975 4734 prodigiis
3001 4676 3055 4720 et
3075 4666 3336 4734 cinaedus,
3367 4683 3526 4738 quem

1954 4756 2248 4814 Eschines
2282 4776 2462 4815 rcrmn
2500 4762 2723 4831 peregit,
2759 4772 2862 4816 etc.

2026 4846 2330 4915 Timasion,
2384 4850 2700 4905 adolescens
2748 4851 3059 4923 Aigyptius,
3109 4868 3271 4923 quem
3311 4854 3530 4925 Apollo-

1952 4939 2098 5006 nius,
2135 4938 2408 5009 Tyaneus,
2436 4956 2558 4994 cum
2596 4951 2840 4995 moneret
2867 4951 2925 4994 ut
2952 4958 3135 4996 secum
3168 4944 3526 5013 pliilOSOpha-

1954 5040 2105 5086 retur
2162 5051 2173 5088 :
2238 5032 2282 5085 Ο
2344 5032 2439 5097 (lii,
2490 5033 2688 5102 inquit,
2725 5035 2945 5103 qualem
3000 5050 3086 5089 me
3127 5036 3345 5090 dicam?
3390 5038 3525 5093 Nam

1955 5122 2132 5177 malus
2181 5122 2400 5191 quidem
2462 5139 2570 5178 non
2624 5140 2765 5189 sum,
2813 5126 3013 5179 bonum
3060 5141 3190 5181 vero
3219 5116 3404 5182 utrum
3443 5146 3529 5183 me

1951 5214 2250 5267 existimari
2310 5223 2555 5283 oporteat
2609 5216 2817 5279 nescio,
2868 5225 2972 5271 etc.
3019 5216 3109 5287 (ex
3170 5217 3523 5285 Philostrato,

1953 5304 2047 5359 lib.
2079 5321 2130 5359 γι
2163 5303 2238 5358 De
2270 5305 2379 5358 vita
2414 5306 2591 5374 Apoll.
2622 5321 2743 5375 cap.
2772 5308 2827 5360 9..

2025 5413 2411 5479 Timesitbcus,
2447 5416 2706 5485 tragicus,
2731 5416 2850 5484 ejus
2874 5416 3124 5473 dramata
3161 5428 3311 5484 sunt,
3334 5421 3528 5474 Δαναϊ-

1950 5507 2035 5569 δες
2066 5503 2132 5577 β’,
2163 5506 2422 5577 Ἕκτορος
2441 5506 2629 5576 λύτρα,
2668 5506 2962 5576 Ἡρακλῆς,
2993 5506 3183 5574 Ἰξίων,
3210 5510 3526 5577 Καπανεὺς,

1952 5598 2209 5667 Μέμνων,
2244 5598 2594 5668 Μνηστῆρες,
2636 5598 2806 5668 Ζηνὸς
2834 5600 3012 5667 γοναὶ,
3046 5600 3264 5671 Ἑλένης
3288 5601 3527 5670 ἀπαίτη-

1954 5696 2057 5744 σις,
2094 5680 2378 5752 Ὀρέστης,
2403 5681 2673 5750 Πυλάδης,
2711 5682 2948 5753 Κάστωρ
2977 5682 3072 5735 καὶ
3105 5682 3472 5752 Πολυδεύκης.

2024 5771 2316 5837 Timocles,
2361 5771 2734 5838 Atheniensis,
2779 5773 3043 5828 comicus.
3082 5772 3156 5827 Ex
3184 5774 3303 5844 ejus
3330 5774 3532 5830 fabulis

1955 5871 2083 5921 sunt
2116 5882 2131 5919 :
2164 5862 2562 5933 Δημοσάτυροι,
2583 5864 2915 5935 Κένταυρος.
2967 5865 3216 5928 Καύνιοι,
3278 5866 3529 5919 Ἐπιστο-
