4208 6496
251 437 387 504 1365

1498 447 1592 506 DE
1627 445 1918 519 QUIBUS
1957 445 2256 508 SUIDA‘S.

3377 442 3515 508 1366

245 557 400 610 culos
435 557 816 626 numerabant,
842 567 895 614 et
923 560 1176 630 pluribus
1200 559 1337 616 albis
1366 566 1596 630 repertis
1613 564 1829 620 felicem
1862 569 1906 625 Α
1939 562 2104 616 Deum
2135 561 2416 632 praeditus.
2446 562 2491 616 A
2517 559 2825 617 Justiniano
2872 557 3187 628 impetravit
3219 556 3518 623 Chosroes,

243 649 611 715 praedicabant
641 650 981 706 defunctum.
1037 654 1171 708 llinc
1199 654 1317 708 dies
1347 655 1504 709 albus
1529 671 1630 724 pro
1665 655 1831 710 felici.

316 737 509 798 Τόπος.
555 741 860 798 Aristotelis
902 744 1101 814 Topica
1141 746 1462 801 inscribitur
1495 762 1652 816 opus,
1691 748 1832 817 quod

245 830 347 883 loci
378 833 428 884 in
467 834 570 888 illis
603 837 913 897 traduntur,
971 839 1170 908 quibus
1204 840 1458 894 instructi
1493 841 1558 894 de
1593 841 1836 908 qualibet

243 940 302 977 re
338 929 612 992 proposita
666 931 1022 998 probabiliter
1077 935 1449 1000 argumentari
1515 949 1830 1001 posuimus.

242 1018 472 1080 Quidam
505 1030 727 1075 eensent
767 1025 960 1076 librum
991 1024 1224 1092 primum
1261 1041 1388 1090 non,
1435 1024 1713 1094 t‘opicum,
1740 1027 1834 1081 sed

248 1111 362 1177 Πρὸ
391 1111 497 1162 τῶν
529 1114 733 1177 τόπων,
758 1129 878 1168 ante
909 1116 1072 1178 locos,
1111 1118 1516 1171 inscribendum
1553 1133 1693 1181 esse,
1726 1130 1830 1173 etc.

316 1201 768 1267 Tragiatnhorum
851 1207 1058 1274 primus
1130 1208 1382 1260 inventor
1426 1208 1830 1276 Apollodorus,

238 1292 579 1359 Asclepiadis
611 1292 1125 1363 F..grammaticus.
1176 1300 1373 1368 (Supra
1429 1301 1829 1368 Apollodorus.)

319 1383 606 1451 Tl‘njnzstls,
662 1389 943 1454 patricius.
983 1389 1080 1442 llic
1127 1392 1230 1443 sub
1280 1389 1609 1454 Justiniano,
1646 1395 1832 1445 rhino-

247 1487 440 1537 tttzeto,
479 1479 685 1542 floruit,
727 1480 1171 1548 Chronicumque
1210 1483 1368 1536 breve
1398 1498 1459 1536 ac
1495 1487 1833 1551 pr:estantis-

240 1568 444 1620 simum
511 1570 784 1638 Σύντομον
839 1576 979 1625 πάνυ
1039 1575 1344 1643 θαυμάσιον
1411 1577 1648 1644 scripsit.
1706 1578 1832 1632 Erat

239 1657 384 1710 idem
415 1659 920 1716 Christianissimus
951 1676 1003 1718 et
1037 1668 1272 1719 maxime
1303 1667 1666 1723 ortbodoxus.

320 1751 628 1814 Suetonius,
682 1755 1055 1824 'l‘rauquillus,
1102 1760 1492 1826 grammaticus
1530 1763 1827 1824 Romanus,

240 1843 460 1910 scripsit
495 1843 566 1896 De
601 1844 904 1899 Cra’cornm
938 1849 1077 1900 ludis
1119 1850 1313 1901 librum
1357 1848 1422 1915 I;
1458 1851 1531 1903 De
1569 1851 1829 1906 Ilomano-

1942 656 2161 724 utapud
2197 672 2254 710 se
2297 672 2403 710 uno
2461 669 2607 710 anno
2663 668 2883 708 manere
2943 653 3091 706 illum
3151 651 3372 706 sineret.
3424 648 3521 703 illo

1937 749 2124 816 elapso
2164 747 2332 817 jussit
2388 757 2571 815 petere
2601 762 2631 800 a
2660 761 2717 801 se
2743 744 3005 814 quidquid
3043 743 3221 797 vellet.
3258 739 3353 794 llle
3384 740 3520 793 nihil

1939 839 2106 902 aliud,
2161 855 2322 906 quam
2379 839 2713 906 captivorum
2769 835 2975 903 aliquot
3018 833 3385 886 Romanorum
3425 847 3522 899 po-

1939 931 2158 984 stulavit
2189 932 2515 993 libertatem,
2559 930 2758 998 quibus
2789 929 2924 983 alios
2951 937 3035 982 ter
3061 925 3206 980 mille
3248 926 3522 981 Chosroes

1937 1023 2163 1078 addidit.

2007 1115 2373 1186 Triphyllius,
2421 1116 2745 1184 episcopus,
2797 1113 3098 1181 discipulus
3155 1108 3476 1182 Spyridonis
3505 1148 3520 1172 ,

1938 1207 2159 1276 Cyprii,
2196 1208 2588 1276 thaumaturgi,
2625 1206 2781 1274 cujus
2829 1205 3087 1259 miracula
3133 1203 3329 1257 litteris
3377 1215 3524 1254 man-

1937 1299 2105 1352 davit.
2158 1300 2324 1354 Multa
2375 1300 2519 1353 enim
2571 1298 2698 1352 fecit
2739 1295 3031 1367 Spyridon,
3065 1295 3202 1348 utin
3237 1292 3360 1347 Vita
3404 1291 3522 1358 ejus

1938 1390 2187 1442 versibus
2242 1392 2489 1444 iambicis
2525 1391 2726 1461 scripta
2775 1388 3030 1454 traditur,
3063 1401 3185 1456 quae
3230 1383 3524 1450 quaerenda

1939 1491 2088 1545 sunt,
2121 1491 2178 1534 ttt
2205 1481 2360 1533 valde
2398 1482 2572 1534 utilia.

2011 1577 2480 1644 Τριταγωνιστής.
2519 1574 2836 1627 {Eschinem
2890 1572 3076 1626 multis
3119 1570 3171 1624 in
3219 1570 3356 1625 locis
3405 1582 3527 1638 per-

1936 1667 2153 1733 stringit
2191 1667 2581 1720 Dcmosthenes
2619 1674 2676 1720 ut
2707 1665 3027 1718 histrionem
3074 1665 3340 1729 tragicum
3376 1660 3528 1714 vilis-

1937 1760 2134 1809 simum
2194 1758 2244 1809 in
2303 1758 2462 1809 tcrtio
2521 1756 2710 1810 ordine
2750 1772 2870 1809 eum
2923 1768 3241 1807 numerans.
3311 1749 3526 1804 Primus

1939 1850 2236 1917 Sophocles
2294 1866 2424 1903 usus
2457 1862 2541 1902 est
2573 1849 2748 1902 tribus
2806 1846 3169 1901 histrionibus
3203 1853 3255 1898 et
3299 1844 3526 1912 tritago-

242 1951 358 1985 run
392 1940 706 2001 spectaculis
733 1952 778 1991 et
815 1943 955 1996 ludis
982 1945 1149 1996 libros
1184 1943 1284 2010 II;
1326 1945 1398 1998 De
1425 1964 1562 2000 anno
1599 1948 1831 2001 Romano
1867 1923 1907 1976 Β
1939 1943 2105 1994 Ιιῖςίιὶ.
2144 1943 2342 2010 (Supra
2375 1943 2428 1994 in
2467 1941 2790 2010 Sophocle.)

239 2031 436 2082 librum
476 2031 538 2094 I;
583 2033 652 2085 De
684 2038 843 2101 nolis,
889 2055 1112 2104 quarunt
1148 2056 1272 2091 usus
1305 2052 1378 2094 est
1414 2042 1464 2092 in
1493 2042 1662 2102 lil'ris,
1705 2044 1838 2111 Περὶ

240 2123 351 2171 τῶν
382 2125 434 2172 ἐν
461 2127 567 2174 τοῖς
598 2125 820 2191 βιῆλίοις
857 2131 1097 2198 σημείων
1135 2131 1325 2182 librum
1367 2130 1431 2195 I;
1468 2132 1540 2184 De
1573 2132 1836 2187 Ciceronis

237 2209 369 2276 Rep.
403 2213 596 2265 librum
631 2217 676 2279 Ι,
715 2218 764 2269 in
800 2235 908 2285 quo
942 2221 1264 2273 contradicit
1334 2221 1592 2291 Dydimo;
1638 2225 1710 2275 Ue
1741 2240 1834 2275 no-

246 2303 479 2354 minibus
535 2309 761 2373 propriis
786 2320 831 2360 et
865 2311 1048 2376 [oi-pnis
1103 2312 1321 2363 restium
1357 2323 1400 2362 et
1437 2316 1755 2374 calceorum,
1787 2326 1834 2368 et

242 2395 566 2460 reliquorum
626 2400 809 2460 quibus
863 2403 978 2466 quis
1027 2404 1288 2464 res-titur;
1345 2405 1478 2472 "sp".
1535 2405 1836 2474 Sus'gﬁuto‘)

241 2484 449 2546 λῑξεων
480 2488 550 2539 De
590 2492 753 2542 rerbis
786 2494 1141 2558 mm’iominis,
1179 2496 1291 2548 sive
1326 2494 1397 2546 lle
1426 2497 1747 2561 maledictis,
1786 2510 1838 2552 (τι

242 2578 438 2629 Ιιειιιιῖιι
478 2581 750 2647 quodq'ie.
789 2583 859 2634 Ire
887 2582 1054 2635 Roma
1108 2586 1322 2653 ejusque
1366 2587 1621 2640 institutis
1652 2600 1698 2638 et
1727 2606 1834 2638 mo-

241 2671 390 2721 rilms
444 2672 602 2725 libros
632 2672 729 2737 II;
769 2674 1097 2740 Σνγγενικζν
1142 2678 1478 2745 Καισάρων,
1542 2677 1835 2732 Familiam

241 2761 538 2826 Cwsarum,
571 2769 712 2832 quod
767 2783 903 2834 opus
933 2770 1175 2820 continet
1225 2764 1434 2822 eorum
1461 2768 1610 2822 Vitas
1635 2781 1687 2823 et
1715 2788 1836 2824 suc-

242 2860 527 2909 cr‘ss‘oucs
551 2873 578 2909 a
605 2857 748 2910 Julio
781 2877 954 2928 usque
975 2862 1038 2913 ad
1070 2861 1438 2914 Domitianum
1471 2862 1620 2915 libris
1655 2863 1832 2930 VIII;

242 2945 479 2998 Stemma
513 2950 798 3001 illustrium
832 2953 1060 3002 iii-orum
1099 2951 1482 3006 Romanorum.

313 3046 453 3112 Τρία
486 3048 838 3119 Στησιχόρου,
874 3053 977 3103 tria
1013 3049 1320 3116 Stesichori,
1349 3053 1396 3104 id
1427 3061 1508 3106 est
1536 3053 1830 3124 Strophcn,

241 3139 658 3207 Antisti-ophen,
697 3143 939 3211 Epodon.
977 3144 1112 3197 Tota
1144 3147 1287 3198 enim
1324 3145 1620 3200 Stesichori
1652 3151 1830 3216 peesis

240 3242 322 3282 est
361 3235 606 3299 epoticti.
641 3235 702 3286 Et
735 3238 1010 3290 hominem
1063 3253 1292 3306 prorsus
1350 3240 1656 3307 imperitum
1711 3257 1831 3308 per-
1859 3271 1902 3327 ο

240 3321 513 3384 stringere
572 3322 810 3377 volentes
864 3340 986 3378 eum
1023 3340 1087 3378 ne
1115 3327 1220 3378 tria
1264 3327 1481 3396 quidem
1540 3326 1831 3382 Stesichori

243 3431 410 3466 nosse
439 3416 711 3469 ιΙιςιιὶιςιιιι.

314 3507 707 3573 Trihouianus,
747 3510 1117 3564 Macedoniani
1150 3513 1207 3565 lt‘.
1246 3530 1309 3568 ex
1369 3518 1661 3573 causidicis
1693 3535 1827 3587 [πω-

241 3597 400 3651 Γι-ριυι
423 3617 508 3650 nm
547 3603 820 3668 praetorio,
857 3605 1074 3669 gentilis
1103 3615 1154 3658 et
1186 3607 1405 3676 impius,
1433 3624 1461 3662 a
1483 3609 1827 3664 Christiano-

241 3706 362 3742 rum
426 3692 524 3742 fide.
575 3709 802 3760 prursus
863 3697 1095 3759 alienus,
1165 3698 1419 3766 idemque
1477 3702 1727 3756 adulator
1780 3715 1832 3758 et

241 3783 531 3850 impostor,
571 3790 657 3851 qui
689 3785 1017 3847 Justinimo.
1073 3791 1234 3858 cujus
1278 3801 1395 3846 erat
1443 3803 1703 3860 quaestor,
1739 3810 1831 3847 co-

240 3878 475 3926 nubatur
530 3880 903 3944 persuadere,
961 3894 1084 3931 cum
1137 3896 1242 3932 nun
1302 3881 1630 3935 moriturum
1666 3923 1678 3945 ,
1735 3884 1829 3936 sed

238 3969 426 4018 vivum
463 3968 514 4019 in
543 3971 739 4020 cmlum
797 3973 1116 4024 translatum
1155 3972 1240 4025 iri.
1277 3973 1483 4042 Ingenii
1519 3975 1637 4027 acie
1687 3977 1832 4029 valc-

236 4058 642 4122 batetapicem
703 4063 1026 4116 eruditionis
1093 4065 1362 4133 attigerat,
1401 4068 1474 4118 ita
1532 4068 1822 4121 utnullum

237 4155 417 4202 uitatis
450 4168 560 4204 sua:
597 4155 909 4206 mortalium
946 4157 1044 4208 hac
1077 4157 1234 4210 laude
1287 4157 1624 4226 superiorem
1657 4160 1824 4214 habe-

236 4253 336 4295 ret.
381 4241 484 4296 Sed
521 4245 701 4311 legum
757 4249 1134 4302 numlinationi
1191 4260 1305 4302 erat
1333 4250 1571 4313 deditus,
1600 4262 1650 4305 et
1679 4253 1831 4306 inex-

237 4334 420 4402 plebili
459 4337 707 4398 avaritia,
744 4353 904 4406 quazn
931 4340 1220 4408 splendore
1249 4357 1475 4396 summa:
1506 4344 1828 4400 eruditionis

237 4427 598 4481 obscurabat.

307 4517 703 4583 Tribunianus,
739 4519 972 4584 Sidetes,
1001 4538 1061 4575 ex
1089 4524 1414 4580 caussidicis
1445 4525 1822 4594 praefectorum

2015 2031 2267 2094 Troilus,
2331 2032 2596 2096 sophista,
2651 2032 2745 2100 qui
2801 2029 2961 2084 Cl’oli
3026 2028 3230 2084 docuit.
3293 2025 3528 2095 Scripsit

1945 2120 2227 2174 Orationes
2257 2121 2465 2184 civiles;
2505 2120 2864 2186 Epistolarum
2893 2119 3052 2171 libros
3097 2117 3225 2171 VII.

2395 2214 2786 2268 Demosthenes
2855 2212 3169 2266 Ailschincm
3231 2210 3371 2263 inter
3418 2209 3524 2262 alia

1940 2303 2163 2358 dicteria
2225 2318 2381 2358 vocat
2433 2307 2597 2358 etiam
2663 2304 3187 2374 γραμματοκύλςωνα
3247 2311 3300 2356 ct
3355 2302 3524 2356 lilium

1941 2397 2224 2462 Clljll51lt'nl
2284 2397 2564 2458 Trometis,
2627 2398 2984 2461 litteratoris,
3055 2397 3166 2451 sive
3220 2395 3522 2465 primorum

1939 2487 2332 2541 elementorum
2367 2490 2627 2543 doctoris.

2013 2577 2280 2647 Τρῦπαια.
2333 2581 2558 2649 Antiqui
2597 2581 2758 2634 Attici
2794 2581 3230 2636 circumflectunt
3256 2583 3306 2635 in
3335 2579 3526 2652 penul-

1939 2670 2092 2733 til:.a,
2139 2675 2420 2740 τροπαῖον,
2480 2675 2813 2728 recentiores
2861 2675 2913 2727 in
2958 2674 3384 2743 antepennltima
3436 2689 3526 2728 ac-

1940 2770 2130 2824 cuunt,
2162 2763 2441 2831 τρόπαιον.
2478 2765 2714 2833 Antiqua
2741 2780 2867 2818 vero
2901 2766 3080 2834 lingua
3110 2767 3286 2820 Attica
3307 2777 3389 2820 est
3412 2766 3522 2830 illa,

1938 2854 2098 2920 cujus
2133 2857 2400 2922 principes
2428 2856 2579 2910 fuere
2607 2857 2848 2928 Eupolis,
2891 2859 3171 2923 Cratinus,
3201 2860 3522 2929 Aristopha-

1938 2959 2053 3006 nes,
2097 2944 2680 3016 Tliucydidcs;,Nova
2721 2965 2868 3016 vero,
2927 2951 3086 3019 cujus
3143 2949 3438 3006 Menander
3469 2962 3526 3007 et

1937 3037 2050 3090 alii.

2007 3127 2341 3196 Tpo;o’wto;,
2402 3133 2509 3185 Καὶ
2551 3133 2862 3204 Τροςρωνέου
2920 3135 3060 3190 κατὰ
3111 3136 3216 3206 γῆς
3272 3137 3520 3206 παίγνια.

1938 3217 2188 3272 Lebadia:
2219 3222 2296 3286 (in
2329 3221 2667 3293 Macedonia)
2713 3225 2814 3278 fuit
2859 3227 3166 3290 oraculum,
3209 3228 3355 3297 quod
3381 3245 3408 3282 a
3437 3228 3526 3283 dc-

1935 3327 2128 3364 secnsu
2183 3313 2389 3366 dietum
2446 3317 2796 3370 καταόἀςιον.
2864 3319 3030 3372 Erant
3064 3335 3190 3374 vero
3229 3321 3300 3373 ibi
3339 3320 3524 3376 fauces

1934 3402 2180 3470 quaedam
2213 3445 2226 3468 ,
2280 3421 2402 3474 qua:
2453 3417 2661 3460 tantum
2717 3419 2991 3464 extremas
3030 3411 3230 3479 pedum
3281 3412 3522 3467 hominis

1933 3503 2115 3563 partes
2139 3512 2333 3564 capere
2363 3508 2633 3565 poterant.
2670 3501 2834 3552 Deum
2871 3501 3034 3568 igitur
3064 3502 3389 3564 consulturi,
3426 3517 3523 3572 per

1934 3594 2112 3638 certos
2145 3589 2296 3655 prius
2321 3588 2436 3642 dies
2479 3601 2692 3644 servata
2740 3593 3009 3652 castitate,
3037 3601 3090 3646 et
3121 3609 3278 3648 sacro
3334 3594 3520 3648 habitu

1934 3683 2109 3732 ornati
2137 3681 2402 3735 ambabus
2439 3683 2688 3737 manibus
2737 3684 3042 3740 melittutas
3070 3687 3184 3740 sive
3218 3687 3517 3756 placentas,

1936 3773 2093 3825 melle
2120 3789 2468 3842 conspersas,
2497 3789 2761 3839 tenentes,
2787 3779 2850 3830 ad
2877 3778 3064 3832 fauces
3090 3781 3208 3832 illas
3236 3781 3518 3846 sedebant,

1933 3875 1985 3918 et
2020 3877 2241 3934 repente
2287 3869 2390 3921 sub
2449 3879 2647 3923 terram
2701 3871 3128 3940 abripiebantur.
3168 3871 3521 3943 Trophonius

1933 3966 2110 4011 autem
2145 3958 2242 4012 fuit
2275 3960 2486 4014 Eresini
2515 3963 2676 4024 lilius,
2711 3961 2896 4017 fratris
2934 3965 3244 4034 Agamcdis,
3274 3975 3380 4020 etc.

2004 4051 2468 4121 Τρυγοκωμῳόἔα,
2497 4054 2574 4107 sic
2597 4055 2762 4119 dicta,
2793 4057 2937 4124 quod
2975 4057 3207 4110 Victores
3238 4057 3518 4126 praemium

1932 4144 2243 4211 acciperent
2283 4144 2383 4213 τὴν
2420 4145 2618 4212 τρύγα,
2651 4145 2755 4198 hoc
2789 4155 2893 4209 est,
2925 4151 3102 4200 vinum
3139 4165 3366 4214 novum;
3413 4151 3518 4215 vel,

1933 4237 2079 4302 quod
2127 4235 2280 4296 olim,
2335 4251 2458 4289 cum
2523 4237 2684 4291 larva:
2732 4239 2972 4292 nondum
3025 4239 3262 4296 inventa:
3311 4250 3516 4307 essent,

1931 4327 2114 4397 τρυγε,
2148 4328 2372 4384 faecibus
2402 4345 2495 4384 ora
2527 4341 2912 4402 perungerent.

2005 4423 2460 4492 Τρυγοδαζμονες.
2497 4425 2663 4478 veluti
2693 4424 3112 4481 Cacodaemones
3138 4425 3268 4480 dicti
3301 4425 3519 4498 (comici

1933 4514 2134 4567 veteris
2166 4516 2509 4585 commdiae,)
2547 4517 2690 4584 quod
2735 4517 2958 4571 obsceni
2989 4525 3172 4572 essent
3201 4525 3254 4572 et
3284 4517 3432 4587 impii
3465 4526 3520 4572 et

2043 2212 2053 2222 .

2012 2211 2042 2261 'l
2060 2214 2314 2282 ρόμητος.

236 4611 514 4677 pr:ctorio,
547 4621 601 4664 et
643 4613 759 4679 ipse
797 4614 877 4666 vir
915 4616 1227 4670 multifaria:
1284 4618 1631 4673 eruditionis.
1682 4619 1828 4674 Scri-

1937 4605 2222 4658 cavillandi
2252 4607 2433 4660 studio
2475 4616 2617 4662 totos
2647 4623 2706 4662 se
2731 4607 3011 4663 dederent.

237 4702 340 4766 psit
376 4702 624 4755 versibus
659 4703 1109 4757 Commentariun:
1135 4707 1188 4758 in
1216 4705 1492 4760 Ptolemwi
1525 4707 1836 4762 Cononem;

234 4792 559 4844 Conventum
611 4791 864 4842 mundani
906 4801 952 4843 et
995 4793 1285 4846 harmoniai
1335 4795 1710 4861 diathematis;
1741 4798 1837 4863 Εἰς

233 4885 322 4933 τὶν
373 4882 727 4934 πολιτεύοντα
772 4883 866 4935 καὶ
901 4883 1172 4946 διέποντα,
1236 4884 1301 4937 1η
1347 4887 1727 4953 gubernantem
1779 4898 1833 4943 et

234 4974 750 5035 administrantem;
807 4969 872 5023 In
926 4973 1257 5039 planetarum
1320 4975 1589 5030 domicilia
1634 4990 1687 5031 et
1735 4995 1835 5034 cur

233 5065 465 5131 singulis
523 5063 861 5116 domicilium
909 5065 1012 5118 hoc
1047 5065 1124 5118 vel
1158 5067 1290 5120 illud
1354 5069 1676 5122 attributum
1724 5073 1830 5158 sit;

235 5159 304 5208 De
344 5153 540 5207 XXIV
576 5157 788 5219 pedibus
819 5159 1048 5209 metricis
1081 5156 1429 5225 rhythmicis;
1461 5153 1828 5229 Metaphrasin

236 5243 504 5298 Homerici
551 5248 758 5296 navium
801 5247 1064 5315 cata/agi;
1111 5248 1389 5316 Dialogum
1454 5251 1827 5306 Macedonian:

231 5339 342 5390 sive
395 5337 471 5390 De
525 5337 812 5404 felicitate;
885 5337 1060 5392 Vitam
1140 5339 1407 5406 Theodoti,
1492 5343 1826 5411 philosophi.

235 5428 383 5480 libris
421 5427 552 5493 III;
591 5429 898 5483 Orationem
949 5433 1309 5498 consularem;
1345 5436 1614 5503 prosaice,
1649 5437 1700 5490 in
1731 5436 1829 5490 Ju-

235 5519 556 5579 stinianum,
617 5519 748 5587 imp.
808 5519 1115 5573 Orationem
1141 5524 1203 5574 de
1231 5539 1410 5592 regno,
1444 5525 1496 5578 in
1525 5526 1778 5581 eumdem
1807 5544 1822 5592 ;

235 5608 309 5662 De
338 5611 596 5664 niensium
626 5615 1034 5679 permutatione,
1056 5616 1323 5671 versibus.

307 5701 608 5758 Tribunus.
666 5701 764 5759 llic:
826 5715 1068 5774 tempore
1097 5705 1358 5762 Cliosrois
1417 5707 1569 5772 vixit,
1624 5725 1822 5779 genere

239 5795 581 5864 Palmstinus,
614 5799 697 5852 vir
722 5799 968 5854 eruditus
994 5810 1046 5852 et
1075 5808 1189 5852 arte
1220 5801 1430 5855 medica
1463 5801 1596 5856 nulli
1627 5819 1823 5858 secun-

239 5886 374 5951 dus;
447 5885 704 5957 singulari
775 5886 917 5942 idem
983 5887 1356 5944 moderatione
1417 5900 1470 5945 ct
1521 5889 1716 5960 pietate
1765 5894 1817 5946 in

2013 4695 2442 4767 Tryphiodorus,
2479 4697 2788 4768 ZEgyptius,
2830 4699 3237 4768 grammaticus,
3276 4707 3329 4752 et
3360 4707 3517 4769 poeta

1943 4788 2215 4841 heroicus.
2257 4787 2488 4856 Scripsit
2522 4787 2958 4852 Marathoniam;
2990 4786 3081 4840 Ilii
3117 4789 3416 4854 excidium;
3445 4786 3520 4841 Dc

1948 4877 2337 4947 Hippodamia;
2397 4881 2685 4949 Odysseam
2741 4880 2916 4933 littera
2949 4881 3032 4949 (Σ)
3067 4890 3349 4942 carentem,
3404 4880 3520 4935 sive

1939 4972 2138 5026 Poema
2167 4975 2232 5026 de
2268 4973 2543 5026 laboribus
2605 4970 2832 5042 Ulyssis,
2871 4974 3021 5028 etiis
3055 4988 3176 5042 quae
3233 4972 3429 5028 fabula
3451 4973 3518 5028 de

1939 5064 2030 5117 illo
2065 5064 2301 5117 tradunt.

2009 5155 2288 5225 Tryphon,
2324 5154 2599 5209 Ammonii
2630 5153 2716 5220 F.,
2741 5155 3160 5222 Alexandrinus,
3191 5158 3512 5227 grammati-

1936 5262 2033 5301 cus
2060 5256 2113 5300 et
2137 5258 2314 5316 p0eta,
2365 5248 2457 5316 qui
2486 5250 2621 5302 vixit
2657 5249 2888 5318 Augusti
2924 5248 3256 5317 temporibus
3285 5257 3339 5302 et
3366 5258 3510 5305 ante.

1934 5338 2162 5406 Scripsit
2205 5339 2276 5392 De
2325 5339 2627 5406 pleonasmo
2688 5340 3076 5406 diatectorum,
3139 5354 3254 5408 quia
3298 5347 3420 5391 sunt
3460 5339 3514 5393 in

1933 5431 2148 5486 xEnlica
2197 5432 2394 5503 lingua,
2446 5435 2602 5488 libros
2633 5433 2798 5500 XII;
2826 5434 2899 5488 De
2929 5435 3188 5498 dialectis,
3233 5446 3353 5502 qua
3391 5443 3513 5486 sunt

1931 5527 2073 5594 apud
2100 5524 2382 5578 Homerum
2409 5535 2457 5578 et
2486 5525 2808 5579 Simonidem
2836 5535 2884 5579 et
2912 5525 3208 5578 Pindarum
3233 5536 3287 5578 ct
3310 5525 3515 5580 Alcma-

1931 5631 2046 5668 nem
2075 5616 2311 5684 aliosque
2343 5615 2571 5684 lyricos;
2607 5615 2678 5669 De
2718 5615 3042 5669 Hellenisin
3075 5616 3232 5686 (Περὶ
3264 5618 3362 5685 τῆς
3396 5617 3514 5671 Ἐλ-

1933 5705 2108 5773 λήνων
2164 5705 2467 5774 διαλέκτου)
2514 5714 2563 5758 et
2629 5705 2852 5758 dialecto
2895 5705 3250 5776 Argivorum,
3325 5706 3510 5761 Hinuo

1930 5814 2200 5867 rogorum,
2235 5796 2607 5867 Rheginorum,
2645 5797 2977 5853 Doriensinm
3010 5808 3058 5852 et
3089 5797 3507 5868 Syracusarum;

1927 5891 2002 5946 De
2045 5891 2384 5959 inﬂexionum
2427 5891 2675 5961 analogia
2719 5892 2910 5945 librum
2952 5891 3015 5955 I;
3067 5892 3139 5948 De
3181 5895 3308 5947 recti
3356 5908 3507 5946 casus
