4208 6496
712 375 734 440 1
747 373 850 440 367

1915 381 2159 442 INDEX
2197 381 2700 446 SCRIPTORUM

3845 377 3992 440 1368

703 493 994 562 analogia;
1037 493 1112 544 De
1139 493 1437 546 nominibus
1472 497 1847 562 comparativis
1885 497 2078 551 librum
2111 495 2180 562 1;
2221 495 2298 549 De

2410 497 2644 566 itemque
2682 495 2836 564 Μέλη
2873 493 3310 563 πολεμιστήρια,
3339 491 3598 547 Carmina
3649 491 3838 546 bellica
3862 531 3880 556 ,
3919 492 3992 544 Ii-

703 585 1188 654 monosyllaborum
1243 585 1530 654 analogia;
1568 586 1640 640 De
1667 589 1936 641 nominum
1975 591 2296 643 characteri-

705 677 800 730 bus
827 677 1020 731 librum
1045 675 1110 742 I;
1149 677 1220 730 De
1245 677 1522 732 verborum
1572 681 1962 748 graeitonorutn
2011 682 2291 752 analogia,

705 770 900 821 librant
937 767 1000 832 l;
1031 769 1105 822 De
1139 771 1306 822 verbis
1351 772 1634 836 encliticis,
1683 773 1982 842 inﬁnitivis,
2018 777 2294 842 imperati-

704 862 805 922 tis,
847 861 1119 926 optatit'is,
1153 862 1376 932 denique
1435 865 1710 925 omnibus:
1745 865 1819 918 De
1845 868 2220 936 orthographia
2245 877 2295 922 et

704 951 769 1002 iis
784 968 898 1020 qua!
917 954 970 1004 in
989 970 1048 1006 ea
1073 965 1414 1022 qumruntur;
1447 955 1518 1008 De
1540 957 1812 1024 spiritibus
1832 968 1878 1010 et
1901 962 2096 1024 tropis;
2121 969 2171 1014 et
2187 962 2294 1015 alia

705 1057 830 1110 quae
865 1053 1150 1096 enumerat
1197 1043 1412 1099 Kuster.
1449 1047 1502 1098 in
1531 1057 1655 1100 nota
1689 1049 1741 1110 5,
1783 1057 1914 1102 tom.
1953 1050 2038 1112 lll,
2077 1067 2128 1120 p.
2169 1051 2291 1104 515.

779 1129 1084 1203 Tyrannio,
1139 1134 1466 1204 Epicratidis
1505 1145 1557 1189 et
1594 1137 1798 1192 Lindite
1825 1181 1839 1202 ,
1891 1139 2292 1205 Alexantlrinze,

711 1222 796 1284 1³..
826 1223 1138 1288 Amisenos,
1162 1226 1254 1294 qui
1290 1226 1541 1296 Corymbi
1569 1229 2005 1297 nuncupabatur.
2027 1229 2170 1284 Vixit
2193 1233 2297 1286 sub

707 1315 968 1383 Pompeio
1023 1315 1219 1385 Magno
1244 1329 1299 1372 et
1342 1329 1488 1382 ante,
1543 1321 1846 1390 discipulus
1879 1339 2002 1376 cum
2041 1325 2292 1390 aliorum,

711 1417 824 1458 tum
857 1407 1020 1460 etiam
1060 1408 1318 1473 llmstimi,
1345 1411 1613 1476 Amiseni,
1642 1431 1670 1468 a
1697 1431 1804 1484 quo
1831 1417 1992 1470 etiam
2021 1417 2296 1487 Tyrannio

709 1499 888 1552 dit-tus
929 1508 1032 1558 est.
1065 1501 1208 1568 quod
1241 1503 1648 1573 condiscipulos
1693 1509 2010 1576 exagitaret,
2043 1525 2168 1561 eum
2201 1523 2300 1560 an-

712 1598 794 1640 tea
848 1587 1257 1658 Theophrastus
1305 1593 1593 1648 diceretur.
1639 1595 1832 1650 Postea
1875 1599 2037 1650 etiam
2095 1598 2296 1666 Diony-

713 1681 876 1740 sium,
915 1679 1204 1742 Thracem,
1261 1683 1434 1736 Rhodi
1483 1685 1655 1738 audiit
1697 1689 2036 1750 aemulusque
2067 1686 2166 1740 fuit
2195 1687 2298 1740 Dc-

713 1771 888 1822 nu-trii
943 1771 1398 1839 Etylbt'u'incm
1453 1773 1684 1828 Romam
1743 1776 2294 1845 captivusaLucullo

713 1862 908 1914 ductus
946 1874 1048 1928 cst,
1095 1881 1215 1917 cum
1258 1867 1637 1927 Mithridatem,
1681 1867 2024 1922 Ponticarum
2055 1869 2296 1939 gentium

717 1971 742 2004 r
780 1972 919 2022 genu,
963 1958 1050 2008 ille
1079 1957 1424 2011 tlehellassct.
1477 1959 1659 2014 Rontrc
1695 1977 1820 2016 vere
1863 1963 2044 2018 clarus
2069 1973 2122 2016 et
2151 1963 2302 2017 dives

719 2047 914 2102 factus.
973 2049 1234 2102 librorum
1291 2053 1452 2104 etiam
1507 2051 1646 2106 ultra
1711 2055 1930 2123 triginta
1987 2055 2154 2108 millia
2201 2057 2303 2110 sibi

718 2141 1072 2206 (ξιηηιιςιι-εινίι.
1108 2141 1282 2195 Senex
1315 2144 1469 2206 obiit,
1497 2143 1732 2214 podagra
1759 2145 2062 2210 confectus,
2099 2148 2300 2216 olymp.

721 2231 854 2284 {LXX
887 2274 900 2295 ,
961 2249 1104 2286 anno
1153 2235 1330 2288 tertio.
1385 2235 1546 2290 FABR.
1599 2235 1872 2290 Knstcrin
1899 2249 2022 2294 nota
2059 2241 2106 2302 I,
2139 2248 2177 2292 t.
2214 2239 2302 2302 Ill,

719 2339 776 2392 ι).
828 2325 952 2387 518,
991 2326 1226 2393 prirnum
1253 2335 1423 2390 notat,
1451 2343 1707 2382 tiu-ueros
1735 2345 1854 2384 esse
1894 2331 2182 2384 tttnttifcsto
2219 2331 2304 2384 vi-

723 2419 908 2480 tiatos,
941 2417 1066 2488 quia
1097 2419 1186 2470 diu
1207 2429 1328 2487 post
1361 2420 1504 2472 illam
1541 2421 1898 2490 Olympiadem
1929 2422 2222 2492 Pompeius
2253 2435 2308 2478 et

727 2507 1005 2572 Lucullus,
1053 2509 1153 2561 sub
1183 2525 1292 2578 quo
1329 2510 1603 2580 Tyrannio
1629 2512 1780 2572 vixit,
1815 2511 2142 2568 ﬂoruissent.
2173 2513 2310 2568 llinc

725 2599 948 2666 corrigit
1009 2599 1334 2666 Ὀλυμπιάδι
1395 2605 1502 2668 ρκ’,
1564 2600 1614 2652 id
1661 2609 1744 2654 est
1791 2601 1986 2670 olymp.
2035 2603 2305 2664 CLXXX.

729 2688 932 2741 Deinde
1011 2687 1266 2742 observat
1335 2691 1480 2744 hunc
1543 2691 1944 2760 Tyrannionctn
2027 2698 2312 2765 scripsisse

729 2779 864 2848 Περὶ
904 2777 1000 2830 τοῦ
1048 2779 1260 2832 σκολιοῦ
1322 2781 1520 2850 μέτρου
1549 2821 1562 2846 ,
1619 2783 1648 2835 ὃ
1687 2787 1958 2856 πρῡύτέοη
2009 2787 2158 2856 αὐτῷ
2210 2788 2313 2840 ὑπὸ

727 2871 892 2924 Γαΐου
943 2871 1244 2940 Καεσαρος,
1303 2881 1442 2926 teste
1475 2874 1772 2930 sclmliasta
1835 2877 2218 2946 Aristophanis
2247 2877 2314 2932 ad

727 2965 1002 3024 Ratias,v.
1039 2965 1198 3016 1537.
1225 2962 1362 3016 Num
1399 2980 1528 3019 vero
1557 2965 1646 3020 hic
1666 2967 1934 3034 Tyannio,
1965 2983 2034 3020 an
2067 2967 2202 3021 alter
2221 2969 2312 3032 sit,

731 3058 890 3126 cujus
949 3057 1156 3112 mentio
1207 3067 1380 3112 exuat
1430 3059 1570 3128 apud
1629 3060 1980 3114 scholiastam
2031 3061 2314 3130 Nicandri,

2401 591 2512 644 bris
2549 590 2608 644 ν.
2642 589 3036 644 Lacedaemonii
3079 589 3398 656 joraverant
3427 627 3439 648 ,
3473 600 3532 640 se
3563 585 3646 638 vel
3677 583 3990 639 Messenam

2399 695 2676 752 capturos,
2699 685 2780 736 vel
2814 691 3042 736 mortem
3073 683 3438 749 oppetituros.
3469 680 3606 732 Cum
3637 689 3820 733 autem
3851 693 3996 732 ora-

2401 775 2584 826 culum
2631 774 2892 840 jussisset
2928 774 3121 826 ducem
3171 772 3240 824 ab
3289 771 3716 824 Atheniensibus
3771 779 3992 837 petere,

2400 863 2708 936 Tyrtzenm,
2745 875 2996 933 poetam,
3031 864 3306 920 hominem
3335 861 3591 915 claudum
3619 863 3688 914 ab
3723 861 3788 913 iis
3823 875 3994 913 acce-

2399 967 2630 1026 perunt,
2675 957 2768 1026 qui
2813 959 2878 1008 ad
2915 959 3168 1009 virtutem
3203 969 3298 1008 eos
3325 953 3686 1016 cohortando,
3721 951 3996 1005 vicesimo

2398 1065 2544 1102 anno
2597 1048 2896 1102 Messanam
2946 1047 3144 1115 cepit:
3196 1060 3360 1113 quam
3419 1043 3815 1098 Lacedaemonii
3869 1041 3994 1095 solo

2399 1149 2687 1210 atquarunt
2708 1179 2723 1204 ,
2755 1149 2810 1194 et
2842 1138 3090 1208 captivos
3121 1138 3262 1192 inter
3295 1135 3516 1190 llelotas
3548 1135 3874 1190 retulerunt.

3177 1227 3222 1282 U

2469 1324 2768 1392 Ulpianus,
2801 1322 3104 1378 Emesentts
3137 1361 3152 1384 ,
3181 1323 3450 1390 sepltista.
3500 1320 3732 1390 Scripsit
3773 1319 3848 1372 De
3887 1336 3993 1385 pa-

2405 1419 2532 1480 tria,
2575 1419 2796 1480 Emesa;
2835 1417 2912 1470 De
2945 1416 3247 1482 Ileliopoli;
3294 1416 3368 1469 De
3405 1415 3700 1482 Bosporitis
3751 1423 3810 1468 et
3859 1415 3992 1468 aliis

2399 1508 2674 1576 plurimis.
2717 1506 3202 1575 Progymnasmata
3233 1520 3250 1556 :
3283 1509 3464 1558 Artem
3495 1507 3836 1558 rhetoricam.

2477 1597 2756 1664 Ulpianus,
2781 1597 3154 1650 Antiocltenus
3183 1597 3354 1666 Syrus
3379 1637 3394 1660 ,
3419 1597 3686 1664 sophista,
3713 1595 3806 1662 qui
3837 1595 3996 1662 prius

2401 1690 2610 1744 Emcste
2635 1691 2822 1744 docuit
2853 1691 3187 1758 temporibus
3223 1693 3358 1758 imp.
3389 1689 3756 1744 Constantini.
3793 1688 3996 1742 Varias

2403 1784 2624 1851 scripsit
2663 1783 2980 1844 orationes,
3035 1781 3460 1835 declamationes
3487 1822 3502 1844 ,
3555 1779 3992 1848 disputationes,

2404 1874 2626 1940 λόγους,
2661 1873 2920 1942 μελέτας,
2951 1869 3214 1934 διαλέξεις
3235 1911 3249 1934 ,
3279 1881 3332 1924 et
3359 1871 3467 1924 alia
3497 1871 3768 1938 quaedam.
3809 1867 3996 1938 [Hunc

2407 1963 2698 2032 Ulpinnuut
2749 1961 2945 2016 Kuster
2977 1964 3030 2016 in
3065 1971 3200 2018 tom.
3245 1961 3324 2024 ll,
3361 1977 3488 2030 pag.
3521 1961 3656 2024 758,
3708 1971 3994 2014 auctorem

2407 2073 2526 2112 esse
2573 2057 2827 2126 opinatur
2877 2055 3406 2110 Commentariorum
3461 2055 3516 2108 in
3571 2053 3860 2106 Demosth.
3897 2050 3994 2121 qui

2409 2152 2590 2204 adhuc
2624 2149 2885 2220 exstant.]

2485 2241 2745 2309 Ulpianus
2765 2282 2780 2306 ,
2809 2239 3056 2295 Gazaeus.

2487 2333 2782 2402 Ulpiantts,
2843 2333 3010 2388 frater
3071 2333 3300 2398 lsidori,
3359 2333 3708 2402 philosophi,
3769 2331 3994 2400 ingenio

2411 2426 2616 2494 optimo
2647 2424 2908 2492 prmditus
2937 2423 3004 2476 ad
3039 2423 3452 2478 mathematicas
3495 2423 3790 2488 scientias,
3845 2422 3996 2477 unde

2413 2531 2612 2568 nomen
2670 2514 2788 2583 ejus
2841 2513 3070 2567 Athenis
3133 2513 3348 2568 celebre
3401 2513 3523 2566 fuit.
3579 2515 3646 2566 Et
3697 2513 3992 2582 Syrianus,

2413 2604 2692 2660 admirans
2737 2605 2853 2672 ejus
2895 2603 3204 2673 ingenium,
3236 2603 3422 2658 multis
3471 2603 3742 2662 narravit,
3779 2603 3990 2656 nullam

2415 2697 2514 2764 ipsi
2547 2697 2752 2749 clavem
2783 2695 2918 2750 adeo
2947 2696 3258 2750 intricatam
3289 2705 3344 2750 et
3373 2695 3666 2748 artificiose
3711 2694 3994 2762 composi-

2415 2799 2526 2844 tam
2553 2786 2734 2842 oﬂcrri
2765 2787 3032 2858 potuisse,
3063 2801 3228 2856 quam
3257 2800 3368 2840 non
3403 2785 3564 2840 facile
3595 2787 3868 2854 aperiret;
3901 2785 3994 2838 sed

2419 2881 2470 2934 in
2507 2880 2708 2948 reliqua
2743 2879 3088 2947 philosophia
3121 2878 3255 2931 nihil
3287 2889 3588 2932 memoratu
3621 2879 3848 2948 dignum
3881 2883 3996 2934 edi-

2418 2972 2584 3026 disse.
2627 2969 2854 3024 Juvenis
2903 2979 2958 3022 et
3003 2970 3200 3023 caelebs
3250 2969 3317 3022 de
3359 2970 3470 3022 vita
3505 2969 3760 3032 decessit,
3799 2985 3996 3037 magna

2421 3079 2534 3118 suae
2562 3062 2825 3116 bonitatis
2855 3061 3012 3114 laude
3037 3060 3180 3128 apud
3215 3059 3468 3114 homines
3501 3059 3714 3122 relicta,
3745 3067 3855 3112 etc.
3891 3060 3998 3130 (Ex

733 3151 976 3203 eruditos
1031 3149 1306 3218 inquirere
1359 3151 1529 3216 jubet.
1575 3151 1724 3205 Adde
1759 3167 1924 3220 supra
1959 3153 2012 3206 in
2059 3155 2316 3224 Catalogo
2347 3163 2388 3220 C
2426 3153 2756 3221 Damascio.)

733 3242 1214 3311 grammaticorum
1247 3241 1562 3296 Crtecorum
1593 3243 1648 3296 lt.
1683 3259 1734 3296 ν.
1766 3243 1934 3298 llum.

803 3332 1082 3403 Tyrannio
1110 3333 1328 3401 'junior,
1355 3333 1584 3388 Phoenix
1609 3377 1624 3400 ,
1661 3337 1990 3390 Artemidori
2022 3338 2112 3404 F.,
2144 3337 2311 3392 disci-

736 3423 898 3488 pulus
951 3421 1316 3492 Tyrannionis
1371 3423 1640 3488 senioris,
1696 3425 1839 3476 unde
1889 3425 2052 3478 etiam
2111 3441 2310 3480 nomen

737 3513 890 3574 tulit,
925 3527 1047 3564 cum
1099 3522 1258 3564 antea
1307 3511 1519 3566 Diocles
1567 3525 1872 3568 vocaretur.
1904 3515 2131 3582 Captum
2169 3517 2312 3570 bello

734 3605 878 3656 inter
910 3603 1206 3654 Antonium
1256 3611 1308 3656 cl.
1356 3603 1666 3662 Gtt-sarem.
1717 3605 2012 3668 Dymantcs
2065 3609 2310 3676 quidam,

736 3695 971 3746 (ia-saris
1025 3694 1272 3756 libertus,
1325 3711 1380 3746 rc
1403 3695 1575 3748 'cmit.
1611 3696 1802 3750 Postea
1837 3697 2122 3764 Terentiae,
2155 3700 2314 3754 Cice-

739 3787 890 3838 ronis
917 3785 1098 3844 uxori.
1127 3786 1358 3840 (lunatas
1387 3797 1488 3850 est,
1515 3803 1543 3840 a
1574 3803 1678 3856 qua
1711 3791 2102 3855 manumissus,
2131 3792 2318 3848 Romae

739 3879 927 3930 docuit
972 3887 1024 3929 ct
1063 3879 1228 3930 libros
1279 3879 1497 3946 scripsit
1529 3879 1756 3944 LXVIII,
1803 3897 1870 3934 ex
1915 3884 2115 3951 quibus
2148 3893 2314 3940 sunt:

741 3969 818 4022 De
853 3967 1133 4022 Homerica
1187 3970 1471 4036 prosodia;
1525 3970 1599 4024 De
1645 3974 1886 4040 partibus
1933 3977 2213 4040 orationis,
2265 3979 2318 4030 in

740 4077 849 4128 quo
882 4059 1014 4112 dicit
1061 4060 1282 4112 nomina
1335 4063 1552 4128 propria
1595 4077 1716 4116 esse
1759 4064 2060 4128 individua,
2103 4070 2320 4138 Ἀτομα

741 4147 884 4204 εἶναι
936 4150 1001 4202 τὰ
1052 4151 1216 4220 κύρια
1264 4151 1525 4222 ὀνόματα,
1581 4155 1906 4222 appellativa
1935 4174 2086 4222 vero,
2127 4160 2320 4228 primi-

741 4245 884 4308 tiva;
911 4253 962 4296 et
991 4244 1368 4312 participialia,
1397 4245 1692 4298 derivativo
1717 4263 1729 4312 ;
1759 4247 1831 4299 De
1861 4249 2039 4316 lingua
2057 4248 2318 4316 Romana,

741 4353 863 4390 eam
901 4337 1142 4390 aGratt‘a
1199 4337 1486 4390 oriundum
1541 4353 1682 4392 esse.
1737 4339 2012 4408 Antigenis
2063 4343 2320 4406 dialectus

745 4429 1022 4494 Romana;
1055 4428 1383 4483 nocentiores
1416 4441 1595 4498 poetas
1636 4432 1698 4484 ab
1741 4431 1970 4486 Homero
2004 4437 2320 4503 dissentire;

747 4519 1162 4572 Enarrationem
1217 4521 1520 4586 partitionis
1577 4521 1930 4590 Tyrannionis
1981 4527 2316 4598 (senioris);

749 4613 1138 4666 Correctt'0ncm
1173 4611 1508 4666 Homericam
1531 4631 1548 4678 ;
1586 4614 2052 4684 Orthographiatn.

823 4703 1123 4772 Tyrannio,
1173 4701 1492 4764 Messenius,
1542 4705 1920 4774 philosophus.
1977 4707 2208 4778 Scripsit
2255 4713 2322 4764 li-

749 4797 868 4848 bros
907 4793 1026 4858 ΙΙΙ,
1080 4794 1156 4848 De
1205 4797 1466 4864 auguriis.
1507 4795 1734 4850 Exstant
1787 4809 1840 4852 et
1891 4801 1980 4852 alii
2033 4803 2150 4872 ejus
2201 4804 2322 4858 libri

749 4885 936 4938 utiles.

823 4973 1110 5046 Tyrannus
1134 5015 1148 5038 ,
1181 4975 1448 5044 sophista,
1487 4979 1704 5048 scripsit
1741 4977 1812 5032 De
1855 4985 2082 5036 statibus
2133 5001 2327 5039 cansa-

753 5086 870 5122 rum
900 5080 948 5120 et
983 5067 1239 5120 divisione
1279 5070 1558 5132 orationis,
1597 5071 1756 5124 libros
1787 5071 1862 5126 Χ.

821 5161 1102 5233 Tyrta-tts,
1149 5160 1514 5216 Archimbroti
1575 5163 1660 5225 F.,
1691 5165 1868 5220 Lacon
1922 5177 2016 5220 aut
2063 5167 2324 5231 Milesius.

756 5267 915 5324 poi-ta
949 5254 1220 5322 elegiacus
1253 5263 1307 5307 et
1339 5255 1536 5308 tibicen
1560 5297 1574 5319 ,
1607 5271 1766 5324 quem
1801 5255 1984 5310 lerunt
2018 5261 2326 5313 carminum

756 5327 978 5406 suorum
1011 5357 1170 5396 cantu
1203 5342 1648 5398 Lact-dtemonios
1680 5346 1743 5396 ad
1775 5347 2017 5412 praelium
2047 5347 2327 5411 incitasse,

756 5447 810 5492 et
844 5437 924 5490 sic
955 5435 1202 5490 ali'ecisse
1223 5476 1238 5500 ,
1273 5445 1332 5490 ut
1363 5437 1506 5490 bello
1549 5447 1740 5492 contra
1771 5437 2068 5493 Messenios
2099 5441 2330 5494 victoria

755 5529 1078 5598 potirentur.
1117 5527 1210 5580 Est
1260 5535 1438 5580 autem
1493 5527 1911 5594 antiquissimus
1938 5567 1952 5589 ,
1989 5530 2214 5596 aequalis
2249 5543 2333 5582 sc-

759 5629 904 5688 ptem
940 5619 1188 5684 illorum,
1245 5621 1336 5688 qtti
1370 5619 1644 5687 sapientes
1692 5631 1974 5684 vocantur,
2027 5631 2122 5674 aut
2169 5621 2330 5673 etiam

761 5709 1059 5780 antiquior.
1081 5708 1292 5762 Floruit
1325 5708 1632 5778 Olympiade
1655 5707 1866 5762 XXXV.
1896 5707 2126 5778 Scripsit
2149 5709 2330 5777 Remp.

767 5801 1182 5866 Lacedwmonis,
1217 5809 1270 5856 et
1299 5797 1572 5867 Praecpta
1609 5803 1727 5854 rita
1765 5803 2011 5856 versibus
2055 5801 2331 5872 elegiacis,

2356 4495 2397 4548 D

2483 3245 2721 3302 Uranius
2743 3287 2756 3308 ,
2783 3243 2953 3314 Syrus
2977 3287 2990 3308 ,
3022 3241 3182 3295 CPoli
3213 3241 3500 3294 oberrabat
3523 3282 3537 3304 ,
3573 3251 3746 3294 artem
3782 3241 3998 3310 profes-

2415 3355 2511 3392 sus
2541 3335 2840 3394 medicam,
2877 3332 2972 3401 qui
3024 3347 3152 3384 cum
3201 3346 3264 3384 ex
3307 3329 3620 3382 Aristotelis
3651 3327 4000 3396 dogmatibus

2417 3431 2628 3486 nullum
2661 3427 2900 3498 perfecte
2935 3431 3144 3486 nessct,
3183 3421 3328 3475 inani
3359 3419 3520 3473 varia:
3569 3419 3834 3474 doctrinae
3881 3419 4002 3486 epi-

2417 3523 2582 3576 nione
2639 3518 2908 3585 turgchat.
2965 3513 3064 3566 llic
3121 3528 3243 3566 cum
3285 3511 3628 3572 Areobindo,
3681 3511 3882 3579 legato,
3935 3512 4002 3562 ad

2417 3611 2616 3667 Persas
2651 3608 2928 3680 profectus
2963 3615 3066 3666 est,
3099 3613 3203 3658 etc.
3234 3603 3334 3670 (Ex
3363 3603 3612 3672 Agatltia,
3643 3601 3706 3664 ll,
3735 3619 3862 3673 pag.
3887 3603 3998 3672 (Π.)

2495 3791 2910 3846 Valentinianus
2933 3829 2946 3853 ,
2977 3787 3108 3854 imp.
3143 3787 3300 3839 Rom.
3339 3785 3712 3848 Christianus,
3749 3785 4004 3852 quamvis

2421 3883 2704 3938 Christum
2737 3870 2982 3948 ejusdem
3020 3893 3142 3930 cum
3171 3875 3326 3928 Patre
3357 3887 3562 3928 naturae
3588 3889 3710 3928 esse
3742 3877 4000 3936 sentiret;

2425 3987 2605 4032 tamen
2637 3973 2856 4026 diverso
2891 3971 3059 4024 cultui
3107 3970 3316 4022 deditos
3353 3968 3496 4020 nulla
3531 3983 3587 4022 re
3617 3967 3860 4021 vexavit.
3893 3964 4002 4018 Va-

2423 4069 2540 4122 lctis
2571 4075 2769 4128 autem,
2809 4061 3012 4116 Ariana
3047 4061 3282 4114 infectus
3315 4059 3435 4113 labe
3457 4099 3472 4123 ,
3501 4059 3704 4112 multos
3755 4059 3810 4111 in
3861 4058 4004 4112 exsi-

2426 4160 2556 4213 lium
2589 4157 2821 4228 pepulit,
2853 4169 2962 4224 quo
2999 4163 3240 4221 tempore
3268 4151 3524 4206 Ecclesia:
3553 4149 3816 4204 Romamn
3849 4149 4004 4204 Libe-

2429 4253 2540 4305 rius
2571 4249 2808 4318 praefttit,
2857 4245 3242 4300 Alexandrina:
3285 4245 3644 4304 Athanasius,
3697 4239 4004 4296 CPolitana’.

2429 4341 2730 4402 Eudoxius,
2762 4339 2976 4392 Ariante
3006 4334 3300 4404 impietatis
3331 4333 3610 4402 magister,
3639 4337 3748 4386 etc.

2501 4429 2721 4492 Valens,
2751 4428 3123 4480 Romanorum
3155 4424 3288 4493 imp.
3322 4423 3610 4492 episcopos
3655 4423 3708 4474 in
3751 4421 4002 4475 exsilium

2427 4521 2578 4574 misit
2627 4531 2680 4572 et
2727 4517 3076 4586 presbyteros
3131 4523 3184 4568 et
3229 4514 3548 4574 monachos,
3595 4511 3826 4564 Taliane
3877 4521 4004 4564 tunc

2427 4609 2850 4664 Alexandrinam
2883 4607 3178 4662 Ecelesiam
3218 4615 3470 4674 regente,
3503 4603 3818 4672 multosque
3847 4603 4004 4656 Chri-

2429 4703 2636 4754 stianos
2675 4697 3030 4760 cxcruciavit,
3083 4703 3136 4749 et
3183 4696 3448 4764 quosdam
3493 4696 3658 4748 etiam
3697 4695 3808 4763 igni
3837 4695 4006 4746 tradi-

2428 4790 2525 4844 dit.
2557 4789 2680 4843 Ilasc
2711 4800 2890 4842 autem
2921 4787 3102 4838 omnia
3139 4798 3262 4856 post
3290 4785 3572 4838 Athanasii
3605 4785 3816 4836 obitum
3855 4783 4000 4836 fecit.

2429 4879 2732 4935 Orthodoxi
2766 4896 2828 4933 ex
2861 4879 3022 4933 CPoli
3057 4879 3384 4949 legationem
3416 4877 3480 4930 ad
3519 4877 3803 4930 Valentem
3848 4876 4004 4930 Nico-

2429 4975 2661 5028 mediam
2711 4973 3012 5034 miserunt,
3043 4973 3192 5024 viros
3241 4987 3306 5024 ex
3355 4971 3544 5022 ordine
3593 4983 3756 5023 sacro
3791 4967 4002 5028 LXXX,

2430 5083 2663 5136 quorum
2713 5067 2988 5136 principes
3017 5073 3176 5118 erant
3205 5063 3524 5118 Theodorus
3551 5103 3565 5128 ,
3616 5062 3910 5132 Curb-ngus
3957 5071 4008 5114 et

2431 5159 2817 5220 Menedemus,
2862 5172 3001 5226 quos
3053 5155 3338 5210 universes
3385 5169 3508 5208 cum
3561 5155 3678 5221 ipsa
3713 5169 3852 5206 nave
3881 5167 4006 5206 suc-

2431 5252 2588 5306 cendi
2617 5251 2802 5320 jussit,
2831 5265 2952 5318 quae
2983 5247 3246 5318 Dacibyza
3285 5261 3458 5316 usque
3489 5261 3612 5299 cum
3647 5247 4008 5314 pervenisset,

2431 5341 2504 5396 ibi
2537 5341 2800 5396 dissoluta
2847 5353 2948 5394 ρει.
3005 5339 3177 5407 Hujus
3229 5348 3475 5405 tempore
3523 5335 3730 5390 Lucius
3777 5339 4008 5389 Arianus

2433 5433 2732 5487 Ecclesiam
2768 5429 3256 5502 (Alexandrinam)
3301 5439 3556 5498 tanquam
3589 5429 3754 5494 lupus
3789 5429 4006 5490 invasit,

2433 5525 2594 5578 Petro
2643 5523 2868 5576 Romam
2923 5521 3194 5589 fugiente,
3247 5521 3484 5590 taliaque
3533 5519 3702 5572 edidit
3745 5521 4008 5582 facinora,

2435 5617 2616 5687 qualia
2651 5631 2720 5668 ne
2750 5615 2802 5668 in
2837 5615 3116 5682 gentilium
3143 5613 3362 5680 quidem
3399 5611 3887 5680 persecutionibus
3917 5625 4008 5680 pa-

2437 5719 2575 5763 trata
2605 5707 2848 5762 fuerunt.
2875 5706 3008 5760 Nam
3045 5707 3147 5760 tria
3179 5706 3466 5760 hominum
3492 5704 3662 5758 millia
3691 5703 3898 5766 emisit,
3921 5702 4008 5772 qui

2437 5803 2582 5856 viros
2615 5801 2736 5872 pios
2765 5801 2818 5854 in
2851 5799 3068 5856 deserto
3097 5797 3440 5863 trucidarent
3473 5805 3526 5852 et
3555 5795 3912 5862 dissiparem.
