4208 6496
262 407 405 478 1369

1509 424 1605 484 DE
1644 425 1932 495 QUIBUS
1971 427 2277 490 SUIDAS.

3399 433 3539 505 1370

339 521 533 589 Varus,
565 520 920 581 Laodicensis
948 565 963 594 ,
991 527 1263 598 sophista,
1284 529 1600 587 Polemonis
1631 542 1685 587 et
1712 535 1843 589 alia—
1870 539 1913 597 Α
1946 534 2085 603 phus
2117 545 2169 591 et
2216 536 2516 606 legislator,
2570 540 2663 609 qui
2717 554 2815 610 pro
2862 541 3036 610 patria
3090 558 3339 613 pugnans
3379 547 3533 601 obiit.

262 628 385 665 rum
416 614 662 682 aequalis.

334 698 588 755 Vestinus
611 743 625 765 ,
658 701 837 759 Juliu-s
877 708 1119 776 sophista
1143 750 1158 773 ,
1210 713 1428 781 scripsit
1462 712 1841 782 Compendiam

258 789 532 860 Pamphili
568 795 865 864 glossarum
910 799 1060 853 libris
1108 801 1213 866 IV,
1273 803 1429 856 Voces
1473 806 1726 867 selectos,
1778 823 1841 859 ea:

258 883 642 951 Demosthene,
687 889 1026 960 Thucydide,
1080 894 1248 959 Istro,
1298 895 1570 962 Isocrate,
1606 899 1842 969 Thrasy-

258 993 428 1031 ma’uo
464 989 511 1030 et
542 980 664 1033 aliis
696 985 999 1038 oratoribus
1031 987 1300 1040 collectas.

1022 1098 1071 1150 Χ

329 1178 579 1236 Xanthus
598 1226 611 1249 ,
632 1182 931 1240 Candaulis
961 1186 1051 1253 F.,
1090 1187 1270 1256 Lydus
1294 1227 1307 1250 ,
1356 1188 1659 1246 Sardianus
1680 1232 1695 1255 ,
1746 1194 1837 1261 qui

255 1272 394 1325 vixit
423 1290 488 1326 eo
519 1283 763 1345 tempore
788 1318 803 1342 ,
844 1294 954 1347 quo
985 1278 1184 1335 Sardes
1218 1290 1390 1349 captaa
1420 1281 1658 1336 fuerunt.
1692 1284 1838 1339 Seri-

253 1365 360 1429 psit
392 1363 745 1433 Lydiacoram
779 1370 948 1424 libros
970 1370 1059 1433 Ν,
1092 1372 1145 1424 in
1174 1387 1408 1441 quorum
1447 1377 1687 1428 secundo
1715 1391 1837 1429 nar-

253 1464 367 1515 rat,
403 1456 636 1526 Gygem,
670 1460 947 1529 Lydorum
976 1478 1159 1531 regem
1186 1505 1200 1531 ,
1248 1466 1506 1520 mulieres
1540 1476 1834 1532 castrasse,

252 1556 312 1600 ut
346 1547 409 1599 iis
444 1563 659 1619 semper
706 1561 865 1606 aetate
894 1562 948 1607 et
994 1554 1170 1609 forma
1220 1556 1540 1611 ﬂorentibus
1571 1567 1832 1612 uteretur.

251 1637 399 1693 Idem
435 1639 620 1706 refert,
648 1643 920 1699 Alcimum
955 1648 1244 1715 quemdam
1278 1650 1333 1703 in
1368 1650 1459 1703 illa
1494 1650 1711 1719 regione
1744 1666 1832 1706 re-

249 1747 489 1799 gnasse,
527 1735 807 1791 hominem
865 1739 1339 1808 religiosissimum
1378 1752 1431 1797 et
1466 1744 1831 1798 clementissi-

248 1838 426 1889 mum,
448 1826 608 1894 cujus
635 1836 881 1898 tempore
908 1837 962 1885 et
990 1833 1100 1885 alta
1131 1848 1266 1901 pace
1300 1843 1354 1888 et
1390 1836 1586 1905 opibus
1612 1835 1829 1907 (Lydia)

244 1916 517 1980 ﬂoruerit.
553 1931 659 1975 etc.

320 2006 647 2065 Xenarchus
671 2051 685 2076 ,
719 2015 967 2071 comicus
989 2058 1003 2082 ,
1037 2032 1100 2072 ex
1131 2019 1251 2089 ejus
1276 2018 1479 2077 fabulis
1511 2031 1592 2077 est
1621 2022 1833 2075 Βουκα-

242 2098 397 2163 λίων,
430 2108 566 2156 teste
589 2103 872 2171 Athena'o,
906 2108 952 2161 II
975 2109 1422 2181 ;Dipn050phist.
1450 2113 1564 2184 ('54)
1592 2128 1693 2168 nec
1723 2128 1831 2167 non

241 2192 541 2262 Πορφύρα,
572 2197 816 2265 Σκύθαι,
872 2201 1132 2271 Δίδυμοι,
1184 2204 1517 2269 Πένταθλοι,
1556 2207 1825 2276 Πρίαπος,

242 2285 471 2349 ’Ύπνο;,
505 2289 872 2359 Στρατιώτης.

313 2373 673 2445 Xenocrates,
703 2381 1006 2451 Agathonis
1026 2389 1112 2441 vel
1157 2388 1520 2457 Agathanoris
1546 2388 1634 2454 F.,
1664 2390 1829 2445 Chal-

240 2465 534 2538 cedonius,
587 2471 893 2543 discipulus
939 2487 992 2531 et
1044 2495 1333 2536 successor
1382 2480 1650 2548 Platonis,
1704 2490 1829 2552 post

240 2558 627 2629 Speusippum,
656 2578 817 2633 quem
848 2570 1062 2638 excepit
1091 2571 1373 2639 Polemon,
1403 2583 1455 2628 et
1488 2576 1634 2630 hunc
1654 2574 1825 2630 Cran-

239 2659 344 2704 tor.
382 2651 485 2706 Hic
516 2655 684 2710 missa
713 2657 815 2711 sibi
847 2661 914 2713 ab
939 2660 1248 2718 Alexandro
1275 2664 1572 2725 Macedone
1602 2668 1823 2735 triginta

237 2743 443 2797 talenta
479 2745 542 2798 ad
575 2761 697 2800 eum
731 2751 940 2806 remisit
962 2793 977 2818 ,
1011 2755 1199 2810 dicens
1220 2795 1233 2818 .
1268 2772 1471 2825 regem,
1502 2775 1609 2813 non
1642 2762 1823 2829 philo-

236 2833 473 2900 sophum
512 2836 753 2906 indigere
790 2846 1041 2908 pecunia.
1075 2844 1308 2916 Scripsit
1336 2850 1411 2902 De
1445 2848 1687 2904 Platonis
1718 2852 1820 2905 Re-

233 2924 475 2988 publica.
528 2928 847 2986 Celebratur
892 2935 1012 3003 ejus
1059 2942 1419 3007 temperantia
1474 2950 1527 2995 et
1574 2945 1819 2998 castitas.

234 3018 335 3072 llic
371 3019 520 3088 (imo
550 3022 723 3088 alius,
755 3034 813 3079 ut
839 3028 1135 3099 suspicor),
1169 3031 1389 3099 scripsit
1422 3034 1821 3087 Οἰκοσκοπικὸν

231 3109 524 3181 οἰώνισμα.
560 3113 688 3167 Vide
718 3130 885 3184 supra
921 3119 975 3172 in
1007 3121 1388 3192 Οἰωνιστικήν.

1949 623 2047 677 llic
2083 636 2205 679 ante
2252 627 2351 679 fuit
2394 642 2586 681 Servus
2629 638 2684 682 et
2736 638 2961 696 pastor;
2999 631 3300 701 disciplinis
3346 642 3527 687 autem

1947 717 2219 770 institutus
2251 721 2365 772 suis
2395 720 2608 774 civibus
2642 720 2759 772 tulit
2800 721 2807 743 '
2850 736 2961 787 ges.
2997 722 3134 776 inter
3158 738 3295 790 quas
3327 733 3381 777 et
3413 725 3527 779 haec

1946 808 2067 871 fuit,
2110 819 2167 862 ut
2214 812 2467 863 mulieres
2505 812 2757 880 ingenua?
2798 819 2921 866 cum
2963 811 3277 867 domesticis
3326 822 3379 868 et
3423 830 3534 872 una

1946 903 2095 966 pedis
2138 918 2325 972 sequa,
2377 906 2623 959 candidis
2658 907 2904 961 vestibus
2934 905 3137 959 induta:
3189 907 3527 975 incederent,

1944 992 2061 1045 alia:
2094 994 2457 1060 (meretriceS)
2492 995 2755 1063 ἀνθιναῖς,
2788 996 3241 1051 versicoloribus.

2018 1086 2314 1151 Zamolxis,
2352 1088 2667 1157 Pythagorae
2700 1104 2911 1155 servus,
2948 1101 3003 1142 ut
3040 1087 3351 1143 Herodotus
3381 1089 3519 1143 libro

1942 1188 2157 1244 quarto,
2190 1178 2409 1247 Scytha,
2435 1181 2525 1248 qui
2557 1196 2807 1233 reversus
2838 1181 2891 1233 in
2917 1181 3146 1249 patriam
3174 1180 3378 1243 docuit,
3406 1181 3528 1234 ani-
3584 1194 3586 1197 '

1941 1286 2085 1323 mam
2120 1287 2237 1325 esse
2281 1274 2665 1327 immortalem.
2700 1273 2947 1327 Mnaseas
2989 1288 3119 1325 vero
3153 1274 3342 1335 refert,
3378 1272 3521 1341 apud

1940 1361 2101 1415 Getas
2137 1364 2240 1417 coli
2296 1365 2613 1426 Saturnum,
2649 1366 2938 1434 vocarique
2991 1365 3294 1419 Zamolxiu.
3344 1365 3523 1418 llella-

1937 1455 2094 1509 nicus
2143 1456 2196 1509 in
2243 1456 2535 1526 Νομίμοις.
2585 1475 2696 1511 Sive
2742 1458 3017 1511 Institutis
3063 1458 3395 1521 barbaricis,
3447 1458 3524 1511 ait

1936 1545 2109 1602 fuisse
2145 1536 2431 1617 quemdam
2466 1551 2737 1615 Graecum,
2772 1554 2863 1619 qui
2890 1550 3059 1613 Getis,
3090 1552 3139 1604 in
3169 1549 3398 1604 Thracia
3425 1549 3525 1603 de-

1936 1640 2227 1707 gentibus,
2268 1642 2511 1705 τελετάς,
2558 1644 2712 1696 initia
2756 1643 3241 1705 demonstravcrit,
3293 1643 3522 1697 dixerit-

1936 1746 2062 1798 que,
2089 1747 2265 1800 neque
2296 1749 2354 1787 se
2399 1736 2748 1795 moriturum,
2797 1751 2975 1804 neque
3018 1750 3148 1790 suos
3192 1745 3518 1801 sectatores;

1936 1822 2027 1875 sed
2069 1826 2251 1876 omnia
2290 1825 2430 1878 bona
2480 1826 2785 1881 habituros.
2837 1827 2932 1881 llis
2975 1830 3132 1882 dictis
3180 1829 3517 1882 domicilium

1932 1918 2344 1969 subterraneum
2368 1919 2656 1980 exstruxit,
2682 1920 2873 1973 deinde
2894 1934 2955 1971 ex
2984 1919 3251 1974 Thracum
3274 1920 3444 1974 oculis
3466 1930 3527 1972 et.

1936 2017 2230 2077 conspectu
2263 2024 2323 2065 se
2364 2019 2586 2077 repente
2621 2012 2930 2079 proripiens
2963 2013 3015 2064 in
3057 2013 3161 2066 hoc
3189 2026 3247 2066 se
3269 2011 3513 2077 abdidit;

1935 2099 2085 2155 Geta:
2126 2115 2254 2155 vero
2300 2101 2477 2169 ipsum
2520 2102 2926 2155 desiderarunt.
2955 2101 3162 2165 Quarto
3208 2114 3353 2153 anno
3396 2108 3521 2167 post

1933 2207 2131 2248 rursus
2162 2194 2430 2261 apparuit.
2459 2203 2512 2249 et
2536 2194 2775 2248 Thraces
2796 2193 2981 2246 omnia
3018 2192 3119 2260 ipsi
3145 2191 3511 2245 crediderunt.

1932 2286 2100 2339 Aiunt
2128 2286 2369 2355 quidam,
2399 2286 2703 2340 Zamolxim
2746 2285 2983 2341 servisse
3031 2285 3373 2354 Pythagorae,
3420 2281 3529 2336 Sa-

1932 2380 2077 2445 mio,
2133 2380 2437 2434 Mnesarcbi
2486 2381 2616 2445 ﬁlio,
2662 2388 2716 2434 et
2771 2381 3018 2434 libertate
3063 2382 3358 2444 donatum,
3410 2378 3522 2433 ista

1934 2478 2310 2525 commentum
2348 2470 2541 2526 fuisse.
2571 2471 2746 2525 Terizi
2776 2486 2905 2526 vero
2930 2481 2984 2526 et
3007 2470 3235 2541 Crobsz
3263 2470 3513 2533 credunt,

1930 2563 2236 2616 animarum
2314 2564 2812 2629 immortalitatem,
2864 2574 2918 2619 et
2976 2574 3221 2619 mortuos
3285 2564 3350 2617 ad
3408 2562 3515 2617 Za-

1929 2654 2133 2707 molxin
2182 2656 2263 2710 ire
2319 2656 2573 2722 tradunt,
2625 2672 2786 2726 quem
2824 2657 3127 2712 rediturum
3172 2673 3294 2712 esse
3338 2658 3510 2722 aiunt,

1930 2744 2095 2813 idque
2119 2760 2334 2814 seraper
2376 2762 2563 2800 verum
2598 2763 2720 2803 esse
2768 2757 2984 2817 putant.
3016 2748 3379 2814 Quamobrem
3424 2764 3513 2803 sa—

1928 2837 2177 2891 criﬁcant
2202 2846 2254 2891 et
2280 2839 2663 2906 convivantur,
2696 2840 2853 2909 quasi
2880 2840 3171 2895 defunctus
3203 2841 3274 2895 sit
3300 2840 3511 2895 reditu-

1927 2941 2042 2981 )‘lIS.

2001 3020 2167 3085 Zeno,
2199 3021 2563 3093 Teleutagorat
2588 3024 2925 3089 F.,Eleates,
2956 3025 3336 3095 philosophus,
3365 3040 3511 3080 unus
3600 3060 3602 3063 -

1927 3113 1994 3167 de
2025 3114 2129 3168 illis
2172 3116 2263 3184 qui
2299 3126 2645 3170 accesserunt
2675 3117 2741 3169 ad
2771 3117 3089 3187 Pythagorae
3116 3126 3169 3171 et
3209 3116 3509 3170 Democriti

305 3178 675 3269 Χοηόρῆθηεε
719 3178 889 3275 cie-sia
938 3209 1173 3276 quadam
1199 3250 1212 3275 ,
1245 3178 1349 3266 etc.
1388 3211 1478 3281 (de
1506 3211 1812 3284 Pythagora
1841 3178 1883 3235 α
1919 3178 2203 3271 tempora;-
2238 3205 2369 3259 vixit
2395 3206 2537 3259 enim
2581 3178 2838 3259 LXXVIII
2876 3178 3207 3277 Olympiade.
3255 3204 3508 3276 Discipu-

232 3305 295 3343 ες
336 3290 535 3347 Laertii
571 3293 707 3359 VIII,
744 3296 811 3350 56
848 3312 966 3367 sqq.

308 3378 652 3451 Xenophon,
702 3385 869 3455 Grylli
917 3387 979 3442 F.
1025 3389 1411 3455 Atheniensis,
1453 3394 1813 3464 philosophus

234 3474 574 3543 Socraticus,
619 3479 713 3547 qui
774 3480 985 3548 primus
1017 3479 1170 3537 Vitas
1218 3484 1667 3554 philosophorum
1697 3486 1809 3556 (55)

232 3567 455 3633 scripsit
499 3577 553 3621 et
591 3569 1161 3640 Ἀπομνημονεύματα
1183 3612 1197 3636 ,
1229 3574 1343 3627 sive
1383 3576 1528 3630 dicta
1560 3576 1812 3647 factaque

229 3661 631 3716 memorabilia.
663 3662 830 3717 Filios
860 3680 927 3718 ex
962 3665 1198 3720 Philesia
1229 3668 1467 3737 suscepit
1489 3668 1731 3740 Gryllum
1757 3679 1813 3725 ct

232 3747 529 3804 Diodorum
551 3792 567 3815 ,
602 3755 694 3821 qui
726 3756 888 3808 etiam
920 3754 1167 3811 Dioscuri
1203 3760 1383 3813 vocati
1413 3759 1654 3816 fuerunt.
1690 3765 1809 3831 Ipse

229 3855 363 3893 vero
410 3843 589 3896 Attica
632 3845 758 3911 Apis
800 3848 1217 3916 cognominatus
1248 3858 1354 3905 est.
1386 3852 1810 3922 Condiscipnlus

228 3932 476 3986 Platonis
530 3933 664 4001 fuit,
714 3936 1003 4008 ﬂoruitque
1050 3941 1251 4011 olymp.
1304 3941 1533 3995 XCVIII.
1583 3945 1811 4014 Scripsit

228 4028 404 4083 libros
438 4046 600 4100 supra
633 4032 745 4091 XL.
776 4050 805 4088 e
833 4051 1062 4103 quorum
1092 4052 1321 4092 numero
1350 4048 1479 4092 sunt
1506 4039 1557 4092 hi
1584 4058 1596 4093 :
1626 4039 1699 4094 De
1728 4042 1810 4093 in-

228 4122 504 4174 stimtione
534 4120 659 4191 Cyri
694 4124 816 4176 libri
857 4124 1033 4191 VIII;
1076 4127 1147 4180 De
1173 4130 1501 4196 expeditione
1532 4130 1659 4200 Cyri
1685 4133 1811 4186 libri

241 4212 387 4277 VII;
440 4215 635 4267 Rerum
667 4215 972 4269 Gra’carum
1021 4218 1145 4272 libri
1193 4218 1341 4285 VII;
1396 4220 1707 4276 Convivium
1757 4235 1810 4278 et

229 4300 332 4353 alia
372 4301 561 4353 multa.
598 4301 843 4356 Militavit
869 4316 1056 4359 contra
1085 4305 1313 4371 Persas,
1350 4325 1472 4363 eum
1506 4309 1651 4381 Cyro
1680 4328 1809 4382 pro-

230 4390 407 4445 fectus
439 4392 700 4448 adversus
733 4394 1110 4463 Artaxerxem,
1145 4397 1389 4464 fratrem,
1422 4410 1527 4455 etc.

1920 3283 2007 3349 lus
2039 3295 2393 3364 Xenophanis
2428 3308 2521 3352 aut
2565 3295 2926 3351 Parmenidis.
2981 3296 3211 3366 Scripsit
3262 3297 3504 3366 Ἔριδας,

1919 3386 2337 3451 Coulentioues;
2390 3388 2802 3441 Euarrationem
2838 3386 3169 3454 Empedoclis
3197 3404 3213 3453 ;
3247 3388 3508 3440 Adversus

1914 3479 2246 3547 philosophos
2275 3482 2338 3532 de
2359 3491 2574 3532 natura.
2611 3478 2765 3531 Hunc
2793 3479 2942 3532 aiunt
2967 3480 3307 3532 inventorem
3336 3478 3509 3533 fuisse

1914 3572 2245 3634 dialecticae,
2299 3580 2359 3623 ut
2421 3570 2800 3639 Empedoclem
2868 3572 3185 3625 rhetorica.
3245 3570 3348 3624 Sed
3380 3585 3506 3624 cum

1914 3662 2244 3728 Nearchum,
2270 3664 2355 3716 vel
2382 3664 2457 3733 (ut
2485 3664 2574 3717 alii
2622 3665 2861 3735 tradunt)
2889 3664 3326 3725 Diomedontem,
3361 3660 3506 3715 Elea:

1914 3760 2207 3823 tyrannum
2226 3794 2240 3817 ,
2268 3764 2510 3808 evertere
2534 3754 2695 3807 vellet
2721 3794 2734 3819 ,
2765 3762 2957 3823 captus
2984 3761 3087 3807 est.
3120 3752 3499 3820 Interrogatus

1913 3857 2094 3901 autem
2143 3847 2211 3900 ab
2259 3846 2409 3915 ipso,
2441 3847 2683 3915 linguam
2733 3860 3086 3915 prmmorsam
3125 3859 3187 3899 ac
3241 3852 3503 3896 resectam

1917 3939 2139 4007 exspuit
2176 3940 2228 3992 in
2268 3950 2581 4009 tyrannum.
2621 3940 2685 3993 Et
2739 3941 2792 3992 in
2845 3939 3171 3993 mortarium
3224 3939 3504 4006 coniectus

1913 4030 2191 4084 tundendo
2230 4031 2496 4085 contritus
2529 4041 2631 4085 est.
2668 4030 2934 4085 Diﬂeruut
2991 4032 3203 4084 Eleates
3254 4031 3346 4098 (ab
3376 4029 3503 4083 Elea

1912 4124 2120 4192 (Italiae)
2150 4135 2203 4177 et
2232 4122 2432 4178 Elaitcs
2460 4124 2550 4191 (ab
2582 4123 2723 4179 Elaea
2761 4126 2906 4179 Asiae
2937 4124 2990 4177 in
3028 4123 3254 4191 Aiolia.)

1969 4238 2136 4299 Zeno,
2162 4237 2343 4291 Musaei
2369 4238 2452 4300 F.,
2474 4237 2750 4299 Sidonius,
2771 4237 3129 4307 philoSOphus
3154 4232 3503 4300 Stoicusl36,

1909 4328 2207 4396 discipulus
2254 4329 2468 4382 Diodori
2496 4329 2682 4393 Croni,
2721 4329 2980 4395 magister
3020 4328 3254 4382 Zenonis
3277 4369 3291 4394 ,
3326 4327 3503 4385 Citiei,

1909 4418 2128 4485 scripsit
2156 4418 2465 4485 Apologiam
2501 4416 2737 4470 Socratis
2772 4426 2823 4470 et
2862 4416 3175 4471 Sidoniaca.

298 4483 627 4552 Xenophon,
660 4485 1051 4551 Antiochenus,
1090 4489 1403 4545 historicus.
1436 4491 1668 4562 Scripsit
1691 4493 1801 4548 Ba-

1979 4483 2146 4567 zeno,
2175 4483 2428 4571 Mnasezc,
2486 4508 2569 4561 vel
2620 4507 2790 4562 Demii
2842 4507 2902 4561 F.
2936 4508 3141 4562 Citieus
3168 4548 3183 4570 ,
3214 4524 3277 4563 ex
3325 4509 3501 4576 Citio,

228 4576 492 4646 bylonica,
532 4578 673 4645 quod
711 4586 793 4631 est
826 4595 961 4648 opus
994 4582 1345 4635 amatorium.

300 4666 627 4735 Xenophon,
681 4667 969 4737 Ephesius,
1015 4673 1327 4737 historicus,
1367 4675 1586 4744 scripsit
1633 4676 1807 4747 Ephe-

227 4762 395 4824 siara,
434 4762 548 4814 sive
574 4762 743 4815 libros
776 4764 959 4817 decem
1001 4765 1067 4818 de
1111 4766 1394 4822 amoribus
1422 4766 1717 4823 Abrocomi
1750 4779 1806 4825 et

228 4855 465 4915 Anthiaa,
502 4863 556 4907 et
606 4853 677 4906 De
707 4854 832 4909 urbe
869 4855 1236 4925 Ephesiorum,
1269 4870 1431 4929 atque
1466 4862 1591 4915 alia.

299 4944 623 5013 Xenophon,
654 4949 905 5017 Cyprius,
931 4952 1243 5015 historicus,
1274 4956 1493 5022 scripsit
1522 4955 1804 5026 Cypriaca,

228 5041 371 5105 quod
412 5054 553 5106 epos
586 5041 769 5095 itidem
800 5051 882 5095 est
930 5045 1158 5100 historia
1194 5049 1443 5102 amatorii
1475 5053 1805 5120 argumenti,

229 5144 396 5200 agens
429 5134 494 5185 de
534 5133 752 5204 Cynira,
784 5135 1002 5206 Myrrha
1038 5148 1092 5192 et
1119 5140 1386 5196 Adonide.

998 5228 1037 5282 Ζ

298 5320 588 5386 Zaleucus,
619 5319 846 5386 Loerus,
880 5322 1141 5389 Thurius,
1171 5324 1543 5396 Pythagoreus
1572 5328 1813 5398 philoso-

298 5498 643 5572 (5§)AKuster
674 5502 737 5554 ad
770 5502 876 5572 vol.
915 5500 955 5554 Il
979 5544 992 5566 ,
1021 5518 1139 5572 pag.
1175 5504 1279 5559 645
1301 5546 1315 5569 ,
1345 5521 1399 5558 n.
1433 5522 1471 5571 ι,
1507 5507 1803 5568 existimat,

226 5570 371 5645 quod
422 5570 777 5645 bodie___illi_us
816 5570 1054 5645 ifahulae‘,
1097 5570 1431 5639 Βουκαλίων,
1460 5570 1631 5629 nulla
1664 5579 1804 5645 apud

226 5640 546 5713 Athenzeum
581 5639 671 5693 lib.
708 5640 769 5703 ll,
800 5644 891 5694 liat
918 5645 1137 5705 mentio,
1168 5661 1266 5699 nec
1295 5647 1409 5713 ipse
1441 5639 1789 5700 Athenaei-li-

228 5708 321 5760 ber
346 5708 412 5769 li,
449 5710 656 5775 integer
687 5713 751 5763 ad
786 5727 885 5766 nos
918 5715 1285 5778 pervenisset,
1315 5708 1494 5769 locum
1527 5717 1676 5769 illum
1698 5759 1711 5779 ,
1750 5718 1800 5771 in

228 5794 335 5845 quo
363 5779 657 5833 Athenaeus
694 5779 890 5835 fabulae
921 5782 1230 5839 Bucalionis
1264 5786 1597 5841 mentionem
1636 5787 1801 5842 fecis-

230 5857 337 5915 set,
372 5848 534 5905 hodie
568 5848 933 5907 intercidisse.
963 5853 1132 5909 ΗΑιιι.

1915 4596 2074 4666 Cypri
2110 4598 2357 4663 civitate,
2410 4599 2797 4668 philosophus,
2836 4600 3030 4653 Stoicae
3087 4611 3249 4654 sectae
3307 4612 3501 4657 auctor

1916 4690 2123 4759 (supra,
2159 4693 2208 4743 in
2236 4690 2396 4759 Στοά)
2420 4709 2429 4740 :
2455 4691 2755 4761 discipulus
2785 4691 3024 4747 Crateris
3052 4691 3263 4762 Cynici,
3301 4694 3499 4749 deinde

1913 4778 2225 4834 Polemonis
2264 4780 2632 4836 Atheniensis.
2666 4780 2815 4836 Obiit
2847 4797 2989 4836 anno
3024 4783 3200 4838 aetatis
3226 4782 3340 4847 XC,
3371 4785 3501 4839 sub-

1917 4872 2044 4927 inde
2090 4874 2154 4926 de
2186 4874 2307 4927 cibo
2334 4874 2541 4943 aliquid
2575 4875 2891 4937 detrahens,
2928 4876 3103 4930 donec
3149 4892 3260 4943 pra:
3300 4877 3499 4931 virium

1917 4962 2231 5019 inﬁrmitate
2277 4967 2490 5020 tandem
2537 4968 2756 5034 periret.
2802 4966 3092 5020 Oraculum
3126 4966 3191 5019 de
3238 4968 3358 5020 vita:
3404 4982 3500 5035 ge-

1920 5071 2050 5110 nere
2102 5058 2430 5121 consulenti,
2484 5066 2590 5111 etc.
2629 5056 2813 5125 (supra
2868 5058 2923 5111 in
2975 5057 3495 5127 συγχρωτίζεσθαι.)

1919 5146 2150 5203 Phtenix
2205 5151 2622 5218 cognominatus
2679 5159 2783 5212 est,
2838 5149 2980 5218 quod
3034 5149 3320 5202 Phoenices
3352 5150 3499 5203 illius

1920 5240 2162 5310 oppiduli
2211 5243 2399 5296 ineolm
2440 5243 2662 5297 fuerint.
2704 5242 2916 5295 Floruit
2943 5241 3044 5295 sub
3084 5243 3355 5311 Antigono
3386 5241 3497 5294 Go-

1918 5347 2043 5387 nata
2092 5334 2291 5405 olymp.
2327 5334 2593 5389 CXX.”Et
2634 5334 3020 5403 proverbium,
3073 5332 3281 5387 Zenone
3317 5335 3496 5387 conti-

1986 5511 2100 5577 (55)
2135 5510 2239 5564 Sed
2295 5514 2416 5567 vide
2462 5513 2759 5577 Tonsium,
2820 5512 2893 5566 De
2938 5512 3065 5565 vitis
3118 5520 3304 5580 script.
3360 5510 3491 5564 hist-

1910 5580 2007 5634 lib.
2042 5598 2079 5643 ι,
2110 5597 2231 5650 cap.
2267 5583 2318 5644 7,
2356 5585 2448 5650 qui
2508 5584 2729 5639 Suidam
2784 5582 2872 5636 hic
2924 5584 2988 5635 de
3039 5580 3236 5650 philos.
3277 5594 3494 5635 errasse

1910 5652 2213 5705 contendit.
2254 5653 2422 5708 "ARL.

1981 5721 2090 5787 (56)
2130 5723 2405 5793 Menagins
2442 5721 2509 5777 ad
2551 5722 2829 5777 Laertium
2880 5720 3091 5787 “1,35,
3130 5718 3262 5789 legit
3315 5719 3489 5792 philo-

1910 5793 2115 5859 sophus
2148 5793 2443 5861 ἐριστικός.
