1915 3073
194 105 222 137 II
747 107 794 136 DE
816 105 1018 136 BASILIANU
1039 105 1259 136 MEVOLOGID
1786 109 1819 140 12

193 167 246 201 ptis
256 165 313 193 suis
329 166 453 201 exposita
464 166 566 194 codicis
581 165 702 198 raritate,
717 166 890 193 curiosorum
908 165 1078 192 desiderium
1091 165 1178 196 auxit;
1195 169 1221 192 et
1233 164 1342 192 Arcudii
1360 165 1548 200 interpretatio
1562 165 1634 193 haud
1651 165 1718 194 satis
1738 174 1820 194 aecu-

191 215 261 243 rata,
271 209 356 237 (irasci
368 215 457 238 textus
473 212 663 238 necessitatem
677 209 826 238 lectoribus
841 209 977 242 ostendit;
987 209 1013 236 in
1026 208 1107 242 hujus
1116 209 1264 244 pra:se.rtitn
1287 210 1373 237 anatis
1387 215 1413 236 et
1427 210 1528 237 critica:
1543 210 1610 237 artis
1622 209 1692 242 luce,
1704 217 1764 243 qua:
1785 219 1818 238 ex

191 254 462 288 interpretationibus
475 254 508 280 ad
523 254 708 282 censulcndes
724 258 813 281 textus
825 254 912 289 magis
921 254 1089 281 accenditur.
1109 253 1202 288 Itaque
1232 254 1380 281 cardinalis
1406 253 1506 288 Ioseph
1535 254 1622 280 Maria
1640 252 1819 286 Thomasius.

189 305 297 324 morum
311 297 454 324 sanctitate
466 302 493 324 et
506 305 583 324 sacra
599 297 752 324 eruditione
766 297 969 329 celeberrimus,
984 306 1046 325 curn
1058 299 1118 332 ejus
1144 298 1266 325 thesauri
1285 298 1403 332 pretium
1423 298 1526 332 optimc
1540 302 1644 330 nosset,
1655 305 1737 325 curas
1755 306 1820 325 suas

192 342 225 368 ad
255 342 330 369 illum
360 341 527 376 vulgandum
553 342 695 369 contulit:
717 342 790 377 quod
819 342 939 370 assiduis
965 343 1036 370 votis
1069 337 1220 377 optaverat;
1249 342 1425 377 fecissetque,
1453 342 1504 369 nisi
1533 342 1622 368 virum
1639 342 1770 368 eximium
1791 342 1818 368 in

189 384 351 411 clericorum
368 383 535 417 regularittm
550 383 646 411 ordine
660 388 726 411 tunc
741 389 876 418 agentem,
890 385 1030 412 voluntate
1058 386 1236 421 institutoque
1259 394 1417 421 pauperem,
1442 387 1631 421 impensarum
1658 386 1819 421 magnitudo

189 428 378 455 deterruisset.
393 427 502 454 Codicis
517 427 588 454 enim
605 428 764 462 dignitatem
776 435 858 462 supra
874 434 987 456 caeteras
1004 429 1098 456 laudes
1111 431 1303 457 commendant
1316 430 1524 465 quadringenta
1540 438 1570 458 ac
1587 430 1696 465 triginta
1718 430 1815 464 imagi-

189 480 238 499 nes
253 472 287 498 ab
307 471 459 498 illustribus
475 470 669 499 Basilianiaevi
703 472 853 499 artiﬁcibus
878 472 963 500 minio
992 472 1117 507 depictas.
1143 481 1204 508 qua:
1235 479 1390 501 sanctorum
1419 479 1581 508 martyrum,
1617 473 1818 504 confessorum,

192 515 382 548 sacerdotum,
402 515 610 547 monachorum,
624 515 771 549 virginum,
806 516 964 548 mulierum,
993 521 1138 549 tonorum,
1161 523 1350 554 tyrannorum,
1364 518 1498 553 judieum,
1510 524 1611 550 vestes,
1627 526 1713 550 arma,
1728 519 1818 549 sedes,

189 562 326 591 ornatus;
347 565 454 585 necnon
479 559 589 591 aedium,
607 559 781 593 templorum,
807 560 996 591 tribunalium.
1020 565 1196 593 structuram,
1227 561 1353 594 formam,
1377 567 1548 597 apparatum,
1569 562 1817 597 oculispxbibeut:

190 602 291 636 quibus
306 609 359 629 scre
377 601 529 629 incidendis
547 607 574 630 et
585 603 752 638 excipiendis
769 611 822 630 nun
837 604 944 631 modica
962 604 1003 632 vis
1019 605 1078 631 auri
1095 604 1191 632 fuisset
1204 606 1396 640 impendenda.

227 645 279 672 Sed
296 645 428 673 Clementi
458 645 504 677 XI,
519 646 640 681 pontiﬁci
653 647 783 678 maximo,
802 647 859 674 hac
875 648 933 675 laus
963 649 1165 680 reservabatur,
1181 653 1211 676 ut
1233 649 1368 684 publicam
1387 657 1443 676 rem
1473 649 1584 681 faceret.
1606 657 1667 684 quae.
1685 649 1817 677 hactenus

191 697 351 724 magnorum
381 690 535 725 principum
571 690 680 718 fuerant
711 692 829 726 pretiosa
844 692 973 719 cimelia:
1003 692 1083 726 cujus
1115 693 1285 728 providentia
1318 694 1440 721 codicem
1465 701 1562 728 quovis
1581 701 1650 721 auro
1665 694 1815 725 cariorem.

191 737 326 760 vetustate
343 737 434 760 tamen
449 734 506 768 jam
533 733 716 767 fatiscentem,
729 739 756 761 et
771 735 882 769 picturis
908 743 992 770 prope
1026 734 1192 770 fugientibus
1222 737 1446 770 obsolescentent,
1465 738 1491 764 in
1519 737 1663 772 pristinum
1690 743 1816 765 ornatum

189 777 335 809 restituit;
356 777 435 812 cujus
453 778 607 813 sumptibus
634 778 731 806 tabulae
761 786 856 806 omnes
882 783 1000 814 excepta:
1018 779 1144 812 fuissent,
1165 781 1216 808 nisi
1246 789 1320 809 mors
1340 782 1550 810 intercessisset.
1579 782 1711 809 Inchoato
1740 782 1817 816 operi

191 827 347 854 supremam
361 828 472 848 manum
489 821 644 856 imposuere
669 821 791 857 ejusdem
819 830 993 850 successores
1014 822 1198 856 Innocentius,
1220 830 1247 852 et
1261 825 1421 853 Benedictus
1443 825 1512 859 XlIl,
1539 834 1657 860 quorum
1684 826 1728 854 ille
1751 827 1816 853 dum

189 863 352 898 praeclaram
370 864 541 900 antiquitatis
556 865 753 892 monimentum
764 866 949 893 munificentia
965 873 1012 893 sua
1040 868 1240 902 complectitur,
1253 869 1280 895 in
1296 869 1364 896 vivis
1380 877 1441 897 esse
1457 869 1548 900 desiit;
1565 870 1609 897 hic
1622 877 1676 897 uon
1709 870 1817 897 tabulas

190 907 270 934 modo
304 907 428 942 perfecit,
458 907 506 935 sed
531 908 749 944 elegantissimos
792 909 874 938 etiam
913 909 1024 940 Grzecos
1064 917 1141 948 typos
1176 913 1210 941 ad
1253 914 1452 949 procurandum
1488 914 1636 942 editionem
1668 915 1817 942 liberaliter

191 951 385 986 suppeditavit.

227 1005 294 1034 Illud
307 1011 396 1035 tamen
410 1012 560 1042 supererat,
575 1012 603 1036 ut
617 1008 723 1044 jactura
740 1009 852 1038 alterius
871 1010 967 1045 partis,
983 1018 1043 1046 qua:
1058 1011 1115 1046 jam
1132 1013 1197 1040 olint
1210 1013 1310 1042 misere
1325 1014 1472 1047 intercidit,
1488 1014 1521 1042 ad
1538 1015 1719 1050 integritatem
1737 1020 1818 1049 opta-

193 1052 292 1079 tiSsimi
309 1051 399 1086 operis
415 1057 554 1087 utcunque
569 1053 757 1086 resarciretur;
773 1057 799 1080 et
812 1053 925 1088 adjectis
936 1061 969 1080 ex
984 1055 1077 1090 aliquo
1089 1064 1142 1083 non
1157 1057 1295 1086 inferioris
1309 1059 1358 1085 aevi
1377 1059 1565 1093 manuscripto
1579 1059 1672 1085 codice
1686 1067 1732 1085 scx
1750 1066 1817 1093 pus-

189 1096 338 1123 tcrioribus
355 1096 506 1128 mensibus,
525 1102 683 1124 sanctorum
694 1097 716 1125 si
732 1097 823 1125 minus
847 1097 963 1130 tabulas,
979 1097 1055 1127 Vitas
1081 1101 1176 1128 saltem
1211 1110 1258 1136 per
1283 1102 1416 1137 integrum
1443 1103 1506 1130 anui
1530 1103 1661 1129 circulum
1682 1103 1815 1136 digestas,

188 1140 401 1175 absolutumque
415 1140 558 1175 Menologii
575 1149 674 1176 corpus
689 1142 844 1176 acciperent
863 1149 1003 1170 sacrarum
1018 1151 1109 1170 rerum
1127 1145 1252 1171 studiosi.
1269 1145 1325 1172 Iloc
1339 1151 1428 1172 autem
1453 1146 1607 1173 subsidium
1634 1152 1649 1172 a
1664 1145 1815 1173 domestica

191 1184 273 1211 etiam
291 1185 439 1213 Clementis
456 1184 490 1211 XI
505 1186 754 1220 manusuiptorum
768 1186 942 1220 bibliotheca,
960 1187 1117 1215 lectissimis
1144 1189 1267 1215 omnium
1285 1189 1440 1223 linguarum
1464 1189 1640 1216 monimentis
1656 1189 1815 1223 locupletis-

194 1229 275 1261 sima,
302 1229 357 1256 imo
383 1237 449 1257 vero
475 1229 508 1256 ab
533 1229 600 1264 ipsis
617 1230 690 1257 illius
709 1230 950 1265 schedis,atquea
965 1231 1062 1266 primis
1074 1231 1142 1258 adeo
1158 1232 1217 1265 ejus
1243 1232 1363 1266 puetitiae
1389 1232 1631 1259 exercitationibus
1656 1232 1815 1266 impetravi-

189 1281 263 1300 mus.
280 1271 305 1301 Is
315 1273 388 1300 enim
404 1273 449 1300 vix
465 1281 566 1300 annum
583 1274 671 1300 aetatis
683 1273 819 1300 decimum
835 1275 980 1309 septimum
1003 1282 1142 1309 egressus.
1168 1283 1201 1302 ex
1218 1275 1330 1302 vetustis
1357 1275 1497 1302 codicibus
1530 1277 1686 1303 monasterii
1705 1276 1815 1311 Crypte

191 1316 311 1344 Ferrataa
325 1317 439 1345 alteram
456 1317 529 1344 illam
544 1316 674 1344 Basiliani
688 1316 833 1352 Menologii
845 1323 961 1353 partem,
989 1325 1072 1353 quam
1090 1319 1203 1352 periisse
1234 1319 1346 1346 litterati
1363 1319 1412 1346 viri
1435 1319 1573 1352 dolebant,
1587 1327 1602 1346 a
1619 1328 1648 1347 se
1662 1320 1812 1352 inventam,

189 1369 239 1388 sua
256 1368 337 1388 manu
353 1359 447 1388 Graece
459 1361 655 1396 descripserat,
669 1366 696 1388 et
707 1362 916 1389 accuratissima
947 1362 1173 1397 interpretatione
1197 1361 1320 1389 Latinam
1346 1362 1463 1390 fecerat:
1493 1371 1574 1398 quain
1601 1364 1652 1390 etsi
1682 1364 1813 1391 tnodcstia

189 1405 248 1439 ejus
264 1406 343 1439 plane
354 1405 501 1440 singularis
513 1404 650 1433 diuturnis
675 1406 794 1433 tenebris
821 1406 969 1441 oppressit,
985 1406 1107 1441 .publica
1135 1411 1224 1434 tatnen
1253 1407 1356 1434 utilitas
1387 1406 1488 1434 diutius
1514 1408 1597 1434 latere
1616 1415 1669 1434 non
1699 1407 1813 1442 patitur.

189 1449 284 1476 Mutilo
296 1449 377 1484 igitur
388 1449 463 1484 operi
481 1455 639 1477 semestrem
655 1450 768 1478 alteram
789 1455 892 1485 partem
905 1451 978 1477 illius
992 1450 1131 1486 diligentia
1146 1455 1332 1478 conservatam
1350 1450 1499 1485 Latineque
1525 1451 1656 1477 redditam
1683 1451 1814 1486 adjungi-

188 1501 262 1526 ntus;
280 1498 309 1520 ttt
324 1493 422 1528 partim
440 1494 474 1520 ab
491 1493 600 1520 interitu
617 1499 749 1529 ereptum,
761 1495 860 1529 partim
872 1502 887 1522 c
899 1494 1019 1522 tenebris
1047 1498 1167 1527 erutum,
1194 1494 1292 1530 partim
1325 1493 1472 1522 Latinitate
1492 1494 1634 1528 donatmn,
1665 1495 1813 1523 immortali

186 1538 249 1573 ejus
263 1538 367 1566 nomini
380 1538 526 1573 posteritas
539 1543 678 1573 acceptum
694 1538 804 1566 referat.

224 1596 394 1624 Bullandiani
409 1596 477 1623 socii
488 1595 601 1624 eruditis
616 1595 683 1623 tanti
697 1595 880 1623 adolescentis
897 1595 1036 1623 laboribus
1063 1594 1167 1629 aliquot
1193 1594 1362 1622 collectionis
1380 1602 1436 1622 sua:
1461 1601 1570 1622 menses
1598 1593 1811 1629 Iocupletarunt.

184 1641 283 1670 Graeca
296 1645 454 1668 sanctorum
469 1644 544 1674 gesta
562 1639 595 1666 ad
607 1639 709 1666 calcem
726 1639 826 1672 Martii,
839 1640 950 1674 Aprilis,
963 1639 1024 1666 Maii
1038 1643 1065 1667 et
1075 1638 1150 1670 Julii,
1161 1646 1193 1666 ex
1207 1638 1412 1666 commentariis
1428 1638 1541 1665 Albanis
1557 1637 1726 1672 adjicientes.
1753 1637 1811 1665 Etsi

190 1689 277 1711 autem
295 1683 406 1710 Latinas
421 1682 579 1710 eorutndem
599 1683 746 1715 mensium,
763 1683 844 1710 simul
860 1687 888 1710 et
908 1681 981 1710 Junii
1004 1688 1085 1717 atque
1111 1683 1238 1717 Augusti,
1274 1682 1512 1717 interpretationes
1537 1681 1607 1708 idem
1633 1681 1759 1708 Clemens
1775 1681 1811 1708 Xl

190 1727 317 1759 confecit;
332 1727 358 1754 in
374 1727 459 1762 ipsius
479 1731 568 1754 tamen
583 1727 703 1759 schedis,
729 1734 790 1764 qua-
806 1731 963 1761 supersunt,
980 1728 1080 1762 Aprilis
1092 1732 1194 1755 tantum
1211 1733 1237 1754 et
1248 1727 1334 1754 Maius
1347 1727 1455 1761 integri;
1479 1725 1568 1753 Martii
1581 1727 1686 1761 priores
1704 1726 1810 1761 viginti;

186 1771 263 1800 Junii
288 1780 319 1799 ac
331 1771 511 1806 .Iuliialiquot
524 1770 582 1798 dies
603 1770 698 1798 Latine
711 1763 795 1804 versi,
813 1771 976 1805 propriaque
990 1771 1049 1806 ejus
1059 1779 1142 1798 manu
1159 1771 1263 1798 exarati
1299 1770 1506 1804 conspiciuntur
1522 1778 1528 1795 :
1554 1770 1649 1804 reliqui
1678 1777 1811 1804 quorsum

190 1816 333 1848 cesserint,
361 1823 450 1850 quove
471 1815 526 1842 fato
547 1814 766 1842 autdelitescaut
791 1819 840 1841 aut
854 1814 1017 1846 interierint.
1034 1816 1242 1850 incompertum.
1261 1814 1385 1841 Monaclti
1411 1813 1539 1841 Basiliani
1565 1813 1673 1849 Cryptse
1691 1813 1811 1841 Fet-rata:

189 1861 341 1895 Angustum
357 1866 490 1890 tnensem,
504 1859 549 1893 qui
565 1866 598 1885 ex
613 1858 716 1885 Albano
737 1858 893 1893 apographo
919 1859 1064 1891 exciderat,
1084 1860 1186 1894 aliquot
1214 1859 1284 1886 foliis
1310 1859 1445 1891 mutilum,
1471 1866 1504 1886 ex
1519 1859 1612 1885 eodem
1641 1858 1812 1893 autographa

189 1904 295 1936 Graeco,
311 1903 564 1937 recentioribusque
575 1901 734 1937 Menologiis
752 1901 845 1929 Graece
855 1902 1022 1936 supplentcs.
1035 1902 1158 1930 Latinam
1172 1903 1293 1937 ejusdem
1318 1903 1467 1930 versionem
1492 1903 1669 1929 adornarunt.
1689 1901 1811 1929 Caeteros

190 1948 290 1981 Martii,
306 1948 379 1975 Junii
410 1955 440 1974 ac
455 1945 520 1974 Julii
534 1946 592 1974 dies
606 1954 622 1974 e
633 1945 727 1974 Graeco
738 1953 862 1974 sermone
877 1945 988 1974 Latinos
999 1946 1063 1974 fecit
1078 1946 1119 1980 Ρ.)
1137 1946 1232 1974 Petrus
1255 1946 1417 1973 Benedictus
1439 1953 1454 1973 c
1477 1946 1611 1973 Soeietate
1631 1945 1706 1975 Iesu,
1725 1945 1812 1979 Syrus

193 1992 336 2023 Maronita.
360 1990 402 2018 vir
428 1989 547 2023 Latinis,
569 1989 681 2022 Graecis,
705 1989 856 2021 IIebraicis,
885 1988 1014 2024 Syriacis,
1044 1990 1224 2025 Arabicisqne
1243 1990 1340 2018 litteris
1370 1990 1584 2021 excultissimus,
1612 1989 1658 2024 qui
1684 1989 1810 2023 ejusdem

189 2036 338 2064 Clementis
357 2034 393 2061 XI
409 2035 498 2069 jussu,
513 2039 664 2069 martyrum
682 2033 763 2061 etiam
788 2032 932 2061 Persarum
962 2033 1104 2062 historiam
1130 2035 1163 2061 ab
1189 2035 1380 2070 antiquissimo
1405 2033 1474 2069 Syro
1493 2033 1625 2068 scriptore
1656 2037 1809 2064 exaratam,

189 2080 360 2114 aliorumque
377 2083 535 2106 sanctorutu
547 2085 592 2105 res
606 2082 695 2113 gestas
709 2077 735 2104 in
753 2077 985 2112 praestantissimis
998 2079 1140 2106 codicibus
1173 2077 1292 2112 Syriacis
1323 2078 1486 2112 descriptas,
1505 2084 1574 2111 quos
1593 2077 1662 2103 idem
1685 2075 1807 2110 pontifex

189 2132 220 2150 cx
239 2123 358 2150 Orientis
373 2122 485 2150 latebris
496 2121 621 2155 eductos,
639 2129 690 2149 una
702 2129 762 2148 cum
772 2121 896 2156 pluribus
908 2121 968 2149 aliis
979 2121 1134 2157 linguarum
1146 2122 1318 2149 orientalium
1328 2121 1438 2149 Selectis
1452 2119 1653 2154 manuscriptis,
1670 2120 1696 2145 in
1713 2119 1808 2146 biblio-

189 2168 267 2195 theca
284 2166 413 2193 Vaticana
428 2166 460 2192 ad
476 2173 650 2192 communem
667 2165 810 2192 utilitatem
826 2164 971 2198 dedicavit,
1002 2165 1029 2192 in
1050 2164 1176 2193 Latinum
1197 2172 1351 2193 sermonem
1381 2163 1526 2195 convertit,
1555 2163 1719 2198 easdemque
1739 2163 1809 2197 typis

185 2211 343 2247 propediem
359 2210 478 2236 edendas
491 2213 691 2244 exspectamus.

225 2268 312 2302 Quam
333 2275 398 2295 vero
407 2266 480 2294 Petri
496 2265 608 2293 Arcudii
624 2264 735 2292 nomine
751 2262 882 2299 Ugbellus
893 2263 1011 2300 vulgavit
1039 2265 1157 2300 priorem
1186 2270 1344 2294 semestrem
1370 2263 1514 2298 Ilenologii
1540 2267 1656 2298 partem,
1673 2270 1688 2290 a
1717 2263 1754 2290 cl.
1777 2271 1804 2290 γ.

188 2311 308 2347 las-epho
324 2311 448 2339 Simonio
460 2311 611 2346 Assemano
625 2315 728 2336 sacros.
741 2308 862 2336 basilicae
878 2308 1015 2336 Vaticana:
1032 2310 1189 2345 presbytero
1202 2309 1372 2342 beneﬁciato,
1389 2308 1436 2343 qui
1455 2307 1564 2335 eosdem
1589 2307 1698 2334 codices
1717 2307 1806 2333 Orien-

190 2357 293 2384 talesin
313 2355 475 2382 bibliotheca
498 2350 820 2388 ClementinoTVaticana
843 2352 992 2384 recensuit,
1023 2352 1182 2386 castigatam
1210 2358 1334 2386 novaque
1362 2349 1558 2385 propemodum
1585 2348 1807 2382 interpretatione

189 2402 318 2428 donatam
335 2400 462 2427 edimus:
479 2406 494 2426 a
510 2398 604 2426 Graeco
619 2397 693 2424 enim
709 2400 783 2424 textu
795 2404 877 2432 quam
894 2396 1053 2431 longissime
1067 2396 1196 2427 distabat,
1212 2394 1440 2429 quemadntodum
1458 2393 1527 2420 facta
1540 2392 1686 2419 collatione
1703 2392 1806 2427 perspi-

187 2453 270 2472 cuum
288 2444 410 2472 redditur
429 2442 531 2470 :multa
547 2441 681 2477 siquidem
699 2441 733 2468 ab
749 2441 896 2476 interprete
907 2448 1048 2476 perperam
1064 2440 1168 2475 adjecta
1200 2439 1241 2466 vel
1258 2438 1450 2474 praetermissa;
1464 2437 1589 2472 quadam
1610 2436 1664 2462 alio
1685 2443 1806 2470 prorsus.

187 2497 269 2523 qnam
301 2493 390 2515 textus
412 2486 525 2522 patitur,
554 2492 636 2512 sensu
667 2485 801 2520 exposita;
833 2491 960 2520 corrupta
985 2484 1087 2512 alicubi
1125 2487 1282 2511 sanctorum
1308 2482 1390 2509 etiam
1416 2482 1526 2508 notnina
1544 2490 1551 2512 ;
1571 2480 1672 2514 ubique
1698 2479 1806 2505 demum

188 2533 373 2568 paraphrasim
389 2531 578 2566 potius,quam
593 2528 697 2556 ﬁdelem
713 2529 862 2556 versionem
874 2536 986 2556 cernere
995 2533 1053 2556 est:
1073 2528 1150 2560 adeo,
1160 2532 1189 2554 ut
1197 2526 1343 2562 genuinum
1359 2526 1470 2553 Arcudii
1489 2525 1540 2552 viri
1554 2524 1646 2552 Graece
1660 2523 1804 2556 Latineque

187 2575 338 2604 doctissimi
359 2575 443 2602 fetum
457 2581 528 2605 esse,
541 2572 641 2600 eruditi
657 2572 701 2599 vix
718 2572 870 2604 crederent,
881 2572 932 2599 nisi
947 2571 1077 2608 Ughellus
1097 2572 1122 2598 id
1140 2572 1299 2598 afﬁrmaret.

225 2619 252 2646 In
265 2621 349 2646 altera
365 2617 492 2646 semestri
510 2622 597 2652 parte,
612 2624 705 2652 quam,
717 2621 746 2643 ut
762 2624 844 2651 supra
856 2616 959 2644 dictum
976 2620 1030 2647 est,
1045 2615 1176 2643 Clementi
1193 2615 1228 2642 XI
1244 2615 1384 2646 debemus,
1402 2613 1505 2640 avulsis
1517 2612 1553 2639 ob
1569 2610 1806 2656 _co_dicis_y_ctu'sta-

188 2669 240 2690 tem
269 2662 407 2689 nonnullis
442 2650 524 2693 foliis,
547 2660 606 2687 dies
622 2650 737 2695 valiquot
772 2650 984 2686 desiderantur:
1015 2660 1144 2686 nitnirutn
1178 2658 1251 2685 Junii
1279 2657 1324 2690 IX,
1342 2656 1435 2689 X,Xl,
1460 2654 1575 2689 Augusti
1591 2652 1634 2686 IV,
1651 2651 1720 2684 XIII,
1738 2650 1806 2683 XIV,

188 2705 305 2738 XXVIII,
320 2705 417 2738 XXIX,
437 2704 521 2737 XXX,
534 2703 631 2731 XXXI.
649 2703 700 2731 Eos
711 2712 743 2732 ex
758 2703 869 2730 Menaeis
887 2703 998 2730 excusis
1012 2703 1163 2737 descriptos
1179 2701 1329 2736 Latineque
1347 2708 1441 2728 versos
1457 2699 1612 2733 adjicimus.

223 2750 384 2787 Sanctorum
405 2750 545 2784 imagines,
563 2753 592 2775 ιιι
606 2749 632 2775 in
649 2748 818 2783 antographo
830 2747 964 2774 Vaticano
983 2745 1198 2780 conspiciuntur,
1213 2744 1254 2771 sic
1271 2745 1303 2770 ad
1316 2746 1406 2770 vivum
1423 2750 1476 2769 acre
1492 2741 1593 2769 incisas
1607 2741 1703 2767 damus
1719 2747 1725 2765 :
1744 2742 1806 2787 sunt

188 2794 260 2820 enim
275 2781 390 2828 pretiosa
408 2781 579 2828 antiquitatis
594 2781 773 2823 monimenta,
794 2792 844 2818 etsi
862 2791 896 2818 ab
905 2797 964 2818 arte
981 2790 1107 2825 pingendi
1122 2788 1245 2814 nonnihil
1262 2788 1403 2814 recedunt.
1422 2787 1560 2831 I’iclorunt
1577 2789 1667 2831 aut-em
1685 2783 1806 2831 tLotttitta,

189 2847 250 2874 qua:
264 2826 298 2866 ad
313 2838 460 2874 marginem
475 2826 658 2872 singularum
686 2835 834 2870 imaginum
857 2834 882 2861 in
901 2835 996 2862 eodem
1017 2833 1185 2868 autographa
1213 2835 1320 2859 exstant
1347 2831 1403 2858 lucc
1425 2835 1507 2858 sunt:
1529 2828 1668 2860 Pantaleo,
1692 2826 1798 2854 Sintt‘ou
