1915 3073
125 151 157 183 13
810 142 881 172 TES‘

989 140 1051 170 ΗΑ.
1713 132 1745 161 li

127 210 242 238 Nic/mel
271 209 453 241 Blarlternita,
484 206 621 242 Georgius,
656 204 760 237 Menas,
793 202 898 230 Simeon
935 199 1116 228 Blarherm’la.
1147 198 1260 225 Michael
1290 206 1397 233 partus.
1439 197 1545 224 Nestor.
1585 195 1685 222 Earl-tu
1721 204 1770 234 tu,

125 256 204 288 hujus
219 253 344 283 editioais
357 252 477 287 margine
487 241 711 286 quadringenties
728 255 759 275 ac
774 246 898 282 trigesies
913 249 1044 279 repetere,
1062 242 1163 270 nullius
1181 250 1269 276 opera:
1285 243 1399 276 pretium
1411 241 1547 269 duximus.

159 283 309 332 'Mcnologio
320 283 510 331 praemittimus
524 283 679 321 testimonia
693 292 813 319 virorum
826 290 970 317 illustrium
986 289 1018 315 de
1030 292 1144 322 utraque
1159 287 1219 321 ejus
1230 291 1306 321 parte
1321 296 1328 314 :
1345 294 1377 313 ex
1389 286 1489 321 quibus
1513 288 1624 313 constat
1646 283 1735 318 primo

125 341 255 368 Basiliutn
267 328 471 374 imperatorem,
488 338 531 366 cui
549 337 728 371 Menologium
746 335 886 365 tribuitur,
899 340 953 360 non
970 331 1142 359 Macedonem
1159 337 1229 363 esse,
1248 330 1294 364 qui
1307 337 1379 356 anno
1400 329 1499 356 Christi
1518 328 1571 356 886
1603 328 1757 366 imperium

123 385 244 414 tenebat.
256 388 286 411 ut
306 371 381 411 card.
401 383 536 410 Baronius
555 380 738 412 existimavit;
766 379 813 406 sed
846 376 1118 411 Porphyrogenitum,
1143 374 1189 410 qui
1201 374 1300 401 saeculo
1321 372 1426 408 integro
1446 373 1579 407 posterior
1601 371 1759 398 Macedone

124 428 278 463 fuit:quod
306 427 422 456 Allatius
462 431 490 454 et
519 425 649 461 Ughellus
673 425 871 450 demonstrant.
901 420 1037 451 Secundo,
1061 423 1219 446 semestrem
1247 417 1360 444 alteram
1391 420 1507 451 partem,
1532 416 1612 450 cujus
1640 414 1748 442 initium

123 482 138 500 a
167 459 260 501 mense
284 472 379 499 Martio
390 472 511 502 ducitur,
537 459 674 505 quamque
689 467 857 495 Dollandiani
887 465 955 493 socii
972 465 998 492 in
1027 463 1194 491 monasterio
1210 462 1316 498 Cryptte
1335 461 1455 488 Ferralaa
1485 464 1617 494 repertam
1643 459 1747 490 dicunt,

125 517 256 544 aJoanue
281 516 428 544 Francisco
453 503 558 542 Albano
584 503 741 542 iierrazce
768 511 918 545 Latineque
937 507 1126 537 transmissum
1152 506 1238 534 fuisse
1267 510 1330 533 ante
1358 512 1461 532 annum
1485 503 1586 531 Christi
1607 503 1675 530 1668
1694 510 1749 537 qun

126 568 248 588 mensem
263 560 392 587 Martium
403 567 437 586 ex
450 558 588 586 Basiliano
601 554 754 590 Manelogio
768 554 889 587 edidere,
901 551 1131 589 quemadmodum
1147 549 1268 578 Joannes
1283 548 1441 584 Ciampinus
1458 548 1486 575 in
1502 547 1595 575 Diario
1604 546 1669 574 anni
1682 546 1749 573 1676

127 609 252 632 testatur.

164 648 362 683 Subjungimus
376 646 497 675 Graecam
510 645 583 673 Petri
596 645 700 673 Possiui
713 652 728 672 e
746 644 809 672 Soc.
826 643 890 671 Jesu
909 642 941 670 ad
961 642 1087 670 eumdem
1105 640 1238 668 Joannem
1265 638 1440 666 Franciscum
1453 635 1588 664 Albanum
1609 633 1749 682 epistolam

127 677 257 726 scriptam
274 677 319 719 die
329 692 364 718 26
375 691 532 718 Decembris
542 690 606 717 anni
623 690 703 721 1661,
716 697 749 716 cx
769 696 822 723 qua
838 688 926 723 palam
954 687 993 717 ﬁt.
1020 686 1181 721 prteclarum
1210 683 1410 712 adolescentem
1438 682 1547 709 ineunte
1566 677 1750 726 annoltetalis

128 721 316 763 tertiodecimo
331 736 423 770 (natus
434 734 507 761 enim
526 733 576 760 fuit
599 741 693 760 mense
708 721 785 759 Iulio
802 721 867 758 anui
894 730 1011 765 t61l9jiu
1029 730 1129 757 Gra'caa
1152 729 1252 764 lingua:
1279 727 1371 755 studio
1398 732 1485 760 usqtte
1507 723 1575 752 adeo
1591 721 1750 758 prolecissr,

128 786 221 808 utnon
241 767 412 814 solum‘pure
426 778 634 812 cmendateque,
650 777 697 804 sed
714 776 850 811 eleganter
874 775 956 802 etiam
973 777 1123 808 ornateque
1138 772 1242 799 litteras
1265 779 1296 798 ea
1311 770 1402 805 lingua
1418 767 1603 796 conscriberet

164 823 277 858 Utopus
290 824 316 850 in
331 809 399 850 duas
422 828 513 858 partes
524 809 700 853 divideretur,
725 809 836 848 Grieeus
847 824 935 847 textus
950 819 977 845 in
988 818 1068 846 binas
1085 821 1232 844 semestres
1257 814 1422 842 distributus
1437 811 1579 847 postulare
1598 809 1750 837 videbatur.

127 867 230 895 Verum
245 867 308 901 quia
325 853 441 902 priorem
458 872 559 901 partem
577 865 782 900 quadringentae
802 871 833 891 ac
851 863 959 898 triginta
971 867 1128 890 sanctorum
1162 860 1295 895 imagines
1328 858 1412 893 duplo
1440 856 1570 891 majorem
1600 853 1752 889 posteriori-

128 898 260 944 eﬂiciunt;
285 898 468 945 Meitologium
498 910 524 937 in
550 898 605 937 tres
629 898 724 944 partiri
753 915 864 935 necesse
893 907 953 938 fuit,
983 913 1100 941 quarum
1127 912 1190 940 pars
1217 903 1304 938 prima
1336 898 1696 932 Septembrem,0ctobrcm
1718 904 1751 922 ac

125 953 325 988 Novembrem;
358 943 443 982 altera
468 943 656 985 Decembrem,
677 951 835 979 Ianuarium
860 955 887 978 ct
908 949 1109 982 Februarium;
1131 949 1208 976 tertia
1235 947 1357 983 reliquos
1379 953 1426 973 sex
1450 943 1516 972 anui
1545 949 1654 970 menses
1677 948 1752 967 con-.-

126 999 252 1032 plectitur

161 1041 211 1070 ltis
237 1042 337 1075 lrucre,
367 1043 455 1070 amice
484 1042 593 1073 Lector;
618 1041 820 1073 editionemquc
844 1037 1064 1065 eminentissimo
1088 1045 1120 1065 ac
1153 1036 1425 1065 rcverendissimimo
1447 1034 1558 1063 domino
1568 1033 1693 1060 Annibali
1709 1033 1750 1060 tit.

127 1086 155 1113 S.
180 1087 326 1113 Clementis
346 1087 503 1121 presbytero
535 1085 666 1112 cardinali
690 1082 795 1110 Albano
814 1081 843 1109 S.
871 1081 904 1108 Π.
928 1082 958 1108 Ε.
989 1081 1151 1114 catucrario,
1172 1084 1199 1108 et
1223 1080 1340 1107 basilicae
1355 1078 1492 1106 Vaticana:
1504 1078 1752 1112 archipresbyter".

126 1129 273 1156 Clementis
288 1129 323 1156 X1
347 1119 441 1156 lratris
457 1129 521 1160 lilio,
537 1129 570 1155 de
581 1127 717 1162 republica
728 1125 857 1153 litteraria
875 1124 976 1159 optimc
992 1124 1116 1157 merenti,
1141 1128 1279 1159 acceptam
1295 1122 1404 1155 referto,
1417 1121 1497 1156 cujus
1511 1121 1636 1153 consilio,
1652 1119 1752 1152 Sludiu,

127 1173 282 1208 sumptibus
297 1173 323 1200 in
348 1177 424 1200 tuum
440 1172 612 1199 commodum
638 1171 718 1197 cedit.

851 1243 1745 1255 Μ

129 1247 850 1262 ______________._____.____._

582 1313 764 1344 VIRORUM
787 1311 1029 1342 ILLUSTRIUM
1057 1307 1306 1341 TESTIMONIA

309 1398 390 1449 DE
428 1394 810 1450 MENOLOGIO
848 1391 1078 1445 BASlLll
1117 1391 1574 1446 lMPEBATORlS.

516 1574 599 1602 Card.
613 1574 747 1602 Baronius
770 1575 803 1602 ad
822 1583 921 1602 annum
946 1575 998 1603 886
1014 1576 1045 1602 de
1057 1575 1159 1602 Basilio
1176 1575 1318 1602 Macedone
1334 1575 1391 1609 imp.

166 1622 207 1648 Ad
221 1621 346 1648 eumdem
362 1619 494 1647 Basiliam
514 1627 624 1646 rursum
640 1623 745 1654 spectat
765 1618 811 1655 (uc
826 1619 891 1654 quid
908 1620 1133 1654 pnetermittatur
1147 1618 1330 1654 antiquitatis)
1345 1619 1417 1654 quod
1440 1618 1615 1647 scribendum
1635 1625 1753 1652 curavrt.

130 1669 160 1693 et
176 1664 329 1699 augendum
347 1663 506 1691 Grrecorum
526 1663 709 1698 Menologium
725 1671 733 1696 ;
755 1663 829 1697 quod
845 1663 927 1690 etiam
946 1664 1089 1690 exornavit
1109 1663 1286 1698 imaginibus,
1306 1663 1406 1697 quibus
1430 1663 1599 1698 singulorum
1616 1663 1754 1698 exprime-

131 1712 227 1736 reutur
243 1708 402 1735 certamina.
424 1707 452 1734 ln
464 1707 543 1742 cujus
561 1707 651 1734 l'ronte
675 1708 810 1742 ejusmodi
836 1707 968 1742 scriptum
993 1707 1148 1734 invenimus
1166 1707 1266 1734 iambis
1280 1706 1405 1734 versibus
1422 1707 1589 1742 epigramma
1610 1707 1636 1734 in
1653 1707 1755 1743 scripto

132 1753 226 1781 codice
245 1751 379 1780 Yiucentii
396 1752 491 1780 Piuelli
507 1752 617 1780 Patavio
628 1753 662 1779 ad
678 1760 726 1779 nos
740 1752 905 1784 Ferrariam,
921 1759 982 1779 cum
1003 1752 1057 1779 illic
1072 1759 1195 1779 essemus
1212 1758 1272 1778 cum
1290 1750 1428 1786 pontiﬁce,
1445 1751 1541 1779 misso.
1685 1744 1692 1748 ’

556 1799 672 1826 Basilius
688 1799 833 1832 imperator
844 1799 922 1832 hujus
932 1799 1048 1825 climatis

557 1834 590 1861 In
604 1843 666 1868 pace
683 1839 824 1868 pra’slans,
842 1840 919 1868 atque
933 1834 1008 1860 rebus
1023 1835 1134 1863 bellicis.

557 1870 578 1904 Ε
597 1869 708 1902 pellibus
720 1874 837 1904 pactum,
850 1877 956 1904 sequens
969 1877 1002 1895 ea:
1014 1871 1105 1898 ordine

556 1903 686 1931 Puto/iras
702 1905 787 1939 ferens
801 1903 927 1939 imagines
943 1909 970 1930 ut
984 1905 1081 1933 sidera.

169 1950 264 1979 Exstat
288 1949 488 1984 autographum
514 1948 599 1983 ipsius
623 1948 714 1976 Basilii
730 1948 856 1974 volumen
877 1948 1042 1982 imaginibus
1072 1957 1164 1985 magm
1180 1950 1261 1984 pretii
1284 1949 1443 1977 decoratum
1473 1956 1522 1984 per
1545 1948 1603 1976 dies
1621 1948 1753 1983 singulos,

135 1995 314 2030 singulosque
339 1998 461 2025 sanctos,
485 1993 519 2019 de
547 1992 646 2026 quibus
672 1991 774 2018 mentio
791 1991 904 2018 habetur
921 1991 946 2018 in
965 1992 1099 2021 versibus.
1128 1993 1250 2021 Vidimus
1275 1998 1302 2020 et
1326 1993 1440 2028 legimus
1467 1993 1547 2019 nobis
1560 1999 1722 2022 concessum
1739 1999 1754 2019 a

135 2037 223 2066 Paulo
240 2037 389 2064 Sfondrato
404 2036 512 2064 Sanctae
525 2036 642 2063 Caeciliae
653 2035 799 2067 cardinali,
816 2040 914 2070 nepote
930 2035 1017 2063 felicis
1033 2037 1172 2064 memoria:
1190 2037 1314 2072 Gregorii
1328 2044 1402 2071 papa!
1419 2036 1516 2064 decimi
1529 2036 1630 2070 quarti.

428 2089 477 2117 Leo
491 2089 608 2116 Allatius
622 2089 650 2116 in
665 2089 850 2116 dissertatione
863 2089 894 2116 de
908 2088 995 2116 Libri:
1011 2088 1206 2117 Ecclesiastt'cis
1222 2090 1410 2126 (ἐναίρω-ωιιῶ
1429 2090 1471 2118 12.

172 2148 322 2184 Menologia
343 2153 397 2174 non
420 2145 474 2172 alia
491 2149 555 2172 sunt
580 2144 617 2179 (et
648 2144 701 2171 erit
719 2143 898 2171 duodecimtts
914 2143 993 2179 liber)
1015 2151 1097 2179 quam
1111 2152 1173 2180 qua:
1192 2144 1305 2173 Latinus
1322 2144 1516 2180 Martyrologia
1532 2145 1573 2173 vel
1591 2144 1752 2174 Kalendaria

134 2194 245 2226 dixerit,
258 2199 308 2220 nec
327 2191 401 2218 aliud
418 2191 443 2217 in
459 2189 510 2216 illis
524 2189 640 2216 habetur
655 2187 706 2215 nisi
720 2188 761 2215 vel
781 2192 940 2215 sanctorum
950 2187 1012 2215 vita:
1020 2189 1143 2223 quolibet
1156 2189 1201 2216 die
1215 2196 1263 2224 per
1274 2192 1360 2216 totum
1375 2196 1475 2216 annuat
1487 2191 1649 2224 summatim
1670 2198 1754 2225 expo-

136 2238 205 2270 sitae,
230 2237 271 2264 vel
294 2242 412 2270 quorum
433 2234 493 2260 vitae
515 2240 570 2259 non
592 2232 726 2259 habentur
745 2232 985 2265 commemoratio,
999 2232 1128 2267 nullaque
1152 2232 1190 2260 ibi
1209 2236 1257 2259 aut
1267 2232 1346 2260 olIicii
1363 2232 1528 2264 ordinandi,
1546 2240 1594 2261 aut
1620 2234 1751 2261 recitandi

136 2281 222 2309 series
238 2280 404 2308 continetur.
423 2276 522 2305 Verum
536 2281 578 2304 est
594 2281 682 2303 tamen
698 2275 850 2310 saepissime
869 2275 1083 2311 Menulogiorum
1103 2277 1201 2303 horum
1225 2281 1328 2311 partem
1338 2271 1354 2309 ξ
1367 2284 1484 2311 eamque
1501 2285 1553 2304 non
1569 2278 1710 2305 minimam
1723 2279 1750 2305 in

136 2324 246 2353 Memeis
260 2324 331 2350 inter
343 2322 470 2349 Canones
484 2324 545 2356 post
556 2320 635 2347 odam
652 2325 755 2347 sextam
772 2327 834 2346 esse
846 2319 989 2354 digestum,
1003 2323 1031 2346 ut
1052 2320 1112 2347 sine
1127 2320 1242 2347 alterius
1256 2320 1318 2347 libri
1333 2328 1395 2356 ope,
1405 2321 1452 2355 qui
1465 2321 1583 2348 oliiciutn
1597 2321 1624 2348 iu
1636 2323 1751 2350 ecslesia

136 2373 184 2396 aut
199 2368 272 2395 domi
289 2367 397 2399 recitat,
413 2365 512 2393 habeat
527 2364 598 2392 unde
609 2363 831 2391 celebrandorum
850 2369 1004 2391 sanctarum
1023 2364 1179 2392 ltistortolas
1193 2369 1220 2391 et
1235 2366 1510 2393 commemorationes
1526 2366 1606 2400 legat.
1625 2366 1683 2393 lluc
1699 2366 1754 2393 Me<

137 2411 274 2446 nologium
295 2410 367 2445 apud
383 2408 493 2436 Grazcos
513 2415 567 2435 non
589 2416 672 2434 untun
689 2413 741 2439 est,
757 2408 802 2435 sed
823 2415 873 2442 pro
889 2407 1092 2443 opportunitate
1119 2408 1250 2442 temporis
1269 2408 1371 2435 variam
1387 2417 1496 2444 quoque
1522 2410 1619 2437 faciem
1641 2411 1729 2438 induit
1746 2421 1753 2437 :

136 2456 211 2484 aliud
224 2456 322 2490 quippe
338 2459 380 2482 est
391 2453 464 2488 qttod
481 2453 558 2480 nobis
573 2451 668 2479 Latine
682 2456 787 2479 tantum
801 2460 832 2479 ex
848 2452 972 2479 versione
984 2451 1132 2479 cardinalis
1144 2451 1246 2483 Sirleti,
1256 2451 1382 2480 Canisius
1398 2454 1424 2479 in
1438 2453 1567 2488 Antiquis
1583 2453 1756 2482 LectiOuibus

137 2498 344 2535 repraesentavit
359 2505 367 2523 :
383 2497 457 2524 aliud
473 2496 546 2531 quod
564 2496 712 2530 separatim
735 2495 800 2523 hinc
820 2495 881 2522 inde
899 2496 1114 2530 manuscriptum
1131 2495 1222 2522 adhuc
1244 2496 1271 2522 in
1284 2496 1468 2529 biblimheeis,
1485 2502 1514 2524 et
1538 2497 1685 2524 Barherina
1704 2506 1752 2532 po-

138 2543 274 2571 tissimum
287 2561 294 2574 ,
311 2540 383 2575 quod
401 2545 428 2567 et
443 2539 665 2574 antiquissimum
681 2544 734 2571 est,
750 2545 921 2566 asservatur:
938 2547 998 2574 quae
1013 2547 1063 2566 nec
1076 2540 1168 2566 omnia
1189 2539 1240 2567 sibi
1264 2540 1379 2567 invicem
1397 2541 1561 2575 respondent
1575 2548 1582 2566 :
1597 2541 1668 2568 aliud
1682 2543 1754 2576 quod

138 2587 166 2613 in
186 2585 294 2613 Mctmls
317 2584 475 2612 Gratcorum
493 2583 624 2610 insertum
643 2587 685 2610 est
702 2592 708 2610 :
723 2583 796 2610 aliud
819 2584 890 2617 quod
907 2589 968 2617 post
982 2584 1088 2611 divinas
1103 2583 1189 2612 Horas
1200 2605 1207 2617 ,
1229 2585 1424 2620 Evangelium,
1438 2585 1612 2620 Apostolum,
1633 2585 1755 2621 aliosque

139 2630 223 2657 librus
239 2629 345 2663 legitur.
362 2627 544 2662 Meuologium
559 2635 592 2654 ex
610 2626 721 2654 illuni-teis
734 2627 889 2654 Graacorum
907 2632 1027 2660 erutum,
1045 2633 1071 2655 et
1093 2627 1120 2655 in
1144 2628 1264 2662 linguam
1283 2629 1438 2656 Graecorum
1454 2629 1626 2656 vernaculam
1644 2637 1754 2657 versu.u

138 2682 154 2702 a
172 2673 289 2700 Maximo
303 2672 444 2706 Marguuio
459 2671 640 2705 Cytltcrorum
663 2671 793 2705 episcopo
806 2671 889 2698 edidit
902 2671 1036 2700 Antonius
1054 2672 1175 2700 Piuellus
1193 2672 1313 2701 Venetiis
1328 2681 1400 2701 anno
1415 2673 1494 2706 I529,
1512 2673 1595 2702 in-4'.

174 2717 322 2747 Baronius,
344 2723 415 2742 anno
430 2715 538 2742 Domini
555 2714 617 2746 886,
641 2715 723 2742 rel'ert
745 2715 875 2742 Basilium
894 2715 1069 2743 Macedonem
1095 2717 1287 2752 imperatorem
1301 2718 1458 2745 ereorum
1474 2717 1658 2753 Menologium
1685 2719 1752 2746 scri-

138 2762 257 2790 bendum
279 2766 392 2787 curasse
404 2763 430 2785 et
444 2758 611 2791 augendum,
626 2763 708 2793 atque
722 2759 805 2785 etiam
827 2759 993 2793 imaginibus
1007 2767 1167 2794 exornassc,
1178 2762 1279 2796 quibus
1293 2762 1463 2797 singulorum
1488 2767 1643 2790 sanctorum
1663 2764 1753 2797 expri-

140 2810 280 2833 merentur
303 2803 453 2831 ct-rtamina
473 2811 479 2829 :
497 2802 575 2837 cujus
588 2803 676 2837 ipsum
696 2803 895 2838 autograpltttm
916 2804 1042 2836 vidimus,
1061 2808 1087 2831 cl
1114 2805 1230 2839 legimus
1249 2813 1410 2833 concessum
1432 2807 1510 2834 nobis
1534 2815 1550 2834 a
1569 2805 1655 2834 Paulo
1671 2807 1748 2832 Sinn-

140 2849 218 2877 drato
245 2848 273 2875 S.
299 2846 416 2874 Caecilia:
433 2846 577 2879 cardinali,
593 2852 689 2881 nepote
711 2846 835 2881 Gregorii
857 2855 930 2882 papa:
953 2847 1022 2874 XIV.
1049 2847 1227 2884 dli-nn'ogittm
1258 2849 1400 2883 hoc,auro
1420 2851 1589 2886 gemmisque
1608 2850 1755 2885 pretiosius
