1915 3073
174 129 214 162 tu:
727 128 774 158 DE
796 127 998 158 BASILIANO
1019 128 1242 159 MENOLOGIO
1773 132 1808 164 16

175 187 421 222 tinxistantinopoii
449 186 480 214 ad
501 185 669 213 Ludovicum
700 185 829 214 Siortiam
857 188 923 214 satis
950 187 1079 213 munilice
1105 187 1269 220 advectum,
1307 186 1445 215 Ludovico
1471 189 1525 216 Vill
1552 188 1662 220 functo.
1687 187 1807 217 Joannes

183 231 302 265 Baptista
318 230 454 258 Francisci
477 229 629 264 Sfoudrati,
646 231 795 258 cardinalis
805 238 914 265 parens,
924 238 1046 265 avusque
1065 231 1166 258 Nicolai
1183 230 1322 258 Sl‘ondrati
1338 232 1484 260 cardinalis
1495 253 1503 265 ,
1527 233 1554 260 in
1573 232 1687 260 arbitrio
1702 240 1734 260 ac
1755 240 1807 268 po-

183 280 279 303 testate
293 275 398 307 habuit,
413 274 644 309 quemadmodum
661 280 837 302 monumenta
858 275 921 306 alia,
939 275 1121 309 maximaeque
1143 275 1335 303 aastimatiouis
1356 277 1508 311 scripturas
1525 277 1647 311 ejusdem
1661 275 1806 310 Ludovici,

182 319 252 353 apud
271 326 351 353 quem
370 318 498 354 Baptistae
511 319 662 346 auctoritas
677 319 823 353 plurimum
840 318 970 353 pollebat,
996 323 1026 345 ut
1041 326 1073 346 ex
1089 319 1204 346 diversis
1222 319 1403 353 legationibus
1415 340 1423 351 ,
1442 328 1511 355 quas
1524 321 1568 347 ille
1583 321 1619 347 ob
1645 321 1808 355 gravissima

182 363 286 397 negotia
302 363 373 398 apud
389 370 488 390 omnes
509 362 565 390 fere
578 363 716 398 principes
727 362 908 393 Christianos.
933 361 1123 390 Innocentium
1143 372 1241 398 nempe
1254 363 1323 397 Vill,
1340 365 1466 392 Carolqu
1485 364 1590 396 Gallim,
1604 364 1808 393 Ferdiuandum

179 410 206 433 et
216 406 402 434 Elisabetham
415 406 621 440 Hispaniarum,
639 406 842 433 Ferdiuandum
858 407 986 441 Neapolis
1005 412 1032 434 et
1048 407 1149 434 Siciliae
1163 416 1264 442 regem,
1283 413 1309 434 ct
1323 409 1432 435 tandem
1449 409 1647 443 rempublicam
1663 408 1807 442 Venetam,

179 450 223 477 tibi
251 454 278 477 et
303 456 421 479 mortem
443 451 521 482 obiit,
542 451 667 485 colligere
688 458 845 485 possumus.
873 451 1050 478 Postmodum
1079 459 1094 478 a
1117 451 1200 477 Paulo
1228 451 1376 479 Siondrato
1399 452 1532 480 cardinali
1564 453 1636 480 dono
1661 458 1804 488 acceptum

182 494 285 523 Paulus
303 494 324 522 V
342 495 370 522 in
397 495 588 522 bibliothecam
603 493 762 522 Vaticauam
778 494 891 528 invexit,
913 499 939 522 et
951 495 1061 530 praeﬁxa
1081 495 1262 530 inscriptione
1276 497 1450 531 signiﬁcavit.

219 550 320 577 Paulus
332 549 357 578 -γ
371 550 636 585 ροηιίίεππιαείηηιε
650 551 719 578 hunc
732 551 828 578 librum
841 551 1072 584 Constantinopoli
1092 552 1126 578 ad
1141 550 1304 578 Ludovicum
1320 551 1452 586 Sfortiam
1468 552 1615 579 Mediolani
1631 552 1724 580 dacem
1739 554 1817 581 alla-‘

181 600 248 628 tum,
260 594 353 621 deinde
367 599 500 621 servatum
514 595 584 629 apud
598 595 805 629 Sfontlratorum
822 595 957 630 familiam
979 604 995 622 a
1008 595 1096 621 Paulo
1111 595 1141 622 S.
1163 595 1279 622 Carcilite
1293 596 1425 622 cardinali
1440 595 1584 631 Sfondrata
1599 597 1650 623 tibi
1665 597 1734 624 dono
1754 596 1810 624 da-

168 643 247 672 'tum,
268 638 492 666 iu‘bibliothecam
512 638 668 666 Vaticanum
679 640 774 674 inferri
789 640 873 675 jussit
893 648 963 667 anno
981 640 1060 671 l6l5,
1076 639 1248 673 pontiﬁcatus
1265 647 1303 666 ιι.

207 693 296 721 Liber
310 700 392 720 unam
419 697 524 720 tantum
544 693 691 728 Meuologii
707 698 822 729 partem,
834 694 946 729 quando
961 701 1008 721 sex
1019 697 1124 720 tantum
1142 693 1294 725 mensibus,
1309 692 1480 728 Septembre.
1493 693 1622 726 Octobrc,
1639 689 1817 728 Novembrc.‘

172 737 336 769 ’Dccembre,
352 736 495 769 Januario,
512 741 540 765 et
550 736 702 765 Februario
715 738 879 771 absolvitur,
896 738 1029 766 continet.
1044 738 1136 765 Altera
1153 739 1318 772 quibusnam
1333 739 1424 766 caveis
1437 739 1545 767 addicta
1561 739 1653 773 lateat,
1671 740 1808 768 incertum

179 786 230 814 est,
248 785 275 809 et
285 781 387 808 utinam
405 788 459 808 non
475 788 652 809 communem
668 786 770 808 sortem
784 782 916 809 librorum
928 790 1022 817 passa,
1036 783 1098 818 igne
1111 783 1152 811 vel
1167 783 1249 817 l’erro,
1263 783 1305 810 vel
1319 784 1464 818 impiorum
1481 789 1528 811 aut
1544 784 1697 811 otiosorum
1716 785 1810 812 homi-

179 833 244 853 num
265 824 403 857 manibus,
419 825 620 852 elementorum
633 825 715 852 ctiam
736 824 846 859 injuria,
866 826 893 853 in
917 826 977 854 luce
986 835 1046 854 csse
1060 828 1183 854 desierit.
1202 827 1326 862 Scriptus
1348 833 1389 854 est
1406 827 1433 854 in
1447 827 1513 855 folio
1526 829 1622 863 grandi
1641 836 1810 864 pergameno

179 869 279 896 alfabre
293 869 438 904 perpolito,
457 867 522 895 licet
539 871 617 895 aetate
629 867 686 902 jam
701 868 772 895 vieta
788 869 986 903 aliquantulum
1002 871 1154 903 sublurido,
1172 871 1259 898 forma
1274 872 1351 906 quasi
1367 872 1512 905 quadrata,
1529 872 1732 900 characteribus
1748 874 1808 900 ele-

180 913 360 949 gantissimis,
378 919 514 947 nusquam
534 919 585 946 pro
600 912 674 938 illius
699 913 846 939 atramenti
863 912 1010 947 facultate,
1030 915 1102 950 quod
1123 916 1230 950 nigrum
1253 923 1306 942 non
1327 916 1416 949 tingit,
1435 916 1645 950 nigricantibus.
1667 917 1808 951 Capitales

178 965 247 993 quas
263 963 362 985 vocant
374 957 491 988 litteras,
511 963 580 982 auro
595 955 786 987 eil‘ormantur,
804 956 973 991 singularum
991 959 1158 994 pagellarum
1186 967 1249 994 pars
1274 961 1401 994 superior
1415 961 1527 987 nomina
1546 965 1705 988 sanctorum
1731 962 1809 988 illius

178 1002 232 1029 dici
262 1005 453 1036 repraesentat,
472 999 587 1027 alterius
609 999 721 1026 dimidia
743 1000 843 1034 scripta
858 1002 1019 1035 compendio
1036 1008 1193 1030 sanctorum
1209 1008 1282 1037 gesta
1295 1024 1301 1034 ,
1321 1005 1404 1030 altera
1427 1004 1592 1037 imaginibus
1612 1006 1810 1039 coloribusque

180 1053 235 1073 non
252 1046 440 1081 indiligenter,
454 1049 479 1071 et
494 1051 545 1079 pro
563 1051 595 1071 eo
610 1047 731 1079 tempore
745 1045 812 1072 satis
825 1045 972 1080 eleganter.
997 1047 1049 1074 sub
1066 1047 1161 1074 oculos
1185 1047 1273 1081 ponit.
1291 1047 1428 1073 Picturam
1444 1047 1612 1074 recentiores
1627 1048 1809 1074 miniatuiam

180 1094 278 1117 vocant
292 1097 300 1116 :
318 1096 407 1124 neque
420 1088 494 1116 enim
509 1088 580 1120 oleo,
598 1088 643 1116 sed
657 1095 727 1123 aqua
741 1089 901 1124 gummique
915 1090 1022 1117 colores
1043 1095 1131 1125 tempe
1139 1096 1244 1117 rantur.
1263 1090 1396 1125 Imagines
1410 1098 1463 1117 non
1479 1091 1513 1118 ab
1526 1098 1578 1117 una
1593 1098 1674 1117 manu
1696 1098 1811 1125 proma-

181 1135 270 1165 nant,‘
280 1134 395 1168 ideoque
410 1140 461 1160 nec
476 1132 557 1159 unius
570 1139 664 1160 omnes
683 1133 859 1165 conditionis,
873 1133 920 1161 sed
936 1141 990 1160 una
1003 1134 1087 1161 altera
1103 1135 1264 1161 concinnior
1277 1154 1284 1168 ,
1307 1135 1474 1165 accuratior.
1499 1140 1525 1161 et
1544 1135 1578 1161 ad
1595 1140 1680 1161 artem
1698 1143 1810 1162 accom-

180 1178 316 1205 modatior
327 1177 447 1210 excellit,
464 1181 491 1204 et
505 1184 539 1203 ne
553 1176 694 1203 ἀδέσποτοι
711 1177 846 1211 palarent,
862 1178 951 1212 pictor
963 1178 1077 1212 quilibet
1095 1178 1205 1213 imagini
1221 1186 1237 1205 a
1259 1186 1288 1205 se
1308 1178 1424 1211 depicta:
1442 1179 1469 1204 in
1488 1178 1609 1213 margine
1628 1179 1688 1205 libri
1706 1186 1810 1205 nomen

180 1222 326 1256 expressit.
353 1221 493 1249 Pictorum
517 1222 629 1248 nomina
658 1225 733 1253 sunt,
754 1220 895 1254 Pantaleo,
913 1220 1027 1248 Michael
1055 1220 1235 1254 Blachernita,
1257 1222 1395 1256 Georgius,
1419 1222 1539 1253 Simeon,
1564 1222 1679 1249 Michael
1694 1230 1808 1256 parvus.

182 1266 287 1298 Mettus,
302 1265 411 1298 Nestor,
424 1264 530 1292 Simeon
544 1264 728 1293 Blachernita.
750 1265 886 1300 Imagines
899 1265 933 1292 ita
948 1265 1142 1301 disponuntur,
1155 1272 1184 1294 ut
1200 1275 1254 1294 una
1264 1267 1342 1294 alteri
1361 1267 1483 1294 adversa:
1498 1275 1551 1293 non
1569 1267 1741 1301 respondeat,
1757 1266 1806 1293 scd

182 1310 280 1341 litteris
292 1314 318 1337 ct
335 1313 490 1337 sanctorum
505 1308 594 1336 Vitis:
611 1316 695 1343 quare
712 1316 786 1336 nunc
806 1310 976 1344 superiorem
1001 1315 1105 1345 partem
1121 1312 1235 1346 paginae,
1256 1310 1366 1346 quando
1391 1311 1501 1338 alterius
1517 1311 1644 1346 superior
1660 1318 1723 1346 pars
1734 1311 1807 1338 scri-

181 1354 300 1389 ptionem
318 1353 409 1386 refert,
426 1361 499 1381 nunc
514 1352 683 1385 inferiorem,
699 1353 808 1387 quando
823 1353 938 1380 alterius
951 1353 1066 1382 inferior
1087 1355 1222 1390 descripta
1237 1360 1289 1383 cst.

217 1411 332 1446 Quando
343 1411 411 1439 liber
424 1411 542 1445 scriptus
560 1411 605 1443 sit,
620 1411 744 1438 divinare
763 1418 817 1438 non
834 1418 982 1446 possumus
998 1421 1006 1440 :
1023 1412 1123 1439 abhinc
1140 1416 1229 1440 tamen
1246 1419 1319 1439 anno
1353 1411 1405 1439 662
1429 1412 1576 1448 scriptum,
1591 1411 1719 1440 videntur
1734 1411 1808 1439 indi-

172 1464 244 1484 care
257 1457 302 1492 qui
314 1456 386 1491 operi
401 1456 578 1492 praiﬁguntur
593 1455 688 1483 iambi.
702 1454 735 1482 Hi
752 1463 816 1483 vero
832 1461 896 1483 sunt
915 1465 920 1483 :

655 1530 787 1558 Ἐνταῦθα
802 1531 849 1558 νῦν
867 1533 1005 1569 σκόπησον
1022 1534 1109 1570 ὀρθῶς
1123 1535 1137 1561 ὁ
1148 1535 1263 1569 βλέπων,
1280 1538 1330 1562 etc.

777 1587 824 1624 Exi
834 1587 1086 1624 vcrsionerloannis
1101 1589 1203 1624 Argoli.

604 1621 751 1659 Qanridera
766 1623 845 1659 probe
862 1624 945 1650 oculis
960 1623 1011 1656 hic,
1025 1632 1040 1651 ο
1050 1625 1095 1658 qui
1109 1621 1216 1659 aspicis,

607 1655 647 1693 Ex
662 1657 737 1693 rebus
753 1657 859 1691 optimis
874 1667 939 1692 opus
959 1664 1027 1686 certe
1037 1655 1169 1693 (optimum
1182 1679 1189 1692 ,

606 1692 664 1729 l_)_ei',
678 1692 797 1724 inquam,
811 1700 876 1726 opus
889 1692 1094 1728 pulcherrimum
1112 1701 1222 1722 utentem
1239 1695 1363 1729 impetus

612 1726 677 1762 Yim
696 1732 784 1754 creata
797 1726 894 1755 ctmcta
905 1730 1037 1756 delectans
1052 1731 1152 1762 merito,

608 1761 640 1800 ξι
654 1770 774 1800 namque
785 1771 867 1800 supra
879 1771 924 1800 rea:
935 1764 989 1797 poli
1004 1766 1100 1800 summi
1117 1766 1216 1800 artifrz

604 1796 703 1835 C_avlutn
721 1796 820 1835 choreis
837 1799 1014 1826 condecorans
1029 1799 1130 1826 clarum
1141 1796 1233 1835 igneis,

608 1832 774 1868 Quodrpellis
791 1833 877 1859 instar
890 1834 959 1860 vocis
970 1835 1094 1868 explicuit
1112 1832 1185 1866 torio,

612 1867 742 1904 ynnduin
757 1868 872 1894 irratliat
891 1867 1009 1902 sapiente
1021 1871 1202 1904 providentia;

608 1901 775 1942 I_nfraque_ut
786 1904 872 1942 ipsum
888 1901 1004 1931 moribus
1018 1901 1156 1939 tplendena
1171 1901 1280 1942 paribus

609 1937 700 1974 Terra:
717 1937 810 1972 plagas
823 1939 914 1971 totius,
932 1945 956 1965 et
971 1947 1016 1966 rea:
1024 1937 1147 1974 purpura:

607 1972 876 2010 gasitius,A/iliusque
887 1973 987 2008 duplici
1004 1972 1094 2010 potens

602 2007 700 2040 Fama,
719 2008 857 2043 triumphis
874 2009 985 2042 scilicet,
1003 2007 1178 2045 sermonibus,
1193 2018 1246 2040 etc.

181 2101 213 2129 HI
222 2101 274 2129 hoc
286 2105 327 2128 est
337 2098 646 2134 Menologium'Baronio
660 2098 760 2131 visum,
773 2107 823 2127 nec
837 2099 944 2134 abnuo;
960 2102 1060 2134 studio,
1075 2102 1210 2138 jussuque
1227 2103 1320 2131 Basilii
1339 2105 1511 2140 imperatoris
1528 2104 1706 2139 descriptum,
1722 2111 1806 2131 exor-

172 2149 333 2179 natumque
350 2144 526 2179 imaginibus,
543 2143 595 2170 nisi
613 2143 724 2170 aliunde
736 2143 849 2172 edoctus
861 2144 949 2178 fuero,
969 2153 1023 2172 uon
1047 2146 1172 2179 credam,
1189 2149 1418 2182 quemadmodum
1433 2154 1460 2177 et
1476 2148 1608 2176 Basiliam
1631 2149 1704 2176 hunc
1717 2149 1808 2176 Mace-

181 2191 279 2216 donem
293 2187 377 2215 fuisse
392 2197 399 2215 :
416 2196 449 2214 ex
463 2187 561 2214 iambis
572 2187 645 2214 enim
661 2187 706 2214 hic
725 2187 843 2215 Basilius
854 2188 936 2223 Porpl

1052 2195 1111 2217 neta
1131 2193 1263 2218 asseritur
1281 2199 1287 2218 :
1306 2192 1374 2225 ἄναξ
1384 2193 1447 2227 ὅλης
1462 2193 1524 2227 γῆς,
1548 2193 1623 2228 ἣλιος
1636 2195 1684 2228 τῆς
1700 2193 1808 2228 πορφύ-

171 2241 234 2269 ιρας
249 2231 399 2264 Βασίλειος,
411 2230 442 2257 rb
453 2230 565 2265 θρέμμα
579 2230 629 2265 τῆς
643 2230 813 2265 ἁλουργίδος,
833 2230 927 2266 Imperi

1052 2242 1074 2260 te
1090 2235 1226 2267 universas,
1246 2236 1286 2263 sol
1305 2244 1430 2270 purpune
1447 2236 1565 2264 Basilius
1584 2241 1609 2263 et
1621 2237 1754 2263 alumnus.
1777 2236 1806 2264 Id

182 2278 216 2304 de
228 2275 375 2303 Macedone
390 2274 443 2302 dici
461 2281 514 2301 non
533 2277 634 2308 potest,
646 2281 708 2301 cum
721 2282 808 2308 neque
822 2274 1080 2311 Porphyrogcnueta
1097 2278 1193 2312 luerit,
1213 2287 1264 2308 nec
1277 2281 1441 2316 imperatore
1458 2287 1533 2316 patre
1553 2285 1635 2308 natus
1651 2281 1701 2313 sit.
1720 2289 1807 2316 neque

182 2321 302 2348 adultus.
322 2319 444 2346 Zonaras
464 2319 491 2345 in
511 2317 695 2345 Constantino
709 2318 793 2350 Duca.
812 2320 868 2354 Τὴν
893 2320 938 2355 psi

1051 2322 1108 2349 είαν
1124 2323 1208 2351 αὐτοῦ
1235 2325 1418 2352 καταλέλοιπε
1434 2326 1522 2360 τρισὶν
1536 2325 1632 2356 υἱέσιν,
1651 2330 1703 2352 etc.
1722 2324 1807 2359 Impe-

183 2366 252 2390 rium
265 2363 349 2390 tribus
361 2362 425 2397 ﬁliis
455 2362 573 2397 reliquit,
588 2369 700 2396 quarunt
719 2363 795 2395 duos,
815 2363 968 2391 Michaelem
989 2371 1013 2392 et
1029 2366 1210 2394 Andronicum
1232 2367 1352 2395 Eurlocia
1367 2370 1470 2404 privato
1490 2369 1586 2401 adhuc,
1603 2369 1806 2395 Constantinum

183 2416 241 2434 vero
253 2407 394 2442 imperanti
411 2411 557 2441 pepererat,
573 2414 632 2433 cum
646 2412 670 2433 et
685 2407 741 2440 ipsa
751 2408 870 2442 Augusta
883 2409 1016 2444 appellata
1028 2416 1104 2438 esset.
1118 2411 1192 2438 Unde
1205 2413 1246 2439 hic
1258 2413 1330 2439 solus
1345 2413 1587 2448 Porphyrogenitus
1601 2414 1663 2447 fuit,
1675 2421 1706 2440 ac
1714 2419 1805 2440 statim

173 2460 236 2486 .prw
248 2451 354 2478 cwtcris
367 2450 469 2485 imperii
485 2450 631 2484 insignibus
643 2449 800 2479 adornatus.
812 2451 850 2478 Ex
867 2459 900 2479 eo
913 2461 1010 2489 nempe
1031 2455 1329 2492 Porphyrogeuitorum
1347 2467 1445 2485 nomen
1461 2459 1590 2490 emersit,
1610 2463 1638 2485 ut
1655 2460 1701 2493 qui
1721 2460 1806 2491 impe-

183 2503 259 2525 rante
275 2501 351 2531 patre
368 2500 536 2525 nasceretur,
547 2495 603 2521 sive
617 2494 643 2521 in
658 2495 777 2522 thalamo
799 2495 945 2532 Porphyrze
961 2498 1034 2526 dicto
1045 2519 1052 2532 ,
1069 2500 1126 2527 sive
1149 2508 1268 2535 purpura
1293 2502 1414 2529 obvoluti
1425 2523 1432 2534 ,
1449 2501 1712 2538 l‘orphyrogcuncttc
1733 2503 1806 2529 «lice-

183 2546 288 2570 rentur.
304 2540 478 2567 Herodianus
493 2540 557 2566 hist.
573 2539 622 2565 lib.
640 2547 660 2570 ι,
676 2539 708 2566 dc
722 2539 871 2568 Commodo
888 2541 939 2568 Mat

1049 2544 1160 2570 Eratoris
1176 2544 1230 2570 lilio
1251 2553 1257 2571 :
1277 2545 1380 2571 Ἔδωκε
1406 2545 1434 2571 δὲ
1458 2546 1517 2579 μετ’
1532 2548 1646 2577 ἑκεῖνυν,
1662 2552 1711 2572 ctc.
1730 2545 1805 2572 Nunc

182 2594 222 2612 me
238 2590 295 2620 post
314 2584 437 2611 Marcum
460 2588 562 2618 patrem
579 2583 650 2610 vobis
664 2583 772 2617 fortuna
786 2585 932 2618 principem
951 2586 1046 2618 dedit,
1065 2596 1115 2614 non
1139 2588 1245 2623 quidem
1261 2590 1418 2622 ascititium,
1437 2591 1528 2625 quales
1550 2596 1609 2616 ante
1631 2599 1670 2616 mc
1691 2591 1806 2625 fimum,

183 2639 263 2666 neque
277 2630 357 2657 veluti
372 2629 503 2664 acquisita
518 2629 626 2663 imperio
640 2629 815 2664 gloriantem,
834 2631 928 2665 quippe
947 2639 1016 2657 unus
1036 2639 1082 2665 ego
1096 2632 1166 2658 vobis
1185 2637 1264 2659 natus
1276 2654 1282 2666 ,
1300 2634 1478 2668 educatusque
1496 2635 1523 2660 in
1537 2635 1599 2659 aula
1609 2655 1616 2665 ,
1636 2642 1687 2660 non
1703 2635 1807 2668 quidem

182 2675 293 2708 privatis
310 2673 445 2700 obvolutus
458 2672 550 2706 fasciis
561 2680 570 2699 :
582 2676 671 2699 statim
680 2681 720 2699 me
733 2678 760 2699 ut
775 2681 808 2700 ex
825 2673 883 2700 alvo
907 2675 1069 2709 prodierant,
1089 2676 1261 2710 imperatoria
1284 2686 1401 2712 purpura
1414 2678 1544 2711 suscepit.
1565 2678 1694 2711 simulque
1707 2678 1746 2702 ενι
1764 2681 1811 2702 ltu-

185 2719 279 2744 nzinem
295 2724 335 2743 me
352 2717 428 2749 vidit,
439 2721 464 2742 et
476 2716 631 2751 principem.
644 2715 676 2743 Et
694 2716 860 2745 Themistian
875 2723 945 2745 orat.
959 2718 985 2746 6.
1003 2718 1036 2745 de
1054 2718 1247 2747 Valentiniano
1263 2721 1386 2748 Gratiani
1398 2722 1569 2755 imperatoris
1583 2722 1666 2748 fratre
1681 2722 1810 2755 :llpi‘uw;

182 2762 237 2796 γὰρ
252 2761 283 2796 δὴ
295 2761 364 2792 τέως
374 2761 423 2795 τῆς
438 2761 596 2796 εὐδαίμονος
609 2760 697 2792 οἰκίας
714 2761 932 2796 ὲσπαργανώοης

1062 2762 1149 2796 ργῐδι,
1171 2762 1278 2791 Primus
1297 2771 1384 2791 att/ent
1399 2770 1460 2791 tunc
1480 2766 1586 2799 imlyla’
1603 2767 1696 2792 damus
1711 2774 1812 2800 purpu-

183 2806 234 2833 reis
246 2805 384 2832 obvolutus
399 2813 424 2832 es
444 2805 545 2840 fasciis.
565 2804 668 2833 Dicitur
683 2810 774 2832 tamen
787 2805 820 2832 de
838 2805 936 2833 Basilio
952 2806 1075 2838 Junior=-,
1089 2807 1135 2841 qui
1150 2807 1220 2835 circa
1238 2816 1339 2836 annum
1358 2809 1464 2836 Domini
1478 2810 1541 2843 977,
1557 2818 1619 2837 cum
1632 2810 1814 2838 Cottstautiuo

184 2850 441 2887 l’orphyrogcnueta
458 2850 600 2885 imperium
615 2849 712 2876 tenuit.
