1915 3073
121 138 156 174 17
812 139 1052 170 ΤΕΞΤΙΜΟΝΙᾸ.
1713 140 1744 170 18

470 196 657 226 Ferdinandus
676 197 812 234 Ughellus,
828 198 912 226 Italiae
927 206 1012 227 sacrae
1027 204 1089 226 (om.
1103 199 1145 229 Vl.
1160 207 1221 234 pag.
1237 199 1304 228 IO‘L9
1316 203 1340 227 et
1360 208 1414 235 seq.

161 241 342 276 Menoiogtum
362 241 519 269 Graecorum
544 243 624 278 jussu
648 242 740 270 Basilii
764 241 886 270 Junioris
912 243 978 278 imp.
998 243 1293 277 Constantinopolitani
1308 248 1370 270 ante
1393 251 1495 271 annum
1522 242 1578 270 Sal.
1594 240 1648 270 98‘
1676 248 1744 268 con-

124 286 269 320 scriptum,
284 290 311 314 et
327 286 360 313 ad
377 287 456 313 iidem
477 287 679 314 membranacei
698 287 800 315 codicis
814 287 939 313 Vaticani
963 295 976 313 a
993 287 1074 314 Petro
1090 286 1209 314 Arcudio
1225 286 1386 322 Corcyrensi
1403 287 1434 315 ν.
1451 287 1481 314 C.
1500 286 1597 314 Latine
1623 292 1749 318 versum.

125 338 198 357 nunc
214 331 330 364 primum
343 331 427 358 edidit
441 330 629 359 Ferdinandus
649 331 778 366 Ughellus
793 331 879 366 (Anno
897 331 994 358 scilicet
1010 331 1102 366 1659).

161 373 242 401 Liber
257 376 308 402 iste
322 374 443 408 Grzccns,
459 376 539 410 cujus
555 376 598 403 hic
612 377 703 403 versio
717 375 813 403 Latina
829 376 955 407 habetur,
971 375 1049 409 jussu
1068 376 1132 403 olim
1152 375 1245 403 Basilii
1261 374 1526 410 Porphyrogennctae
1539 374 1661 402 Junioris
1675 374 1742 408 imp.

125 423 188 445 ante
201 419 257 446 fere
269 427 357 446 annos
374 419 426 446 684
453 420 626 454 conscriptus
641 420 702 451 fuit,
720 420 906 454 ipsorumque,
924 426 1042 454 quorum
1058 419 1084 446 in
1103 426 1135 446 eo
1151 419 1247 453 elogiis
1267 419 1451 448 celebrantur.
1467 417 1593 444 divorum
1611 417 1741 452 imagini-

127 462 177 488 hus
191 468 314 495 ornatus,
335 467 494 490 asservatur
514 463 541 489 in
558 462 685 490 Vaticana
706 462 842 497 pontificis
858 463 970 490 maximi
990 463 1154 490 bibliotheca
1171 472 1178 490 :
1194 463 1228 490 de
1247 469 1302 497 quo
1315 462 1356 489 vir
1374 461 1409 488 cl.
1428 464 1454 487 ct
1469 459 1674 488 eruditissimus
1690 459 1745 488 Leo

126 506 242 534 Allatius
261 507 289 534 in
305 508 414 534 dissert.
428 508 507 542 print.
528 507 559 534 de
572 507 618 534 lib.
637 507 712 535 ΕειΙ.
729 506 880 534 Grrccorum
900 506 995 534 scribit
1022 506 1049 533 in
1065 506 1122 534 haec
1145 506 1228 533 verba
1243 514 1250 532 :
1268 515 1277 532 ι
1295 504 1476 538 Menologium
1499 503 1562 535 hoc,
1580 510 1647 530 auro
1670 511 1745 537 gem-

127 550 235 584 misque
251 551 408 584 pretiosius,
426 550 661 585 Constantinopoli
682 551 716 578 ad
732 551 900 578 Lndovicum
916 550 1044 577 Siortiam
1061 550 1128 578 satis
1142 549 1271 577 muniﬁce
1289 548 1445 577 advectum.
1465 556 1474 573 I
1491 546 1596 574 thera
1614 551 1643 573 ut
1664 553 1746 580 supra

125 594 198 628 apud
212 594 341 620 Allatium
358 602 437 628 usque
448 595 482 621 ad
494 595 583 627 ﬁnem.
596 594 686 629 Pergit
707 594 832 629 (lg/tellus
845 602 854 621 :

164 636 227 665 Haec
238 637 303 664 Leo.
325 638 377 664 Sed
391 638 462 672 quod
481 638 566 672 magis
576 639 665 673 arguit
681 638 862 672 Menologium
879 638 931 664 hoc
944 637 1074 672 scriptum
1092 635 1178 664 fuisse
1192 636 1284 664 Basilii
1298 635 1421 664 Iunioris
1442 636 1533 671 jussu,
1547 638 1598 667 est,
1618 634 1692 670 quod
1711 635 1748 662 in-

126 688 160 708 eo
176 681 206 708 iit
222 681 324 708 mentio
342 681 375 708 ad
402 682 434 708 17
454 680 568 709 Kalend.
587 681 709 709 Januarii
738 687 838 710 sanctae
858 680 1078 716 Theophanonis,
1098 681 1191 708 uxoris
1208 681 1303 715 primae
1319 680 1420 708 Leonis
1442 679 1630 715 imperatoris,
1648 678 1750 706 Basilii.

126 725 283 753 Macedonis
297 725 355 758 ﬁlii,
369 726 540 758 aliorumque
557 731 727 758 sanctorum,
740 726 786 761 qui
799 727 879 761 longe
890 729 952 761 post
963 724 1094 751 Basiliam
1119 723 1292 752 Macedonem
1310 724 1446 752 vixerunt.
1465 724 1600 751 Caeterum
1616 730 1679 750 cum
1697 729 1746 757 pe-

127 777 176 797 nes
191 778 234 797 me
247 774 320 797 esset
335 770 392 805 ipsa
408 770 521 798 Arcudii
538 771 626 798 versio
639 770 791 806 originalis,
803 771 906 806 placuit
925 771 951 797 in
963 768 1076 804 gratiam
1093 776 1185 796 rerum
1196 768 1444 796 ecclesiasticarum
1459 769 1612 794 amatorum
1626 765 1671 793 hic
1684 771 1746 792 eam

126 813 265 841 exhibere.
284 812 324 841 'l‘u
344 813 465 847 interim,
479 814 596 841 candide
609 814 718 846 Lector,
738 819 814 842 utere
829 819 856 842 et
872 814 943 843 vale.

459 856 630 884 Bollandiam‘
643 858 708 884 socii
719 859 747 885 in
765 857 842 885 Actis
858 862 1015 886 sanctorum
1029 862 1092 884 tom.
1106 856 1129 883 l'
1147 856 1258 889 Martii,
1273 865 1333 892 pag.
1345 856 1408 884 861.

161 900 269 936 Integre
282 901 382 929 habere
401 901 560 929 curavimus
586 902 759 937 prteclariora
783 903 837 929 duo
860 901 1031 936 Menologia;
1050 908 1168 936 quorum
1187 908 1271 928 unum
1293 908 1326 927 ex
1353 900 1467 934 collegio
1482 898 1622 926 societatis
1640 901 1746 925 nostra)

126 942 340 971 Claromontano
361 943 474 971 Parisiis
489 944 645 978 accepimus
659 949 770 978 mutuo;
785 945 900 972 alterum
915 945 1014 978 partim
1032 952 1065 972 ex
1082 952 1148 972 mss.
1176 944 1333 972 monasterii
1348 944 1455 979 Cryptae
1470 942 1588 970 Ferratae
1604 942 1631 969 in
1647 942 1743 974 Latio;

127 987 225 1021 partim
240 994 273 1014 ex
289 987 464 1015 Bibliothecze
484 987 620 1015 Vaticana!
635 988 729 1015 codice
741 989 888 1015 transcribi
901 988 1044 1023 jussimus.
1059 989 1147 1022 Atque
1166 988 1218 1015 hoc
1241 993 1409 1022 postremum
1426 986 1493 1014 illud
1505 991 1564 1017 est.
1588 986 1668 1021 cujus
1688 985 1747 1020 pri-

127 1038 200 1057 mam
232 1036 334 1066 partem
371 1031 572 1066 elegantissime
599 1031 765 1064 descriptam
791 1039 805 1058 a
828 1031 912 1058 Paulo
937 1030 965 1058 S.
994 1031 1109 1058 Cmciliae
1126 1031 1258 1058 cardinali
1282 1030 1439 1063 Siondrato,
1456 1029 1543 1057 Paulo
1568 1029 1602 1062 V,
1625 1029 1747 1064 pontiﬁci

126 1075 258 1107 maximo,
276 1075 347 1101 dono
358 1074 461 1106 datum,
478 1078 504 1101 et
522 1081 537 1100 a
553 1074 632 1101 Petro
641 1073 760 1101 Arcadio
778 1073 872 1101 Latine
888 1074 1033 1108 redditum,
1049 1073 1139 1101 Italiae
1152 1082 1237 1102 suam
1263 1079 1329 1101 tom.
1344 1074 1387 1105 Vl,
1404 1073 1545 1101 subtexuit
1558 1072 1750 1100 Ferdinandus

127 1116 277 1150 Ughellus;
297 1123 410 1151 questus
434 1117 547 1144 alteram
562 1117 647 1144 latere
670 1117 803 1144 incertum
819 1118 984 1153 quibusnam
1003 1119 1031 1146 in
1048 1119 1155 1151 caveis,
1174 1123 1222 1145 aut
1238 1117 1379 1145 communi
1409 1117 1480 1144 forte
1506 1117 1639 1144 librorum
1663 1120 1746 1147 sorte.

128 1168 188 1194 .gne
206 1163 349 1192 autt‘erro,
367 1160 407 1187 vel
426 1160 571 1194 impiorum
588 1165 635 1187 aut
653 1161 804 1188 otiosorum
821 1161 975 1193 hominum,
1003 1161 1044 1187 vel
1071 1161 1274 1188 elementorum
1291 1161 1389 1194 injuria
1413 1167 1474 1187 esse
1501 1160 1626 1187 desiisse.
1643 1158 1746 1186 Verum

128 1210 180 1228 non
198 1203 346 1230 latitantem
370 1203 395 1230 in
416 1203 523 1236 caveis;
544 1205 591 1230 sed
607 1203 642 1230 ad
667 1204 751 1230 divini
767 1204 847 1232 oilicii
863 1212 940 1232 usum
960 1208 1000 1230 tot
1022 1207 1089 1239 quot
1104 1204 1162 1238 ipsa
1181 1204 1371 1238 complectitur
1389 1203 1531 1231 mensibus
1550 1211 1565 1230 a
1590 1203 1688 1230 Martio
1712 1204 1747 1230 ad

127 1245 296 1280 Septembris
314 1245 422 1272 initiutn
441 1246 615 1278 servientem,
636 1254 789 1280 reperimus
806 1248 832 1274 in
850 1247 1253 1282 praenominatomonachorum
1271 1246 1468 1274 Basilianorum
1487 1247 1653 1273 monasterio
1670 1255 1676 1272 :
1693 1254 1747 1274 non

127 1289 236 1324 quidem
258 1289 315 1324 pari
335 1289 524 1317 characterum
546 1290 680 1324 elegantia
703 1295 730 1317 et
755 1291 924 1325 picturarum
948 1292 982 1320 ad
1001 1292 1123 1327 singulas
1146 1291 1259 1327 paginas
1283 1291 1389 1318 deliciis
1406 1295 1565 1318 exornatam
1585 1290 1706 1325 (qualem
1720 1290 1747 1317 in

130 1332 260 1360 Vaticano
275 1340 344 1365 esse,
365 1333 436 1360 sicut
462 1333 629 1365 audivimus,
645 1333 814 1368 legimusquc
826 1354 834 1366 ,
849 1335 889 1362 sic
910 1341 938 1362 et
951 1335 1089 1371 vidimus),
1107 1335 1155 1362 sed
1173 1335 1334 1369 antiquitate
1345 1338 1372 1361 et
1389 1334 1441 1361 [ide
1466 1333 1552 1360 nihilo
1578 1334 1749 1365 inferiorem,

127 1378 307 1412 eamdemque
321 1377 413 1404 Basilii
431 1377 603 1412 imperatoris
619 1377 727 1404 titulum
741 1378 929 1413 praeferentem
948 1387 955 1405 :
975 1384 1004 1405 ut
1021 1379 1092 1406 hanc
1108 1378 1247 1405 Vaticana
1265 1378 1338 1405 illius
1360 1377 1447 1412 partis
1470 1377 1493 1404 si
1517 1385 1578 1404 non
1590 1384 1748 1412 germanam

129 1421 255 1454 alteram,
273 1421 307 1448 ab
320 1421 413 1448 eadem
429 1429 511 1448 manu
527 1421 600 1448 velut
615 1426 693 1449 utero
708 1427 878 1457 prognatam,
897 1427 970 1450 certe
984 1424 1130 1458 genuinam
1144 1430 1176 1450 ex
1194 1428 1269 1457 patre
1282 1427 1363 1457 atque
1375 1426 1486 1449 auctore
1501 1422 1608 1455 eodem,
1623 1426 1680 1448 tum
1696 1429 1750 1448 cat-

131 1466 195 1492 tcris
217 1465 334 1498 iudiciis,
351 1470 406 1492 tntn
425 1467 487 1501 styli
508 1466 708 1501 perfectissima
732 1467 921 1499 similitudine,
938 1467 1005 1494 nihil
1024 1468 1180 1494 haesitantes
1196 1466 1380 1493 crederemus.
1391 1465 1429 1492 Ex
1452 1466 1502 1492 hac
1526 1465 1608 1500 igitur
1627 1471 1751 1492 mensem

130 1509 258 1543 primum,
281 1509 306 1535 id
320 1514 370 1542 est,
389 1509 516 1537 Martium
534 1510 577 1538 hic
591 1511 688 1538 damus
710 1511 736 1538 in
756 1511 893 1545 specimen
916 1511 1129 1545 Menologiorum
1146 1516 1308 1537 caeterorum
1325 1510 1459 1538 omnium.
1477 1509 1524 1536 Est
1555 1510 1628 1536 enim
1645 1509 1752 1536 caeteris

130 1561 190 1587 qua:
204 1553 320 1580 vidimus
336 1554 463 1581 omnibus
479 1555 611 1582 illustrior
627 1555 685 1582 haec
699 1555 834 1586 collectio,
855 1554 1079 1589 auctoritatisque
1095 1553 1226 1588 majoris;
1242 1560 1274 1580 eo
1286 1553 1358 1588 quod
1374 1560 1427 1579 non
1447 1552 1553 1587 privato
1572 1552 1687 1587 alicujus
1703 1559 1751 1578 ar-

132 1597 211 1623 bitrio
224 1597 384 1632 c0mpilata,
407 1599 453 1625 sed
469 1599 497 1625 in
520 1599 628 1634 publico
647 1599 831 1626 Ecclesiarum
847 1598 1212 1633 Constantinopolilanarum
1236 1605 1288 1624 usu
1314 1596 1400 1624 fuisse
1424 1596 1548 1623 videatur
1564 1603 1644 1623 :cnm
1670 1595 1750 1630 jussu

131 1639 221 1667 Basilii
239 1641 410 1675 imperatoris
427 1641 653 1678 Porphyrogeniti
670 1648 732 1670 ante
751 1651 852 1671 annum
869 1642 965 1670 salutis
978 1642 1040 1674 984,
1059 1649 1121 1668 esse
1140 1645 1252 1668 exarata
1271 1645 1464 1675 cognoscatur.
1484 1639 1526 1666 An
1553 1639 1641 1674 prima
1657 1640 1684 1666 in
1701 1639 1753 1666 hoc

132 1684 245 1717 genere?
260 1692 312 1711 non
329 1686 461 1714 audemus
483 1687 632 1714 divinando
651 1695 774 1715 asserere
789 1695 796 1714 :
810 1687 912 1714 nedum
927 1685 1050 1719 deﬁnire,
1070 1689 1173 1721 quanto
1197 1685 1233 1713 sit
1256 1684 1473 1719 Menologiorum
1499 1692 1566 1712 usus
1585 1683 1612 1711 in
1630 1683 1753 1711 Ecclesia

131 1727 224 1754 Graeca
244 1729 343 1756 saeculo
355 1729 410 1762 jam
428 1730 568 1758 nominato
583 1731 715 1764 anterior,
730 1735 784 1758 etc.

167 1771 348 1806 Synaxarium
365 1781 399 1800 ex
418 1773 571 1809 Menolngio
585 1775 665 1810 jussu
682 1774 776 1802 Basilii
792 1775 966 1810 imperatoris
981 1774 1106 1807 collecto,
1126 1773 1206 1808 cujus
1226 1780 1274 1800 sex
1294 1771 1428 1808 postremi
1441 1778 1550 1800 menses
1566 1775 1675 1799 exstant
1690 1778 1752 1798 ma-

132 1815 262 1850 nuscripti
281 1816 306 1842 in
326 1818 491 1844 monasterio
508 1818 614 1854 Crypltr
629 1817 746 1846 Fcrrata:
761 1819 787 1845 in
805 1818 893 1852 Latio,
907 1824 960 1846 etc.

129 1857 246 1885 Joannes
262 1859 427 1894 Ciampinus,
439 1861 465 1887 in
482 1861 549 1887 libra
566 1862 608 1888 cui
627 1862 732 1893 titulus,
750 1862 769 1889 11
784 1862 912 1890 Giornale
927 1863 970 1890 de‘
987 1861 1130 1894 Letterati,
1149 1861 1220 1888 edito
1231 1860 1320 1888 Roma:
1338 1868 1407 1887 anno
1423 1860 1499 1892 1676,
1512 1861 1540 1886 in
1554 1860 1638 1895 primo
1662 1857 1754 1895 Μαι-ἕο

167 1895 263 1932 mensis
273 1896 378 1932 Aprilis
392 1896 509 1930 ejusdtntt
530 1897 676 1932 anni,cum
691 1899 755 1924 Acta
764 1903 916 1924 sanctorum
929 1898 1029 1932 Aprilis
1050 1897 1158 1932 collecta
1175 1901 1199 1923 et
1219 1896 1357 1932 illustrnta
1372 1903 1401 1932 a7
1411 1894 1559 1932 Gotlefrido'
1577 1894 1754 1926 Hense/lenio,

166 1933 190 1955 et
209 1929 318 1956 Daniele
327 1929 506 1964 Papebrocltio
522 1931 582 1959 Sac.
594 1931 658 1959 Jesu
672 1933 818 1965 retulisset,
831 1933 862 1960 de
878 1929 1031 1960 ercbrum
1047 1931 1196 1966 Menalogio
1208 1932 1263 1958 Iuro
1278 1931 1412 1965 subjungt't
1423 1929 1489 1965 pag.
1501 1931 1517 1958 8
1531 1940 1538 1958 :

168 1973 208 2000 Ma
224 1981 306 2008 sopra
322 1978 403 2006 tutto,
418 1983 433 2002 a
446 1979 544 2010 questo
559 1977 698 2011 proposito
713 1984 766 2004 non
782 1977 798 2004 ὸ
820 1977 853 2004 da
870 1976 968 2005 tacersi
990 1983 1067 2003 come
1084 1976 1109 2002 in
1125 1975 1214 2010 quest‘
1234 1982 1317 2010 opera
1350 1974 1372 2001 si
1392 1979 1519 2009 rapporta
1545 1982 1592 2008 per
1618 1978 1757 2002 extensum

132 2016 286 2051 l'originale
299 2016 386 2044 Greco
401 2018 443 2045 del
460 2026 534 2046 mese
543 2019 570 2046 di
586 2020 678 2053 Aprile
692 2020 720 2046 di
740 2028 777 2046 un
794 2020 983 2048 antichissimo
996 2019 1148 2053 Menologio
1166 2023 1273 2045 trovato
1290 2018 1333 2045 ncl
1349 2018 1517 2045 monasterio
1532 2017 1559 2045 di
1575 2018 1670 2045 Grotta
1685 2017 1753 2044 Fer-

133 2064 202 2087 rata.
216 2059 348 2087 Contiene
362 2067 460 2095 questo
474 2061 481 2087 i
498 2061 574 2088 Santi
592 2062 618 2088 di
628 2063 678 2089 soli
689 2062 727 2089 sei
739 2063 819 2094 mesi,
833 2062 1024 2090 cominciando
1036 2062 1069 2089 da
1080 2061 1169 2096 Mat-ao
1179 2061 1233 2088 tino
1251 2069 1267 2089 a
1280 2065 1350 2088 tutto
1363 2062 1490 2096 Agosto;
1505 2068 1547 2087 ma
1567 2061 1591 2087 la
1607 2068 1755 2088 tnancanla

133 2105 202 2139 dugl‘
220 2105 281 2131 altri
301 2105 339 2131 sei
356 2113 409 2132 non
427 2105 518 2140 toglie,
534 2105 596 2132 anzi
611 2113 737 2133 accresce
747 2106 765 2133 il
782 2107 892 2141 preggio
914 2106 957 2133 del
972 2114 1037 2138 ms.,
1054 2106 1149 2140 poiche
1170 2105 1241 2132 uella
1258 2104 1386 2132 Vaticana
1407 2105 1429 2132 si
1447 2112 1618 2132 conservatio
1632 2112 1647 2132 a
1672 2109 1758 2139 punto

134 2149 223 2183 quegl‘
238 2149 299 2176 altri
315 2149 352 2176 sei
371 2149 449 2181 mesi,
467 2150 517 2176 che
531 2157 664 2177 mancano
680 2158 728 2184 per
753 2151 868 2177 rendere
898 2150 989 2177 l‘anno
1009 2149 1119 2182 intiero,
1148 2149 1207 2176 fatti
1238 2149 1357 2176 scrivere
1382 2148 1444 2175 dall’
1461 2148 1632 2182 imperadore
1655 2147 1757 2175 Basilio

134 2192 330 2228 Poriirogenito
345 2193 469 2226 iuniore,
488 2200 502 2220 e
515 2194 645 2221 traslatati
661 2194 705 2220 dat
721 2193 807 2221 Greco
822 2193 856 2220 da
874 2193 964 2221 Pietro
981 2193 1112 2221 Arcudio.
1131 2193 1189 2221 Non
1209 2193 1232 2221 si
1253 2200 1300 2220 era
1309 2193 1335 2219 di
1354 2197 1424 2220 tutta
1445 2197 1542 2228 questa
1556 2200 1655 2225 ,nnova
1677 2197 1754 2226 parte

140 2239 238 2265 t-avuto
255 2245 302 2271 per
315 2238 457 2265 l'addietro
473 2239 577 2265 notizia
596 2245 697 2265 veruna
714 2247 721 2265 :
736 2238 805 2265 onde
817 2238 972 2273 Monsignor
988 2237 1079 2264 Leone
1098 2237 1204 2264 Allazio
1219 2238 1243 2265 la
1262 2237 1343 2265 crede
1360 2237 1402 2264 del
1419 2242 1488 2264 tutto
1510 2238 1647 2269 smarrita,
1667 2245 1682 2265 e
1698 2236 1756 2265 l‘U-

135 2281 227 2315 girl-lli,
245 2281 287 2308 nel
307 2281 360 2308 line
386 2281 429 2309 del
450 2287 522 2309 sesto
543 2285 618 2309 tomo
635 2281 697 2308 dell‘
713 2281 791 2309 italia
816 2281 911 2313 Sacra,
925 2289 976 2309 ove
995 2285 1122 2316 rapporta
1136 2281 1160 2308 la
1177 2281 1339 2308 traduzione
1349 2280 1412 2308 delli
1433 2281 1471 2308 sei
1490 2282 1557 2309 mesi
1573 2281 1616 2308 del
1637 2280 1757 2308 11011010-

135 2325 179 2358 gio
197 2324 340 2356 Vaticano,
354 2326 375 2352 si
391 2325 471 2352 duole
484 2325 564 2353 ancb'
577 2333 638 2353 esse
649 2325 719 2352 dello
739 2326 932 2353 smarrimento
947 2325 974 2352 di
988 2325 1012 2352 si
1025 2325 1095 2352 bella
1112 2325 1255 2352 memoria.
1281 2324 1364 2353 Molle
1378 2325 1470 2360 percio
1485 2325 1508 2352 si
1523 2325 1591 2352 dere
1613 2325 1638 2351 al
1656 2325 1757 2359 Signo:-

135 2369 267 2396 canonico
286 2369 364 2396 Gtov.
374 2368 529 2397 ancesco
538 2370 638 2396 ALBANI
649 2390 656 2401 ,
672 2368 770 2403 poiche
800 2370 851 2404 egli
877 2368 1003 2396 trasmise
1020 2368 1072 2404 agl‘
1086 2369 1175 2396 autori
1189 2369 1214 2396 la
1244 2369 1395 2397 tralazione
1410 2369 1507 2396 Latina
1522 2369 1548 2397 di
1564 2368 1653 2404 quest'
1663 2368 1758 2396 ultimo

136 2417 189 2436 ms.
207 2414 233 2437 et
246 2415 343 2439 attesta
363 2419 454 2440 essere
466 2412 493 2439 in
506 2416 575 2440 tutto
590 2411 772 2446 somialiantc,
786 2413 983 2447 nelcarattere,
1004 2413 1075 2441 nella
1095 2413 1182 2441 forma
1195 2421 1210 2441 e
1223 2413 1293 2441 nella
1310 2413 1392 2448 irase,
1403 2414 1428 2441 al
1440 2414 1580 2441 Vaticano.

136 2523 224 2554 Petri
244 2523 369 2554 Possint'
385 2533 399 2553 ο
415 2524 486 2555 Sac.
501 2525 576 2556 Jesu
595 2525 743 2566 Epistala
761 2526 892 2596 ᾕρεοΞέ

801 2575 828 2596 te

1115 2529 1321 2559 anciscum
1336 2528 1502 2563 Albanum,
1522 2527 1639 2566 scripta
1655 2527 1757 2558 Roma

801 2575 828 2596 te
850 2575 887 2596 20
916 2575 987 2598 .UCC.
1011 2575 1096 2598 1001.

137 2622 260 2664 Εὑγρνεῖ
275 2625 321 2664 κη)
332 2626 508 2664 (ηιλρμρύσῳ
516 2627 659 2664 μξιρακίῳ
679 2626 802 2664 Ἰωᾴγνῃ
822 2629 893 2664 νΦραι

1001 2628 1071 2657 ’0ὸίΙί
1086 2638 1117 2656 ac
1127 2630 1245 2656 studioso
1257 2629 1451 2664 adolescentulo
1477 2627 1584 2664 Jommi_
1613 2627 1757 2664 francisce

172 2660 322 2698 ᾳίσκῳ-τῷ
347 2660 498 2698 ’.ιξλᾷἁνῳζ
508 2661 619 2694 Πέτρος
645 2660 800 2698 Ποσσῐῂοςέ
814 2660 853 2698 ex
866 2660 920 2696 τῆς

1036 2665 1148 2698 Albano,
1165 2665 1261 2692 Petrus
1279 2665 1404 2692 Pessinus
1417 2663 1478 2690 Sec.
1490 2662 1555 2690 Iesu
1565 2662 1594 2690 S.
1611 2663 1644 2690 P.
1659 2663 1692 2690 υ.

172 2694 315 2728 ἑταιρείας
329 2695 382 2722 τοῦ
406 2696 512 2729 Ἰησοῦ,
525 2698 639 2731 χαιξρειν
659 2697 707 2724 καὶ
721 2695 755 2724 εὖ
770 2694 919 2731 πράττειῆ

171 2751 309 2786 (θαυμάζω
338 2759 367 2777 σε
391 2751 439 2786 τῆς
465 2753 579 2785 εὐφυΐας
603 2753 650 2779 καὶ
676 2752 852 2787 φιλοπονίας,
879 2751 922 2786 αἷς

1010 2755 1138 2782 Admiror
1149 2755 1284 2790 egregiam
1303 2754 1419 2782 indolem
1439 2763 1471 2782 ac
1485 2754 1636 2786 solertiam.
1659 2762 1712 2789 qua
1729 2753 1758 2782 in

137 2796 293 2831 ὲτκείμενθς
311 2798 350 2827 εκ,
362 2796 476 2833 μελέτην
493 2798 542 2833 τῆς
559 2798 717 2833 Ἑλληνικῆς
733 2799 868 2834 γλώσσης,
886 2809 893 2826 ε

1013 2808 1077 2828 mea:
1109 2801 1207 2836 lingua:
1234 2800 1353 2828 studium
1386 2801 1546 2829 incumbens
1580 2809 1666 2835 usque
1691 2800 1769 2827 adeo.

137 2843 212 2868 τόσαι]
241 2842 424 2878 προὸἐόηκας,
439 2843 507 2870 ὥστε
528 2845 557 2871 οὐ
570 2844 696 2881 καθαρῶς
714 2846 757 2871 καὶ
777 2845 893 2881 ἀμέμπτμ

1006 2846 1126 2880 "eiecisti,
1144 2851 1172 2874 ut
1187 2854 1239 2874 non
1253 2847 1340 2875 εις-111111
1353 2854 1418 2882 pure
1430 2847 1631 2882 eutcndatequo.
1649 2845 1695 2872 scd
1705 2844 1762 2871 elc-
