1915 3073
191 107 220 140 ιι
742 107 791 137 DE
812 105 1015 137 BASILIANO
1035 106 1255 136 MEV'OLOGIO
1785 107 1818 140 12

190 169 243 204 ptis
253 168 310 195 suis
326 167 449 203 exposita
461 167 562 196 codicis
577 167 699 199 raritate,
713 167 887 194 curiosorum
905 165 1074 193 desiderium
1087 165 1174 196 auxit;
1191 169 1218 192 et
1229 164 1339 192 Arcudii
1357 164 1545 200 interpretatio
1560 164 1632 192 haud
1649 165 1716 193 satis
1736 174 1819 194 accu-

187 218 258 245 rata,
268 212 352 239 Graeci
365 217 454 240 textus
469 212 660 239 necessitatem
673 211 824 238 lectoribus
838 210 973 243 ostendit;
984 210 1009 237 in
1023 209 1103 243 hujus
1113 209 1261 244 praasertitn
1283 209 1370 236 aetatis
1384 214 1411 235 et
1424 209 1525 236 criticze
1540 209 1607 236 artis
1620 209 1690 241 luce,
1702 217 1763 243 qua?
1784 218 1817 237 ex

188 255 458 290 interpretationibus
472 255 504 282 ad
519 255 705 282 consulendos
721 259 810 282 textus
822 254 908 289 magis
918 254 1086 282 accenditur.
1105 253 1198 287 Itaque
1229 253 1377 280 cardinalis
1403 251 1504 288 Joscph
1532 253 1620 279 Maria
1638 251 1818 285 Thomasius,

187 307 294 326 morum
307 298 450 326 sanctitate
462 303 489 325 et
503 306 580 326 sacra
597 299 748 326 eruditione
763 298 966 329 celeberrimus.
981 306 1042 325 cum
1055 298 1115 332 ejus
1141 298 1263 325 tltesattri
1282 298 1400 332 pretium
1421 297 1524 332 optime
1537 301 1642 329 nosset,
1653 304 1735 324 curas
1753 305 1819 324 suas

189 345 222 370 ad
251 344 326 371 illum
356 343 525 378 vulgandum
550 343 692 370 contulit:
715 343 787 378 quod
816 343 935 370 assiduis
962 343 1033 370 votis
1065 336 1217 377 optaverat;
1247 342 1423 376 fecissetque,
1451 341 1502 368 nisi
1531 341 1620 368 virum
1637 341 1768 368 eximium
1790 341 1817 367 in

186 386 347 413 clericorum
364 385 533 420 regularium
548 385 643 412 ordine
658 389 723 413 tunc
738 389 874 419 agentem,
886 385 1026 412 voluntate
1054 386 1234 420 institut0que
1257 393 1414 421 pauperem,
1439 386 1629 420 impensarum
1657 385 1817 420 magnitudo

186 430 376 456 deterruisset.
391 429 500 456 Codicis
514 428 586 456 enim
603 429 761 464 dignitatem
773 436 855 463 supra
871 434 984 456 caeteras
1001 429 1095 456 laudes
1109 430 1301 457 commendant
1313 429 1522 464 quadringentae
1538 437 1569 457 ac
1585 430 1695 464 triginta
1716 429 1814 463 imagi-

186 481 235 501 nes
250 473 283 500 ab
303 473 457 500 illustribus
473 472 667 500 Basilianiatt'i
700 473 850 500 artiﬁcibus
875 473 960 500 minio
990 472 1114 508 depicta,
1140 481 1201 508 qua:
1232 478 1388 501 sanctorum
1417 478 1579 508 martyrum,
1615 472 1816 503 confessOrum.

189 517 380 550 sacerdotum,
400 517 607 549 monachorum,
621 517 769 551 virginum,
803 517 961 549 mulierum,
990 521 1135 549 tortorum,
1158 523 1348 553 tyrannorum,
1362 518 1496 552 judicum,
1508 523 1609 550 vestes,
1625 525 1712 549 arma,
1726 519 1816 548 sedes.

187 564 324 594 ornatus;
345 568 452 588 necnon
476 560 586 593 mdium,
605 560 779 595 templorum,
805 560 994 591 tribunalium,
1017 565 1194 593 structuram,
1224 561 1351 594 formam,
1374 566 1546 596 apparatum,
1567 561 1815 596 oculis_exhibent:

188 604 289 639 quibus
303 612 357 631 tere
375 603 527 631 incidendis
545 609 572 632 et
583 604 750 639 excipiendis
767 612 820 631 non
835 605 942 631 modica
959 604 1001 632 vis
1016 605 1075 631 auri
1092 605 1188 632 fuisset
1202 605 1393 640 impendenda.

225 648 276 675 Sed
293 648 426 675 Clementi
456 647 501 679 XI,
516 648 638 683 pontiﬁci
651 648 781 680 maximo,
800 648 856 676 haec
872 648 931 676 laus
960 648 1162 680 reservabatur,
1179 653 1209 675 ut
1231 649 1367 683 publicam
1385 656 1441 676 rem
1471 648 1583 681 faceret,
1604 656 1665 683 qua!
1683 648 1816 676 hactenus

190 699 349 727 magnorum
379 693 533 727 principum
569 692 678 720 fuerant
708 693 827 727 pretiosa
842 692 971 720 cimelia:
1001 693 1081 726 cujus
1113 692 1284 728 providentia
1316 693 1438 720 codicem
1463 700 1560 728 quovrs
1579 700 1647 720 auro
1663 693 1813 724 cariorem.

189 739 325 763 vetustate
341 740 432 762 tamen
447 736 504 771 jant
531 735 754 768 fatiscentem,et
769 736 880 770 picturis
906 743 990 770 prope
1024 735 1191 770 fugientibus
1220 737 1444 769 obsolescentent,
1463 737 1489 764 in
1517 737 1661 771 pristinum
1688 742 1814 764 ornatum

188 780 334 812 restituit;
355 779 434 814 cujus
451 780 606 815 sumptibus
632 780 729 807 tabulae
759 787 854 807 omnes
881 784 998 814 excepta:
1016 779 1142 811 fuissettt,
1164 780 1214 808 nisi
1244 789 1318 809 mors
1338 781 1548 808 intercessisset.
1577 781 1709 808 lncltoato
1738 782 1814 815 operi

190 830 345 857 supremam
359 830 470 850 manum
487 824 643 858 imposuere.
667 823 789 858 ejusdem
818 831 990 851 successores
1012 822 1196 856 Innocentius,
1218 829 1245 852 et
1259 824 1420 852 Benedictus
1441 824 1510 858 XIII,
1538 833 1655 859 quorum
1682 825 1727 852 ille
1749 826 1813 852 dum

188 866 351 901 prmclarum
369 867 540 902 antiquitatis
554 867 751 894 monimentum
763 867 947 894 munificentia
963 874 1011 893 sua
1039 868 1238 902 complectitur,
1251 868 1278 895 in
1294 868 1363 896 vivis
1379 876 1439 896 esse
1455 868 1546 899 desiit;
1563 869 1607 896 hic
1621 876 1674 896 uon
1707 869 1814 896 tabulas

189 909 270 937 tnodo
303 909 426 945 pet-fecit,
457 909 504 938 sed
530 910 748 946 elegantissimos
790 911 873 939 etiam
911 910 1022 940 Graecos
1062 916 1139 948 typos
1174 913 1208 941 ad
1251 913 1451 948 procurandum
1487 913 1635 941 editionem
1667 913 1814 941 liberaliter

190 954 331 989 suppedita
337 954 384 982 vit.

225 1008 292 1036 Illud
304 1013 393 1037 tamen
407 1013 558 1044 supererat,
572 1014 602 1037 ut
615 1010 722 1046 jactura
739 1010 851 1039 alterius
870 1011 966 1046 partis,
982 1018 1042 1046 quae
1058 1012 1114 1046 jam
1131 1012 1196 1040 olim
1209 1013 1308 1041 misere
1324 1013 1471 1046 intercidit,
1487 1013 1520 1041 ad
1537 1013 1717 1049 integritatem
1736 1019 1814 1048 opta-

191 1054 290 1081 tissimi
306 1053 396 1088 operis
413 1059 552 1089 utcunque
567 1055 756 1087 resarciretur;
771 1059 798 1081 et
811 1055 924 1089 adjectis
935 1062 969 1081 ex
983 1055 1076 1090 aliquo
1088 1064 1142 1083 non
1156 1056 1294 1085 inferioris
1309 1058 1358 1084 :evi
1377 1058 1564 1092 manuscripto
1578 1057 1671 1084 codice
1686 1066 1730 1084 sex
1748 1065 1813 1092 pos-

187 1097 336 1125 tcrioribus
353 1098 505 1130 mensibus,
524 1103 682 1126 sanctorum
693 1099 715 1126 si
732 1099 822 1126 minus
846 1098 963 1131 tabulas.
978 1097 1056 1126 Vitas
1081 1100 1176 1128 saltem
1211 1109 1257 1136 per
1282 1101 1416 1136 integrum
1442 1102 1506 1129 antti
1529 1101 1660 1128 circulum
1681 1102 1812 1135 digestas,

187 1141 400 1177 absolutumque
414 1141 558 1177 Menoiogii
574 1150 673 1177 corpus
689 1143 844 1178 acciperent
863 1150 1004 1170 sacrarum
1018 1151 1108 1170 rerutn
1127 1144 1252 1171 studiosi.
1268 1145 1325 1172 lloc
1338 1150 1428 1172 autem
1452 1145 1605 1172 subsidium
1633 1152 1648 1172 a
1662 1145 1811 1171 domestica

190 1186 273 1213 ctiam
289 1187 438 1214 Clementis
455 1186 489 1213 XI
505 1187 754 1222 manuscriptorum
768 1186 942 1221 bibliotheca,
961 1187 1116 1215 lectissimis
1143 1188 1265 1216 omnium
1283 1189 1439 1223 linguarum
1463 1189 1638 1215 monimentis
1654 1189 1813 1222 locupletis-

194 1231 274 1264 sima,
302 1231 357 1258 itno
383 1238 448 1258 vero
474 1230 508 1258 ab
533 1230 600 1265 ipsis
617 1231 690 1258 illius
709 1231 829 1264 schedis,
842 1236 950 1266 atquca
965 1231 1061 1266 primis
1073 1231 1140 1259 adeo
1156 1232 1215 1266 ejus
1241 1233 1362 1267 pueritia:
1387 1232 1629 1259 exercitationibus
1653 1231 1813 1265 impetravi-

189 1282 262 1302 mus.
279 1273 305 1302 Is
316 1274 388 1302 cuitu
404 1275 449 1301 vix
465 1282 565 1301 annum
583 1274 671 1302 aetatis
683 1274 819 1302 decimum
835 1275 980 1310 septimum
1003 1282 1140 1310 egressus,
1166 1283 1199 1302 ex
1217 1276 1329 1302 vetustis
1355 1275 1495 1302 codicibus
1527 1276 1684 1302 monasterii
1704 1274 1812 1310 Crypta

191 1318 311 1346 Ferrataa
325 1318 439 1346 alteram
455 1318 529 1345 illam
544 1317 673 1345 Basiliani
688 1317 834 1353 Menologii
846 1323 960 1353 partem,
989 1326 1070 1354 quam
1088 1320 1202 1354 periisse
1232 1319 1345 1346 litterati
1361 1320 1411 1346 viri
1434 1319 1572 1352 dolebant,
1586 1327 1601 1346 a
1618 1327 1647 1346 se
1661 1319 1810 1351 inventam,

190 1370 239 1390 sua
256 1370 337 1389 rnanu
354 1361 447 1390 Graeco
459 1362 655 1397 descripserat,
669 1367 697 1389 et
707 1362 916 1390 accuratissima
946 1363 1171 1398 interpretatione
1196 1361 1319 1390 Latinam
1344 1362 1462 1390 fecerat:
1492 1371 1574 1398 quant
1600 1363 1651 1389 ctsi
1681 1363 1811 1390 modestia

189 1407 248 1441 ejus
263 1407 344 1441 plane
354 1406 502 1441 singularis
514 1406 650 1434 diuturttis
674 1406 794 1434 tenebris
821 1407 968 1442 oppressit,
984 1407 1105 1442 .publica
1133 1412 1223 1434 tatnen
1252 1407 1354 1434 utilitas
1386 1407 1488 1434 diutius
1513 1408 1597 1434 latere
1615 1414 1668 1434 non
1698 1406 1810 1441 patitur.

190 1450 285 1477 Mutilo
296 1450 378 1485 igitur
389 1450 463 1485 operi
481 1457 639 1478 semestrem
655 1451 769 1478 alteram
789 1456 892 1486 partem
904 1451 976 1478 illius
991 1451 1129 1486 diligentia
1145 1455 1332 1478 conservatam
1349 1450 1498 1486 Latineque
1524 1451 1656 1478 redditam
1683 1450 1811 1484 adjungi-

188 1503 262 1528 mus;
281 1499 310 1522 ιιι
325 1495 423 1529 partim
440 1495 474 1521 ab
491 1495 600 1521 ittteritu
617 1500 750 1530 ereptum,
761 1495 859 1530 partim
871 1503 886 1523 e
898 1495 1017 1524 tenebris
1045 1499 1166 1528 erutum,
1193 1495 1291 1530 partim
1325 1494 1471 1522 Latinitate
1492 1494 1634 1526 donatum,
1665 1494 1810 1521 immortali

186 1540 250 1575 ejus
264 1539 367 1567 nomini
381 1539 526 1575 posteritas
539 1544 678 1574 acceptum
694 1539 803 1567 referat.

225 1597 394 1626 Bollandiani
409 1597 477 1624 socii
488 1597 601 1625 eruditis
617 1597 683 1624 tanti
697 1597 878 1625 adolescentis
895 1596 1035 1624 laboribus
1063 1595 1166 1630 aliquot
1193 1594 1362 1622 collectionis
1379 1601 1436 1621 suae
1461 1600 1570 1620 menses
1598 1592 1809 1627 locupletarunt.

184 1642 283 1671 Graeca
297 1646 454 1669 sanctorum
468 1645 544 1676 gesta
562 1641 595 1668 ad
606 1640 708 1668 calcem
725 1639 825 1674 Martii,
838 1641 949 1676 Aprilis,
961 1640 1023 1667 Maii
1037 1644 1063 1668 et
1074 1639 1149 1670 Julii.
1161 1646 1193 1666 ex
1207 1637 1412 1666 commentariis
1428 1637 1541 1663 Albanis
1557 1636 1726 1670 adjicientes.
1753 1635 1809 1664 Etsi

190 1691 278 1713 autent
296 1685 406 1712 Latinas
422 1684 579 1712 eorutndeut
599 1685 745 1716 mensium,
762 1685 843 1712 sitnul
859 1689 886 1712 et
907 1683 980 1711 Junii
1003 1689 1085 1718 atque
1111 1683 1238 1717 Augusti,
1274 1681 1513 1716 interpretationes
1537 1680 1607 1707 idetn
1633 1679 1759 1707 Clt‘nlCIIS
1774 1679 1809 1706 ΧΙ

191 1729 318 1761 confecit;
333 1729 359 1756 in
375 1728 460 1763 ipsius
479 1733 568 1755 tamen
583 1728 702 1760 schedis,
729 1736 788 1765 qum
804 1733 962 1762 supersunt,
979 1729 1080 1763 Aprilis
1092 1733 1194 1755 tantum
1210 1727 1334 1754 etMaius
1348 1726 1455 1760 integri;
1480 1724 1568 1752 Martii
1581 1726 1686 1760 priores
1703 1725 1809 1760 viginti;

189 1773 264 1802 Junii
289 1781 319 1800 ac
332 1772 511 1808 Juliialiquot
524 1772 582 1800 dies
602 1772 697 1800 Latine
710 1772 794 1806 versi,
812 1773 975 1807 propriaque
989 1772 1049 1807 ejus
1059 1779 1141 1798 manu
1159 1771 1263 1798 exarati
1299 1770 1506 1804 conspiciuntur
1521 1777 1528 1795 :
1553 1769 1648 1803 reliqui
1677 1775 1809 1803 quorsum

191 1818 334 1849 cesserint,
362 1824 451 1851 quove
471 1816 525 1843 I'ato
547 1822 593 1843 aut
606 1816 765 1843 delitcseant
789 1821 839 1843 aut
853 1816 1017 1847 ittterierint,
1034 1816 1242 1850 incompertum.
1261 1813 1385 1841 Monachi
1411 1813 1539 1840 Basiliani
1565 1812 1673 1847 Cryptze
1691 1812 1810 1839 Ferrata:

190 1863 342 1897 Augustum
358 1868 490 1893 mensem,
505 1860 548 1894 qui
565 1868 598 1886 ex
613 1860 715 1887 Albano
737 1860 892 1894 apographo
918 1859 1064 1891 exciderat,
1084 1860 1186 1894 aliquot
1214 1859 1284 1886 foliis
1310 1858 1445 1891 mutilum,
1471 1865 1503 1885 ex
1518 1858 1612 1884 eodem
1640 1856 1810 1891 autographa

190 1906 296 1937 Graeco,
312 1905 564 1938 recentioribusque
574 1903 734 1939 Menologiis
751 1903 845 1931 Graece
855 1903 1021 1937 supplentcs.
1035 1902 1158 1930 Latinam
1172 1903 1293 1937 ejusdem
1318 1902 1466 1929 versionem
1491 1902 1669 1929 adornarunt.
1689 1900 1810 1928 Caeteros

191 1950 291 1982 Martii,
307 1949 380 1977 Junii
411 1956 442 1976 ac
456 1947 520 1975 Julii
534 1948 591 1976 dies
606 1956 621 1976 e
632 1947 726 1976 (ἐκερο
738 1954 862 1975 sermone
877 1947 988 1973 Latinos
999 1945 1063 1973 fecit
1077 1946 1119 1980 Ρ.)
1136 1946 1231 1974 Petrus
1255 1946 1417 1973 Benedictus
1439 1953 1454 1972 e
1477 1945 1612 1972 Societate
1632 1943 1707 1974 Jcsu,
1726 1943 1810 1978 Syrtis

194 1993 337 2025 Maronita,
361 1992 403 2019 vir
430 1991 547 2024 Latinis,
569 1991 680 2024 Graecis,
704 1991 856 2021 Hebraicis,
884 1989 1013 2024 Syriacis,
1043 1990 1223 2026 Arabicisque
1243 1990 1340 2019 litteris
1370 1989 1585 2020 excultissimus,
1612 1987 1659 2023 qui
1685 1988 1809 2022 ejusdem

189 2038 339 2066 Clementis
358 2036 394 2063 XI
410 2037 499 2071 jussu,
514 2040 664 2071 martyrum
682 2035 763 2063 etiam
788 2033 932 2061 Persarum
962 2033 1103 2062 historiam
1129 2035 1163 2062 ab
1188 2035 1380 2070 antiquissimo
1404 2033 1474 2068 Syro
1493 2033 1626 2067 scriptore
1656 2036 1808 2062 exaratam,

190 2082 362 2116 aliorumque
379 2085 536 2107 sanctorum
549 2087 592 2107 res
606 2085 696 2114 gestas
710 2079 736 2105 in
754 2077 986 2112 priestantissimis
999 2079 1139 2107 codicibus
1173 2078 1292 2113 Syriacis
1323 2078 1486 2112 descriptas,
1505 2083 1574 2110 quos
1593 2076 1663 2102 idem
1686 2074 1806 2108 pontifex

190 2134 221 2153 ex
240 2125 360 2152 Orientis
375 2123 487 2151 latebris
498 2123 623 2156 eductos,
640 2130 692 2150 una
703 2129 764 2149 cum
774 2120 897 2156 pluribus
909 2121 969 2149 aliis
979 2121 1133 2157 linguarum
1145 2122 1319 2150 orientalium
1329 2121 1438 2148 Selectis
1452 2118 1654 2152 manuscriptis,
1671 2118 1697 2143 in
1714 2117 1808 2143 biblio-

190 2170 268 2196 theca
285 2168 415 2195 Vaticana
429 2167 462 2194 ad
477 2174 651 2194 communem
668 2165 811 2192 utilitatem
828 2164 971 2199 dedicavit,
1001 2166 1029 2193 in
1050 2165 1176 2194 Latinum
1196 2171 1352 2194 sermonem
1381 2163 1527 2194 convertit,
1557 2161 1721 2195 easdemque
1740 2160 1808 2195 typis

186 2213 344 2249 propediem
360 2212 478 2239 edendas
491 2215 692 2246 exspectamus.

226 2270 312 2304 Quam
333 2277 398 2298 vero
407 2269 480 2297 Petri
496 2267 608 2296 Arcudii
624 2266 735 2294 nomine
751 2264 882 2301 Ughellus
893 2265 1011 2301 vulgavit
1040 2266 1157 2301 priorem
1186 2268 1346 2293 semestrem
1371 2261 1515 2297 Menologii
1542 2265 1657 2296 partem,
1674 2267 1690 2287 a
1718 2261 1755 2288 cl.
1777 2268 1803 2288 ν.

190 2314 309 2348 les-epho
324 2314 448 2341 Simonio
460 2313 611 2348 Assemanlo
626 2317 729 2338 sacros.
741 2309 863 2337 basilicae
878 2309 1016 2337 Vaticana;
1032 2310 1190 2345 presbytero
1203 2307 1374 2340 beneticiato,
1390 2306 1437 2341 qui
1456 2305 1565 2333 eosdem
1587 2305 1699 2348 codices
1717 2305 1806 2348 orien-

191 2346 294 2385 tales-in
313 2358 476 2385 bibliotheca
499 2346 821 2391 ClementinofVaticana
844 2353 993 2384 recensuit,
1024 2353 1183 2386 castigatam
1211 2356 1336 2384 novaque
1363 2347 1558 2384 propemodum
1586 2346 1807 2391 interpretatione

190 2403 319 2430 donatam
336 2403 463 2430 edimus:
481 2409 494 2428 a
511 2401 605 2428 Graeco
620 2399 694 2426 enim
709 2402 784 2426 textu
796 2405 879 2433 quam
895 2397 1055 2432 longissime
1069 2395 1197 2426 distabat,
1213 2393 1442 2428 quemadmodum
1459 2391 1529 2418 facta
1541 2391 1687 2418 collatione
1703 2390 1806 2425 perspi-

188 2455 272 2474 cuum
289 2447 411 2475 redditur
430 2445 532 2473 :multa
548 2443 682 2479 siquidem
700 2443 734 2470 ab
750 2443 897 2477 interprete
909 2447 1050 2477 perperam
1066 2439 1170 2473 adjecta
1202 2438 1242 2465 vel
1259 2437 1452 2473 praetermissa;
1465 2436 1590 2471 quaedam
1611 2434 1664 2461 alio
1685 2442 1806 2479 prorsus.

189 2499 271 2525 quant
302 2496 391 2518 textus
414 2488 526 2524 patitur,
555 2478 637 2514 sensu
668 2487 803 2521 exposita;
835 2491 963 2520 corrupta
988 2483 1090 2511 alicubi
1127 2487 1283 2509 sanctorum
1309 2481 1391 2508 etiam
1417 2479 1672 2526 llotllill-a-tubiqttﬁ
1699 2478 1806 2526 (Ielllttnt

190 2521 375 2570 paraphrasim
391 2521 580 2569 potius,quam
594 2530 698 2557 ﬁdelem
714 2530 866 2557 Versionem
877 2535 990 2556 cernere
999 2531 1055 2555 est:
1076 2527 1152 2559 adeo,
1162 2525 1344 2561 utgcnuinum
1360 2524 1471 2551 Arcudii
1490 2523 1540 2550 viri
1555 2522 1646 2550 Graece
1662 2521 1805 2554 Latineque

189 2578 341 2606 doctissimi
361 2578 445 2605 fetum
459 2583 530 2607 esse,
543 2574 643 2602 eruditi
659 2573 703 2600 vix
721 2572 874 2604 crederent,
885 2572 936 2598 nisi
950 2570 1080 2607 Ughellus
1100 2571 1125 2598 id
1142 2570 1300 2597 allirmaret.

227 2622 254 2650 In
267 2623 352 2650 altera
368 2619 494 2648 semestri
512 2623 599 2654 parte,
615 2625 708 2653 quam,
720 2622 750 2644 ut
766 2624 848 2651 supra
861 2616 962 2643 dictum
980 2620 1033 2647 est,
1047 2615 1179 2643 Clementi
1195 2613 1230 2640 XI
1246 2613 1386 2644 debemus
1403 2611 1506 2639 avulsis
1518 2610 1554 2637 ob
1570 2607 1807 2654 _co_dicis-y_ctustia’-

190 2648 410 2693 tctn'nonnullis
443 2648 526 2694 foliis,
550 2648 741 2695 dics-aliquot
776 2648 987 2686 tlesiderautur:
1018 2659 1146 2686 nimirum
1180 2657 1253 2684 Junii
1281 2655 1326 2688 lx,
1344 2654 1436 2687 X,X|,
1460 2652 1576 2688 Augusti
1592 2650 1636 2684 tv,
1652 2649 1722 2682 xm,
1739 2648 1807 2681 xw,

190 2709 308 2741 XXVIII,
324 2707 420 2739 XXIX,
440 2705 525 2738 XXX,
537 2704 634 2732 XXXI.
652 2704 704 2732 Eos
715 2712 748 2731 ex
762 2703 873 2730 Menatis
890 2702 1001 2730 excusis
1015 2703 1165 2736 descriptos
1181 2700 1331 2734 Latineque
1348 2706 1442 2726 versos
1458 2697 1614 2741 adjicimus.

226 2739 387 2786 Sanctorum
409 2751 550 2786 imagines,
567 2753 596 2776 ut
610 2750 636 2776 in
653 2748 822 2783 autographo
834 2747 967 2774 Vaticano
987 2745 1201 2780 conspiciuntur,
1216 2744 1256 2770 sic
1273 2743 1304 2769 ad
1317 2744 1408 2768 vivum
1424 2749 1477 2786 tere
1494 2740 1594 2767 incisas
1607 2739 1704 2765 damus
1720 2745 1726 2763 :
1745 2740 1807 2785 sunt

191 2798 263 2824 enim
278 2784 393 2831 pretiosa
412 2784 584 2829 antiquitatis
599 2793 776 2823 monimenta,
798 2793 848 2819 etsi
865 2792 899 2818 ab
909 2797 968 2818 arte
984 2790 1110 2826 pingendi
1124 2787 1247 2814 nonnihil
1263 2786 1405 2813 recodunt.
1423 2785 1561 2831 Pictorum
1578 2787 1668 2831 autem
1686 2787 1807 2831 nnotntna,

193 2850 253 2878 qua:
268 2824 301 2868 ad
317 2839 465 2876 tttargittcm
480 2824 661 2874 'singttlarum
690 2836 837 2871 imaginum
860 2835 886 2862 itt
905 2824 999 2863 eodem
1019 2833 1188 2868 autograpbo
1215 2835 1322 2858 exstant
1349 2831 1405 2857 haec
1427 2833 1509 2856 sunt:
1531 2826 1669 2858 Pantalro,
1693 2824 1799 2852 Sintcutt
