1915 3073
130 149 162 182 13
815 141 1056 172 ΤΕδΤΙΜΟΝΙΑ.
1719 134 1752 163 Η.

132 208 246 237 llic/mel
276 207 459 240 Blarlmrnila,
489 205 626 241 Georgius,
661 204 766 236 Menas,
798 203 904 230 Simeon
942 200 1122 230 Blachernila,
1152 199 1266 226 illic/mel
1295 208 1402 235 part-us,
1444 198 1549 226 Nestor.
1590 197 1690 224 Eadm
1726 206 1775 237 III,

129 254 209 286 hujus
223 252 350 281 editionis
362 251 482 286 margine
492 248 716 285 quadringenties
733 255 764 275 ac
779 247 903 282 trigesies
918 249 1049 280 repetere,
1067 243 1168 270 nullius
1187 251 1274 278 operte
1289 244 1403 277 pretium
1415 243 1553 270 duximus.

164 285 314 330 Menologio
325 294 515 330 prmmittimus
529 292 683 320 testimonia
699 292 818 319 virorum
831 290 976 317 illustrium
992 289 1023 316 de
1035 293 1150 323 utraque
1164 288 1223 322 ejus
1235 292 1310 322 parte
1325 297 1332 315 :
1349 295 1382 314 ex
1393 288 1494 322 quibus
1518 290 1628 314 constat
1651 285 1740 320 primo

129 339 259 367 Basilium
276 329 476 372 imperatorem,
492 337 537 365 cui
554 336 734 370 lllenologium
751 334 891 365 tribuitur.
904 340 959 360 non
975 332 1147 360 Macedonem
1164 338 1234 364 esse,
1252 331 1299 365 qui
1312 338 1383 358 anno
1404 331 1505 358 Christi
1523 330 1575 357 886
1608 329 1751 363 imperium

127 383 247 413 tenebat.
261 387 290 410 ut
311 383 385 410 rard.
405 381 540 409 Baronius
560 379 743 412 existimavit;
771 379 818 406 sed
851 377 1122 412 Porphyrogenitum,
1147 375 1193 410 qui
1206 375 1304 402 steculo
1325 373 1431 409 integro
1451 374 1584 408 posterior
1605 372 1764 400 Macedone

128 427 282 462 luit:quod
310 426 426 454 Allalius
467 430 494 453 ct
524 424 654 460 Ughellus
678 424 876 450 demonstrant.
906 421 1042 452 Secundo,
1066 423 1223 447 semestrem
1251 418 1364 445 alteram
1395 421 1511 452 partem,
1537 417 1616 452 cujus
1645 416 1753 444 initium

127 480 142 499 a
171 461 265 499 mense
287 470 384 498 Martio
395 471 515 501 ducitur.
541 475 679 504 quamque
694 466 862 494 Bollandiani
892 465 960 493 socii
977 465 1003 492 in
1032 463 1199 492 monasterio
1214 462 1320 498 Gryptae
1340 461 1460 490 Ferratre
1489 465 1622 495 repertam
1647 461 1751 492 dicunt,

129 515 260 543 aJoanne
285 515 432 542 Francisco
457 514 563 541 Albano
589 513 622 541 iis
652 511 746 540 Graece
773 510 922 545 Latineque
941 508 1130 537 transmissam
1156 507 1242 534 fuisse
1271 510 1334 534 ante
1362 513 1465 534 annum
1489 504 1590 532 Christi
1611 505 1679 531 1668
1698 512 1753 538 quo

129 566 252 586 mensem
267 558 395 586 Martium
407 565 441 585 ex
455 557 592 585 Basiliano‘
605 554 759 589 Mcnologio
773 553 894 587 edidere,
906 552 1136 589 quemadmodum
1151 550 1272 578 Joannes
1287 549 1446 586 Ciampinus
1463 549 1490 577 in
1507 549 1599 576 Diario
1609 548 1673 576 anni
1687 548 1753 575 lG'iU

130 607 255 630 testatur.

168 646 365 681 Subjungimus
379 645 501 673 Graecam
514 644 588 672 Petri
600 644 704 672 Possini
718 651 733 672 e
751 644 814 672 Soc.
831 643 895 671 Jesu
913 643 946 670 ad
965 641 1091 670 eumdem
1109 640 1243 668 Joannem
1270 639 1444 668 Franciscum
1457 638 1592 665 Albanum
1613 635 1753 670 epistolam

130 679 260 725 scriptam
278 679 322 717 die
333 690 367 717 26
379 689 536 717 Decembris
546 690 610 716 anni
627 689 707 720 1661,
721 696 753 715 cx
774 695 827 722 qua
842 687 931 723 palam
958 688 998 717 lit,
1024 686 1185 721 praclarum
1214 684 1414 712 adolescentem
1442 683 1551 710 ineunte
1570 687 1642 707 anno
1667 679 1755 706 mtalis

131 723 319 761 tertiodecimo
334 734 426 769 (natus
438 733 510 760 enim
530 732 580 759 fuit
603 740 697 759 mense
712 731 785 758 Julio
807 731 871 758 anni
899 730 977 765 1649)
990 730 1015 756 in
1033 730 1133 757 Graeca
1156 729 1256 764 linguae
1283 728 1375 756 studio
1402 734 1489 761 usque
1511 725 1579 753 adeo
1596 723 1754 759 prolecissr,

131 784 224 806 utnon
244 768 416 813 solumpure
429 778 637 811 emendateque,
654 776 702 803 sed
718 775 854 810 eleganter
879 775 960 801 etiam
978 777 1127 808 ornateque
1142 773 1246 800 litteras
1269 780 1299 800 ea
1316 771 1405 806 lingua
1422 768 1606 798 conscriberet

167 822 280 857 Utopus
293 823 320 849 in
334 811 402 849 duas
426 827 517 857 partes
528 821 704 853 divideretur,
729 819 840 848 Grzecus
852 824 940 846 textus
955 818 981 845 in
993 818 1072 845 binas
1089 822 1236 845 semestres
1261 815 1426 843 distributus
1441 813 1582 849 postulare
1602 811 1754 839 videbatur.

131 856 235 894 Verum
248 866 311 900 quia
328 856 445 900 priorem
461 871 563 900 partem
580 864 786 900 quadringentae
806 871 837 891 ac
855 863 964 897 triginta
975 867 1132 890 sanctorum
1166 861 1299 896 imagines
1332 859 1416 894 duplo
1443 857 1574 893 majorem
1603 856 1756 891 posteriore

132 899 263 943 elﬁciunt‘,
288 899 472 945 Menologium
501 909 528 936 in
553 913 609 936 tres
632 908 727 943 partiri
757 914 868 935 necesse
897 906 957 938 fuit,
988 913 1104 941 quarum
1131 912 1194 940 pars
1221 904 1308 939 prima
1340 901 1538 934 Septembrem,
1553 899 1700 927 Octobrem
1722 907 1755 925 ar.

129 952 328 987 Novembrem;
361 954 447 980 altera
471 953 659 985 Decembrem,
680 951 839 979 Januarium
864 955 891 978 cl
912 949 1112 982 Februarium;
1134 949 1212 977 tertia
1238 948 1360 984 reliquos
1382 954 1429 974 sex
1454 945 1520 973 anni
1549 951 1658 972 menses
1681 950 1756 970 con:-

129 997 255 1031 plectitur

165 1040 213 1068 Εἰς
239 1041 340 1074 fruere,
369 1042 458 1069 amice
486 1041 596 1072 Lector;
621 1040 823 1074 cditioncmque
847 1037 1068 1066 eminentissimo
1092 1046 1125 1066 ac
1157 1037 1429 1066 reverendissimimo
1450 1036 1561 1064 domino
1571 1035 1696 1063 Annibali
1712 1036 1754 1062 tit.

129 1085 157 1112 S.
182 1086 328 1112 Clementis
349 1086 506 1120 presbytero
538 1084 669 1112 cardinali
693 1083 798 1110 Albano
817 1081 847 1109 S.
874 1081 907 1109 R.
932 1082 961 1108 Ε.
993 1082 1155 1115 camerario,
1175 1086 1202 1108 et
1226 1081 1344 1108 basilicae
1359 1080 1495 1108 Vaticanis
1508 1079 1755 1114 archipresbyteri».

129 1128 275 1155 Clementis
290 1128 326 1155 Xl
353 1128 443 1155 fratris
459 1129 524 1160 tilio,
540 1129 573 1154 de
585 1127 720 1162 republica
731 1126 860 1153 litteraria
878 1125 980 1160 optime
995 1125 1119 1158 merenti,
1145 1129 1282 1160 acceptam
1298 1123 1408 1156 rcl‘crto,
1421 1123 1501 1158 cujus
1515 1123 1639 1154 consilio,
1655 1123 1755 1155 studio,

128 1172 284 1206 sumptibus
299 1173 325 1199 in
351 1177 427 1199 Itium
442 1171 615 1199 commodum
640 1171 721 1197 (-cdit.

131 1245 1748 1260 W

584 1313 766 1344 VIRORUM
790 1312 1032 1343 ILLUSTRIUM
1060 1308 1308 1342 TESTIMONIA

311 1397 392 1449 DE
430 1394 812 1449 MENOLOGIO
851 1393 1080 1447 BASILll
1119 1393 1576 1447 lMPEBATOBlS.

518 1574 601 1602 στιν-(1.
616 1574 750 1602 Baranius
772 1576 805 1602 ad
824 1584 923 1603 nmium
948 1575 1001 1604 886
1017 1577 1047 1603 de
1059 1576 1162 1603 Basilio
1179 1576 1321 1604 Macedone
1336 1576 1393 1611 imp.

168 1621 209 1647 Ad
223 1620 348 1648 eumdem
364 1619 495 1647 Basilium
517 1628 626 1646 rursum
642 1624 747 1654 spectat
767 1619 813 1656 (ne
829 1620 893 1655 quid
910 1621 1135 1655 prmtcrmittatur
1149 1620 1332 1656 antiquitatis)
1347 1621 1419 1656 quod
1442 1620 1617 1648 scribendum
1637 1627 1756 1654 curarit,

132 1667 162 1692 et
178 1663 331 1698 augendum
348 1663 508 1690 Graecorum
527 1663 711 1698 Menologinm
727 1672 735 1696 ;
758 1664 831 1698 quod
847 1664 929 1691 etiam
947 1664 1091 1691 exornavit
1111 1664 1288 1699 imaginibus,
1308 1665 1408 1698 quibus
1432 1665 1601 1700 singulorum
1618 1665 1756 1700 exprime-

133 1711 229 1735 rentur
245 1708 404 1735 certamina.
425 1707 454 1734 In
465 1707 544 1742 cujus
562 1707 652 1735 l’ronte
677 1708 812 1742 ejusmodi
839 1709 969 1743 scripturn
994 1709 1150 1735 invenimus
1169 1708 1267 1735 iambis
1282 1708 1407 1736 versibus
1424 1709 1591 1744 epigramma
1612 1709 1638 1736 in
1655 1709 1757 1745 scripto

134 1752 228 1780 codice
246 1751 380 1780 Vincentii
398 1752 492 1780 Pinelli
508 1752 619 1780 Patavio
630 1753 663 1779 ad
679 1760 728 1779 nos
742 1752 906 1785 Ferrariam,
923 1761 984 1780 cum
1004 1753 1060 1780 illic
1074 1760 1198 1780 essemus
1214 1760 1275 1779 cum
1292 1752 1430 1787 pontiﬁce,
1447 1753 1542 1781 misso.
1687 1746 1694 1750 1

557 1798 674 1826 Basilius
689 1799 835 1833 imperator
846 1799 923 1833 hujus
933 1799 1049 1826 climatis

559 1834 591 1861 1η
605 1843 668 1868 pace
685 1839 826 1868 prwslans,
844 1840 921 1869 atque
934 1835 1010 1861 rebus
1025 1835 1136 1865 bellicis.

557 1869 579 1896 Ε
599 1869 709 1903 pellibus
722 1875 839 1904 partum,
851 1877 958 1904 sequens
972 1877 1003 1896 ex
1015 1872 1107 1899 ordine

557 1904 688 1931 Pulchra:
704 1905 789 1939 ferens
803 1905 929 1939 imagines
945 1909 971 1931 ut
986 1906 1083 1934 sidera.

170 1949 265 1978 Exstat
290 1949 489 1984 autographum
515 1948 601 1982 ipsius
623 1948 715 1975 Basilii
732 1948 858 1975 volumen
879 1949 1044 1983 imaginibus
1074 1958 1166 1986 magni
1182 1951 1262 1986 pretii
1286 1951 1445 1979 decoratum
1474 1957 1524 1985 per
1546 1950 1605 1978 dies
1622 1950 1755 1985 singulos,

136 1994 316 2029 singulosque
340 1997 462 2024 sanctos,
486 1992 520 2019 de
548 1992 647 2025 quibus
673 1992 776 2018 mentio
791 1991 906 2018 habetur
922 1992 948 2018 in
966 1993 1100 2022 versibus.
1129 1995 1251 2022 \‘idimus
1276 1999 1303 2022 et
1327 1995 1442 2030 legimus
1469 1994 1548 2021 nobis
1562 2001 1722 2024 concessum
1740 2002 1756 2021 a

136 2036 224 2065 Paulo
241 2036 390 2063 Sfondrato
405 2035 513 2063 Sancta:
526 2035 644 2063 Caeciliae
655 2036 800 2067 cardinali,
818 2041 915 2070 nepote
932 2036 1019 2064 felicis
1035 2039 1173 2065 memoriae
1192 2038 1315 2073 Gregorii
1329 2046 1403 2072 papa
1420 2037 1517 2065 decimi
1530 2038 1631 2072 quarti.

428 2089 478 2116 Leo
492 2089 609 2116 Allalius
624 2089 651 2116 in
666 2089 852 2116 dissertatione
865 2090 895 2116 de
909 2089 996 2117 Libri;
1013 2089 1208 2118 Ecclesiasticis
1224 2091 1411 2127 Griecorum,§
1430 2092 1472 2119 12.

173 2147 322 2183 Menologia
343 2153 398 2173 non
421 2145 474 2172 alia
492 2148 556 2172 sunt
581 2144 618 2180 (et
649 2144 702 2172 erit
720 2144 899 2171 duodecimus
915 2143 994 2179 liber)
1016 2152 1099 2179 quam
1113 2153 1174 2180 qua;
1193 2144 1307 2173 Latinus
1324 2145 1517 2182 Martyrologia
1533 2147 1574 2175 vel
1592 2147 1753 2176 Kalendaria

136 2193 246 2225 dixerit,
259 2199 309 2219 nec
328 2190 401 2218 aliud
418 2190 444 2217 in
459 2189 510 2216 illis
525 2189 641 2216 habetur
656 2187 708 2216 nisi
721 2188 762 2215 vel
782 2193 940 2215 sanctorum
951 2188 1013 2216 vitm
1021 2189 1145 2224 quolibet
1158 2189 1202 2217 die
1216 2197 1264 2224 per
1275 2194 1361 2217 totum
1376 2197 1476 2217 annum
1488 2193 1650 2226 summatim
1671 2200 1754 2227 expo-

137 2237 206 2269 sita,
231 2236 271 2263 vel
295 2242 413 2269 quorum
433 2233 493 2260 vita:
516 2240 570 2260 non
592 2232 727 2259 habentur
747 2232 986 2265 commemoratio,
1000 2232 1129 2268 nullaque
1153 2233 1191 2260 ibi
1211 2237 1258 2260 aut
1268 2233 1347 2261 olIicii
1364 2234 1509 2261 ordinandi
1522 2255 1530 2266 ,
1547 2241 1594 2262 aut
1621 2236 1752 2263 recitandi

137 2280 222 2308 series
237 2279 404 2306 continetur.
422 2276 522 2304 Verum
537 2281 578 2304 est
594 2281 683 2303 tamen
699 2275 851 2311 smpissimc
869 2276 1084 2311 Menologiornm
1104 2277 1202 2304 horum
1226 2282 1348 2312 partem,
1368 2285 1485 2312 eamque
1501 2287 1554 2306 non
1570 2279 1710 2306 minimam
1724 2281 1750 2306 in

137 2324 246 2351 Menaeis
260 2323 331 2350 inter
343 2322 470 2349 Canones
484 2324 546 2355 post
556 2319 636 2347 odam
653 2325 756 2347 sextam
773 2327 834 2346 csse
846 2319 989 2354 digestam,
1004 2324 1032 2347 ut
1053 2321 1113 2348 sine
1129 2321 1243 2348 alterius
1257 2321 1319 2348 libri
1334 2329 1396 2357 ope,
1406 2322 1453 2356 qui
1466 2322 1584 2349 officium
1597 2322 1624 2349 in
1636 2324 1752 2350 ecclesia

137 2372 184 2395 aut
199 2367 272 2394 domi
289 2366 397 2398 recitat,
413 2365 512 2392 habeat
527 2364 598 2391 unde
609 2363 831 2392 celebrandarum
850 2369 1005 2392 sanctorum
1024 2365 1180 2393 historiolas
1195 2369 1221 2392 et
1236 2367 1511 2393 commemorationes
1527 2367 1606 2401 legat.
1625 2367 1683 2394 Hoc
1699 2367 1754 2394 Me-

137 2411 274 2444 nologium
295 2409 367 2444 apud
383 2407 493 2435 Gmcos
513 2415 567 2434 non
589 2416 673 2434 unum
690 2413 742 2439 est,
757 2408 803 2435 sed
824 2415 873 2442 pro
889 2408 1093 2443 opportunitate
1120 2409 1251 2443 temporis
1270 2409 1373 2436 variam
1388 2417 1497 2445 quoque
1522 2410 1619 2438 faciem
1641 2411 1729 2438 induit
1746 2421 1753 2438 :

136 2455 210 2483 aliud
223 2455 321 2488 quippe
338 2453 464 2488 estquod
481 2452 558 2479 nobis
573 2451 669 2479 Latine
682 2456 787 2479 tantum
801 2460 832 2479 ex
848 2453 973 2480 versione
985 2452 1133 2480 cardinalis
1145 2452 1247 2484 Sirlcti,
1257 2452 1383 2480 Canisius
1398 2455 1425 2480 in
1438 2454 1567 2489 Antiquis
1583 2454 1757 2484 Lectionibus

137 2497 343 2534 repraesentavit
359 2504 366 2522 :
382 2497 457 2523 aliud
473 2496 547 2531 quod
563 2496 712 2530 separatim
735 2496 800 2523 hinc
820 2496 881 2523 inde
899 2496 1115 2530 manuscriptum
1132 2496 1222 2523 adhuc
1245 2497 1272 2523 in
1285 2496 1469 2530 bibliothecis,
1485 2503 1514 2525 et
1537 2499 1685 2526 Barherina
1704 2508 1752 2534 po-

137 2542 274 2570 tissimum
286 2560 293 2573 ,
310 2539 383 2574 quod
400 2545 428 2566 et
444 2540 665 2574 antiquissimum
681 2544 733 2572 est,
750 2545 920 2567 asservatur:
937 2548 998 2574 qua:
1013 2547 1064 2566 nec
1076 2541 1169 2567 omnia
1189 2540 1240 2567 sibi
1265 2541 1379 2568 invicem
1397 2542 1560 2576 respondent
1574 2550 1581 2568 :
1596 2542 1668 2569 aliud
1682 2545 1753 2578 quod

139 2586 165 2612 in
185 2584 294 2612 Menaeis
316 2583 475 2610 Grecorum
493 2584 624 2610 insertum
643 2588 685 2611 est
702 2593 708 2610 :
723 2584 796 2610 aliud
819 2585 890 2618 quod
907 2589 968 2618 post
982 2584 1089 2612 divinas
1103 2584 1189 2612 Horas
1201 2606 1208 2617 ,
1230 2586 1425 2620 Evangelium,
1439 2586 1612 2621 Apostolum,
1632 2587 1755 2623 aliosque

139 2629 222 2656 libros
237 2629 344 2662 legitur.
362 2626 544 2661 Mcnologium
559 2635 593 2654 ex
611 2626 720 2654 Menaeis
733 2627 889 2655 Graecorum
907 2633 1027 2661 erutum,
1045 2634 1071 2656 et
1093 2628 1120 2655 in
1144 2629 1264 2664 linguam
1283 2630 1438 2657 Grascorum
1453 2631 1626 2658 vernaculam
1644 2639 1753 2660 versum

138 2682 154 2701 a
171 2672 288 2700 Maximo
303 2671 444 2706 Margunio
460 2671 640 2705 Cythcrorum
663 2671 792 2705 episcopo
805 2671 889 2698 edidit
902 2671 1036 2701 Antonius
1053 2673 1174 2701 Pinellus
1194 2673 1313 2702 Venetiis
1328 2682 1400 2702 anno
1415 2674 1493 2707 1529,
1512 2674 1538 2702 in
1547 2675 1594 2703 4⁸.

173 2716 321 2747 Baronius,
343 2723 415 2742 anno
430 2715 538 2742 Domini
554 2715 617 2746 886,
641 2715 723 2742 ret'ert
744 2715 874 2742 Basiliam
893 2715 1069 2744 Macedonem
1095 2717 1286 2752 imperatorem
1301 2719 1458 2746 Cra-corum
1474 2719 1658 2756 Mcnologium
1685 2722 1752 2749 scri-

139 2761 256 2788 bendum
278 2766 391 2787 cuu'asse
404 2763 429 2785 et
443 2758 610 2792 augendum,
625 2763 707 2793 atque
721 2759 804 2785 etiam
827 2759 992 2794 imaginibus
1006 2768 1167 2794 exornasse,
1179 2763 1279 2797 quibus
1293 2762 1464 2797 singulorum
1488 2769 1642 2792 sanctorum
1662 2767 1752 2800 expri-

140 2809 279 2831 merentur
302 2803 453 2830 certamina
472 2811 479 2829 :
497 2802 675 2837 eujusipsmn
695 2803 894 2838 autographum
916 2805 1041 2836 vidimus,
1061 2809 1087 2831 ct
1115 2805 1230 2839 legimus
1248 2813 1410 2834 concessum
1433 2807 1510 2835 nobis
1534 2816 1550 2835 a
1569 2808 1654 2836 Paulo
1671 2810 1748 2836 Sion-

139 2848 217 2876 drato
244 2847 272 2874 S.
298 2846 415 2874 Cat-ilia:
432 2846 576 2878 cardinali,
592 2851 689 2881 nepote
711 2846 834 2881 Gregorii
856 2855 929 2882 papa:
952 2847 1020 2874 XIV.
1048 2848 1227 2884 illi-no'oglnm
1258 2850 1320 2883 hoc,
1333 2857 1400 2878 auro
1420 2852 1589 2887 gemmisque
1608 2853 1754 2888 pfﬂllnsltl.‘
