1915 3073
168 128 208 162 ηιξ
722 127 770 156 DE
790 126 924 156 BASILL

1045 126 1237 157 ENOLOGIO
1768 129 1800 161 16

175 186 415 221 Constantinopoli
443 185 475 213 ad
496 184 664 212 Ludmicum
695 184 825 212 Sl‘ortiam
853 187 919 213 satis
947 185 1075 212 muniﬁce
1100 186 1262 218 advectum,
1301 184 1439 213 Ludovico
1465 186 1519 214 \ita
1547 186 1656 218 functo,
1681 185 1801 214 Joannes

178 230 295 264 Baptista
312 229 449 258 Francisci
471 228 624 262 Sl'ondrati,
642 229 790 257 cardinalis
801 237 910 264 parens,
921 237 1043 264 avusque
1061 229 1161 256 Nicolai
1178 228 1316 256 Sfondrati
1333 230 1479 258 cardinalis
1490 251 1498 263 ,
1521 231 1548 257 iu
1568 230 1682 258 arbitrio
1697 238 1729 258 ac
1750 238 1801 266 po-

177 279 273 302 testate
288 275 393 307 habuit,
409 274 639 309 quemadmodum
656 278 834 301 monumenta
854 274 918 305 alia,
936 274 1117 308 maximaeque
1138 273 1329 301 aestimationis
1350 274 1503 309 scripturas
1520 275 1642 308 ejusdem
1657 273 1800 307 Ludovici,

176 318 246 353 apud
265 325 345 353 quem
365 318 493 353 Baptistae
505 317 657 344 auctoritas
673 317 820 352 plurimum
837 317 966 352 pollebat,
992 322 1022 344 ut
1037 325 1069 344 ex
1085 317 1200 344 diversis
1217 318 1397 350 legationibus
1410 338 1417 349 ,
1437 326 1506 353 quas
1519 318 1563 345 ille
1578 318 1614 345 ob
1640 319 1802 353 gravissima

177 362 281 397 negotia
297 362 368 397 apud
384 369 483 389 omnes
503 361 560 388 fere
574 361 712 396 principes
723 361 904 391 Christianos,
930 361 1119 388 Innocentiqu
1138 370 1236 396 nempe
1249 361 1318 395 \‘lll,
1334 362 1461 389 Carolum
1480 362 1585 395 Galliae,
1599 362 1801 390 Ferdinandum

174 410 201 432 et
211 406 397 433 Elisabetham
410 405 617 440 Hispaniarum,
635 404 838 432 Ferdiuandum
855 405 982 439 Neapolis
1001 410 1027 432 et
1044 406 1144 432 Siciliae
1158 414 1258 440 regem,
1278 411 1304 432 et
1317 406 1426 433 tandem
1443 407 1642 441 rempublicam
1657 405 1800 440 Venetam.

174 450 219 477 ubi
246 454 273 478 et
299 455 416 478 mortem
437 450 516 481 obiit,
537 449 664 484 colligere
685 457 841 484 possumus.
869 449 1045 476 Postmodum
1074 457 1090 476 a
1113 449 1195 476 Paulo
1223 449 1371 476 Sfondrato
1393 450 1527 477 cardinali
1559 451 1631 478 dono
1655 455 1797 486 acceptum

177 494 280 522 Paulus
297 493 319 520 ν
337 494 366 522 in
392 493 585 522 bibliothecam
600 492 759 521 Vaticanum
775 493 887 526 invexit,
910 498 935 521 et
946 493 1056 528 prielixa
1076 493 1257 529 inscriptione
1271 494 1444 529 signiﬁcavit.

214 550 316 577 Paulus
327 549 353 576 ν
367 549 486 584 pontifex
495 550 633 577 maximus
647 550 716 576 hunc
729 549 825 577 librum
837 549 1067 583 Constantinopoli
1087 550 1121 576 ad
1136 549 1299 576 Ludovicum
1315 549 1447 584 Sfortiam
1463 549 1610 577 Mediolani
1627 551 1719 577 ducent
1733 551 1808 578 alla-'

177 599 243 628 tum,
256 593 349 621 deinde
364 598 496 621 servatum
511 593 581 628 apud
596 593 802 628 Sfondratorum
818 594 952 628 familiam
974 602 990 620 α
1003 593 1090 620 Paulo
1105 593 1135 621 S.
1157 593 1274 620 Caecilia:
1287 594 1419 620 cardinali
1434 593 1580 629 Sfondrato
1594 594 1645 621 sibi
1660 595 1729 621 dono
1749 593 1802 621 da-

163 643 242 671 ‘tum,
264 637 488 665 in‘bibliotltecam
503 637 665 665 Vaticanum
676 639 770 673 inferri
786 638 869 673 jussit
889 647 958 666 anno
976 638 1054 669 1615,
1070 637 1242 672 pontiﬁcatus
1260 645 1298 665 ιι.

203 692 293 720 'Liber
307 700 390 720 unam
417 696 522 719 tantunt
541 691 688 727 Menologii
704 696 818 727 partem,
829 693 940 728 quando
956 699 1002 719 se:
1014 696 1118 718 tantum
1136 691 1288 724 mensibus,
1304 691 1474 726 Septembre.
1488 691 1616 724 Octobre,
1633 686 1808 725 Novembre,

168 737 335 769 ‘Dccembre,
351 735 492 769 Januario,
510 740 537 764 et
548 735 698 763 Februario
711 736 874 769 absolvitur,
891 737 1024 764 continet.
1038 736 1131 763 Altera
1148 737 1313 770 quibusnam
1329 737 1419 764 caveis
1432 738 1540 765 addicta
1555 738 1648 770 lateat,
1665 737 1800 765 incertum

176 785 228 814 est,
245 785 273 808 et
283 781 386 808 utinam
403 788 457 807 non
474 787 649 808 communem
665 784 766 808 sortem
779 780 910 808 librorum
923 789 1016 815 passa,
1030 781 1092 816 igne
1106 782 1147 809 vel
1162 781 1244 815 l'erro,
1259 781 1300 808 vel
1315 781 1459 816 impiorum
1476 787 1523 809 aut
1539 782 1692 809 otiosorum
1711 782 1802 809 horni-

177 833 242 852 num
263 824 402 857 manibus,
417 824 616 851 elementorum
629 824 710 851 etiam
731 824 841 858 injuria,
861 824 888 851 in
911 824 971 852 luce
980 833 1041 852 esse
1054 826 1178 853 desierit.
1197 825 1321 860 Scriptus
1343 831 1385 853 est
1401 825 1428 852 in
1442 825 1508 853 folio
1521 826 1617 861 grandi
1636 833 1801 862 pergameno

177 869 278 896 allabre
293 867 436 903 perpolito,
455 866 520 894 licet
535 871 613 894 mtate
625 867 681 902 jam
696 867 766 894 vieta
781 867 980 902 aliquantulmn
997 869 1149 901 sublurido,
1167 869 1254 896 forma
1269 870 1346 904 quasi
1363 870 1507 904 quadrata,
1524 870 1727 897 characteribus
1743 871 1800 897 ele-

178 913 359 948 gantissimis,
377 919 511 947 nusquam
530 919 580 945 pro
595 911 668 938 illius
693 913 840 938 atramenti
857 911 1004 945 facultate,
1024 914 1097 948 quod
1118 914 1225 948 nigrum
1247 921 1301 940 non
1321 914 1410 947 tingit,
1430 914 1641 948 nigricantibus.
1662 914 1800 948 Capitale:

176 965 245 992 quas
261 962 360 984 vocant
372 956 487 988 litteras,
507 962 574 982 auro
590 955 779 987 ell'ormantur,
798 955 968 990 singularum
986 958 1152 992 pagellarum
1181 966 1244 992 pars
1268 959 1396 993 superior
1410 959 1522 985 nomina
1541 963 1700 986 sanctorum
1727 959 1801 985 illius

176 1001 228 1028 diei
259 1004 448 1035 repraesentat,
467 999 581 1027 alterius
604 999 716 1026 dimidia
738 999 838 1034 scripta
852 1001 1014 1034 compendio
1031 1006 1188 1028 sanctorum
1204 1006 1277 1036 gesta
1289 1021 1296 1033 .
1315 1003 1400 1028 altera
1422 1002 1587 1035 imaginibus
1608 1003 1802 1036 coloribusque

178 1053 232 1073 non
248 1045 434 1080 indiligenter,
448 1049 474 1071 et
489 1051 539 1079 pro
558 1051 590 1071 eo
604 1047 726 1078 tempore
740 1044 807 1072 satis
820 1044 967 1079 eleganter,
993 1045 1044 1072 sub
1061 1046 1157 1072 oculos
1180 1045 1268 1080 ponit.
1286 1045 1424 1072 Picturam
1439 1045 1608 1072 recentiores
1624 1045 1801 1071 ntiniutuxam

177 1093 274 1117 vocant
288 1097 296 1115 :
313 1096 402 1123 neque
414 1088 487 1116 enim
503 1088 574 1119 oleo,
593 1088 639 1115 sed
653 1095 723 1122 aqua
737 1089 897 1123 gummique
911 1089 1017 1116 colores
1038 1094 1240 1124 temperantur.
1258 1088 1392 1124 Imagines
1406 1096 1458 1115 non
1475 1089 1509 1115 ab
1522 1096 1575 1114 una
1589 1096 1671 1115 manu
1692 1095 1802 1122 proma-

179 1134 267 1165 nant,’
276 1134 390 1168 ideoque
405 1140 455 1160 nec
470 1132 552 1159 unius
565 1139 661 1159 omnes
679 1132 855 1164 conditionis,
869 1133 916 1160 sed
931 1140 985 1160 una
998 1133 1082 1160 altera
1099 1134 1260 1160 concinnior
1272 1153 1280 1166 ,
1303 1133 1470 1163 accuratior,
1495 1137 1520 1158 et
1540 1132 1574 1158 ad
1591 1138 1675 1158 artem
1694 1140 1803 1159 accom-

178 1178 313 1205 modatior
323 1177 442 1210 excellit,
459 1181 486 1204 et
500 1183 534 1204 ne
548 1176 689 1202 ἀδέσποτοι
706 1176 841 1211 palarent,
859 1177 947 1211 pictor
958 1177 1073 1211 quilibet
1091 1177 1201 1211 imagini
1217 1184 1233 1203 a
1256 1184 1284 1203 se
1305 1176 1419 1209 depictm
1438 1176 1464 1202 in
1483 1175 1605 1210 margine
1623 1176 1684 1202 libri
1702 1183 1802 1202 nomen

177 1223 323 1257 expressit.
350 1221 489 1250 Pictorum
512 1221 623 1248 nomina
653 1225 728 1253 sunt,
749 1220 891 1253 Pantaleo,
908 1219 1022 1247 Michael
1050 1219 1232 1252 Blaclternita,
1253 1219 1391 1254 Georgius,
1415 1219 1535 1251 Simeon,
1559 1219 1674 1246 Michael
1690 1226 1801 1253 parvus,

180 1266 284 1299 Menas,
299 1266 407 1299 Nestor,
420 1265 525 1293 Simeon
539 1264 723 1292 Blaclternita.
744 1264 882 1299 Imagines
894 1264 929 1291 ita
944 1263 1138 1300 disponuntur,
1152 1270 1181 1292 ut
1197 1273 1250 1292 una
1261 1265 1338 1291 alteri
1357 1265 1478 1292 adversm
1494 1272 1546 1291 non
1565 1264 1737 1298 respondeat,
1753 1262 1800 1290 sed

179 1311 276 1342 litteris
288 1315 314 1338 et
331 1315 485 1338 sanctorum
500 1308 589 1336 Vitis:
606 1316 690 1343 quare
707 1316 781 1336 nunc
802 1308 971 1343 superiorem
997 1313 1101 1343 partem
1116 1309 1232 1344 paginae,
1252 1308 1362 1344 quando
1386 1309 1497 1336 alterius
1513 1309 1639 1344 superior
1655 1315 1719 1342 pars
1730 1307 1801 1334 scri-

179 1355 297 1390 ptinnem
314 1354 405 1387 refert,
421 1361 495 1381 nunc
509 1352 679 1384 inferiorem,
695 1352 804 1386 quando
819 1352 934 1379 alterius
948 1351 1062 1380 inferior
1083 1353 1218 1388 descripta
1233 1358 1285 1381 est.

214 1411 329 1446 Quando
340 1412 407 1440 liber
420 1412 538 1446 scriptus
555 1411 601 1443 sit,
616 1410 739 1438 divinare
758 1417 813 1437 non
830 1417 977 1445 possumus
995 1419 1002 1438 :
1019 1410 1119 1438 abhinc
1136 1415 1225 1438 tamen
1242 1417 1315 1438 anno
1348 1409 1402 1437 662
1424 1410 1572 1445 scriptum,
1587 1409 1715 1436 videntur
1730 1407 1802 1435 indie

170 1465 241 1485 reare
253 1458 298 1492 qui
310 1457 382 1492 operi
397 1457 574 1492 prmﬁguntur
589 1455 684 1483 iambi.
699 1454 731 1482 Hi
748 1462 812 1482 vero
828 1460 893 1482 sunt
911 1464 916 1482 :

651 1530 783 1558 Ἐνταῦοα
798 1531 845 1558 νῦν
863 1532 1001 1568 σκόπησον
1018 1533 1105 1569 ὀρθῶς
1119 1533 1133 1559 ὁ
1144 1532 1259 1568 βλέπων,
1275 1537 1326 1560 etc.

773 1586 820 1623 Exi
830 1587 955 1614 versione
970 1587 1081 1615 Joannis
1096 1588 1198 1623 Argoli.

600 1621 747 1657 gonsidera
762 1622 841 1655 probe
858 1622 941 1649 oculis
956 1623 1007 1655 hic,
1021 1631 1035 1650 ο
1046 1624 1091 1656 qui
1105 1621 1212 1657 aspicis,

603 1655 643 1683 Es:
659 1657 733 1682 rebus
749 1657 855 1690 optimis
870 1666 935 1691 opus
955 1663 1022 1685 certe
1032 1655 1165 1692 :0ptimu'm
1178 1678 1185 1690 ,

603 1692 660 1727 Qei,
675 1692 793 1724 inquam,
807 1699 871 1725 opus
885 1693 1091 1727 pulcherrimum
1108 1699 1219 1720 mentem
1236 1693 1360 1725 impetens

610 1725 674 1753 Visu
692 1731 780 1754 creata
793 1725 890 1754 cuncta
901 1728 1033 1755 delectans
1048 1729 1149 1760 merito,

604 1761 637 1798 ζῖι
651 1769 770 1798 namque
781 1770 862 1796 supra
875 1771 920 1790 rex
931 1763 985 1796 poli
999 1764 1097 1790 summi
1113 1764 1213 1798 artifex

601 1795 700 1833 leunt
718 1795 817 1833 choreis
833 1795 1010 1824 condecoruns
1025 1798 1127 1824 clarum
1139 1795 1231 1833 igneis,

605 1831 682 1867 Quod
695 1832 770 1866 pellis
788 1833 873 1858 instar
887 1834 955 1860 vocis
966 1833 1092 1867 explicuit
1109 1831 1183 1864 sono,

608 1866 738 1902 Mundam
754 1867 868 1894 irradiat
887 1866 1006 1902 sapiente
1018 1869 1200 1902 providentia;

604 1901 773 1939 I_nfraque_ut
782 1903 868 1939 ipsum
884 1903 1001 1930 moribus
1015 1903 1154 1937 splendens
1169 1904 1278 1939 paribus

606 1936 696 1964 Terra
714 1937 806 1971 plagas
819 1938 912 1970 totius,
929 1944 952 1964 et
968 1945 1014 1964 rex
1022 1936 1146 1971 purpuras

603 1972 736 2008 gasilius,
745 1972 872 2008 filiusque
883 1972 983 2006 duplici
1001 1978 1093 2008 potens

599 2006 697 2039 Fama,
715 2007 854 2042 triumphis
871 2008 982 2041 scilicet,
1000 2006 1176 2043 sermonibus,
1191 2016 1244 2038 etc.

180 2102 212 2129 Et
221 2101 273 2129 hoc
285 2105 326 2129 est
337 2097 644 2134 Menologium‘Bnronio
658 2097 757 2130 visum,
770 2105 820 2126 nec
834 2098 941 2132 abnuo;
957 2100 1058 2132 studio,
1073 2099 1208 2135 jussuque
1224 2100 1318 2129 Basilii
1336 2102 1509 2136 imperatoris
1525 2100 1704 2135 descriptum,
1719 2107 1803 2128 exor-

171 2150 331 2180 natumque
349 2143 524 2179 imaginibus,
542 2142 593 2170 nisi
610 2142 721 2170 aliunde
734 2143 846 2170 edoctus
858 2142 946 2176 fuero,
965 2151 1020 2170 non
1045 2145 1170 2177 credam,
1187 2146 1416 2180 quemadmodum
1431 2151 1457 2173 et
1475 2145 1606 2172 Basilium
1628 2145 1701 2172 hunc
1715 2145 1805 2171 Mace-

179 2191 277 2218 donem
291 2187 375 2216 fuisse
390 2198 397 2215 :
414 2195 447 2215 ex
461 2187 559 2214 iambis
571 2186 643 2213 enim
658 2186 704 2213 hic
722 2186 840 2214 Basilius
852 2187 933 2222 Porpl

1050 2192 1109 2215 neta
1128 2190 1261 2216 asseritur
1279 2197 1285 2215 :
1304 2189 1372 2222 ἄναξ
1382 2190 1445 2225 ὅλης
1459 2189 1522 2223 γῆς,
1546 2189 1621 2224 ἣλιος
1634 2190 1682 2224 τῆς
1698 2189 1805 2224 πορφύ-

169 2242 231 2270 ιρας
247 2232 398 2264 Βασίλειος,
409 2231 440 2257 τδ
451 2230 563 2265 θρέμμα
577 2230 626 2264 τῆς
641 2229 811 2264 ἁλουργίδος,
831 2229 925 2264 Imperi

1050 2239 1072 2258 te
1088 2233 1224 2264 universca,
1244 2233 1284 2260 sol
1303 2241 1428 2268 purpurcc
1445 2233 1563 2260 Basilius
1583 2234 1752 2260 rtalumnus.
1775 2232 1804 2260 Id

181 2279 215 2305 de
227 2276 373 2304 Macedone
388 2274 441 2302 dici
459 2281 513 2301 non
531 2277 631 2308 potest,
643 2281 706 2300 cum
718 2280 806 2307 neque
820 2273 1078 2309 Porphyrogenncta
1095 2276 1192 2309 fuerit,
1211 2285 1262 2305 nec
1275 2278 1439 2312 imperatore
1456 2283 1532 2313 patre
1551 2282 1633 2304 natus
1649 2277 1699 2309 sit,
1717 2285 1805 2312 neque

180 2322 301 2349 adultus.
320 2320 442 2347 Zonaras
462 2319 489 2345 in
510 2317 692 2346 Constantino
706 2317 791 2348 Duca.
811 2318 866 2353 Τὴν
891 2319 936 2354 ph

1049 2319 1107 2346 είαν
1123 2320 1206 2348 αὑτοῦ
1234 2322 1417 2348 καταλέλοιπε
1433 2322 1521 2357 τρισὶν
1535 2321 1631 2352 υἱέσιν,
1649 2326 1701 2348 etc.
1720 2320 1805 2355 Impe-

171 2366 250 2392 rrium
264 2364 347 2391 tribus
359 2363 423 2398 ﬁliis
454 2362 570 2397 reliquit,
586 2369 697 2396 quorum
718 2362 794 2394 duos,
814 2361 967 2389 Michaelem
988 2368 1012 2390 et
1029 2363 1208 2392 Andronicum
1231 2365 1351 2392 Eudocia
1365 2367 1468 2400 privato
1489 2365 1584 2397 att/mc,
1601 2365 1804 2391 Constantinum

182 2418 240 2436 vero
251 2408 392 2444 ienpcranti
409 2411 555 2442 pepererat,
571 2414 630 2433 cum
644 2412 668 2433 et
683 2406 740 2439 ipsa
750 2407 870 2441 Augusta
882 2407 1015 2441 appellata
1027 2414 1104 2435 esset.
1117 2409 1191 2436 Unde
1204 2410 1245 2436 ltic
1257 2411 1329 2437 solus
1344 2410 1585 2444 Porphyrogenitus
1600 2410 1662 2443 fuit,
1674 2415 1804 2436 acstatun

180 2462 235 2488 γνῶν
249 2453 352 2480 ueteris
365 2451 467 2486 imperii
482 2450 629 2484 insignibus
642 2449 799 2477 adornatus.
812 2449 850 2476 Ex
867 2457 900 2477 eo
913 2459 1009 2487 nempe
1031 2453 1328 2489 Porphyrogeuitorum
1345 2463 1444 2482 nomen
1461 2456 1589 2486 emersit,
1609 2460 1637 2481 ut
1654 2456 1700 2489 qui
1720 2456 1805 2487 impc-

182 2504 257 2527 rante
274 2502 349 2532 patre
365 2500 535 2525 nasceretur,
546 2495 602 2521 sive
616 2494 642 2520 in
657 2493 777 2520 thalamo
798 2493 945 2530 Porphyrae
960 2496 1051 2529 dicto,
1068 2498 1125 2524 sive
1148 2505 1268 2532 purpura
1292 2499 1412 2525 obvoluti
1424 2519 1431 2530 ,
1448 2498 1711 2534 POI'pityrﬂgllllllCltc
1732 2499 1806 2525 dice-

184 2547 288 2570 rentur.
303 2541 476 2569 Herodianus
492 2539 556 2566 hist.
573 2538 621 2564 lib.
640 2546 659 2569 l,
675 2538 708 2564 de
722 2538 871 2566 Commodo
888 2539 940 2566 Mar

1049 2542 1160 2567 :ratoris
1175 2542 1229 2568 lilio
1250 2551 1256 2568 :
1276 2542 1380 2567 Ἔδωκε
1406 2542 1433 2568 δὲ
1458 2542 1516 2576 μετ’
1531 2544 1645 2573 ἐκεῖνον,
1661 2548 1710 2567 etc.
1728 2541 1805 2567 Nunc

182 2595 222 2613 me
237 2590 294 2621 post
314 2585 436 2612 Marcum
459 2587 561 2618 patrem
579 2581 650 2609 vobis
664 2582 772 2616 fortuna
786 2584 932 2617 principatu
951 2584 1025 2611 dedit
1040 2605 1046 2616 ,
1065 2594 1114 2612 non
1138 2586 1244 2620 quidem
1260 2587 1418 2618 ascititium,
1437 2587 1528 2622 quales
1550 2592 1608 2612 ante
1630 2594 1670 2612 me
1690 2587 1805 2621 fttl‘t‘uttl,

182 2640 263 2667 neque
277 2630 358 2658 veluti
373 2629 503 2663 acquisita
517 2628 626 2662 imperio
640 2628 797 2662 gloriantem
808 2648 815 2661 ,
833 2629 928 2663 quippe
946 2637 1016 2655 unus
1036 2637 1082 2662 ego
1095 2629 1166 2655 vobis
1185 2634 1263 2655 natus
1276 2650 1282 2663 ,
1300 2630 1477 2665 educatusque
1495 2631 1522 2656 in
1536 2630 1598 2655 aula
1609 2650 1615 2661 ,
1636 2638 1686 2655 non
1703 2631 1807 2664 quidem

182 2675 293 2709 privatis
310 2673 445 2700 obvolutus
459 2672 550 2706 fasciis
562 2679 571 2698 .'
582 2673 671 2698 statim
681 2679 720 2698 me
733 2676 759 2698 ut
775 2680 807 2699 ea:
825 2672 883 2699 alvo
907 2673 1069 2707 prodierant,
1089 2673 1261 2707 imperatoria
1284 2682 1401 2708 purpura
1414 2674 1543 2707 suscepit,
1565 2674 1693 2707 simulque
1707 2673 1746 2698 strl
1763 2675 1810 2698 Ιιιι-

184 2720 280 2744 minem
296 2725 335 2743 τηε
352 2716 428 2748 uidit,
439 2720 463 2742 et
476 2715 631 2750 principem.
645 2714 677 2742 Et
694 2715 860 2743 Themistius
875 2720 945 2742 orat.
959 2715 985 2744 6.
1003 2716 1037 2742 de
1055 2716 1247 2744 Valentiniano
1264 2718 1386 2744 Gratiani
1397 2718 1568 2751 imperatori;
1583 2718 1665 2744 I'l'n't‘e
1681 2718 1809 2751 :llptbzo;

182 2763 237 2797 γὰρ
253 2762 284 2796 δὴ
296 2761 364 2792 τέως
375 2761 424 2795 τῆς
439 2760 597 2795 εὐδαίμονος
610 2759 697 2791 οἰκίας
714 2759 932 2795 ἐσπαργανώοης

1055 2760 1149 2794 ιργίδι,
1171 2759 1278 2788 Primus
1297 2768 1384 2788 autem
1399 2767 1460 2788 tunc
1480 2762 1585 2795 intlwa
1603 2762 1695 2788 domus
1711 2770 1811 2795 purpu-

184 2807 234 2834 reis
247 2806 385 2833 obvolutus
400 2813 425 2832 rs
445 2805 546 2839 fasciis.
565 2803 668 2831 Dicitur
684 2809 774 2831 tamen
788 2804 820 2831 de
838 2803 937 2831 Basilio
953 2804 1075 2837 iuniore,
1089 2805 1134 2839 qui
1150 2805 1220 2832 circa
1238 2813 1339 2832 annum
1358 2806 1464 2833 Domini
1478 2806 1541 2839 (ΠΤ,
1557 2814 1618 2833 eum
1631 2806 1813 2834 Constantin

185 2851 442 2887 l’orphyrogeuneta
459 2849 601 2883 imperium
616 2849 712 2875 tenuit.
