1915 3073
124 154 157 190 17
812 156 1053 187 ΤΕΞΤῙΜΟΝΙᾹ.
1714 157 1744 187 l8

471 213 658 243 Ferdlnandus
677 214 813 251 Ughellm,
829 215 913 243 Italia:
928 223 1013 244 sacra
1028 221 1090 244 tom.
1104 216 1146 246 Vl.
1161 224 1222 251 pag.
1238 216 1306 245 ισιθ
1317 221 1342 244 ιι
1362 226 1415 252 seq.

162 257 343 292 Menoiogtum
364 257 520 286 Grecorum
545 259 625 295 jussu
649 259 741 287 Basilii
765 258 887 287 Junioris
913 260 979 295 imp.
999 260 1294 294 Constantinopolitani
1309 265 1371 288 ante
1394 267 1496 288 annum
1523 259 1579 287 Sal.
1595 257 1649 287 ρει
1677 265 1745 286 con-

125 302 270 336 scriptum,
285 307 312 330 et
328 302 361 330 ad
379 303 457 330 tidem
478 305 679 331 membranacei
699 304 801 332 codicis
815 304 940 330 Vaticani
964 312 978 331 a
994 304 1075 332 Petro
1092 303 1210 331 Arcadio
1225 303 1388 339 Corcyrensi
1403 304 1436 332 Υ.
1452 304 1482 332 C.
1502 303 1598 332 Latine
1624 310 1750 335 versum.

127 354 199 373 nunc
215 346 332 380 primum
344 347 428 374 edidit
442 346 631 376 Ferdinandus
650 348 779 383 Ughellus
794 349 880 383 (Anno
898 348 996 375 scilicet
1011 348 1103 383 1659).

162 389 243 417 Liber
258 392 309 418 iste
323 390 444 424 Grati-us,
460 392 540 427 cujus
556 393 600 420 hic
613 394 704 420 versio
718 392 813 420 Latina
830 393 956 424 habetur,
971 392 1051 426 jussu
1068 393 1133 420 olim
1154 393 1246 420 Basilii
1263 391 1527 427 Porphyrogcnnctas
1540 391 1662 419 Junioris
1676 391 1743 425 imp.

127 439 189 461 ante
202 436 258 462 fere
270 443 358 462 annos
375 435 428 463 681
454 437 627 471 conscriptus
642 437 703 468 fuit.
721 437 907 472 ipsorumque,
925 443 1043 471 quorum
1058 437 1086 463 in
1103 444 1136 464 eo
1152 436 1248 471 elogiis
1267 436 1452 466 celebrantur,
1468 435 1594 462 divorum
1612 435 1743 469 imagini-

128 478 178 504 bus
193 484 316 511 ornatus,
337 483 496 507 asservatur
516 480 542 506 in
559 479 686 507 Vaticana
707 480 842 514 pontiﬁcis
859 480 972 507 maximi
991 480 1154 507 bibliotheca
1173 489 1179 507 :
1195 480 1230 507 de
1247 487 1303 514 quo
1316 479 1357 506 vir
1375 479 1410 506 cl.
1428 481 1455 505 ct
1470 477 1674 505 eruditissimus
1691 477 1746 506 Leo

127 522 243 550 Allatius
263 523 290 550 in
306 524 415 550 dissert.
429 524 508 558 prim.
529 524 560 550 de
573 524 620 551 lib.
638 524 713 552 Eccl.
730 524 881 551 Gra'corum
901 524 996 551 scribit
1024 524 1050 550 in
1066 523 1123 552 haec
1146 523 1228 551 verba
1244 532 1250 550 :
1269 532 1278 550 ι
1296 521 1476 556 Menologium
1500 521 1563 552 hoc,
1581 528 1648 547 auro
1671 528 1746 555 gem-

128 565 236 600 misque
252 567 409 601 pretiosius,
426 567 662 602 Constantinopoli
683 568 716 596 ad
733 568 901 595 Lndovicum
917 567 1045 595 Siortiam
1062 568 1129 595 satis
1143 566 1272 595 munillce
1290 566 1445 594 advectum.
1466 574 1475 591 ι
1492 564 1596 592 Ctetera
1615 568 1644 591 ut
1665 571 1747 598 supra

126 610 199 644 apud
214 610 342 637 Allatium
359 619 438 646 usque
449 611 483 637 ad
495 612 584 643 finem.
597 611 687 646 Pergit
708 611 833 646 Ugltellus
846 619 854 639 :

165 653 228 682 Haec
239 653 304 681 Leo.
326 654 379 681 Sed
391 655 464 689 quod
482 655 567 689 magis
577 656 666 690 arguit
683 655 864 689 Mcnologium
880 655 932 682 hoc
945 654 1075 689 scriptum
1093 653 1179 681 fuisse
1193 653 1284 682 Basilii
1299 653 1422 681 Junioris
1443 653 1534 688 jussu,
1548 656 1600 684 est.
1619 652 1692 687 quod
1711 652 1748 680 in-

127 704 161 725 eo
178 698 208 724 lit
223 697 325 724 mentio
343 698 376 725 ad
403 698 435 725 17
455 697 568 726 Kalend.
587 698 710 726 Januarii
740 703 839 727 sanctae
859 697 1079 733 Theophanonis.
1099 698 1192 726 uxoris
1209 698 1304 732 prima:
1320 697 1421 726 Leonis
1443 697 1630 732 imperatoris,
1649 696 1750 724 Basilii

128 741 284 770 Macedonis
298 742 356 775 ﬁlii,
370 742 540 776 aliorumque
557 748 727 775 sanctorum,
741 744 787 778 qui
800 744 880 778 longe
892 746 953 778 post
964 741 1095 769 Basilium
1120 741 1293 770 Macedonem
1310 742 1447 769 vixerunt.
1466 741 1600 768 Caeterum
1617 748 1680 768 cum
1697 747 1747 775 pe-

129 793 177 813 nes
193 794 235 814 me
248 791 321 814 esset
336 787 394 821 ipsa
409 787 522 814 Arcudii
539 788 627 815 versio
640 787 792 823 originalis,
804 788 907 822 placuit
926 788 952 814 in
964 785 1077 821 gratiam
1093 793 1185 813 rerum
1197 785 1444 813 ecclesiasticarum
1460 787 1613 812 amatorum
1627 783 1672 810 hic
1685 789 1746 810 eam

128 830 266 858 exhibere.
285 828 326 858 Tu
345 830 466 864 interim.
481 831 596 858 candide
610 831 719 863 Lector,
739 836 815 859 utere
830 835 857 859 et
873 831 944 860 vale.

460 873 630 901 Bollandiani
644 875 710 902 socii
720 875 748 902 in
766 875 843 902 Actis
859 879 1015 903 sanctorum
1029 879 1093 902 tam.
1107 873 1130 900 Ι·
1148 873 1259 907 Martii,
1274 882 1334 909 pag.
1346 873 1409 901 86L

162 917 270 953 lntcgre
283 917 383 946 habere
402 918 561 946 curavimus
586 919 760 954 prreclariora
784 919 838 946 duo
862 918 1032 953 Menologia;
1051 925 1168 954 quorum
1188 926 1271 945 unum
1294 925 1328 945 ex
1354 916 1468 951 collegio
1483 916 1623 944 societatis
1641 919 1747 943 nostra

127 959 341 988 Claromomano
362 960 475 988 Parisiis
490 962 646 996 accepimus
659 966 771 995 mutuo;
786 962 901 989 alterum
916 962 1014 995 partim
1032 969 1065 989 ex
1083 969 1148 990 mss.
1177 961 1334 989 monasterii
1348 961 1456 996 Cryptae
1471 960 1589 987 Ferratie
1605 960 1632 986 in
1648 959 1744 990 Latio:

128 1005 226 1038 partim
241 1011 274 1031 ex
291 1004 465 1032 Bibliotheca:
485 1004 621 1032 Vaticana:
635 1005 730 1033 codice
742 1005 889 1033 transcribi
902 1005 1045 1040 jussimus.
1060 1005 1149 1039 Atque
1166 1005 1218 1032 hoc
1242 1010 1410 1039 postremum
1427 1004 1494 1031 illud
1506 1008 1565 1034 est.
1589 1003 1669 1038 cujus
1689 1003 1748 1037 pri-

127 1055 200 1074 mam
233 1053 336 1082 partem
371 1048 574 1083 elegantissime
600 1048 765 1082 descriptam
792 1056 806 1075 a
829 1048 912 1075 Paulo
938 1047 966 1075 S.
995 1048 1110 1076 Cmcilia:
1127 1048 1259 1076 cardinali
1283 1047 1440 1081 Sl'ondrato,
1457 1046 1543 1074 Paulo
1569 1046 1602 1079 ν,
1626 1046 1748 1082 pontifici

127 1091 259 1124 maximo,
276 1091 348 1118 dono
359 1091 463 1122 datum,
479 1096 506 1118 et
523 1098 538 1118 a
553 1091 633 1118 Petro
642 1091 761 1118 Arcudio
778 1091 873 1118 Latine
889 1091 1034 1125 redditum,
1050 1091 1140 1118 Italiae
1153 1099 1238 1119 sacra
1264 1096 1330 1119 tom.
1345 1091 1388 1123 Vl,
1404 1090 1547 1119 subtexuit
1558 1089 1751 1118 Ferdinandus

129 1132 277 1167 Ughellus:
298 1140 411 1168 questus
435 1134 548 1161 alteram
563 1134 647 1161 latere
670 1134 803 1162 incertum
819 1135 985 1170 quibusnam
1004 1136 1032 1163 in
1048 1136 1156 1168 caveis,
1175 1140 1222 1163 aut
1239 1135 1380 1163 communi
1410 1135 1481 1162 forte
1507 1134 1641 1162 lihrorum
1663 1137 1747 1165 sorte.

129 1185 190 1211 .gnc
207 1180 350 1209 autrcrro,
368 1177 408 1204 vel
426 1177 572 1211 impiorum
589 1182 636 1204 aut.
654 1178 804 1205 otiosorum
822 1178 976 1210 hominum,
1004 1178 1044 1205 vel
1072 1178 1274 1206 elementorum
1292 1178 1389 1212 injuria
1413 1184 1475 1205 esse
1501 1177 1627 1204 desiisse.
1644 1175 1747 1204 Verum

128 1227 181 1246 non
198 1220 347 1246 latitantem
371 1220 396 1247 in
417 1220 524 1253 caveis;
545 1222 592 1247 sed
607 1220 642 1247 ad
668 1221 752 1248 divini
767 1221 848 1248 oﬂicii
863 1229 942 1249 usum
961 1225 1001 1248 tot
1022 1225 1090 1256 quot
1105 1221 1163 1256 ipsa
1182 1221 1372 1256 complectitur
1390 1220 1532 1248 mensibus
1551 1228 1566 1248 a
1591 1220 1688 1248 Martio
1713 1221 1748 1248 ad

128 1262 296 1297 Septembris
315 1263 423 1290 initimn
442 1263 616 1296 servientem,
637 1271 789 1298 reperimus
806 1265 832 1291 in
851 1265 1253 1299 prienomiuatomonachorum
1271 1264 1469 1292 Basilianorum
1487 1265 1654 1291 monasterio
1671 1272 1677 1289 :
1694 1271 1748 1291 n0n

127 1306 237 1341 quidem
258 1306 316 1341 pari
336 1306 525 1334 characterum
547 1307 680 1341 elegantia
703 1313 731 1335 et
756 1308 925 1342 picturarum
949 1310 983 1337 ad
1001 1309 1124 1344 singulas
1147 1309 1259 1344 paginas
1283 1308 1390 1336 deliciis
1407 1312 1566 1336 exornatam
1586 1308 1706 1343 (qualem
1720 1308 1747 1334 in

131 1349 261 1377 Vaticano
275 1357 345 1382 esse,
366 1349 437 1377 sicut
463 1350 629 1382 audivimus,
646 1350 815 1385 lcgimusquc
827 1371 834 1383 ,
850 1352 890 1379 sic
911 1358 938 1379 et
952 1352 1090 1388 vidimus),
1108 1353 1155 1380 scd
1173 1352 1335 1387 antiquitate
1345 1355 1373 1378 et
1390 1351 1441 1378 llde
1467 1351 1553 1378 nihilo
1578 1351 1750 1382 inferiorem,

127 1395 308 1428 cumdemque
322 1394 414 1421 Basilii
431 1395 603 1429 imperatoris
620 1395 728 1421 titulum
742 1396 930 1430 praeferentem
949 1404 955 1422 :
975 1401 1005 1423 ut
1022 1397 1093 1424 hanc
1110 1395 1248 1423 Vaticana
1265 1395 1338 1422 illius
1360 1395 1448 1430 partis
1471 1395 1494 1422 si
1517 1403 1579 1422 non
1591 1402 1748 1430 germanam

129 1438 256 1470 alteram,
274 1438 308 1465 ab
320 1438 414 1465 eadem
430 1446 512 1465 manu
528 1439 601 1465 velut
616 1443 694 1466 utero
709 1444 879 1474 prognatam,
899 1445 970 1467 certe
985 1441 1131 1475 genuinam
1145 1448 1177 1467 ex
1194 1445 1270 1475 patre
1283 1444 1364 1474 atque
1375 1444 1487 1466 auctore
1501 1439 1608 1473 eodem,
1624 1444 1680 1466 tum
1697 1446 1751 1465 ca;-

131 1482 195 1509 teris
217 1482 335 1515 indiciis,
351 1487 407 1509 tum
425 1483 488 1518 styli
509 1483 708 1518 perfectissima
732 1484 922 1516 similitudine.
938 1484 1006 1511 nihil
1024 1485 1181 1512 hmsitantes
1196 1484 1381 1510 crederemus.
1392 1482 1430 1510 Ex
1452 1484 1502 1510 hac
1526 1483 1609 1518 igitur
1628 1489 1751 1510 mensem

131 1526 260 1560 primunt,
282 1526 307 1552 id
321 1531 371 1559 est,
389 1526 517 1554 Martium
534 1527 578 1555 hic
591 1528 689 1556 damus
710 1528 736 1555 in
756 1528 894 1562 specimen
917 1528 1130 1562 Menologiurum
1146 1533 1308 1555 cmterorum
1325 1528 1460 1556 onmium.
1478 1527 1525 1554 Est
1555 1527 1629 1554 enirn
1646 1527 1752 1555 caeteris

130 1577 190 1604 qua:
205 1569 321 1597 vidimus
336 1571 464 1598 omnibus
480 1572 612 1599 illustrior
628 1573 685 1599 haec
699 1572 834 1604 collectio.
855 1572 1080 1606 auctoritatisque
1095 1571 1227 1605 majoris;
1243 1578 1275 1598 eo
1287 1570 1359 1605 quod
1375 1578 1428 1597 non
1448 1570 1554 1605 privato
1573 1570 1688 1605 alicujus
1703 1577 1751 1596 ar-

132 1613 211 1640 bitrio
224 1614 385 1649 conipilata.
407 1616 454 1642 sed
470 1616 498 1642 in
521 1616 629 1651 publico
647 1616 831 1644 Ecclesiarutn
847 1615 1212 1650 Constantinopolitanarum
1237 1623 1288 1642 usu
1314 1614 1401 1641 fuisse
1425 1614 1548 1641 videatur
1565 1621 1645 1641 :cum
1670 1613 1751 1648 jussu

131 1656 222 1684 Basilii
239 1658 411 1692 imperatoris
427 1658 653 1695 Porphyrogeniti
670 1665 733 1688 ante
751 1668 852 1688 annum
869 1659 966 1688 salutis
979 1659 1041 1691 984,
1060 1666 1122 1686 esse
1141 1663 1252 1685 exarata
1272 1662 1464 1693 cognoscatur.
1485 1657 1526 1684 An
1553 1657 1641 1692 prima
1657 1658 1684 1684 in
1701 1657 1754 1684 hoc

132 1701 246 1734 genere?
261 1709 313 1728 non
329 1703 462 1731 audemus
484 1704 632 1731 divinando
652 1712 774 1732 asserere
790 1713 796 1731 :
811 1704 913 1732 nedum
927 1703 1051 1737 delinire,
1071 1707 1174 1738 quanto
1198 1703 1234 1730 sit
1257 1701 1473 1738 Mcnologiorum
1500 1709 1566 1730 usus
1585 1701 1613 1729 in
1630 1701 1753 1729 Ecclesia

131 1744 224 1772 Graeca
244 1746 344 1773 saeculo
356 1745 411 1780 jam
429 1747 569 1774 nominato
583 1749 715 1781 anterior,
731 1753 785 1775 etc.

167 1788 348 1824 Synaxarium
366 1799 399 1817 ex
419 1790 572 1826 Menologio
585 1792 665 1827 jussu
683 1791 776 1820 Basilii
793 1792 967 1827 imperatoris
981 1791 1107 1825 collecto,
1127 1791 1207 1826 cujus
1227 1797 1274 1818 sex
1295 1789 1428 1826 postremi
1442 1796 1550 1817 menses
1566 1793 1676 1817 exstant
1691 1796 1752 1816 ma-

132 1833 263 1867 nuscripti
281 1834 307 1860 in
327 1835 491 1862 monasterio
509 1835 615 1870 Crypta‘
630 1835 747 1863 Fcrrata:
761 1836 787 1863 in
805 1836 894 1869 Latio,
908 1842 961 1864 etc.

130 1874 246 1902 Joannes
262 1876 428 1911 Ciampinus,
439 1879 465 1904 in
483 1878 550 1905 libro
566 1879 609 1905 cui
628 1879 733 1911 titulus,
751 1879 769 1907 ll
785 1879 913 1907 Giornale
928 1880 971 1907 de’
987 1879 1131 1912 Letterati,
1149 1879 1220 1906 edito
1232 1878 1321 1905 Roma:
1339 1885 1408 1905 anno
1424 1877 1500 1909 I676,
1513 1878 1540 1904 in
1555 1878 1639 1912 primo
1662 1875 1754 1903 Diario

168 1913 378 1950 nteitsisnprilis
392 1913 510 1947 ejusdem
528 1915 677 1950 annitcum
691 1916 756 1941 Acta
765 1920 916 1942 sanctarum
930 1916 1030 1950 Aprilis
1051 1914 1159 1950 collecta
1176 1919 1199 1940 et
1220 1914 1358 1950 illustrata
1373 1912 1557 1950 a‘Godcfrido
1578 1912 1754 1944 Hense/tertio,

166 1950 190 1972 et
209 1946 318 1973 Daniele
328 1946 506 1981 Papebrocltio
522 1948 583 1976 Sac.
594 1948 659 1976 Iesu
673 1950 818 1982 retulisset,
831 1950 863 1977 de
878 1946 1031 1978 ercorum
1048 1949 1197 1984 Menologio
1209 1949 1263 1976 [tate
1279 1948 1413 1983 subjungt't
1424 1946 1490 1983 pay.‘
1502 1949 1518 1975 8
1532 1958 1539 1975 :

167 1990 208 2017 Ma
225 1998 306 2025 sopra
322 1996 404 2024 lutto,
419 2000 434 2019 τι
447 1997 545 2027 questo
560 1994 698 2028 proposito
714 2002 767 2021 non
782 1994 798 2022 ἑ
821 1994 854 2022 da
870 1993 969 2022 tacersi
990 2000 1068 2021 come
1084 1993 1110 2020 in
1125 1993 1215 2027 quest‘
1235 2000 1318 2027 opera
1351 1992 1373 2019 si
1393 1996 1519 2027 rapporta
1545 2001 1592 2026 per
1618 1996 1757 2019 extensum

132 2033 286 2068 l'originale
300 2034 386 2061 Greco
401 2035 444 2062 del
461 2043 534 2063 mese
544 2036 571 2063 di
586 2037 678 2070 Aprile
693 2037 720 2063 di
741 2045 778 2064 un
794 2037 984 2065 antichissimo
996 2036 1148 2071 Menologio
1167 2041 1273 2063 trovato
1291 2035 1333 2062 nel
1349 2035 1518 2062 monasterio
1533 2035 1559 2062 di
1575 2036 1670 2062 Grotta
1685 2035 1753 2062 Fer-

133 2082 202 2104 rata.
216 2076 348 2104 Contione
362 2084 460 2112 questo
475 2079 482 2105 i
498 2079 574 2105 Santi
592 2079 618 2105 di
628 2079 678 2106 soli
689 2079 728 2106 sei
740 2080 820 2111 mesi,
834 2079 1025 2107 cominciando
1036 2079 1070 2106 da
1081 2079 1170 2106 Marzo
1180 2079 1234 2106 lino
1251 2086 1268 2106 a
1280 2083 1350 2106 tutto
1364 2079 1492 2113 Agosto;
1506 2086 1548 2105 ma
1567 2079 1591 2105 la
1607 2086 1756 2106 mancanza

133 2122 202 2156 dcgl‘
220 2122 282 2148 altri
301 2122 340 2149 sei
356 2130 410 2149 non
427 2122 518 2158 toglieI
533 2123 596 2150 anzi
612 2130 737 2150 accresce
748 2123 766 2150 il
783 2124 892 2159 preggio
915 2123 958 2151 del
972 2131 1037 2155 ms..
1054 2123 1150 2158 poiche
1171 2122 1241 2150 nella
1258 2122 1388 2150 Vaticana
1408 2122 1430 2150 si
1448 2129 1618 2150 conservatio
1632 2130 1647 2149 a
1672 2127 1758 2157 punlo

134 2167 223 2200 quegl‘
239 2166 299 2192 altri
316 2166 352 2193 sei
372 2166 450 2198 mesi,
467 2167 517 2194 che
531 2174 665 2194 tnancano
680 2175 728 2202 per
754 2167 868 2194 rendere
898 2168 989 2194 l‘anno
1010 2166 1119 2199 intiero,
1149 2166 1208 2194 Γιλιιί
1238 2166 1358 2194 scrivere
1382 2165 1445 2193 dall'
1462 2166 1632 2200 imper-adoro
1655 2165 1757 2193 Basilio

134 2209 331 2245 l’orlirogcnito
346 2209 470 2243 iuniore,
488 2218 502 2237 e
515 2211 645 2238 traslatati
661 2211 705 2237 dal
721 2210 808 2238 Greco
823 2210 856 2237 da
874 2210 965 2239 Pietro
981 2211 1112 2238 Arcudio.
1132 2210 1190 2238 Non
1210 2210 1233 2238 si
1253 2218 1300 2238 era
1309 2210 1336 2237 di
1354 2215 1425 2237 tulta
1447 2214 1542 2245 questa
1556 2218 1655 2243 ,nuova
1677 2215 1754 2244 parte

140 2256 239 2282 l-avuto
256 2262 302 2288 per
315 2255 458 2282 l'addietro
473 2256 577 2282 notizia
596 2263 697 2282 vcruna
715 2264 721 2282 ε
736 2255 805 2282 onde
817 2255 972 2290 Monsignor
988 2254 1079 2282 Leone
1098 2254 1204 2282 Allazio
1219 2255 1244 2282 la
1262 2254 1343 2282 crede
1360 2255 1403 2282 del
1420 2260 1489 2282 tutlo
1511 2255 1648 2287 smarrita,
1668 2263 1683 2283 e
1699 2255 1756 2283 l’U-

135 2299 228 2332 gln-lli,
245 2298 287 2325 nel
307 2298 360 2326 line
386 2298 429 2326 del
450 2303 522 2326 sesto
543 2302 618 2326 lomo
635 2299 698 2326 dcll‘
714 2298 791 2326 [talia
816 2298 911 2330 Sacra,
925 2306 976 2326 ove
996 2302 1122 2333 rapporta
1135 2299 1161 2326 la
1177 2298 1339 2326 traduzione
1349 2298 1413 2326 delli
1434 2299 1472 2326 sei
1491 2299 1557 2326 mesi
1573 2299 1616 2326 del
1637 2298 1757 2326 Mcnolo-

135 2342 179 2375 gio
197 2341 340 2373 Vaticano.
353 2343 375 2369 si
392 2343 471 2369 duole
485 2342 564 2370 anch‘
577 2350 638 2370 esse
649 2342 719 2369 dello
739 2343 932 2370 smarrimento
947 2342 974 2369 di
988 2342 1012 2370 si
1026 2342 1096 2369 bella
1112 2343 1256 2370 memoria.
1282 2342 1365 2371 Molto
1379 2343 1471 2378 ρει-οἱὸ
1485 2343 1508 2370 si
1524 2343 1592 2370 dere
1613 2343 1638 2369 al
1657 2343 1758 2378 Signor

136 2386 267 2413 canonico
286 2386 364 2414 Gtov.
375 2385 529 2414 FBANCESCO
539 2387 638 2414 Auum
650 2407 656 2418 ,
672 2385 769 2421 poiché
800 2387 851 2421 egll
877 2385 1004 2414 trasmisc
1021 2386 1072 2421 agl‘
1087 2387 1175 2413 autori
1190 2387 1215 2414 la
1244 2387 1395 2414 tralazione
1411 2386 1507 2413 Latina
1523 2386 1549 2414 di
1565 2386 1759 2422 quest’ultinio

136 2434 189 2454 ms.
207 2431 234 2455 et
247 2432 343 2456 attesta
363 2436 454 2456 essere
466 2429 492 2456 in
506 2433 575 2456 tutto
590 2429 772 2463 somigliante,
786 2430 984 2464 nelcarattere,
1005 2430 1075 2458 nella
1095 2431 1182 2458 forma
1196 2439 1210 2459 e
1224 2431 1294 2459 nella
1310 2431 1393 2465 lrase,
1404 2431 1428 2459 al
1440 2431 1581 2459 Vaticano.

137 2539 224 2570 Petri
245 2540 369 2571 Possint
385 2550 400 2570 ο
416 2541 485 2572 Sac.
501 2542 577 2573 Jesu
594 2541 743 2582 Epistola
761 2543 1096 2615 Gdrtecgsadploatltggrln
1116 2546 1321 2577 anciscum
1336 2546 1502 2581 Albanum.
1523 2545 1640 2584 scripta
1655 2545 1759 2575 Roma:

802 2592 827 2613 te
945 2594 987 2614 ec.
1090 2607 1097 2614 .

802 2592 827 2613 te
850 2592 887 2613 ΖΟ
916 2592 987 2614 U86.
1011 2592 1097 2614 H301.

137 2639 261 2685 Εὑγρνεῖ
275 2642 322 2680 κη]
332 2643 508 2685 dit-legerint)
515 2644 670 2685 μειρακίῳ.
679 2643 802 2684 Ἰωᾴγνῃ
821 2646 893 2685 ’Φραρ

1002 2645 1118 2685 'abiliac
1128 2647 1246 2685 studioso
1257 2647 1452 2685 adolescentulo
1478 2646 1585 2685 Jommi
1614 2645 1758 2685 I_"ra_nct'sca

172 2676 323 2715 talo-atqu
347 2677 494 2715 ’.ιξλίῖάνῳἈ
509 2676 619 2711 Πέτρος
644 2676 801 2715 Ποσσῑέεοξ
815 2676 855 2706 ei
866 2676 921 2713 τῆς

1035 2682 1148 2715 Albano,
1166 2682 1262 2709 Petrus
1279 2682 1405 2709 Pessinus
1418 2682 1478 2709 Soc.
1491 2681 1555 2708 Iesu
1565 2681 1594 2708 S.
1612 2681 1645 2708 P.
1660 2682 1692 2708 Ι).

172 2711 315 2745 ἑταιρείας
330 2712 382 2739 τοῦ
405 2713 512 2746 Ἰησοῦ,
525 2715 638 2748 χαιζρειν
659 2714 707 2741 καὶ
721 2712 755 2741 εὖ
769 2711 919 2748 πράττειῆ

172 2768 310 2803 θαυμάζω
339 2776 368 2794 σε
392 2769 439 2803 τῆς
465 2770 578 2803 εὐφυΐας
603 2771 649 2797 καὶ
676 2771 852 2805 φιλοπονίας,
879 2769 922 2804 αἷς

1010 2773 1138 2800 Admiror
1150 2773 1285 2808 egregiam
1304 2772 1420 2800 indolem
1439 2781 1471 2800 ac
1486 2773 1636 2804 solertiam.
1660 2781 1713 2808 qua
1730 2772 1759 2800 in

137 2813 294 2848 ὲγκεὶμενος
311 2814 350 2845 εἰς
363 2814 477 2850 μελέτην
493 2816 542 2850 τῆς
559 2816 716 2851 Ἑλληνικῆς
733 2817 868 2852 γλώσσης,
885 2827 893 2844 ε

1012 2826 1077 2845 λίπω
1109 2819 1207 2854 lingua:
1235 2818 1354 2846 studiunt
1387 2819 1546 2846 incumbens
1580 2827 1667 2853 usque
1692 2818 1768 2844 adeo.

444 2859 454 2868 ρι

137 2860 212 2886 τόσαι
242 2859 424 2896 προὸἐὸηκας,
439 2859 507 2888 ὥστε
528 2862 557 2888 οὗ
570 2862 695 2898 καθειρῶς
713 2864 757 2890 καὶ
776 2863 893 2898 apt-51mm

1005 2864 1126 2897 'olecisti,
1144 2869 1173 2892 ut
1187 2872 1240 2891 non
1254 2864 1340 2892 s--|utn
1353 2872 1418 2900 pure
1430 2865 1631 2900 cumulateque.
1649 2863 1694 2890 scd
1705 2862 1761 2889 ele-
