1915 3073
141 117 179 148 25
523 161 526 164 Ι
845 113 933 144 SEPT

988 114 1080 145 [ΗΕΒ.
1734 117 1771 151 26

144 171 366 208 θηριομαχήσας.
384 171 432 198 καὶ
458 170 542 206 μηδδν
563 169 713 205 ἀδικηθεὶς,
729 169 807 201 τέλος
833 177 931 196 κοντα·

988 171 1074 206 ignem
1094 171 1239 206 conjicitur
1256 180 1263 200 :
1279 177 1361 209 atque
1381 174 1444 202 inde
1461 173 1594 210 egressus
1609 175 1722 209 illatus,
1739 176 1772 203 ad

146 219 196 254 ρίῳ
215 217 339 252 πληγεὶς,
355 217 403 244 καὶ
422 216 567 252 βαστάζων
591 216 628 243 τὰ
649 216 745 250 ἔντερα
772 215 855 243 αὐτοῦ
873 216 934 246 ταῖς

146 264 226 294 ἰδίαις
244 263 341 298 χερσὶν
363 261 544 297 (ἐξεχύθησαν
561 262 615 297 γὰρ
629 261 680 288 ὑπὸ
695 261 744 296 τῆς
767 261 875 295 πληγῆς
900 262 933 287 ἐκ

143 310 194 344 τῆς
206 309 311 340 κοιλίας
325 307 434 343 αὑτοῦ),
451 307 548 342 ἐξῆλθε
563 307 612 341 τῆς
628 306 731 337 πόλεως
743 306 912 341 Καισαρείας
924 313 931 320 ·

144 355 193 382 καὶ
211 354 280 390 μετὰ
295 353 469 389 εὐχαριστίας
486 352 629 388 παρέδωκε
649 352 743 386 Κυρίῳ
757 352 795 386 τῷ
809 351 869 386 Θεῷ
884 351 934 386 τὴν

145 401 227 434 ἁγίαν
243 401 290 427 καὶ
305 399 443 434 μακαρίαν
461 398 546 426 αὖτοῦ
562 398 665 434 ψυχήν.
685 399 737 425 Καὶ
752 397 839 433 ἐτάφη
857 398 886 423 ἐν
900 398 933 432 τῇ

144 446 214 482 αὐτῇ
235 446 322 474 πόλει.

412 548 450 583 Τῇ
465 547 542 583 ἀὐτῇ
559 547 650 582 ἡμέρᾳ

146 593 335 629 Μνήμηαοῧ
355 594 442 621 ὁσίου
460 594 574 626 Πατρὸς
598 592 682 629 ἡμῶν
708 592 847 629 Ἰωάννορ
881 592 934 620 τοῦ

183 627 368 669 πᾶτριἁρχου
405 628 754 660 Κωνσταντινουπόλεως
791 627 844 654 τοῦ
872 628 934 662 Νη-

181 672 321 692 στευτου.

187 719 218 746 Ὀ
230 719 258 746 ἑν
275 719 362 754 ἁγίοις
376 719 472 754 Πατὴρ
488 719 567 755 ήμῶν
584 718 714 754 Ἰωάννης
736 719 750 746 ό
774 718 935 754 ἐπικληθεὶς

144 764 303 801 Νηστευτὴς
313 764 446 799 ἐγεννήθη
457 765 486 791 ἐν
496 763 790 791 Κωνσταντινουπόλιι.
812 764 934 799 ’Υπῆρχε

146 811 175 838 δὲ
188 811 237 838 ἐπὶ
260 810 405 837 Ἰουστίνου
424 810 471 837 καὶ
486 810 614 845 Τιϐερίου
637 810 685 836 καὶ
706 810 861 846 Μαυρικίου
879 811 934 837 τῶν

147 856 288 891 βασιλέων.
306 855 455 891 Χαράκτης
469 855 497 882 δὲ
513 842 613 891 ὣνϋτὴν
628 856 736 890 τέχνην,
749 842 792 882 διά
806 855 854 890 τὴν
869 855 933 882 πολ-
950 842 973 872 Β

146 902 194 938 λὴν
220 901 304 928 αὑτοῦ
329 902 442 937 ἀρετὴν,
461 902 635 936 πατριάρχης
651 902 747 935 γέγονε
774 901 823 936 τῆς
850 901 934 936 αὐτῆς

147 947 357 982 μεγαλοπόλεως
370 955 378 963 ·
393 947 502 981 ἐγένετο
523 947 551 973 δὲ
579 947 759 981 φιλόπτωχος,
783 947 831 973 καὶ
857 946 935 980 ἐλεή-

146 1001 216 1026 μων,
241 993 290 1019 καὶ
316 992 474 1027 συμπαθής.
512 991 593 1018 nam
618 992 666 1018 καὶ
696 990 782 1017 πολλὰ
807 990 936 1025 θαύματα

145 1038 258 1074 ἐποίησε
272 1046 278 1054 ·
304 1038 352 1064 καὶ
370 1038 425 1073 γάρ
439 1037 484 1064 διὰ
509 1039 664 1072 προσευχῆς
688 1036 857 1072 βαρϐαρικὸν
871 1036 936 1062 λαὸν

145 1084 179 1110 ὲκ
197 1084 246 1119 τῆς
263 1083 433 1114 Μακεδονίας
458 1082 602 1114 ἀπεδίωξε.
620 1083 668 1108 καὶ
684 1082 802 1117 μεγάλου
818 1081 935 1108 θανάτου

144 1130 195 1165 τὴν
221 1130 299 1156 πόλιν
320 1129 466 1164 ἐρρύσατο,
480 1129 528 1154 καὶ
548 1128 663 1159 πολλοὺς
678 1128 823 1158 νοσοῦντας
840 1127 937 1162 ἑθερά-

145 1183 241 1207 πευσε,
255 1175 304 1201 καὶ
330 1173 530 1209 δαιμονιῶντας
547 1174 652 1206 ἰάσατο,
677 1174 724 1200 καὶ
744 1173 840 1207 λόγους
865 1173 936 1208 ψυχ-

143 1221 269 1256 ωιρελεῖς,
279 1220 317 1252 ὡς
331 1221 345 1247 ὁ
357 1220 442 1255 μέγας
452 1218 645 1254 Χρυσόστομος
662 1218 797 1253 Ἰωάννης,
806 1218 936 1253 συνεγρά-

143 1270 223 1301 ψατο.
240 1267 380 1301 Ποιμάνας
394 1265 422 1292 δὲ
447 1265 494 1292 τὸν
511 1265 576 1291 λαὸν
596 1264 678 1291 αὑτοῦ
695 1264 776 1294 ὁσίως
791 1264 836 1290 καὶ
858 1264 935 1298 φιλο-

145 1313 224 1346 θέως,
244 1313 291 1339 καὶ
314 1313 361 1347 τὴν
376 1311 451 1346 ἱερὰν
471 1310 637 1345 Ἐκκλησίαν
652 1309 744 1342 καλῶς
757 1309 936 1346 διακυϐερνῆ-

145 1367 195 1390 σας
216 1359 263 1385 ἐπὶ
285 1357 331 1393 ετη
346 1358 412 1384 δέκα
425 1356 473 1383 καὶ
501 1357 565 1392 τρία
591 1357 640 1383 καὶ
669 1356 757 1391 μῆνας
778 1355 870 1388 πέντε,
887 1355 935 1382 καὶ

145 1405 185 1435 εἰς
197 1403 265 1438 βαθὺ
281 1403 371 1437 γῆρας
385 1401 484 1434 ἐλθὼν,
503 1402 532 1428 ὲν
549 1401 647 1437 εἰρήνῃ
662 1402 711 1436 τὴν
728 1401 867 1437 μακαρίαν
889 1401 936 1428 καὶ¹

145 1450 225 1483 ἁγίαν
258 1448 341 1475 αὑτοῦ
367 1447 456 1483 ψυχὴν
487 1448 626 1483 παραδοὺς
652 1447 690 1482 τῷ
715 1447 821 1482 Κυρίῳ,
835 1448 935 1482 ἐτάφη,

146 1495 299 1529 ὑπόδειγμα
319 1494 460 1521 ἀπολιπὼν
478 1494 561 1520 πᾶσιν
575 1493 730 1528 ἀνθρώποις
745 1493 791 1519 τὸν
807 1493 934 1528 ἐνάρετον

145 1541 228 1568 αὐτοῦ
247 1540 315 1577 βίον,
333 1541 381 1568 καὶ
393 1540 427 1567 τὰ
440 1539 523 1567 λοιπὰ
542 1539 746 1574 κατορθώματα

401 1642 492 1670 MHNI
512 1642 555 1677 Τῼ
576 1641 676 1677 arm.

520 1687 547 1714 Γ,

148 1735 290 1768 Ἀθλησις
323 1732 378 1760 τοῦ
411 1732 497 1767 ἁγίου
538 1730 756 1768 Ἰερομάρτυρος
782 1730 932 1766 ’ΔνθΙμου,

344 1766 515 1795 ἐπισκόπου
531 1766 738 1801 Νικομηδείας.

182 1823 312 1859 ’Δνθιμος
331 1823 345 1849 ό
372 1821 538 1858 ίερομάρτυς
557 1819 590 1857 ἦν
613 1821 662 1856 μὲν
677 1821 828 1852 ἐπίσκοπος
849 1820 934 1848 Νικο-

147 1869 260 1905 μηδείας
282 1868 329 1895 ἐπὶ
347 1868 402 1895 τῶν
424 1867 528 1902 χρόνων
549 1865 741 1902 Διοκλητιανοῦ
775 1866 824 1894 καὶ
846 1866 934 1900 Maii-

147 1911 260 1947 μιανοῦ·
280 1911 324 1939 διὰ
345 1911 373 1938 δὲ
393 1911 439 1938 τὸν
454 1911 576 1945 διωγμὸν
598 1911 670 1938 κατὰ
686 1911 741 1938 τῶν
760 1911 933 1945 Χριστιανῶν

144 1957 334 1993 κρυπτόμενος
360 1957 388 1982 ὲν
408 1956 448 1991 τῷ
465 1955 541 1991 liget,
564 1957 770 1991 καταμηνύεται
786 1956 826 1991 τῷ
844 1957 933 1989 Meﬁt-

147 2001 244 2038 μιανῷ.
260 2001 315 2027 Καὶ
329 2000 596 2036 κρατηθεὶς,”πρῶτα
613 2001 663 2035 μὲν
676 2002 760 2032 λίοοις
771 2002 817 2029 τὸν
830 2003 932 2037 αὐχένα

146 2046 328 2082 συντρίϐεται.
348 2046 464 2072 Ἔπειτα
481 2046 508 2072 δὲ
529 2046 650 2080 σιδήροις
668 2048 932 2082 πεπυρακτωμένοις

143 2093 207 2125 τοὺς
236 2090 426 2126 ἀστραγάλους
451 2091 644 2126 διατρυπᾶται.
679 2089 744 2117 Εἶτα
776 2092 858 2119 πάλιν
891 2093 932 2124 εἰς

144 2140 266 2174 ὄστρακα
283 2138 346 2170 ὀξέα
367 2137 488 2169 τίθεται,
517 2137 625 2178 passm;
650 2138 818 2172 τυπτόμενος
846 2139 931 2164 ἀκαν-

987 217 1089 244 bestias
1113 218 1259 245 damnatur
1279 227 1313 246 :a
1335 220 1435 254 quibus
1451 228 1513 248 cum
1543 221 1645 248 nullam
1673 229 1773 250 noxam

985 263 1144 297 accepisset,
1158 263 1267 291 tandem
1292 264 1382 292 hastili
1399 266 1650 297 transverberatur,
1665 271 1692 294 et
1718 267 1775 294 vis-

986 315 1048 334 cera
1067 308 1127 343 ejus
1148 309 1173 335 in
1193 313 1292 336 terram
1310 310 1346 336 ob
1362 311 1553 344 gravissimum
1568 312 1669 339 vulnus
1683 311 1774 338 eﬂ'un-

986 354 1109 381 duntur:
1128 363 1188 389 quae
1205 355 1262 390 ipse
1276 357 1393 390 propriis
1416 357 1541 384 manibus
1564 357 1721 391 praeferens.
1740 366 1774 385 ex

986 401 1054 427 urbe
1072 401 1196 428 Caesarea
1210 402 1357 436 egreditur,
1376 406 1476 428 etcum
1501 402 1650 436 gratiarum
1666 403 1774 430 actione

986 451 1108 474 sanctam
1139 447 1301 481 beatamque
1323 448 1442 474 animant
1475 455 1552 474 suam
1582 448 1695 476 Domino
1717 444 1773 475 Deo

987 493 1108 525 tradidit,
1125 498 1152 520 et
1163 493 1190 520 in
1205 494 1299 520 eadem
1320 484 1523 528 urbe'sepultus
1541 498 1594 520 est.

1303 548 1402 575 Eodem
1417 549 1460 575 die

985 594 1014 630 8
1030 593 1159 630 Memoria
1174 595 1263 620 sancti
1283 593 1371 620 Patris
1387 595 1472 620 nostri
1486 593 1599 630 Joannis
1616 593 1775 629 pdlriarchat

1039 628 1339 663 Constantinopolitoni,
1355 634 1526 664 cognomento
1540 628 1720 663 Jejunatoris.

1023 720 1141 748 Sanctus
1157 720 1235 748 Pater
1253 724 1347 748 noster
1365 720 1485 748 Joannes
1504 724 1687 756 cognomento
1701 719 1776 754 Jeju-

987 772 1067 795 nator
1103 771 1184 794 natus
1212 771 1255 794 est
1290 766 1552 802 Constantinopoli:
1578 767 1646 794 vixit
1683 770 1775 793 autem

987 813 1155 848 temporibus
1173 812 1283 844 Justini,
1302 812 1415 846 Tiberii,
1429 818 1456 839 et
1476 812 1600 840 Mauricii
1625 813 1775 847 imperato-

988 866 1058 885 rum.
1079 857 1128 885 llic
1147 858 1265 892 primum
1282 857 1391 891 quidem
1412 857 1570 885 slatnariam
1592 863 1678 884 artem
1697 865 1775 885 exer-

986 904 1062 931 cuit:
1079 904 1176 930 deinde
1191 903 1227 930 ob
1241 903 1339 930 multas
1363 906 1391 930 et
1410 903 1534 938 egregias
1551 903 1637 937 ipsius
1659 903 1775 930 virtutes

986 949 1142 984 patriarcha
1163 949 1286 983 ejusdem
1305 956 1411 983 magna;
1435 948 1511 975 urbis
1533 949 1706 976 renuntiatus
1721 952 1772 975 est.

987 995 1050 1022 Fuit
1064 999 1154 1022 autem
1174 1001 1324 1029 pauperum
1352 998 1469 1025 amator,
1488 994 1655 1027 misericors,
1671 998 1699 1020 et
1722 993 1776 1020 mi-

987 1044 1093 1068 serator
1108 1048 1115 1066 :
1134 1039 1181 1066 sed
1193 1043 1219 1066 et
1235 1038 1318 1065 multa
1338 1038 1468 1065 miracula
1485 1038 1614 1072 patravit.
1629 1036 1695 1064 Nam
1710 1044 1775 1072 pre-

987 1087 1064 1114 cibus
1081 1086 1139 1113 suis
1152 1085 1283 1112 barbaras
1307 1087 1401 1119 gentes
1415 1091 1449 1111 ex
1470 1083 1627 1111 Macedonia
1658 1083 1774 1118 iugavit,

987 1131 1138 1164 urbemque
1152 1128 1312 1164 gravissima
1329 1133 1405 1162 peste
1420 1128 1556 1159 liberavit,
1568 1132 1596 1155 et
1608 1128 1708 1155 multos
1733 1127 1776 1154 in-

987 1176 1082 1203 ﬁrmos
1094 1174 1210 1206 curavit,
1227 1174 1411 1208 obsessosque
1426 1180 1446 1210 av
1459 1173 1630 1201 daemonibus
1656 1173 1774 1201 sanavit.

987 1221 1133 1249 Orationes
1147 1221 1264 1255 denique
1278 1220 1376 1247 animos
1392 1219 1564 1250 utilissimas.
1579 1219 1665 1246 instar
1681 1218 1772 1254 magni

986 1267 1099 1295 Joannis
1113 1266 1312 1302 Chrysostomi,
1325 1265 1499 1300 conscripsit.
1513 1265 1581 1292 Cum
1595 1272 1660 1292 vero
1685 1272 1774 1300 popu-

987 1314 1043 1342 lum
1065 1321 1144 1342 suum
1167 1317 1261 1341 sancte
1285 1312 1384 1347 pieque
1406 1311 1531 1343 rexisset,
1544 1318 1706 1346 sacramque
1725 1312 1777 1337 Ec-

987 1360 1097 1387 clesiam
1112 1359 1193 1386 annis
1210 1358 1350 1391 tredecim,
1364 1357 1502 1385 mensibus
1527 1358 1649 1392 quinque
1671 1356 1775 1391 optime

988 1406 1177 1441 gubernasset,
1191 1409 1272 1439 atque
1291 1404 1324 1431 ad
1341 1411 1477 1431 summam
1495 1407 1664 1430 senectutem
1679 1409 1776 1437 perve-

989 1452 1086 1483 nissct,
1106 1452 1134 1478 in
1155 1458 1220 1485 pace
1236 1450 1342 1477 beatam
1367 1453 1544 1482 sanctamque
1561 1448 1679 1474 animam
1697 1453 1776 1473 suam

989 1497 1105 1524 Domino
1119 1496 1240 1528 tradidit,
1255 1500 1282 1523 et
1296 1495 1420 1530 sepultus
1435 1495 1504 1527 fuit;
1523 1498 1648 1521 ornatam
1666 1492 1776 1519 virtutiv

990 1544 1039 1571 bus
1054 1544 1136 1571 vitam
1152 1550 1241 1573 suam.
1255 1546 1283 1569 et
1307 1542 1410 1576 reliqua
1425 1549 1440 1568 α
1455 1549 1485 1568 se
1498 1540 1633 1576 praeclare
1646 1544 1721 1574 gesta
1746 1538 1776 1565 in

989 1588 1142 1623 exemplum
1155 1587 1261 1615 cunctis
1275 1586 1446 1621 relinquens.

1256 1639 1370 1668 EODEM
1385 1637 1510 1666 MENSE.

1305 1686 1353 1713 Die
1365 1685 1443 1712 tertia

987 1736 1015 1772 θ
1037 1735 1175 1763 Certamen
1193 1731 1355 1794 ςαενοδαλιῦο-ιὶ
1382 1729 1505 1791 ηιιᾶηιῃνίε
1521 1727 1649 1762 ΑιιιΙιὶιηί,
1660 1727 1775 1762 episcopi

1328 1774 1410 1793 iconte
1433 1772 1475 1791 ire.

1328 1772 1475 1793 rcomeaice.

1024 1826 1171 1853 Anthimus
1191 1831 1269 1852 sacer
1292 1825 1397 1856 martyr
1414 1819 1465 1847 fuit
1479 1817 1644 1846 Nicomedia:
1668 1816 1775 1851 episco-

988 1880 1038 1908 pus
1061 1870 1230 1907 temporibus
1252 1866 1410 1896 Diocletiani
1439 1871 1466 1898 οι
1482 1862 1775 1898 Maximiani.Propter

987 1924 1089 1946 molam
1103 1922 1193 1944 autem
1208 1916 1235 1943 in
1246 1914 1418 1942 Christianos
1433 1910 1648 1945 persecutionem
1663 1916 1726 1936 cum
1745 1915 1776 1936 se

987 1964 1015 1991 in
1028 1963 1128 1990 montis
1140 1960 1283 1996 cujusdam
1302 1959 1421 1986 latebras
1432 1956 1592 1988 abdidisset,
1611 1953 1776 1981 Maximiano

987 2009 1121 2043 proditus,
1150 2007 1267 2040 ejusque
1295 2004 1373 2038 jussu
1406 2002 1632 2035 comprehensus,
1657 1999 1774 2033 primum

987 2054 1096 2088 quidem
1113 2052 1187 2079 saxis
1210 2051 1235 2077 in
1251 2050 1357 2077 cervice
1377 2046 1577 2075 contunditur:
1594 2044 1693 2072 deinde
1707 2051 1774 2070 can-

987 2099 1061 2127 denti
1078 2098 1150 2125 l'erro
1161 2097 1221 2131 ejus
1236 2096 1280 2122 tali
1297 2095 1470 2130 perforantur
1483 2102 1489 2120 :
1503 2095 1596 2126 postea
1616 2097 1696 2124 super
1708 2096 1775 2116 acu-

988 2145 1022 2170 tis
1047 2142 1153 2170 tcstulls
1182 2141 1338 2175 impositus,
1361 2138 1443 2173 virgis
1466 2137 1568 2172 spineis
1594 2135 1716 2163 caeditur.
1731 2133 1773 2161 Ad

145 2185 227 2216 θίνοις
237 2205 244 2217 ,
259 2185 307 2211 καὶ
326 2184 488 2219 ὑποδήματα
502 2183 601 2217 σιδηρᾶ
617 2183 832 2218 πυρακτωοέντα
854 2192 930 2218 περι-

989 2190 1045 2217 haec
1065 2187 1258 2215 calceamentis
1288 2185 1385 2212 ferreis
1415 2180 1594 2211 candentibus
1620 2187 1708 2215 usque
1739 2180 1773 2207 ad

145 2231 269 2258 σάλλεται
291 2230 373 2265 μέχρι
402 2229 456 2256 τῶν
483 2229 590 2264 μηρῶν.
615 2229 669 2255 Καὶ
693 2230 762 2264 μετὰ
789 2228 868 2255 τοῦτο
887 2230 932 2255 δε-

146 2279 254 2312 σμεῖται
275 2277 321 2304 ἐπὶ
345 2275 462 2312 τροχοῦ,
491 2275 539 2302 καὶ
562 2275 615 2302 ὑπὸ
638 2275 788 2310 λαμπάδων
797 2276 930 2308 .καίεται,

144 2324 220 2351 Οὕτω
234 2323 262 2350 δὲ
285 2322 392 2358 πικρῶς
409 2322 625 2358 βασανιζομένου
640 2322 687 2348 τοῦ
703 2322 793 2356 ἁγίου,
814 2322 932 2357 ἐπῆλθον

144 2370 254 2404 ἄγγελοι
276 2369 361 2400 θεῖοι,
380 2368 454 2403 αὐτῷ
471 2369 520 2404 μὲν
537 2369 587 2400 τὰς
603 2369 728 2401 κολάσεις
748 2369 795 2395 καὶ
812 2369 861 2400 τὰς
882 2368 931 2404 βα-

145 2417 241 2448 σάνους
268 2415 388 2448 εὐκόλως
420 2415 577 2448 ποιοῦντες,
597 2416 660 2447 τοὺς
685 2415 713 2442 δὲ
729 2415 842 2450 δημίους
869 2416 932 2448 τοὺς

144 2461 330 2498 τιμωροῦντας
350 2460 431 2487 αὑτὸν
447 2461 571 2497 ἀοράτως
586 2461 743 2493 τύπτοντες.
761 2462 816 2488 Καὶ
840 2462 932 2489 λοιπὸν

145 2509 281 2543 ἀποφάσει
306 2508 354 2534 τοῦ
380 2507 554 2542 Μαξιμιανοῦ
578 2508 705 2542 τέμνεται
736 2508 782 2543 τὴν
810 2509 931 2543 κεφαλὴν

146 2555 276 2590 μαχαίρᾳ.
295 2554 375 2585 "litt;
390 2554 478 2580 κεῖται
495 2554 544 2589 μὲν
564 2555 592 2580 ὲν
608 2553 777 2589 Νικομηδείᾳ
788 2574 795 2585 ,
812 2554 932 2589 θαυματ-

145 2603 238 2637 ουργεῖ
248 2602 276 2629 δὲ
291 2601 385 2629 ἄλλοτε
401 2601 497 2635 πολλὰ,
514 2601 561 2628 καὶ
573 2600 605 2636 δὴ
621 2601 668 2627 καὶ
684 2601 738 2628 τῶν
753 2601 854 2637 τριχῶν
880 2610 931 2630 πα-

139 2642 254 2684 ράδοξον
270 2649 395 2682 ἐκφυσιν.

409 2695 461 2722 Τοῦ
478 2696 545 2730 αὐτῇ
562 2694 654 2730 ἡμέρᾳ.

153 2741 284 2775 Ἀθλησις
299 2741 352 2776 τῆς
371 2741 458 2776 ἁγίας
478 2741 628 2802 πρρθένου
645 2739 691 2766 καὶ
707 2739 856 2775 μάρτυρος
871 2742 928 2767 Βα-

460 2785 499 2802 σι.
515 2785 616 2802 ruam.

460 2785 616 2808 σιλισσης.

178 2823 325 2851 Ιιαςίλισσα
351 2823 367 2854 ἡ
398 2822 500 2855 μάρτυς
534 2821 567 2855 ἦν
606 2823 654 2856 μὲν
678 2823 723 2850 ἐπὶ
749 2824 802 2850 τῶν
826 2823 929 2858 χρόνων

985 2234 1091 2261 femora
1115 2229 1237 2259 induitur
1251 2239 1257 2258 :
1274 2238 1337 2257 mox
1352 2234 1418 2256 rota:
1431 2223 1571 2263 alligatus,
1586 2227 1690 2254 lacibus
1705 2225 1775 2253 adu-

984 2280 1063 2306 ritur.
1089 2277 1141 2305 Sed
1157 2274 1220 2304 cum
1236 2277 1273 2303 ita
1295 2275 1451 2303 immaniter
1473 2279 1586 2302 sanctus
1603 2273 1643 2300 vir
1661 2278 1775 2308 torque-

985 2330 1071 2358 retur,
1089 2327 1308 2359 supervenerunt
1344 2321 1428 2349 divini
1460 2321 1560 2356 angeli,
1578 2320 1625 2355 qui
1652 2319 1725 2347 sicut
1749 2318 1775 2348 ei

984 2370 1117 2406 supplicia
1135 2368 1328 2402 cruciatusque
1354 2367 1506 2400 leniebant,
1522 2366 1558 2392 ita
1590 2366 1710 2396 lictores,
1728 2363 1775 2398 qui

984 2416 1074 2452 ipsqu
1087 2412 1475 2447 excruciabant,invisibiliter
1486 2411 1636 2438 audebant.
1648 2409 1771 2436 Tandem

984 2462 1140 2490 Maximiani
1154 2460 1287 2489 sententia
1298 2464 1380 2495 caput
1391 2459 1415 2486 ei
1427 2458 1517 2493 gladio
1528 2461 1695 2492 amputatum
1711 2454 1773 2487 fuit,

984 2509 1056 2544 quod
1071 2509 1098 2535 in
1124 2508 1191 2535 urbe
1205 2507 1362 2534 Nicomedia
1378 2505 1519 2540 Ip05itum,
1536 2510 1598 2530 cum
1617 2502 1702 2529 multa
1718 2500 1773 2528 alia

983 2555 1114 2582 miracula
1132 2554 1207 2586 facit,
1220 2558 1276 2581 tum
1294 2552 1407 2588 capillos
1425 2550 1540 2579 subinde
1557 2551 1702 2577 nascentes
1721 2546 1773 2575 ad-

983 2601 1147 2629 mirabiliter
1158 2601 1268 2628 emittit.

1302 2691 1400 2718 Eodem
1412 2690 1456 2718 die

985 2741 1036 2776 ιο
1045 2740 1180 2768 Certamen
1200 2742 1299 2765 sancite
1312 2737 1419 2772 virginis
1434 2741 1459 2764 et
1476 2737 1600 2773 martyris
1616 2735 1767 2764 Basilina.

1009 2822 1145 2857 ,Basilissa
1161 2826 1262 2858 martyr
1275 2819 1325 2848 fuit
1338 2820 1505 2856 temporibus
1516 2819 1683 2850 Diocletiani.
1698 2818 1767 2846 Cum
