1915 3073
115 104 159 153 29
823 121 1046 153 sensuum
1713 126 1748 157 30

117 185 170 203 πει
195 183 235 202 σοι
260 174 274 200 6
297 172 398 205 κλοιός.
422 172 452 198 Ὀ
475 172 503 198 δὲ
519 169 712 209 sinam-pinu)
729 179 774 208 μοι
796 173 908 208 πρέπει,

963 174 1012 202 Cui
1042 175 1238 210 Babylas:8ie
1269 183 1312 205 me
1339 176 1427 210 decet,
1445 177 1635 213 oimperator,
1664 184 1694 207 ut
1723 185 1750 207 te

117 219 245 256 βασιλεῦ,
262 219 300 251 ὡς
314 219 375 245 οὐδὲ
392 218 434 245 σοὶ
449 218 480 245 τδ
496 218 627 253 διάδημα.
642 219 710 245 Τότε
721 219 881 254 ἀπεφήνατο
896 220 911 245 6

118 265 311 302 Νουμεριανδς
325 265 386 292 κατ’
406 264 502 297 αὑτοῦ,
517 265 565 291 καὶ
578 264 634 291 τῶν
649 264 850 300 διδασκομένων
864 264 911 291 ὑπ’

116 313 204 339 αὐτοῦ
220 312 347 340 παιδίων.
363 311 430 338 Τότε
442 311 569 342 λαϐόντες
584 311 683 343 αὐτοὺς
696 312 720 338 οι
734 311 909 347 στρατιῶται,

118 358 293 393 ἀπέσφαξαν.
310 358 366 385 Καὶ
380 357 467 389 οὕτως
479 357 564 393 ἐτάφη
577 358 592 384 6
607 357 684 392 ἅγιος
698 358 773 393 παρὰ
786 357 910 384 εὐλαὸὦν

119 405 313 440 Χριστιανῶν,
339 404 392 436 ἔξω
420 405 471 439 τῆς
497 405 602 436 πόλεως
635 405 817 439 Ἀντιοχείας,
840 404 910 439 μετὰ

118 451 176 477 τῶν
203 450 407 487 περικειμένων
427 450 501 486 αὐτῷ
530 450 628 478 κλοιῶν
653 449 700 482 οὒς
721 449 765 477 διὰ
790 450 910 485 Χριστὸν

116 497 260 533 έφόρεσεν.

394 552 433 587 Τῇ
454 551 521 587 αὐτῇ
541 551 633 587 τ’)μέρςι

117 615 263 650 Ἀθ.2ηοίς
276 615 337 642 τῶν
348 615 440 649 ἁγίων
451 614 614 650 μαρτύρων,
624 613 785 650 Θεοδώρου,
807 613 908 640 Ὠκεα-

255 649 328 684 νοῦ,
351 649 504 684 Ἆμιανοῦ,
521 649 569 676 καὶ
592 648 769 676 Ἰουλιανοῦ.

153 712 234 740 Οὗτοι
247 713 271 740 οἱ
285 713 357 747 ἆγιοι
374 712 511 748 μάρτυρες
527 713 651 747 ὑπῆρχον
671 711 718 738 ἐπὶ
733 711 908 746 Μαξιμιανοῢ

115 758 165 785 τοῦ
196 757 338 793 βασιλέως.
365 758 558 792 Κρατηθέντες
583 757 611 783 δὲ
637 757 682 784 καὶ
707 757 907 793 ἐρωτηθέντες,

115 804 299 839 ὡμολόγησαν
315 803 360 830 τὸν
376 804 517 838 Δεσπότην
541 803 670 838 Χριστόν.
690 803 745 830 Καὶ
763 803 808 830 διὰ
830 803 909 829 τοῦτο

117 849 326 885 κρεμασθέντες
350 849 499 885 ὲξὲσθησαν
529 849 626 885 μέχρις
659 849 770 876 ὀστέων.
792 849 908 875 Ἔπειτα
924 865 946 892 Β

116 896 302 932 ἐνεϐλήθησαν
330 897 370 928 είς
390 895 503 930 λουτρὸν
519 895 679 931 έκπυρωθὲν
705 895 835 930 ισχυρῶς,
860 894 908 921 καὶ

116 941 288 977 σφραγισθὲν
315 943 348 977 τῇ
368 942 497 977 σφραγῖδι
515 941 562 969 τοῦ
590 941 739 976 βασιλέως,
753 940 797 967 διὰ
818 940 848 966 τδ
870 939 908 974 μὴ

115 988 238 1021 ἐξελθεῖν
251 988 351 1019 αὐτοὺς
365 987 413 1014 ἀπ’
426 987 521 1018 αὑτοῦ,
535 987 602 1013 ἀλλὰ
619 987 765 1013 ἀποθανεῖν
781 987 810 1013 έν
821 985 907 1021 αὐτῷ.

118 1034 253 1068 Ἀγγελος
278 1033 307 1059 δὲ
334 1033 439 1067 Κυρίου
470 1032 605 1067 ἐξήγαγεν
630 1032 731 1063 αὐτοὺς
761 1031 907 1064 ἀϐλαϐεῖς,

117 1078 330 1114 ἡσφαλισμένων
347 1078 395 1105 καὶ
417 1078 644 1112 ἐσφραγισμένων
660 1077 715 1104 τῶν
731 1076 832 1112 θυρῶν.
854 1076 909 1103 Καὶ

117 1125 200 1152 πάλιν
222 1123 423 1159 κρατηθέντες,
440 1123 592 1157 ἀπάγονται
613 1121 665 1155 ἔξω
688 1122 737 1158 τῆς
753 1122 858 1153 πόλεως
880 1122 910 1149 ὲν

116 1171 215 1206 ἐρήμῳ
231 1170 306 1204 τόπῳ
325 1169 371 1195 τοῦ
394 1169 501 1204 πικρῶς
523 1168 698 1204 φονευθῆναι.
722 1168 909 1202 Αίτησάμενοι

116 1217 144 1243 δὲ
160 1216 235 1251 ὥραν
249 1216 405 1251 προσευχῆς
420 1214 585 1250 χαρίσασθαι
598 1214 690 1245 αὐτοῖς
706 1214 769 1245 τοὺς
782 1213 908 1248 δημίους,

118 1263 167 1290 καὶ
187 1263 315 1298 τυχόντες
330 1262 379 1297 τῆς
393 1262 539 1297 αἰτήσεως,
556 1260 669 1292 στάντες
681 1260 727 1286 ἰπὶ
741 1260 809 1287 πολὺ
823 1267 908 1294 ’προσ-

118 1309 237 1344 ηὔξαντο
251 1308 290 1343 τῷ
306 1307 375 1343 Θεῷ,
393 1307 464 1342 ὑπὲρ
482 1307 532 1342 τῆς
557 1305 750 1341 οίκουμενικῆς
769 1304 909 1332 καταστά-

119 1363 198 1387 σεως,
211 1355 259 1381 καὶ
269 1354 322 1381 τῶν
334 1353 420 1388 ἁγίων
437 1351 608 1388 Ἐκκλησιῶν
619 1360 626 1367 ⁸
640 1351 689 1378 καὶ
702 1351 909 1386 ηὐχαρίστησαν

118 1400 204 1436 αὐτῷ,
221 1401 262 1427 δτι
279 1399 435 1434 ἠξιώθησαν
447 1397 494 1425 τοῦ
511 1399 684 1434 μαρτυρῆσαι
696 1397 730 1424 δι’
745 1395 836 1423 αὐτόν.
854 1394 911 1422 Καὶ

118 1447 191 1473 οὕτω
206 1445 409 1476 κατακοπέντες
426 1444 516 1471 πάντα
538 1443 572 1471 τὰ
594 1444 674 1479 μέλη,
698 1442 746 1470 καὶ
767 1442 801 1469 τὰ
825 1441 909 1477 σκέλη

120 1492 319 1528 συντριϐέντες,
335 1491 522 1527 ένεὸλήθησαν
539 1490 581 1522 εις
597 1489 664 1526 πῦρ,
683 1489 731 1516 καὶ
745 1488 831 1521 οὕτως
849 1488 909 1514 ἑτε-

118 1538 282 1575 λι.ώθησαν.

383 1591 423 1626 Τῇ
440 1590 512 1626 αὐτῇ
528 1589 622 1626 ἡμέρᾳ

121 1657 262 1689 Ἀθλησις
285 1654 341 1688 τῆς
357 1654 444 1689 ἁγίας
467 1653 618 1688 μάρτυρος
633 1652 802 1688 Ἑρμιόνης,
820 1654 910 1688 θυγα-

172 1688 241 1724 τρὸς
259 1690 312 1718 τοῦ
331 1689 417 1725 ἁγίου
433 1689 582 1716 Φιλίππου
601 1689 654 1716 τοῦ
668 1688 854 1716 ἀποστόλου.

159 1754 192 1783 Ἦ
207 1753 273 1789 ἁγία
287 1753 392 1789 μάρτυς
412 1751 540 1788 Ἐρμιόνη
565 1751 672 1787 ὑπῆρχε
689 1751 738 1786 μὲν
749 1751 796 1778 ἐπὶ
808 1751 910 1786 Τραϊα-

121 1800 166 1829 νοῦ
179 1799 225 1826 τοῦ
239 1799 381 1834 βασιλέως,
398 1796 432 1834 ἦν
447 1798 474 1824 δὲ
488 1798 612 1834 θυγάτηρ
625 1798 758 1824 Φιλίππου
775 1797 822 1824 τοῦ
839 1798 909 1823 ἁπο-

123 1846 226 1874 στόλου.
249 1843 304 1872 Ἶίν
323 1845 351 1871 δὲ
379 1845 448 1880 αὐτῇ
474 1844 576 1879 ἀδελφὴ
600 1844 753 1879 καλουμένη
772 1843 907 1878 Εὑτυχής.

123 1893 177 1920 Καὶ
201 1891 384 1927 παρεγένοντο
403 1890 431 1917 αἱ
446 1889 493 1917 δύο
512 1891 552 1922 είς
569 1889 696 1924 Ἔφεσον,
721 1889 910 1925 προσκυνῆσαι

122 1939 166 1964 τὸν
183 1937 312 1972 Θεολόγον
333 1937 460 1972 Ἰωάννην
470 1956 478 1969 ,
494 1937 540 1963 καὶ
564 1937 613 1971 οὐχ
640 1934 718 1971 εὖρον
734 1935 832 1962 αὐτόν’
846 1944 911 1970 μετ-

123 1984 201 2018 ετέθη
215 1983 268 2018 γὰρ
283 1983 344 2018 ἠδη.
367 1981 468 2009 Ἐλθὼν
493 1983 521 2008 δὲ
538 1983 586 2008 καὶ
604 1981 739 2016 Τραϊανὸς
753 1982 766 2008 ό
783 1980 911 2015 βασιλεὺς

123 2030 161 2059 εἰς
186 2027 316 2062 Ἔφεσον,
335 2027 402 2062 πρὸς
418 2026 463 2052 τὸν
477 2026 549 2052 κατὰ
565 2025 619 2051 τῶν
639 2025 753 2060 Περσῶν
775 2025 909 2058 πόλεμον,

122 2069 185 2109 εὗρε
199 2073 230 2100 τὸ
242 2072 328 2108 ὄνομα
343 2073 394 2107 τῆς
411 2071 492 2105 ἁγίας
513 2069 660 2106 Ἑρμιόνης
681 2069 753 2104 μέγα
775 2069 818 2094 ἐπ’
835 2068 911 2094 εὐσε-

125 2121 203 2156 ϐείᾳ·
235 2119 283 2146 καὶ
305 2118 360 2154 γὰρ
380 2116 414 2154 ἦν
439 2116 668 2153 προφητεύουσα·
700 2116 748 2142 καὶ
770 2115 912 2150 κρατήσας
930 2139 937 2145 ,

127 2166 227 2202 α-ιτὴν,
256 2165 302 2191 καὶ
337 2163 548 2197 καταναγκάσας
582 2161 752 2197 ἀρνήσασθαι
777 2161 824 2187 τὸν
845 2161 912 2196 Χρι-

962 221 1077 248 dedecet
1085 214 1225 248 diadema.
1237 221 1315 249 Tune
1328 222 1510 251 Numerianus
1519 224 1682 251 sententiam
1691 232 1740 259 pro

961 266 1096 294 nuntiavit
1123 267 1256 295 adversus
1275 276 1350 301 eum,
1374 273 1401 296 et
1422 270 1554 298 adversus
1578 277 1687 305 pueros.
1703 272 1749 306 qui

960 311 995 338 ab
1016 319 1050 338 eo
1077 311 1300 341 instituebantur.
1317 313 1385 340 Cum
1401 314 1462 342 illos
1476 314 1558 349 igitur
1579 316 1750 350 accepissent

960 358 1070 390 milites,
1082 358 1253 394 jugularunt.
1266 362 1356 394 Atque
1378 360 1414 386 ita
1436 366 1548 387 sanctus
1563 368 1577 387 a
1591 362 1645 395 piis
1674 361 1747 388 Chri-

960 404 1057 431 stianis
1079 405 1201 439 sepultus
1225 410 1267 432 est
1300 410 1376 433 extra
1395 406 1489 433 urbem
1514 405 1665 433 Antiochiae
1697 413 1749 434 una

959 457 1021 477 cum
1033 450 1234 485 circumpositis
1247 451 1298 486 ipsi
1312 451 1426 485 catenis,
1440 458 1509 486 quas
1532 455 1642 486 propter
1665 451 1749 478 Chri-

960 499 1032 523 stum
1046 496 1206 530 pertulerat.

1261 551 1360 579 Eodem
1376 551 1419 578 die

962 614 1012 650 13
1020 615 1157 643 Certamen
1168 620 1320 642 sanctarum
1329 619 1475 650 martyrum
1487 615 1628 648 Theodori,
1640 615 1751 648 Oceani,

1206 650 1314 676 Amiani
1332 655 1356 676 et
1373 649 1489 678 Iuliani.

997 712 1028 740 Hi
1043 713 1130 740 sancti
1145 718 1278 749 martyres
1303 713 1420 741 ﬂoruere
1442 713 1608 741 Maximiano
1636 713 1749 749 impera-

959 764 1027 787 tore.
1037 759 1234 794 Comprehensi
1260 763 1363 792 autem,
1372 764 1399 787 et
1410 760 1579 795 interrogati,
1592 767 1654 787 cum
1667 758 1747 787 Citri-

960 809 1034 832 stum
1064 805 1209 832 Dominum
1223 806 1429 838 conﬁterentur,
1451 806 1588 840 suspensi,
1604 804 1753 840 depexique

960 852 994 878 ad
1009 858 1071 878 ossa
1091 850 1169 879 fuere
1189 851 1305 879 :deinde
1323 851 1349 878 in
1364 851 1596 879 ferventissimum
1613 851 1751 882 balneum,

959 897 1048 932 sigillo
1058 897 1232 932 imperatoris
1242 898 1426 932 obsignatum,
1441 905 1473 925 ne
1483 897 1545 925 inde
1557 898 1632 925 exire
1641 900 1753 932 possent

959 942 1006 971 sed
1033 942 1143 969 interire
1171 942 1208 969 ibi
1235 947 1408 976 cogerentur,
1422 942 1534 970 detrusi.
1554 942 1606 969 Sed
1637 942 1750 976 angelus

960 985 1068 1013 Domini
1092 993 1140 1014 eos
1165 986 1275 1017 illaesos,
1301 985 1406 1014 foribus
1425 994 1440 1014 e
1463 987 1574 1022 pessulo
1591 987 1706 1014 ﬁrmatis
1719 991 1748 1013 et

959 1031 1120 1066 obsignatis,
1136 1032 1240 1059 eduxit.
1253 1031 1359 1060 Rursus
1373 1036 1462 1060 autent
1477 1033 1559 1067 capti,
1574 1032 1750 1060 abducuntur

959 1083 1035 1104 extra
1064 1078 1160 1105 urbem
1185 1077 1214 1105 in
1241 1077 1380 1105 desertum
1406 1077 1508 1110 locum,
1527 1082 1556 1104 ut
1585 1077 1752 1104 lruculenter

959 1123 1178 1150 interﬁcerentur
1191 1130 1200 1149 :
1215 1123 1260 1150 ubi
1274 1124 1367 1158 petita,
1381 1128 1409 1151 et
1421 1123 1565 1158 impetrata
1581 1131 1596 1150 a
1610 1123 1752 1150 carniﬁci-

959 1167 1011 1194 bus
1026 1168 1060 1194 ad
1077 1168 1210 1195 orandum
1224 1168 1301 1199 hora,
1318 1172 1421 1196 stantes
1433 1168 1551 1195 multum
1565 1168 1667 1202 precati
1682 1171 1749 1195 sunt

960 1212 1057 1245 Deum,
1081 1213 1200 1247 primum
1225 1213 1335 1248 quidem
1360 1221 1408 1248 pro
1426 1214 1510 1240 totius
1527 1214 1602 1240 orbis
1617 1214 1752 1241 constitu-

960 1258 1045 1289 tione,
1069 1263 1284 1292 sanctarumque
1302 1258 1487 1286 Ecelesiarum
1525 1258 1722 1292 tranquillitate
1742 1267 1750 1285 :

959 1304 1058 1331 deinde
1088 1304 1190 1339 gralias
1212 1304 1302 1331 eidem
1329 1307 1453 1339 egerunt,
1467 1304 1539 1337 quod
1562 1304 1634 1338 digni
1661 1304 1748 1330 habiti

959 1355 1064 1381 essent,
1078 1350 1126 1384 qui
1142 1350 1305 1385 martyrium
1322 1357 1370 1384 pro
1385 1350 1444 1384 ipso
1458 1349 1592 1376 subirent.
1606 1348 1694 1384 Atque
1709 1349 1748 1394 it\a

959 1395 1081 1431 precisis
1100 1395 1215 1431 singulis
1231 1395 1372 1428 membris,
1386 1395 1570 1429 cruribusque
1587 1393 1750 1426 confractis,

959 1441 987 1470 in
1004 1443 1092 1478 ignem
1106 1442 1210 1478 iniecti,
1227 1442 1309 1469 tinem
1324 1441 1432 1469 vivendi
1446 1440 1578 1469 fecerunt.

1275 1590 1376 1618 Eodem
1392 1589 1435 1616 die

961 1654 1013 1692 ιε
1042 1653 1182 1684 Certamen
1211 1652 1468 1692 sauct_¢____ma_rtyris
1499 1651 1655 1692 Hemianee,
1687 1653 1752 1688 ﬁlia

1170 1690 1256 1717 sancti
1271 1688 1389 1724 Philippi
1405 1691 1529 1723 apostoli.

996 1752 1093 1781 Sancta
1109 1759 1211 1788 martyr
1237 1752 1392 1784 Hermione.
1410 1751 1463 1779 tilia
1484 1752 1601 1788 Philippi
1617 1752 1752 1787 apostoli.

960 1799 1052 1826 ﬂoruit
1067 1798 1186 1834 Trajano
1206 1798 1379 1832 imperatore.
1394 1798 1495 1826 Habuit
1519 1803 1608 1826 autem
1630 1805 1753 1825 somrcm

961 1845 1073 1872 nomine
1091 1844 1230 1880 Eutychen
1247 1864 1255 1876 ,
1268 1852 1328 1871 cum
1341 1852 1394 1879 qua
1421 1844 1556 1879 Ephesum
1582 1844 1710 1879 perrexit,
1724 1847 1754 1870 ut

960 1891 1094 1919 Joannem
1109 1890 1276 1926 Tlteologum
1287 1890 1432 1917 adorarent
1448 1900 1454 1916 :
1467 1898 1520 1916 non
1536 1894 1626 1916 tamen
1640 1889 1752 1915 invene-

961 1942 1025 1966 runt
1039 1946 1120 1966 eum:
1135 1937 1283 1966 translatus
1293 1937 1366 1964 cnim
1377 1937 1434 1972 jam
1447 1936 1545 1963 fuerat.
1565 1935 1642 1962 Venit
1657 1939 1748 1962 autem

961 1990 989 2013 et
1005 1985 1140 2020 Trajanus
1155 1985 1302 2019 imperator
1322 1983 1460 2018 Ephesum
1473 1983 1506 2009 ad
1524 1981 1661 2008 Persicam
1672 1988 1753 2014 expe-

962 2031 1103 2062 ditionem.
1115 2031 1272 2065 audivitque
1288 2037 1385 2056 nomen
1399 2028 1559 2054 llermiones
1575 2027 1744 2061 tpercelcbre

963 2083 995 2103 ac
1020 2076 1217 2107 venerandum,
1244 2083 1277 2102 eo
1290 2074 1363 2110 quod
1385 2073 1543 2108 prophetico
1562 2077 1634 2099 esset
1663 2071 1752 2098 amata

964 2120 1073 2155 spiritu.
1085 2120 1317 2154 Comprehensam
1336 2119 1418 2154 igitur
1434 2126 1496 2145 cum
1515 2125 1530 2144 a
1547 2116 1649 2144 Christi
1672 2116 1748 2143 cultu

964 2166 1100 2192 abducere
1119 2173 1174 2192 non
1195 2169 1297 2200 posset.
1312 2164 1391 2198 jubet
1414 2163 1451 2190 illi
1474 2163 1567 2197 alapas
1588 2161 1692 2188 incuti:
1709 2161 1755 2188 cui

127 2201 196 2242 στὸν,
213 2208 251 2240 ὡς
265 2208 315 2235 οὒκ
330 2207 438 2240 ἔπεισε,
454 2207 559 2233 κελεύει
573 2205 721 2232 τύπτεσθαι
737 2205 821 2241 αὐτὴν
841 2204 909 2232 κατὰ

965 2212 1097 2239 Dominus
1122 2219 1267 2246 apparens.
1283 2210 1388 2238 addidit
1418 2209 1551 2241 animum,
1569 2208 1756 2235 continuavit-

125 2256 170 2283 τοῦ
195 2255 353 2292 προσώπου.
375 2255 534 2290 Ἐπιφανεὶς
548 2253 576 2280 δὲ
603 2255 624 2289 6]
639 2253 752 2288 Κύριος,
769 2253 910 2288 ἐνίσχυσεν

127 2303 210 2338 αὐτὴν
225 2302 370 2337 καρτερεῖν
393 2300 461 2335 πρὸς
487 2300 536 2332 τὰς
561 2300 705 2335 βασάνους.
718 2299 796 2326 Μετὰ
822 2298 910 2325 ταῦτα

126 2347 154 2375 δὲ
194 2346 405 2382 προφητεύουσα
435 2346 501 2381 περὶ
535 2344 691 2380 Τραϊανοῦ,
725 2345 766 2371 ὅτι
803 2349 911 2380 νικήσει

126 2395 187 2425 τοὺς
202 2393 319 2429 Πέρσας,
341 2393 402 2419 τότε
420 2392 469 2427 μὲν
486 2391 618 2426 ἀπελύθη.
636 2391 714 2418 Μετὰ
730 2391 759 2418 δὲ
776 2391 912 2426 Τραϊανὸν

127 2440 266 2474 κρατήσας
282 2439 330 2473 τῆς
345 2438 483 2473 βασιλείας
498 2437 646 2473 όγαμὸρὸς
659 2436 741 2463 αὑτοῦ
759 2436 909 2472 Ἀδριανὸς,

127 2485 257 2520 κατέσχεν
270 2484 366 2519 αὑτήν.
381 2484 436 2510 Καὶ
448 2484 659 2518 καταναγκάσας
671 2483 843 2518 ἀρνήσασθαι
862 2482 912 2517 μὲν

127 2532 170 2558 τὺν
184 2530 314 2567 Χριστὸν,
330 2530 412 2557 θῦσαι
426 2529 455 2556 δὲ
469 2531 523 2561 τοῖς
540 2529 669 2562 ειδώλοις,
687 2530 734 2556 καὶ
750 2528 788 2564 μὴ
802 2528 910 2561 πείσας,

130 2575 294 2611 προσέταξεν
314 2574 576 2609 ἁποκεφαλισθῆναι.
594 2573 786 2609 Ξηρανθεισῶν
808 2572 837 2599 δὲ
858 2572 912 2599 τῶν

128 2623 225 2658 χειρῶν
240 2622 293 2649 τῶν
309 2622 424 2658 δημίων,
441 2621 615 2653 ἐπίστευσαν,
631 2621 678 2647 καὶ
695 2620 743 2647 σὺν
760 2620 829 2655 αὐτῇ
857 2620 912 2646 ἁπ-

128 2668 357 2707 εκεφαλίσθησαν.

400 2725 439 2759 Τῇ
458 2723 527 2759 αὐτῇ
545 2723 634 2758 ἡμιέρει1

172 2779 281 2815 dli-251m
298 2779 351 2807 τοῦ
364 2779 451 2814 ἁγίου
470 2778 599 2812 Μωσέως
614 2778 668 2806 τοῦ
689 2779 865 2813 νομοθέτου.

163 2834 284 2870 Μωῦσῆς
299 2835 312 2861 ὁ
333 2834 476 2870 προφήτης
492 2834 538 2861 καὶ
554 2833 702 2869 νομοθέτης
727 2833 838 2868 γέγονεν
854 2834 911 2866 υἱὸς

962 2265 1025 2292 que,
1038 2263 1066 2284 ut
1087 2262 1221 2284 tormenta
1233 2255 1339 2283 fortiter
1360 2254 1505 2290 perferret.
1519 2253 1570 2280 Sed
1588 2254 1669 2287 paulo
1691 2255 1754 2286 post

962 2302 1109 2337 aTrajano
1133 2302 1290 2333 dimittitur,
1315 2301 1388 2336 quod
1406 2301 1430 2327 ei
1447 2299 1615 2335 pnedixisset
1641 2298 1699 2325 fore
1723 2302 1755 2325 ut

963 2349 997 2377 de
1025 2349 1115 2376 Persis
1135 2349 1326 2382 triumpharet.
1352 2347 1490 2374 Adrianus
1521 2353 1595 2377 vero.
1628 2352 1710 2380 gener
1728 2348 1756 2371 et

963 2402 1106 2422 successor
1140 2394 1263 2429 Trajani,
1287 2393 1513 2427 comprehensam
1552 2391 1648 2417 herum
1684 2389 1756 2424 cogit

962 2440 1100 2468 Christum
1135 2440 1280 2475 abnegare,
1315 2438 1451 2472 idolisque
1486 2437 1650 2465 sacriﬁcare.
1677 2434 1755 2468 Quod

962 2494 1023 2515 cum
1035 2487 1078 2514 illa
1092 2487 1180 2514 facere
1192 2487 1338 2519 renuisset.
1349 2486 1431 2520 jussit
1443 2483 1578 2518 amputari
1592 2483 1650 2516 ejus
1663 2485 1753 2514 caput.

962 2533 1157 2560 Aresccntibus
1175 2541 1239 2559 vero
1256 2532 1415 2560 carnilicum
1444 2530 1581 2560 manibus,
1600 2528 1650 2562 ipsi
1669 2528 1751 2553 etiam

964 2577 991 2605 in
1005 2578 1145 2606 Christum
1162 2578 1348 2610 crediderunt,
1364 2583 1446 2613 atque
1463 2582 1517 2603 una
1531 2581 1593 2602 cum
1608 2573 1654 2600 illa
1669 2573 1756 2607 capite

963 2624 1035 2659 plexi
1052 2629 1124 2652 sunt.

1127 2755 1134 2761 _
1263 2722 1365 2750 Eodem
1383 2721 1426 2748 dic

1054 2779 1105 2815 15
1127 2778 1255 2806 Memoria
1270 2777 1355 2803 sancti
1378 2775 1477 2811 Moysis
1493 2775 1661 2810 icgislaloris.

1001 2834 1106 2870 Moyses
1119 2833 1248 2868 propheta
1263 2837 1286 2859 ct
1305 2831 1443 2865 legislator
1458 2835 1531 2866 patre
1544 2829 1657 2857 Hebraeo
1672 2833 1755 2855 natus
