1939 3075
79 89 146 121 H3

835 95 998 126 APRILlS.
1024 121 1027 124 .

1683 95 1734 126 Ml

76 150 93 173 ὁ
116 149 350 185 μεγαλομάρτυρ
365 149 501 185 Ρεὼργιος
517 150 704 183 ἐϐασανίζετο,
721 151 891 187 παρίσταντο

954 153 1081 180 :ruciatus
1109 152 1160 179 fuit
1187 160 1304 186 magnus
1331 151 1434 179 Christi
1464 155 1566 187 martyr
1588 150 1733 186 Georgius,

77 194 125 228 τῷ
141 195 270 229 βασιλεῖ,
299 196 445 231 δορυφόροι
472 196 564 228 ὅντες·
587 197 636 224 καὶ
662 197 762 229 ἰδόντες
775 197 810 224 τὰ
826 197 892 224 θαύ-

84 249 189 274 ματα,
210 242 342 276 ῥίψαντες
357 243 389 269 οὐ
405 243 486 277 μόνον
501 243 536 270 τὰ
565 243 651 275 ὅπλα,
679 244 748 270 ἀλλὰ
775 245 823 270 καὶ
844 243 894 275 τὰς

83 286 190 319 ζώνας
211 288 320 320 αὐτῶν,
350 288 506 323 ἐστάθησαν
532 288 690 324 ἔμπροσθεν
717 289 822 321 αὑτοῦ,
845 290 894 316 καὶ

81 332 285 368 ὡμολόγησαν
311 334 356 361 τὸν
383 334 511 369 Χριστόν.
542 335 597 362 Καὶ
621 334 816 369 κρατηθέντες,
847 335 895 361 καὶ

83 379 214 406 ἁλύσεσι
234 380 369 413 δεθέντες,
385 380 606 415 ἀπεκλείσθησαν
626 381 666 412 εἰς
683 380 808 414 φυλακήν
821 387 829 394 ·
845 381 894 406 καὶ

161 427 197 460 τῇ
213 425 311 461 αὔριον
334 426 385 461 τῆς
411 426 537 461 φυλακῆς
565 426 741 460 ἐξελθόντες,
770 426 895 462 ἤχθησαν

84 472 218 505 δέσμιοι,
233 473 281 498 καὶ
296 472 475 507 παρέστησαν
492 471 608 499 ἐνώπιον
624 473 706 499 αὑτοῦ
721 481 727 487 ·
747 473 793 499 καὶ
809 481 895 507 κατη-

86 520 299 555 ναγκάσθησαν
324 520 432 555 πρῶτον
455 520 505 555 μὲν
523 520 568 547 διὰ
582 520 637 547 τῶν
664 521 787 547 ἀπειλῶν
811 521 896 556 ἀρνή-

88 565 202 593 σασθαι
213 565 261 592 τὸν
269 566 388 601 Χριστόν
403 575 410 581 ·
427 565 524 593 ἔπειτα
531 566 559 593 δὲ
571 566 616 593 διὰ
628 567 748 602 μετρίων
759 567 894 601 βασάνων.

94 610 149 642 Ὦς
165 612 196 638 δὲ
209 612 260 647 τὴν
273 611 389 646 γνώμην
405 610 477 647 εἶχον
493 612 662 647 ἀμετάθετον
677 613 746 648 πρὸς
757 613 876 647 Χριστὸν
887 633 895 645 ,

90 658 312 692 κρεμασθέντες
330 657 493 693 ἐξέσθησαν,
513 659 560 685 κα)⁵
573 659 621 690 τὰς
636 659 757 694 πλευρὰς
769 659 896 695 λαμπάσι

95 704 333 739 κατεφλέχθησαν
347 711 354 718 ·
367 702 426 730 εἶτα
441 705 480 736 εἰς
499 705 626 740 φυλακὴν
649 705 895 741 κατεκλείσθησαν.

96 751 159 776 Καὶ
177 749 248 784 μετὰ
267 749 354 777 ταῦτα
366 750 417 784 τῆς
442 750 568 785 φυλακῆς
595 751 792 786 ἐκϐληθέντες,
816 752 897 780 πάλιν

95 795 322 830 ἡναγκάσθησαν
337 796 508 831 ἀρνήσασθαι
529 797 579 833 μὲν
591 796 636 823 τὸν
659 797 787 832 Χριστὸν,
816 798 896 825 θῦσαι

943 199 1071 226 astabant
1091 199 1261 233 imperatori,
1275 199 1366 226 hastas
1388 198 1517 226 ferentes.
1533 198 1568 224 At
1589 205 1650 224 cum
1671 206 1735 232 pro-

944 246 1016 281 digia
1029 246 1075 272 illa
1089 245 1231 277 vidissent,
1249 252 1303 271 non
1326 246 1406 271 modo
1422 245 1516 276 armis,
1534 245 1581 271 sed
1603 250 1628 271 et
1644 244 1735 277 cingu-

946 293 979 320 lis
995 292 1052 320 suis
1068 291 1206 326 proiectis,
1218 295 1281 318 ante
1296 291 1386 325 ipsum
1404 291 1595 325 imperatorem
1621 295 1733 322 stetere,

945 340 1083 367 Christum
1099 338 1270 374 profitentes.
1284 337 1480 372 Comprehensi
1503 337 1629 371 proinde,
1644 341 1671 364 ct
1690 344 1736 363 ca-

947 387 1019 414 tenis
1034 386 1186 416 constricti,
1204 385 1230 411 in
1255 391 1394 412 carcerem
1422 384 1522 410 detrusi
1542 384 1661 410 fuerunt.
1685 383 1735 409 Sc;

946 431 1040 466 queuti
1059 438 1122 457 vero
1137 430 1180 457 die
1194 437 1209 457 ρ
1225 436 1335 456 carcere
1347 428 1447 458 educti.
1463 433 1490 455 et
1500 428 1617 454 vinculis
1631 427 1735 460 onusti,

947 478 1040 505 coram
1065 477 1160 504 eodem
1185 477 1350 511 imperatore
1367 474 1509 502 constituti
1528 478 1592 501 sunt
1611 481 1664 501 :ac
1679 474 1736 508 pri-

947 532 1021 551 mum
1047 523 1158 558 quidem
1180 522 1273 554 minis,
1289 521 1387 548 deinde
1410 521 1492 546 etiam
1511 519 1666 546 mitioribus
1680 524 1737 546 tor-

948 570 1048 597 mentis
1063 569 1201 596 Christum
1214 569 1341 595 deserere
1358 566 1492 602 compulsi
1508 571 1582 594 sunt.
1598 565 1651 592 Sed
1675 572 1736 591 cum

947 616 1110 645 immutabili
1125 616 1151 642 in
1163 615 1301 642 Christum
1315 613 1601 647 animojpersisterent.
1613 611 1738 645 suspensi

949 664 1100 698 dopexique
1117 663 1238 693 fuerunt,
1257 660 1417 694 facibusque
1432 659 1458 687 in
1470 658 1601 685 lateribus
1614 658 1738 690 uslulati,

949 718 981 738 ac
993 709 1093 737 deinde
1116 709 1142 735 in
1161 715 1300 735 carcerem
1323 707 1420 734 iterum
1437 705 1565 739 cnnjecti.
1582 703 1709 731 Posthare
1724 710 1740 730 e

948 751 1059 785 carcere
1071 755 1174 787 educti,
1191 755 1281 781 denuo
1294 753 1433 781 Christum
1451 752 1598 786 abnegare,
1615 755 1642 778 et
1660 750 1740 778 idolis

950 803 1106 831 sacriﬁcare
1119 802 1188 836 iussi
1204 805 1277 829 sunt.
1291 799 1420 826 Nolentes
1436 803 1524 825 autem
1538 797 1739 833 obtemperareI

95 842 129 868 δὲ
147 843 206 874 τοῖς
225 841 357 874 εἰδώλοις.
374 843 429 869 Καὶ
445 843 483 879 μὴ
499 843 656 876 πεισθέντες
680 845 747 880 πυρὶ
770 845 897 873 ἐτελειώ-

954 851 977 877 in
995 850 1082 883 ignem
1103 847 1205 884 injecti,
1223 847 1303 874 liuom
1318 845 1426 873 vivendi
1444 845 1579 872 fecerunt.

97 889 114 915 θ
119 898 137 924 τ,
141 897 193 916 σαν
197 908 205 916 .

354 938 444 965 sum
471 939 515 973 Ta
540 939 644 975 ΑΥΤῼ.

488 986 519 1012 κ,

101 1030 217 1065 Mrtua-
246 1031 300 1058 τοῦ
325 1031 413 1058 ὁσίου
430 1032 556 1093 gat-pila
570 1031 655 1070 ῄμῶν
670 1033 822 1067 Θεοδώρου
846 1033 898 1060 τοῦ

458 1076 566 1093 οιγμνα.

454 1076 566 1101 ριχινα.

439 1076 452 1093 ι
477 1077 483 1091 ι
509 1076 566 1094 Ira.

142 1112 284 1147 Θεόδωρος
300 1113 313 1139 ό
329 1113 359 1139 ὲν
374 1076 571 1148 ἁγίοιςρῐξατὴρ
584 1113 664 1148 ἡμῶν
676 1134 683 1146 ,
703 1115 716 1140 ό
732 1114 893 1149 ἐπικληθεὶς

103 1158 252 1193 Τριχινᾶς,
267 1156 301 1193 ἦν
317 1159 632 1190 Κωνσταντινουπόλεως
656 1159 702 1185 καὶ
717 1159 841 1194 γέννημα
852 1159 900 1185 καὶ

106 1203 234 1238 θρέμμα.
249 1204 389 1231 Πλουσίων
404 1205 431 1230 δὲ
445 1204 546 1238 γονέων
560 1205 692 1240 ὑπάρχων
716 1205 774 1236 υίὸς
786 1225 792 1235 .
820 1205 900 1231 κατέ-

106 1251 172 1277 λιπε
185 1251 232 1279 καὶ
250 1251 339 1282 rvet;
355 1250 402 1277 καὶ
417 1249 532 1276 πλοῦτον
545 1250 693 1282 καὶδόξαν,
709 1250 757 1277 καὶ
775 1250 900 1277 ἀπελθὼν

107 1297 139 1321 ἐν
157 1297 191 1332 τῇ
205 1295 274 1330 μονῇ
287 1295 318 1332 τῇ
334 1294 367 1321 δι’
383 1294 464 1322 αὑτὸν
477 1295 633 1331 καλουμένῃ
650 1296 774 1331 Τριχινᾶ,
792 1297 902 1331 ἐγένετο

109 1342 230 1375 μοναχός
241 1349 248 1356 ·
267 1341 312 1368 καὶ
323 1341 442 1376 τοσαύτῃ
467 1342 664 1377 σκληραγωγὶᾳ
677 1343 773 1369 ἑαυτὸν
799 1343 902 1370 ὑπέδα-

107 1387 173 1420 λεν,
185 1387 256 1414 ὥστε
272 1388 368 1422 νεκρὸς
385 1387 528 1421 φαίνεσθαι
544 1389 600 1418 τοῖς
617 1389 684 1415 πᾶσι
697 1396 704 1404 ·
721 1388 754 1419 δι’
767 1389 832 1424 ὅλης
848 1390 902 1425 γὰρ

109 1433 210 1464 νυκτὸς
228 1433 275 1459 καὶ
291 1433 398 1468 ἡμέρας
406 1433 443 1468 τῷ
457 1433 547 1469 κρύει,
567 1434 613 1460 καὶ
627 1434 666 1469 τῷ
691 1435 802 1470 παγετῷ
819 1444 902 1471 προσι-

114 1480 275 1531 παλαίωνι
288 1480 382 1531 ἵστατο
418 1481 646 1516 προσευχόμενος,
669 1481 699 1508 ἓν
726 1482 807 1516 μόνον
836 1483 901 1518 ίμά-
915 1501 938 1531 C

108 1535 167 1552 τιον
193 1525 437 1561 περιΰεόλημένος,
451 1528 563 1554 κακεῖνο
578 1527 709 1562 τρίχινον,
728 1528 775 1554 καὶ
800 1529 895 1563 ἁδρόν·

107 1572 154 1599 διὰ.
166 1572 247 1601 τοῦτο
257 1572 311 1607 γὰρ
327 1572 372 1599 καὶ
388 1573 519 1608 Τριχινᾶς
527 1574 722 1609 ἐπωνομάσθη.
739 1573 795 1601 Ἶιν
812 1576 841 1602 δὲ
855 1575 902 1603 καὶ

109 1619 288 1650 ἁνυπόδετος,
308 1619 356 1646 καὶ
370 1619 419 1654 τὴν
442 1619 563 1654 κεφαλὴν
573 1618 647 1654 εῖχεν
659 1621 883 1655 ἀπερικὰλυπτον
894 1642 901 1654 ,

110 1665 160 1691 καὶ⁵
172 1664 312 1692 ᾶσκεπον·
329 1664 391 1691 ὅθεν
409 1664 456 1690 καὶ
475 1665 546 1691 κατὰ
568 1665 703 1699 δαιμόνων
719 1665 811 1693 λαϐὼν
827 1667 903 1700 ἐξου-

112 1711 187 1743 σίαν,
201 1710 288 1737 πολλὰ
301 1710 427 1746 θαύματα
449 1710 573 1745 ἐποίησε,
591 1711 639 1738 καὶ
659 1711 731 1738 τέλει
747 1712 805 1747 βίου
832 1722 904 1748 χρη-

111 1757 230 1792 σᾲμενος
254 1756 301 1783 τοῦ
324 1756 542 1791 θαυματουργεῖν
568 1758 618 1784 οὐκ
644 1758 802 1793 ἐπαύσατο,
836 1760 904 1788 ἀλλὰ

111 1804 232 1839 παρέχει
245 1803 347 1838 ἰάματα
365 1804 433 1829 πᾶσι
444 1805 501 1834 τοῖς
518 1805 751 1840 προσερχομένοις
766 1807 852 1842 αὐτῷ.

1212 938 1329 967 EODEM
1355 936 1481 964 MENSE.

1247 985 1294 1011 Die
1316 983 1444 1011 vicesima

949 1035 1077 1063 Memoria
1096 1032 1181 1060 nancti
1201 1031 1291 1059 Patris
1315 1030 1400 1056 nostri
1415 1026 1556 1059 Theodori,
1577 1026 1621 1061 qui
1641 1024 1740 1052 TricItL

1180 1075 1228 1093 nas
1245 1066 1444 1099 cognominatus
1459 1068 1509 1090 est.

986 1116 1104 1144 Sanctus
1132 1113 1210 1140 Pater
1234 1117 1328 1139 noster
1352 1110 1534 1138 Theodorus,
1559 1109 1741 1142 cognomento

951 1162 1106 1192 Tricbinas,
1124 1161 1176 1187 hoc
1196 1163 1247 1191 est,
1263 1158 1381 1188 Pilosns,
1398 1153 1635 1188 Constantinopoli
1660 1155 1741 1178 natus

951 1214 978 1237 el.
992 1209 1124 1235 educatus
1149 1205 1210 1233 fuit.
1238 1204 1306 1231 Cum
1329 1207 1420 1229 autem
1446 1201 1561 1227 divitum
1595 1201 1737 1233 parentum

953 1255 1024 1282 Illius
1047 1257 1131 1284 esset,
1147 1252 1208 1278 illos
1230 1257 1285 1277 una
1307 1255 1369 1276 cum
1386 1246 1490 1274 divitiis
1507 1250 1534 1272 et
1549 1244 1635 1279 gloria
1657 1242 1737 1269 relin-

953 1307 1050 1334 quens,
1068 1299 1096 1326 in
1124 1296 1322 1324 monasterium
1351 1301 1380 1321 se
1406 1292 1518 1323 reCepit,
1535 1290 1607 1325 quod
1624 1289 1657 1316 ab
1681 1289 1742 1322 ipso

953 1345 1090 1374 Tricbinze
1105 1350 1203 1370 nomen
1233 1341 1338 1373 habuit,
1355 1339 1447 1373 ibique
1463 1335 1642 1364 monasticam
1658 1333 1740 1360 vitam

953 1391 1084 1426 suscepit.
1099 1387 1259 1416 Austeritati
1281 1393 1346 1414 vero
1359 1392 1446 1419 usque
1460 1383 1530 1410 adeo
1544 1389 1574 1409 se
1589 1381 1679 1415 ipsum
1694 1379 1743 1406 ad-

954 1440 1034 1470 dixit,
1048 1443 1078 1465 ut
1097 1444 1181 1472 prope
1197 1439 1321 1462 mortuus
1336 1431 1445 1460 cunctis
1458 1430 1607 1457 videretur.
1623 1427 1744 1454 Cunctas

954 1486 1027 1513 enim
1044 1488 1139 1511 noctes
1155 1483 1267 1516 diesque
1287 1479 1381 1515 [rigori
1402 1483 1428 1505 et
1445 1476 1540 1512 glacici
1565 1473 1742 1504 obluctando,

955 1533 1107 1565 standoque
1128 1529 1199 1556 inter
1215 1534 1309 1562 preces
1322 1525 1502 1559 transigebat,
1519 1522 1597 1549 unica
1611 1524 1684 1547 veste
1700 1519 1744 1545 in-

955 1577 1048 1608 dutus,
1080 1579 1168 1608 eaque
1195 1571 1308 1602 rustica,
1323 1569 1380 1604 6h
1408 1572 1435 1594 et
1454 1575 1486 1593 ex
1512 1566 1574 1600 pilis
1591 1566 1742 1591 contexta:

955 1626 1036 1656 atque
1065 1619 1165 1646 idcirco
1190 1616 1345 1646 Tricltinas,
1362 1614 1387 1640 id
1417 1617 1458 1640 est
1486 1611 1604 1641 Pilosns,
1631 1611 1744 1635 vocatus

956 1652 1017 1696 [υἱ-ι.
1036 1665 1121 1693 Nudis
1145 1664 1259 1697 insuper
1283 1661 1398 1696 pedibus
1411 1659 1514 1692 absque
1526 1655 1627 1684 calceis
1639 1652 1745 1681 incede-

957 1716 1015 1747 bat,
1044 1720 1131 1747 neque
1154 1714 1236 1745 caput
1256 1708 1312 1736 ullo
1332 1709 1489 1741 tegumenta
1514 1706 1640 1737 opertum
1664 1698 1746 1727 habe-

957 1762 1016 1790 bat.
1042 1759 1214 1793 Quapropter
1241 1755 1324 1782 etiam
1359 1753 1386 1779 in
1415 1751 1554 1778 daemones
1581 1749 1744 1782 potestatem

960 1807 1074 1841 accepit,
1088 1810 1114 1832 et
1139 1803 1254 1839 plurima
1278 1800 1394 1836 patravit
1420 1796 1569 1828 miracula;
1590 1794 1645 1820 imo
1661 1792 1744 1818 etiam

111 1857 174 1887 post
190 1859 248 1879 sua:
262 1852 323 1883 vita:
335 1852 415 1879 linem
428 1851 550 1887 prodigia
560 1851 641 1880 edere
654 1861 707 1880 non
717 1855 845 1888 cessavit,
869 1858 916 1886 sed
935 1856 1027 1884 adhuc
1048 1852 1205 1882 curationes
1225 1848 1327 1885 prazbet
1354 1846 1484 1874 omnibus
1511 1843 1544 1871 ad
1561 1843 1649 1877 ipsum
1668 1847 1747 1868 acce-

111 1899 253 1927 dentibus.

111 1946 167 1973 Καὶ
177 1945 283 1981 μνήμη
297 1946 350 1973 τοῦ
364 1946 451 1986 ὁσίου
457 1946 579 1986 ραςρρς
594 1947 678 1981 ἡμῶν
701 1948 903 1977 ’Δναστασίου

380 1982 433 2008 τοῦ
452 1982 525 2008 Σινᾱ
541 1982 641 2015 ὄρους.

153 2028 343 2060 Ἀναστάσιος,
352 2028 366 2053 ὁ
376 2027 511 2063 Θεοφορος
527 2028 622 2063 Πατὴρ
636 2029 726 2064 ἡμῶν,
745 2031 904 2057 καταλιπὼν

113 2076 227 2110 κόσμον,
253 2074 301 2101 καὶ
326 2074 361 2101 τὰ
379 2075 408 2101 ὲν
423 2075 519 2110 κόσμῳ
531 2095 539 2106 ,
561 2076 608 2102 καὶ
622 2075 669 2102 τὸν
681 2078 798 2112 σταυρὸν
819 2077 903 2104 αὐτοῦ

958 1950 992 1977 Et
1004 1948 1131 1976 memoria
1147 1945 1233 1973 sancti
1256 1942 1348 1971 Patris
1369 1940 1454 1968 nostri
1467 1935 1606 1964 Anastasii
1622 1933 1745 1961 Sinailtt.

993 2031 1074 2059 Pater
1089 2033 1182 2057 noster
1199 2025 1361 2054 Anastasius
1386 2021 1479 2049 divino
1495 2019 1599 2054 Spiritu
1626 2015 1744 2044 amatus.

959 2077 1091 2106 mundum
1120 2080 1147 2102 et
1163 2073 1255 2102 omnia
1281 2078 1342 2106 qua;
1358 2070 1384 2096 in
1402 2075 1435 2095 eo
1462 2070 1546 2097 sunt,
1576 2062 1745 2096 relinquens,

113 2120 271 2153 ἀναλαϐὼν,
282 2121 353 2147 κατὰ
360 2121 410 2155 τὴν
421 2107 531 2157 ἐντολην
543 2122 594 2157 τὴν
606 2123 635 2149 ὲν
644 2123 683 2158 τῷ
700 2107 765 2159 ἱερῷ
777 2124 900 2157 Εὐαγγε-

957 2131 1089 2158 suamque
1103 2127 1213 2149 crucem
1228 2118 1338 2149 tollens,
1352 2116 1431 2150 juxta
1442 2112 1512 2140 sacri
1524 2107 1663 2143 Evangelii
1676 2114 1746 2142 pra:-

112 2167 162 2201 λίῳ
174 2166 345 2201 ἠκολούθησε
358 2166 508 2202 προθύμως
524 2167 563 2202 τῷ
575 2169 698 2204 Χριστῷ,
713 2170 761 2196 καὶ
778 2170 905 2196 ἀπελθὼν

113 2212 223 2245 ἐγένετο
242 2211 358 2246 μοναχὸς
373 2214 402 2238 ἐν
419 2213 605 2249 μοναστηρίῳ.
626 2213 787 2249 Ἐπιθυμῶν
805 2215 833 2243 δὲ
846 2223 905 2250 μει-

114 2258 200 2290 ζὸνων
216 2257 339 2292 ἀγώνων,
355 2258 403 2284 καὶ
418 2258 542 2290 πλείονος
560 2260 671 2295 ἀρετῆς,
683 2261 852 2295 παρεγένετο
865 2261 905 2292 εἰς

121 2302 310 2337 Ἱεροσόλυμα,
329 2302 376 2328 καὶ
388 2303 584 2337 προσκυνήσας
601 2304 640 2334 εἰς
657 2305 720 2335 τοὺς
734 2304 838 2342 ἁγίους,
859 2305 906 2332 καὶ

115 2348 283 2384 σ;6ισμίους
298 2348 407 2380 τόπους,
422 2348 544 2383 ἀπῆλθεν
564 2349 605 2381 εἰς
629 2349 661 2376 τὸ
677 2350 742 2376 Σινᾶ
760 2349 822 2386 ὅρος
834 2359 841 2366 ·
859 2351 906 2377 καὶ

114 2394 202 2428 εὑρὼν
213 2394 273 2420 ἐκεῖ
286 2393 453 2428 μονάζοντας
469 2394 574 2433 ἁγίους,
591 2395 683 2430 ἔμεινε
701 2396 765 2431 παρ’
777 2395 904 2427 ἐκείνοις,

115 2439 336 2475 ὑποταττόμενος
362 2440 472 2472 αὐτοῖς,
499 2441 548 2471 καὶ
580 2441 714 2467 δουλεύων
744 2440 905 2476 προθύμως.

114 2487 162 2513 Διὰ
189 2487 218 2514 δὲ
241 2487 291 2524 τὴν
317 2488 569 2527 ταπεινοφροσύνην
600 2487 685 2514 αὑτοῦ
710 2487 838 2521 ἐδέξατο,
857 2487 906 2514 καὶ

115 2534 238 2569 χάρισμα
266 2533 403 2567 γνώσεως,
429 2535 475 2561 καὶ
496 2534 592 2568 σοφίας
611 2533 723 2569 πολλῆς.
746 2533 792 2565 Ἐξ
807 2530 837 2559 οἶ»
856 2534 906 2559 καὶ

118 2580 191 2614 βίους
208 2579 341 2615 Πατέρων
355 2580 545 2616 συνεγράψατο
559 2580 656 2614 ἁγίων,
672 2581 718 2606 καὶ
731 2579 904 2615 ψυχωφελεῑς

116 2626 211 2660 λόγους
224 2625 340 2658 πολλοὺς
353 2626 512 2662 συνέθηκεν,
523 2627 552 2659 ἐξ
566 2623 603 2653 ὦν
614 2627 639 2653 οι
653 2626 760 2658 πλείους
779 2625 906 2661 εὑρισκό-

115 2681 207 2706 μενοι,
242 2672 404 2707 πρόκεινται
431 2674 486 2704 τοῖς
505 2673 683 2707 φιλομαθέσιν
707 2674 747 2704 εἰς
767 2672 906 2707 σωτηρίαν

113 2720 208 2755 ψυχῶν
234 2720 283 2746 καὶ
307 2720 464 2754 ὠφέλειανο
487 2720 535 2747 καὶ
568 2721 638 2756 μετά
667 2720 754 2748 ταῦτα.
783 2720 821 2756 τῷ
847 2719 907 2754 Θεῷ

113 2767 317 2803 εὐαρεστήσας,
332 2768 361 2793 ὲν
373 2767 469 2807 εἰρήνῃ
482 2767 640 2802 ἐτελειώθη.

956 2157 1076 2205 ceptum,
1108 2167 1193 2196 alacri
1220 2165 1314 2193 animo
1338 2166 1449 2190 secutus
1478 2164 1519 2186 est
1544 2157 1696 2187 Christum,
1721 2158 1748 2180 et

955 2216 1051 2243 abiens
1068 2214 1100 2242 ad
1116 2212 1253 2249 quoddam
1267 2208 1476 2239 monasterium,
1489 2204 1589 2232 ibidem
1607 2201 1695 2228 factus
1706 2203 1748 2225 est

956 2261 1117 2289 monachus.
1128 2257 1247 2292 Cupiens
1262 2260 1352 2282 autem
1367 2251 1471 2286 majora
1483 2249 1574 2278 subire
1584 2246 1746 2276 certamina,

955 2311 983 2334 et
1013 2304 1205 2340 perlectiorem
1241 2300 1354 2334 adipisci
1383 2299 1533 2328 virtutem,
1559 2292 1747 2327 Hierosolyma

956 2351 1176 2387 petiit.Cumque
1191 2353 1285 2376 sancta
1302 2353 1334 2373 ac
1350 2341 1505 2372 veneranda
1518 2342 1577 2368 loca
1593 2339 1746 2367 adorasset,

957 2399 1022 2426 abiit
1052 2398 1078 2424 in
1101 2400 1220 2423 montem
1244 2393 1322 2420 Sinai
1350 2401 1357 2418 :
1387 2390 1434 2417 ubi
1458 2397 1520 2416 cum
1541 2391 1651 2414 sanctos
1675 2385 1747 2411 viros

956 2443 1106 2471 invenisset
1121 2440 1298 2468 monasticam
1309 2437 1391 2464 vitam
1404 2437 1574 2463 exercentes,
1591 2430 1661 2465 apud
1675 2430 1747 2463 ipsos

957 2489 1116 2527 permansit.
1133 2487 1264 2515 obediens
1286 2485 1336 2517 eis,
1354 2489 1380 2511 et
1402 2485 1528 2517 prompto
1550 2479 1644 2505 animo
1662 2477 1747 2503 inser-

958 2538 1044 2564 viens.
1068 2535 1107 2562 0b
1134 2533 1176 2561 sui
1202 2540 1267 2559 vero
1285 2530 1370 2558 animi
1390 2528 1586 2556 demissionem
1605 2523 1710 2557 accepit
1732 2529 1747 2548 a

958 2584 1012 2611 Deo
1027 2583 1129 2610 donum
1144 2579 1267 2607 scientiae
1283 2582 1310 2604 et
1326 2571 1650 2610 multiplicis-sapientiae.
1669 2569 1748 2596 Unde

957 2633 985 2656 et
999 2633 1156 2656 sanctorum
1179 2625 1290 2651 Patrum
1313 2623 1382 2651 ritas
1405 2618 1578 2653 conscripsit,
1596 2622 1622 2643 et
1644 2614 1746 2641 multos

957 2675 990 2701 ad
1007 2673 1160 2700 animarum
1178 2669 1331 2708 profectum
1344 2674 1485 2695 sermones
1499 2662 1652 2698 composuit
1665 2670 1672 2687 :
1683 2667 1748 2694 quo-

959 2726 1019 2745 rum
1036 2718 1127 2752 plures
1147 2715 1245 2743 deinde
1273 2713 1383 2747 reperti,
1399 2709 1522 2739 discendi
1537 2707 1669 2736 studiosis
1686 2711 1747 2740 pro-

960 2765 1039 2799 positi
1064 2768 1129 2791 sunt
1155 2763 1180 2789 in
1207 2760 1361 2788 animarum
1389 2758 1506 2786 salutem
1534 2761 1561 2784 et
1589 2755 1747 2797 utilitatem:

953 2811 1017 2846 Post
1037 2812 1093 2839 hzec
1121 2812 1172 2838 Deo
1193 2810 1302 2846 placens
1324 2812 1468 2842 (τίει-οἴης,
1495 2805 1520 2832 in
1538 2812 1603 2839 pace
1619 2790 1749 2830 decessit.
