1926 3076
68 145 130 179 537

827 143 970 174 IULIUS.

1659 144 1711 176 53S

71 201 152 236 στὸν,
179 202 228 229 καὶ
251 202 367 235 πολλοὺς
390 202 444 231 τῶν
465 201 588 230 ἄπίστων
605 199 774 234 ἐπέστρεφον
802 198 870 234 πρδς

933 198 1072 227 nlidellum
1096 199 1131 228 ad
1154 199 1230 228 illum
1255 200 1448 233 traducerent;
1464 199 1571 234 primtts
1597 198 1713 228 Praclus

70 247 170 275 αὐτόν.
195 248 310 284 Πρῶτος
329 247 376 276 οὖν
389 247 538 286 κρατηθεὶς
555 245 632 282 παρὰ
647 245 702 272 τῶν
727 243 870 271 εἰδωλολα-

70 294 150 329 τρῶν
164 294 179 320 ό
196 293 331 329 Πρόκλος,
356 294 481 330 παρέστη
506 292 623 319 ἐνώπιον
647 290 695 317 τοῦ
726 289 868 324 βασιλέως.

72 340 134 367 Καὶ
149 339 321 373 ἐξετασθείς,
342 341 390 367 καὶ
410 340 456 366 τδν
470 338 588 375 Χριστὸν
605 337 651 364 ἐπὶ
667 337 759 364 πλεῖον
773 335 870 372 ὸμολο‹

72 387 178 422 γήσας,
194 387 305 421 ἐξεδόθη
319 386 465 421 Μαξιμίνῳ
491 385 530 421 τῷ
554 384 681 420 ἡγεμόνι.
697 383 752 410 Καὶ
767 390 872 417 κρεμα-

74 433 151 464 σθεὶς
170 432 271 467 ὲξέσθη
290 433 420 468 σιῶῆροις,
435 432 482 458 καὶ
496 430 629 466 λαμπάσι
646 429 732 465 πυρὸς
751 429 802 463 τὴν
821 436 872 462 γα-

74 479 164 513 στέρα
186 479 237 506 καὶ
252 479 302 510 τὰς
318 478 439 514 πλευρὰς
455 477 589 512 κατεκάη.
615 476 669 503 Καὶ
695 475 764 511 μετὰ
785 473 872 518 ταῦτα

73 524 229 560 δεξάμενος
257 525 396 560 ἀπόφασιν
425 523 473 551 τοῦ
508 521 758 557 κατατοξευθῆναι,
789 520 872 556 ἤγετο

74 571 184 606 γυμνὸς
202 572 250 598 ἐπὶ
266 571 312 597 τὸν
337 572 420 598 τόπον
442 571 493 605 τῆς
516 569 694 600 τελειώσεως.
720 568 775 595 Καὶ
801 567 873 595 κατὰ

73 617 126 652 τὴν
137 617 201 644 όδδν
217 618 390 652 συναντήσας
411 617 519 652 Ίλαρίψ
532 616 570 651 τῷ
584 614 687 650 ἀνεψιῷ
714 614 808 646 αὗτοῦ,
825 613 873 641 καὶ

75 663 278 698 ἀσπασάμενος
293 663 384 695 αὑτὸν,
399 663 510 695 ἐγένετο
529 661 617 693 αἴτιος
633 660 681 688 τοῦ
701 660 872 696 κρατηθῆναι

75 709 172 736 αὐτόν.
191 707 249 735 Καὶ
270 708 354 740 αὒτδς
380 708 431 744 μὲν
454 707 625 744 κρεμασθεὶς
640 706 686 734 ἐπὶ
712 706 802 739 ξύλου,
825 705 873 733 καὶ

78 755 212 788 σαγίταις
226 755 439 787 κατατοξευθεὶς
453 754 596 790 παρέδωκε
616 753 647 780 τὸ
660 753 779 788 πνεῦμα..
803 752 832 779 '0
845 751 873 779 δὲ

83 800 204 836 Ίλάριος
218 801 332 835 τυφθεὶς
347 801 395 828 καὶ
410 799 529 834 ξεσθεὶς.
546 800 593 826 καὶ
607 799 654 827 ἐπὶ
678 799 754 834 μίλια
770 797 874 834 γυμνὸς

79 847 262 882 κατασυρεὶς,
276 846 431 874 τελευταῖον
445 845 516 881 ξίφει
528 845 577 880 τὴν
590 844 710 880 κεφαλὴν
720 843 838 880 ἐτμήθη.

113 904 170 931 Kal
190 903 323 938 ἄθλησις
338 903 390 937 τῆς
408 902 494 938 ἁγίας
502 901 653 937 μάρτυρος
666 900 847 935 Γολινδούχ.

123 960 157 988 Ἦ
173 960 221 987 τοῦ
235 960 354 996 Χριστοῦ
370 960 476 996 μάρτυς
491 959 645 994 Γολινδοὺχ,
661 959 768 994 ὑπῆρχε
784 959 832 994 μὲν
844 959 881 986 ἐκ.

79 1006 133 1042 τῆς
147 1006 283 1042 Περσίδος
297 1006 343 1033 ἐπὶ
354 1007 404 1040 τῆς
417 1005 556 1041 βασιλείας
569 1005 723 1041 Μαυρικίου
733 1014 740 1021 ·
760 1004 877 1040 συνῴκει

80 1054 111 1081 δὶ
141 1053 220 1089 ἀνδρὶ
246 1054 403 1089 ἀρχιμάγῳ.
431 1053 486 1080 Καὶ
509 1053 562 1089 ὁρᾷ
590 1052 706 1087 ἄγγελον
722 1052 790 1080 Θεοῦ
817 1051 878 1079 καθ’

82 1100 188 1131 ὕπνους
205 1099 363 1127 δεικνύοντα
388 1099 457 1135 αὐτῇ
483 1098 566 1126 τόπον
594 1099 742 1135 φωτεινδν,
766 1099 829 1125 ἔνθα
854 1099 878 1126 οι

81 1145 186 1172 δίκαιοι
199 1145 336 1181 εχόρευον,
354 1146 401 1172 καὶ
411 1145 506 1181 ἕτερον
521 1145 669 1178 σκοτεινὸν,
684 1145 712 1172 ἐν
727 1142 749 1180 ᾧ
761 1145 787 1172 oi
799 1145 877 1172 είδω-

82 1191 218 1227 λολάτραι
233 1191 427 1226 ἐτιμωροῦντο.
441 1191 497 1219 Καὶ
511 1192 683 1228 δοκιμάσασα
696 1191 829 1219 εἰσελθεῖν
840 1193 880 1224 είς

82 1238 135 1264 τὸν
158 1237 389 1272 φωτεινδντόπον,
402 1237 538 1273 ἐκωλύθη,
558 1237 680 1269 εἰπόντος
693 1237 741 1264 τοῦ
751 1237 879 1272 ἀγγέλου,

84 1284 129 1310 ὅτι
150 1283 215 1310 Ἐὰν
231 1283 268 1318 μὴ
284 1283 350 1319 γένῃ
363 1283 527 1319 Χριστιανὴ,
540 1283 591 1310 οὐκ
605 1283 727 1319 ιίσέρχῃ.
745 1283 880 1317 Ἐξυπνος

83 1329 114 1355 δὲ
129 1328 279 1364 γενομένη,
294 1329 361 1364 παρ’
383 1328 454 1356 αὐτὰ
468 1327 631 1363 ἐϐαπτίσθη.
652 1328 709 1355 Καὶ
727 1327 881 1362 γνωσθεῖσα

84 1374 167 1410 παρὰ
181 1374 228 1401 τοῦ
244 1373 340 1410 ἀνδρὸς
353 1374 439 1409 αὐτῆς
449 1374 496 1400 καὶ
502 1373 550 1401 τοῦ
561 1373 703 1409 βασιλέως,
713 1373 880 1409 ἀπεκλείσθη

84 1421 128 1452 είς
144 1421 196 1456 τὴν
211 1420 261 1455 τῆς
276 1420 362 1455 λήθης
390 1420 524 1456 φυλακὴν,
546 1420 593 1447 καὶ
607 1420 690 1447 πάλιν
705 1420 745 1451 είς
768 1419 880 1453 λάκκον,

85 1467 155 1494 ἔνθα
168 1465 203 1502 ἦν
218 1466 326 1502 δράκων
337 1473 344 1481 °
361 1467 409 1494 καὶ
425 1466 495 1502 μετὰ
509 1466 624 1502 χρόνους
649 1465 763 1496 πολλοὺς
784 1465 883 1500 ὶκὸλη-

86 1514 178 1545 θετσα,
197 1513 359 1548 ἐτιμωρήθη
385 1512 539 1548 διαφόρως·
561 1511 610 1539 καὶ
627 1511 810 1547 βουλλωθεῐσα
837 1511 882 1538 τδν
897 1533 918 1562 c

86 1559 241 1594 τράχηλον,
255 1559 339 1594 ἤγετο
353 1558 619 1594 ἁποκεφαλισθῆναι,
641 1557 782 1585 Ἐκϐαλὼν
793 1557 821 1584 δὲ
834 1557 883 1593 τὴν

88 1604 207 1639 βούλλαν
228 1604 302 1632 σώαν
327 1605 341 1632 ὁ
370 1604 497 1639 ἅγγελος,
529 1604 614 1631 ἔδωκε
640 1603 678 1640 τῷ
703 1603 805 1639 δημίῳ.
828 1602 884 1630 Καὶ

86 1652 266 1686 λυπουμένην
281 1650 335 1686 τὴν
368 1651 461 1685 ἁγίαν,
491 1650 535 1678 διὰ
549 1651 580 1677 τὺ
607 1650 645 1686 μὴ
682 1649 780 1677 παθεῖν
813 1649 886 1685 ὑπὲρ

89 1696 225 1733 Χριστοῦ,
242 1696 350 1731 πλήξας
365 1696 435 1732 μετὰ
453 1696 569 1723 σπαθίου
589 1696 660 1724 κατὰ
674 1696 721 1723 τὸν
733 1694 882 1731 τράχηλον,

91 1743 190 1778 ῥεῦσαι
210 1742 260 1777 μὲν
275 1740 344 1778 αίμα
363 1742 529 1778 πεποίηκεν,
547 1743 599 1769 οὐκ
618 1741 824 1776 ἀπεκεφάλισεν
842 1739 882 1767 δέ.

91 1788 171 1816 Μετὰ
185 1788 274 1816 ταῦτα
285 1788 405 1824 ζήσασα,
419 1789 468 1816 καὶ
487 1788 603 1820 πολλοὺς
620 1787 801 1823 ὠφελήσασα,
815 1785 885 1820 πρὸς

90 1834 196 1871 Κύριον
211 1834 391 1870 ἐξεδήμησεν.

370 1928 462 1957 neut
478 1929 522 1965 Ta
533 1911 633 1966 arra.

465 1974 504 2001 ll"

140 2023 288 2056 Ἀθλησις
302 2020 356 2048 τοῦ
372 2020 460 2056 ἁγίου
469 2029 620 2056 μαρτυρος
635 2021 836 2055 Σαραπίωνος.

128 2079 285 2114 Σεραπίων,
297 2079 312 2105 ὸ
325 2077 374 2106 τοῦ
388 2078 507 2114 Χριστοῦ
524 2079 640 2114 μάρτυς,
651 2079 758 2114 ὑπῆρχε
773 2078 821 2105 ἐπὶ
833 2077 885 2113 τῆς

93 2125 236 2161 βασιλείας
257 2125 392 2159 Σευήρου,
405 2125 476 2160 ἀνὴρ
500 2124 630 2160 θεοσεϐὴς
644 2124 692 2151 καὶ
716 2123 762 2151 τὸν
783 2124 885 2159 τρόπον

91 2170 207 2205 ἁγαθός.
226 2169 382 2205 Κρατηθεὶς
407 2169 435 2197 δὲ
459 2169 512 2196 ὑπὸ
536 2169 591 2197 τῶν
616 2169 817 2205 είδωλολατρῶν
841 2168 886 2196 διὰ

921 248 956 276 ab
973 247 1125 276 idololatris
1143 248 1371 283 comprehensus,
1391 248 1551 284 imperatori
1579 248 1688 276 sistitur
1704 257 1712 275 ι

921 294 1121 330 ψιοεεῑίοιιίίιυο
1130 294 1281 329 subjectus,
1291 301 1352 321 cum
1364 293 1452 321 multo
1466 293 1552 329 magis
1567 293 1710 321 Christum

921 340 1106 375 profiteretur,
1131 340 1280 368 Maximino
1302 339 1413 375 praesidi
1441 340 1558 367 traditur
1585 348 1592 367 :
1617 348 1632 367 a
1658 347 1712 374 quo

924 385 1004 422 165
1019 393 1182 421 suspensus,
1199 385 1310 421 ungulis
1325 385 1422 413 ferreis
1441 384 1665 416 excarniﬁcatur,
1682 388 1711 412 et

922 433 1082 460 ardentibus
1097 432 1204 460 facibus
1225 432 1314 460 eidem
1330 435 1425 459 venter
1440 435 1468 458 et
1484 431 1567 458 latera
1586 431 1713 458 ustulan-

924 482 978 505 tur.
1001 478 1126 507 Posthaec
1141 478 1195 506 luta
1210 478 1356 510 sententia,
1378 482 1408 506 ut
1428 477 1536 513 sagittis
1550 476 1712 504 confodere-

924 529 978 557 tur,
994 525 1084 553 nudus
1106 525 1140 552 ad
1155 525 1248 552 locum
1265 524 1392 560 supplicii
1417 524 1538 552 ducitur.
1562 523 1629 550 Cum
1649 530 1713 549 vero

924 575 1115 599 occurrentem
1133 571 1184 599 sibi
1203 572 1230 598 in
1253 571 1296 598 via
1320 571 1456 598 Hilarium
1481 574 1608 605 nepotem
1633 576 1714 595 suum

924 617 1081 651 salutasset,
1098 618 1125 645 in
1139 625 1224 646 causa
1242 617 1304 649 fuit,
1320 621 1350 645 ut
1363 621 1391 644 et
1407 617 1452 644 ille
1470 620 1624 652 caperetur.
1640 613 1673 641 Et
1690 613 1715 642 is

924 664 1034 700 quidem
1050 665 1084 692 ad
1104 664 1194 699 palum
1216 664 1355 700 alligatus,
1373 663 1536 699 sagittisque
1557 661 1715 692 confossus,

925 710 1053 746 spiritum
1068 710 1196 738 reddidit.
1212 709 1334 737 Hilarius
1344 717 1410 736 vero
1424 716 1513 736 caesus
1527 712 1554 736 et
1569 706 1716 735 excarniﬁ-

925 763 1014 790 catus,
1032 761 1059 785 et
1079 757 1113 784 ad
1136 756 1240 791 aliquot
1263 755 1392 783 milliaria
1412 755 1502 783 nudus
1519 758 1654 790 raptatus,
1669 760 1722 788 ρος-ι

927 807 1061 830 stremum
1075 791 1265 830 decolletur.“

1014 906 1050 934 Et
1068 911 1202 934 certamen
1217 911 1316 934 sancta
1335 905 1462 941 martyris
1477 904 1635 933 Golinduclt.

963 965 1069 1000 Mattyr
1087 963 1191 992 Christi
1217 962 1371 991 Golinduch
1387 962 1415 990 in
1436 961 1560 994 Perside,
1589 960 1723 988 Mauricio

929 1011 1091 1046 imperante,
1119 1009 1212 1038 ﬂoruit
1233 1018 1241 1036 :
1269 1005 1330 1044 qua:
1353 1016 1418 1036 cum
1446 1008 1554 1036 cuidam
1579 1014 1722 1042 magorum

929 1055 1046 1092 principi
1062 1055 1089 1083 in
1111 1055 1320 1082 matrimonium
1335 1053 1468 1082 collocata
1482 1053 1590 1086 fuisset,
1606 1053 1643 1080 illi
1668 1053 1719 1080 ali-

929 1101 1040 1137 quando
1051 1101 1166 1136 angelus
1184 1099 1275 1128 Deiin
1291 1099 1397 1128 somnis
1414 1099 1552 1135 apparuit,
1571 1099 1720 1133 locumque

930 1146 1114 1182 splendidum,
1132 1151 1159 1174 et
1183 1145 1210 1173 in
1224 1153 1258 1174 eo
1271 1146 1363 1182 justos
1380 1145 1563 1181 tripudiantes
1579 1149 1720 1184 monstra.

930 1193 980 1225 vit,
998 1196 1081 1227 atque
1094 1192 1210 1220 alterum
1224 1191 1439 1224 tenebricosum,
1461 1190 1489 1218 in
1503 1197 1558 1226 quo
1573 1189 1725 1217 idololatrze

930 1237 1135 1267 cruciabantur.
1159 1236 1262 1265 Conata
1287 1241 1377 1264 autem
1400 1236 1521 1264 lucidum
1539 1235 1616 1263 illum
1632 1235 1725 1262 locum

931 1285 1044 1318 intrare,
1059 1284 1201 1320 prohiberi
1214 1284 1361 1312 videbatur
1376 1283 1412 1311 ab
1423 1283 1520 1318 angelo
1533 1282 1624 1310 aiente
1640 1291 1646 1309 :
1663 1281 1726 1309 Nisi

931 1332 1088 1360 Christiana
1124 1332 1184 1365 ﬂas,
1215 1331 1429 1366 haudquaquam
1465 1330 1518 1357 huc
1550 1327 1724 1363 ingrediaris.

932 1377 1143 1414 Expergefacta,
1174 1377 1267 1405 statim
1291 1376 1459 1411 baptismum
1492 1373 1624 1409 suscepit.
1647 1373 1731 1407 Quod

932 1432 996 1452 cum
1021 1423 1064 1451 vir
1087 1423 1148 1458 ejus
1173 1427 1200 1450 et
1229 1430 1278 1450 rex
1305 1421 1516 1457 comperissent,
1537 1421 1564 1447 in
1585 1427 1732 1447 carcerem

933 1470 1020 1498 lethes
1042 1470 1174 1505 primum,
1199 1467 1300 1496 deinde
1327 1467 1354 1494 in
1380 1467 1470 1494 lacum
1498 1466 1654 1501 conjicitur,
1679 1465 1726 1492 ubi

933 1515 1018 1543 draco
1032 1519 1103 1543 erat.
1124 1514 1227 1542 Multos
1244 1519 1307 1549 post
1328 1520 1415 1540 annos
1434 1512 1497 1539 inde
1517 1511 1627 1544 educta,
1645 1512 1728 1539 variis

934 1561 1031 1590 aﬂ'ecta
1047 1566 1089 1589 est
1102 1561 1281 1589 cruciatibus.
1302 1559 1445 1586 Postremo
1459 1558 1532 1585 bulla
1549 1557 1725 1593 obsignatum

935 1608 1036 1636 collum
1051 1615 1162 1643 gerens,
1178 1606 1210 1634 ad
1221 1605 1386 1642 supplicium
1402 1605 1522 1633 ducitur.
1539 1604 1616 1631 Bulla
1633 1609 1726 1632 autem

935 1653 970 1680 ab
984 1653 1081 1688 angelo
1094 1661 1159 1681 sana
1172 1653 1333 1687 integraque
1343 1651 1460 1684 sublata,
1473 1655 1499 1678 et
1508 1650 1595 1677 lictori
1608 1649 1719 1683 tradita,

935 1699 959 1727 is
972 1704 1096 1727 sanctam
1119 1706 1192 1735 egre
1208 1697 1355 1731 ferentem,
1379 1698 1453 1732 quod
1476 1703 1530 1731 pro
1540 1695 1652 1724 Christo
1674 1701 1728 1721 non

934 1752 1086 1782 pateretur,
1114 1745 1206 1782 gladio
1231 1745 1309 1778 ferit;
1340 1751 1395 1779 quo
1421 1743 1532 1778 quidem
1558 1749 1590 1769 ex
1614 1741 1728 1769 vulnere

935 1793 1048 1827 sanguis
1059 1791 1205 1828 proﬂuxit;
1220 1795 1304 1826 caput
1316 1794 1406 1818 tamen
1419 1789 1534 1817 minime
1548 1791 1591 1816 est
1602 1792 1729 1822 amputa-

936 1842 994 1866 tum
1010 1845 1018 1864 :
1036 1838 1103 1872 quin
1124 1841 1186 1872 post
1205 1837 1262 1864 haec
1289 1840 1442 1871 superstes,
1466 1842 1530 1863 eum
1553 1833 1650 1861 multis
1665 1839 1728 1868 pro-

937 1884 1045 1919 fuisset,
1058 1884 1093 1912 ad
1106 1883 1251 1912 Dominum
1270 1882 1414 1917 migravit.

1201 1927 1318 1956 EODEM
1333 1926 1451 1955 MENSE

1187 1973 1236 2002 Die
1251 1974 1358 2002 decima
1382 1973 1468 2001 tertia-

1002 2021 1081 2057 165
1097 2021 1237 2048 Certamen
1250 2020 1337 2047 sancti
1354 2019 1482 2054 martyris
1500 2017 1666 2053 Serapionis.

973 2078 1106 2114 Serapion
1125 2076 1228 2104 Christi
1252 2081 1357 2112 martyr
1379 2074 1548 2109 temporibus
1565 2072 1661 2101 Severi
1677 2071 1715 2100 im

937 2124 1073 2161 peratoria
1085 2124 1164 2155 vixit,
1186 2122 1228 2150 vir
1241 2122 1342 2158 pietate
1356 2129 1389 2150 ac
1412 2121 1548 2156 probitate
1562 2126 1676 2148 morum-
1687 2118 1731 2146 in-

938 2171 1035 2206 signis.
1060 2169 1163 2205 Captus
1188 2173 1280 2196 autem
1298 2168 1333 2206 ab
1359 2167 1498 2196 idolorum
1523 2166 1678 2194 cultoribus
1695 2165 1731 2194 ob

91 2219 145 2252 τὴν
155 2217 324 2251 είςΧριστὺν
334 2216 489 2251 ὁμολογίαν,
503 2215 640 2252 παρεδόθη
662 2216 767 2252 Ακύλᾳ,
781 2216 820 2252 τῷ
834 2216 878 2251 τῆς

938 2217 1041 2246 Christi
1055 2216 1269 2250 confessionem,
1285 2215 1391 2250 Aquilae
1407 2214 1469 2249 ejus
1484 2214 1539 2241 ioci
1563 2212 1674 2249 praesidi
1691 2212 1732 2240 si-

92 2262 188 2297 χώρας
221 2262 329 2296 ἐκείνης
351 2262 488 2298 ,,ᾶρχοντι.
511 2262 568 2289 Καὶ
596 2262 741 2298 παραστὰς
769 2262 884 2290 ἐνώπιον

91 2308 190 2340 αὑτοῦ,
212 2308 264 2334 καὶ
289 2308 438 2343 ἐρωτηθεὶς
461 2309 541 2340 ποίας
564 2308 714 2344 θρησκείας
740 2309 884 2344 τυγχάνει,

94 2354 258 2389 ὡμολόγησε
275 2355 418 2390 παρρησίᾳ
431 2354 476 2381 τὸν
497 2355 626 2390 Χριστόν.
648 2355 768 2390 Τυφθεὶς
781 2353 828 2382 οὗν
842 2355 887 2383 διὰ

92 2400 176 2426 τοῦτο
191 2399 325 2435 σφοδρῶς,
342 2400 390 2427 καί
402 2400 523 2435 σιδήροις
542 2400 617 2433 ὀξέσι
638 2401 668 2427 τὸ
684 2400 765 2436 σῶμα
781 2401 887 2433 ξεσθεὶς

92 2447 167 2479 ὅλον,
188 2446 375 2481 παρεπέμφθη
392 2446 510 2482 φυλακῇ,
523 2446 595 2482 λιμῷ
610 2447 656 2473 καὶ
670 2447 742 2482 δίψει
756 2447 886 2482 πιεζόμε-

93 2500 152 2524 νος,
175 2492 253 2519 Μετὰ
272 2492 301 2519 δὲ
314 2491 419 2520 πολλῶν
435 2492 547 2528 ἡμερῶν
562 2492 742 2529 παραδρομὴν
769 2493 819 2528 τῆς
837 2502 888 2528 (pu-

92 2538 186 2573 λακῆς
206 2538 358 2572 ἑλκυσθεὶς,
375 2539 498 2574 παρέστη
525 2539 667 2575 δεδεμένος
694 2540 743 2575 τῷζ
759 2540 883 2575 ἄρχοντι.

84 2586 152 2612 ’Καὶ
176 2585 313 2621 μηδεμίαν
337 2585 455 2622 πληγὴν,
482 2585 499 2621 ἢ
524 2585 681 2621 τραύματος
698 2585 780 2621 οὐλὴν
796 2586 887 2621 φέρων

94 2634 144 2659 ἐπὶ
157 2632 204 2659 τοῦ
225 2632 362 2667 σώματος,
387 2633 431 2659 διὰ
453 2633 483 2659 τὸ
507 2633 710 2668 θεραπευθῆναι
728 2632 887 2669 παραυτίκα

95 2678 150 2705 ὑπὸ
167 2678 286 2714 Χριστοῦ
300 2698 308 2712 ,
332 2679 373 2709 εἰς
397 2678 529 2714 ἔκπληξιν
545 2679 648 2714 ἤγαγεν
674 2679 809 2712 ἅπαντας,
839 2679 887 2706 καὶ

97 2724 214 2756 πολλοὺς
232 2725 424 2760 παρεσκεύασε
436 2725 580 2753 πιστεῦσαι
596 2726 718 2762 Χριστῷ.
733 2726 788 2753 Καὶ
802 2726 885 2761 φοῆη-

95 2770 155 2801 θεὶς
173 2771 187 2797 ὁ
206 2770 311 2805 ἄρχων,
330 2771 374 2798 ἵνα
387 2771 424 2806 μὴ
441 2771 567 2804 πλείονας
581 2773 746 2808 προσαγάγῃ
762 2771 884 2807 Χριστῷ,

95 2816 164 2851 πυρὶ
184 2817 344 2851 παρέδωκεν
359 2818 450 2844 αὐτόν.
467 2817 523 2844 Καὶ
533 2817 603 2845 οὕτω
614 2819 658 2846 τὸν
674 2819 722 2854 τῆς
734 2818 885 2849 ἀθανασίας

94 2861 244 2898 διαολήσας
264 2863 368 2897 ἀγῶνα,
386 2863 540 2899 ἐτελειώθη.

939 2265 1043 2293 stitur:
1068 2271 1083 2291 a
1102 2271 1157 2299 quo
1179 2266 1307 2298 rogatus,
1329 2268 1410 2296 quam
1429 2259 1592 2296 religionem
1617 2259 1730 2289 coleret.

939 2311 1023 2339 libere
1039 2310 1179 2339 Christum
1196 2309 1340 2338 confessus
1354 2312 1408 2336 est.
1426 2307 1612 2341 Quamobrem
1628 2306 1730 2334 acriter

939 2357 1108 2389 verberatur,
1121 2361 1149 2384 et
1164 2356 1272 2392 ungulis
1293 2354 1392 2382 ferreis
1408 2354 1497 2381 eidem
1523 2357 1612 2381 totum
1629 2359 1730 2387 corpus

938 2403 1148 2431 excarniﬁcatur
1166 2411 1172 2429 :
1191 2407 1331 2436 postremo
1349 2401 1375 2428 in
1400 2407 1538 2428 carcerem
1560 2398 1728 2431 detruditur,

939 2447 1010 2476 fame
1024 2448 1124 2483 sitique
1138 2447 1336 2476 conliciendus.
1353 2446 1479 2474 Evolutis
1493 2450 1587 2473 autem
1605 2445 1729 2479 pluribus

938 2494 1035 2522 diebus
1049 2501 1063 2521 e
1073 2493 1196 2522 custodia
1211 2497 1360 2526 extractus,
1379 2492 1488 2520 vinctus
1501 2490 1609 2526 praesidi
1629 2491 1726 2517 iterum

939 2540 1056 2568 sistitur.
1077 2539 1202 2575 Cumque
1226 2538 1331 2566 nullum
1358 2537 1480 2564 vulneris
1503 2535 1650 2570 vestigium
1681 2540 1729 2562 aut

938 2587 1095 2614 cicatricem
1107 2590 1163 2614 toto
1170 2593 1284 2620 corpore
1298 2583 1449 2619 praeferret,
1459 2590 1492 2610 eo
1503 2581 1576 2617 quod
1592 2588 1606 2607 a
1616 2580 1728 2608 Christo

939 2636 1050 2668 repente
1066 2637 1179 2660 sanatus
1193 2631 1292 2663 fuerat,
1311 2637 1408 2657 omnes
1429 2627 1625 2663 obstupefecit,
1642 2625 1728 2660 pluri-

940 2686 1054 2714 mosque
1075 2678 1110 2705 ad
1131 2677 1235 2706 Christi
1254 2676 1333 2704 ﬁdem
1356 2674 1495 2710 perduxit.
1513 2673 1605 2706 Quare
1624 2678 1727 2708 prmses

938 2726 1052 2757 veritus,
1069 2732 1104 2752 ne
1121 2724 1212 2759 plures
1229 2724 1263 2750 ad
1276 2722 1415 2750 Christum
1430 2720 1595 2752 traduceret,
1607 2718 1729 2746 ﬂammis

939 2771 1115 2801 cremandum
1135 2770 1246 2798 tradidit
1265 2779 1270 2797 :
1288 2772 1370 2804 atque
1392 2775 1441 2803 per
1457 2767 1531 2794 hunc
1547 2765 1657 2794 modum
1674 2764 1728 2791 im—

939 2817 1114 2845 mortalitatis
1131 2815 1254 2843 confecto
1269 2814 1429 2847 certamine,
1440 2816 1650 2841 consummatus
1663 2810 1732 2838 fuit,

1652 2917 1658 2919 _
1698 2904 1726 2919 Α.

1731 2900 1761 2921 ,ετ
