1926 3076
199 145 254 178 551

780 152 783 153 '
841 140 1057 172 MENOLUGII
1078 139 1174 169 PARS
1198 139 1252 168 ill.

1779 132 1831 163 552

204 206 368 233 accesserat,
388 200 580 236 philosolnhata
601 204 643 228 est
658 200 691 228 de
714 199 817 232 anima,
831 199 919 234 deque
929 199 991 227 aliis

1056 197 1149 232 ιδελφῷ
1169 197 1254 232 αὐτῆς
1274 195 1417 232 Γρηγορίῳ
1432 193 1470 229 τῷ
1485 193 1608 227 Νύσσης,
1630 189 1777 217 ἀπελθόντι
1792 190 1830 236 si;

205 247 369 283 quibusdam
388 234 538 282 Scriptura:
549 246 748 281 quastionibus
761 255 767 274 :
781 250 862 281 atque
881 245 953 272 hunc
965 245 992 272 in

1060 243 1189 278 πίσκεψιν
1215 242 1311 277 αὐτῆς,
1329 241 1393 277 περί
1414 249 1444 266 τε
1468 238 1568 274 ψυχῆς,
1584 236 1631 263 καὶ
1647 236 1735 263 ἄλλων
1749 234 1831 261 τινῶν

203 293 315 321 modum
341 300 403 320 cum
430 298 545 325 orasset,
573 292 606 320 ad
622 292 720 324 Deum,
742 291 786 319 cui
816 291 992 323 deservierat,

202 339 344 375 migravit.

469 383 585 410 EODEM
605 382 729 410 MENSE.

489 429 538 457 Die
572 430 700 457 vicesima

205 477 285 514 175
306 476 425 512 Ignifera
448 475 516 503 Elia:
541 476 673 511 prop/retia
704 475 732 502 in
761 475 839 502 mlas
864 476 993 504 ascensio.

243 571 317 599 Elias
338 571 469 606 propheta
483 578 516 598 ex
532 570 642 605 regione
656 568 764 597 Thesbe
776 569 803 596 in
829 573 901 596 terra
926 569 995 596 Ara-

204 620 269 646 bum
288 618 349 650 fuit,
364 618 397 644 de
412 617 483 644 tribu
500 617 590 644 Aaron
607 617 652 643 :in
671 615 772 643 Galaad
784 620 876 643 autem
889 615 997 643 habita—

206 666 253 691 vit.
284 663 409 698 Cumque
436 663 523 698 ipsum
552 666 638 689 mater
664 667 782 697 pareret,
819 661 887 688 vidit
921 665 996 696 pater

205 710 349 742 visionem,
362 709 434 744 quod
452 708 556 736 scilicet
571 707 620 734 viri
642 707 752 742 quidam
774 707 802 734 in
818 706 887 734 albis
913 714 997 741 appa-

206 759 298 782 rentes
316 754 406 788 ipsum
422 753 631 788 compellabaut,
649 753 788 787 igueisque
802 752 894 780 fasciis
910 752 997 779 invol-

206 805 311 831 ventes,
326 800 463 826 ﬂammam
498 799 568 833 ignis
583 798 767 826 devorandam
789 799 877 826 eidem
905 799 996 826 trade-

209 843 474 878 bantJlierosolyma
491 844 581 878 itaque
592 843 741 878 proiectus,
759 843 784 870 id
808 843 998 871 sacerdotibus

207 888 372 924 signiﬁcavit
389 897 395 915 :
421 889 465 915 cui
481 889 532 916 hoc
551 889 674 916 divinum
692 889 833 916 oraculum
862 889 997 916 redditum

207 933 318 963 estzNe
332 935 440 966 timeas,
460 935 583 969 inquit,o
599 935 680 962 homo
698 943 705 962 :
723 935 776 962 erit
789 935 861 962 enim
892 935 999 962 habita-

207 982 299 1009 culum
311 980 422 1008 infantis
438 981 541 1013 lumen.
555 985 582 1008 et
605 981 717 1008 verbum
745 981 830 1016 ipsius
850 982 998 1015 sententia,

208 1033 236 1056 et
248 1027 382 1063 judicabit
394 1027 521 1054 Israelem
550 1027 576 1054 in
592 1027 681 1062 gladio
706 1032 732 1055 et
747 1027 818 1062 igne.
834 1028 888 1055 Iste
917 1027 1000 1063 igitur

208 1073 474 1108 prophetavitannos
481 1073 578 1107 viginti
593 1073 726 1108 quinque,
741 1073 842 1101 Christi
853 1073 998 1101 adventum

209 1119 374 1147 antecedens
391 1119 470 1147 annis
496 1119 660 1154 octingentis
692 1119 840 1147 sexdecim.
860 1120 951 1155 Ignem
967 1120 1000 1147 de

211 1164 283 1192 coelo
297 1164 411 1198 detulit;
428 1164 545 1197 pluviam
569 1165 648 1192 annis
665 1165 766 1197 tribus,
786 1166 926 1193 mensibus
951 1173 1000 1194 sex

208 1211 363 1238 cohibuit:
385 1210 586 1245 quinquaginta
621 1211 736 1238 miseros
769 1211 938 1238 combussit:
972 1211 999 1238 in

210 1262 304 1283 monte
322 1256 413 1283 ﬂoreb
425 1256 509 1283 Deum
527 1256 611 1283 vidit:
626 1255 773 1283 Jordanem
785 1256 883 1284 melote
894 1257 976 1284 scidit
991 1265 998 1285 :

210 1303 238 1330 in
257 1302 342 1330 caelos
358 1303 474 1337 denique
487 1303 514 1329 in
531 1310 614 1330 curru
636 1303 714 1337 igneo
741 1307 910 1339 assumptus,
924 1303 1001 1339 gvivit

211 1348 302 1376 adhuc
315 1355 402 1384 usque
419 1349 445 1376 in
458 1353 620 1384 praesentem
635 1350 717 1376 diem.

476 1405 589 1433 EODEM
610 1405 734 1433 MENSE.

458 1452 506 1479 Die
517 1453 644 1480 vicesima
656 1454 742 1488 prima

211 1496 432 1532 Commemoratio
448 1502 599 1524 sanctorum
617 1497 727 1524 Patrum
749 1497 879 1524 Simeom's
896 1502 1001 1532 propter

412 1531 547 1559 Christum
562 1532 620 1560 Soli
637 1537 661 1559 et
672 1532 797 1560 Joannis.

249 1589 280 1616 lli
293 1589 405 1617 Emessa
417 1589 485 1617 urbe
501 1589 622 1622 oriundi,
636 1589 746 1618 Iustino
769 1590 930 1625 imperante,
944 1590 1001 1618 cla-

214 1640 341 1662 ruerunt.
359 1634 428 1662 Cum
455 1639 545 1661 autem
565 1635 598 1662 ad
616 1640 737 1662 sanctam
764 1636 903 1663 civitatem
919 1636 1003 1664 abiis-

215 1686 286 1714 sent,
301 1685 328 1708 et
346 1680 485 1708 viviiicum
498 1680 599 1715 lignum
621 1682 788 1713 adorassent,
817 1689 871 1708 non
888 1682 1005 1716 amplius

214 1725 248 1752 ad
282 1726 392 1760 propria
430 1726 531 1753 reversi
557 1730 637 1760 sunt;
672 1728 720 1754 sed
746 1727 778 1754 ad
806 1728 1004 1755 monasterium

216 1772 304 1798 sancti
333 1771 468 1799 Gerasimi
482 1772 612 1807 digreSsi,
641 1773 768 1800 monachi
794 1772 856 1800 iacti
873 1777 958 1800 sunt:
978 1778 1005 1801 et

214 1817 381 1844 monasterio
412 1818 526 1853 egressi,
558 1826 680 1846 eretnum
710 1820 866 1854 petierunt,
896 1827 1004 1848 omnem

216 1864 440 1891 exercitationem
462 1865 704 1900 austeritatemque
725 1874 774 1900 per
784 1874 871 1894 annos
884 1867 1004 1901 quadra-

216 1909 290 1943 ginta
304 1910 500 1945 excogitantes.
521 1910 616 1938 Postea
628 1911 747 1939 Joannes
764 1912 873 1947 quidem
901 1913 928 1940 in
946 1921 1006 1941 ere-

217 1962 262 1982 mo
276 1956 418 1988 remansit,
448 1954 558 1984 Simeon
581 1964 645 1985 vero
660 1957 687 1984 in
719 1962 840 1986 sanctam
866 1959 1006 1986 civitatem

216 2007 371 2035 regressus,
408 2002 606 2036 stultitiamque
621 2003 764 2035 simulans,
790 2004 873 2031 multa
902 2004 928 2031 in
955 2004 1006 2031 hac

218 2045 397 2072 simulatione
421 2047 551 2074 miracula
582 2048 707 2082 patravit.
722 2048 791 2076 Cum
810 2054 899 2076 autem
916 2055 1007 2077 extre-

218 2101 292 2122 mum
306 2094 376 2121 diem
392 2094 519 2127 obiisset,
538 2099 566 2122 et
585 2103 599 2121 a
611 2095 717 2123 duobus
736 2096 902 2130 pauperibus
918 2097 1006 2124 homi-

219 2141 299 2167 nibus
314 2141 347 2167 ad
357 2141 511 2175 sepulcrum
526 2142 679 2175 efferretur,
704 2143 784 2178 176
805 2142 933 2171 Hebraeus
946 2144 1007 2178 qui-

218 2187 281 2213 dam
296 2186 401 2213 audivit
427 2187 570 2221 plurimam
599 2189 777 2223 psalmodiam
800 2190 961 2225 angelicam,
981 2194 1007 2216 et

219 2239 253 2258 ex
270 2232 374 2259 aedibus
386 2233 444 2260 suis
470 2234 649 2268 prospiciens,
673 2235 741 2262 vidit
767 2236 836 2263 duos
859 2236 943 2269 solos,
959 2236 1004 2270 qui

220 2277 352 2313 reliquias
363 2278 422 2313 ejus
436 2280 600 2314 portabant:
614 2285 641 2308 et
660 2281 800 2314 intellexit,
822 2283 894 2316 quod
918 2282 1005 2317 angeli

223 2324 383 2358 psallerent,
412 2331 494 2360 atque
519 2326 579 2354 ait:
603 2326 703 2355 Beatus
726 2335 767 2359 es,
785 2328 918 2354 Simeonz
942 2328 1006 2363 quia

222 2378 283 2397 cum
303 2379 356 2399 non
375 2372 477 2400 habeas
491 2377 636 2400 cantantes
645 2373 782 2407 homines,
801 2374 885 2401 habes
895 2374 1007 2409 angelos

221 2415 337 2451 hymnos
363 2423 503 2445 canentes.
534 2418 650 2446 Sanctus
678 2424 767 2446 autem
790 2417 1006 2447 JOanuestinem

221 2470 330 2498 quoque
347 2464 454 2492 vivendi
463 2464 489 2491 in
503 2472 568 2499 pace
581 2465 654 2492 iecit.

327 2525 361 2553 Et
375 2528 586 2554 commemoratio
601 2526 745 2554 Ezechielis
756 2527 897 2562 prop/tuta.

257 2571 381 2600 Ezechiel
391 2573 526 2608 gloriosus
534 2577 560 2600 et
567 2581 681 2608 magnus
688 2574 830 2609 propheta.
840 2573 891 2601 fuit
898 2574 1007 2609 quidem

223 2619 294 2646 [ilius
306 2618 450 2652 cujusdam
462 2619 614 2647 sacerdotis
627 2627 660 2647 ex
671 2620 742 2647 tribu
754 2620 829 2653 Levi;
839 2620 1009 2655 prophetavit

222 2670 316 2693 autem
338 2674 426 2693 annos
442 2665 553 2700 viginti;
578 2667 724 2693 antecessit
749 2674 814 2694 vero
846 2667 1009 2694 incarnatio-

223 2719 285 2739 nem
304 2712 411 2739 Domini
428 2711 514 2739 nostri
524 2710 586 2739 Jesu
597 2712 698 2740 Christi
711 2712 790 2740 annis
805 2712 1009 2747 quadringentis

224 2759 394 2794 septuaginta
409 2762 522 2793 septem.
536 2758 658 2794 Cumque
683 2758 852 2794 captivitatis
879 2759 1009 2794 tempori-

224 2804 276 2832 bus
302 2804 329 2831 in
351 2809 450 2832 terram
476 2805 663 2833 Chaldaeorum
699 2806 854 2840 migrasset,
881 2812 1009 2840 magnum

224 2854 382 2886 portentum
412 2850 495 2884 dedit,
531 2859 593 2878 cum
627 2856 768 2887 serpentes
798 2858 898 2886 pueros
913 2858 1009 2879 eorum

1012 1542 1035 1572 (ι

1019 2213 1046 2242 D

1044 288 1190 324 Γραφικῶν
1220 287 1398 323 ζητημάτων.
1425 286 1479 313 Καὶ
1507 284 1578 311 οὕτω
1601 280 1832 318 προσευξαμένη,

1046 335 1112 371 πρὸς
1123 335 1200 368 Θεὸν,
1216 334 1246 361 ὃν
1260 334 1458 369 ἐθεράπευσεν,
1476 330 1653 366 ὲξεδήμησεν.

1308 388 1407 417 MHNI’
1421 389 1464 424 ro
1479 387 1581 423 ΛΥΤῼ.

1417 434 1448 460 Kl

1050 483 1087 511 Ἦ
1100 481 1254 517 πυρφόρος
1269 481 1416 513 ἀνάϐασις
1435 481 1478 517 εις
1494 477 1645 512 οὐρανοὺς
1667 476 1766 505 Ἠλωῦ
1781 475 1835 503 τοῦ

1055 540 1060 543 ,
1142 515 1148 516 ί
1162 515 1169 517 ⁷
1201 515 1207 517 ’
1356 515 1520 550 προφήτου.

1090 574 1183 606 Ἠλίας
1195 575 1209 601 ό
1223 574 1366 609 προφήτης
1380 570 1414 608 ἦν
1429 572 1478 606 μὲν
1495 573 1528 598 ἐκ
1546 572 1596 605 τῆς
1618 570 1711 606 χώρας
1727 568 1836 603 Θὲσϐης

1046 620 1079 647 ὲκ
1094 620 1146 654 γῆς
1167 620 1301 655 ’Δράὸων,
1324 620 1357 645 ὲκ
1377 618 1464 653 φυλῆς
1484 616 1591 652 ’Δαρών
1602 625 1610 631 ·
1628 615 1748 651 κατῴκει
1763 615 1792 640 δὲ
1807 615 1837 640 ὲν

1046 667 1154 694 Γαλαὰδ
1165 675 1171 681 ·
1188 667 1243 692 Καὶ
1257 666 1302 692 ὅτε
1317 664 1412 691 ἔτεκεν
1426 664 1508 690 αὑτὸν
1521 663 1537 698 ή
1552 663 1644 698 μήτηρ
1658 661 1752 692 αὐτοῦ,
1766 658 1837 686 εἶδεν

1046 714 1060 741 6
1075 712 1166 748 πατὴρ
1187 711 1270 740 αὑτοῦ
1293 710 1444 743 ὀπτασίαν,
1468 709 1510 736 ὄτι
1539 708 1635 744 ἄνδρες
1660 707 1839 740 λευκοφανεῖς

1046 759 1130 787 αὑτὸν
1152 758 1370 795 προσηγόρευον,
1396 757 1444 784 καὶ
1466 755 1534 791 πυρὶ
1560 753 1765 790 ὲσπαργάνουν,
1791 751 1839 778 καὶ

1048 806 1136 840 φλόγα
1158 805 1245 840 πυρδς
1259 805 1360 831 ὲδίδουν
1385 802 1459 838 αὐτῷ
1482 803 1592 837 φαγεῖν.
1610 800 1666 828 Καὶ
1691 798 1778 826 ἐλθὼν
1797 799 1840 829 είς

1055 851 1254 887 Ἰερουσαλὴμ,
1281 849 1428 885 ἀνήγγειλε
1451 849 1509 880 τοῖς
1537 846 1650 883 ἱερεῦσι.
1679 846 1734 873 Καὶ
1761 842 1839 871 εἶπεν

1051 897 1126 933 αὑτῷ
1137 898 1151 923 ὁ
1167 896 1370 933 χρηματισμός·
1387 895 1430 930 Μὴ
1445 893 1596 929 δειλιάσῃς,
1608 892 1748 927 ἄνθρωπε·
1759 890 1840 917 ἔσται

1050 945 1106 980 γὰρ
1121 945 1139 979 ἡ
1162 944 1269 979 οἴκησις
1284 943 1331 970 τοῦ
1350 941 1458 969 παιδίου
1474 940 1531 976 φῶς
1542 949 1548 957 ·
1565 939 1612 966 καὶ
1623 939 1638 965 6
1651 938 1732 973 λόγος
1755 936 1840 964 αὐτοῦ

1050 991 1190 1024 ἀπόφασις
1201 998 1208 1005 ·
1226 989 1273 1016 καὶ
1295 989 1385 1024 κρινεῖ
1401 987 1447 1015 τὸν
1475 985 1584 1022 Ἰσραὴλ
1599 986 1629 1012 ὲν
1655 983 1779 1020 ῥομφαίᾳ
1794 982 1842 1009 καὶ

1050 1035 1129 1072 πυρί,
1151 1033 1237 1067 Οὗτος
1259 1034 1307 1061 οὖν
1326 1033 1531 1070 προεφήτευσεν
1554 1030 1602 1066 ἐτη
1627 1030 1714 1056 εἴκοσι
1739 1028 1840 1055 πέντε·

1050 1081 1194 1117 προλαϐὼν
1210 1081 1258 1117 τὴν
1268 1079 1315 1107 τοῦ
1328 1078 1446 1115 Χριστοῦ
1461 1076 1615 1113 παρουσίαν
1629 1075 1678 1111 ἐτη
1691 1074 1842 1102 ὀκτακόσια

1050 1127 1116 1154 δέκα
1138 1126 1179 1160 ἓξ.
1204 1127 1260 1153 Καὶ
1280 1125 1337 1160 πῦρ
1351 1124 1380 1157 ἐξ
1393 1122 1507 1159 οὐρανοῦ
1532 1123 1710 1157 κατήνεγκεν,
1736 1120 1784 1146 καὶ
1796 1118 1842 1144 τὸν

1051 1174 1130 1201 ὑετδν
1157 1167 1272 1208 ἐπέσχεν
1296 1171 1342 1198 επὶ
1367 1171 1414 1207 ἔτη
1438 1170 1503 1206 τρία
1544 1168 1592 1196 καὶ
1617 1167 1704 1203 μῆνας
1723 1165 1772 1198 ἐξ*
1794 1165 1842 1191 καὶ

1052 1219 1224 1255 πεντήκοντα
1245 1218 1361 1249 δυσσοὺς
1382 1216 1551 1244 κατέκαυσε·
1575 1213 1622 1241 καὶ
1638 1215 1667 1240 ἐν
1680 1212 1718 1248 τῷ
1738 1209 1842 1246 Χωρὴὸ

1051 1265 1109 1301 ὕρει
1128 1265 1175 1292 τὸν
1200 1263 1266 1291 Θεὸν
1292 1261 1360 1290 εἶδε·
1387 1262 1436 1289 καὶ
1463 1262 1508 1288 τδν
1530 1260 1666 1297 Ἰορδάνην
1690 1258 1782 1293 ἔσχισε
1809 1258 1843 1292 τῇ

1053 1312 1164 1348 μηλωτῇ
1177 1317 1186 1326 ⁸
1202 1310 1250 1338 καὶ
1263 1310 1303 1342 εἰς
1317 1309 1449 1346 οὐρανοὺς
1461 1309 1490 1335 ὲν
1506 1309 1609 1344 ἅρματι
1636 1306 1720 1342 πυρὸς
1743 1303 1844 1338 ἀναλη-

1052 1358 1138 1392 φθεὶς,
1153 1357 1185 1394 ζῇ
1205 1357 1286 1392 μέχρι
1300 1357 1349 1391 τῆς
1365 1356 1495 1391 σήμερον.

1314 1413 1405 1441 MHNI
1416 1412 1460 1448 re
1472 1411 1573 1447 arm.

1408 1455 1463 1484 ΚΧ

1052 1507 1161 1543 Μνήμη
1177 1505 1355 1543 εῷνηάτιων
1381 1503 1519 1543 Ηαῖέίὶων
1537 1499 1771 1543 ἠιέίὲν.Συμεὼν
1790 1499 1845 1527 ὀὗ

1171 1541 1219 1568 διὰ
1238 1536 1368 1575 Χριστὸν
1379 1536 1490 1570 Σαλόῦ,
1505 1537 1554 1564 καί
1569 1536 1723 1564 Ἰωάννου.

1091 1595 1171 1625 Οὗτοι
1186 1599 1218 1625 ἑκ
1236 1597 1339 1629 πόλεως
1359 1596 1476 1631 Ἐμέσης
1492 1593 1649 1631 ὁρμώμενοι
1668 1593 1713 1619 ἐπὶ
1729 1591 1780 1627 τῆς
1793 1591 1845 1626 βα-

1055 1644 1158 1675 σιλείας
1180 1643 1324 1670 Ἰουστίνου
1352 1640 1543 1676 ἑγνωρίζοντο.
1566 1638 1745 1669 Ἀπελθόντες
1759 1637 1788 1664 δὲ
1804 1637 1846 1668 εις

1054 1691 1104 1726 τὴν
1119 1689 1201 1724 ἁγίαν
1227 1688 1314 1721 πόλιν,
1331 1687 1378 1714 καὶ
1392 1687 1420 1713 τὺ
1440 1684 1572 1718 {monova
1594 1684 1672 1719 ξύλον
1687 1684 1846 1720 προσκυνή-

1056 1744 1164 1768 σαντες,
1191 1734 1284 1762 οὐκέτι
1298 1733 1367 1769 πρὸς
1391 1732 1425 1759 τὰ
1446 1732 1535 1758 οίκεῑα
1563 1729 1755 1766 ὑπέστρεψαν·
1776 1728 1846 1756 ἀλλὰ

1054 1781 1103 1817 τὴν
1122 1780 1205 1817 μονὴν
1217 1779 1264 1806 τοῦ
1277 1779 1355 1812 ἁγίου
1369 1776 1524 1813 Γερασίμου
1540 1774 1750 1807 καταλαϐόντες,
1765 1772 1847 1808 γεγό-

1055 1835 1118 1854 νασι
1139 1825 1262 1862 μοναχοί.
1280 1825 1336 1852 Καὶ
1351 1823 1398 1851 τοῦ
1415 1822 1598 1859 μοναστηρίου
1615 1820 1781 1856 ἐξελθόντες,
1795 1819 1847 1854 τὴν

1056 1873 1159 1910 ἔρημον
1181 1871 1343 1902 κατέλαϐον,
1367 1870 1457 1896 πᾶσαν
1482 1869 1599 1904 ἄσκησιν
1615 1867 1663 1895 καὶ
1682 1866 1847 1901 σκληραγω-

1056 1919 1118 1954 γίαν
1135 1918 1181 1945 ἐπὶ
1202 1917 1407 1951 τεσσαράκοντα
1430 1915 1504 1942 ἔτεσι
1518 1914 1706 1945 διανύσαντες.
1727 1912 1846 1939 Ἔπειτα

1055 1966 1070 1993 6
1086 1965 1136 2001 μὲν
1155 1965 1282 1999 Ἰωάννης
1292 1964 1321 1992 ὲν
1336 1963 1368 1998 τῇ
1385 1962 1480 1997 ἐρήμῳ
1511 1959 1694 1995 κατελείφθη*
1710 1959 1725 1986 6
1743 1958 1772 1985 δὲ
1792 1958 1846 1984 Συ-

1059 2010 1131 2046 μεὼν
1144 2009 1314 2045 ὑπέστρεψεν
1326 2010 1366 2040 είς
1380 2009 1430 2043 τὴν
1445 2008 1527 2041 άγίαν
1549 2006 1643 2034 πόλιν
1663 2005 1711 2032 καὶ
1729 2005 1847 2039 ὑποκρι-

1057 2058 1114 2089 Θεὶς
1143 2057 1260 2093 μωρίαν,
1289 2055 1375 2083 πολλὰ
1406 2054 1534 2090 θαύματα
1554 2054 1583 2080 ἒν
1604 2054 1638 2088 τῇ
1665 2053 1847 2087 προσποιήσει

1057 2102 1144 2138 ταύτῃ
1159 2101 1316 2136 εἰργάσατο.
1331 2099 1424 2127 Θανὼν
1439 2099 1466 2125 δὲ
1480 2099 1526 2125 καὶ
1543 2097 1692 2133 φερόμενος
1701 2095 1748 2122 τοῦ
1761 2096 1850 2130 ταφῆ-

1059 2156 1103 2174 ναι
1129 2147 1181 2173 ὑπὸ
1207 2146 1254 2173 δύο
1284 2145 1422 2180 πενικρῶν
1453 2143 1641 2179 ἀνθρώπωνρ
1657 2141 1783 2177 Ἑὸραῐός
1805 2148 1848 2172 τις

1059 2194 1158 2229 ἤκουσε
1173 2192 1331 2227 ψαλμῳδίας
1344 2191 1475 2225 πλείστης
1494 2189 1652 2225 ἀηελικῆς.
1674 2189 1729 2214 Καὶ
1742 2187 1848 2222 προκύ-

1057 2241 1111 2274 ψας
1126 2240 1173 2265 τοῦ
1191 2239 1351 2273 οἰκήματος,
1375 2237 1427 2272 ὁρᾷ
1448 2236 1494 2262 δύο
1513 2235 1610 2270 μόνους
1627 2234 1690 2265 τοὺς
1706 2233 1737 2260 τὸ
1749 2233 1848 2268 λείψα-

1057 2294 1102 2312 νον
1128 2284 1211 2311 αὑτοῦ
1235 2283 1433 2318 βαστάζοντας·
1465 2282 1514 2309 καὶ
1544 2281 1644 2313 συνεὶς,
1672 2280 1714 2306 δτι
1735 2279 1848 2314 ἄγγελοι

1057 2331 1215 2366 ψάλλουσιν,
1228 2330 1279 2364 ἔφη
1291 2337 1298 2345 ⁶
1316 2329 1458 2364 Μακάριος
1474 2326 1509 2360 εἴ,
1521 2326 1644 2361 Συμεὼν,
1660 2326 1713 2358 ὅτι,
1727 2326 1766 2361 μὴ
1778 2326 1848 2362 ἔχων

1058 2376 1219 2412 ἀνθρώπους
1236 2375 1398 2410 ψάλλοντας,
1419 2374 1497 2409 ἔσχες
1520 2373 1654 2408 ἀγγέλους
1683 2372 1847 2408 ὑμνοῦντας.

1065 2422 1226 2458 Ἑτελειώθη
1241 2422 1269 2448 δὲ
1284 2423 1330 2448 καὶ
1345 2423 1358 2448 6
1374 2423 1447 2453 ὅσιος
1468 2421 1608 2455 Ἰωάννης.

1167 2525 1223 2554 Kal
1235 2525 1339 2560 μνήμη
1354 2523 1495 2559 Ἰεζεκιὴλ
1511 2523 1564 2550 τοῦ
1580 2521 1746 2559 προφήτου.

1101 2572 1232 2608 Ίεζεκιὴλ
1244 2572 1258 2598 6
1275 2571 1379 2605 ἔνδοξος
1403 2572 1450 2598 καὶ⁵
1474 2570 1562 2607 μέγας
1580 2569 1735 2604 προφήτης,
1747 2566 1781 2604 ἦν
1795 2569 1846 2604 μὲν

1060 2618 1119 2651 υίὸς
1135 2617 1194 2649 ἑνὸς
1213 2617 1267 2645 τῶν
1293 2618 1408 2652 ἱερέων,
1435 2616 1467 2644 ὲκ
1493 2615 1541 2650 τῆς
1571 2616 1665 2650 σειρᾶς
1692 2614 1740 2641 τοῦ
1768 2614 1845 2641 Acut.

1060 2665 1254 2700 Προεφήτευσε
1269 2663 1297 2690 δὲ
1309 2663 1356 2698 ἔτη
1371 2663 1469 2695 εἴκοσι,
1483 2661 1628 2697 προλαϐὼν
1643 2661 1693 2696 τὴν
1708 2660 1847 2696 σάρκωσιν

1060 2710 1107 2737 τοῦ
1123 2711 1225 2746 Κυρίου
1244 2710 1323 2745 ὴμῶν
1338 2708 1427 2745 Ἰησοῦ
1442 2708 1562 2745 Χριστοῦ
1579 2708 1626 2743 ἔτη
1645 2708 1846 2743 τεσσαρακόσια

1062 2756 1248 2793 ἑῦδομήκοντα
1271 2756 1350 2783 ἑπτά.
1378 2755 1434 2783 Καὶ
1453 2756 1500 2781 ἐπὶ
1513 2754 1567 2781 τῶν
1587 2754 1639 2789 τῆς
1659 2754 1847 2789 αίχμαλωσίας

1062 2795 1177 2838 καιρῶν,
1210 2802 1335 2830 ἀπελθὼν
1358 2802 1387 2829 ὲν
1411 2803 1447 2837 γῇ
1470 2800 1631 2833 Χαλδαίων,
1657 2800 1744 2827 ἔδωκε
1767 2799 1846 2835 τέρας

1063 2849 1145 2886 μέγα,
1169 2850 1213 2876 ὅτε
1229 2849 1253 2877 oi
1269 2848 1344 2882 ὄφεις
1359 2847 1393 2875 τὰ
1414 2847 1501 2883 βρέφη
1528 2846 1617 2874 αὐτῶν
1643 2846 1690 2874 καὶ
1705 2845 1739 2873 τὰ
1763 2845 1843 2881 κτήνη
