1926 3076
220 109 273 140 58')

857 106 1003 136 MENOLC

1058 107 1068 136 l
1089 107 1185 136 PARS
1202 106 1258 136 Ill.
1791 106 1852 138 584

221 165 284 198 piis,
299 162 380 190 simul
395 163 476 197 imp.e
490 169 580 197 agere,
604 161 685 196 elegit.
701 161 791 196 potius
806 161 928 196 abjectus
942 168 1002 189 esse

1056 162 1157 197 σμικὰς
1175 163 1271 197 ἀρχὰς,
1288 162 1374 188 εἵλετο
1396 163 1497 197 μᾶλλον
1512 162 1540 189 ἑν
1552 162 1592 198 τῷ
1610 163 1677 198 οῐκῳ
1697 162 1744 189 τοῦ
1776 164 1850 190 Θεοῦ

220 210 300 245 202
314 210 342 236 in
357 209 437 237 domo
455 208 513 242 Dei,
535 216 616 243 quam
633 208 754 235 habitare
771 208 798 234 in
818 208 1003 235 tabernaculis

220 260 404 291 peccatorum.
423 254 564 281 Profectus
580 254 662 288 igitur
677 254 703 280 in
719 253 894 289 Chrysopolis
908 261 1004 281 mona-

219 301 344 333 sterium,
362 307 469 328 comam
488 299 623 334 deposuit,
642 299 687 326 ubi
704 304 798 334 postea
813 299 942 334 magister
962 299 1004 326 fa-

219 351 280 373 ctus
295 350 346 372 est.
363 345 461 372 Divino
476 345 574 371 exinde
588 344 647 371 zelo
669 344 743 371 velut
765 344 827 379 igne
844 351 1003 376 succensus,

220 392 402 427 antiquiorem
429 391 544 418 Romam
573 390 657 423 venit,
687 393 715 417 et
743 397 819 425 papa:
845 390 1005 417 beatissimo

220 437 337 464 Martino
351 436 448 467 suasit,
466 439 495 462 ut
507 436 697 470 particularem
710 436 842 469 synodum
857 443 1006 470 congrega-

220 488 272 516 ret,
298 487 380 516 atque
406 482 490 508 duces
513 481 540 507 in
567 481 651 515 impio
676 481 802 516 dogmate
827 483 944 514 eorum,3
959 481 1005 515 qui

220 535 303 555 unatn
320 528 346 554 in
369 527 478 554 Christo
500 526 668 553 voluntatem
687 526 871 557 somniabant,
889 526 1005 552 anathe-

221 579 293 602 mate
308 573 475 607 pereellcret.
503 572 538 598 At
554 579 695 599 sermones
720 571 801 598 etiam
828 571 1006 598 conscribens

221 621 254 646 ad
271 618 486 653 redarguendum
499 625 546 645 eos
557 618 604 653 qui
624 618 660 644 ita
683 618 847 650 sentiebant,
862 622 889 645 et
901 618 1005 652 episto-

221 664 263 692 las
294 671 479 699 componens,
513 664 793 691 detnonstrationibus
833 672 865 691 ex
901 665 1007 692 ratione

222 710 417 744 Scripturaque
433 709 585 744 desumptis
611 710 795 744 integritatem
818 714 918 737 nostrae
941 710 1003 737 ﬁdei

220 756 440 790 comprobantes,
460 755 560 789 ubique
578 760 712 782 terrarum
728 755 926 783 dissemiuavit.
951 755 1006 783 Ro-

221 807 265 826 ma
280 805 369 826 autem
385 807 438 826 una
458 807 520 827 eum
534 799 640 826 duobus
661 800 718 826 suis
732 799 874 834 discipulis
888 802 1006 828 Anasta-

1056 208 1283 243 παρερῤῖφϐαι,ῆ
1309 209 1338 234 ἐν
1355 208 1532 244 σκηνώμασιν
1556 209 1728 245 ἁμαρτωλῶν
1750 218 1850 236 κατοι-

1055 255 1122 280 κεῖν.
1140 253 1310 280 Καταλαϐὼν
1323 253 1369 280 οὖν
1381 255 1410 280 τὸ
1424 255 1452 280 ἐν
1464 255 1633 288 Χρυσοπόλει
1648 256 1848 291 μοναστήριον,

1055 299 1103 334 τὴν
1119 299 1208 334 κόμην
1223 299 1349 325 ἀπέθετο.
1367 297 1404 326 Οὗ
1430 299 1479 326 καὶ
1496 300 1653 335 καθηγητὴς
1668 300 1781 336 ὕστερον
1797 302 1849 334 γέο

1056 353 1143 378 γονεν.
1160 343 1228 371 Εἶτα
1240 345 1304 380 θείῳ
1327 345 1398 380 ζήλῳ
1418 345 1512 381 ὥσπερ
1528 346 1579 372 ὑπὸ
1597 347 1683 381 πυρὸς
1702 347 1846 381 ἐξαφθεὶς,

1055 391 1104 425 τὴν
1120 390 1308 425 πρεσϐυτέραν
1329 390 1439 426 Ῥώμην
1452 391 1597 418 κατέλαϐε.
1616 392 1672 418 Καὶ
1686 393 1782 419 πάπαν
1797 393 1848 418 ’τὸν

1057 435 1264 470 μακαριώτατον
1281 436 1430 471 Μαρτῐνον,
1447 437 1561 471 τοπικὴν
1573 437 1696 472 ἁθρῡῐσαι
1722 437 1847 469 σύνοδον,

1055 480 1104 506 καὶ
1128 479 1328 514 ἀναθεματίσαι
1356 480 1419 512 τοὺς
1447 480 1585 515 ἀρχηγοὺς
1617 481 1663 507 τοῦ
1692 481 1847 517 δυσσεϐοῦς

1055 526 1199 560 δόγματος,
1215 526 1269 552 τῶν
1285 526 1348 560 μίαν
1364 526 1409 552 ἐπὶ
1426 526 1542 561 Χριστοῦ
1557 526 1667 562 θέλησιν
1689 527 1847 562 ληρῳδούν-

1056 580 1119 603 των,
1147 572 1324 606 παρέπεισεν·
1353 572 1421 598 ἀλλὰ
1436 573 1482 598 καὶ
1499 573 1538 604 είς
1555 572 1665 607 ἔλεγχον
1688 573 1743 599 τῶν
1772 573 1847 599 οὕτω

1057 617 1227 651 φρονούντων
1247 617 1343 650 λόγους
1355 617 1475 652 γράψας,
1492 618 1539 644 καὶ
1555 619 1700 650 ἐπιστολὰς
1717 618 1846 652 λογικαῖς

1057 663 1221 696 ἀποδείξεσι,
1240 664 1285 690 καὶ
1299 666 1448 697 γραφικαῖς
1464 664 1515 699 τῆς
1539 664 1601 690 καθ’
1625 665 1697 700 ἡμᾶς
1723 665 1846 696 πίστεως

1056 710 1106 744 τὴν
1122 710 1264 745 ἀκρίὃειαν
1293 711 1455 745 βεδαιούσης
1485 711 1604 743 συνθεὶς,
1626 711 1767 746 πανταχοῦ
1794 711 1846 746 τῆς

1057 757 1218 791 οἰκουμένης
1235 758 1399 792 ἐξέπεμψεν.
1428 757 1592 789 ’Λναζεύξας
1606 757 1633 783 δὲ
1647 757 1701 784 ἀπὸ
1733 756 1846 792 Ῥώμης

1059 803 1128 837 μετὰ
1140 803 1194 828 τῶν
1207 803 1253 829 δύο
1274 803 1459 830 ’Λναστασίων
1476 804 1530 829 τῶν
1549 803 1679 838 μαθητῶν
1691 803 1787 834 αὑτοῦ,
1805 804 1846 833 εἰς

220 846 269 873 siis
285 846 425 878 secedens,
451 853 514 872 reus
530 845 601 880 apud
620 850 747 873 senatum
765 847 860 873 haeresi
885 846 1003 881 impera-

1058 848 1172 880 εὐθύνας
1185 857 1221 875 πα
1228 849 1260 883 ρὰ
1271 849 1319 883 τῆς
1336 849 1489 884 συγκλήτου
1509 849 1683 881 καθίσταται,
1697 848 1845 884 ὁμοδοξού-

220 892 288 919 toris
323 891 538 919 consentientem
569 891 758 924 constituitur,
794 891 866 926 quod
899 892 1006 919 cunctis

220 945 323 964 morem
336 937 493 971 gerentibus
505 937 661 971 imperatori
691 937 749 972 ipse
763 938 837 965 solus
851 938 1005 971 obsisteret,

221 987 303 1018 atque
321 983 390 1011 alios
418 983 501 1010 etiam
526 983 560 1010 ad
579 982 761 1010 defectionem
790 983 933 1017 excitaret,
958 991 1006 1018 per

220 1028 350 1063 epistolas
379 1028 440 1055 illos
469 1027 611 1059 inducens,
639 1032 668 1054 ut
691 1029 829 1054 contraria
861 1029 1005 1056 sentirent.

222 1073 366 1108 Propterea
387 1073 414 1100 in
431 1073 582 1100 custodiam
600 1080 684 1108 prope
700 1072 845 1100 Thraciam
859 1073 979 1101 mittitur
997 1082 1004 1100 :

221 1125 248 1146 et
260 1126 438 1154 perseverans
454 1119 511 1153 ipse
532 1119 559 1145 in
577 1119 729 1145 orthodoxa
754 1119 816 1151 tide,
838 1119 948 1146 dextera
975 1126 1006 1146 ac

221 1165 312 1200 lingua
334 1165 492 1200 amputatis,
511 1164 585 1191 illinc
601 1165 627 1191 in
642 1163 758 1192 Lazicen
782 1164 921 1199 relegatur
937 1173 943 1191 :
960 1165 1006 1191 ubi

221 1211 254 1237 ad
272 1215 327 1238 tres
338 1218 426 1238 annos
444 1210 526 1237 vitam
542 1210 699 1242 traducens,
715 1215 742 1237 et
762 1211 865 1244 proprii
881 1211 1007 1245 corporis

221 1256 378 1290 indigentiis
401 1256 459 1290 ipse
486 1255 657 1287 ministrans,
687 1255 783 1290 plenus
805 1255 920 1288 dierum,
947 1260 1008 1289 post

221 1302 330 1328 brevem
346 1301 470 1328 morbum
491 1300 517 1327 in
538 1299 651 1327 Domino
663 1300 807 1334 requievit,
825 1301 1004 1335 sepultusque

221 1346 273 1373 {uit
284 1347 311 1373 in
321 1346 408 1373 sancti
419 1345 526 1373 Arsenii
539 1346 706 1372 monasterio
716 1346 743 1372 in
757 1345 855 1372 eadem
869 1345 1005 1373 Lazorum

223 1391 360 1425 regione:
389 1390 434 1417 ubi
459 1390 486 1416 in
513 1390 571 1417 dies
599 1390 684 1416 multa
710 1395 837 1424 operatur
862 1391 1005 1418 miracula.

222 1433 370 1469 Postquam
386 1442 450 1461 vero
471 1434 648 1461 obtruncatus
672 1437 724 1466 est,
741 1434 862 1468 linguam
876 1435 901 1462 ei
917 1435 1006 1462 denuo

222 1488 270 1515 per
279 1480 429 1515 prodigium
442 1479 564 1507 referunt
575 1487 590 1507 a
600 1479 654 1507 Deo
665 1481 833 1513 restitutam,
845 1486 873 1508 et
883 1482 1005 1516 quandiu

222 1527 298 1557 visit,
310 1527 410 1554 diserte
426 1525 511 1554 fuisse
524 1525 655 1553 locutum.
669 1525 709 1553 Ex
719 1526 825 1554 duobus
840 1532 931 1554 autem
944 1527 1004 1562 ejus

221 1572 362 1606 discipulis
387 1573 474 1606 major
492 1572 600 1607 quidem
618 1576 684 1599 natu
704 1572 878 1606 Anastasius,
892 1573 1006 1609 perinde

221 1625 253 1645 ac
269 1619 407 1652 magister,
426 1619 516 1653 lingua
531 1623 558 1645 et
575 1619 686 1646 dextera
706 1618 897 1653 obtruncatus,
917 1620 944 1646 in
961 1628 1006 1647 rc-

221 1667 324 1691 motum
333 1665 459 1691 exsilium
469 1665 638 1699 exturbatur;
648 1665 743 1700 junior
754 1672 817 1693 vero
829 1665 855 1693 in
868 1666 1004 1701 quoddam

221 1709 344 1737 Thraciae
357 1709 457 1738 missus
470 1714 590 1738 castraut
615 1711 650 1738 ibi
671 1712 726 1739 vita
742 1711 850 1740 functus
866 1718 917 1741 est.

485 1844 602 1873 EODEM
613 1846 736 1874 MENSE.

464 1891 512 1919 Die
532 1893 637 1920 decima
657 1899 754 1928 quarta

220 1936 299 1972 203
320 1936 449 1965 Memoria
468 1940 632 1980 sacrosancti
648 1939 774 1979 martyris
793 1938 914 1966 Marcelli
935 1940 1006 1975 Apa-

506 1982 571 2001 mea
589 1983 715 2009 epucopt.

255 2029 304 2058 llic
319 2030 472 2060 Theodosio
497 2031 661 2067 imperatore
687 2041 720 2060 ex
737 2033 826 2069 Cypro
842 2035 943 2070 prodiit
959 2034 1002 2062 in-

218 2076 289 2109 sula,
302 2077 381 2111 cujus
400 2078 646 2105 administrationis
661 2079 803 2113 provincia
817 2088 878 2107 cum
893 2081 918 2107 ei
931 2086 1003 2108 esset

219 2122 375 2156 commissa,
401 2123 569 2151 mundanam
596 2124 654 2159 ipse
679 2133 776 2161 gerens
802 2126 1001 2161 praefecturam,

217 2169 286 2196 adeo
300 2169 428 2204 pietatem
441 2176 621 2206 exactamque
634 2174 768 2200 rationem
783 2174 810 2200 in
828 2174 909 2202 rebus
923 2183 1003 2209 agen-

218 2214 260 2241 dis
275 2214 430 2247 adhibebat,
444 2221 474 2242 ut
485 2223 581 2243 omnes
595 2217 627 2244 ad
641 2217 684 2244 sui
702 2219 865 2252 pel-traxerit
882 2219 1002 2246 admira-

220 2259 332 2285 tionem.
353 2260 393 2286 Ad
415 2260 586 2294 pontiﬁcium
610 2269 676 2289 vero
697 2264 822 2290 ordinem
843 2265 1001 2298 translatus,

218 2307 301 2338 atque
315 2304 442 2338 Apameae
458 2306 485 2332 in
508 2306 586 2342 Syria
603 2308 747 2343 episcopus
771 2311 947 2344 constitutus,
974 2313 1000 2339 in

218 2349 324 2377 caeteris
338 2351 465 2378 omnibus
475 2351 550 2387 juste
570 2357 597 2380 et
612 2358 704 2381 sancte
722 2363 835 2383 munere
848 2365 899 2384 suo
907 2358 1001 2393 funge-

219 2395 310 2423 batur.
336 2396 468 2425 Fervidus
488 2398 569 2425 etiam
592 2403 651 2426 erat
680 2399 779 2428 Christi
801 2402 863 2430 tidei
889 2404 1000 2436 zelotes,

217 2442 348 2470 ecclesias
365 2444 399 2470 ad
418 2443 465 2471 Dei
491 2444 605 2480 gloriam
626 2452 799 2480 construens,
816 2454 843 2476 et
865 2449 998 2478 idolorum

218 2487 280 2515 fana
297 2489 459 2525 destruens;
485 2500 600 2527 quorum
624 2501 718 2527 unum,
739 2496 812 2530 quod
834 2495 910 2524 Iovis
924 2497 1000 2525 dice-

218 2536 307 2570 batur,
321 2545 382 2565 cum
399 2546 452 2565 non
465 2539 568 2567 sineret
580 2540 625 2575 qui
644 2541 670 2568 in
685 2549 718 2569 eo
735 2542 870 2569 insidebat
883 2543 998 2575 da‘mon,

217 2581 305 2615 ipsum
320 2584 456 2618 comburi,
481 2593 531 2613 nec
551 2587 762 2621 quibuscunquc
783 2588 918 2615 machinis
940 2589 999 2616 solo

216 2629 332 2662 aquari;
357 2635 470 2658 sanctus
494 2635 606 2666 accepta
624 2639 706 2666 aqua.
735 2639 823 2667 eaque
847 2633 998 2666 benedicta,

216 2677 374 2709 struemque
387 2676 522 2711 lignorum
541 2684 572 2704 ea
593 2685 751 2713 aspcrgens,
773 2683 802 2705 ut
820 2679 891 2714 ignis
907 2681 998 2708 conci-

216 2725 334 2752 peretur,
352 2725 433 2756 atque
449 2722 541 2750 fanum
558 2723 684 2750 incendio
698 2731 918 2759 consumeretur,
935 2727 998 2754 θωτ-

217 2763 263 2790 cit.
280 2764 448 2800 Quapropter
461 2767 496 2794 ab
520 2767 672 2797 idololatris
697 2770 755 2804 ipse
770 2772 994 2806 comprehen-us,

216 2812 298 2843 atque
314 2809 341 2836 in
358 2810 447 2844 ignem
469 2812 596 2846 injectus,
612 2821 741 2842 coronam
757 2816 870 2850 accepit.

1060 903 1110 929 σης
1127 896 1160 930 τῇ
1174 894 1220 920 τοῦ
1242 894 1375 929 βασιλέως
1395 895 1512 930 αἱρέσει·
1527 897 1568 922 ὃτι
1585 896 1696 922 πάντων
1716 895 1845 922 ὑπεικόν-

1057 950 1112 967 των
1137 941 1176 976 τῷ
1200 941 1316 976 βασιλεῖ,
1334 942 1414 972 αὑτός
1439 951 1469 968 τε
1493 942 1573 978 μόνος
1600 943 1773 974 ἀνθίσταται,
1796 942 1844 969 καὶ

1059 987 1121 1018 τοὺς
1135 986 1234 1018 ἄλλους
1252 987 1291 1018 εἰς
1306 987 1476 1014 ἀποστασίαν
1494 989 1573 1018 κινεῖ,
1598 988 1707 1014 ἐναντία
1731 988 1776 1014 διὰ
1791 988 1846 1014 τῶν

1058 1032 1209 1059 ἐπιστολῶν
1223 1034 1341 1067 φρονεῖν,
1359 1032 1530 1066 μεταπείθων
1544 1032 1653 1064 αὐτούς.
1678 1033 1740 1059 Ἐπὶ
1756 1033 1844 1066 τούτῳ

1059 1078 1198 1113 πέμπεται
1212 1080 1240 1104 ἐν
1257 1079 1364 1114 φρουρᾷ
1379 1079 1449 1105 κατὰ
1459 1079 1508 1114 τὴν
1525 1079 1645 1114 Θρᾴκην.
1666 1079 1721 1104 Καὶ
1745 1078 1844 1113 ἐπιμέ-

1058 1132 1111 1150 νων
1125 1125 1158 1159 τῇ
1169 1123 1301 1158 ὀρθοδόξῳ
1318 1124 1419 1155 πίστει,
1436 1123 1483 1158 τὴν
1500 1125 1578 1159 χεῖρα
1593 1124 1640 1150 καὶ
1655 1123 1704 1158 τὴν
1719 1124 1844 1157 γλῶτταν

1058 1169 1313 1204 ἁκρωτηριάζεται.
1335 1170 1471 1196 Κάκεῖθεν
1483 1171 1522 1201 εἰς
1542 1169 1690 1204 ὑπερορίαν
1707 1170 1779 1196 κατὰ
1795 1170 1844 1204 τὴν

1058 1214 1178 1249 Λαζικὴν
1195 1215 1344 1249 πέμπεται.
1361 1215 1445 1242 Ἔνθα
1463 1216 1510 1241 ἐπὶ
1525 1216 1600 1250 τρισὶ
1617 1215 1645 1242 δὲ
1659 1216 1766 1250 χρόνοις
1782 1216 1840 1242 δια-

1058 1260 1162 1294 γαγὼν,
1178 1263 1225 1287 κοιί
1241 1262 1299 1292 ταῖς
1315 1261 1429 1292 οἰκείαις
1443 1261 1489 1287 τοῦ
1506 1261 1631 1297 σώματος
1647 1263 1751 1297 χρείαις
1763 1263 1844 1293 αὑτὸς

1059 1307 1311 1342 ὑπηρετησάμενος,
1335 1307 1381 1333 καὶ
1405 1307 1512 1342 πλήρης
1544 1308 1655 1343 ἡμερῶν
1685 1309 1841 1343 γενόμενος,

1060 1353 1157 1388 μικρὸν
1173 1354 1300 1388 νοσήσας,
1320 1354 1493 1381 ἀνεπαύσατο
1511 1355 1541 1381 ἐν
1557 1355 1662 1389 Κυρίῳ.
1685 1355 1739 1381 Καὶ
1763 1363 1842 1381 κατε-

1057 1399 1122 1433 τέθη
1146 1401 1174 1425 ὲν
1197 1400 1229 1434 τῇ
1249 1401 1315 1434 μονῇ
1336 1399 1383 1426 τοῦ
1403 1401 1480 1434 ἁγίου
1512 1401 1663 1436 ’Λρσενίου,
1679 1401 1708 1427 ὲν
1725 1402 1794 1435 αὐτῇ
1810 1402 1841 1435 τῇ

1058 1443 1135 1478 χώρα
1148 1444 1202 1470 τῶν
1221 1443 1329 1476 Λαζῶν,
1347 1444 1448 1476 πολλὰς
1461 1445 1609 1479 θαυμάτων
1627 1446 1767 1480 ἐνεργείας
1784 1445 1842 1471 καθ’

1059 1491 1178 1525 ἑκάστην
1197 1489 1292 1516 ποιῶν.
1306 1491 1422 1524 Λέγεται
1436 1491 1474 1524 δὲ,
1491 1492 1561 1526 μετὰ
1572 1493 1621 1527 τὴν
1637 1492 1768 1527 ἐκτομὴν,
1795 1490 1842 1518 αὖπ

1059 1537 1100 1568 θις
1117 1536 1168 1563 ὑπὸ
1182 1536 1250 1562 Θεοῡ
1269 1536 1430 1571 παραδόξως
1445 1538 1667 1572 ἀποκαταστῆναι
1682 1538 1730 1573 τὴν
1754 1538 1842 1572 γλῶτ-

1058 1592 1117 1615 ταν,
1147 1583 1193 1610 καὶ
1226 1583 1334 1618 τρανῶς
1363 1584 1540 1617 φθέγγεσθαι,
1568 1585 1663 1619 μέχρις
1691 1583 1724 1610 ἂν
1740 1585 1779 1619 τῷ
1795 1585 1841 1619 βίῳ

1059 1630 1192 1664 ὑπῆρχεν.
1207 1629 1266 1655 Τῶν
1282 1628 1317 1661 ¹δὲ
1332 1629 1378 1656 δύο
1398 1630 1480 1656 αὐτοῦ
1494 1630 1634 1666 μαθητῶν,
1654 1632 1667 1656 ὁ
1698 1630 1747 1665 μὲν
1777 1638 1842 1666 πρε-

1058 1675 1186 1710 σϐύτερος
1202 1675 1377 1706 ’Λναστάσιος
1389 1676 1436 1702 Im
1449 1675 1487 1710 τῷ
1498 1676 1649 1710 διδασκάλῳ
1659 1675 1706 1711 τὴν
1720 1675 1840 1709 γλῶτταν

1057 1721 1104 1748 καὶ
1127 1721 1177 1756 τὴν
1206 1722 1283 1756 χεῖρα
1306 1721 1431 1756 τμηθεὶς,
1448 1723 1557 1757 μακρὰν
1588 1721 1734 1757 ἐξωρίσθη.
1765 1721 1794 1747 '0
1814 1720 1840 1746 δὲ

1057 1767 1200 1802 νεώτερος,
1231 1767 1259 1794 Εν
1275 1777 1326 1794 τινι
1339 1768 1392 1794 τῶν
1408 1769 1479 1794 κατὰ
1503 1768 1552 1804 τὴν
1567 1768 1678 1804 Θρᾴκην
1705 1767 1838 1803 φρουρίων

1057 1812 1206 1847 πεμφθεὶς,
1226 1812 1272 1838 τὸν
1291 1812 1347 1846 βίον
1358 1812 1515 1839 κατέλυσεν.

1319 1858 1409 1884 MHNI
1426 1858 1469 1892 Τῼ
1479 1858 1580 1893 ΛΥΤῼ.

1429 1902 1466 1929 ΙΔ¹

1055 1947 1164 1982 Μνήμη
1195 1949 1248 1976 τοῦ
1289 1948 1375 1983 ἁγίου
1415 1949 1623 1984 Ιερομάρτιψος
1660 1949 1836 1983 Μαρκέλλου

1260 1984 1437 2018 μὲπισκόπου
1463 1985 1628 2020 Ἀπαμείας.

1091 2035 1175 2070 Οὗτος
1187 2039 1298 2073 γέγονεν
1316 2039 1362 2065 ἐπὶ
1374 2039 1516 2066 Θεοδοσίου
1526 2039 1573 2066 τοῦ
1589 2040 1730 2075 βασιλέως,
1749 2041 1780 2067 ἐκ
1791 2040 1836 2075 τῆς

1057 2084 1188 2119 Κυπρίων
1205 2084 1365 2120 ὁρμώμενος
1381 2086 1474 2120 νήσου,
1493 2087 1521 2112 ἐν
1569 2087 1705 2121 κοσμικὴν
1730 2087 1834 2121 πράξας

1021 2150 1042 2177 D
1057 2130 1154 2164 ἀρχὴν,
1172 2131 1220 2156 καὶ
1233 2130 1282 2165 τὴν
1300 2131 1434 2166 διοίκησιν
1447 2132 1531 2166 αὐτῆς
1546 2133 1714 2165 πιστευθεὶς,
1734 2133 1834 2164 πάντας

1056 2174 1203 2209 ἐξέπληξεν
1215 2175 1351 2211 εὐσεὸείᾳ,
1372 2178 1418 2203 καὶ
1431 2177 1559 2212 ἀκριϐείᾳ.
1570 2177 1673 2212 περὶτὰ
1688 2178 1834 2213 πράγματα

1054 2221 1205 2256 χρώμενος.
1222 2223 1267 2253 EE;
1278 2223 1306 2249 δὲ
1324 2223 1371 2258 τὴν
1383 2223 1542 2259 ἱεραρχικὴν
1556 2223 1632 2256 τάξιν
1645 2224 1778 2259 μεταὸὰς,
1792 2225 1836 2251 καὶ

1060 2267 1210 2302 Ἀπαμείας
1224 2269 1274 2303 τῆς
1291 2269 1362 2295 κατὰ
1377 2270 1478 2304 Συρίαν
1507 2270 1656 2302 ἐπίσκοπος
1685 2271 1833 2302 καταστὰς,

1053 2312 1123 2348 πρός
1134 2321 1164 2338 τε
1181 2313 1214 2339 τὰ
1235 2314 1302 2341 ἄλλα
1324 2314 1437 2346 δικαίως
1461 2316 1654 2343 ἐπολιτεύσατο
1679 2317 1727 2343 χαὶ
1745 2317 1834 2348 ὁσίως.

1053 2358 1108 2384 Καὶ
1124 2358 1156 2390 δὴ
1170 2358 1269 2394 θερμὸς
1286 2361 1334 2395 τῆς
1349 2361 1419 2388 κατὰ
1447 2362 1564 2397 Χριστὸν
1582 2363 1711 2395 πίστεως,
1741 2363 1835 2397 γέγονε

1053 2404 1186 2440 ζηλωτὴς,
1215 2406 1364 2441 ἐκκλησίας
1380 2415 1409 2433 τε
1431 2408 1470 2439 είς
1494 2408 1573 2441 δόξαν
1596 2408 1666 2435 Θεοῦ
1693 2409 1835 2441 συηστῶν,

1053 2450 1100 2476 καὶ
1115 2451 1196 2482 ναοὺς
1214 2451 1369 2483 είδωλικοὺς
1383 2452 1534 2489 καθαιρῶν.
1549 2450 1597 2480 Ὧν
1613 2453 1661 2480 ἕνα
1678 2453 1716 2489 μὴ
1732 2463 1836 2490 συγχω-

1055 2495 1165 2530 ροῦντος
1183 2496 1257 2531 αὐτῷ
1272 2497 1319 2523 τοῦ
1337 2498 1366 2524 ἐν
1381 2498 1456 2533 αὐτῷ
1471 2499 1599 2533 δαίμονος
1618 2500 1803 2535 κατακαῆναι,
1817 2501 1832 2535 ἦ

1053 2543 1190 2576 μηχαναῖς
1209 2550 1265 2569 τισι
1285 2543 1498 2578 καταϐληθῆναι,
1519 2545 1548 2577 ὃς
1567 2545 1677 2579 ἐλέγετο
1701 2545 1749 2572 τοῦ
1765 2546 1833 2577 Διός·

1051 2588 1141 2615 λαϐὼν
1157 2589 1229 2625 ὕδωρ
1245 2591 1258 2616 ὁ
1272 2591 1348 2624 ἇγιος
1359 2592 1407 2618 καὶ
1422 2592 1584 2628 εὐλογήσας,
1601 2593 1716 2625 καὶτοῖς
1729 2593 1833 2620 ποιὸα-

1052 2635 1138 2663 σθείσι
1158 2637 1247 2669 ξύλοις
1263 2639 1425 2673 ἐπιρράνας,
1437 2639 1591 2674 ἀναφθῆναι
1602 2642 1648 2666 καὶ
1663 2640 1830 2675 κατακαῆναι

1051 2682 1197 2717 πεποίηκε.
1217 2683 1362 2718 Συσχεθεὶς
1376 2684 1404 2710 δὲ
1419 2685 1465 2710 ἐπὶ
1487 2685 1575 2720 τούτῳ
1592 2685 1645 2711 ὑπὸ
1657 2685 1712 2712 τῶν
1728 2685 1831 2712 εἰδωλο-

1049 2725 1167 2761 λατρῶν,
1187 2728 1234 2754 καὶ
1249 2729 1288 2760 εἰς
1306 2728 1376 2763 ιπῦρ
1398 2729 1515 2764 Βληθεὶς,
1542 2730 1587 2757 τὸν
1609 2730 1741 2766 στέφανον
1754 2731 1830 2767 ὴνέγ-

1050 2779 1125 2798 κατο.

1799 2833 1806 2838 -
1845 2826 1850 2841 l
