  <div class='ocr_page' id='page_1' title='image "/cluster/home/n/w/nwhite01/storage/ocr_20150623/117/njp.32101010943940/375.png"; bbox 0 0 1926 3076; ppageno 0'>
   <div class='ocr_carea' id='block_1_1' title="bbox 194 133 248 167">
    <p class='ocr_par' dir='ltr' id='par_1_1' title="bbox 194 133 248 167">
     <span class='ocr_line' id='line_1_1' title="bbox 194 133 248 167; baseline -0.019 0"><span class='ocrx_word' id='word_1_1' title='bbox 194 133 248 167; x_wconf 70' lang='grc' dir='ltr'><strong>ξιίῦ</strong></span> 
     </span>
    </p>
   </div>
   <div class='ocr_carea' id='block_1_2' title="bbox 750 129 1229 165">
    <p class='ocr_par' dir='ltr' id='par_1_2' title="bbox 750 129 1229 165">
     <span class='ocr_line' id='line_1_2' title="bbox 750 129 1229 165; baseline -0.002 -6"><span class='ocrx_word' id='word_1_2' title='bbox 750 162 753 165; x_wconf 57' lang='grc'><strong><em>,</em></strong></span> <span class='ocrx_word' id='word_1_3' title='bbox 793 130 871 161; x_wconf 76' lang='lat' dir='ltr'><strong>IMP.</strong></span> <span class='ocrx_word' id='word_1_4' title='bbox 892 130 1031 159; x_wconf 66' lang='lat' dir='ltr'><strong>BASXLH</strong></span> <span class='ocrx_word' id='word_1_5' title='bbox 1048 129 1229 160; x_wconf 63' lang='lat' dir='ltr'><strong>JUNICIRIS</strong></span> 
     </span>
    </p>
   </div>
   <div class='ocr_carea' id='block_1_3' title="bbox 1777 126 1830 158">
    <p class='ocr_par' dir='ltr' id='par_1_3' title="bbox 1777 126 1830 158">
     <span class='ocr_line' id='line_1_3' title="bbox 1777 126 1830 158; baseline 0 0"><span class='ocrx_word' id='word_1_6' title='bbox 1777 126 1830 158; x_wconf 72' lang='grc'><strong>616</strong></span> 
     </span>
    </p>
   </div>
   <div class='ocr_carea' id='block_1_4' title="bbox 195 184 994 223">
    <p class='ocr_par' dir='ltr' id='par_1_4' title="bbox 195 187 986 223">
     <span class='ocr_line' id='line_1_4' title="bbox 195 187 986 223; baseline -0.009 -5"><span class='ocrx_word' id='word_1_7' title='bbox 195 195 249 223; x_wconf 81' lang='lat' dir='ltr'><strong>est,</strong></span> <span class='ocrx_word' id='word_1_8' title='bbox 262 189 335 217; x_wconf 77' lang='lat' dir='ltr'><strong>etab</strong></span> <span class='ocrx_word' id='word_1_9' title='bbox 348 188 408 216; x_wconf 89' lang='lat' dir='ltr'><strong>aliis</strong></span> <span class='ocrx_word' id='word_1_10' title='bbox 426 187 519 214; x_wconf 86' lang='lat' dir='ltr'><strong>multis</strong></span> <span class='ocrx_word' id='word_1_11' title='bbox 534 187 703 222; x_wconf 75' lang='lat' dir='ltr'><strong>cognoverit,</strong></span> <span class='ocrx_word' id='word_1_12' title='bbox 726 187 811 222; x_wconf 70' lang='lat' dir='ltr'><strong>legem</strong></span> <span class='ocrx_word' id='word_1_13' title='bbox 834 194 850 212; x_wconf 89' lang='lat' dir='ltr'><strong>a</strong></span> <span class='ocrx_word' id='word_1_14' title='bbox 875 187 986 213; x_wconf 86' lang='lat' dir='ltr'><strong>dnminn</strong></span> 
     </span>
    </p>
   </div>
   <div class='ocr_carea' id='block_1_5' title="bbox 1050 184 1832 223">
    <p class='ocr_par' dir='ltr' id='par_1_5' title="bbox 1050 184 1832 220">
     <span class='ocr_line' id='line_1_5' title="bbox 1050 184 1832 220; baseline -0.004 -7"><span class='ocrx_word' id='word_1_15' title='bbox 1050 187 1094 212; x_wconf 60' lang='lat' dir='ltr'><strong>LF”</strong></span> <span class='ocrx_word' id='word_1_16' title='bbox 1120 187 1208 213; x_wconf 70' lang='grc' dir='ltr'>ἄλλων</span> <span class='ocrx_word' id='word_1_17' title='bbox 1228 185 1406 220; x_wconf 43' lang='lat' dir='ltr'><strong>inﬁnitatis:</strong></span> <span class='ocrx_word' id='word_1_18' title='bbox 1430 185 1478 220; x_wconf 82' lang='grc' dir='ltr'><strong>τὴν</strong></span> <span class='ocrx_word' id='word_1_19' title='bbox 1511 184 1574 219; x_wconf 75' lang='grc' dir='ltr'>περὶ</span> <span class='ocrx_word' id='word_1_20' title='bbox 1601 184 1655 212; x_wconf 75' lang='grc' dir='ltr'><strong>τῶν</strong></span> <span class='ocrx_word' id='word_1_21' title='bbox 1678 185 1832 218; x_wconf 71' lang='grc' dir='ltr'><strong>ἐκκλησιῶν</strong></span> 
     </span>
    </p>
   </div>
   <div class='ocr_carea' id='block_1_6' title="bbox 196 231 985 269">
    <p class='ocr_par' dir='ltr' id='par_1_6' title="bbox 196 231 985 269">
     <span class='ocr_line' id='line_1_6' title="bbox 196 231 985 269; baseline -0.005 -7"><span class='ocrx_word' id='word_1_22' title='bbox 196 234 364 269; x_wconf 81' lang='lat' dir='ltr'><strong>Nicephoro,</strong></span> <span class='ocrx_word' id='word_1_23' title='bbox 387 236 550 266; x_wconf 87' lang='lat' dir='ltr'><strong>usurpatore</strong></span> <span class='ocrx_word' id='word_1_24' title='bbox 573 232 692 267; x_wconf 88' lang='lat' dir='ltr'><strong>imperii,</strong></span> <span class='ocrx_word' id='word_1_25' title='bbox 719 232 751 259; x_wconf 87' lang='lat' dir='ltr'><strong>de</strong></span> <span class='ocrx_word' id='word_1_26' title='bbox 780 231 903 259; x_wconf 87' lang='lat' dir='ltr'><strong>ecclesiis</strong></span> <span class='ocrx_word' id='word_1_27' title='bbox 930 231 985 264; x_wconf 87' lang='lat' dir='ltr'><strong>Dei,</strong></span> 
     </span>
    </p>
   </div>
   <div class='ocr_carea' id='block_1_7' title="bbox 197 277 988 314">
    <p class='ocr_par' dir='ltr' id='par_1_7' title="bbox 197 277 988 314">
     <span class='ocr_line' id='line_1_7' title="bbox 197 277 988 314; baseline -0.006 -6"><span class='ocrx_word' id='word_1_28' title='bbox 197 279 388 314; x_wconf 78' lang='lat' dir='ltr'><strong>religiosisque</strong></span> <span class='ocrx_word' id='word_1_29' title='bbox 413 277 551 310; x_wconf 82' lang='lat' dir='ltr'><strong>dentibus,</strong></span> <span class='ocrx_word' id='word_1_30' title='bbox 589 277 683 310; x_wconf 88' lang='lat' dir='ltr'><strong>latam,</strong></span> <span class='ocrx_word' id='word_1_31' title='bbox 714 284 776 304; x_wconf 92' lang='lat' dir='ltr'><strong>cum</strong></span> <span class='ocrx_word' id='word_1_32' title='bbox 814 277 988 311; x_wconf 77' lang='lat' dir='ltr'><strong>praesentium</strong></span> 
     </span>
    </p>
   </div>
   <div class='ocr_carea' id='block_1_8' title="bbox 199 322 988 357">
    <p class='ocr_par' dir='ltr' id='par_1_8' title="bbox 199 322 988 357">
     <span class='ocr_line' id='line_1_8' title="bbox 199 322 988 357; baseline -0.004 -5"><span class='ocrx_word' id='word_1_33' title='bbox 199 325 346 355; x_wconf 88' lang='lat' dir='ltr'><strong>malorum,</strong></span> <span class='ocrx_word' id='word_1_34' title='bbox 365 327 423 349; x_wconf 92' lang='lat' dir='ltr'><strong>tum</strong></span> <span class='ocrx_word' id='word_1_35' title='bbox 447 323 613 350; x_wconf 83' lang='lat' dir='ltr'><strong>universalis</strong></span> <span class='ocrx_word' id='word_1_36' title='bbox 641 322 724 357; x_wconf 84' lang='lat' dir='ltr'><strong>hujus</strong></span> <span class='ocrx_word' id='word_1_37' title='bbox 749 322 936 350; x_wconf 87' lang='lat' dir='ltr'><strong>subversionis</strong></span> <span class='ocrx_word' id='word_1_38' title='bbox 948 326 988 349; x_wconf 89' lang='lat' dir='ltr'><strong>at-</strong></span> 
     </span>
    </p>
   </div>
   <div class='ocr_carea' id='block_1_9' title="bbox 195 368 989 405">
    <p class='ocr_par' dir='ltr' id='par_1_9' title="bbox 195 368 989 405">
     <span class='ocr_line' id='line_1_9' title="bbox 195 368 989 405; baseline -0.004 -8"><span class='ocrx_word' id='word_1_39' title='bbox 195 377 250 405; x_wconf 88' lang='lat' dir='ltr'><strong>que</strong></span> <span class='ocrx_word' id='word_1_40' title='bbox 266 368 439 397; x_wconf 80' lang='lat' dir='ltr'><strong>confusionis</strong></span> <span class='ocrx_word' id='word_1_41' title='bbox 459 376 571 396; x_wconf 79' lang='lat' dir='ltr'><strong>causam</strong></span> <span class='ocrx_word' id='word_1_42' title='bbox 588 372 615 396; x_wconf 91' lang='lat' dir='ltr'><strong>et</strong></span> <span class='ocrx_word' id='word_1_43' title='bbox 627 369 748 395; x_wconf 88' lang='lat' dir='ltr'><strong>radicem</strong></span> <span class='ocrx_word' id='word_1_44' title='bbox 776 368 926 401; x_wconf 87' lang='lat' dir='ltr'><strong>exstitisse,</strong></span> <span class='ocrx_word' id='word_1_45' title='bbox 942 375 989 395; x_wconf 87' lang='lat' dir='ltr'><strong>ve-</strong></span> 
     </span>
    </p>
   </div>
   <div class='ocr_carea' id='block_1_10' title="bbox 195 413 990 449">
    <p class='ocr_par' dir='ltr' id='par_1_10' title="bbox 195 413 990 449">
     <span class='ocr_line' id='line_1_10' title="bbox 195 413 990 449; baseline -0.005 -5"><span class='ocrx_word' id='word_1_46' title='bbox 195 417 246 444; x_wconf 91' lang='lat' dir='ltr'><strong>luti</strong></span> <span class='ocrx_word' id='word_1_47' title='bbox 260 423 316 443; x_wconf 88' lang='lat' dir='ltr'><strong>non</strong></span> <span class='ocrx_word' id='word_1_48' title='bbox 328 415 362 442; x_wconf 90' lang='lat' dir='ltr'><strong>ad</strong></span> <span class='ocrx_word' id='word_1_49' title='bbox 381 414 512 449; x_wconf 87' lang='lat' dir='ltr'><strong>injuriam</strong></span> <span class='ocrx_word' id='word_1_50' title='bbox 529 414 778 448; x_wconf 89' lang='lat' dir='ltr'><strong>contumeliamque</strong></span> <span class='ocrx_word' id='word_1_51' title='bbox 795 413 928 441; x_wconf 84' lang='lat' dir='ltr'><strong>duntaxat</strong></span> <span class='ocrx_word' id='word_1_52' title='bbox 945 421 990 440; x_wconf 83' lang='lat' dir='ltr'><strong>ec-</strong></span> 
     </span>
    </p>
   </div>
   <div class='ocr_carea' id='block_1_11' title="bbox 196 459 990 496">
    <p class='ocr_par' dir='ltr' id='par_1_11' title="bbox 196 459 990 496">
     <span class='ocr_line' id='line_1_11' title="bbox 196 459 990 496; baseline -0.005 -5"><span class='ocrx_word' id='word_1_53' title='bbox 196 463 344 492; x_wconf 86' lang='lat' dir='ltr'><strong>clesiarum</strong></span> <span class='ocrx_word' id='word_1_54' title='bbox 380 466 408 489; x_wconf 89' lang='lat' dir='ltr'><strong>et</strong></span> <span class='ocrx_word' id='word_1_55' title='bbox 438 461 625 496; x_wconf 75' lang='lat' dir='ltr'><strong>religiosarum</strong></span> <span class='ocrx_word' id='word_1_56' title='bbox 655 459 798 493; x_wconf 88' lang='lat' dir='ltr'><strong>domuum,</strong></span> <span class='ocrx_word' id='word_1_57' title='bbox 825 460 872 488; x_wconf 86' lang='lat' dir='ltr'><strong>sed</strong></span> <span class='ocrx_word' id='word_1_58' title='bbox 902 460 990 495; x_wconf 81' lang='lat' dir='ltr'><strong>ipsius</strong></span> 
     </span>
    </p>
   </div>
   <div class='ocr_carea' id='block_1_12' title="bbox 195 505 991 547">
    <p class='ocr_par' dir='ltr' id='par_1_12' title="bbox 195 505 991 547">
     <span class='ocr_line' id='line_1_12' title="bbox 195 505 991 547; baseline -0.005 -11"><span class='ocrx_word' id='word_1_59' title='bbox 195 516 304 544; x_wconf 88' lang='lat' dir='ltr'><strong>quoque</strong></span> <span class='ocrx_word' id='word_1_60' title='bbox 339 508 386 535; x_wconf 87' lang='lat' dir='ltr'><strong>Dei</strong></span> <span class='ocrx_word' id='word_1_61' title='bbox 423 506 561 534; x_wconf 88' lang='lat' dir='ltr'><strong>conditam</strong></span> <span class='ocrx_word' id='word_1_62' title='bbox 599 512 715 540; x_wconf 87' lang='lat' dir='ltr'><strong>cumque</strong></span> <span class='ocrx_word' id='word_1_63' title='bbox 742 506 810 533; x_wconf 85' lang='lat' dir='ltr'><strong>adeo</strong></span> <span class='ocrx_word' id='word_1_64' title='bbox 834 505 991 547; x_wconf 38' lang='lat' dir='ltr'><strong>reipsa’sit</strong></span> 
     </span>
    </p>
   </div>
   <div class='ocr_carea' id='block_1_13' title="bbox 197 550 990 588">
    <p class='ocr_par' dir='ltr' id='par_1_13' title="bbox 197 550 990 588">
     <span class='ocr_line' id='line_1_13' title="bbox 197 550 990 588; baseline -0.006 -6"><span class='ocrx_word' id='word_1_65' title='bbox 197 557 386 588; x_wconf 86' lang='lat' dir='ltr'><strong>comparatum</strong></span> <span class='ocrx_word' id='word_1_66' title='bbox 401 551 429 579; x_wconf 86' lang='lat' dir='ltr'><strong>id</strong></span> <span class='ocrx_word' id='word_1_67' title='bbox 451 558 526 584; x_wconf 85' lang='lat' dir='ltr'><strong>esse,</strong></span> <span class='ocrx_word' id='word_1_68' title='bbox 539 550 705 585; x_wconf 79' lang='lat' dir='ltr'><strong>Compcrerit</strong></span> <span class='ocrx_word' id='word_1_69' title='bbox 719 558 726 576; x_wconf 88' lang='lat'>:</span> <span class='ocrx_word' id='word_1_70' title='bbox 740 551 816 586; x_wconf 85' lang='lat' dir='ltr'><strong>(nam</strong></span> <span class='ocrx_word' id='word_1_71' title='bbox 831 558 864 578; x_wconf 83' lang='lat' dir='ltr'><strong>ex</strong></span> <span class='ocrx_word' id='word_1_72' title='bbox 877 558 932 584; x_wconf 92' lang='lat' dir='ltr'><strong>quo</strong></span> <span class='ocrx_word' id='word_1_73' title='bbox 947 550 990 577; x_wconf 81' lang='lat' dir='ltr'><strong>lex</strong></span> 
     </span>
    </p>
   </div>
   <div class='ocr_carea' id='block_1_14' title="bbox 197 596 989 631">
    <p class='ocr_par' dir='ltr' id='par_1_14' title="bbox 197 596 989 631">
     <span class='ocr_line' id='line_1_14' title="bbox 197 596 989 631; baseline -0.005 -4"><span class='ocrx_word' id='word_1_74' title='bbox 197 599 252 627; x_wconf 85' lang='lat' dir='ltr'><strong>ista</strong></span> <span class='ocrx_word' id='word_1_75' title='bbox 266 598 351 626; x_wconf 82' lang='lat' dir='ltr'><strong>robur</strong></span> <span class='ocrx_word' id='word_1_76' title='bbox 365 597 473 629; x_wconf 89' lang='lat' dir='ltr'><strong>habuit,</strong></span> <span class='ocrx_word' id='word_1_77' title='bbox 492 596 560 623; x_wconf 87' lang='lat' dir='ltr'><strong>nihil</strong></span> <span class='ocrx_word' id='word_1_78' title='bbox 575 596 640 624; x_wconf 85' lang='lat' dir='ltr'><strong>boni</strong></span> <span class='ocrx_word' id='word_1_79' title='bbox 655 596 767 631; x_wconf 85' lang='lat' dir='ltr'><strong>penitus</strong></span> <span class='ocrx_word' id='word_1_80' title='bbox 780 597 807 623; x_wconf 96' lang='lat' dir='ltr'><strong>in</strong></span> <span class='ocrx_word' id='word_1_81' title='bbox 825 596 989 624; x_wconf 88' lang='lat' dir='ltr'><strong>hodiernum</strong></span> 
     </span>
    </p>
   </div>
   <div class='ocr_carea' id='block_1_15' title="bbox 201 642 990 680">
    <p class='ocr_par' dir='ltr' id='par_1_15' title="bbox 201 642 990 680">
     <span class='ocr_line' id='line_1_15' title="bbox 201 642 990 680; baseline -0.005 -8"><span class='ocrx_word' id='word_1_82' title='bbox 201 652 289 680; x_wconf 82' lang='lat' dir='ltr'><strong>usque</strong></span> <span class='ocrx_word' id='word_1_83' title='bbox 322 644 394 671; x_wconf 87' lang='lat' dir='ltr'><strong>diem</strong></span> <span class='ocrx_word' id='word_1_84' title='bbox 423 643 496 670; x_wconf 68' lang='lat' dir='ltr'><strong>aetati</strong></span> <span class='ocrx_word' id='word_1_85' title='bbox 527 645 629 669; x_wconf 80' lang='lat' dir='ltr'><strong>nostrae</strong></span> <span class='ocrx_word' id='word_1_86' title='bbox 658 642 784 677; x_wconf 78' lang='lat' dir='ltr'><strong>contigit,</strong></span> <span class='ocrx_word' id='word_1_87' title='bbox 810 642 857 670; x_wconf 88' lang='lat' dir='ltr'><strong>sed</strong></span> <span class='ocrx_word' id='word_1_88' title='bbox 899 643 990 677; x_wconf 84' lang='lat' dir='ltr'><strong>potius</strong></span> 
     </span>
    </p>
   </div>
   <div class='ocr_carea' id='block_1_16' title="bbox 199 688 991 724">
    <p class='ocr_par' dir='ltr' id='par_1_16' title="bbox 199 688 991 724">
     <span class='ocr_line' id='line_1_16' title="bbox 199 688 991 724; baseline -0.005 -5"><span class='ocrx_word' id='word_1_89' title='bbox 199 700 215 718; x_wconf 71' lang='grc' dir='ltr'><strong>ο</strong></span> <span class='ocrx_word' id='word_1_90' title='bbox 232 690 371 719; x_wconf 87' lang='lat' dir='ltr'><strong>contrario</strong></span> <span class='ocrx_word' id='word_1_91' title='bbox 383 689 488 716; x_wconf 92' lang='lat' dir='ltr'><strong>nullum</strong></span> <span class='ocrx_word' id='word_1_92' title='bbox 505 689 618 715; x_wconf 87' lang='lat' dir='ltr'><strong>omnino</strong></span> <span class='ocrx_word' id='word_1_93' title='bbox 630 696 717 724; x_wconf 78' lang='lat' dir='ltr'><strong>genus</strong></span> <span class='ocrx_word' id='word_1_94' title='bbox 729 688 894 716; x_wconf 81' lang='lat' dir='ltr'><strong>calamitatis</strong></span> <span class='ocrx_word' id='word_1_95' title='bbox 906 689 991 715; x_wconf 81' lang='lat' dir='ltr'><strong>inter-</strong></span> 
     </span>
    </p>
   </div>
   <div class='ocr_carea' id='block_1_17' title="bbox 199 734 989 770">
    <p class='ocr_par' dir='ltr' id='par_1_17' title="bbox 199 734 989 770">
     <span class='ocr_line' id='line_1_17' title="bbox 199 734 989 770; baseline -0.004 -7"><span class='ocrx_word' id='word_1_96' title='bbox 199 736 287 770; x_wconf 72' lang='lat' dir='ltr'><strong>misit)</strong></span> <span class='ocrx_word' id='word_1_97' title='bbox 303 735 398 763; x_wconf 79' lang='lat' dir='ltr'><strong>statuit</strong></span> <span class='ocrx_word' id='word_1_98' title='bbox 411 742 459 770; x_wconf 91' lang='lat' dir='ltr'><strong>per</strong></span> <span class='ocrx_word' id='word_1_99' title='bbox 482 734 640 769; x_wconf 76' lang='lat' dir='ltr'><strong>religiosam</strong></span> <span class='ocrx_word' id='word_1_100' title='bbox 658 735 729 762; x_wconf 88' lang='lat' dir='ltr'><strong>hanc</strong></span> <span class='ocrx_word' id='word_1_101' title='bbox 748 742 859 761; x_wconf 84' lang='lat' dir='ltr'><strong>auream</strong></span> <span class='ocrx_word' id='word_1_102' title='bbox 876 734 989 766; x_wconf 84' lang='lat' dir='ltr'><strong>bullam,</strong></span> 
     </span>
    </p>
   </div>
   <div class='ocr_carea' id='block_1_18' title="bbox 199 780 992 816">
    <p class='ocr_par' dir='ltr' id='par_1_18' title="bbox 199 780 992 816">
     <span class='ocr_line' id='line_1_18' title="bbox 199 780 992 816; baseline -0.004 -5"><span class='ocrx_word' id='word_1_103' title='bbox 199 784 244 811; x_wconf 93' lang='lat' dir='ltr'><strong>cui</strong></span> <span class='ocrx_word' id='word_1_104' title='bbox 259 782 434 816; x_wconf 83' lang='lat' dir='ltr'><strong>subscripsit,</strong></span> <span class='ocrx_word' id='word_1_105' title='bbox 448 780 536 816; x_wconf 73' lang='lat' dir='ltr'><strong>legem</strong></span> <span class='ocrx_word' id='word_1_106' title='bbox 565 780 638 808; x_wconf 84' lang='lat' dir='ltr'><strong>illam</strong></span> <span class='ocrx_word' id='word_1_107' title='bbox 668 781 744 815; x_wconf 90' lang='lat' dir='ltr'><strong>prius</strong></span> <span class='ocrx_word' id='word_1_108' title='bbox 768 781 850 807; x_wconf 82' lang='lat' dir='ltr'><strong>latam</strong></span> <span class='ocrx_word' id='word_1_109' title='bbox 878 780 912 807; x_wconf 83' lang='lat' dir='ltr'><strong>ab</strong></span> <span class='ocrx_word' id='word_1_110' title='bbox 940 780 992 808; x_wconf 76' lang='lat' dir='ltr'><strong>hac</strong></span> 
     </span>
    </p>
   </div>
   <div class='ocr_carea' id='block_1_19' title="bbox 199 826 990 864">
    <p class='ocr_par' dir='ltr' id='par_1_19' title="bbox 199 826 990 864">
     <span class='ocr_line' id='line_1_19' title="bbox 199 826 990 864; baseline -0.003 -9"><span class='ocrx_word' id='word_1_111' title='bbox 199 828 327 864; x_wconf 66' lang='lat' dir='ltr'><strong>praesenti</strong></span> <span class='ocrx_word' id='word_1_112' title='bbox 347 828 391 855; x_wconf 89' lang='lat' dir='ltr'><strong>die</strong></span> <span class='ocrx_word' id='word_1_113' title='bbox 410 834 519 854; x_wconf 86' lang='lat' dir='ltr'><strong>cessare</strong></span> <span class='ocrx_word' id='word_1_114' title='bbox 545 826 655 859; x_wconf 89' lang='lat' dir='ltr'><strong>debere,</strong></span> <span class='ocrx_word' id='word_1_115' title='bbox 669 833 702 853; x_wconf 88' lang='lat' dir='ltr'><strong>ac</strong></span> <span class='ocrx_word' id='word_1_116' title='bbox 726 826 858 861; x_wconf 82' lang='lat' dir='ltr'><strong>deinceps</strong></span> <span class='ocrx_word' id='word_1_117' title='bbox 874 826 990 858; x_wconf 86' lang='lat' dir='ltr'><strong>irritam,</strong></span> 
     </span>
    </p>
   </div>
   <div class='ocr_carea' id='block_1_20' title="bbox 201 865 1030 908">
    <p class='ocr_par' dir='ltr' id='par_1_20' title="bbox 201 865 1030 908">
     <span class='ocr_line' id='line_1_20' title="bbox 201 865 1030 908; baseline -0.002 -7"><span class='ocrx_word' id='word_1_118' title='bbox 201 874 357 908; x_wconf 90' lang='lat' dir='ltr'><strong>nulliusque</strong></span> <span class='ocrx_word' id='word_1_119' title='bbox 384 873 518 900; x_wconf 84' lang='lat' dir='ltr'><strong>momenti</strong></span> <span class='ocrx_word' id='word_1_120' title='bbox 545 873 805 900; x_wconf 78' lang='lat' dir='ltr'><strong>manerezconditis</strong></span> <span class='ocrx_word' id='word_1_121' title='bbox 831 879 895 901; x_wconf 83' lang='lat' dir='ltr'><strong>ante</strong></span> <span class='ocrx_word' id='word_1_122' title='bbox 919 873 991 900; x_wconf 82' lang='lat' dir='ltr'><strong>illam</strong></span> <span class='ocrx_word' id='word_1_123' title='bbox 1010 865 1030 892; x_wconf 79' lang='grc' dir='ltr'><strong>Β</strong></span> 
     </span>
    </p>
   </div>
   <div class='ocr_carea' id='block_1_21' title="bbox 202 918 996 955">
    <p class='ocr_par' dir='ltr' id='par_1_21' title="bbox 202 918 996 955">
     <span class='ocr_line' id='line_1_21' title="bbox 202 918 996 955; baseline -0.001 -8"><span class='ocrx_word' id='word_1_124' title='bbox 202 921 308 955; x_wconf 70' lang='lat' dir='ltr'><strong>legibus</strong></span> <span class='ocrx_word' id='word_1_125' title='bbox 325 925 379 947; x_wconf 84' lang='lat' dir='ltr'><strong>tam</strong></span> <span class='ocrx_word' id='word_1_126' title='bbox 397 919 430 946; x_wconf 88' lang='lat' dir='ltr'><strong>de</strong></span> <span class='ocrx_word' id='word_1_127' title='bbox 440 919 565 946; x_wconf 86' lang='lat' dir='ltr'><strong>ecclesiis</strong></span> <span class='ocrx_word' id='word_1_128' title='bbox 583 919 641 950; x_wconf 83' lang='lat' dir='ltr'><strong>Dei,</strong></span> <span class='ocrx_word' id='word_1_129' title='bbox 656 926 738 953; x_wconf 89' lang='lat' dir='ltr'><strong>quam</strong></span> <span class='ocrx_word' id='word_1_130' title='bbox 754 918 788 946; x_wconf 89' lang='lat' dir='ltr'><strong>de</strong></span> <span class='ocrx_word' id='word_1_131' title='bbox 797 919 932 953; x_wconf 79' lang='lat' dir='ltr'><strong>religiosis</strong></span> <span class='ocrx_word' id='word_1_132' title='bbox 946 919 996 946; x_wconf 86' lang='lat' dir='ltr'><strong>do-</strong></span> 
     </span>
    </p>
   </div>
   <div class='ocr_carea' id='block_1_22' title="bbox 202 965 997 1000">
    <p class='ocr_par' dir='ltr' id='par_1_22' title="bbox 202 965 997 1000">
     <span class='ocr_line' id='line_1_22' title="bbox 202 965 997 1000; baseline -0.003 -6"><span class='ocrx_word' id='word_1_133' title='bbox 202 966 303 998; x_wconf 66' lang='lat' dir='ltr'><strong>mibus,</strong></span> <span class='ocrx_word' id='word_1_134' title='bbox 325 967 379 993; x_wconf 81' lang='lat' dir='ltr'><strong>vim</strong></span> <span class='ocrx_word' id='word_1_135' title='bbox 395 966 534 1000; x_wconf 87' lang='lat' dir='ltr'><strong>roburque</strong></span> <span class='ocrx_word' id='word_1_136' title='bbox 545 973 625 992; x_wconf 88' lang='lat' dir='ltr'><strong>suum</strong></span> <span class='ocrx_word' id='word_1_137' title='bbox 640 965 852 998; x_wconf 81' lang='lat' dir='ltr'><strong>obtinentibus;</strong></span> <span class='ocrx_word' id='word_1_138' title='bbox 872 973 942 999; x_wconf 89' lang='lat' dir='ltr'><strong>quas</strong></span> <span class='ocrx_word' id='word_1_139' title='bbox 969 969 997 992; x_wconf 92' lang='lat' dir='ltr'><strong>et</strong></span> 
     </span>
    </p>
   </div>
   <div class='ocr_carea' id='block_1_23' title="bbox 205 1011 995 1048">
    <p class='ocr_par' dir='ltr' id='par_1_23' title="bbox 205 1011 995 1048">
     <span class='ocr_line' id='line_1_23' title="bbox 205 1011 995 1048; baseline -0.004 -7"><span class='ocrx_word' id='word_1_140' title='bbox 205 1014 324 1042; x_wconf 87' lang='lat' dir='ltr'><strong>illustris</strong></span> <span class='ocrx_word' id='word_1_141' title='bbox 342 1021 409 1040; x_wconf 79' lang='lat' dir='ltr'><strong>avus</strong></span> <span class='ocrx_word' id='word_1_142' title='bbox 425 1012 575 1048; x_wconf 69' lang='lat' dir='ltr'><strong>maiestatis</strong></span> <span class='ocrx_word' id='word_1_143' title='bbox 592 1017 703 1044; x_wconf 66' lang='lat' dir='ltr'><strong>nostrae,</strong></span> <span class='ocrx_word' id='word_1_144' title='bbox 724 1015 751 1038; x_wconf 91' lang='lat' dir='ltr'><strong>et</strong></span> <span class='ocrx_word' id='word_1_145' title='bbox 770 1015 847 1046; x_wconf 87' lang='lat' dir='ltr'><strong>pater</strong></span> <span class='ocrx_word' id='word_1_146' title='bbox 862 1011 995 1046; x_wconf 79' lang='lat' dir='ltr'><strong>ejusdem,</strong></span> 
     </span>
    </p>
   </div>
   <div class='ocr_carea' id='block_1_24' title="bbox 202 1057 991 1094">
    <p class='ocr_par' dir='ltr' id='par_1_24' title="bbox 202 1057 991 1094">
     <span class='ocr_line' id='line_1_24' title="bbox 202 1057 991 1094; baseline -0.004 -6"><span class='ocrx_word' id='word_1_147' title='bbox 202 1066 229 1088; x_wconf 85' lang='lat' dir='ltr'><strong>et</strong></span> <span class='ocrx_word' id='word_1_148' title='bbox 244 1061 349 1087; x_wconf 85' lang='lat' dir='ltr'><strong>abavus</strong></span> <span class='ocrx_word' id='word_1_149' title='bbox 364 1059 465 1094; x_wconf 80' lang='lat' dir='ltr'><strong>optime</strong></span> <span class='ocrx_word' id='word_1_150' title='bbox 493 1066 525 1085; x_wconf 81' lang='lat' dir='ltr'><strong>ac</strong></span> <span class='ocrx_word' id='word_1_151' title='bbox 549 1057 755 1093; x_wconf 68' lang='lat' dir='ltr'><strong>religiosiSsime</strong></span> <span class='ocrx_word' id='word_1_152' title='bbox 773 1058 991 1093; x_wconf 80' lang='lat' dir='ltr'><strong>promulgarunt.</strong></span> 
     </span>
    </p>
   </div>
   <div class='ocr_carea' id='block_1_25' title="bbox 205 1103 991 1140">
    <p class='ocr_par' dir='ltr' id='par_1_25' title="bbox 205 1103 991 1140">
     <span class='ocr_line' id='line_1_25' title="bbox 205 1103 991 1140; baseline -0.001 -8"><span class='ocrx_word' id='word_1_153' title='bbox 205 1105 293 1140; x_wconf 79' lang='lat' dir='ltr'><strong>t&#39;tque</strong></span> <span class='ocrx_word' id='word_1_154' title='bbox 310 1110 402 1132; x_wconf 82' lang='lat' dir='ltr'><strong>sancta</strong></span> <span class='ocrx_word' id='word_1_155' title='bbox 419 1108 446 1132; x_wconf 88' lang='lat' dir='ltr'><strong>et</strong></span> <span class='ocrx_word' id='word_1_156' title='bbox 460 1103 641 1131; x_wconf 84' lang='lat' dir='ltr'><strong>immutabilis</strong></span> <span class='ocrx_word' id='word_1_157' title='bbox 659 1107 733 1130; x_wconf 81' lang='lat' dir='ltr'><strong>esset</strong></span> <span class='ocrx_word' id='word_1_158' title='bbox 746 1103 804 1131; x_wconf 58' lang='lat' dir='ltr'><strong>haec</strong></span> <span class='ocrx_word' id='word_1_159' title='bbox 819 1104 991 1136; x_wconf 84' lang='lat' dir='ltr'><strong>constitutio,</strong></span> 
     </span>
    </p>
   </div>
   <div class='ocr_carea' id='block_1_26' title="bbox 204 1149 992 1185">
    <p class='ocr_par' dir='ltr' id='par_1_26' title="bbox 204 1149 992 1185">
     <span class='ocr_line' id='line_1_26' title="bbox 204 1149 992 1185; baseline 0.001 -9"><span class='ocrx_word' id='word_1_160' title='bbox 204 1150 313 1185; x_wconf 83' lang='lat' dir='ltr'><strong>propria</strong></span> <span class='ocrx_word' id='word_1_161' title='bbox 336 1157 419 1177; x_wconf 83' lang='lat' dir='ltr'><strong>manu</strong></span> <span class='ocrx_word' id='word_1_162' title='bbox 447 1149 623 1177; x_wconf 82' lang='lat' dir='ltr'><strong>subnotatam</strong></span> <span class='ocrx_word' id='word_1_163' title='bbox 653 1154 738 1175; x_wconf 88' lang='lat' dir='ltr'><strong>aureo</strong></span> <span class='ocrx_word' id='word_1_164' title='bbox 768 1156 878 1184; x_wconf 87' lang='lat' dir='ltr'><strong>quoque</strong></span> <span class='ocrx_word' id='word_1_165' title='bbox 904 1149 992 1185; x_wconf 76' lang='lat' dir='ltr'><strong>sigillo</strong></span> 
     </span>
    </p>
   </div>
   <div class='ocr_carea' id='block_1_27' title="bbox 204 1192 992 1230">
    <p class='ocr_par' dir='ltr' id='par_1_27' title="bbox 204 1192 992 1230">
     <span class='ocr_line' id='line_1_27' title="bbox 204 1192 992 1230; baseline -0.003 -9"><span class='ocrx_word' id='word_1_166' title='bbox 204 1194 359 1230; x_wconf 74' lang='lat' dir='ltr'><strong>subsignari</strong></span> <span class='ocrx_word' id='word_1_167' title='bbox 383 1194 528 1229; x_wconf 74' lang='lat' dir='ltr'><strong>iussimus.</strong></span> <span class='ocrx_word' id='word_1_168' title='bbox 553 1192 653 1219; x_wconf 83' lang='lat' dir='ltr'><strong>Mensis</strong></span> <span class='ocrx_word' id='word_1_169' title='bbox 675 1192 778 1227; x_wconf 88' lang='lat' dir='ltr'><strong>Aprilis</strong></span> <span class='ocrx_word' id='word_1_170' title='bbox 802 1192 905 1225; x_wconf 83' lang='lat' dir='ltr'><strong>dielV,</strong></span> <span class='ocrx_word' id='word_1_171' title='bbox 920 1193 992 1221; x_wconf 89' lang='lat' dir='ltr'><strong>indi-</strong></span> 
     </span>
    </p>
   </div>
   <div class='ocr_carea' id='block_1_28' title="bbox 204 1239 992 1275">
    <p class='ocr_par' dir='ltr' id='par_1_28' title="bbox 204 1239 992 1275">
     <span class='ocr_line' id='line_1_28' title="bbox 204 1239 992 1275; baseline -0.004 -7"><span class='ocrx_word' id='word_1_172' title='bbox 204 1241 294 1269; x_wconf 80' lang='lat' dir='ltr'><strong>ctione</strong></span> <span class='ocrx_word' id='word_1_173' title='bbox 320 1240 417 1275; x_wconf 85' lang='lat' dir='ltr'><strong>prima,</strong></span> <span class='ocrx_word' id='word_1_174' title='bbox 446 1247 519 1267; x_wconf 90' lang='lat' dir='ltr'><strong>anno</strong></span> <span class='ocrx_word' id='word_1_175' title='bbox 548 1247 594 1268; x_wconf 71' lang='lat' dir='ltr'><strong>vix</strong></span> <span class='ocrx_word' id='word_1_176' title='bbox 607 1247 744 1268; x_wconf 57' lang='grc' dir='ltr'>βίκοισι-ι</span> <span class='ocrx_word' id='word_1_177' title='bbox 785 1239 898 1274; x_wconf 83' lang='lat' dir='ltr'><strong>(Christi</strong></span> <span class='ocrx_word' id='word_1_178' title='bbox 917 1239 992 1275; x_wconf 80' lang='lat'><strong>987.)</strong></span> 
     </span>
    </p>
   </div>
   <div class='ocr_carea' id='block_1_29' title="bbox 1041 230 1835 265">
    <p class='ocr_par' dir='ltr' id='par_1_29' title="bbox 1041 230 1835 265">
     <span class='ocr_line' id='line_1_29' title="bbox 1041 230 1835 265; baseline -0.003 -7"><span class='ocrx_word' id='word_1_179' title='bbox 1041 231 1088 258; x_wconf 79' lang='grc' dir='ltr'><strong>τοῦ</strong></span> <span class='ocrx_word' id='word_1_180' title='bbox 1103 232 1170 258; x_wconf 49' lang='grc' dir='ltr'><strong>(Α)εοῦ</strong></span> <span class='ocrx_word' id='word_1_181' title='bbox 1194 231 1239 258; x_wconf 71' lang='grc' dir='ltr'><strong>καὶ</strong></span> <span class='ocrx_word' id='word_1_182' title='bbox 1259 231 1314 258; x_wconf 73' lang='grc' dir='ltr'><strong>τῶν</strong></span> <span class='ocrx_word' id='word_1_183' title='bbox 1332 231 1438 265; x_wconf 79' lang='grc' dir='ltr'>εὑαγῶν</span> <span class='ocrx_word' id='word_1_184' title='bbox 1462 231 1543 257; x_wconf 78' lang='grc' dir='ltr'>οἴκων</span> <span class='ocrx_word' id='word_1_185' title='bbox 1560 231 1634 265; x_wconf 77' lang='grc' dir='ltr'>παρὰ</span> <span class='ocrx_word' id='word_1_186' title='bbox 1650 230 1696 257; x_wconf 70' lang='grc' dir='ltr'><strong>τ,ῦῦ</strong></span> <span class='ocrx_word' id='word_1_187' title='bbox 1719 230 1768 265; x_wconf 78' lang='grc' dir='ltr'><strong>τῆς</strong></span> <span class='ocrx_word' id='word_1_188' title='bbox 1784 230 1835 265; x_wconf 71' lang='grc' dir='ltr'><strong>βει-</strong></span> 
     </span>
    </p>
   </div>
   <div class='ocr_carea' id='block_1_30' title="bbox 1043 277 1834 313">
    <p class='ocr_par' dir='ltr' id='par_1_30' title="bbox 1043 277 1834 313">
     <span class='ocr_line' id='line_1_30' title="bbox 1043 277 1834 313; baseline -0.003 -9"><span class='ocrx_word' id='word_1_189' title='bbox 1043 277 1144 309; x_wconf 76' lang='grc' dir='ltr'>σιλείας</span> <span class='ocrx_word' id='word_1_190' title='bbox 1166 277 1310 308; x_wconf 71' lang='grc' dir='ltr'>ἐπιϐάντος</span> <span class='ocrx_word' id='word_1_191' title='bbox 1328 277 1421 313; x_wconf 79' lang='grc' dir='ltr'>Κυροῦ</span> <span class='ocrx_word' id='word_1_192' title='bbox 1438 277 1596 312; x_wconf 71' lang='grc' dir='ltr'>Νικηφόρον</span> <span class='ocrx_word' id='word_1_193' title='bbox 1614 277 1739 303; x_wconf 75' lang='grc' dir='ltr'><strong>τεθεῖσαν</strong></span> <span class='ocrx_word' id='word_1_194' title='bbox 1753 284 1834 310; x_wconf 75' lang='grc' dir='ltr'>νομο-</span> 
     </span>
    </p>
   </div>
   <div class='ocr_carea' id='block_1_31' title="bbox 1042 322 1836 359">
    <p class='ocr_par' dir='ltr' id='par_1_31' title="bbox 1042 322 1836 359">
     <span class='ocr_line' id='line_1_31' title="bbox 1042 322 1836 359; baseline -0.005 -8"><span class='ocrx_word' id='word_1_195' title='bbox 1042 325 1135 351; x_wconf 80' lang='grc' dir='ltr'>θεσίαν</span> <span class='ocrx_word' id='word_1_196' title='bbox 1149 324 1239 350; x_wconf 77' lang='grc' dir='ltr'>αἰτίαν</span> <span class='ocrx_word' id='word_1_197' title='bbox 1253 323 1302 350; x_wconf 73' lang='grc' dir='ltr'><strong>καὶ</strong></span> <span class='ocrx_word' id='word_1_198' title='bbox 1321 323 1397 359; x_wconf 79' lang='grc' dir='ltr'>ῥίζαν</span> <span class='ocrx_word' id='word_1_199' title='bbox 1416 323 1470 350; x_wconf 82' lang='grc' dir='ltr'><strong>τῶν</strong></span> <span class='ocrx_word' id='word_1_200' title='bbox 1486 323 1628 358; x_wconf 82' lang='grc' dir='ltr'>παρόντων</span> <span class='ocrx_word' id='word_1_201' title='bbox 1642 322 1770 357; x_wconf 77' lang='grc' dir='ltr'>γενέσθαι</span> <span class='ocrx_word' id='word_1_202' title='bbox 1784 330 1836 348; x_wconf 82' lang='grc' dir='ltr'>κα-</span> 
     </span>
    </p>
   </div>
   <div class='ocr_carea' id='block_1_32' title="bbox 1041 368 1835 404">
    <p class='ocr_par' dir='ltr' id='par_1_32' title="bbox 1041 368 1835 404">
     <span class='ocr_line' id='line_1_32' title="bbox 1041 368 1835 404; baseline -0.004 -8"><span class='ocrx_word' id='word_1_203' title='bbox 1041 370 1098 396; x_wconf 82' lang='grc' dir='ltr'><strong>κῶν</strong></span> <span class='ocrx_word' id='word_1_204' title='bbox 1120 369 1168 396; x_wconf 68' lang='grc' dir='ltr'>καὶ</span> <span class='ocrx_word' id='word_1_205' title='bbox 1193 369 1241 404; x_wconf 78' lang='grc' dir='ltr'>τῆς</span> <span class='ocrx_word' id='word_1_206' title='bbox 1264 369 1457 404; x_wconf 82' lang='grc' dir='ltr'>οἱκουμενικῆς</span> <span class='ocrx_word' id='word_1_207' title='bbox 1480 369 1582 403; x_wconf 78' lang='grc' dir='ltr'><strong>ταύτης</strong></span> <span class='ocrx_word' id='word_1_208' title='bbox 1604 368 1761 403; x_wconf 80' lang='grc' dir='ltr'><strong>ἀνατροπῆς</strong></span> <span class='ocrx_word' id='word_1_209' title='bbox 1786 368 1835 394; x_wconf 81' lang='grc' dir='ltr'><strong>καὶ</strong></span> 
     </span>
    </p>
   </div>
   <div class='ocr_carea' id='block_1_33' title="bbox 1043 413 1835 451">
    <p class='ocr_par' dir='ltr' id='par_1_33' title="bbox 1043 413 1835 451">
     <span class='ocr_line' id='line_1_33' title="bbox 1043 413 1835 451; baseline -0.004 -9"><span class='ocrx_word' id='word_1_210' title='bbox 1043 415 1211 451; x_wconf 74' lang='grc' dir='ltr'><strong>συγχύσεως,</strong></span> <span class='ocrx_word' id='word_1_211' title='bbox 1240 416 1288 442; x_wconf 85' lang='grc' dir='ltr'><strong>ἆτε</strong></span> <span class='ocrx_word' id='word_1_212' title='bbox 1316 415 1355 451; x_wconf 84' lang='grc' dir='ltr'>μὴ</span> <span class='ocrx_word' id='word_1_213' title='bbox 1382 415 1451 451; x_wconf 71' lang='grc' dir='ltr'>πρὸς</span> <span class='ocrx_word' id='word_1_214' title='bbox 1474 415 1582 442; x_wconf 75' lang='grc' dir='ltr'><strong>ἀδικίαν</strong></span> <span class='ocrx_word' id='word_1_215' title='bbox 1604 414 1651 440; x_wconf 75' lang='grc' dir='ltr'><strong>καὶ</strong></span> <span class='ocrx_word' id='word_1_216' title='bbox 1676 413 1756 449; x_wconf 78' lang='grc' dir='ltr'>ὕϐριν</span> <span class='ocrx_word' id='word_1_217' title='bbox 1779 413 1835 439; x_wconf 78' lang='grc' dir='ltr'>τῶν</span> 
     </span>
    </p>
   </div>
   <div class='ocr_carea' id='block_1_34' title="bbox 1043 459 1835 497">
    <p class='ocr_par' dir='ltr' id='par_1_34' title="bbox 1043 459 1835 497">
     <span class='ocr_line' id='line_1_34' title="bbox 1043 459 1835 497; baseline -0.003 -9"><span class='ocrx_word' id='word_1_218' title='bbox 1043 462 1197 497; x_wconf 74' lang='grc' dir='ltr'><strong>ἐκκλησιῶν</strong></span> <span class='ocrx_word' id='word_1_219' title='bbox 1219 462 1300 497; x_wconf 83' lang='grc' dir='ltr'>μόνον</span> <span class='ocrx_word' id='word_1_220' title='bbox 1322 462 1369 488; x_wconf 74' lang='grc' dir='ltr'>καὶ</span> <span class='ocrx_word' id='word_1_221' title='bbox 1391 461 1447 488; x_wconf 80' lang='grc' dir='ltr'><strong>τῶν</strong></span> <span class='ocrx_word' id='word_1_222' title='bbox 1470 461 1579 495; x_wconf 81' lang='grc' dir='ltr'>εὑαγῶν</span> <span class='ocrx_word' id='word_1_223' title='bbox 1602 461 1684 486; x_wconf 81' lang='grc' dir='ltr'>οἴκων</span> <span class='ocrx_word' id='word_1_224' title='bbox 1703 459 1771 486; x_wconf 78' lang='grc' dir='ltr'>ἀλλὰ</span> <span class='ocrx_word' id='word_1_225' title='bbox 1786 461 1835 486; x_wconf 77' lang='grc' dir='ltr'><strong>καὶ</strong></span> 
     </span>
    </p>
   </div>
   <div class='ocr_carea' id='block_1_35' title="bbox 1043 505 1836 542">
    <p class='ocr_par' dir='ltr' id='par_1_35' title="bbox 1043 505 1836 542">
     <span class='ocr_line' id='line_1_35' title="bbox 1043 505 1836 542; baseline -0.006 -7"><span class='ocrx_word' id='word_1_226' title='bbox 1043 508 1125 535; x_wconf 79' lang='grc' dir='ltr'>αὺτοῦ</span> <span class='ocrx_word' id='word_1_227' title='bbox 1143 508 1191 535; x_wconf 83' lang='grc' dir='ltr'><strong>τοῦ</strong></span> <span class='ocrx_word' id='word_1_228' title='bbox 1207 507 1276 535; x_wconf 83' lang='grc' dir='ltr'><strong>Θεοῦ</strong></span> <span class='ocrx_word' id='word_1_229' title='bbox 1299 507 1461 542; x_wconf 76' lang='grc' dir='ltr'><strong>γενομένην,</strong></span> <span class='ocrx_word' id='word_1_230' title='bbox 1483 506 1570 537; x_wconf 69' lang='grc' dir='ltr'><strong>ἄλλως</strong></span> <span class='ocrx_word' id='word_1_231' title='bbox 1594 514 1623 532; x_wconf 78' lang='grc' dir='ltr'>τε</span> <span class='ocrx_word' id='word_1_232' title='bbox 1647 506 1675 532; x_wconf 82' lang='grc' dir='ltr'><strong>δὲ</strong></span> <span class='ocrx_word' id='word_1_233' title='bbox 1694 505 1741 532; x_wconf 76' lang='grc' dir='ltr'><strong>χαὶ</strong></span> <span class='ocrx_word' id='word_1_234' title='bbox 1761 505 1836 541; x_wconf 72' lang='grc' dir='ltr'><strong>ἔργῳ</strong></span> 
     </span>
    </p>
   </div>
   <div class='ocr_carea' id='block_1_36' title="bbox 1041 550 1836 590">
    <p class='ocr_par' dir='ltr' id='par_1_36' title="bbox 1041 550 1836 590">
     <span class='ocr_line' id='line_1_36' title="bbox 1041 550 1836 590; baseline -0.006 -9"><span class='ocrx_word' id='word_1_235' title='bbox 1041 555 1121 582; x_wconf 81' lang='grc' dir='ltr'>τοῦτο</span> <span class='ocrx_word' id='word_1_236' title='bbox 1145 550 1341 590; x_wconf 59' lang='grc' dir='ltr'>βεϐαιωοεῖσαν</span> <span class='ocrx_word' id='word_1_237' title='bbox 1361 553 1402 588; x_wconf 76' lang='grc' dir='ltr'><strong>(ἐξ</strong></span> <span class='ocrx_word' id='word_1_238' title='bbox 1419 553 1481 579; x_wconf 76' lang='grc' dir='ltr'>ὅτου</span> <span class='ocrx_word' id='word_1_239' title='bbox 1504 552 1557 588; x_wconf 80' lang='grc' dir='ltr'><strong>γὰρ</strong></span> <span class='ocrx_word' id='word_1_240' title='bbox 1579 552 1613 579; x_wconf 72' lang='grc' dir='ltr'><strong>τὰ</strong></span> <span class='ocrx_word' id='word_1_241' title='bbox 1635 551 1684 586; x_wconf 68' lang='grc' dir='ltr'><strong>τῆς</strong></span> <span class='ocrx_word' id='word_1_242' title='bbox 1706 551 1836 586; x_wconf 71' lang='grc' dir='ltr'><strong>τοιαύτης</strong></span> 
     </span>
    </p>
   </div>
   <div class='ocr_carea' id='block_1_37' title="bbox 1043 597 1836 635">
    <p class='ocr_par' dir='ltr' id='par_1_37' title="bbox 1043 597 1836 635">
     <span class='ocr_line' id='line_1_37' title="bbox 1043 597 1836 635; baseline -0.004 -8"><span class='ocrx_word' id='word_1_243' title='bbox 1043 600 1202 635; x_wconf 73' lang='grc' dir='ltr'>ἐκράτησαν</span> <span class='ocrx_word' id='word_1_244' title='bbox 1229 598 1401 634; x_wconf 78' lang='grc' dir='ltr'><strong>νομοθεσίας,</strong></span> <span class='ocrx_word' id='word_1_245' title='bbox 1431 598 1485 625; x_wconf 75' lang='grc' dir='ltr'><strong>οὐδ’</strong></span> <span class='ocrx_word' id='word_1_246' title='bbox 1514 598 1649 631; x_wconf 76' lang='grc' dir='ltr'><strong>ὁπωσοῦν,</strong></span> <span class='ocrx_word' id='word_1_247' title='bbox 1664 598 1717 625; x_wconf 69' lang='grc' dir='ltr'><strong>οὐδ’</strong></span> <span class='ocrx_word' id='word_1_248' title='bbox 1745 597 1836 624; x_wconf 76' lang='grc' dir='ltr'>ὁτιοῦν</span> 
     </span>
    </p>
   </div>
   <div class='ocr_carea' id='block_1_38' title="bbox 1043 643 1834 682">
    <p class='ocr_par' dir='ltr' id='par_1_38' title="bbox 1043 643 1834 682">
     <span class='ocr_line' id='line_1_38' title="bbox 1043 643 1834 682; baseline -0.005 -10"><span class='ocrx_word' id='word_1_249' title='bbox 1043 646 1162 682; x_wconf 82' lang='grc' dir='ltr'>χρηστὸν</span> <span class='ocrx_word' id='word_1_250' title='bbox 1176 645 1239 680; x_wconf 84' lang='grc' dir='ltr'>ἄχρι</span> <span class='ocrx_word' id='word_1_251' title='bbox 1260 645 1306 671; x_wconf 79' lang='grc' dir='ltr'><strong>καὶ</strong></span> <span class='ocrx_word' id='word_1_252' title='bbox 1325 644 1446 679; x_wconf 78' lang='grc' dir='ltr'><strong>σήμερον</strong></span> <span class='ocrx_word' id='word_1_253' title='bbox 1464 643 1503 678; x_wconf 78' lang='grc' dir='ltr'><strong>τῷ</strong></span> <span class='ocrx_word' id='word_1_254' title='bbox 1521 643 1582 669; x_wconf 81' lang='grc' dir='ltr'><strong>καθ’</strong></span> <span class='ocrx_word' id='word_1_255' title='bbox 1600 644 1675 679; x_wconf 76' lang='grc' dir='ltr'><strong>ἡμᾶς</strong></span> <span class='ocrx_word' id='word_1_256' title='bbox 1692 643 1834 678; x_wconf 77' lang='grc' dir='ltr'><strong>ἀπήντησε</strong></span> 
     </span>
    </p>
   </div>
   <div class='ocr_carea' id='block_1_39' title="bbox 1045 689 1836 726">
    <p class='ocr_par' dir='ltr' id='par_1_39' title="bbox 1045 689 1836 726">
     <span class='ocr_line' id='line_1_39' title="bbox 1045 689 1836 726; baseline -0.003 -9"><span class='ocrx_word' id='word_1_257' title='bbox 1045 691 1105 726; x_wconf 84' lang='grc' dir='ltr'>βίῳ,</span> <span class='ocrx_word' id='word_1_258' title='bbox 1130 691 1199 717; x_wconf 69' lang='grc' dir='ltr'><strong>ἀλλὰ</strong></span> <span class='ocrx_word' id='word_1_259' title='bbox 1227 690 1383 717; x_wconf 75' lang='grc' dir='ltr'>τούναντίον</span> <span class='ocrx_word' id='word_1_260' title='bbox 1407 690 1551 725; x_wconf 75' lang='grc' dir='ltr'>συμφορᾶς</span> <span class='ocrx_word' id='word_1_261' title='bbox 1579 689 1680 724; x_wconf 82' lang='grc' dir='ltr'>μᾶλλον</span> <span class='ocrx_word' id='word_1_262' title='bbox 1705 689 1836 715; x_wconf 62' lang='grc' dir='ltr'>ἐπέλιπεν</span> 
     </span>
    </p>
   </div>
   <div class='ocr_carea' id='block_1_40' title="bbox 1043 734 1835 770">
    <p class='ocr_par' dir='ltr' id='par_1_40' title="bbox 1043 734 1835 770">
     <span class='ocr_line' id='line_1_40' title="bbox 1043 734 1835 770; baseline -0.004 -7"><span class='ocrx_word' id='word_1_263' title='bbox 1043 734 1113 767; x_wconf 80' lang='grc' dir='ltr'>εἶδος</span> <span class='ocrx_word' id='word_1_264' title='bbox 1126 735 1194 766; x_wconf 79' lang='grc' dir='ltr'><strong>ὅλως</strong></span> <span class='ocrx_word' id='word_1_265' title='bbox 1213 735 1312 770; x_wconf 86' lang='grc' dir='ltr'><strong>οὐδέν)·</strong></span> <span class='ocrx_word' id='word_1_266' title='bbox 1335 734 1459 766; x_wconf 78' lang='grc' dir='ltr'><strong>θεσπίζει</strong></span> <span class='ocrx_word' id='word_1_267' title='bbox 1481 735 1524 761; x_wconf 78' lang='grc' dir='ltr'><strong>διὰ</strong></span> <span class='ocrx_word' id='word_1_268' title='bbox 1540 735 1586 762; x_wconf 84' lang='grc' dir='ltr'><strong>τοῦ</strong></span> <span class='ocrx_word' id='word_1_269' title='bbox 1605 736 1738 770; x_wconf 75' lang='grc' dir='ltr'>παρόντος</span> <span class='ocrx_word' id='word_1_270' title='bbox 1753 735 1835 761; x_wconf 70' lang='grc' dir='ltr'>εὐσε-</span> 
     </span>
    </p>
   </div>
   <div class='ocr_carea' id='block_1_41' title="bbox 1045 780 1835 816">
    <p class='ocr_par' dir='ltr' id='par_1_41' title="bbox 1045 780 1835 816">
     <span class='ocr_line' id='line_1_41' title="bbox 1045 780 1835 816; baseline -0.004 -8"><span class='ocrx_word' id='word_1_271' title='bbox 1045 782 1108 814; x_wconf 76' lang='grc' dir='ltr'><strong>ϐοῦς</strong></span> <span class='ocrx_word' id='word_1_272' title='bbox 1133 781 1323 816; x_wconf 70' lang='grc' dir='ltr'><strong>ὲνυπογράῳου</strong></span> <span class='ocrx_word' id='word_1_273' title='bbox 1350 780 1557 816; x_wconf 78' lang='grc' dir='ltr'>χρυσοϐούλλου,</span> <span class='ocrx_word' id='word_1_274' title='bbox 1584 781 1614 807; x_wconf 59' lang='grc' dir='ltr'><strong>τὶ</strong></span> <span class='ocrx_word' id='word_1_275' title='bbox 1639 781 1688 816; x_wconf 84' lang='grc' dir='ltr'><strong>τὴν</strong></span> <span class='ocrx_word' id='word_1_276' title='bbox 1704 781 1835 816; x_wconf 54' lang='grc' dir='ltr'>ῥηθεῖσιν</span> 
     </span>
    </p>
   </div>
   <div class='ocr_carea' id='block_1_42' title="bbox 1044 825 1837 863">
    <p class='ocr_par' dir='ltr' id='par_1_42' title="bbox 1044 825 1837 863">
     <span class='ocr_line' id='line_1_42' title="bbox 1044 825 1837 863; baseline -0.004 -9"><span class='ocrx_word' id='word_1_277' title='bbox 1044 828 1206 863; x_wconf 80' lang='grc' dir='ltr'><strong>νομοθεσίαν</strong></span> <span class='ocrx_word' id='word_1_278' title='bbox 1221 829 1317 863; x_wconf 82' lang='grc' dir='ltr'>ἀργεῖν</span> <span class='ocrx_word' id='word_1_279' title='bbox 1334 828 1389 854; x_wconf 84' lang='grc' dir='ltr'><strong>ἀπὸ</strong></span> <span class='ocrx_word' id='word_1_280' title='bbox 1412 827 1462 862; x_wconf 78' lang='grc' dir='ltr'><strong>τῆς</strong></span> <span class='ocrx_word' id='word_1_281' title='bbox 1488 827 1630 863; x_wconf 79' lang='grc' dir='ltr'><strong>παρούσης</strong></span> <span class='ocrx_word' id='word_1_282' title='bbox 1644 826 1747 861; x_wconf 80' lang='grc' dir='ltr'><strong>ταύτης</strong></span> <span class='ocrx_word' id='word_1_283' title='bbox 1764 825 1837 860; x_wconf 76' lang='grc' dir='ltr'><strong>ἠμέ-</strong></span> 
     </span>
    </p>
   </div>
   <div class='ocr_carea' id='block_1_43' title="bbox 1047 874 1836 912">
    <p class='ocr_par' dir='ltr' id='par_1_43' title="bbox 1047 874 1836 912">
     <span class='ocr_line' id='line_1_43' title="bbox 1047 874 1836 912; baseline -0.004 -9"><span class='ocrx_word' id='word_1_284' title='bbox 1047 885 1106 912; x_wconf 80' lang='grc' dir='ltr'>ρας,</span> <span class='ocrx_word' id='word_1_285' title='bbox 1126 876 1228 911; x_wconf 75' lang='grc' dir='ltr'>ἄκυρόν</span> <span class='ocrx_word' id='word_1_286' title='bbox 1244 884 1273 902; x_wconf 79' lang='grc' dir='ltr'><strong>τε</strong></span> <span class='ocrx_word' id='word_1_287' title='bbox 1289 876 1334 902; x_wconf 69' lang='grc' dir='ltr'>καὶ</span> <span class='ocrx_word' id='word_1_288' title='bbox 1351 876 1491 910; x_wconf 77' lang='grc' dir='ltr'>ἄπρακτον</span> <span class='ocrx_word' id='word_1_289' title='bbox 1512 875 1558 902; x_wconf 85' lang='grc' dir='ltr'><strong>τοῦ</strong></span> <span class='ocrx_word' id='word_1_290' title='bbox 1574 874 1668 902; x_wconf 77' lang='grc' dir='ltr'>λοιποῦ</span> <span class='ocrx_word' id='word_1_291' title='bbox 1684 874 1836 910; x_wconf 75' lang='grc' dir='ltr'>διαμένειν·</span> 
     </span>
    </p>
   </div>
   <div class='ocr_carea' id='block_1_44' title="bbox 1045 920 1836 958">
    <p class='ocr_par' dir='ltr' id='par_1_44' title="bbox 1045 920 1836 958">
     <span class='ocr_line' id='line_1_44' title="bbox 1045 920 1836 958; baseline -0.004 -9"><span class='ocrx_word' id='word_1_292' title='bbox 1045 923 1168 958; x_wconf 78' lang='grc' dir='ltr'><strong>ἐνεργεῖν</strong></span> <span class='ocrx_word' id='word_1_293' title='bbox 1185 922 1214 948; x_wconf 80' lang='grc' dir='ltr'>δὲ</span> <span class='ocrx_word' id='word_1_294' title='bbox 1235 923 1298 954; x_wconf 68' lang='grc' dir='ltr'><strong>τοὺς</strong></span> <span class='ocrx_word' id='word_1_295' title='bbox 1314 922 1366 956; x_wconf 70' lang='grc' dir='ltr'><strong>πρὸ</strong></span> <span class='ocrx_word' id='word_1_296' title='bbox 1383 921 1485 956; x_wconf 82' lang='grc' dir='ltr'><strong>ταύτης</strong></span> <span class='ocrx_word' id='word_1_297' title='bbox 1504 921 1648 956; x_wconf 79' lang='grc' dir='ltr'>κειμένους</span> <span class='ocrx_word' id='word_1_298' title='bbox 1662 920 1725 956; x_wconf 80' lang='grc' dir='ltr'>περί</span> <span class='ocrx_word' id='word_1_299' title='bbox 1736 929 1766 946; x_wconf 85' lang='grc' dir='ltr'><strong>τε</strong></span> <span class='ocrx_word' id='word_1_300' title='bbox 1782 920 1836 946; x_wconf 80' lang='grc' dir='ltr'><strong>τῶν</strong></span> 
     </span>
    </p>
   </div>
   <div class='ocr_carea' id='block_1_45' title="bbox 1045 967 1836 1004">
    <p class='ocr_par' dir='ltr' id='par_1_45' title="bbox 1045 967 1836 1004">
     <span class='ocr_line' id='line_1_45' title="bbox 1045 967 1836 1004; baseline -0.003 -9"><span class='ocrx_word' id='word_1_301' title='bbox 1045 968 1198 1004; x_wconf 73' lang='grc' dir='ltr'><strong>ἐκκλησιῶν</strong></span> <span class='ocrx_word' id='word_1_302' title='bbox 1214 967 1261 995; x_wconf 77' lang='grc' dir='ltr'><strong>τοῦ</strong></span> <span class='ocrx_word' id='word_1_303' title='bbox 1278 968 1346 995; x_wconf 78' lang='grc' dir='ltr'><strong>Θεοῦ</strong></span> <span class='ocrx_word' id='word_1_304' title='bbox 1362 969 1409 995; x_wconf 70' lang='grc' dir='ltr'><strong>καὶ</strong></span> <span class='ocrx_word' id='word_1_305' title='bbox 1424 969 1478 995; x_wconf 84' lang='grc' dir='ltr'><strong>τῶν</strong></span> <span class='ocrx_word' id='word_1_306' title='bbox 1494 968 1601 1002; x_wconf 79' lang='grc' dir='ltr'>εὐαγῶν</span> <span class='ocrx_word' id='word_1_307' title='bbox 1625 968 1708 994; x_wconf 80' lang='grc' dir='ltr'>οἴκων</span> <span class='ocrx_word' id='word_1_308' title='bbox 1725 968 1836 1002; x_wconf 81' lang='grc' dir='ltr'>νόμους,</span> 
     </span>
    </p>
   </div>
   <div class='ocr_carea' id='block_1_46' title="bbox 1045 1014 1837 1050">
    <p class='ocr_par' dir='ltr' id='par_1_46' title="bbox 1045 1014 1837 1050">
     <span class='ocr_line' id='line_1_46' title="bbox 1045 1014 1837 1050; baseline -0.001 -9"><span class='ocrx_word' id='word_1_309' title='bbox 1045 1015 1093 1042; x_wconf 65' lang='grc' dir='ltr'><strong>’.καὶ¹</strong></span> <span class='ocrx_word' id='word_1_310' title='bbox 1105 1014 1150 1046; x_wconf 80' lang='grc' dir='ltr'><strong>οὓς</strong></span> <span class='ocrx_word' id='word_1_311' title='bbox 1165 1015 1180 1042; x_wconf 85' lang='grc' dir='ltr'><strong>ὃ</strong></span> <span class='ocrx_word' id='word_1_312' title='bbox 1196 1023 1226 1041; x_wconf 85' lang='grc' dir='ltr'><strong>τε</strong></span> <span class='ocrx_word' id='word_1_313' title='bbox 1241 1015 1363 1050; x_wconf 81' lang='grc' dir='ltr'>ἀοίδιμος</span> <span class='ocrx_word' id='word_1_314' title='bbox 1380 1016 1430 1050; x_wconf 83' lang='grc' dir='ltr'><strong>τῆς</strong></span> <span class='ocrx_word' id='word_1_315' title='bbox 1453 1015 1590 1050; x_wconf 75' lang='grc' dir='ltr'>βασιλείας</span> <span class='ocrx_word' id='word_1_316' title='bbox 1611 1014 1690 1050; x_wconf 75' lang='grc' dir='ltr'>ἡμῶν</span> <span class='ocrx_word' id='word_1_317' title='bbox 1713 1014 1837 1046; x_wconf 76' lang='grc' dir='ltr'><strong>πάππος,</strong></span> 
     </span>
    </p>
   </div>
   <div class='ocr_carea' id='block_1_47' title="bbox 1045 1061 1838 1097">
    <p class='ocr_par' dir='ltr' id='par_1_47' title="bbox 1045 1061 1838 1097">
     <span class='ocr_line' id='line_1_47' title="bbox 1045 1061 1838 1097; baseline -0.004 -8"><span class='ocrx_word' id='word_1_318' title='bbox 1045 1062 1060 1089; x_wconf 86' lang='grc' dir='ltr'><strong>ὅ</strong></span> <span class='ocrx_word' id='word_1_319' title='bbox 1071 1070 1101 1088; x_wconf 79' lang='grc' dir='ltr'>τε</span> <span class='ocrx_word' id='word_1_320' title='bbox 1116 1061 1207 1097; x_wconf 81' lang='grc' dir='ltr'>πατὴρ</span> <span class='ocrx_word' id='word_1_321' title='bbox 1224 1061 1327 1088; x_wconf 75' lang='grc' dir='ltr'>ἐκείνου</span> <span class='ocrx_word' id='word_1_322' title='bbox 1342 1062 1432 1095; x_wconf 85' lang='grc' dir='ltr'>πάλιν,</span> <span class='ocrx_word' id='word_1_323' title='bbox 1449 1062 1464 1089; x_wconf 83' lang='grc' dir='ltr'><strong>ὃ</strong></span> <span class='ocrx_word' id='word_1_324' title='bbox 1476 1070 1506 1088; x_wconf 83' lang='grc' dir='ltr'><strong>τε</strong></span> <span class='ocrx_word' id='word_1_325' title='bbox 1521 1061 1682 1092; x_wconf 74' lang='grc' dir='ltr'>ἑπίπαππος</span> <span class='ocrx_word' id='word_1_326' title='bbox 1697 1061 1798 1096; x_wconf 73' lang='grc' dir='ltr'>ἄριστὰ</span> <span class='ocrx_word' id='word_1_327' title='bbox 1809 1068 1838 1086; x_wconf 79' lang='grc' dir='ltr'>τε</span> 
     </span>
    </p>
   </div>
   <div class='ocr_carea' id='block_1_48' title="bbox 1047 1106 1840 1143">
    <p class='ocr_par' dir='ltr' id='par_1_48' title="bbox 1047 1106 1840 1143">
     <span class='ocr_line' id='line_1_48' title="bbox 1047 1106 1840 1143; baseline -0.005 -7"><span class='ocrx_word' id='word_1_328' title='bbox 1047 1109 1095 1136; x_wconf 73' lang='grc' dir='ltr'>καὶ</span> <span class='ocrx_word' id='word_1_329' title='bbox 1120 1108 1317 1142; x_wconf 83' lang='grc' dir='ltr'>θεοφιλέστατα</span> <span class='ocrx_word' id='word_1_330' title='bbox 1340 1107 1451 1143; x_wconf 73' lang='grc' dir='ltr'>ἕθησαν.</span> <span class='ocrx_word' id='word_1_331' title='bbox 1478 1108 1534 1134; x_wconf 79' lang='grc' dir='ltr'><strong>Καὶ</strong></span> <span class='ocrx_word' id='word_1_332' title='bbox 1558 1107 1629 1134; x_wconf 80' lang='grc' dir='ltr'><strong>ὥστε</strong></span> <span class='ocrx_word' id='word_1_333' title='bbox 1653 1106 1765 1141; x_wconf 79' lang='grc' dir='ltr'>ἀσφαλῆ</span> <span class='ocrx_word' id='word_1_334' title='bbox 1793 1107 1840 1132; x_wconf 70' lang='grc' dir='ltr'><strong>καὶ</strong></span> 
     </span>
    </p>
   </div>
   <div class='ocr_carea' id='block_1_49' title="bbox 1046 1151 1839 1190">
    <p class='ocr_par' dir='ltr' id='par_1_49' title="bbox 1046 1151 1839 1190">
     <span class='ocr_line' id='line_1_49' title="bbox 1046 1151 1839 1190; baseline -0.005 -9"><span class='ocrx_word' id='word_1_335' title='bbox 1046 1154 1213 1190; x_wconf 71' lang='grc' dir='ltr'><strong>ἀμετάθετον</strong></span> <span class='ocrx_word' id='word_1_336' title='bbox 1224 1151 1294 1181; x_wconf 77' lang='grc' dir='ltr'>εἶναι</span> <span class='ocrx_word' id='word_1_337' title='bbox 1305 1154 1354 1189; x_wconf 82' lang='grc' dir='ltr'><strong>τὴν</strong></span> <span class='ocrx_word' id='word_1_338' title='bbox 1367 1155 1507 1190; x_wconf 77' lang='grc' dir='ltr'>παροῦσαν</span> <span class='ocrx_word' id='word_1_339' title='bbox 1518 1153 1650 1186; x_wconf 77' lang='grc' dir='ltr'>διάταξιν,</span> <span class='ocrx_word' id='word_1_340' title='bbox 1665 1153 1755 1188; x_wconf 72' lang='grc' dir='ltr'>οἰκείᾳ</span> <span class='ocrx_word' id='word_1_341' title='bbox 1764 1152 1839 1187; x_wconf 70' lang='grc' dir='ltr'>χειρὶ</span> 
     </span>
    </p>
   </div>
   <div class='ocr_carea' id='block_1_50' title="bbox 1048 1199 1838 1236">
    <p class='ocr_par' dir='ltr' id='par_1_50' title="bbox 1048 1199 1838 1236">
     <span class='ocr_line' id='line_1_50' title="bbox 1048 1199 1838 1236; baseline -0.005 -8"><span class='ocrx_word' id='word_1_342' title='bbox 1048 1199 1396 1236; x_wconf 76' lang='grc' dir='ltr'>ὑποσημηνάμενοιχρυσῷ</span> <span class='ocrx_word' id='word_1_343' title='bbox 1409 1200 1537 1236; x_wconf 71' lang='grc' dir='ltr'>σφραγῖδι</span> <span class='ocrx_word' id='word_1_344' title='bbox 1544 1199 1648 1235; x_wconf 80' lang='grc' dir='ltr'>ταύτην</span> <span class='ocrx_word' id='word_1_345' title='bbox 1661 1200 1838 1234; x_wconf 66' lang='grc' dir='ltr'>ὐποσφραγι-</span> 
     </span>
    </p>
   </div>
   <div class='ocr_carea' id='block_1_51' title="bbox 1049 1245 1838 1283">
    <p class='ocr_par' dir='ltr' id='par_1_51' title="bbox 1049 1245 1838 1283">
     <span class='ocr_line' id='line_1_51' title="bbox 1049 1245 1838 1283; baseline -0.003 -10"><span class='ocrx_word' id='word_1_346' title='bbox 1049 1246 1145 1282; x_wconf 82' lang='grc' dir='ltr'>σθῆναι</span> <span class='ocrx_word' id='word_1_347' title='bbox 1159 1246 1347 1282; x_wconf 84' lang='grc' dir='ltr'>διωρισάμεθα</span> <span class='ocrx_word' id='word_1_348' title='bbox 1362 1247 1428 1282; x_wconf 76' lang='grc' dir='ltr'>μηνὶ</span> <span class='ocrx_word' id='word_1_349' title='bbox 1449 1247 1596 1283; x_wconf 70' lang='grc' dir='ltr'>Ἀπριλλίῳ</span> <span class='ocrx_word' id='word_1_350' title='bbox 1611 1246 1631 1273; x_wconf 77' lang='grc' dir='ltr'><strong>δ’</strong></span> <span class='ocrx_word' id='word_1_351' title='bbox 1646 1245 1838 1280; x_wconf 76' lang='grc' dir='ltr'>ἐπινεμήσεως</span> 
     </span>
    </p>
   </div>
   <div class='ocr_carea' id='block_1_52' title="bbox 1028 1278 1308 1327">
    <p class='ocr_par' dir='ltr' id='par_1_52' title="bbox 1028 1278 1308 1327">
     <span class='ocr_line' id='line_1_52' title="bbox 1028 1278 1308 1327; baseline 0 -7"><span class='ocrx_word' id='word_1_352' title='bbox 1028 1278 1073 1320; x_wconf 51' lang='grc' dir='ltr'>ἀ’</span> <span class='ocrx_word' id='word_1_353' title='bbox 1085 1278 1115 1321; x_wconf 68' lang='grc' dir='ltr'>έν</span> <span class='ocrx_word' id='word_1_354' title='bbox 1129 1292 1184 1321; x_wconf 78' lang='grc' dir='ltr'>ἔτει</span> <span class='ocrx_word' id='word_1_355' title='bbox 1198 1278 1308 1327; x_wconf 54' lang='grc' dir='ltr'><strong>,ξυιιξκ</strong></span> 
     </span>
    </p>
   </div>
   <div class='ocr_carea' id='block_1_53' title="bbox 1012 1378 1043 1407">
    <p class='ocr_par' dir='ltr' id='par_1_53' title="bbox 1012 1378 1043 1407">
     <span class='ocr_line' id='line_1_53' title="bbox 1012 1378 1043 1407; baseline 0.065 -3"><span class='ocrx_word' id='word_1_356' title='bbox 1012 1378 1043 1407; x_wconf 82' lang='lat' dir='ltr'><strong>ll.</strong></span> 
     </span>
    </p>
   </div>
   <div class='ocr_carea' id='block_1_54' title="bbox 241 1459 1801 1500">
    <p class='ocr_par' dir='ltr' id='par_1_54' title="bbox 241 1459 1801 1500">
     <span class='ocr_line' id='line_1_54' title="bbox 241 1459 1801 1500; baseline 0.001 -11"><span class='ocrx_word' id='word_1_357' title='bbox 241 1460 328 1497; x_wconf 81' lang='lat' dir='ltr'><strong>Impp.</strong></span> <span class='ocrx_word' id='word_1_358' title='bbox 343 1460 439 1487; x_wconf 77' lang='lat' dir='ltr'><strong>Basilii</strong></span> <span class='ocrx_word' id='word_1_359' title='bbox 458 1465 482 1487; x_wconf 84' lang='lat' dir='ltr'><strong>et</strong></span> <span class='ocrx_word' id='word_1_360' title='bbox 499 1459 669 1487; x_wconf 71' lang='lat' dir='ltr'><strong>Constantini</strong></span> <span class='ocrx_word' id='word_1_361' title='bbox 688 1467 770 1486; x_wconf 80' lang='lat' dir='ltr'><strong>aurea</strong></span> <span class='ocrx_word' id='word_1_362' title='bbox 802 1459 874 1487; x_wconf 80' lang='lat' dir='ltr'><strong>bulla</strong></span> <span class='ocrx_word' id='word_1_363' title='bbox 896 1460 1053 1489; x_wconf 78' lang='lat' dir='ltr'><strong>Venetorum</strong></span> <span class='ocrx_word' id='word_1_364' title='bbox 1077 1464 1268 1491; x_wconf 72' lang='lat' dir='ltr'><strong>ntercataribm</strong></span> <span class='ocrx_word' id='word_1_365' title='bbox 1284 1463 1420 1492; x_wconf 65' lang='lat' dir='ltr'><strong>libertam</strong></span> <span class='ocrx_word' id='word_1_366' title='bbox 1434 1464 1587 1492; x_wconf 70' lang='lat' dir='ltr'><strong>concedens.</strong></span> <span class='ocrx_word' id='word_1_367' title='bbox 1599 1463 1643 1500; x_wconf 88' lang='grc' dir='ltr'><strong>(Δ.</strong></span> <span class='ocrx_word' id='word_1_368' title='bbox 1660 1463 1735 1499; x_wconf 75' lang='lat'><strong>992.)</strong></span> <span class='ocrx_word' id='word_1_369' title='bbox 1751 1463 1801 1498; x_wconf 74' lang='grc' dir='ltr'><strong>(ί).</strong></span> 
     </span>
    </p>
   </div>
   <div class='ocr_carea' id='block_1_55' title="bbox 242 1518 566 1552">
    <p class='ocr_par' dir='ltr' id='par_1_55' title="bbox 242 1518 566 1552">
     <span class='ocr_line' id='line_1_55' title="bbox 242 1518 566 1552; baseline -0.006 -6"><span class='ocrx_word' id='word_1_370' title='bbox 242 1520 270 1546; x_wconf 90' lang='lat' dir='ltr'><strong>In</strong></span> <span class='ocrx_word' id='word_1_371' title='bbox 289 1518 399 1546; x_wconf 86' lang='lat' dir='ltr'><strong>nomine</strong></span> <span class='ocrx_word' id='word_1_372' title='bbox 416 1518 500 1552; x_wconf 86' lang='lat' dir='ltr'><strong>patris</strong></span> <span class='ocrx_word' id='word_1_373' title='bbox 513 1521 566 1545; x_wconf 86' lang='lat' dir='ltr'><strong>etc.</strong></span> 
     </span>
    </p>
   </div>
   <div class='ocr_carea' id='block_1_56' title="bbox 242 1563 996 1600">
    <p class='ocr_par' dir='ltr' id='par_1_56' title="bbox 242 1563 996 1600">
     <span class='ocr_line' id='line_1_56' title="bbox 242 1563 996 1600; baseline 0 -7"><span class='ocrx_word' id='word_1_374' title='bbox 242 1565 360 1593; x_wconf 80' lang='lat' dir='ltr'><strong>Basilius</strong></span> <span class='ocrx_word' id='word_1_375' title='bbox 388 1569 416 1592; x_wconf 89' lang='lat' dir='ltr'><strong>et</strong></span> <span class='ocrx_word' id='word_1_376' title='bbox 444 1563 645 1592; x_wconf 83' lang='lat' dir='ltr'><strong>Constantinus</strong></span> <span class='ocrx_word' id='word_1_377' title='bbox 673 1571 779 1598; x_wconf 80' lang='lat' dir='ltr'><strong>omnes,</strong></span> <span class='ocrx_word' id='word_1_378' title='bbox 794 1564 894 1600; x_wconf 88' lang='lat' dir='ltr'><strong>quibus</strong></span> <span class='ocrx_word' id='word_1_379' title='bbox 924 1565 996 1593; x_wconf 82' lang='lat' dir='ltr'><strong>istud</strong></span> 
     </span>
    </p>
   </div>
   <div class='ocr_carea' id='block_1_57' title="bbox 207 1609 998 1648">
    <p class='ocr_par' dir='ltr' id='par_1_57' title="bbox 207 1609 998 1648">
     <span class='ocr_line' id='line_1_57' title="bbox 207 1609 998 1648; baseline 0.001 -9"><span class='ocrx_word' id='word_1_380' title='bbox 207 1613 282 1648; x_wconf 84' lang='lat' dir='ltr'><strong>pium</strong></span> <span class='ocrx_word' id='word_1_381' title='bbox 295 1616 419 1639; x_wconf 90' lang='lat' dir='ltr'><strong>nostrum</strong></span> <span class='ocrx_word' id='word_1_382' title='bbox 437 1609 556 1644; x_wconf 70' lang='lat' dir='ltr'><strong>sigillum</strong></span> <span class='ocrx_word' id='word_1_383' title='bbox 573 1609 787 1644; x_wconf 82' lang='lat' dir='ltr'><strong>demonstretur,</strong></span> <span class='ocrx_word' id='word_1_384' title='bbox 799 1611 892 1640; x_wconf 85' lang='lat' dir='ltr'><strong>ﬁdeles</strong></span> <span class='ocrx_word' id='word_1_385' title='bbox 901 1612 927 1639; x_wconf 92' lang='lat' dir='ltr'><strong>in</strong></span> <span class='ocrx_word' id='word_1_386' title='bbox 941 1611 998 1640; x_wconf 88' lang='lat' dir='ltr'><strong>Deo</strong></span> 
     </span>
    </p>
   </div>
   <div class='ocr_carea' id='block_1_58' title="bbox 209 1654 605 1692">
    <p class='ocr_par' dir='ltr' id='par_1_58' title="bbox 209 1654 605 1692">
     <span class='ocr_line' id='line_1_58' title="bbox 209 1654 605 1692; baseline -0.01 -8"><span class='ocrx_word' id='word_1_387' title='bbox 209 1658 389 1692; x_wconf 82' lang='lat' dir='ltr'><strong>imperatores</strong></span> <span class='ocrx_word' id='word_1_388' title='bbox 406 1654 605 1681; x_wconf 80' lang='lat' dir='ltr'><strong>Romanorum.</strong></span> 
     </span>
    </p>
   </div>
   <div class='ocr_carea' id='block_1_59' title="bbox 242 1701 998 1736">
    <p class='ocr_par' dir='ltr' id='par_1_59' title="bbox 242 1701 998 1736">
     <span class='ocr_line' id='line_1_59' title="bbox 242 1701 998 1736; baseline 0.003 -7"><span class='ocrx_word' id='word_1_389' title='bbox 242 1702 302 1729; x_wconf 86' lang='lat' dir='ltr'><strong>Non</strong></span> <span class='ocrx_word' id='word_1_390' title='bbox 314 1702 402 1729; x_wconf 89' lang='lat' dir='ltr'><strong>solum</strong></span> <span class='ocrx_word' id='word_1_391' title='bbox 420 1701 619 1736; x_wconf 82' lang='lat' dir='ltr'><strong>rogationibus,</strong></span> <span class='ocrx_word' id='word_1_392' title='bbox 636 1709 696 1736; x_wconf 73' lang='lat' dir='ltr'><strong>quae</strong></span> <span class='ocrx_word' id='word_1_393' title='bbox 712 1701 775 1736; x_wconf 61' lang='lat' dir='ltr'><strong>:sub</strong></span> <span class='ocrx_word' id='word_1_394' title='bbox 792 1709 873 1730; x_wconf 89' lang='lat' dir='ltr'><strong>manu</strong></span> <span class='ocrx_word' id='word_1_395' title='bbox 904 1708 998 1732; x_wconf 87' lang='lat' dir='ltr'><strong>nostra</strong></span> 
     </span>
    </p>
   </div>
   <div class='ocr_carea' id='block_1_60' title="bbox 207 1742 996 1782">
    <p class='ocr_par' dir='ltr' id='par_1_60' title="bbox 207 1742 996 1782">
     <span class='ocr_line' id='line_1_60' title="bbox 207 1742 996 1782; baseline 0.003 -6"><span class='ocrx_word' id='word_1_396' title='bbox 207 1753 280 1782; x_wconf 86' lang='lat' dir='ltr'><strong>sunt,</strong></span> <span class='ocrx_word' id='word_1_397' title='bbox 298 1748 429 1775; x_wconf 86' lang='lat' dir='ltr'><strong>obaudire</strong></span> <span class='ocrx_word' id='word_1_398' title='bbox 450 1747 782 1776; x_wconf 83' lang='lat' dir='ltr'><strong>misericordiosissintum</strong></span> <span class='ocrx_word' id='word_1_399' title='bbox 801 1753 829 1776; x_wconf 83' lang='lat' dir='ltr'><strong>et</strong></span> <span class='ocrx_word' id='word_1_400' title='bbox 857 1742 996 1778; x_wconf 83' lang='lat' dir='ltr'><strong>laudabile</strong></span> 
     </span>
    </p>
   </div>
   <div class='ocr_carea' id='block_1_61' title="bbox 206 1794 998 1833">
    <p class='ocr_par' dir='ltr' id='par_1_61' title="bbox 206 1794 998 1833">
     <span class='ocr_line' id='line_1_61' title="bbox 206 1794 998 1833; baseline -0.001 -10"><span class='ocrx_word' id='word_1_401' title='bbox 206 1799 260 1826; x_wconf 85' lang='lat' dir='ltr'><strong>est,</strong></span> <span class='ocrx_word' id='word_1_402' title='bbox 279 1794 326 1822; x_wconf 90' lang='lat' dir='ltr'><strong>sed</strong></span> <span class='ocrx_word' id='word_1_403' title='bbox 343 1794 416 1821; x_wconf 89' lang='lat' dir='ltr'><strong>enim</strong></span> <span class='ocrx_word' id='word_1_404' title='bbox 445 1798 472 1820; x_wconf 89' lang='lat' dir='ltr'><strong>et</strong></span> <span class='ocrx_word' id='word_1_405' title='bbox 497 1798 643 1821; x_wconf 71' lang='lat' dir='ltr'><strong>extraneos</strong></span> <span class='ocrx_word' id='word_1_406' title='bbox 665 1798 692 1821; x_wconf 93' lang='lat' dir='ltr'><strong>et</strong></span> <span class='ocrx_word' id='word_1_407' title='bbox 712 1795 863 1829; x_wconf 88' lang='lat' dir='ltr'><strong>pertinente</strong></span> <span class='ocrx_word' id='word_1_408' title='bbox 889 1796 998 1833; x_wconf 88' lang='lat' dir='ltr'><strong>publico</strong></span> 
     </span>
    </p>
   </div>
   <div class='ocr_carea' id='block_1_62' title="bbox 207 1841 999 1879">
    <p class='ocr_par' dir='ltr' id='par_1_62' title="bbox 207 1841 999 1879">
     <span class='ocr_line' id='line_1_62' title="bbox 207 1841 999 1879; baseline 0.004 -11"><span class='ocrx_word' id='word_1_409' title='bbox 207 1841 342 1869; x_wconf 86' lang='lat' dir='ltr'><strong>obaudire</strong></span> <span class='ocrx_word' id='word_1_410' title='bbox 358 1846 469 1876; x_wconf 77' lang='lat' dir='ltr'><strong>rogatur</strong></span> <span class='ocrx_word' id='word_1_411' title='bbox 488 1848 550 1868; x_wconf 92' lang='lat' dir='ltr'><strong>cum</strong></span> <span class='ocrx_word' id='word_1_412' title='bbox 578 1841 749 1875; x_wconf 83' lang='lat' dir='ltr'><strong>providentia</strong></span> <span class='ocrx_word' id='word_1_413' title='bbox 763 1841 815 1879; x_wconf 91' lang='lat' dir='ltr'><strong>[et]</strong></span> <span class='ocrx_word' id='word_1_414' title='bbox 825 1843 943 1877; x_wconf 79' lang='lat' dir='ltr'><strong>pietate;</strong></span> <span class='ocrx_word' id='word_1_415' title='bbox 957 1844 999 1870; x_wconf 89' lang='lat' dir='ltr'><strong>in-</strong></span> 
     </span>
    </p>
   </div>
   <div class='ocr_carea' id='block_1_63' title="bbox 207 1886 1000 1924">
    <p class='ocr_par' dir='ltr' id='par_1_63' title="bbox 207 1886 1000 1924">
     <span class='ocr_line' id='line_1_63' title="bbox 207 1886 1000 1924; baseline 0.004 -10"><span class='ocrx_word' id='word_1_416' title='bbox 207 1887 296 1922; x_wconf 84' lang='lat' dir='ltr'><strong>deque</strong></span> <span class='ocrx_word' id='word_1_417' title='bbox 311 1886 383 1915; x_wconf 88' lang='lat' dir='ltr'><strong>enim</strong></span> <span class='ocrx_word' id='word_1_418' title='bbox 400 1891 428 1914; x_wconf 91' lang='lat' dir='ltr'><strong>et</strong></span> <span class='ocrx_word' id='word_1_419' title='bbox 444 1886 532 1922; x_wconf 86' lang='lat' dir='ltr'><strong>pietas</strong></span> <span class='ocrx_word' id='word_1_420' title='bbox 555 1886 721 1915; x_wconf 81' lang='lat' dir='ltr'><strong>sntﬁcienter</strong></span> <span class='ocrx_word' id='word_1_421' title='bbox 732 1888 766 1916; x_wconf 88' lang='lat' dir='ltr'><strong>ad</strong></span> <span class='ocrx_word' id='word_1_422' title='bbox 784 1888 922 1916; x_wconf 85' lang='lat' dir='ltr'><strong>miseriam</strong></span> <span class='ocrx_word' id='word_1_423' title='bbox 935 1897 1000 1924; x_wconf 89' lang='lat' dir='ltr'><strong>pro-</strong></span> 
     </span>
    </p>
   </div>
   <div class='ocr_carea' id='block_1_64' title="bbox 207 1933 1000 1972">
    <p class='ocr_par' dir='ltr' id='par_1_64' title="bbox 207 1933 1000 1972">
     <span class='ocr_line' id='line_1_64' title="bbox 207 1933 1000 1972; baseline 0.006 -13"><span class='ocrx_word' id='word_1_424' title='bbox 207 1933 291 1968; x_wconf 87' lang='lat' dir='ltr'><strong>pitius</strong></span> <span class='ocrx_word' id='word_1_425' title='bbox 335 1933 550 1967; x_wconf 80' lang='lat' dir='ltr'><strong>demonstretur,</strong></span> <span class='ocrx_word' id='word_1_426' title='bbox 566 1933 744 1969; x_wconf 87' lang='lat' dir='ltr'><strong>lonquimque</strong></span> <span class='ocrx_word' id='word_1_427' title='bbox 766 1933 935 1972; x_wconf 77' lang='lat' dir='ltr'><strong>[longinque]</strong></span> <span class='ocrx_word' id='word_1_428' title='bbox 960 1940 1000 1964; x_wconf 90' lang='lat' dir='ltr'><strong>et-</strong></span> 
     </span>
    </p>
   </div>
   <div class='ocr_carea' id='block_1_65' title="bbox 207 1979 892 2016">
    <p class='ocr_par' dir='ltr' id='par_1_65' title="bbox 207 1979 892 2016">
     <span class='ocr_line' id='line_1_65' title="bbox 207 1979 892 2016; baseline 0.006 -11"><span class='ocrx_word' id='word_1_429' title='bbox 207 1979 280 2006; x_wconf 89' lang='lat' dir='ltr'><strong>enim</strong></span> <span class='ocrx_word' id='word_1_430' title='bbox 293 1986 354 2006; x_wconf 91' lang='lat' dir='ltr'><strong>cum</strong></span> <span class='ocrx_word' id='word_1_431' title='bbox 367 1979 466 2013; x_wconf 81' lang='lat' dir='ltr'><strong>pietate</strong></span> <span class='ocrx_word' id='word_1_432' title='bbox 480 1979 614 2014; x_wconf 89' lang='lat' dir='ltr'><strong>imperiali</strong></span> <span class='ocrx_word' id='word_1_433' title='bbox 629 1980 706 2008; x_wconf 88' lang='lat' dir='ltr'><strong>detur</strong></span> <span class='ocrx_word' id='word_1_434' title='bbox 718 1981 892 2016; x_wconf 81' lang='lat' dir='ltr'><strong>signiﬁcatio.</strong></span> 
     </span>
    </p>
   </div>
   <div class='ocr_carea' id='block_1_66' title="bbox 242 2025 1000 2063">
    <p class='ocr_par' dir='ltr' id='par_1_66' title="bbox 242 2025 1000 2063">
     <span class='ocr_line' id='line_1_66' title="bbox 242 2025 1000 2063; baseline 0.005 -11"><span class='ocrx_word' id='word_1_435' title='bbox 242 2025 265 2052; x_wconf 77' lang='grc' dir='ltr'><strong>Α</strong></span> <span class='ocrx_word' id='word_1_436' title='bbox 279 2033 332 2060; x_wconf 90' lang='lat' dir='ltr'><strong>qua</strong></span> <span class='ocrx_word' id='word_1_437' title='bbox 359 2027 431 2053; x_wconf 91' lang='lat' dir='ltr'><strong>enim</strong></span> <span class='ocrx_word' id='word_1_438' title='bbox 444 2029 472 2053; x_wconf 90' lang='lat' dir='ltr'><strong>et</strong></span> <span class='ocrx_word' id='word_1_439' title='bbox 497 2026 550 2054; x_wconf 84' lang='lat' dir='ltr'><strong>dux</strong></span> <span class='ocrx_word' id='word_1_440' title='bbox 578 2026 778 2061; x_wconf 82' lang='lat' dir='ltr'><strong>Veneticorum,</strong></span> <span class='ocrx_word' id='word_1_441' title='bbox 792 2029 871 2063; x_wconf 89' lang='lat' dir='ltr'><strong>etqui</strong></span> <span class='ocrx_word' id='word_1_442' title='bbox 889 2029 940 2056; x_wconf 81' lang='lat' dir='ltr'><strong>sub</strong></span> <span class='ocrx_word' id='word_1_443' title='bbox 954 2029 1000 2056; x_wconf 92' lang='lat' dir='ltr'><strong>illo</strong></span> 
     </span>
    </p>
   </div>
   <div class='ocr_carea' id='block_1_67' title="bbox 209 2073 1002 2111">
    <p class='ocr_par' dir='ltr' id='par_1_67' title="bbox 209 2073 1002 2111">
     <span class='ocr_line' id='line_1_67' title="bbox 209 2073 1002 2111; baseline 0.004 -12"><span class='ocrx_word' id='word_1_444' title='bbox 209 2077 260 2104; x_wconf 65' lang='lat' dir='ltr'><strong>est,</strong></span> <span class='ocrx_word' id='word_1_445' title='bbox 273 2077 300 2099; x_wconf 90' lang='lat' dir='ltr'><strong>ct</strong></span> <span class='ocrx_word' id='word_1_446' title='bbox 315 2080 378 2100; x_wconf 91' lang='lat' dir='ltr'><strong>cum</strong></span> <span class='ocrx_word' id='word_1_447' title='bbox 402 2073 492 2100; x_wconf 88' lang='lat' dir='ltr'><strong>omnis</strong></span> <span class='ocrx_word' id='word_1_448' title='bbox 517 2073 603 2104; x_wconf 82' lang='lat' dir='ltr'><strong>plebis</strong></span> <span class='ocrx_word' id='word_1_449' title='bbox 619 2074 814 2103; x_wconf 82' lang='lat' dir='ltr'><strong>intercessione</strong></span> <span class='ocrx_word' id='word_1_450' title='bbox 829 2083 891 2103; x_wconf 91' lang='lat' dir='ltr'><strong>cum</strong></span> <span class='ocrx_word' id='word_1_451' title='bbox 907 2083 1002 2111; x_wconf 84' lang='lat' dir='ltr'><strong>preca-</strong></span> 
     </span>
    </p>
   </div>
   <div class='ocr_carea' id='block_1_68' title="bbox 208 2119 1001 2156">
    <p class='ocr_par' dir='ltr' id='par_1_68' title="bbox 208 2119 1001 2156">
     <span class='ocr_line' id='line_1_68' title="bbox 208 2119 1001 2156; baseline 0.004 -10"><span class='ocrx_word' id='word_1_452' title='bbox 208 2120 310 2146; x_wconf 91' lang='lat' dir='ltr'><strong>tionem</strong></span> <span class='ocrx_word' id='word_1_453' title='bbox 322 2120 355 2146; x_wconf 88' lang='lat' dir='ltr'><strong>ad</strong></span> <span class='ocrx_word' id='word_1_454' title='bbox 367 2124 490 2147; x_wconf 80' lang='lat' dir='ltr'><strong>nostrum</strong></span> <span class='ocrx_word' id='word_1_455' title='bbox 507 2119 630 2148; x_wconf 79' lang='lat' dir='ltr'><strong>fecerunt</strong></span> <span class='ocrx_word' id='word_1_456' title='bbox 640 2121 797 2156; x_wconf 89' lang='lat' dir='ltr'><strong>imperium,</strong></span> <span class='ocrx_word' id='word_1_457' title='bbox 807 2125 837 2149; x_wconf 90' lang='lat' dir='ltr'><strong>ut</strong></span> <span class='ocrx_word' id='word_1_458' title='bbox 851 2122 1001 2156; x_wconf 87' lang='lat' dir='ltr'><strong>unusquis-</strong></span> 
     </span>
    </p>
   </div>
   <div class='ocr_carea' id='block_1_69' title="bbox 208 2165 999 2203">
    <p class='ocr_par' dir='ltr' id='par_1_69' title="bbox 208 2165 999 2203">
     <span class='ocr_line' id='line_1_69' title="bbox 208 2165 999 2203; baseline 0.003 -11"><span class='ocrx_word' id='word_1_459' title='bbox 208 2172 262 2200; x_wconf 84' lang='lat' dir='ltr'><strong>que</strong></span> <span class='ocrx_word' id='word_1_460' title='bbox 277 2173 358 2193; x_wconf 89' lang='lat' dir='ltr'><strong>suum</strong></span> <span class='ocrx_word' id='word_1_461' title='bbox 388 2165 548 2200; x_wconf 78' lang='lat' dir='ltr'><strong>navigium,</strong></span> <span class='ocrx_word' id='word_1_462' title='bbox 565 2167 637 2201; x_wconf 86' lang='lat' dir='ltr'><strong>quod</strong></span> <span class='ocrx_word' id='word_1_463' title='bbox 662 2167 695 2194; x_wconf 90' lang='lat' dir='ltr'><strong>de</strong></span> <span class='ocrx_word' id='word_1_464' title='bbox 713 2175 762 2195; x_wconf 85' lang='lat' dir='ltr'><strong>sua</strong></span> <span class='ocrx_word' id='word_1_465' title='bbox 787 2169 938 2203; x_wconf 85' lang='lat' dir='ltr'><strong>provincia.</strong></span> <span class='ocrx_word' id='word_1_466' title='bbox 953 2168 999 2195; x_wconf 86' lang='lat' dir='ltr'><strong>scd</strong></span> 
     </span>
    </p>
   </div>
   <div class='ocr_carea' id='block_1_70' title="bbox 1007 1521 1836 1558">
    <p class='ocr_par' dir='ltr' id='par_1_70' title="bbox 1007 1521 1836 1558">
     <span class='ocr_line' id='line_1_70' title="bbox 1007 1521 1836 1558; baseline -0.001 -10"><span class='ocrx_word' id='word_1_467' title='bbox 1007 1525 1030 1557; x_wconf 71' lang='grc' dir='ltr'><strong>α</strong></span> <span class='ocrx_word' id='word_1_468' title='bbox 1048 1521 1196 1555; x_wconf 80' lang='lat' dir='ltr'><strong>inventuri,</strong></span> <span class='ocrx_word' id='word_1_469' title='bbox 1212 1521 1364 1549; x_wconf 81' lang='lat' dir='ltr'><strong>secundum</strong></span> <span class='ocrx_word' id='word_1_470' title='bbox 1391 1522 1520 1558; x_wconf 70' lang='lat' dir='ltr'><strong>antiquas</strong></span> <span class='ocrx_word' id='word_1_471' title='bbox 1541 1521 1756 1549; x_wconf 78' lang='lat' dir='ltr'><strong>consuetudines</strong></span> <span class='ocrx_word' id='word_1_472' title='bbox 1772 1529 1836 1548; x_wconf 91' lang='lat' dir='ltr'><strong>cmn</strong></span> 
     </span>
    </p>
   </div>
   <div class='ocr_carea' id='block_1_71' title="bbox 1048 1565 1838 1602">
    <p class='ocr_par' dir='ltr' id='par_1_71' title="bbox 1048 1565 1838 1602">
     <span class='ocr_line' id='line_1_71' title="bbox 1048 1565 1838 1602; baseline 0 -8"><span class='ocrx_word' id='word_1_473' title='bbox 1048 1571 1171 1602; x_wconf 87' lang='lat' dir='ltr'><strong>prompta</strong></span> <span class='ocrx_word' id='word_1_474' title='bbox 1199 1568 1339 1596; x_wconf 84' lang='lat' dir='ltr'><strong>voluntate</strong></span> <span class='ocrx_word' id='word_1_475' title='bbox 1357 1568 1505 1596; x_wconf 78' lang='lat' dir='ltr'><strong>indefessis</strong></span> <span class='ocrx_word' id='word_1_476' title='bbox 1532 1567 1662 1602; x_wconf 85' lang='lat' dir='ltr'><strong>servitiis,</strong></span> <span class='ocrx_word' id='word_1_477' title='bbox 1677 1571 1705 1595; x_wconf 88' lang='lat' dir='ltr'><strong>et</strong></span> <span class='ocrx_word' id='word_1_478' title='bbox 1720 1565 1838 1594; x_wconf 78' lang='lat' dir='ltr'><strong>forsitan</strong></span> 
     </span>
    </p>
   </div>
   <div class='ocr_carea' id='block_1_72' title="bbox 1050 1613 1840 1650">
    <p class='ocr_par' dir='ltr' id='par_1_72' title="bbox 1050 1613 1840 1650">
     <span class='ocr_line' id='line_1_72' title="bbox 1050 1613 1840 1650; baseline -0.001 -9"><span class='ocrx_word' id='word_1_479' title='bbox 1050 1614 1192 1642; x_wconf 86' lang='lat' dir='ltr'><strong>ambulant</strong></span> <span class='ocrx_word' id='word_1_480' title='bbox 1207 1619 1332 1642; x_wconf 86' lang='lat' dir='ltr'><strong>nostrum</strong></span> <span class='ocrx_word' id='word_1_481' title='bbox 1356 1614 1500 1650; x_wconf 87' lang='lat' dir='ltr'><strong>imperium</strong></span> <span class='ocrx_word' id='word_1_482' title='bbox 1524 1614 1552 1641; x_wconf 94' lang='lat' dir='ltr'><strong>in</strong></span> <span class='ocrx_word' id='word_1_483' title='bbox 1575 1613 1840 1649; x_wconf 72' lang='lat' dir='ltr'><strong>Longombardiam,</strong></span> 
     </span>
    </p>
   </div>
   <div class='ocr_carea' id='block_1_73' title="bbox 1049 1660 1840 1696">
    <p class='ocr_par' dir='ltr' id='par_1_73' title="bbox 1049 1660 1840 1696">
     <span class='ocr_line' id='line_1_73' title="bbox 1049 1660 1840 1696; baseline 0.001 -10"><span class='ocrx_word' id='word_1_484' title='bbox 1049 1660 1166 1695; x_wconf 76' lang='lat' dir='ltr'><strong>dirigere</strong></span> <span class='ocrx_word' id='word_1_485' title='bbox 1179 1660 1252 1688; x_wconf 87' lang='lat' dir='ltr'><strong>illius</strong></span> <span class='ocrx_word' id='word_1_486' title='bbox 1272 1660 1464 1693; x_wconf 78' lang='lat' dir='ltr'><strong>karieationes,</strong></span> <span class='ocrx_word' id='word_1_487' title='bbox 1478 1667 1592 1696; x_wconf 82' lang='lat' dir='ltr'><strong>operare</strong></span> <span class='ocrx_word' id='word_1_488' title='bbox 1605 1667 1667 1688; x_wconf 88' lang='lat' dir='ltr'><strong>cum</strong></span> <span class='ocrx_word' id='word_1_489' title='bbox 1687 1660 1746 1688; x_wconf 89' lang='lat' dir='ltr'><strong>suis</strong></span> <span class='ocrx_word' id='word_1_490' title='bbox 1762 1662 1840 1696; x_wconf 75' lang='lat' dir='ltr'><strong>navi--</strong></span> 
     </span>
    </p>
   </div>
   <div class='ocr_carea' id='block_1_74' title="bbox 1050 1692 1839 1740">
    <p class='ocr_par' dir='ltr' id='par_1_74' title="bbox 1050 1692 1839 1740">
     <span class='ocr_line' id='line_1_74' title="bbox 1050 1692 1839 1740; baseline 0.003 -9"><span class='ocrx_word' id='word_1_491' title='bbox 1050 1704 1112 1740; x_wconf 70' lang='lat' dir='ltr'><strong>giis,</strong></span> <span class='ocrx_word' id='word_1_492' title='bbox 1129 1709 1155 1732; x_wconf 87' lang='lat' dir='ltr'><strong>et</strong></span> <span class='ocrx_word' id='word_1_493' title='bbox 1179 1705 1282 1733; x_wconf 78' lang='lat' dir='ltr'><strong>nullam</strong></span> <span class='ocrx_word' id='word_1_494' title='bbox 1307 1706 1481 1734; x_wconf 87' lang='lat' dir='ltr'><strong>occasionem</strong></span> <span class='ocrx_word' id='word_1_495' title='bbox 1502 1710 1550 1733; x_wconf 88' lang='lat' dir='ltr'><strong>aut</strong></span> <span class='ocrx_word' id='word_1_496' title='bbox 1566 1705 1727 1734; x_wconf 86' lang='lat' dir='ltr'><strong>memoriam</strong></span> <span class='ocrx_word' id='word_1_497' title='bbox 1742 1692 1839 1734; x_wconf 47' lang='lat' dir='ltr'><strong>in‘isto</strong></span> 
     </span>
    </p>
   </div>
   <div class='ocr_carea' id='block_1_75' title="bbox 1050 1751 1276 1780">
    <p class='ocr_par' dir='ltr' id='par_1_75' title="bbox 1050 1751 1276 1780">
     <span class='ocr_line' id='line_1_75' title="bbox 1050 1751 1276 1780; baseline 0.009 -2"><span class='ocrx_word' id='word_1_498' title='bbox 1050 1751 1138 1779; x_wconf 71' lang='lat' dir='ltr'><strong>facere</strong></span> <span class='ocrx_word' id='word_1_499' title='bbox 1154 1752 1276 1780; x_wconf 83' lang='lat' dir='ltr'><strong>servitio.</strong></span> 
     </span>
    </p>
   </div>
   <div class='ocr_carea' id='block_1_76' title="bbox 1085 1797 1840 1836">
    <p class='ocr_par' dir='ltr' id='par_1_76' title="bbox 1085 1797 1840 1836">
     <span class='ocr_line' id='line_1_76' title="bbox 1085 1797 1840 1836; baseline 0.003 -11"><span class='ocrx_word' id='word_1_500' title='bbox 1085 1797 1148 1826; x_wconf 88' lang='lat' dir='ltr'><strong>Ideo</strong></span> <span class='ocrx_word' id='word_1_501' title='bbox 1159 1798 1310 1826; x_wconf 81' lang='lat' dir='ltr'><strong>exaudiunt</strong></span> <span class='ocrx_word' id='word_1_502' title='bbox 1321 1806 1415 1826; x_wconf 89' lang='lat' dir='ltr'><strong>eorum</strong></span> <span class='ocrx_word' id='word_1_503' title='bbox 1431 1798 1650 1834; x_wconf 87' lang='lat' dir='ltr'><strong>deprecationem</strong></span> <span class='ocrx_word' id='word_1_504' title='bbox 1665 1804 1692 1827; x_wconf 91' lang='lat' dir='ltr'><strong>et</strong></span> <span class='ocrx_word' id='word_1_505' title='bbox 1700 1799 1780 1834; x_wconf 86' lang='lat' dir='ltr'><strong>jussu</strong></span> <span class='ocrx_word' id='word_1_506' title='bbox 1794 1807 1840 1836; x_wconf 85' lang='lat' dir='ltr'><strong>per</strong></span> 
     </span>
    </p>
   </div>
   <div class='ocr_carea' id='block_1_77' title="bbox 1051 1843 1836 1881">
    <p class='ocr_par' dir='ltr' id='par_1_77' title="bbox 1051 1843 1836 1881">
     <span class='ocr_line' id='line_1_77' title="bbox 1051 1843 1836 1881; baseline 0.001 -10"><span class='ocrx_word' id='word_1_507' title='bbox 1051 1843 1134 1872; x_wconf 90' lang='lat' dir='ltr'><strong>istum</strong></span> <span class='ocrx_word' id='word_1_508' title='bbox 1164 1853 1245 1872; x_wconf 90' lang='lat' dir='ltr'><strong>suum</strong></span> <span class='ocrx_word' id='word_1_509' title='bbox 1269 1845 1467 1879; x_wconf 87' lang='lat' dir='ltr'><strong>cbrisobolum,</strong></span> <span class='ocrx_word' id='word_1_510' title='bbox 1484 1850 1516 1874; x_wconf 87' lang='lat' dir='ltr'><strong>ut</strong></span> <span class='ocrx_word' id='word_1_511' title='bbox 1543 1846 1731 1881; x_wconf 87' lang='lat' dir='ltr'><strong>unusquisque</strong></span> <span class='ocrx_word' id='word_1_512' title='bbox 1757 1854 1836 1874; x_wconf 87' lang='lat' dir='ltr'><strong>suum</strong></span> 
     </span>
    </p>
   </div>
   <div class='ocr_carea' id='block_1_78' title="bbox 1051 1890 1840 1927">
    <p class='ocr_par' dir='ltr' id='par_1_78' title="bbox 1051 1890 1840 1927">
     <span class='ocr_line' id='line_1_78' title="bbox 1051 1890 1840 1927; baseline 0.005 -11"><span class='ocrx_word' id='word_1_513' title='bbox 1051 1891 1200 1925; x_wconf 78' lang='lat' dir='ltr'><strong>navigium,</strong></span> <span class='ocrx_word' id='word_1_514' title='bbox 1216 1891 1289 1925; x_wconf 89' lang='lat' dir='ltr'><strong>quod</strong></span> <span class='ocrx_word' id='word_1_515' title='bbox 1301 1899 1333 1918; x_wconf 77' lang='lat' dir='ltr'><strong>ex</strong></span> <span class='ocrx_word' id='word_1_516' title='bbox 1349 1890 1463 1920; x_wconf 84' lang='lat' dir='ltr'><strong>Venetia</strong></span> <span class='ocrx_word' id='word_1_517' title='bbox 1478 1896 1506 1919; x_wconf 89' lang='lat' dir='ltr'><strong>et</strong></span> <span class='ocrx_word' id='word_1_518' title='bbox 1521 1892 1555 1919; x_wconf 90' lang='lat' dir='ltr'><strong>ab</strong></span> <span class='ocrx_word' id='word_1_519' title='bbox 1568 1892 1629 1920; x_wconf 88' lang='lat' dir='ltr'><strong>aliis</strong></span> <span class='ocrx_word' id='word_1_520' title='bbox 1644 1893 1769 1927; x_wconf 86' lang='lat' dir='ltr'><strong>partibus</strong></span> <span class='ocrx_word' id='word_1_521' title='bbox 1796 1900 1840 1920; x_wconf 82' lang='lat' dir='ltr'><strong>ve-</strong></span> 
     </span>
    </p>
   </div>
   <div class='ocr_carea' id='block_1_79' title="bbox 1052 1937 1839 1973">
    <p class='ocr_par' dir='ltr' id='par_1_79' title="bbox 1052 1937 1839 1973">
     <span class='ocr_line' id='line_1_79' title="bbox 1052 1937 1839 1973; baseline 0.003 -10"><span class='ocrx_word' id='word_1_522' title='bbox 1052 1937 1122 1963; x_wconf 88' lang='lat' dir='ltr'><strong>niret</strong></span> <span class='ocrx_word' id='word_1_523' title='bbox 1135 1944 1197 1964; x_wconf 90' lang='lat' dir='ltr'><strong>cum</strong></span> <span class='ocrx_word' id='word_1_524' title='bbox 1212 1937 1270 1964; x_wconf 82' lang='lat' dir='ltr'><strong>suis</strong></span> <span class='ocrx_word' id='word_1_525' title='bbox 1281 1937 1409 1972; x_wconf 77' lang='lat' dir='ltr'><strong>negotiis;</strong></span> <span class='ocrx_word' id='word_1_526' title='bbox 1424 1938 1492 1965; x_wconf 87' lang='lat' dir='ltr'><strong>nihil</strong></span> <span class='ocrx_word' id='word_1_527' title='bbox 1503 1938 1578 1965; x_wconf 86' lang='lat' dir='ltr'><strong>aliud</strong></span> <span class='ocrx_word' id='word_1_528' title='bbox 1588 1938 1690 1965; x_wconf 89' lang='lat' dir='ltr'><strong>donare</strong></span> <span class='ocrx_word' id='word_1_529' title='bbox 1701 1938 1735 1965; x_wconf 88' lang='lat' dir='ltr'><strong>ad</strong></span> <span class='ocrx_word' id='word_1_530' title='bbox 1750 1939 1839 1973; x_wconf 88' lang='lat' dir='ltr'><strong>ipsum</strong></span> 
     </span>
    </p>
   </div>
   <div class='ocr_carea' id='block_1_80' title="bbox 1051 1983 1840 2019">
    <p class='ocr_par' dir='ltr' id='par_1_80' title="bbox 1051 1983 1840 2019">
     <span class='ocr_line' id='line_1_80' title="bbox 1051 1983 1840 2019; baseline 0.001 -9"><span class='ocrx_word' id='word_1_531' title='bbox 1051 1983 1190 2018; x_wconf 88' lang='lat' dir='ltr'><strong>publicum</strong></span> <span class='ocrx_word' id='word_1_532' title='bbox 1217 1991 1266 2019; x_wconf 94' lang='lat' dir='ltr'><strong>pro</strong></span> <span class='ocrx_word' id='word_1_533' title='bbox 1295 1984 1464 2012; x_wconf 85' lang='lat' dir='ltr'><strong>karicatione</strong></span> <span class='ocrx_word' id='word_1_534' title='bbox 1478 1984 1512 2012; x_wconf 93' lang='lat' dir='ltr'><strong>de</strong></span> <span class='ocrx_word' id='word_1_535' title='bbox 1527 1985 1615 2012; x_wconf 77' lang='lat' dir='ltr'><strong>Abido</strong></span> <span class='ocrx_word' id='word_1_536' title='bbox 1631 1985 1758 2012; x_wconf 88' lang='lat' dir='ltr'><strong>veniente</strong></span> <span class='ocrx_word' id='word_1_537' title='bbox 1775 1985 1840 2013; x_wconf 84' lang='lat' dir='ltr'><strong>soli-</strong></span> 
     </span>
    </p>
   </div>
   <div class='ocr_carea' id='block_1_81' title="bbox 1052 2031 1839 2067">
    <p class='ocr_par' dir='ltr' id='par_1_81' title="bbox 1052 2031 1839 2067">
     <span class='ocr_line' id='line_1_81' title="bbox 1052 2031 1839 2067; baseline 0 -9"><span class='ocrx_word' id='word_1_538' title='bbox 1052 2033 1101 2059; x_wconf 88' lang='lat' dir='ltr'><strong>dos</strong></span> <span class='ocrx_word' id='word_1_539' title='bbox 1119 2031 1201 2065; x_wconf 90' lang='lat' dir='ltr'><strong>duos,</strong></span> <span class='ocrx_word' id='word_1_540' title='bbox 1215 2036 1242 2059; x_wconf 89' lang='lat' dir='ltr'><strong>et</strong></span> <span class='ocrx_word' id='word_1_541' title='bbox 1260 2031 1432 2059; x_wconf 88' lang='lat' dir='ltr'><strong>discedentes</strong></span> <span class='ocrx_word' id='word_1_542' title='bbox 1445 2039 1493 2060; x_wconf 88' lang='lat' dir='ltr'><strong>eos</strong></span> <span class='ocrx_word' id='word_1_543' title='bbox 1510 2038 1525 2059; x_wconf 84' lang='lat' dir='ltr'><strong>a</strong></span> <span class='ocrx_word' id='word_1_544' title='bbox 1540 2039 1589 2059; x_wconf 84' lang='lat' dir='ltr'><strong>sua</strong></span> <span class='ocrx_word' id='word_1_545' title='bbox 1602 2031 1743 2067; x_wconf 84' lang='lat' dir='ltr'><strong>provincia</strong></span> <span class='ocrx_word' id='word_1_546' title='bbox 1760 2033 1839 2066; x_wconf 83' lang='lat' dir='ltr'><strong>quin-</strong></span> 
     </span>
    </p>
   </div>
   <div class='ocr_carea' id='block_1_82' title="bbox 1052 2077 1838 2112">
    <p class='ocr_par' dir='ltr' id='par_1_82' title="bbox 1052 2077 1838 2112">
     <span class='ocr_line' id='line_1_82' title="bbox 1052 2077 1838 2112; baseline -0.003 -8"><span class='ocrx_word' id='word_1_547' title='bbox 1052 2077 1140 2105; x_wconf 90' lang='lat' dir='ltr'><strong>decim</strong></span> <span class='ocrx_word' id='word_1_548' title='bbox 1156 2081 1272 2110; x_wconf 87' lang='lat' dir='ltr'><strong>tantum,</strong></span> <span class='ocrx_word' id='word_1_549' title='bbox 1289 2082 1318 2104; x_wconf 90' lang='lat' dir='ltr'><strong>ut</strong></span> <span class='ocrx_word' id='word_1_550' title='bbox 1339 2077 1513 2112; x_wconf 86' lang='lat' dir='ltr'><strong>pervenirent</strong></span> <span class='ocrx_word' id='word_1_551' title='bbox 1528 2084 1638 2104; x_wconf 88' lang='lat' dir='ltr'><strong>omnem</strong></span> <span class='ocrx_word' id='word_1_552' title='bbox 1666 2077 1838 2105; x_wconf 85' lang='lat' dir='ltr'><strong>donationem</strong></span> 
     </span>
    </p>
   </div>
   <div class='ocr_carea' id='block_1_83' title="bbox 1053 2121 1530 2157">
    <p class='ocr_par' dir='ltr' id='par_1_83' title="bbox 1053 2121 1530 2157">
     <span class='ocr_line' id='line_1_83' title="bbox 1053 2121 1530 2157; baseline -0.004 -7"><span class='ocrx_word' id='word_1_553' title='bbox 1053 2129 1278 2157; x_wconf 85' lang='lat' dir='ltr'><strong>unumquemque</strong></span> <span class='ocrx_word' id='word_1_554' title='bbox 1293 2122 1431 2157; x_wconf 79' lang='lat' dir='ltr'><strong>navigium</strong></span> <span class='ocrx_word' id='word_1_555' title='bbox 1449 2121 1530 2149; x_wconf 75' lang='lat' dir='ltr'><strong>XVII.</strong></span> 
     </span>
    </p>
   </div>
   <div class='ocr_carea' id='block_1_84' title="bbox 1088 2166 1838 2203">
    <p class='ocr_par' dir='ltr' id='par_1_84' title="bbox 1088 2166 1838 2203">
     <span class='ocr_line' id='line_1_84' title="bbox 1088 2166 1838 2203; baseline 0 -9"><span class='ocrx_word' id='word_1_556' title='bbox 1088 2167 1122 2194; x_wconf 86' lang='lat' dir='ltr'><strong>Et</strong></span> <span class='ocrx_word' id='word_1_557' title='bbox 1137 2167 1187 2201; x_wconf 90' lang='lat' dir='ltr'><strong>ipsi</strong></span> <span class='ocrx_word' id='word_1_558' title='bbox 1204 2167 1277 2194; x_wconf 87' lang='lat' dir='ltr'><strong>soliti</strong></span> <span class='ocrx_word' id='word_1_559' title='bbox 1298 2167 1433 2194; x_wconf 89' lang='lat' dir='ltr'><strong>adducere</strong></span> <span class='ocrx_word' id='word_1_560' title='bbox 1448 2167 1501 2202; x_wconf 89' lang='lat' dir='ltr'><strong>ipsi</strong></span> <span class='ocrx_word' id='word_1_561' title='bbox 1518 2166 1639 2194; x_wconf 84' lang='lat' dir='ltr'><strong>Venetici</strong></span> <span class='ocrx_word' id='word_1_562' title='bbox 1659 2166 1838 2203; x_wconf 63' lang='lat' dir='ltr'><strong>[Logotheta]</strong></span> 
     </span>
    </p>
   </div>
   <div class='ocr_carea' id='block_1_85' title="bbox 209 2210 1839 2250">
    <p class='ocr_par' dir='ltr' id='par_1_85' title="bbox 209 2210 1839 2250">
     <span class='ocr_line' id='line_1_85' title="bbox 209 2210 1839 2250; baseline 0.001 -13"><span class='ocrx_word' id='word_1_563' title='bbox 209 2211 282 2238; x_wconf 90' lang='lat' dir='ltr'><strong>enim</strong></span> <span class='ocrx_word' id='word_1_564' title='bbox 308 2216 335 2237; x_wconf 88' lang='lat' dir='ltr'><strong>et</strong></span> <span class='ocrx_word' id='word_1_565' title='bbox 350 2210 385 2238; x_wconf 91' lang='lat' dir='ltr'><strong>ab</strong></span> <span class='ocrx_word' id='word_1_566' title='bbox 398 2211 450 2237; x_wconf 89' lang='lat' dir='ltr'><strong>alia</strong></span> <span class='ocrx_word' id='word_1_567' title='bbox 465 2212 607 2246; x_wconf 87' lang='lat' dir='ltr'><strong>provincia</strong></span> <span class='ocrx_word' id='word_1_568' title='bbox 626 2217 653 2239; x_wconf 88' lang='lat' dir='ltr'><strong>et</strong></span> <span class='ocrx_word' id='word_1_569' title='bbox 672 2213 782 2241; x_wconf 88' lang='lat' dir='ltr'><strong>civitate</strong></span> <span class='ocrx_word' id='word_1_570' title='bbox 798 2221 861 2241; x_wconf 90' lang='lat' dir='ltr'><strong>cum</strong></span> <span class='ocrx_word' id='word_1_571' title='bbox 888 2215 998 2250; x_wconf 77' lang='lat' dir='ltr'><strong>negotio</strong></span> <span class='ocrx_word' id='word_1_572' title='bbox 1014 2214 1036 2240; x_wconf 85' lang='grc' dir='ltr'><strong>Ι)</strong></span> <span class='ocrx_word' id='word_1_573' title='bbox 1052 2213 1090 2248; x_wconf 78' lang='grc'><strong>(5)</strong></span> <span class='ocrx_word' id='word_1_574' title='bbox 1106 2213 1139 2240; x_wconf 84' lang='lat' dir='ltr'><strong>dc</strong></span> <span class='ocrx_word' id='word_1_575' title='bbox 1160 2212 1252 2245; x_wconf 83' lang='lat' dir='ltr'><strong>domo,</strong></span> <span class='ocrx_word' id='word_1_576' title='bbox 1266 2213 1313 2248; x_wconf 90' lang='lat' dir='ltr'><strong>qui</strong></span> <span class='ocrx_word' id='word_1_577' title='bbox 1327 2213 1373 2240; x_wconf 92' lang='lat' dir='ltr'><strong>illo</strong></span> <span class='ocrx_word' id='word_1_578' title='bbox 1386 2217 1508 2248; x_wconf 89' lang='lat' dir='ltr'><strong>tempore</strong></span> <span class='ocrx_word' id='word_1_579' title='bbox 1522 2213 1592 2246; x_wconf 88' lang='lat' dir='ltr'><strong>erit;</strong></span> <span class='ocrx_word' id='word_1_580' title='bbox 1607 2217 1633 2240; x_wconf 91' lang='lat' dir='ltr'><strong>et</strong></span> <span class='ocrx_word' id='word_1_581' title='bbox 1644 2212 1690 2240; x_wconf 83' lang='lat' dir='ltr'><strong>ille</strong></span> <span class='ocrx_word' id='word_1_582' title='bbox 1713 2214 1794 2241; x_wconf 89' lang='lat' dir='ltr'><strong>detur</strong></span> <span class='ocrx_word' id='word_1_583' title='bbox 1808 2213 1839 2240; x_wconf 87' lang='lat' dir='ltr'><strong>ab</strong></span> 
     </span>
    </p>
   </div>
   <div class='ocr_carea' id='block_1_86' title="bbox 210 2255 998 2295">
    <p class='ocr_par' dir='ltr' id='par_1_86' title="bbox 210 2255 998 2295">
     <span class='ocr_line' id='line_1_86' title="bbox 210 2255 998 2295; baseline 0.009 -14"><span class='ocrx_word' id='word_1_584' title='bbox 210 2255 354 2288; x_wconf 85' lang='lat' dir='ltr'><strong>veniendo,</strong></span> <span class='ocrx_word' id='word_1_585' title='bbox 381 2255 451 2282; x_wconf 88' lang='lat' dir='ltr'><strong>nihil</strong></span> <span class='ocrx_word' id='word_1_586' title='bbox 481 2257 555 2284; x_wconf 88' lang='lat' dir='ltr'><strong>aliud</strong></span> <span class='ocrx_word' id='word_1_587' title='bbox 583 2257 695 2290; x_wconf 86' lang='lat' dir='ltr'><strong>donare,</strong></span> <span class='ocrx_word' id='word_1_588' title='bbox 712 2259 759 2286; x_wconf 88' lang='lat' dir='ltr'><strong>sed</strong></span> <span class='ocrx_word' id='word_1_589' title='bbox 784 2259 887 2287; x_wconf 86' lang='lat' dir='ltr'><strong>solidos</strong></span> <span class='ocrx_word' id='word_1_590' title='bbox 911 2260 998 2295; x_wconf 87' lang='lat' dir='ltr'><strong>duos;</strong></span> 
     </span>
    </p>
   </div>
   <div class='ocr_carea' id='block_1_87' title="bbox 210 2300 998 2340">
    <p class='ocr_par' dir='ltr' id='par_1_87' title="bbox 210 2300 998 2340">
     <span class='ocr_line' id='line_1_87' title="bbox 210 2300 998 2340; baseline 0.008 -14"><span class='ocrx_word' id='word_1_591' title='bbox 210 2300 337 2327; x_wconf 82' lang='lat' dir='ltr'><strong>dicebant</strong></span> <span class='ocrx_word' id='word_1_592' title='bbox 355 2301 454 2328; x_wconf 90' lang='lat' dir='ltr'><strong>etenim</strong></span> <span class='ocrx_word' id='word_1_593' title='bbox 470 2301 504 2328; x_wconf 91' lang='lat' dir='ltr'><strong>ab</strong></span> <span class='ocrx_word' id='word_1_594' title='bbox 522 2302 654 2330; x_wconf 84' lang='lat' dir='ltr'><strong>hactenus</strong></span> <span class='ocrx_word' id='word_1_595' title='bbox 675 2309 776 2331; x_wconf 86' lang='lat' dir='ltr'><strong>tantam</strong></span> <span class='ocrx_word' id='word_1_596' title='bbox 793 2303 894 2331; x_wconf 86' lang='lat' dir='ltr'><strong>donare</strong></span> <span class='ocrx_word' id='word_1_597' title='bbox 910 2313 998 2340; x_wconf 89' lang='lat' dir='ltr'><strong>quan-</strong></span> 
     </span>
    </p>
   </div>
   <div class='ocr_carea' id='block_1_88' title="bbox 213 2344 997 2383">
    <p class='ocr_par' dir='ltr' id='par_1_88' title="bbox 213 2344 997 2383">
     <span class='ocr_line' id='line_1_88' title="bbox 213 2344 997 2383; baseline 0.005 -12"><span class='ocrx_word' id='word_1_598' title='bbox 213 2346 331 2372; x_wconf 80' lang='lat' dir='ltr'><strong>titatem.</strong></span> <span class='ocrx_word' id='word_1_599' title='bbox 346 2344 378 2372; x_wconf 86' lang='lat' dir='ltr'><strong>Et</strong></span> <span class='ocrx_word' id='word_1_600' title='bbox 399 2345 459 2373; x_wconf 86' lang='lat' dir='ltr'><strong>ideo</strong></span> <span class='ocrx_word' id='word_1_601' title='bbox 483 2346 583 2374; x_wconf 87' lang='lat' dir='ltr'><strong>multos</strong></span> <span class='ocrx_word' id='word_1_602' title='bbox 610 2348 846 2375; x_wconf 83' lang='lat' dir='ltr'><strong>eommeschabios</strong></span> <span class='ocrx_word' id='word_1_603' title='bbox 864 2348 900 2383; x_wconf 66' lang='lat'><strong>(‘2)</strong></span> <span class='ocrx_word' id='word_1_604' title='bbox 916 2349 997 2376; x_wconf 88' lang='lat' dir='ltr'><strong>inter-</strong></span> 
     </span>
    </p>
   </div>
   <div class='ocr_carea' id='block_1_89' title="bbox 209 2391 999 2428">
    <p class='ocr_par' dir='ltr' id='par_1_89' title="bbox 209 2391 999 2428">
     <span class='ocr_line' id='line_1_89' title="bbox 209 2391 999 2428; baseline 0.008 -12"><span class='ocrx_word' id='word_1_605' title='bbox 209 2395 348 2426; x_wconf 76' lang='lat' dir='ltr'><strong>rogantes,</strong></span> <span class='ocrx_word' id='word_1_606' title='bbox 367 2391 508 2419; x_wconf 86' lang='lat' dir='ltr'><strong>invenlum</strong></span> <span class='ocrx_word' id='word_1_607' title='bbox 524 2397 566 2420; x_wconf 88' lang='lat' dir='ltr'><strong>est</strong></span> <span class='ocrx_word' id='word_1_608' title='bbox 589 2393 687 2428; x_wconf 63' lang='lat' dir='ltr'><strong>magis,</strong></span> <span class='ocrx_word' id='word_1_609' title='bbox 699 2402 759 2428; x_wconf 79' lang='lat' dir='ltr'><strong>quae</strong></span> <span class='ocrx_word' id='word_1_610' title='bbox 786 2399 816 2420; x_wconf 91' lang='lat' dir='ltr'><strong>ut</strong></span> <span class='ocrx_word' id='word_1_611' title='bbox 833 2395 894 2428; x_wconf 83' lang='lat' dir='ltr'><strong>plus</strong></span> <span class='ocrx_word' id='word_1_612' title='bbox 916 2395 948 2422; x_wconf 90' lang='lat' dir='ltr'><strong>de</strong></span> <span class='ocrx_word' id='word_1_613' title='bbox 964 2395 999 2422; x_wconf 83' lang='grc'>50</span> 
     </span>
    </p>
   </div>
   <div class='ocr_carea' id='block_1_90' title="bbox 209 2435 999 2474">
    <p class='ocr_par' dir='ltr' id='par_1_90' title="bbox 209 2435 999 2474">
     <span class='ocr_line' id='line_1_90' title="bbox 209 2435 999 2474; baseline 0.006 -11"><span class='ocrx_word' id='word_1_614' title='bbox 209 2435 306 2464; x_wconf 85' lang='lat' dir='ltr'><strong>solidis</strong></span> <span class='ocrx_word' id='word_1_615' title='bbox 331 2437 432 2464; x_wconf 87' lang='lat' dir='ltr'><strong>dabant</strong></span> <span class='ocrx_word' id='word_1_616' title='bbox 458 2438 649 2473; x_wconf 90' lang='lat' dir='ltr'><strong>unusquisque</strong></span> <span class='ocrx_word' id='word_1_617' title='bbox 669 2439 776 2474; x_wconf 78' lang='lat' dir='ltr'><strong>navigio</strong></span> <span class='ocrx_word' id='word_1_618' title='bbox 790 2439 845 2467; x_wconf 87' lang='lat' dir='ltr'><strong>Deo</strong></span> <span class='ocrx_word' id='word_1_619' title='bbox 867 2446 999 2468; x_wconf 85' lang='lat' dir='ltr'><strong>coronato</strong></span> 
     </span>
    </p>
   </div>
   <div class='ocr_carea' id='block_1_91' title="bbox 209 2483 998 2518">
    <p class='ocr_par' dir='ltr' id='par_1_91' title="bbox 209 2483 998 2518">
     <span class='ocr_line' id='line_1_91' title="bbox 209 2483 998 2518; baseline 0.003 -9"><span class='ocrx_word' id='word_1_620' title='bbox 209 2483 324 2518; x_wconf 85' lang='lat' dir='ltr'><strong>imperio</strong></span> <span class='ocrx_word' id='word_1_621' title='bbox 335 2488 441 2511; x_wconf 88' lang='lat' dir='ltr'><strong>nostro.</strong></span> <span class='ocrx_word' id='word_1_622' title='bbox 460 2484 548 2512; x_wconf 86' lang='lat' dir='ltr'><strong>Unum</strong></span> <span class='ocrx_word' id='word_1_623' title='bbox 565 2485 648 2517; x_wconf 86' lang='lat' dir='ltr'><strong>cnim,</strong></span> <span class='ocrx_word' id='word_1_624' title='bbox 666 2492 681 2511; x_wconf 88' lang='lat' dir='ltr'><strong>a</strong></span> <span class='ocrx_word' id='word_1_625' title='bbox 704 2492 760 2518; x_wconf 88' lang='lat' dir='ltr'><strong>quo</strong></span> <span class='ocrx_word' id='word_1_626' title='bbox 781 2490 807 2512; x_wconf 84' lang='lat' dir='ltr'><strong>et</strong></span> <span class='ocrx_word' id='word_1_627' title='bbox 821 2485 998 2513; x_wconf 33' lang='lat' dir='ltr'><strong>Christianos</strong></span> 
     </span>
    </p>
   </div>
   <div class='ocr_carea' id='block_1_92' title="bbox 209 2530 996 2565">
    <p class='ocr_par' dir='ltr' id='par_1_92' title="bbox 209 2530 996 2565">
     <span class='ocr_line' id='line_1_92' title="bbox 209 2530 996 2565; baseline 0.003 -8"><span class='ocrx_word' id='word_1_628' title='bbox 209 2537 269 2557; x_wconf 91' lang='lat' dir='ltr'><strong>rum</strong></span> <span class='ocrx_word' id='word_1_629' title='bbox 298 2538 364 2565; x_wconf 79' lang='lat' dir='ltr'><strong>gens</strong></span> <span class='ocrx_word' id='word_1_630' title='bbox 386 2531 484 2563; x_wconf 82' lang='lat' dir='ltr'><strong>tiendo,</strong></span> <span class='ocrx_word' id='word_1_631' title='bbox 500 2536 528 2558; x_wconf 88' lang='lat' dir='ltr'><strong>ct</strong></span> <span class='ocrx_word' id='word_1_632' title='bbox 549 2530 633 2557; x_wconf 80' lang='lat' dir='ltr'><strong>Deum</strong></span> <span class='ocrx_word' id='word_1_633' title='bbox 667 2531 810 2559; x_wconf 88' lang='lat' dir='ltr'><strong>nobiseum</strong></span> <span class='ocrx_word' id='word_1_634' title='bbox 837 2532 899 2565; x_wconf 86' lang='lat' dir='ltr'><strong>tide,</strong></span> <span class='ocrx_word' id='word_1_635' title='bbox 913 2532 996 2559; x_wconf 85' lang='lat' dir='ltr'><strong>alium</strong></span> 
     </span>
    </p>
   </div>
   <div class='ocr_carea' id='block_1_93' title="bbox 207 2576 996 2614">
    <p class='ocr_par' dir='ltr' id='par_1_93' title="bbox 207 2576 996 2614">
     <span class='ocr_line' id='line_1_93' title="bbox 207 2576 996 2614; baseline 0.004 -11"><span class='ocrx_word' id='word_1_636' title='bbox 207 2576 322 2614; x_wconf 87' lang='lat' dir='ltr'><strong>aut[em]</strong></span> <span class='ocrx_word' id='word_1_637' title='bbox 337 2586 385 2613; x_wconf 92' lang='lat' dir='ltr'><strong>pro</strong></span> <span class='ocrx_word' id='word_1_638' title='bbox 401 2578 591 2613; x_wconf 85' lang='lat' dir='ltr'><strong>promissione,</strong></span> <span class='ocrx_word' id='word_1_639' title='bbox 608 2586 668 2613; x_wconf 85' lang='lat' dir='ltr'><strong>quae</strong></span> <span class='ocrx_word' id='word_1_640' title='bbox 687 2579 838 2614; x_wconf 90' lang='lat' dir='ltr'><strong>antiquitus</strong></span> <span class='ocrx_word' id='word_1_641' title='bbox 863 2580 996 2612; x_wconf 80' lang='lat' dir='ltr'><strong>fecerunt,</strong></span> 
     </span>
    </p>
   </div>
   <div class='ocr_carea' id='block_1_94' title="bbox 208 2624 997 2662">
    <p class='ocr_par' dir='ltr' id='par_1_94' title="bbox 208 2624 997 2662">
     <span class='ocr_line' id='line_1_94' title="bbox 208 2624 997 2662; baseline 0.004 -11"><span class='ocrx_word' id='word_1_642' title='bbox 208 2629 238 2651; x_wconf 89' lang='lat' dir='ltr'><strong>nt</strong></span> <span class='ocrx_word' id='word_1_643' title='bbox 253 2632 306 2651; x_wconf 93' lang='lat' dir='ltr'><strong>non</strong></span> <span class='ocrx_word' id='word_1_644' title='bbox 322 2625 410 2652; x_wconf 92' lang='lat' dir='ltr'><strong>solum</strong></span> <span class='ocrx_word' id='word_1_645' title='bbox 429 2624 462 2652; x_wconf 87' lang='lat' dir='ltr'><strong>ad</strong></span> <span class='ocrx_word' id='word_1_646' title='bbox 483 2625 533 2652; x_wconf 90' lang='lat' dir='ltr'><strong>ista</strong></span> <span class='ocrx_word' id='word_1_647' title='bbox 549 2624 691 2662; x_wconf 67' lang='lat' dir='ltr'><strong>delo]data</strong></span> <span class='ocrx_word' id='word_1_648' title='bbox 707 2631 868 2654; x_wconf 83' lang='lat' dir='ltr'><strong>conservata</strong></span> <span class='ocrx_word' id='word_1_649' title='bbox 885 2627 997 2654; x_wconf 81' lang='lat' dir='ltr'><strong>civitate</strong></span> 
     </span>
    </p>
   </div>
   <div class='ocr_carea' id='block_1_95' title="bbox 242 2700 992 2736">
    <p class='ocr_par' dir='ltr' id='par_1_95' title="bbox 242 2700 992 2736">
     <span class='ocr_line' id='line_1_95' title="bbox 242 2700 992 2736; baseline 0.009 -9"><span class='ocrx_word' id='word_1_650' title='bbox 242 2700 281 2736; x_wconf 79' lang='grc' dir='ltr'>(ι)</span> <span class='ocrx_word' id='word_1_651' title='bbox 297 2702 493 2730; x_wconf 76' lang='lat' dir='ltr'><strong>Authenticum</strong></span> <span class='ocrx_word' id='word_1_652' title='bbox 507 2703 632 2731; x_wconf 67' lang='lat' dir='ltr'><strong>Graecum</strong></span> <span class='ocrx_word' id='word_1_653' title='bbox 649 2704 769 2731; x_wconf 88' lang='lat' dir='ltr'><strong>nondum</strong></span> <span class='ocrx_word' id='word_1_654' title='bbox 786 2705 925 2732; x_wconf 82' lang='lat' dir='ltr'><strong>inventum</strong></span> <span class='ocrx_word' id='word_1_655' title='bbox 941 2712 992 2734; x_wconf 81' lang='lat' dir='ltr'><strong>est.</strong></span> 
     </span>
    </p>
   </div>
   <div class='ocr_carea' id='block_1_96' title="bbox 208 2736 994 2775">
    <p class='ocr_par' dir='ltr' id='par_1_96' title="bbox 208 2736 994 2775">
     <span class='ocr_line' id='line_1_96' title="bbox 208 2736 994 2775; baseline 0.008 -12"><span class='ocrx_word' id='word_1_656' title='bbox 208 2736 303 2764; x_wconf 84' lang='lat' dir='ltr'><strong>Versto</strong></span> <span class='ocrx_word' id='word_1_657' title='bbox 318 2737 413 2764; x_wconf 81' lang='lat' dir='ltr'><strong>Latina</strong></span> <span class='ocrx_word' id='word_1_658' title='bbox 435 2745 563 2775; x_wconf 73' lang='lat' dir='ltr'><strong>perquam</strong></span> <span class='ocrx_word' id='word_1_659' title='bbox 578 2740 692 2766; x_wconf 84' lang='lat' dir='ltr'><strong>barbare</strong></span> <span class='ocrx_word' id='word_1_660' title='bbox 708 2740 791 2770; x_wconf 68' lang='lat' dir='ltr'><strong>facta.</strong></span> <span class='ocrx_word' id='word_1_661' title='bbox 808 2748 889 2775; x_wconf 82' lang='lat' dir='ltr'><strong>quam</strong></span> <span class='ocrx_word' id='word_1_662' title='bbox 904 2747 994 2769; x_wconf 70' lang='grc' dir='ltr'>ίνΧῑιΙΞ</span> 
     </span>
    </p>
   </div>
   <div class='ocr_carea' id='block_1_97' title="bbox 209 2773 994 2808">
    <p class='ocr_par' dir='ltr' id='par_1_97' title="bbox 209 2773 994 2808">
     <span class='ocr_line' id='line_1_97' title="bbox 209 2773 994 2808; baseline 0.01 -12"><span class='ocrx_word' id='word_1_663' title='bbox 209 2778 328 2807; x_wconf 65' lang='lat' dir='ltr'><strong>pratstnt,</strong></span> <span class='ocrx_word' id='word_1_664' title='bbox 344 2778 432 2800; x_wconf 74' lang='lat' dir='ltr'><strong>exstat</strong></span> <span class='ocrx_word' id='word_1_665' title='bbox 450 2773 476 2800; x_wconf 91' lang='lat' dir='ltr'><strong>in</strong></span> <span class='ocrx_word' id='word_1_666' title='bbox 490 2774 586 2801; x_wconf 84' lang='lat' dir='ltr'><strong>codice</strong></span> <span class='ocrx_word' id='word_1_667' title='bbox 599 2775 773 2808; x_wconf 82' lang='lat' dir='ltr'><strong>diplomatico</strong></span> <span class='ocrx_word' id='word_1_668' title='bbox 791 2773 823 2802; x_wconf 60' lang='grc' dir='ltr'><strong>ΞΣ</strong></span> <span class='ocrx_word' id='word_1_669' title='bbox 834 2775 916 2804; x_wconf 77' lang='lat' dir='ltr'><strong>Marci</strong></span> <span class='ocrx_word' id='word_1_670' title='bbox 927 2777 994 2804; x_wconf 80' lang='lat' dir='ltr'><strong>Tre-</strong></span> 
     </span>
    </p>
   </div>
   <div class='ocr_carea' id='block_1_98' title="bbox 211 2808 994 2847">
    <p class='ocr_par' dir='ltr' id='par_1_98' title="bbox 211 2808 994 2847">
     <span class='ocr_line' id='line_1_98' title="bbox 211 2808 994 2847; baseline 0.009 -16"><span class='ocrx_word' id='word_1_671' title='bbox 211 2813 321 2847; x_wconf 73' lang='lat' dir='ltr'><strong>usaneo</strong></span> <span class='ocrx_word' id='word_1_672' title='bbox 335 2809 368 2835; x_wconf 84' lang='lat' dir='ltr'><strong>el.</strong></span> <span class='ocrx_word' id='word_1_673' title='bbox 420 2809 490 2847; x_wconf 75' lang='lat' dir='ltr'><strong>cod.</strong></span> <span class='ocrx_word' id='word_1_674' title='bbox 728 2811 760 2843; x_wconf 69' lang='grc' dir='ltr'>ὃς</span> <span class='ocrx_word' id='word_1_675' title='bbox 778 2819 891 2847; x_wconf 66' lang='lat' dir='ltr'><strong>namque</strong></span> <span class='ocrx_word' id='word_1_676' title='bbox 908 2821 994 2847; x_wconf 76' lang='lat' dir='ltr'><strong>nnp:~r</strong></span> 
     </span>
    </p>
   </div>
   <div class='ocr_carea' id='block_1_99' title="bbox 209 2843 992 2879">
    <p class='ocr_par' dir='ltr' id='par_1_99' title="bbox 209 2843 992 2879">
     <span class='ocr_line' id='line_1_99' title="bbox 209 2843 992 2879; baseline 0.009 -13"><span class='ocrx_word' id='word_1_677' title='bbox 209 2846 269 2879; x_wconf 73' lang='lat' dir='ltr'><strong>rost</strong></span> <span class='ocrx_word' id='word_1_678' title='bbox 284 2844 350 2870; x_wconf 61' lang='lat' dir='ltr'><strong>alios</strong></span> <span class='ocrx_word' id='word_1_679' title='bbox 365 2843 507 2870; x_wconf 69' lang='lat' dir='ltr'><strong>ediderunt</strong></span> <span class='ocrx_word' id='word_1_680' title='bbox 526 2843 602 2870; x_wconf 64' lang='grc' dir='ltr'><strong>ἨΜ</strong></span> <span class='ocrx_word' id='word_1_681' title='bbox 617 2849 643 2871; x_wconf 86' lang='lat' dir='ltr'><strong>et</strong></span> <span class='ocrx_word' id='word_1_682' title='bbox 666 2845 785 2872; x_wconf 88' lang='lat' dir='ltr'><strong>Thomas</strong></span> <span class='ocrx_word' id='word_1_683' title='bbox 812 2843 953 2873; x_wconf 69' lang='lat' dir='ltr'><strong>Urlmudeyi</strong></span> <span class='ocrx_word' id='word_1_684' title='bbox 972 2857 992 2874; x_wconf 77' lang='grc' dir='ltr'><strong>τ..</strong></span> 
     </span>
    </p>
   </div>
   <div class='ocr_carea' id='block_1_100' title="bbox 1052 2258 1839 2293">
    <p class='ocr_par' dir='ltr' id='par_1_100' title="bbox 1052 2258 1839 2293">
     <span class='ocr_line' id='line_1_100' title="bbox 1052 2258 1839 2293; baseline 0.003 -9"><span class='ocrx_word' id='word_1_685' title='bbox 1052 2259 1111 2292; x_wconf 87' lang='lat' dir='ltr'><strong>ipso</strong></span> <span class='ocrx_word' id='word_1_686' title='bbox 1143 2258 1363 2292; x_wconf 83' lang='lat' dir='ltr'><strong>cominereiario,</strong></span> <span class='ocrx_word' id='word_1_687' title='bbox 1380 2258 1515 2286; x_wconf 88' lang='lat' dir='ltr'><strong>cercando</strong></span> <span class='ocrx_word' id='word_1_688' title='bbox 1531 2258 1592 2286; x_wconf 91' lang='lat' dir='ltr'><strong>illos</strong></span> <span class='ocrx_word' id='word_1_689' title='bbox 1616 2260 1674 2293; x_wconf 86' lang='lat' dir='ltr'><strong>ipse</strong></span> <span class='ocrx_word' id='word_1_690' title='bbox 1700 2267 1839 2287; x_wconf 82' lang='lat' dir='ltr'><strong>commer-</strong></span> 
     </span>
    </p>
   </div>
   <div class='ocr_carea' id='block_1_101' title="bbox 1052 2306 1838 2342">
    <p class='ocr_par' dir='ltr' id='par_1_101' title="bbox 1052 2306 1838 2342">
     <span class='ocr_line' id='line_1_101' title="bbox 1052 2306 1838 2342; baseline 0.001 -10"><span class='ocrx_word' id='word_1_691' title='bbox 1052 2306 1164 2337; x_wconf 84' lang='lat' dir='ltr'><strong>ciarios,</strong></span> <span class='ocrx_word' id='word_1_692' title='bbox 1185 2307 1349 2342; x_wconf 86' lang='lat' dir='ltr'><strong>quandoque</strong></span> <span class='ocrx_word' id='word_1_693' title='bbox 1371 2310 1509 2334; x_wconf 86' lang='lat' dir='ltr'><strong>revertere</strong></span> <span class='ocrx_word' id='word_1_694' title='bbox 1532 2307 1676 2335; x_wconf 88' lang='lat' dir='ltr'><strong>voluerunt</strong></span> <span class='ocrx_word' id='word_1_695' title='bbox 1703 2307 1737 2335; x_wconf 88' lang='lat' dir='ltr'><strong>ad</strong></span> <span class='ocrx_word' id='word_1_696' title='bbox 1763 2315 1838 2335; x_wconf 86' lang='lat' dir='ltr'><strong>suam</strong></span> 
     </span>
    </p>
   </div>
   <div class='ocr_carea' id='block_1_102' title="bbox 1051 2353 1229 2386">
    <p class='ocr_par' dir='ltr' id='par_1_102' title="bbox 1051 2353 1229 2386">
     <span class='ocr_line' id='line_1_102' title="bbox 1051 2353 1229 2386; baseline 0.011 -9"><span class='ocrx_word' id='word_1_697' title='bbox 1051 2353 1229 2386; x_wconf 75' lang='lat' dir='ltr'><strong>provinciam.</strong></span> 
     </span>
    </p>
   </div>
   <div class='ocr_carea' id='block_1_103' title="bbox 1087 2397 1839 2434">
    <p class='ocr_par' dir='ltr' id='par_1_103' title="bbox 1087 2397 1839 2434">
     <span class='ocr_line' id='line_1_103' title="bbox 1087 2397 1839 2434; baseline 0.001 -10"><span class='ocrx_word' id='word_1_698' title='bbox 1087 2397 1126 2425; x_wconf 82' lang='lat' dir='ltr'><strong>Nc</strong></span> <span class='ocrx_word' id='word_1_699' title='bbox 1144 2404 1235 2425; x_wconf 79' lang='lat' dir='ltr'><strong>autem</strong></span> <span class='ocrx_word' id='word_1_700' title='bbox 1251 2399 1349 2426; x_wconf 85' lang='lat' dir='ltr'><strong>habere</strong></span> <span class='ocrx_word' id='word_1_701' title='bbox 1367 2399 1503 2427; x_wconf 83' lang='lat' dir='ltr'><strong>licentiam</strong></span> <span class='ocrx_word' id='word_1_702' title='bbox 1523 2408 1570 2434; x_wconf 86' lang='lat' dir='ltr'><strong>pro</strong></span> <span class='ocrx_word' id='word_1_703' title='bbox 1587 2400 1734 2434; x_wconf 70' lang='lat' dir='ltr'><strong>cupiditate</strong></span> <span class='ocrx_word' id='word_1_704' title='bbox 1751 2407 1839 2428; x_wconf 76' lang='lat' dir='ltr'><strong>tenere</strong></span> 
     </span>
    </p>
   </div>
   <div class='ocr_carea' id='block_1_104' title="bbox 1054 2444 1839 2482">
    <p class='ocr_par' dir='ltr' id='par_1_104' title="bbox 1054 2444 1839 2482">
     <span class='ocr_line' id='line_1_104' title="bbox 1054 2444 1839 2482; baseline 0.001 -10"><span class='ocrx_word' id='word_1_705' title='bbox 1054 2445 1116 2473; x_wconf 89' lang='lat' dir='ltr'><strong>illos</strong></span> <span class='ocrx_word' id='word_1_706' title='bbox 1129 2444 1192 2480; x_wconf 87' lang='lat' dir='ltr'><strong>plus</strong></span> <span class='ocrx_word' id='word_1_707' title='bbox 1206 2445 1304 2473; x_wconf 90' lang='lat' dir='ltr'><strong>diebus</strong></span> <span class='ocrx_word' id='word_1_708' title='bbox 1332 2447 1429 2480; x_wconf 89' lang='lat' dir='ltr'><strong>tribus,</strong></span> <span class='ocrx_word' id='word_1_709' title='bbox 1444 2451 1471 2474; x_wconf 89' lang='lat' dir='ltr'><strong>et</strong></span> <span class='ocrx_word' id='word_1_710' title='bbox 1489 2447 1555 2474; x_wconf 89' lang='lat' dir='ltr'><strong>illud</strong></span> <span class='ocrx_word' id='word_1_711' title='bbox 1576 2446 1663 2480; x_wconf 85' lang='lat' dir='ltr'><strong>ﬁeret,</strong></span> <span class='ocrx_word' id='word_1_712' title='bbox 1677 2447 1839 2482; x_wconf 85' lang='lat' dir='ltr'><strong>quandoque</strong></span> 
     </span>
    </p>
   </div>
   <div class='ocr_carea' id='block_1_105' title="bbox 1055 2491 1836 2529">
    <p class='ocr_par' dir='ltr' id='par_1_105' title="bbox 1055 2491 1836 2529">
     <span class='ocr_line' id='line_1_105' title="bbox 1055 2491 1836 2529; baseline 0 -11"><span class='ocrx_word' id='word_1_713' title='bbox 1055 2491 1248 2528; x_wconf 85' lang='lat' dir='ltr'><strong>necessitat[is]</strong></span> <span class='ocrx_word' id='word_1_714' title='bbox 1276 2500 1307 2520; x_wconf 87' lang='lat' dir='ltr'><strong>ea</strong></span> <span class='ocrx_word' id='word_1_715' title='bbox 1334 2493 1445 2521; x_wconf 87' lang='lat' dir='ltr'><strong>occasio</strong></span> <span class='ocrx_word' id='word_1_716' title='bbox 1475 2498 1528 2526; x_wconf 87' lang='lat' dir='ltr'><strong>est,</strong></span> <span class='ocrx_word' id='word_1_717' title='bbox 1553 2493 1626 2529; x_wconf 90' lang='lat' dir='ltr'><strong>quod</strong></span> <span class='ocrx_word' id='word_1_718' title='bbox 1656 2493 1737 2521; x_wconf 86' lang='lat' dir='ltr'><strong>debet</strong></span> <span class='ocrx_word' id='word_1_719' title='bbox 1768 2494 1836 2521; x_wconf 84' lang='lat' dir='ltr'><strong>viam</strong></span> 
     </span>
    </p>
   </div>
   <div class='ocr_carea' id='block_1_106' title="bbox 1053 2538 1838 2574">
    <p class='ocr_par' dir='ltr' id='par_1_106' title="bbox 1053 2538 1838 2574">
     <span class='ocr_line' id='line_1_106' title="bbox 1053 2538 1838 2574; baseline 0.001 -10"><span class='ocrx_word' id='word_1_720' title='bbox 1053 2538 1113 2572; x_wconf 83' lang='lat' dir='ltr'><strong>ejus</strong></span> <span class='ocrx_word' id='word_1_721' title='bbox 1129 2538 1277 2571; x_wconf 83' lang='lat' dir='ltr'><strong>contraire,</strong></span> <span class='ocrx_word' id='word_1_722' title='bbox 1289 2542 1316 2565; x_wconf 91' lang='lat' dir='ltr'><strong>et</strong></span> <span class='ocrx_word' id='word_1_723' title='bbox 1329 2538 1379 2573; x_wconf 87' lang='lat' dir='ltr'><strong>ipsi</strong></span> <span class='ocrx_word' id='word_1_724' title='bbox 1394 2543 1485 2566; x_wconf 88' lang='lat' dir='ltr'><strong>autem</strong></span> <span class='ocrx_word' id='word_1_725' title='bbox 1497 2538 1619 2567; x_wconf 81' lang='lat' dir='ltr'><strong>Venetici</strong></span> <span class='ocrx_word' id='word_1_726' title='bbox 1629 2547 1679 2574; x_wconf 90' lang='lat' dir='ltr'><strong>pro</strong></span> <span class='ocrx_word' id='word_1_727' title='bbox 1697 2539 1838 2567; x_wconf 74' lang='lat' dir='ltr'><strong>occasione</strong></span> 
     </span>
    </p>
   </div>
   <div class='ocr_carea' id='block_1_107' title="bbox 1052 2583 1837 2621">
    <p class='ocr_par' dir='ltr' id='par_1_107' title="bbox 1052 2583 1837 2621">
     <span class='ocr_line' id='line_1_107' title="bbox 1052 2583 1837 2621; baseline 0.001 -11"><span class='ocrx_word' id='word_1_728' title='bbox 1052 2583 1219 2612; x_wconf 79' lang='lat' dir='ltr'><strong>defensionis</strong></span> <span class='ocrx_word' id='word_1_729' title='bbox 1247 2592 1340 2612; x_wconf 88' lang='lat' dir='ltr'><strong>eorum</strong></span> <span class='ocrx_word' id='word_1_730' title='bbox 1357 2585 1476 2620; x_wconf 87' lang='lat' dir='ltr'><strong>alioquin</strong></span> <span class='ocrx_word' id='word_1_731' title='bbox 1494 2586 1567 2621; x_wconf 88' lang='lat' dir='ltr'><strong>quod</strong></span> <span class='ocrx_word' id='word_1_732' title='bbox 1585 2587 1722 2621; x_wconf 74' lang='lat' dir='ltr'><strong>negotium</strong></span> <span class='ocrx_word' id='word_1_733' title='bbox 1742 2587 1837 2614; x_wconf 80' lang='lat' dir='ltr'><strong>habent</strong></span> 
     </span>
    </p>
   </div>
   <div class='ocr_carea' id='block_1_108' title="bbox 1052 2629 1836 2667">
    <p class='ocr_par' dir='ltr' id='par_1_108' title="bbox 1052 2629 1836 2667">
     <span class='ocr_line' id='line_1_108' title="bbox 1052 2629 1836 2667; baseline 0.003 -11"><span class='ocrx_word' id='word_1_734' title='bbox 1052 2631 1084 2656; x_wconf 89' lang='lat' dir='ltr'><strong>de</strong></span> <span class='ocrx_word' id='word_1_735' title='bbox 1097 2629 1353 2665; x_wconf 88' lang='lat' dir='ltr'><strong>Constantinopolin</strong></span> <span class='ocrx_word' id='word_1_736' title='bbox 1370 2632 1396 2659; x_wconf 90' lang='lat' dir='ltr'><strong>in</strong></span> <span class='ocrx_word' id='word_1_737' title='bbox 1414 2632 1472 2660; x_wconf 88' lang='lat' dir='ltr'><strong>suis</strong></span> <span class='ocrx_word' id='word_1_738' title='bbox 1488 2632 1604 2667; x_wconf 74' lang='lat' dir='ltr'><strong>navigiis</strong></span> <span class='ocrx_word' id='word_1_739' title='bbox 1624 2633 1724 2666; x_wconf 82' lang='lat' dir='ltr'><strong>levare,</strong></span> <span class='ocrx_word' id='word_1_740' title='bbox 1738 2633 1836 2661; x_wconf 80' lang='lat' dir='ltr'><strong>scilicet</strong></span> 
     </span>
    </p>
   </div>
   <div class='ocr_carea' id='block_1_109' title="bbox 1050 2707 1835 2747">
    <p class='ocr_par' dir='ltr' id='par_1_109' title="bbox 1050 2707 1835 2747">
     <span class='ocr_line' id='line_1_109' title="bbox 1050 2707 1835 2747; baseline 0.005 -13"><span class='ocrx_word' id='word_1_741' title='bbox 1050 2707 1549 2747; x_wconf 20' lang='lat' dir='ltr'><strong>a-lterentﬂanvlels-rtt,_fStaatsgesch.</strong></span> <span class='ocrx_word' id='word_1_742' title='bbox 1565 2714 1612 2738; x_wconf 84' lang='lat' dir='ltr'><strong>der</strong></span> <span class='ocrx_word' id='word_1_743' title='bbox 1626 2711 1690 2747; x_wconf 71' lang='lat' dir='ltr'><strong>Rep.</strong></span> <span class='ocrx_word' id='word_1_744' title='bbox 1715 2711 1835 2747; x_wconf 71' lang='lat' dir='ltr'><strong>Venedig.</strong></span> 
     </span>
    </p>
   </div>
   <div class='ocr_carea' id='block_1_110' title="bbox 1049 2743 1548 2781">
    <p class='ocr_par' dir='ltr' id='par_1_110' title="bbox 1049 2743 1548 2781">
     <span class='ocr_line' id='line_1_110' title="bbox 1049 2743 1548 2781; baseline 0.008 -11"><span class='ocrx_word' id='word_1_745' title='bbox 1049 2748 1116 2781; x_wconf 73' lang='lat' dir='ltr'><strong>tein.</strong></span> <span class='ocrx_word' id='word_1_746' title='bbox 1131 2743 1284 2781; x_wconf 17' lang='lat' dir='ltr'><strong>lrr(\&#39;indoh.</strong></span> <span class='ocrx_word' id='word_1_747' title='bbox 1302 2745 1394 2780; x_wconf 72' lang='lat'><strong>1856),</strong></span> <span class='ocrx_word' id='word_1_748' title='bbox 1411 2755 1437 2781; x_wconf 88' lang='lat' dir='ltr'><strong>p.</strong></span> <span class='ocrx_word' id='word_1_749' title='bbox 1454 2743 1548 2774; x_wconf 71' lang='lat'><strong>36-59.</strong></span> 
     </span>
    </p>
   </div>
   <div class='ocr_carea' id='block_1_111' title="bbox 1085 2779 1784 2848">
    <p class='ocr_par' dir='ltr' id='par_1_111' title="bbox 1085 2779 1784 2848">
     <span class='ocr_line' id='line_1_111' title="bbox 1085 2779 1784 2848; baseline 0.009 -43"><span class='ocrx_word' id='word_1_750' title='bbox 1085 2779 1124 2848; x_wconf 49' lang='lat'><strong>£2)</strong></span> <span class='ocrx_word' id='word_1_751' title='bbox 1141 2779 1376 2808; x_wconf 41' lang='lat' dir='ltr'><strong>Commereiarios&#39;</strong></span> <span class='ocrx_word' id='word_1_752' title='bbox 1389 2779 1503 2817; x_wconf 75' lang='lat' dir='ltr'><strong>intelligi</strong></span> <span class='ocrx_word' id='word_1_753' title='bbox 1521 2782 1639 2810; x_wconf 87' lang='lat' dir='ltr'><strong>editores</strong></span> <span class='ocrx_word' id='word_1_754' title='bbox 1662 2787 1784 2811; x_wconf 68' lang='lat' dir='ltr'><strong>monent.</strong></span> 
     </span>
     <span class='ocr_line' id='line_1_112' title="bbox 1096 2813 1784 2848; baseline 0.01 -8"><span class='ocrx_word' id='word_1_755' title='bbox 1096 2815 1122 2847; x_wconf 78' lang='grc'><strong>5)</strong></span> <span class='ocrx_word' id='word_1_756' title='bbox 1134 2813 1189 2842; x_wconf 83' lang='lat' dir='ltr'><strong>Hoc</strong></span> <span class='ocrx_word' id='word_1_757' title='bbox 1202 2815 1314 2843; x_wconf 87' lang='lat' dir='ltr'><strong>verbum</strong></span> <span class='ocrx_word' id='word_1_758' title='bbox 1327 2818 1508 2848; x_wconf 85' lang='lat' dir='ltr'><strong>supplendum</strong></span> <span class='ocrx_word' id='word_1_759' title='bbox 1524 2825 1585 2846; x_wconf 86' lang='lat' dir='ltr'><strong>esse</strong></span> <span class='ocrx_word' id='word_1_760' title='bbox 1598 2826 1707 2847; x_wconf 84' lang='lat' dir='ltr'><strong>censeo.</strong></span> <span class='ocrx_word' id='word_1_761' title='bbox 1722 2819 1784 2848; x_wconf 65' lang='lat' dir='ltr'><strong>Zacr</strong></span> 
     </span>
    </p>
   </div>
   <div class='ocr_carea' id='block_1_112' title="bbox 1085 2813 1836 2874">
    <p class='ocr_par' dir='ltr' id='par_1_112' title="bbox 1085 2813 1836 2874">
     <span class='ocr_line' id='line_1_113' title="bbox 1085 2813 1836 2874; baseline 0.008 -34"><span class='ocrx_word' id='word_1_762' title='bbox 1085 2813 1122 2874; x_wconf 51' lang='grc' dir='ltr'><strong>εὖ)</strong></span> <span class='ocrx_word' id='word_1_763' title='bbox 1134 2813 1189 2842; x_wconf 83' lang='lat' dir='ltr'><strong>Hoc</strong></span> <span class='ocrx_word' id='word_1_764' title='bbox 1202 2815 1314 2843; x_wconf 87' lang='lat' dir='ltr'><strong>verbum</strong></span> <span class='ocrx_word' id='word_1_765' title='bbox 1327 2813 1508 2852; x_wconf 68' lang='lat' dir='ltr'><strong>supplendum</strong></span> <span class='ocrx_word' id='word_1_766' title='bbox 1524 2825 1585 2846; x_wconf 86' lang='lat' dir='ltr'><strong>esse</strong></span> <span class='ocrx_word' id='word_1_767' title='bbox 1598 2826 1707 2847; x_wconf 84' lang='lat' dir='ltr'><strong>censeo.</strong></span> <span class='ocrx_word' id='word_1_768' title='bbox 1722 2819 1836 2848; x_wconf 65' lang='lat' dir='ltr'><strong>Zacun.</strong></span> 
     </span>
     <span class='ocr_line' id='line_1_114' title="bbox 1097 2857 1158 2874; baseline 0 0"><span class='ocrx_word' id='word_1_769' title='bbox 1097 2857 1158 2874; x_wconf 62' lang='lat' dir='ltr'><strong>JKG.</strong></span> 
     </span>
    </p>
   </div>
   <div class='ocr_carea' id='block_1_113' title="bbox 1050 2857 1158 2877">
    <p class='ocr_par' dir='ltr' id='par_1_113' title="bbox 1050 2857 1158 2877">
     <span class='ocr_line' id='line_1_115' title="bbox 1050 2857 1158 2877; baseline 0.028 -3"><span class='ocrx_word' id='word_1_770' title='bbox 1050 2858 1063 2875; x_wconf 82' lang='grc' dir='ltr'><strong>Α</strong></span> <span class='ocrx_word' id='word_1_771' title='bbox 1085 2857 1158 2877; x_wconf 63' lang='lat' dir='ltr'><strong>lJKG.</strong></span> 
     </span>
    </p>
   </div>
  </div>
