1910 3073
59 144 104 176 6J7
640 146 671 175 C.
693 146 724 175 Β.
747 147 813 176 HAS

918 148 1075 179 ,.EFATIO.
1109 181 1113 184 ,
1618 154 1672 185 £33

62 205 195 234 veterum
220 205 428 231 monumenta
443 209 460 232 e
475 201 540 232 situ
560 201 656 238 eruit,
675 202 859 234 Combetisii
879 205 983 235 varios
1008 205 1147 240 labores,
1172 203 1264 242 quasi
1281 212 1298 234 e
1313 204 1452 243 quodam
1477 205 1672 239 inexhausta

61 251 150 285 fonte,
163 248 286 279 hauriri
303 247 379 278 inde
401 256 465 279 non
482 257 582 288 pauca
603 257 696 288 posse
717 250 755 280 ad
772 250 994 280 collectionem
1016 254 1184 280 auctorum
1200 249 1453 288 Byzantinorum
1471 253 1671 284 cumulatius

61 297 239 337 augendam.
255 297 296 334 1E
318 296 531 334 scriptoribus
549 302 655 328 autem
683 298 729 329 ibi
749 299 884 329 servatis
900 299 982 329 duos
1000 307 1071 329 esse
1090 297 1310 337 potissimum,
1328 299 1468 330 Leonem
1490 301 1670 333 Diaconum

61 351 86 377 et
105 344 288 376 Michaelem
315 343 468 381 Psellum,
485 353 623 384 quorum
640 346 741 377 editio
757 350 787 377 et
801 345 1040 377 desideraretur
1062 345 1183 377 dudum
1202 354 1219 376 ιι
1235 346 1313 376 viris
1322 346 1436 384 doctis,
1453 352 1483 378 et
1508 353 1591 379 esset
1603 350 1667 389 jam

61 393 224 433 aliquando
239 392 267 423 si
285 392 393 424 minus
409 393 563 430 confecta,
582 400 732 434 concepta
756 400 842 426 certe
855 394 964 425 animo
985 398 1081 433 atque
1101 393 1222 424 aﬁ‘ecta.
1241 394 1317 424 Nam
1335 393 1428 423 illum
1452 394 1558 434 ipsum
1577 397 1670 427 Com-

62 441 197 474 betisium
217 445 367 471 testatqu
389 445 437 472 est
460 449 498 472 ex
521 441 649 472 Harles.
666 442 748 473 Bibl.
765 443 864 483 Graio.
880 444 951 478 VII,
977 443 1046 479 684,
1064 451 1136 473 cum
1158 446 1241 473 esset
1261 443 1371 473 animo
1394 448 1500 473 erecto
1525 445 1564 474 ad
1581 445 1670 477 inda-

62 490 150 529 ganda
174 489 208 519 in
238 489 411 528 lucemque
445 490 605 520 evocanda
630 491 813 522 Graecorum
843 492 973 531 scripta,
995 491 1156 530 imprimis
1183 490 1399 521 ecclesiastica
1424 494 1454 522 et
1481 492 1668 530 Byzantina,

61 536 278 568 Bibliothecam
306 537 437 576 Regiam
466 542 662 569 scrutantem
696 539 819 578 cepisse
856 548 928 570 cum
958 539 1075 570 Leonis
1107 543 1173 570 tum
1196 539 1291 569 Pselli
1326 539 1424 577 [XIV]
1452 540 1668 578 cognitionem

62 585 291 624 etlitionemque
308 585 480 625 utriusque
497 587 680 617 adornasse.
695 588 780 623 Quin
795 587 865 626 ipse
879 587 926 618 sic
951 587 1047 618 habet
1067 587 1151 618 notis
1172 588 1210 618 ad
1227 587 1356 618 Auctar.
1370 586 1492 617 noviss.
1515 587 1669 618 Biblioth.

61 634 183 664 Graecor.
205 634 288 664 Patr.
308 633 408 663 Paris.
431 634 519 670 1672,
547 643 576 672 p.
597 634 666 671 5&5,
691 635 885 666 subhorrida
914 636 961 672 (ut
986 635 1179 674 plerumque
1196 635 1382 677 incomptus
1402 639 1452 665 est
1476 635 1506 666 in
1525 637 1671 668 oratione

63 680 171 720 Latina)
191 691 197 710 :
216 680 327 711 Photii
343 681 468 712 technas
489 681 646 721 malasque
672 687 755 712 artes
771 692 839 712 cum
858 683 916 714 alii
930 684 1093 723 prosecuti
1106 687 1181 713 sunt
1194 683 1296 714 Graeci
1311 683 1454 722 wquales,
1476 690 1531 714 aut
1555 693 1671 723 parum

62 738 210 769 suppares,
240 734 306 759 tum
333 739 418 760 meus
447 729 618 768 Logotheta
652 730 715 768 [hic
756 734 803 761 est
833 731 962 762 Simeon
993 731 1144 770 magister
1176 735 1207 761 et
1235 731 1410 770 logotheta.
1438 731 1477 762 de
1504 740 1569 770 quo
1592 733 1671 762 Har-

62 777 111 807 lcs.
127 777 191 813 VII,
208 775 295 814 M7],
322 777 505 816 siquando,
526 786 602 816 pace
624 777 724 808 lenius
747 779 919 817 aspirantc,
936 789 971 808 ac
996 779 1266 810 Christianissimo
1296 787 1367 817 rege
1395 788 1517 817 semper
1539 780 1669 815 victore,

63 826 145 864 Regia
160 824 301 864 Lupara,
325 825 468 856 historia:
495 825 680 864 Byzantina:
700 834 788 865 ptrue
808 829 982 858 necessario
1012 827 1240 866 supplemento,
1268 837 1336 857 cum
1358 827 1457 857 Leone
1476 828 1616 858 Diacono
1643 834 1668 857 ct

63 873 194 904 illic/mele
207 873 325 911 Pscllo,
343 874 463 912 regium
477 883 546 903 tere
570 873 740 912 multiplici
756 873 851 905 titulo
874 881 1100 915 argumentum,
1112 876 1198 915 juris
1215 875 1340 914 publici
1353 877 1440 914 regia
1458 876 1670 914 muniﬁcentia

62 922 164 961 faciat:
182 932 219 952 ne
234 922 298 952 sibi
313 931 371 960 per
398 931 503 952 moras
531 921 682 958 Batavus,
697 927 752 952 aut
769 931 842 961 gens
866 921 941 960 alia,
959 931 1023 952 eam
1045 921 1180 960 gloriam
1214 922 1332 960 rapiat.
1355 922 1414 952 Sed
1434 930 1461 952 θ.
1481 922 1558 952 1679
1572 930 1588 952 a
1607 921 1669 952 vita

63 970 192 1000 discessit
206 969 433 1006 Combeiisius,
449 971 553 1009 deque
577 970 704 1000 duobus
722 971 816 1001 tomis
834 970 976 1001 Auctarii
1004 970 1185 1009 Byzantini,
1210 979 1292 1010 quos
1313 970 1455 1001 edendos
1474 970 1535 1001 sibi
1554 979 1670 1010 propo-

64 1023 167 1056 suerat,
183 1027 222 1049 ne
239 1017 382 1058 priorem
398 1018 528 1057 quidem
548 1018 651 1057 potuit
671 1018 850 1058 divulgare.
867 1019 895 1049 ls
914 1019 1013 1056 enim,
1030 1020 1202 1057 scriptores
1223 1022 1292 1056 post
1310 1018 1538 1058 Theophanem
1564 1019 1670 1049 conti-

64 1075 140 1102 nens,
163 1066 411 1098 Constantinum
440 1066 756 1106 Porphyrogenetam
785 1067 857 1097 dico
883 1067 921 1097 de
939 1066 1010 1096 Vita
1028 1066 1152 1102 Basilii,
1177 1065 1439 1098 Continuatorem
1470 1074 1670 1105 anonymunt

64 1113 267 1153 Theophanis,
289 1115 445 1144 Joannem
461 1113 691 1151 Cameniatnm,
708 1114 883 1154 Georgium
911 1115 1116 1151 monachum,
1131 1114 1224 1150 alios,
1246 1122 1310 1145 non
1327 1113 1389 1144 nisi
1412 1115 1570 1145 sexennio
1587 1118 1668 1154 post,

63 1165 177 1192 curante
195 1161 383 1193 Sebastiano
397 1161 703 1200 Mabre-Cramoisy,
720 1171 758 1192 ex
782 1163 993 1202 typographia
1008 1163 1105 1202 Regia
1122 1171 1152 1193 a.
1180 1163 1255 1193 1685
1271 1162 1305 1193 in
1330 1162 1433 1193 lucem
1453 1163 1593 1202 prolatus
1611 1167 1669 1193 est.

63 1209 154 1240 Editio
177 1210 325 1248 alterius,
352 1211 493 1241 Leonem
525 1210 792 1250 Michaelemque
816 1210 955 1241 Psellum
977 1210 1192 1250 complexuri,
1216 1219 1315 1250 prope
1339 1210 1468 1250 triginta
1492 1211 1584 1241 annis
1603 1216 1672 1250 post

64 1259 215 1289 commissa
229 1263 278 1290 est
307 1258 457 1289 Michan
487 1259 529 1289 Le
557 1258 675 1295 Quien,
705 1267 744 1288 ex
775 1258 901 1290 schedis
929 1260 1170 1290 Combeﬁsianis
1199 1259 1383 1290 adornanda
1412 1268 1418 1290 :
1446 1259 1511 1290 vid.
1531 1259 1669 1291 Echard.

64 1306 208 1345 scriptorr.
234 1307 358 1338 ordinis
385 1306 584 1337 Prmdicator.
603 1306 642 1342 li,
663 1307 732 1337 687i.
750 1307 813 1337 Nec
834 1307 976 1347 segniter
996 1307 1023 1337 is
1051 1316 1085 1337 se
1100 1307 1139 1338 ad
1168 1315 1250 1346 opus
1276 1307 1429 1343 admovit,
1447 1308 1489 1338 ita
1508 1311 1540 1338 ut
1560 1308 1622 1338 Leo
1638 1307 1672 1338 in

64 1355 254 1394 typographia
277 1354 375 1395 Regia
396 1354 545 1385 formulis
559 1355 622 1393 jam
650 1359 771 1394 coeptus
789 1355 831 1385 sit
849 1355 1005 1391 describi,
1023 1355 1159 1394 ipseque
1172 1356 1214 1385 Le
1233 1354 1339 1391 Quien
1352 1354 1398 1384 sic
1416 1354 1529 1385 habeat
1545 1355 1611 1385 Orir
1627 1360 1670 1384 nt.

64 1401 203 1434 Christian
221 1404 243 1439 Ι,
260 1404 342 1434 255:
366 1403 440 1440 Qua:
458 1403 517 1432 Leo
537 1403 698 1433 Diaconus
727 1405 822 1444 refert
847 1404 880 1434 in
896 1403 1056 1440 Historia,
1074 1403 1163 1443 cujus
1178 1411 1253 1441 pars
1279 1403 1365 1441 typis
1381 1403 1486 1441 Regiis
1501 1403 1564 1441 jam
1590 1402 1673 1432 edita

65 1454 109 1480 est.
127 1451 250 1482 Atenim
268 1451 449 1482 intervenit
471 1451 678 1490 impressioni
706 1451 934 1490 ingravescens
957 1451 1093 1488 bellum,
1111 1449 1199 1490 quod
1223 1450 1263 1480 de
1284 1450 1514 1489 Hispaniarum
1540 1459 1672 1480 succes-

65 1498 141 1530 sione
157 1504 282 1538 gestum
297 1502 357 1536 est,
370 1498 607 1539 consiliumque,
623 1503 657 1530 ut
678 1499 790 1530 scribit
812 1499 974 1530 Echardus
990 1499 1050 1529 lac.
1064 1498 1131 1534 cit.,
1148 1497 1232 1537 quod
1245 1497 1394 1528 Michacli
1410 1497 1450 1527 Le
1469 1497 1571 1534 Quicn
1589 1507 1672 1527 com-

64 1548 173 1578 missum
195 1553 260 1579 erat
286 1548 660 1588 cxscqucndum,jamque
682 1548 767 1587 typis
791 1548 897 1586 Regiis
923 1547 1095 1585 inceptum,
1118 1545 1196 1576 bello
1224 1550 1288 1575 tum
1311 1545 1467 1575 atroriori
1482 1545 1594 1584 ubique
1616 1544 1674 1583 ﬂa-

64 1602 158 1634 granle
188 1598 403 1636 interruptum
442 1601 487 1626 est
507 1606 543 1626 ac
565 1595 739 1635 prolatum.
766 1596 850 1635 Ergo
873 1605 980 1635 neque
1013 1594 1197 1626 Combeﬁsii
1221 1602 1317 1632 opera
1346 1601 1452 1632 neque
1488 1593 1671 1632 Leqnienii,

64 1646 182 1681 a.1733,
203 1647 264 1676 vita
288 1646 401 1681 functi,
423 1644 521 1675 Leoni
541 1644 647 1683 potuit
665 1644 831 1684 prodesse.
848 1644 887 1675 Et
913 1643 1024 1674 mirari
1041 1643 1126 1680 licet,
1146 1642 1289 1681 plagulas
1306 1641 1377 1671 illas
1399 1645 1477 1671 tunc
1497 1640 1672 1679 impressas

65 1691 221 1729 interiisse,
240 1703 342 1734 prope
372 1693 487 1728 dicam,
517 1693 548 1722 in
569 1692 721 1728 nihilum,
739 1700 845 1730 neque
862 1701 998 1732 usquam
1020 1691 1085 1731 jam
1098 1698 1296 1729 comparere.
1316 1690 1382 1728 Ego
1404 1694 1488 1719 certe
1514 1691 1673 1719 scrutatus

65 1750 123 1770 sum
139 1751 207 1781 quas
223 1743 328 1781 potui,
345 1745 375 1772 et
395 1741 588 1780 perquisivi,
613 1744 820 1780 percontatus
836 1750 966 1780 quoque
981 1742 1112 1779 agentes
1128 1737 1351 1778 typographim
1367 1737 1486 1776 Regia).
1506 1737 1593 1767 viros
1611 1745 1672 1767 non

65 1790 154 1820 solum
181 1791 398 1830 peritissimos
426 1790 504 1821 artis
541 1798 619 1826 suae,
650 1798 762 1820 verum
789 1787 961 1819 historicos
989 1793 1133 1824 quoque,
1158 1787 1512 1821 monumentorumque
1539 1782 1674 1813 ofﬁcina:

66 1837 191 1874 ipsorum
224 1839 431 1877 pereuriosos
462 1849 469 1868 :
503 1837 658 1877 reliquias
683 1837 838 1867 editionis
863 1835 953 1866 illius
988 1834 1124 1873 inceptte
1151 1833 1256 1863 nullas
1281 1831 1373 1872 potui
1397 1832 1552 1862 nancisci.
1583 1832 1673 1868 Qua-

67 1891 178 1924 t-roptcr
197 1888 281 1925 [XV]
303 1886 462 1926 suspicor,
485 1885 681 1925 exemplaria
704 1894 740 1916 ea
764 1886 812 1916 vel
835 1893 911 1916 casu
936 1883 1047 1922 aliquo
1077 1881 1247 1921 peculiari,
1274 1880 1322 1911 vel
1349 1880 1420 1911 data
1443 1888 1552 1919 Opera,
1573 1880 1674 1911 fuisse

65 1932 164 1965 deleta.

52 909 61 925 Κ

98 2003 146 2034 lll.
162 2005 348 2043 Reliquerat
361 2005 459 2044 igitur
470 2005 744 2042 Combeﬁsius,ex
761 2004 818 2034 hac
831 2003 891 2034 vita
906 2003 1057 2042 migrans,
1072 2010 1144 2032 cum
1156 2000 1218 2032 alia
1229 2001 1378 2040 prteclare
1393 2000 1539 2030 inchoata
1555 1999 1665 2030 multa.

68 2057 122 2082 tum
139 2053 325 2090 confectam,
348 2059 383 2084 ut
404 2053 541 2090 videtur,
569 2053 687 2084 Leonis
704 2053 866 2091 Psellique
883 2051 1063 2082 versionem
1083 2050 1241 2080 Latinam.
1267 2049 1326 2080 Sed
1347 2049 1400 2078 illa
1420 2048 1536 2087 priora,
1556 2048 1668 2078 multis

66 2101 194 2140 undique
209 2102 240 2133 in
254 2103 388 2133 schedas
405 2102 556 2133 exstincti
583 2102 804 2133 involantibus
822 2100 868 2138 (ut.
889 2099 956 2130 fere
969 2099 1001 2130 ﬁt
1018 2099 1050 2128 in
1064 2098 1267 2130 eruditorum
1289 2096 1404 2135 obitu),
1423 2096 1578 2134 dissipata
1596 2103 1672 2125 eva-

67 2154 216 2180 nuerunt:
236 2151 420 2181 versionem
447 2150 564 2187 Leonis
597 2159 632 2181 ac
650 2150 745 2180 Psclli
769 2148 903 2179 Parisiis
930 2148 960 2178 in
991 2147 1117 2178 aedibus
1139 2147 1198 2176 FF.
1218 2144 1504 2176 Dominicanorum
1529 2145 1567 2175 ad
1590 2144 1673 2174 viam

67 2196 91 2225 S.
108 2197 266 2234 Honorati,
285 2199 340 2230 ubi
364 2200 428 2229 vita
449 2199 546 2229 cessit
567 2198 793 2233 Combetisius,
820 2196 940 2227 multos
957 2204 1059 2226 annos
1084 2198 1276 2225 asservatam
1295 2201 1365 2223 esse
1381 2196 1516 2226 constat.
1536 2192 1673 2231 ejusque

67 2245 174 2282 copiam
189 2247 267 2277 viris
283 2247 387 2277 doctis
402 2246 625 2284 compluribus
643 2246 767 2276 factam.
786 2246 830 2276 lta
849 2245 927 2275 varii
949 2243 1047 2274 variis
1065 2243 1143 2273 locis
1170 2251 1232 2273 non
1249 2241 1355 2272 solum
1370 2241 1569 2272 mentionem
1586 2240 1674 2270 fece—

68 2297 130 2323 runt
157 2295 283 2331 Leonis,
309 2303 420 2325 verum
447 2295 538 2325 illius
569 2295 748 2333 fragmenta
772 2293 901 2332 scriptis
925 2301 1057 2332 quoque
1084 2291 1293 2322 inseruerunt
1318 2290 1399 2320 suis.
1425 2289 1518 2319 Velut
1546 2289 1674 2319 Bandu-

67 2341 123 2371 rius
153 2343 267 2382 Itnper.
298 2344 454 2374 Oriental.
489 2344 530 2381 ll,
581 2344 650 2379 1.65,
691 2343 761 2379 1.80,
807 2343 875 2378 1:81,
906 2343 975 2377 726,
1009 2341 1085 2376 728;
1124 2339 1309 2378 Ducangius
1351 2347 1424 2369 cum
1456 2337 1489 2368 in
1514 2336 1676 2368 Glossario

67 2397 122 2420 non
154 2401 216 2422 uno
245 2393 327 2428 loco,
355 2396 423 2422 tum
454 2392 488 2422 in
520 2392 605 2423 notis
634 2392 671 2423 ad
701 2393 858 2422 Zonaram
896 2391 935 2426 ll,
965 2391 1014 2425 90,
1053 2390 1122 2422 103.
1148 2389 1216 2421 105.
1251 2388 1334 2424 107;
1371 2386 1517 2418 omnium
1539 2385 1677 2417 maxime

66 2443 158 2468 autem
187 2441 346 2471 Francisc.
379 2439 494 2479 Pagius
532 2440 639 2471 Critic.
667 2440 699 2470 in
733 2440 872 2470 Annales
908 2437 1037 2470 Baronii
1073 2437 1138 2472 Ill,
1163 2436 1245 2472 8'13,
1275 2445 1340 2465 eam
1372 2435 1544 2464 versionem
1583 2441 1678 2472 opera

68 2484 208 2518 Bernardt‘
229 2489 453 2528 Montfauconi
480 2498 498 2518 u
531 2498 562 2519 se
582 2488 700 2525 lectam,
722 2493 749 2518 et
765 2487 868 2528 quoad
880 2487 1042 2526 prwcipua
1060 2486 1165 2523 capita
1189 2488 1275 2523 (utor
1297 2483 1400 2522 ipsius
1425 2482 1542 2520 verbis)
1564 2481 1678 2511 descri-

66 2537 140 2569 ptam
154 2545 212 2566 esse
226 2545 428 2574 asseverans,
445 2537 481 2567 ad
500 2537 666 2568 hist0riam
680 2546 751 2568 suae.
770 2546 787 2567 x
824 2535 986 2575 vergentis
1002 2534 1119 2564 certius
1135 2531 1370 2562 illustrandum.
1389 2531 1433 2560 Ac
1451 2529 1591 2568 proferto
1604 2528 1674 2566 ejus

68 2579 238 2621 fragmentis
269 2586 396 2616 refersit
439 2595 512 2616 cum
547 2589 726 2616 extremum
770 2591 891 2615 tomum
927 2583 1056 2613 tertium
1097 2580 1241 2612 Criticor.
1277 2579 1348 2614 873,
1386 2579 1465 2612 875,
1494 2578 1573 2612 876,
1611 2581 1676 2606 tum

70 2638 205 2663 exorsum
223 2635 299 2664 torni
325 2634 431 2673 quarti
450 2635 480 2665 3.
497 2651 533 2656 —-
550 2635 600 2664 39.
617 2635 707 2664 Unde
723 2634 833 2664 eadem
853 2631 959 2662 hausit
978 2630 1158 2669 partimque
1182 2626 1385 2665 transcripsit
1405 2626 1618 2657 Schloezt‘rus
1646 2625 1678 2654 in

70 2678 186 2711 Nestore
207 2691 232 2713 s.
251 2684 416 2714 Russischc
437 2682 581 2713 Annalcn
596 2684 628 2712 in
644 2683 730 2713 ihrer
753 2681 996 2720 Grundrprachc
1017 2689 1048 2709 u.
1068 2688 1093 2708 ε.
1106 2687 1144 2708 w.
1165 2678 1203 2712 V,
1221 2677 1290 2711 125,
1308 2693 1344 2697 —
1364 2676 1432 2706 177.
1455 2674 1544 2704 Alios
1570 2676 1678 2703 contra

72 2726 196 2759 nimium
221 2736 376 2770 quantum
402 2731 586 2771 neglexisse
616 2740 650 2760 ea
685 2734 820 2770 questus
846 2733 893 2760 est
918 2729 1032 2759 Saxius
1062 2728 1229 2757 ()nomust.
1250 2725 1379 2760 11,156,
1402 2721 1600 2771 nobilissima
1623 2721 1679 2752 illa

71 2774 243 2814 fragmenta,
266 2780 375 2810 latine
390 2770 482 2816 edita,
513 2780 666 2819 quomodo
688 2779 818 2808 subinde
838 2777 975 2808 homines
1001 2775 1154 2808 eruditos,
1171 2779 1320 2812 tanquam
1336 2770 1436 2802 ϐαίη.
1457 2770 1537 2801 Care
1554 2770 1680 2819 rHistor.

75 2822 193 2857 litterar.
217 2828 380 2867 scriptorr.
418 2817 593 2860 ecelesiast.
612 2829 652 2863 Il,
672 2829 736 2859 106.
754 2826 959 2866 inprimisqu’c
979 2826 1010 2854 J.
1035 2823 1069 2852 Α.
1091 2822 1272 2853 Fabricium
1298 2821 1378 2851 Bibl.
1397 2820 1449 2850 Gr.
1465 2819 1515 2850 Vl.
1537 2818 1578 2856 [is
1594 2817 1679 2848 enim

76 2877 158 2905 Verus
173 2881 217 2907 est
235 2885 387 2910 numam:~
408 2889 414 2909 :
431 2878 512 2917 apud
534 2876 662 2908 Saxium
679 2875 794 2915 legitur
813 2876 861 2912 \’,]
877 2875 934 2904 333
956 2878 983 2903 ct
1005 2873 1076 2903 Xlll
1095 2873 1162 2909 738,
1178 2870 1273 2901 latere
1291 2870 1463 2908 potuerint,
1483 2867 1680 2903 (ἐοέὶῑυιίοηθ
