1910 3073
49 145 95 177 647
637 146 667 176 C.
690 147 720 176 Β.
743 148 803 176 HAS

915 149 1071 180 MEFA’I‘IO.
1106 182 1110 185 ,
1615 155 1669 186 εδδ

53 206 189 235 veterum
214 206 425 232 monumenta
439 210 457 232 e
472 201 537 233 situ
557 202 653 239 eruit,
672 203 856 235 Combetisii
876 206 980 236 varios
1005 206 1144 241 labores,
1169 205 1261 243 quasi
1278 213 1294 235 e
1310 205 1449 244 quodam
1473 206 1668 240 inexhausto

52 252 142 287 fonte,
155 249 283 280 hauriri
300 249 375 280 inde
397 257 462 280 non
479 258 578 290 pauca
599 258 692 289 posse
714 251 751 281 ad
769 251 991 282 collectionem
1013 255 1181 281 auctorum
1197 250 1449 288 Byzantinorum
1468 253 1667 285 cumulatius

52 298 234 338 augendam.
251 298 293 336 1E
314 297 528 336 scriptoribus
545 303 652 329 autem
680 299 725 330 ibi
745 300 882 330 servatis
897 300 979 330 duos
997 308 1068 330 esse
1087 298 1307 338 potissimum,
1325 300 1464 330 Leonem
1487 301 1666 333 Diaconum

53 353 78 378 et
97 345 286 378 Michaelem
311 345 465 383 Psellum,
481 355 620 385 quorum
637 347 738 378 editio
753 351 784 378 et
798 347 1037 378 desideraretur
1058 346 1180 378 dudum
1200 355 1216 376 ιι
1232 347 1309 377 viris
1319 347 1433 384 doctis,
1450 353 1480 378 et
1504 351 1664 389 essetjam

53 394 218 434 aliquando
234 394 264 424 si
282 393 390 425 minus
406 394 560 432 confecta,
578 401 729 435 concepta
752 401 838 427 certe
852 395 961 426 animo
982 399 1078 434 atque
1098 394 1220 425 affecta.
1237 395 1314 424 Nam
1332 393 1424 424 illum
1449 395 1555 434 ipsum
1573 397 1667 428 Com-

54 443 191 475 beﬁsium
211 446 364 473 testatum
386 446 435 473 est
456 451 494 473 ex
517 443 646 473 Harles.
662 444 744 474 Bibl.
761 444 861 484 Graec.
877 445 948 479 VII,
974 444 1043 480 68's,
1061 452 1133 474 cum
1155 447 1238 474 esset
1258 444 1368 474 animo
1391 448 1497 474 erecto
1523 446 1561 475 ad
1579 445 1667 477 inda-

54 491 144 530 ganda
168 490 203 521 in
233 491 408 530 lucemque
441 492 602 522 evocanda
627 492 810 523 Graecorum
839 493 969 532 scripta,
993 492 1153 531 imprimis
1180 491 1396 522 ecclesiastica
1421 495 1452 522 et
1478 492 1666 531 Byzantina,

54 538 275 570 Bihliotheeam
303 538 434 578 Regiam
463 543 658 570 scrutantem
693 540 816 579 cepisse
853 549 925 571 cum
955 540 1072 571 Leonis
1104 544 1170 571 tum
1193 540 1288 570 Pselli
1323 540 1421 578 [XIV]
1449 540 1665 579 cognitionem

55 587 287 626 editionemque
305 586 477 626 utriusque
495 588 677 618 adornasse.
691 589 777 625 Quin
792 588 862 628 ipse
877 588 923 619 sic
948 588 1044 618 habet
1064 588 1148 618 notis
1169 589 1207 618 ad
1224 588 1353 618 Auctar.
1367 587 1489 618 noviss.
1512 588 1666 619 Biblioth.

55 636 178 666 ercor.
200 635 285 665 Patr.
305 635 404 665 Paris.
428 636 516 672 1672,
544 644 573 674 p.
594 635 663 672 555,
688 636 882 667 subhorride
911 638 958 673 (ut
983 636 1176 675 plerumque
1193 636 1379 678 incomptus
1399 639 1449 666 est
1473 635 1503 666 in
1521 637 1668 668 oratione

57 682 166 721 Latina)
186 692 192 711 :
211 682 324 712 Photii
341 683 465 713 technas
486 682 643 722 malasque
669 689 752 713 artes
769 693 836 714 cum
855 683 913 714 alii
927 684 1090 724 prosecuti
1103 688 1177 714 sunt
1191 683 1294 714 erci
1308 683 1451 723 aequales,
1473 690 1528 714 aut
1552 693 1668 723 parum

57 739 206 770 suppares,
236 735 303 760 tum
330 739 416 760 metu
443 730 615 770 Logotlteta
649 731 712 769 [hic
753 735 800 762 est
830 732 959 763 Simeon
989 732 1142 771 magister
1173 735 1204 762 et
1232 731 1408 771 logotlteta,
1434 732 1474 762 de
1501 741 1566 770 quo
1590 733 1668 763 Har<

57 779 106 808 les.
122 779 187 814 νη,
204 777 291 816 ῖι17],
319 778 348 808 si
364 778 502 818 quando,
523 787 599 817 pace
621 778 721 809 lenius
744 780 916 818 aspirante,
933 790 968 809 ac
993 779 1263 811 Christianissimo
1293 787 1364 818 rege
1393 788 1514 818 semper
1536 781 1666 816 victore.

59 827 142 866 Regia
156 825 298 865 Lupara,
321 827 464 857 historia:
492 827 678 866 Byzantium
697 835 785 866 ptrue
805 830 979 859 necessario
1009 828 1237 868 supplemento,
1266 837 1334 857 cum
1355 828 1454 858 Leone
1473 829 1614 858 Diacono
1640 835 1666 858 ct

58 874 190 905 Michaele
204 875 322 912 Psello,
340 875 459 914 regium
474 884 543 904 tere
566 875 737 914 multiplici
753 874 848 906 titulo
871 881 1098 916 argumentum,
1109 877 1195 916 juris
1212 875 1337 915 publici
1350 877 1437 915 regia
1454 876 1668 915 muniﬁcentia

46 910 160 962 Κριςίαιε
179 933 215 953 ne
230 923 295 953 sibi
310 910 500 962 per'moras
528 910 679 959 Batavus,
694 928 749 953 aut
766 932 839 962 gens
862 910 938 961 alia,
956 932 1019 952 eam
1042 910 1177 962 gloriam
1212 910 1330 961 rapiat.
1353 910 1411 954 Se~d
1431 931 1458 952 a.
1478 910 1556 953 1679
1569 931 1586 952 a
1604 922 1667 952 vita

59 971 188 1002 discessit
202 970 430 1007 Combeﬁsius,
446 972 551 1010 deque
574 971 701 1002 duobus
719 972 813 1002 tomis
831 971 974 1002 Auctarii
1001 971 1182 1010 Byzantini,
1207 980 1289 1011 quos
1310 971 1452 1002 edendos
1471 971 1533 1002 sibi
1550 979 1668 1010 prepo-

60 1024 163 1057 suerat,
180 1028 218 1050 ne
235 1019 379 1059 priorem
395 1019 526 1058 quidem
545 1019 648 1058 potuit
667 1019 846 1059 divulgare.
864 1021 892 1050 ls
911 1020 1010 1057 enitn,
1027 1021 1199 1058 scriptores
1221 1023 1289 1057 post
1307 1019 1535 1058 TheOpltanem
1561 1019 1667 1050 conti-

60 1076 137 1103 nt-ns,
159 1067 409 1099 Constantinum
437 1067 753 1107 Porphyrogenetam
782 1068 854 1098 dico
880 1068 918 1098 de
936 1067 1007 1097 Vita
1025 1067 1149 1102 Basilii,
1174 1066 1437 1098 Continuatorem
1467 1075 1667 1106 anonymunt

61 1115 264 1154 Theophanis,
285 1116 443 1146 Joannem
458 1115 688 1153 Cameniatam,
705 1115 880 1155 Georgium
908 1115 1114 1152 monachum,
1128 1115 1222 1151 alios,
1243 1123 1307 1145 non
1324 1114 1387 1145 nisi
1410 1115 1567 1146 sexennio
1585 1119 1666 1154 post,

60 1167 174 1194 curante
192 1162 380 1194 Sebastiano
394 1162 700 1202 Mabre-Cramoisy,
717 1172 756 1193 ex
780 1164 990 1203 typographia
1005 1164 1102 1204 Regia
1120 1172 1148 1194 a.
1177 1164 1253 1194 1685
1268 1163 1302 1194 in
1327 1163 1430 1194 lucem
1451 1164 1590 1202 prolatus
1608 1167 1666 1194 est.

61 1211 151 1242 Editio
174 1211 323 1248 alterius,
350 1213 490 1242 Leonem
522 1211 789 1250 Michaelemque
813 1211 952 1242 Psellum
975 1211 1189 1251 complexuri,
1213 1219 1313 1251 prope
1337 1211 1466 1250 triginta
1489 1212 1582 1242 annis
1600 1217 1669 1250 post

61 1260 212 1290 commissa
226 1265 274 1291 est
305 1259 454 1290 Michaeli
485 1261 526 1290 Le
554 1259 672 1296 Quien,
703 1268 741 1290 ex
772 1260 898 1291 schedis
926 1261 1167 1291 Combetisianis
1196 1260 1380 1291 adornanda
1409 1269 1416 1290 :
1443 1260 1508 1291 vid.
1529 1260 1666 1291 Echar-d.

62 1307 205 1346 scriptorr.
231 1308 356 1339 ordinis
381 1307 582 1338 Praedicator.
600 1308 639 1342 ll,
660 1308 729 1338 68's.
746 1309 810 1338 Nec
831 1308 973 1348 segniter
993 1308 1020 1338 is
1048 1316 1082 1338 se
1098 1309 1136 1339 ad
1165 1316 1247 1347 opus
1274 1307 1426 1344 admovit,
1444 1308 1487 1338 ita
1506 1312 1538 1338 ut
1557 1309 1620 1338 Leo
1636 1308 1670 1338 in

62 1356 251 1395 typographia
272 1356 372 1396 Regia
393 1355 542 1386 formulis
557 1355 620 1394 jam
647 1360 768 1395 emptus
787 1356 828 1386 sit
846 1356 1002 1393 describi,
1021 1356 1157 1396 ipseque
1171 1356 1211 1386 Le
1230 1355 1336 1392 Quien
1350 1355 1395 1385 sic
1413 1355 1526 1386 habeat
1543 1355 1668 1386 Orit-nt.

63 1402 201 1435 Christian
218 1404 240 1440 I,
257 1405 339 1435 255:
363 1404 437 1442 Qua:
456 1404 514 1434 Leo
535 1404 695 1434 Diaconus
725 1406 819 1445 refert
845 1405 878 1436 in
894 1404 1054 1441 Historia,
1071 1404 1160 1444 cujus
1175 1412 1250 1442 pars
1276 1404 1362 1442 typis
1378 1404 1484 1442 Regiis
1498 1404 1562 1442 jam
1588 1402 1670 1433 edita

64 1455 107 1481 est.
125 1452 247 1483 Atenim
264 1452 446 1483 intervenit
468 1452 675 1491 impressioni
703 1453 931 1491 ingravescens
955 1452 1090 1489 bellum,
1109 1451 1196 1490 quod
1221 1451 1260 1481 de
1281 1450 1512 1490 Hispaniarum
1537 1459 1669 1481 succes-

64 1499 139 1531 sione
155 1505 277 1539 gestum
294 1504 354 1538 est,
368 1499 604 1540 consiliumque,
621 1505 654 1531 ut
675 1500 787 1531 scribit
809 1500 971 1531 Ecltardus
988 1500 1048 1530 loc.
1061 1499 1128 1535 cit.,
1145 1498 1230 1538 quod
1242 1498 1391 1529 Michaeli
1408 1498 1448 1528 Le
1467 1498 1569 1535 Quien
1587 1508 1670 1528 rom-

63 1549 172 1580 missum
192 1554 256 1580 erat
282 1549 657 1589 exsequendum,jamque
680 1550 765 1588 typis
789 1549 894 1587 Regiis
921 1548 1092 1586 inceptum,
1116 1546 1194 1577 bello
1222 1551 1285 1576 tum
1309 1546 1465 1576 atroriori
1480 1546 1592 1585 ubique
1614 1545 1672 1584 ﬂa-

64 1603 157 1634 grante
186 1599 400 1637 interruptum
440 1602 484 1627 est
505 1607 540 1628 ac
563 1596 736 1636 prolatum.
764 1597 848 1636 Ergo
870 1605 977 1636 neque
1011 1595 1194 1627 Combet‘tsii
1218 1603 1314 1634 opera
1343 1603 1450 1633 neque
1485 1593 1668 1633 Leqnienii,

65 1647 181 1682 3.1733,
201 1648 262 1677 vita
284 1647 398 1682 functi,
421 1645 518 1676 Leoni
539 1645 645 1684 potuit
663 1645 828 1684 prodesse.
846 1645 884 1676 Et
910 1644 1021 1675 mirari
1038 1644 1123 1681 licet,
1143 1643 1286 1682 plagulas
1304 1642 1374 1672 illas
1397 1646 1474 1672 tunc
1495 1641 1670 1679 impressas

66 1692 220 1730 interiisse,
239 1704 340 1734 prope
369 1694 485 1730 dicam,
514 1694 546 1724 in
567 1693 719 1729 nihilum,
737 1701 843 1731 neque
860 1702 996 1734 usquam
1017 1692 1082 1732 jam
1096 1699 1294 1730 comparere.
1314 1691 1380 1729 Ego
1401 1694 1486 1719 certe
1511 1692 1671 1720 scrutatus

67 1750 206 1782 suntquae
223 1744 326 1782 potui,
343 1747 373 1773 et
393 1742 586 1782 perquisivi,
611 1745 818 1781 percontatus
833 1751 964 1782 quoque
978 1744 1110 1780 agentes
1126 1738 1349 1778 typographize
1365 1738 1483 1777 negtm.
1503 1738 1590 1768 viros
1608 1746 1670 1768 non

67 1791 154 1821 solum
180 1793 395 1831 peritissimos
424 1791 502 1822 artis
539 1799 617 1827 suae,
648 1799 759 1821 verum
786 1787 958 1820 historicos
987 1794 1131 1826 quoque,
1156 1788 1509 1822 monumentorumque
1537 1783 1672 1813 oﬂieinie

69 1837 191 1874 ipsorum
223 1840 428 1879 pereuriosos
459 1850 467 1870 :
501 1839 656 1878 reliquias
681 1838 836 1868 editionis
861 1837 951 1867 illius
986 1835 1122 1874 inceptae
1148 1834 1254 1864 nullas
1279 1832 1370 1873 potui
1395 1832 1549 1863 nancisci.
1580 1833 1670 1868 Qua-

69 1892 179 1924 lll‘Optcr
197 1890 277 1926 [XV]
301 1888 459 1928 suSpicor,
482 1886 679 1927 exemplaria
702 1895 737 1917 ea
762 1886 809 1917 vel
833 1894 909 1916 casu
934 1883 1045 1923 aliquo
1075 1881 1244 1922 peculiari,
1271 1881 1320 1912 vel
1346 1881 1418 1912 data
1441 1888 1549 1920 opera,
1570 1880 1672 1911 fuisse

68 1932 163 1966 deleta.

100 2004 147 2034 lll.
162 2006 345 2044 Reliquerat
359 2006 457 2045 igitur
468 2006 692 2043 Combeﬁsius,
703 2014 742 2036 ex
759 2005 816 2035 hac
829 2004 890 2035 vita
904 2004 1055 2043 migrans,
1069 2011 1141 2033 eum
1154 2001 1216 2032 alia
1227 2002 1376 2040 prteclare
1390 2000 1536 2031 inchoata
1553 1999 1663 2030 multa.

71 2057 124 2082 tum
140 2054 323 2091 confectam,
346 2060 381 2085 ut
401 2055 538 2091 videtur,
567 2055 685 2085 Leonis
702 2054 863 2092 Pselliqne
880 2052 1062 2083 versionem
1082 2051 1239 2081 Latinam.
1264 2050 1324 2080 Sed
1345 2050 1398 2079 illa
1418 2049 1534 2088 priora,
1554 2048 1666 2078 multis

70 2101 193 2140 undique
208 2103 239 2134 in
252 2104 386 2134 schedas
403 2103 553 2134 exstincti
582 2103 802 2134 involantibus
820 2101 866 2140 (ut
886 2100 953 2130 fere
967 2100 999 2130 ﬁt
1016 2100 1047 2129 in
1062 2099 1265 2130 eruditorum
1287 2097 1402 2136 obitu),
1421 2097 1575 2135 dissipata
1593 2104 1670 2126 eva-

71 2155 191 2180 nuerunt
209 2163 215 2180 :
235 2152 418 2183 versionem
444 2152 561 2188 Leonis
594 2160 630 2182 ac
648 2151 743 2181 Pselli
766 2149 901 2180 Parisiis
927 2149 958 2179 in
989 2148 1114 2179 aedibus
1136 2147 1195 2177 FF.
1215 2145 1501 2176 Dominicanornm
1527 2145 1564 2175 ad
1588 2145 1670 2174 viam

71 2195 94 2224 S.
110 2197 264 2235 Honorati,
283 2200 338 2231 ubi
361 2201 426 2230 vita
447 2200 543 2230 cessit
565 2199 791 2234 Combclisius,
819 2197 939 2228 multos
955 2205 1057 2227 annos
1082 2199 1274 2226 asservatam
1292 2202 1362 2224 esse
1379 2197 1513 2227 constat.
1533 2192 1670 2231 ejusque

71 2245 174 2282 (‘opiam
190 2249 265 2278 viris
281 2248 384 2278 doctis
400 2247 623 2285 compluribus
641 2247 765 2278 factam.
784 2247 828 2277 lla
846 2246 925 2276 varii
947 2245 1046 2276 variis
1063 2244 1141 2274 locis
1168 2252 1231 2274 non
1247 2242 1353 2273 solum
1368 2242 1567 2272 mentionem
1583 2241 1672 2271 facc-

72 2297 133 2323 runt
158 2296 280 2333 Leonis,
307 2305 418 2326 verum
445 2296 536 2326 illius
567 2296 746 2334 fragmenta
770 2295 899 2333 scriptis
922 2302 1055 2333 quoque
1082 2292 1291 2323 inseruerunt
1316 2291 1397 2321 suis.
1423 2289 1515 2320 Velut
1544 2290 1671 2319 Bandu-

73 2340 126 2370 rius
154 2343 265 2383 Imper.
296 2345 453 2376 Oriental.
487 2345 528 2382 Π,
579 2345 648 2380 Ῐιϐὃ,
689 2344 759 2380 Ιι80,
804 2344 827 2374 lit

919 2344 973 2378 ’26,
1007 2342 1083 2377 7'28;
1123 2340 1307 2379 Ducangius
1349 2347 1422 2370 cum
1454 2338 1487 2368 in
1512 2337 1673 2368 Glossario

72 2396 125 2419 ιιυιι
156 2401 215 2423 uno
244 2393 324 2430 loco,
353 2398 421 2424 tum
452 2393 485 2424 in
518 2393 603 2424 notis
632 2393 669 2424 ad
699 2394 855 2424 Zonaram
893 2392 933 2427 ll,
963 2392 1012 2426 90,
1051 2391 1120 2424 103.
1147 2389 1214 2422 105.
1249 2389 1332 2424 107;
1369 2387 1515 2418 omnium
1537 2386 1675 2417 maxime

72 2442 160 2467 autem
188 2441 344 2472 Francisc.
377 2441 492 2480 Pagius
530 2441 637 2472 Critic.
665 2442 698 2472 in
731 2441 870 2471 Annales
906 2439 1035 2470 Baronii
1070 2439 1136 2473 III,
1161 2437 1243 2472 873,
1273 2446 1338 2466 eam
1370 2436 1542 2466 versionem
1581 2442 1676 2473 opera

73 2483 208 2519 Bernardi
229 2490 451 2529 Montfauconi
477 2499 496 2520 α
529 2499 560 2520 se
580 2489 698 2526 (utam,
720 2494 747 2520 et
763 2489 866 2529 quoad
878 2489 1041 2527 prteripua
1058 2487 1163 2524 capita
1187 2489 1273 2524 (utor
1294 2484 1399 2523 ipsius
1423 2482 1540 2521 verbis)
1562 2481 1676 2512 ili-srri-

73 2536 143 2568 piam
157 2545 213 2567 esse
226 2546 425 2575 asseverans,
442 2539 480 2569 ad
498 2538 664 2569 hislmiam
678 2547 750 2569 saec.
768 2547 785 2568 x
823 2536 984 2576 vergentis
1000 2535 1117 2565 certius
1133 2532 1368 2563 illustrandum.
1387 2533 1431 2562 Ac
1449 2529 1589 2568 profecto
1603 2529 1672 2567 ejus

74 2578 238 2620 frﬁgmentis
268 2587 394 2617 refersit
437 2595 509 2617 cum
545 2591 724 2618 extremum
768 2592 889 2617 tomum
925 2584 1054 2614 tertium
1095 2581 1239 2612 Criticor.
1276 2580 1346 2614 873,
1384 2580 1463 2613 875,
1492 2579 1571 2613 876,
1609 2581 1674 2607 tum

77 2636 206 2663 exorsum
223 2636 297 2666 tomi
323 2635 429 2674 quarti
448 2636 478 2665 3.
495 2653 531 2657 —
548 2635 598 2666 39.
615 2636 705 2666 Unde
721 2636 831 2665 eadem
851 2632 957 2664 hausit
976 2631 1156 2670 partimque
1180 2627 1383 2666 transcripsit
1403 2627 1616 2658 SchloezI‘rus
1644 2625 1676 2654 in

77 2676 188 2711 Nestore
209 2691 233 2713 s.
251 2684 414 2715 Russische
435 2683 579 2714 Amtalen
594 2685 627 2714 in
642 2684 728 2714 ihrer
751 2682 994 2721 Grundsprachc
1015 2690 1046 2709 α.
1066 2689 1090 2709 s.
1104 2688 1142 2709 ω.
1163 2679 1201 2713 ν,
1219 2678 1288 2712 125,
1305 2693 1342 2698 --
1362 2677 1430 2706 177.
1453 2675 1542 2705 Alios
1568 2677 1676 2704 contra

81 2725 197 2759 nimium
222 2737 374 2770 quantuni
400 2733 584 2772 neglexisse
614 2741 649 2762 ea
683 2735 818 2772 questus
844 2735 892 2760 est
916 2729 1030 2760 Saxius
1060 2729 1227 2758 Onomast.
1248 2726 1377 2760 H.156,
1400 2722 1598 2772 nobilissima
1621 2721 1677 2752 illa

78 2772 242 2814 fragmenta,
264 2781 373 2812 Latine
389 2771 481 2817 edita,
511 2782 664 2820 quomodo
686 2780 817 2809 subinde
836 2778 973 2809 homines
999 2776 1152 2809 eruditos,
1169 2780 1318 2813 tanquam
1334 2771 1434 2823 Guill.
1455 2771 1678 2823 (Ea-t‘enliistor.

83 2820 194 2856 Ittterar.
217 2829 379 2868 scriptorr.
417 2819 591 2861 ecolesiast.
611 2830 650 2865 ll,
670 2830 734 2860 106.
752 2827 958 2866 inprimisqtt‘c
978 2827 1009 2854 .l.
1033 2825 1067 2854 Α.
1090 2823 1270 2854 Fabri-rium
1296 2822 1376 2852 Bibl.
1463 2820 1513 2851 Vl.
1535 2819 1576 2871 {is
1592 2819 1678 2871 enim

83 2874 162 2904 Verus
176 2880 218 2907 est
234 2885 386 2911 numerus
406 2890 412 2910 :
429 2879 510 2918 apud
532 2877 661 2909 Saxium
677 2876 793 2916 legitur
811 2877 859 2913 \',]
875 2876 932 2906 333
954 2879 981 2904 ct
1003 2874 1074 2904 Xltl
1093 2873 1160 2909 738,
1176 2871 1271 2902 latere
1289 2870 1462 2908 potuerint,
1481 2868 1678 2904 cogitatione
