1910 3073
53 137 100 168 657
641 138 672 168 C.
695 139 725 168 Β.
747 140 852 169 ttAStt
873 141 1076 172 PILEFATIO.
1111 174 1115 177 _
1619 147 1674 178 ωδ

57 198 195 227 veterum
220 198 429 224 monumenta
444 202 461 224 e
477 193 542 225 situ
561 194 658 230 eruit,
677 195 861 226 Combeﬁsii
881 198 985 228 varios
1010 197 1148 233 labores,
1174 197 1266 235 quasi
1283 206 1299 227 e
1315 197 1453 237 quodam
1478 198 1673 232 inexhausto

56 244 148 278 fonte,
160 241 287 272 hauriri
305 240 380 271 inde
402 249 467 272 non
484 250 583 281 pauca
604 249 697 281 posse
718 243 756 273 ad
773 243 996 274 collectionem
1018 246 1185 273 auctorum
1202 242 1454 280 Byzantinorum
1473 245 1672 278 cumulatius

57 290 240 330 augendam.
257 289 298 328 1E
319 289 532 328 scriptoribus
550 295 657 321 autem
685 291 731 322 ibi
750 292 886 322 servatis
901 291 984 322 duos
1001 300 1073 322 esse
1092 290 1312 329 potissimum,
1331 292 1469 322 Leonem
1492 294 1671 326 Diaconum

58 344 83 370 et
103 337 290 369 Michaelem
316 337 470 374 Psellum,
486 347 624 376 quorum
642 339 742 370 editio
758 342 788 370 et
802 339 1042 370 desideraretur
1063 338 1185 369 dudum
1204 347 1221 369 ιι
1237 339 1314 369 viris
1324 339 1438 377 doctis,
1454 345 1485 370 et
1509 343 1669 382 esseljam

58 386 224 426 aliquando
240 385 268 416 si
286 385 395 417 minus
411 386 565 423 confecta,
583 393 734 427 concepta
757 393 843 419 certe
857 387 966 418 animo
987 391 1083 426 atque
1103 386 1224 417 affecta.
1242 387 1318 416 Nam
1336 386 1429 416 illum
1454 387 1559 427 ipsum
1578 389 1671 420 Com-

59 434 196 467 betisium
217 437 368 464 testatum
391 438 438 464 est
461 443 499 464 ex
522 435 650 465 Harles.
667 435 749 466 Bibl.
766 436 865 476 Grmc.
882 437 952 471 VII,
979 435 1048 472 68's,
1065 444 1138 466 cum
1159 439 1243 466 esset
1263 436 1372 466 animo
1396 441 1502 466 erecto
1527 438 1565 467 ad
1583 438 1672 470 inda-

58 483 149 522 ganda
173 482 208 512 in
239 482 412 522 lucemque
446 483 607 514 evocanda
632 483 814 515 Graecorum
844 484 974 524 scripta,
997 484 1158 523 imprimis
1185 483 1401 514 ecclesiastica
1425 487 1456 514 et
1483 484 1670 523 Byzantina,

59 530 280 561 Bibliothecam
306 530 438 569 Regiam
467 535 663 562 scrutantem
697 532 820 572 cepisse
857 541 930 564 cum
960 532 1077 563 Leonis
1108 536 1174 563 tum
1198 532 1293 562 Pselli
1327 532 1426 570 [XIV]
1453 533 1670 571 cognitionem

60 578 292 616 editionemque
310 578 481 618 utriusque
499 579 682 610 adornasse.
696 580 781 617 Quin
796 580 867 619 ipse
881 580 928 610 sic
953 580 1048 611 habet
1069 580 1153 610 notis
1173 581 1212 611 ad
1229 580 1358 610 Auctar.
1372 579 1494 610 noviss.
1517 580 1670 611 Biblioth.

59 627 183 657 Cramer.
205 627 290 656 Patr.
310 626 409 656 Paris.
433 627 521 663 1672,
549 636 578 665 p.
599 627 668 664 545,
693 628 887 659 subhorride
916 630 963 665 (ut
987 628 1180 667 plerumque
1198 628 1383 666 incomptus
1404 631 1453 658 est.
1477 628 1508 658 in
1526 629 1672 660 oratione

61 674 170 712 Latina)
191 684 197 703 :
217 673 328 704 Photii
345 674 470 704 technas
490 674 648 714 malasque
673 680 757 705 artes
773 685 841 705 cum
859 675 917 706 alii
931 677 1094 716 prosecuti
1108 680 1182 706 sunt
1196 675 1298 706 (ἔναξσί
1313 676 1456 715 ιεᾳιιαιεε,
1478 682 1532 707 aut
1556 685 1672 716 parum

61 731 211 761 suppares,
242 727 309 752 tum
335 731 420 753 meus
448 722 619 762 Logotheta
654 723 717 761 [hic
757 727 804 754 est
834 724 963 755 Simeon
994 725 1146 763 magister
1177 727 1208 754 et
1237 723 1412 763 logotheta,
1439 724 1478 755 de
1505 733 1570 763 quo
1593 725 1673 755 Har-

61 771 111 800 les.
127 770 192 806 VII,
209 768 296 807 H7],
323 770 352 800 si
369 770 506 809 quando,
527 779 604 809 pace
626 770 725 801 lenius
748 772 920 810 aspirante,
937 782 973 801 ac
997 771 1268 803 Christianissimo
1297 779 1368 810 rege
1397 780 1518 810 semper
1540 773 1671 808 victore,

62 819 146 857 Regia
161 817 303 856 Lupara,
326 819 469 849 historia
497 818 682 858 Byzantium
701 827 789 858 ptrue
809 822 983 851 necessario
1013 820 1242 860 supplemento,
1270 829 1338 850 cum
1359 820 1458 850 Leone
1478 821 1618 850 Diacono
1644 827 1670 850 ct

62 865 196 897 Michael:
208 866 326 904 Psello,
344 867 464 906 regium
478 876 547 896 ’H't'c
571 867 742 905 multiplici
757 866 853 898 titulo
875 874 1102 908 argumentum,
1113 869 1200 908 juris
1217 867 1341 907 publici
1354 869 1441 907 regia
1459 869 1672 907 muniﬁcentia

52 905 164 954 λιῖιςὶιιιε
183 925 220 945 ne
235 915 299 945 sibi
314 924 372 954 per
400 924 504 944 moras
532 915 684 952 Batavus,
699 920 753 944 aut
770 923 843 954 gens
867 905 943 952 alia,
960 924 1024 944 eam
1046 905 1181 953 gloriam
1216 905 1334 954 rapiat.
1357 905 1415 946 Se‘d
1435 923 1462 944 a.
1483 905 1560 945 1679
1574 923 1590 944 a
1609 914 1671 944 vita

62 963 193 993 discessit
207 963 434 999 Combeﬁsius,
451 963 555 1002 deque
578 963 706 994 duobus
723 964 817 994 tomis
836 963 978 994 Auetarii
1005 963 1187 1002 Byzantini,
1212 972 1294 1003 quos
1314 963 1456 994 edendos
1475 963 1536 994 sibi
1555 971 1672 1003 propo-

64 1015 168 1049 suerat,
184 1020 223 1042 ne
240 1011 384 1051 priorem
400 1011 530 1049 quidem
549 1011 652 1050 potuit
672 1011 850 1050 divulgare.
869 1012 897 1042 Is
915 1012 1014 1049 enim,
1031 1013 1204 1050 scriptores
1225 1015 1294 1049 post
1312 1011 1539 1050 Theophanem
1566 1011 1671 1042 conti-

64 1068 141 1095 nens,
164 1059 413 1091 Constantinum
442 1059 757 1098 Porpliyrogenetam
787 1060 858 1090 dico
884 1060 923 1090 de
940 1059 1011 1089 Vita
1029 1059 1154 1094 Basilii,
1179 1058 1441 1090 Continuatorem
1471 1067 1671 1098 anonymuut

64 1106 269 1146 Theophanis,
290 1108 446 1137 Joannem
463 1106 693 1144 Cameniatam,
709 1107 885 1147 Georgium
913 1107 1118 1143 monachum,
1133 1107 1226 1143 alios,
1247 1116 1312 1138 non
1328 1107 1391 1137 nisi
1414 1107 1572 1138 sexennio
1589 1111 1670 1146 post,

63 1158 178 1186 curante
196 1154 385 1186 Sebastiano
399 1154 704 1193 Mabre-Cramoisy,
722 1163 760 1185 ex
784 1156 994 1195 typOgraphia
1010 1156 1107 1195 Regia
1124 1164 1153 1186 a.
1181 1156 1257 1186 1685
1273 1155 1306 1186 in
1332 1155 1435 1186 lucem
1455 1157 1594 1194 prolatus
1613 1160 1670 1186 est.

64 1203 155 1234 Editio
179 1203 327 1240 alterius,
354 1204 494 1234 Leonem
526 1203 793 1242 Michaelemque
817 1203 956 1234 l‘sellnm
979 1203 1194 1243 eomplexuri,
1217 1211 1317 1243 prope
1341 1203 1470 1242 triginta
1493 1204 1587 1234 annis
1605 1209 1674 1243 post

64 1252 217 1282 commissa
231 1257 280 1283 est
309 1251 459 1282 Michaeli
489 1252 530 1282 Le
559 1251 676 1288 Quien,
707 1260 746 1282 ex
777 1251 902 1282 schcdis
930 1253 1172 1284 Combeﬁsianis
1200 1252 1384 1283 adornanda
1414 1261 1420 1282 :
1448 1252 1512 1283 vid.
1533 1252 1670 1284 Echard.

65 1299 209 1338 scriptorr.
235 1300 360 1330 ordinis
386 1299 586 1330 Prwdicator.
604 1299 644 1334 ll,
665 1300 733 1330 68's.
750 1301 814 1330 Nec
835 1299 977 1340 segniter
997 1300 1024 1330 is
1053 1309 1086 1330 se
1102 1301 1140 1331 ad
1170 1308 1251 1339 opus
1278 1299 1430 1336 admovit,
1448 1300 1491 1330 ita
1510 1304 1542 1331 ut
1561 1301 1624 1330 Leo
1639 1300 1674 1330 iu

66 1347 256 1387 typographia
277 1347 377 1388 Regia
397 1347 547 1378 formulis
561 1347 624 1386 jam
651 1351 772 1386 emptus
791 1348 832 1378 sit
850 1348 1006 1384 describi,
1024 1348 1161 1388 ipseque
1174 1349 1216 1378 Le
1234 1347 1340 1384 Quien
1354 1347 1400 1378 sic
1417 1347 1530 1378 habeat
1547 1347 1672 1378 Orient.

66 1395 205 1426 Christian
222 1396 245 1432 Ι,
262 1397 343 1427 255;
367 1395 442 1433 Qum
460 1395 518 1425 Leo
540 1396 699 1427 Diaconus
729 1397 823 1437 refert
849 1397 882 1427 in
898 1396 1058 1433 Historia,
1075 1397 1165 1436 cujus
1179 1404 1254 1434 pars
1280 1396 1366 1434 typis
1382 1395 1489 1434 Regiis
1502 1396 1566 1434 jam
1592 1394 1674 1425 edita

67 1447 111 1473 est.
129 1444 251 1474 Atenim
269 1444 450 1474 intervenit
472 1444 679 1483 impressioni
707 1444 936 1483 ingravescens
959 1444 1095 1481 bellum,
1113 1442 1200 1482 quod
1225 1443 1264 1473 de
1285 1443 1515 1482 Hispaniarum
1541 1451 1673 1473 Succes—

67 1490 143 1522 sinne
159 1497 283 1531 gestum
298 1496 358 1530 est,
372 1491 608 1532 consiliumque,
624 1496 658 1523 ut
679 1492 792 1523 scribit
814 1492 975 1523 Echardus
992 1492 1052 1522 loc.
1065 1491 1132 1527 cit.,
1149 1490 1233 1530 quod
1247 1490 1396 1521 Michaeli
1412 1490 1452 1520 Le
1471 1490 1573 1527 Quien
1591 1500 1674 1520 com-

66 1541 176 1571 missum
196 1546 262 1572 erat
288 1541 661 1581 exsequendum,jamque
684 1542 769 1580 typis
793 1541 899 1579 Regiis
925 1540 1097 1578 inceptum,
1120 1538 1198 1568 bello
1226 1543 1290 1568 tum
1313 1538 1469 1568 atrociori
1484 1538 1596 1578 ubique
1618 1537 1676 1576 ﬂa-

66 1595 161 1626 grante
190 1590 404 1629 interruptum
444 1594 489 1619 est
509 1599 544 1619 ac
567 1588 740 1628 prolatum.
768 1589 852 1628 Ergo
875 1598 981 1628 neque
1015 1587 1199 1619 Combeﬁsii
1222 1595 1318 1625 opera
1348 1595 1454 1625 neque
1490 1585 1672 1625 Leqnienii,

67 1639 184 1674 a.1733,
205 1639 266 1669 vita
290 1639 402 1674 functi,
424 1637 523 1668 Leoni
543 1637 648 1675 potuit
667 1637 832 1676 prodesse.
850 1637 888 1668 Et
914 1636 1025 1667 mirari
1042 1636 1127 1672 licet,
1147 1635 1290 1674 plagulas
1308 1634 1379 1664 illas
1401 1638 1478 1664 tunc
1499 1634 1674 1671 impressas

68 1684 224 1722 interiisse,
242 1695 344 1726 prope
373 1685 489 1722 dicam,
519 1685 549 1715 in
571 1685 723 1721 nihilum,
741 1693 847 1723 neque
864 1694 1000 1725 usquam
1022 1684 1086 1724 jam
1099 1691 1298 1722 comparere.
1318 1683 1384 1721 Ego
1405 1687 1490 1712 certe
1516 1684 1675 1712 scrutatus

68 1743 126 1763 sum
143 1744 209 1774 quas
226 1736 330 1774 potui,
347 1738 377 1765 et
397 1734 590 1774 perquisivi,
615 1737 822 1773 percontatus
837 1742 968 1774 quoque
982 1735 1114 1772 agentes
1130 1730 1354 1770 typographiae
1369 1730 1487 1769 Regina.
1507 1730 1594 1760 viros
1612 1738 1674 1760 non

68 1783 157 1814 solum
183 1784 399 1823 peritissimos
427 1783 505 1814 artis
543 1791 621 1819 suae,
652 1791 763 1813 verum
791 1779 962 1812 historicos
991 1786 1134 1818 quoque,
1160 1780 1513 1814 monumentorumque
1541 1775 1676 1806 oilicinre

70 1829 194 1867 ipsorum
226 1832 432 1871 pereuriosos
463 1842 470 1861 :
505 1830 660 1870 reliquias
685 1829 840 1860 editionis
864 1828 955 1859 illius
989 1826 1126 1866 inceptae
1153 1826 1259 1856 nullas
1283 1824 1374 1865 potui
1399 1825 1553 1855 nancisci.
1584 1825 1675 1860 Qua-

70 1884 181 1917 propter
199 1881 283 1918 [XV]
305 1879 463 1919 suspicor,
486 1877 683 1918 exemplaria
705 1887 741 1909 ea
766 1878 813 1909 vel
837 1886 913 1908 casu
937 1876 1049 1915 aliquo
1079 1873 1248 1914 peculiari,
1276 1873 1324 1904 vel
1351 1873 1422 1904 data
1445 1881 1554 1912 opera,
1575 1873 1676 1903 fuisse

69 1924 166 1958 deleta.

102 1996 149 2027 lll.
165 1998 349 2036 Reliquerat
363 1998 461 2037 igitur
471 1998 696 2035 Combet‘isius,
707 2006 746 2028 ex
763 1997 820 2027 hac
833 1996 893 2026 vita
907 1996 1059 2035 migrans,
1073 2003 1145 2025 cum
1158 1993 1220 2024 alia
1231 1994 1380 2032 praclare
1395 1993 1541 2023 inchoata
1557 1992 1667 2022 multa.

72 2050 126 2074 tum
143 2046 327 2083 confectam,
350 2052 385 2077 ut
404 2046 542 2083 videtur,
571 2047 689 2077 Leonis
706 2045 867 2084 Psellique
884 2044 1066 2075 versionem
1086 2043 1244 2073 Latinam.
1269 2041 1328 2072 Sed
1349 2041 1402 2071 illa
1422 2041 1538 2080 priora,
1558 2040 1670 2070 multis

70 2093 197 2132 undique
211 2094 243 2126 in
257 2096 389 2126 schedas
407 2095 557 2126 exstincti
585 2094 806 2125 involantibus
824 2093 870 2132 (ut
891 2092 958 2123 fere
971 2092 1003 2122 ﬁt
1020 2091 1051 2121 in
1066 2091 1269 2122 eruditorum
1290 2089 1406 2128 obitu),
1425 2089 1579 2127 dissipata
1597 2096 1674 2118 eva-

72 2147 218 2173 nuerunt:
239 2144 421 2174 versionem
448 2144 565 2180 Leonis
598 2152 633 2174 ac
652 2142 747 2173 Pselli
770 2142 905 2172 Parisiis
931 2141 962 2171 in
993 2140 1118 2171 aedibus
1141 2139 1200 2169 FF.
1219 2137 1505 2169 Dominicanorum
1531 2137 1568 2167 ad
1592 2136 1675 2166 viam

72 2188 96 2217 S.
112 2190 268 2227 Honorati,
287 2192 343 2222 ubi
365 2193 429 2222 vita
451 2191 547 2222 cessit
568 2191 795 2226 Combeiisius,
822 2189 943 2220 multos
959 2197 1061 2219 annos
1086 2191 1278 2218 asservatam
1296 2194 1367 2216 esse
1383 2189 1518 2219 constat,
1538 2184 1675 2223 ejusque

73 2237 177 2274 rapiam
193 2240 269 2270 viris
286 2239 388 2270 tinctis
403 2239 627 2277 compluribus
645 2239 770 2270 factam.
788 2239 832 2269 ita
850 2238 929 2268 varii
951 2237 1049 2268 variis
1067 2236 1145 2266 locis
1171 2244 1234 2266 non
1251 2234 1357 2265 solum
1372 2234 1571 2264 mentionem
1587 2233 1676 2263 fece—

73 2290 135 2316 runt
161 2288 285 2325 Leonis,
311 2297 422 2318 verum
448 2288 539 2318 illius
571 2288 749 2325 fragmenta
774 2287 903 2325 scriptis
926 2294 1059 2325 quoque
1086 2284 1295 2315 inseruerunt
1319 2283 1400 2313 suis.
1428 2282 1519 2312 Velut
1548 2282 1676 2312 Bandu-

74 2333 128 2363 rius
157 2336 269 2375 lmper.
300 2337 456 2368 Oriental.
491 2337 532 2374 ll,
583 2337 652 2372 1565,
693 2337 763 2372 £80,
808 2336 878 2371 1.81,
907 2336 977 2370 726,
1011 2334 1087 2369 728;
1126 2332 1310 2371 Ducangius
1353 2340 1426 2362 cum
1458 2330 1491 2360 in
1516 2329 1679 2361 Glossario

74 2389 127 2412 non
158 2393 219 2414 uno
248 2385 328 2421 loco,
357 2389 424 2416 tum
456 2385 489 2416 in
522 2385 606 2416 notis
636 2385 672 2416 ad
703 2386 859 2415 Zonaram
898 2384 937 2418 ll,
967 2385 1016 2418 90,
1055 2383 1123 2415 103.
1151 2382 1218 2414 105.
1252 2382 1336 2417 107;
1373 2379 1519 2410 omnium
1541 2379 1679 2410 maxime

73 2435 163 2460 autem
190 2433 348 2464 Francisc.
381 2433 496 2472 Pagius
534 2434 641 2465 Critic.
668 2433 701 2463 in
735 2433 874 2463 Annales
910 2431 1038 2462 Barouii
1075 2431 1139 2465 ΙΙΙ,
1165 2430 1246 2464 873,
1277 2438 1342 2458 eam
1374 2429 1546 2458 versionem
1585 2435 1680 2465 opera

74 2476 211 2511 Barnardi
233 2482 454 2521 Montfauconi
481 2491 500 2512 ιι
532 2491 564 2512 se
583 2481 702 2518 lectam,
724 2486 751 2511 et
766 2481 870 2521 quoad
883 2480 1044 2519 prieripua
1061 2479 1167 2516 capita
1190 2481 1276 2516 (utor
1299 2476 1402 2515 ipsius
1427 2474 1544 2513 verbis)
1566 2473 1680 2504 descri-

73 2530 146 2562 ptam
159 2538 216 2559 esse
229 2538 429 2567 asseverans,
446 2531 483 2561 ad
502 2530 667 2561 historiam
681 2539 754 2561 saac.
772 2539 789 2560 ς
827 2528 987 2568 vergentis
1004 2527 1120 2556 certius
1138 2524 1372 2555 illustrandum.
1391 2525 1435 2553 Ac
1453 2521 1592 2560 profecto
1606 2521 1676 2560 ejus

75 2571 241 2613 fragmentis
272 2579 398 2609 refersit
441 2587 513 2609 cum
548 2583 728 2610 extremum
772 2584 892 2609 tomum
929 2576 1057 2606 tertium
1099 2573 1243 2604 Criticor.
1279 2572 1350 2607 873,
1387 2572 1466 2605 875,
1496 2571 1575 2606 876,
1613 2574 1678 2599 tum

77 2630 209 2656 exorsum
227 2628 301 2657 tomi
327 2627 432 2666 quarti
451 2628 482 2657 3.
499 2644 535 2649 -—
551 2628 602 2658 39.
619 2628 709 2658 Unde
725 2627 835 2657 eadem
855 2624 962 2656 hausit
979 2623 1160 2662 partimque
1183 2619 1387 2658 lranscripsit
1407 2619 1620 2650 S::l1loez--rus
1648 2617 1680 2646 in

78 2670 190 2704 Nestore
211 2684 236 2706 s.
254 2676 418 2707 Russische
439 2675 583 2706 Annalen
597 2677 630 2706 in
646 2676 732 2706 ihrer
754 2673 998 2713 Grundsprachc
1019 2681 1050 2701 ιι.
1069 2680 1094 2701 s.
1108 2680 1146 2701 ω.
1167 2671 1205 2705 V,
1222 2670 1292 2704 125.
1309 2686 1346 2690 -
1366 2669 1433 2698 177.
1458 2667 1546 2697 Alios
1572 2669 1680 2696 contra

81 2718 200 2752 nimium
225 2728 377 2762 quantum
404 2724 587 2764 neglexisse
618 2733 652 2754 ea
687 2727 822 2764 questus
848 2727 895 2753 est
919 2721 1034 2752 Saxius
1064 2721 1231 2750 Onomast.
1252 2718 1381 2752 11,156,
1404 2714 1602 2764 nobilissima
1625 2714 1681 2745 illa

78 2766 246 2807 fragmento,
268 2772 377 2803 Latine
392 2763 484 2809 edita,
515 2774 668 2812 quomodo
690 2771 820 2801 subinde
839 2770 977 2801 homines
1003 2768 1156 2801 eruditos,
1173 2771 1322 2805 tanquam
1338 2763 1438 2815 Guill.
1459 2763 1682 2815 (gare-illisit».

83 2813 197 2849 lillerar.
221 2821 382 2860 seriptorr.
420 2811 595 2852 ccclesinst.
614 2822 654 2857 ll,
674 2819 961 2858 106,1'nprimisqitc
982 2818 1012 2846 .I.
1036 2816 1071 2845 Λ.
1094 2815 1274 2845 Fabri-rium
1299 2814 1380 2844 Bibl.
1398 2813 1451 2863 (ir.
1466 2811 1517 2843 Vl.
1539 2811 1579 2863 [is
1596 2811 1681 2863 enim

84 2868 164 2897 Verus
179 2873 222 2900 est
238 2878 389 2902 numerus
410 2882 415 2902 :
432 2871 514 2910 apud
536 2869 664 2901 Saxium
681 2868 796 2908 legitur
815 2869 863 2905 \',]
879 2868 936 2897 3333
958 2871 985 2896 cl
1007 2865 1078 2896 ΧΗΙ
1097 2863 1275 2901 788,1utere
1293 2862 1465 2900 potuerint,
1485 2860 1682 2896 cogitatione
