1910 3073
228 98 284 130 639
663 119 666 122 ι
828 102 859 132 C.
880 103 911 132 B.
935 103 1040 133 IIASII
1066 105 1272 136 PIIEFATII).
1805 110 1854 141 (vili

227 155 358 194 assequi
373 163 406 185 se
423 163 484 185 non
504 163 608 194 posse.
629 156 767 186 Tametsi
784 156 814 186 in
828 156 878 186 his
894 162 1034 188 erratum
1053 164 1099 189 est
1121 160 1224 198 ipsius
1236 161 1335 192 Saxii.
1358 163 1432 192 Nam
1457 162 1544 192 cadat
1559 163 1622 201 jam
1644 163 1714 201 ejus
1741 172 1849 202 repre-

229 204 345 234 hensio
365 203 396 233 iu
416 203 612 239 Fabricium,
640 204 732 243 cujus
759 205 923 235 VOIUIIllIIl
952 206 1101 235 exierunt
1126 206 1262 236 alterum
1283 215 1310 237 δ.
1333 207 1420 244 171ῐι,
1439 208 1578 239 alterum
1603 218 1631 239 ο.
1653 210 1743 242 1726.
1764 210 1848 242 Guil.

228 252 331 282 Caveo
370 255 474 285 certe,
507 251 562 289 qui
605 252 732 290 scripsit
762 261 790 282 a.
827 253 922 290 1688,
958 253 1034 282 vitio
1067 254 1181 293 nequit
1217 254 1307 292 dari,
1341 255 1428 294 quod
1461 259 1537 287 tunc
1569 257 1732 296 ignoravit
1779 268 1847 297 quae

226 299 344 338 Pagius
366 306 395 329 a.
419 299 497 329 1705
523 304 588 330 erat
609 300 769 331 editurus.
789 301 847 332 Sed
872 305 904 331 ut
921 305 1059 332 revertar
1079 303 1116 332 ad
1144 303 1326 333 versionem
1351 305 1631 340 Combetisianam,
1648 306 1849 345 superfuisse

226 355 262 378 ea
285 347 412 377 videtur
438 356 541 386 usque
565 348 602 378 ad
632 353 753 378 motum
780 350 985 387 repentinum
1006 358 1070 388 quo
1098 350 1200 381 Gallia
1230 355 1315 387 tota,
1346 357 1498 391 vergente
1526 355 1645 384 saeculo
1670 354 1849 393 superiore,

225 394 360 426 confusa
379 398 439 425 est.
460 396 550 426 Tunc
567 395 620 425 illa
643 397 710 435 ipsa
730 397 881 435 procella,
907 406 980 436 qua).
999 398 1084 427 viros
1101 398 1219 428 studiis
1234 399 1436 430 actioctrinis
1461 401 1736 439 exquisitioribus
1754 402 1850 432 claros

224 444 341 483 partim
371 442 486 482 dejecit
505 443 544 473 de
568 447 652 474 statu
681 444 782 480 omni,
803 445 916 482 partim
935 445 1114 484 praecipites
1139 447 1337 484 perturbavit
1361 456 1399 477 ex
1421 448 1542 486 patria;
1564 449 1664 487 [XVI]
1688 449 1848 488 quodlatu

225 492 361 530 collegia
386 491 537 522 litteraria
567 496 596 522 et
616 492 765 531 religiosa
788 493 936 523 universa
959 492 1085 530 evertit,
1106 494 1218 524 eodem
1240 498 1274 524 ut
1291 495 1388 524 multa
1404 495 1466 525 alia
1484 495 1608 534 ingenii
1627 502 1849 535 monumenta,

225 540 344 571 chartis
359 540 532 570 reconditis
553 541 710 577 mandata,
725 542 772 571 sic
792 541 868 571 item
887 541 1015 572 ultimas
1032 541 1186 580 reliquias
1205 542 1385 572 sedulitatis
1405 543 1648 574 Combetisianaa
1663 543 1844 583 dissipavit,

224 592 279 619 aut
294 588 412 618 obruit.
431 589 524 619 Certe
541 597 648 627 neque
669 592 734 618 tum
753 597 825 618 cum
849 589 1072 628 expilarentur
1088 589 1218 620 libraria
1246 591 1307 620 FF.
1326 590 1629 626 Dominicanorum,
1648 601 1758 631 neque
1778 602 1848 624 cum

226 640 298 675 post
322 636 543 675 surreptioncs
563 636 664 667 varias
690 636 764 667 libri
781 636 856 666 inde
877 636 999 667 residui
1019 645 1073 676 per
1099 638 1310 668 bibliothecas
1334 638 1477 669 diversas
1502 639 1739 678 diriberentnr,
1755 642 1849 681 quid-

225 693 321 724 quam
339 685 377 716 dc
396 685 531 724 repertis
549 685 731 716 Combeﬁsii
748 685 876 715 schedis
892 685 1040 716 auditum
1058 689 1118 721 est,
1131 686 1250 715 nedum
1263 686 1301 717 de
1321 686 1528 717 versionihus
1545 687 1663 719 Leonis
1684 692 1716 719 et
1730 689 1848 719 Psclli:

224 742 298 773 quae
316 734 364 764 vel
383 733 414 764 in
433 733 550 764 latebra
564 733 828 773 aliquaignorata
843 733 1037 763 delitescunt
1051 733 1165 770 adhuc,
1181 734 1229 764 vel
1243 734 1340 774 (quod
1354 735 1456 772 magis
1473 739 1519 766 est
1533 735 1702 776 credibile)
1716 738 1853 768 omnino

224 782 321 815 hodie
335 781 583 813 interciderunt.

265 841 318 871 IV.
341 840 458 877 Quare,
478 840 533 871 ubi
552 840 650 871 Semel
665 841 698 871 in
715 840 857 871 animum
883 840 1075 871 iuduxcram
1098 841 1236 872 Leonem
1265 842 1298 872 in
1316 842 1419 873 lucem
1442 842 1598 882 proferre,
1616 843 1684 874 ﬁeri
1705 845 1850 883 oportuit

224 897 338 919 novam
359 888 659 928 inierpretatiouem
681 889 751 928 ejus
772 889 913 919 Latinam
933 900 939 919 :
959 892 1047 919 extra
1070 898 1168 929 pauca
1192 899 1265 930 quae
1283 899 1381 930 supra
1396 891 1476 928 dixi,
1497 891 1532 922 in
1558 891 1684 923 Criticis
1700 893 1850 932 Pagianis

223 943 422 969 conservata.
439 939 561 970 Deinde
577 939 761 977 conquisivi
778 948 851 979 quae
863 940 898 970 ad
912 939 1142 970 illustrandum
1162 938 1352 978 scriptorem
1371 943 1563 979 spectarent.
1580 940 1654 977 Sed,
1671 948 1772 980 opera
1784 941 1847 981 jam

222 986 289 1017 fere
309 986 398 1026 prelo
421 989 538 1026 parata,
564 987 747 1026 perSpicere
773 987 867 1026 coepi,
894 991 1032 1026 quantas
1051 988 1120 1026 ejus
1142 986 1242 1018 editio
1263 987 1467 1018 difﬁcultates
1489 990 1574 1018 esset
1590 987 1755 1024 habitura,
1777 997 1847 1020 cum

222 1035 313 1072 alias,
330 1044 410 1074 quas
434 1035 486 1066 hic
508 1036 637 1066 detinite
663 1035 800 1066 edisseri
824 1035 902 1075 quid
928 1034 1067 1066 attinet?
1087 1040 1153 1067 tum
1183 1035 1440 1074 magnitudinem
1469 1035 1704 1075 impensarum,
1724 1037 1846 1076 quibus

223 1093 282 1114 nec
304 1083 420 1122 privati
446 1083 591 1122 cujusvis
609 1083 708 1114 unius
730 1087 941 1122 suppeterent
962 1083 1055 1115 facile
1080 1083 1192 1122 copiae,
1212 1092 1271 1114 nec
1292 1087 1378 1115 certe
1401 1092 1492 1115 mete.
1515 1085 1705 1121 Accedebat,
1722 1090 1757 1116 ut
1779 1085 1850 1126 ipse

223 1132 255 1162 iu
276 1132 472 1163 Bibliotheca
502 1131 600 1171 Regia
628 1132 689 1162 sub
717 1131 747 1162 id
779 1136 905 1171 tempus
934 1140 1040 1163 essem
1073 1131 1355 1172 occupatissimus,
1381 1132 1527 1164 notitiam
1552 1133 1645 1164 codd.
1671 1134 1792 1165 Graece.
1810 1143 1846 1165 ex

224 1181 312 1212 Italia
345 1189 455 1211 recens
483 1181 652 1211 allatorum
681 1180 836 1212 coniicere
866 1189 998 1217 conans,
1024 1181 1151 1220 qualem
1180 1181 1220 1211 de
1245 1181 1337 1212 codd.
1367 1181 1566 1212 Florentinis
1592 1182 1784 1219 Bandiuius,
1810 1183 1846 1213 de

221 1229 532 1260 Viudobonensibus
559 1229 748 1260 Lambecius
779 1229 966 1260 ediderunt.
992 1229 1224 1266 Quamobrem,
1253 1237 1318 1269 quo
1352 1229 1464 1260 saltem
1489 1229 1723 1268 intelligerem,
1751 1231 1846 1270 quale

229 1278 372 1308 virorum
392 1277 559 1307 doctorum
575 1277 738 1316 judicium
759 1276 908 1308 futurum
932 1280 1017 1308 esset
1039 1277 1078 1308 de
1104 1278 1224 1315 Leone,
1241 1277 1319 1308 satis
1342 1281 1420 1308 tunc
1442 1277 1553 1315 habui,
1572 1278 1688 1309 librum
1706 1283 1845 1316 sextum,

221 1330 257 1355 ut
280 1330 345 1356 erat
361 1334 376 1355 a
394 1334 445 1356 me
462 1334 587 1362 versus,
605 1333 752 1356 seorsum
769 1324 958 1364 speciminis
980 1333 1076 1356 causa
1097 1325 1131 1356 in
1150 1325 1253 1356 lucem
1271 1325 1417 1365 proferre
1432 1325 1560 1356 Notice:
1586 1331 1612 1357 et
1630 1326 1781 1357 Eximit:
1791 1326 1842 1358 des

220 1373 299 1404 Mss.
314 1373 349 1403 de
365 1373 395 1402 Ia
412 1372 627 1412 Bibliothéquc
641 1372 684 1403 du
695 1373 767 1409 Roi,
784 1377 844 1404 etc.
860 1373 946 1409 VIII,
961 1373 1021 1403 25h
1037 1390 1073 1396 —
1088 1374 1160 1405 296.
1173 1374 1284 1413 Neque
1301 1374 1478 1414 quidquam
1501 1373 1632 1413 posthac
1650 1375 1786 1414 propius
1801 1379 1848 1406 est

220 1422 354 1458 factum,
372 1429 467 1460 quam
484 1425 519 1451 ut
547 1420 775 1460 cogitationem
794 1421 947 1451 editionis
972 1421 1105 1462 integrae
1124 1421 1259 1452 omnino
1281 1421 1490 1454 dimitterem.
1523 1422 1658 1462 Aliquot
1676 1423 1754 1454 anni
1773 1433 1845 1454 cum

221 1469 268 1499 sic
292 1468 503 1502 emuxissent.
531 1477 581 1499 me
602 1468 676 1499 aliis
697 1468 979 1499 sollicitudinibus
1003 1469 1157 1508 curisque
1181 1468 1336 1505 distento,
1359 1478 1432 1501 ecce
1458 1470 1507 1501 vir
1522 1470 1646 1508 doctus,
1664 1480 1729 1511 quo
1752 1480 1847 1503 nemo

221 1517 310 1548 omni
332 1517 536 1556 antiquitatis
555 1516 820 1556 septentrionalis
847 1517 1002 1548 memoria
1028 1515 1259 1554 abundantior,
1282 1525 1378 1548 nemo
1400 1517 1433 1548 in
1456 1518 1676 1549 monumentis
1701 1519 1848 1550 historia:

219 1563 363 1596 Russicze
392 1564 625 1602 examinandis,
652 1565 888 1604 comparandis,
913 1565 1113 1605 explicandis
1140 1565 1266 1596 acutior
1300 1569 1356 1596 aut
1380 1565 1516 1603 felicior,
1541 1565 1711 1606 Philippus
1739 1568 1847 1604 Knue,

219 1614 399 1646 Academia;
419 1613 600 1653 Imperialis
624 1613 832 1644 scientiarum
852 1614 1097 1653 Petropolitanaa
1122 1613 1220 1644 decus
1247 1617 1278 1644 et
1295 1617 1534 1650 ornamentum,
1552 1614 1637 1645 ultro
1654 1624 1705 1646 me
1730 1616 1847 1647 litteris

222 1663 302 1694 mire
324 1663 427 1702 puris,
453 1662 578 1700 amicis,
599 1662 744 1693 candidis
759 1662 850 1698 adiit,
869 1662 1016 1701 nihilque
1040 1661 1187 1701 opinanti
1205 1662 1482 1699 commonstravit,
1499 1663 1774 1702 quemadmodum
1796 1666 1843 1696 rei

222 1712 345 1751 pridem
374 1711 532 1741 institutae
552 1710 698 1750 expediri
728 1711 835 1742 exitus
855 1716 974 1750 posset.
997 1712 1118 1749 Nempe
1138 1709 1266 1747 imperii
1287 1709 1413 1740 Russici
1439 1711 1680 1748 cancellarium,
1705 1717 1779 1749 etc.,
1799 1713 1844 1744 ill.

219 1760 368 1792 comitem
393 1759 558 1790 Nicolaum
576 1769 616 1790 DE
633 1760 848 1797 liommzoer,
871 1761 988 1796 virum,
1008 1757 1140 1789 utomni
1164 1766 1350 1796 magnarum
1376 1766 1485 1788 rerum
1512 1758 1606 1790 laude
1626 1760 1841 1797 cumulatum,

219 1810 262 1840 ita
291 1813 400 1839 natum
435 1808 654 1848 provehendis
686 1808 878 1840 liberalibus
904 1807 1033 1844 studiis,
1065 1815 1136 1837 cum
1170 1805 1202 1835 in
1232 1813 1345 1835 manus
1379 1804 1448 1844 ejus
1480 1806 1651 1837 incidisset
1680 1808 1844 1846 specimen

219 1858 333 1895 {XVII}
362 1857 481 1887 Leonis
505 1856 538 1887 in
564 1857 692 1887 Notitiis
721 1857 798 1887 Mss.
825 1857 960 1892 editum,
983 1860 1105 1896 optare,
1129 1858 1162 1886 ut
1175 1854 1312 1894 scriptor
1339 1857 1424 1885 totus
1454 1855 1485 1886 in
1506 1855 1609 1886 lucem
1637 1856 1844 1895 proferatur:

218 1909 368 1944 Sumptus
393 1905 592 1936 necessarius
609 1905 758 1936 eumdem
787 1904 1124 1936 subministraturum.
1145 1903 1277 1933 Miritice
1301 1902 1402 1941 igitur
1429 1903 1606 1934 delectatus
1634 1904 1695 1934 hoc
1713 1906 1841 1939 nuntio.

222 1953 325 1983 multo
354 1954 461 1984 acrius
481 1953 585 1984 exarsi
608 1953 646 1983 ad
674 1952 882 1991 cupiditatem
913 1953 1028 1983 edendi
1053 1952 1188 1991 oneris:
1216 1951 1386 1990 ipsiusque
1412 1951 1530 1981 illustr.
1558 1952 1688 1982 comitis
1722 1951 1841 1983 litteri‘

219 2002 316 2040 paulo
338 2004 409 2040 post
436 2001 539 2040 magis
569 2000 666 2031 etiam
696 2001 917 2037 confirmatus,
949 1999 1106 2038 evestigio
1140 2007 1234 2029 orsus
1261 2007 1332 2028 sum
1360 1998 1551 2030 editionem.
1575 1999 1686 2038 Neque
1713 2001 1844 2031 aliunde

217 2049 494 2087 amplissimorum
514 2049 684 2080 hominum
708 2049 786 2080 mihi
801 2048 905 2080 defuit
925 2048 1067 2079 studium
1087 2050 1143 2077 aut
1168 2046 1326 2076 voluntas.
1348 2046 1424 2076 Nam
1451 2050 1482 2077 et
1499 2046 1548 2076 vir
1573 2055 1723 2078 summus
1738 2057 1844 2078 comes

217 2107 258 2127 ne
275 2098 521 2134 ltlonresomoo,
538 2097 682 2128 Francia;
707 2105 776 2136 par,
805 2097 890 2136 regis
919 2094 1188 2127 Christianissimi
1209 2094 1417 2125 consiliarius
1444 2094 1593 2130 intimus,
1621 2104 1692 2125 cum
1711 2096 1844 2126 admini-

217 2145 403 2176 strationem
416 2146 616 2182 interiorem,
630 2149 758 2176 utnunc
773 2153 935 2181 vocamus,
946 2145 976 2175 in
990 2143 1091 2174 Gallia
1102 2143 1243 2176 haberet,
1255 2143 1418 2182 redempto
1433 2142 1681 2182 exemplarium,
1693 2148 1726 2174 ut
1740 2144 1842 2176 aiunt.

218 2201 354 2223 numero
379 2193 464 2224 haud
490 2193 620 2233 exiguo,
649 2193 930 2232 expeditissimum
955 2191 1088 2222 reddere
1119 2195 1220 2221 tntum
1249 2189 1460 2229 imprimendi
1485 2191 1652 2230 negotium
1685 2192 1836 2231 dignatus

218 2244 286 2270 est:
304 2249 398 2279 quam
420 2241 489 2281 ejus
511 2241 709 2273 voluntatem
729 2245 826 2272 ratam
843 2241 920 2271 fecit
943 2243 1014 2280 post
1030 2248 1104 2270 eum
1122 2239 1233 2270 eodem
1251 2247 1386 2270 munere
1400 2238 1541 2279 fungens
1555 2239 1603 2270 ill.
1622 2241 1716 2271 Dom.
1736 2249 1842 2271 comes

218 2289 376 2325 Dncazcs,
395 2292 469 2325 etc.,
489 2289 704 2320 immortalem
719 2289 845 2320 laudem
864 2296 1066 2328 comparans,
1080 2288 1156 2318 dum
1170 2287 1290 2318 litteras
1304 2291 1335 2319 et
1348 2287 1512 2324 scientias,
1529 2288 1730 2327 omninoque
1746 2289 1843 2320 bonas

218 2338 350 2375 quasvis
366 2337 556 2377 disciplinas
574 2338 607 2368 in
623 2338 758 2368 Francia
775 2337 888 2368 ﬂorere
907 2341 1003 2377 atque
1020 2335 1127 2367 ornari
1148 2335 1237 2366 omni
1257 2339 1374 2366 conatu
1386 2339 1477 2366 curat
1494 2346 1502 2365 :
1522 2339 1553 2366 et
1571 2336 1619 2366 vir
1643 2336 1841 2372 eruditione,

215 2385 417 2422 auctoritate,
434 2385 609 2416 virtutibus
628 2385 922 2421 eminentissimus,
939 2385 1092 2416 doctrinm
1106 2383 1281 2415 Orientalis
1303 2392 1358 2422 per
1373 2383 1485 2414 orbem
1504 2388 1662 2414 terrarum
1680 2383 1841 2423 princeps,

218 2433 300 2464 liber
322 2434 402 2465 Baro
422 2434 594 2464 SILVESTER
613 2443 652 2464 ne
668 2434 761 2468 Sacv,
781 2434 897 2465 Rector
912 2432 1138 2465 Universitatis
1154 2431 1360 2469 Parisiensis,
1377 2431 1594 2462 institutionis
1612 2431 1750 2471 publica;
1772 2441 1844 2462 con-

215 2481 388 2512 stitucndae
409 2482 499 2519 Vvir,
525 2482 650 2513 ordinis
673 2483 752 2522 Reg.
776 2482 926 2522 Legionis
950 2482 1090 2513 honorif.
1114 2480 1298 2521 praefectus,
1318 2480 1501 2511 Academia;
1520 2481 1597 2519 Reg.
1626 2480 1795 2519 Inscriplt.
1813 2485 1842 2510 ct

218 2529 373 2560 Iitlerarr.
391 2529 523 2560 human.
548 2530 650 2561 sodal.
669 2530 941 2565 etc.,interventu
969 2538 1029 2561 suo
1052 2529 1204 2566 obtinuit,
1230 2533 1264 2560 ut
1291 2527 1323 2558 in
1341 2527 1553 2567 typographia
1568 2528 1667 2567 Regia
1692 2529 1755 2559 Leo
1773 2528 1839 2559 for-

216 2577 314 2608 mulis
330 2577 580 2609 describeretur.
594 2578 650 2614 Ita,
669 2578 718 2608 his
732 2578 886 2617 auspiciis
899 2579 1036 2618 incepta,
1056 2579 1179 2610 biennii
1200 2578 1305 2617 spatio
1320 2578 1357 2608 ad
1374 2577 1499 2608 exitum
1514 2577 1650 2608 adducta
1667 2577 1838 2616 impressio

216 2627 264 2655 est
280 2635 288 2654 :
308 2624 431 2655 tardius
447 2624 582 2656 fortasse
598 2633 693 2664 quam
712 2624 869 2662 volebam,
886 2626 1022 2665 obsequi
1047 2628 1202 2659 continuo
1223 2627 1318 2658 tantis
1335 2626 1415 2657 viris
1430 2626 1709 2666 jucundissimum
1728 2627 1840 2658 existi-

215 2681 306 2703 mans
333 2684 341 2704 :
368 2673 445 2704 satis
466 2674 540 2711 cito,
567 2674 594 2704 si
618 2674 734 2704 molem
771 2674 949 2705 voluminis
979 2675 1207 2714 dimcilcnrpie
1229 2675 1386 2706 rationem
1424 2674 1648 2706 commentarii
1682 2675 1839 2705 clnaraete-

215 2729 354 2759 rumque
377 2723 559 2753 Graecorum
579 2727 716 2760 spectes.

257 2778 292 2808 ν.
317 2777 420 2808 Venio
438 2786 522 2808 nunc
545 2778 581 2808 ad
595 2786 631 2808 ea
648 2787 720 2816 quae
736 2783 882 2809 constant
898 2779 937 2809 de
961 2779 1020 2810 vita
1039 2781 1166 2814 Leonis.
1187 2789 1283 2818 pauca
1306 2789 1395 2817 sane,
1414 2790 1472 2812 nec
1494 2781 1619 2811 diversa
1644 2779 1712 2811 fere
1729 2790 1766 2810 an
1799 2780 1837 2810 iis

214 2835 286 2865 quae
302 2826 412 2857 Notitt.
438 2826 617 2874 Mss-.31",
635 2827 706 2866 257,
728 2827 851 2866 pridem
869 2818 999 2867 protuli.
1026 2828 1130 2860 Vitam
1156 2830 1218 2861 Lco
1238 2830 1316 2861 adiit
1344 2829 1448 2866 Caloe,
1467 2829 1526 2870 (τῆς
1559 2833 1707 2868 Καλοητὼν
1726 2832 1836 2865 nciam,
