  <div class='ocr_page' id='page_1' title='image "/cluster/home/n/w/nwhite01/storage/ocr_20150623/117/njp.32101010943940/392.png"; bbox 0 0 1910 3073; ppageno 0'>
   <div class='ocr_carea' id='block_1_1' title="bbox 76 117 830 151">
    <p class='ocr_par' dir='ltr' id='par_1_1' title="bbox 76 118 830 151">
     <span class='ocr_line' id='line_1_1' title="bbox 76 118 830 151; baseline -0.004 -2"><span class='ocrx_word' id='word_1_1' title='bbox 76 118 125 151; x_wconf 69' lang='grc' dir='ltr'>θη</span> <span class='ocrx_word' id='word_1_2' title='bbox 311 123 326 131; x_wconf 80' lang='lat'><strong>‘</strong></span> <span class='ocrx_word' id='word_1_3' title='bbox 668 118 688 148; x_wconf 89' lang='lat' dir='ltr'><strong>C</strong></span> <span class='ocrx_word' id='word_1_4' title='bbox 720 119 751 148; x_wconf 75' lang='grc' dir='ltr'><strong>Β.</strong></span> <span class='ocrx_word' id='word_1_5' title='bbox 774 118 830 146; x_wconf 68' lang='lat' dir='ltr'><strong>HA:</strong></span> 
     </span>
    </p>
   </div>
   <div class='ocr_carea' id='block_1_2' title="bbox 932 117 1686 151">
    <p class='ocr_par' dir='ltr' id='par_1_2' title="bbox 932 117 1686 148">
     <span class='ocr_line' id='line_1_2' title="bbox 932 117 1686 148; baseline 0.003 -2"><span class='ocrx_word' id='word_1_6' title='bbox 932 117 1103 146; x_wconf 62' lang='lat' dir='ltr'><strong>’uEFATIO.</strong></span> <span class='ocrx_word' id='word_1_7' title='bbox 1633 117 1686 148; x_wconf 66' lang='grc'><strong>642</strong></span> 
     </span>
    </p>
   </div>
   <div class='ocr_carea' id='block_1_3' title="bbox 84 169 1684 210">
    <p class='ocr_par' dir='ltr' id='par_1_3' title="bbox 84 169 1684 210">
     <span class='ocr_line' id='line_1_3' title="bbox 84 169 1684 210; baseline -0.001 -6"><span class='ocrx_word' id='word_1_8' title='bbox 84 175 120 204; x_wconf 81' lang='lat' dir='ltr'><strong>Le</strong></span> <span class='ocrx_word' id='word_1_9' title='bbox 137 171 240 208; x_wconf 76' lang='lat' dir='ltr'><strong>Quich</strong></span> <span class='ocrx_word' id='word_1_10' title='bbox 265 171 387 202; x_wconf 87' lang='lat' dir='ltr'><strong>Orient.</strong></span> <span class='ocrx_word' id='word_1_11' title='bbox 407 171 522 203; x_wconf 79' lang='lat' dir='ltr'><strong>Christ.</strong></span> <span class='ocrx_word' id='word_1_12' title='bbox 551 172 575 202; x_wconf 93' lang='lat' dir='ltr'><strong>I.</strong></span> <span class='ocrx_word' id='word_1_13' title='bbox 602 172 683 210; x_wconf 76' lang='lat'><strong>720.)</strong></span> <span class='ocrx_word' id='word_1_14' title='bbox 707 180 779 210; x_wconf 75' lang='lat' dir='ltr'><strong>qum</strong></span> <span class='ocrx_word' id='word_1_15' title='bbox 803 169 923 201; x_wconf 76' lang='lat' dir='ltr'><strong>civilas‘</strong></span> <span class='ocrx_word' id='word_1_16' title='bbox 940 173 986 200; x_wconf 85' lang='lat' dir='ltr'><strong>cst</strong></span> <span class='ocrx_word' id='word_1_17' title='bbox 1014 170 1097 200; x_wconf 75' lang='lat' dir='ltr'><strong>Asia:</strong></span> <span class='ocrx_word' id='word_1_18' title='bbox 1120 169 1356 209; x_wconf 75' lang='lat' dir='ltr'><strong>proconsularis</strong></span> <span class='ocrx_word' id='word_1_19' title='bbox 1379 171 1411 201; x_wconf 89' lang='lat' dir='ltr'><strong>in</strong></span> <span class='ocrx_word' id='word_1_20' title='bbox 1426 171 1538 202; x_wconf 86' lang='lat' dir='ltr'><strong>Tmolo</strong></span> <span class='ocrx_word' id='word_1_21' title='bbox 1566 177 1684 208; x_wconf 80' lang='lat' dir='ltr'><strong>monte,</strong></span> 
     </span>
    </p>
   </div>
   <div class='ocr_carea' id='block_1_4' title="bbox 84 217 1686 260">
    <p class='ocr_par' dir='ltr' id='par_1_4' title="bbox 84 217 1686 260">
     <span class='ocr_line' id='line_1_4' title="bbox 84 217 1686 260; baseline -0.001 -9"><span class='ocrx_word' id='word_1_22' title='bbox 84 228 176 260; x_wconf 86' lang='lat' dir='ltr'><strong>prope</strong></span> <span class='ocrx_word' id='word_1_23' title='bbox 190 219 310 250; x_wconf 83' lang='lat' dir='ltr'><strong>fontem</strong></span> <span class='ocrx_word' id='word_1_24' title='bbox 329 220 451 259; x_wconf 80' lang='lat' dir='ltr'><strong>Caystri</strong></span> <span class='ocrx_word' id='word_1_25' title='bbox 468 219 570 250; x_wconf 88' lang='lat' dir='ltr'><strong>amnis</strong></span> <span class='ocrx_word' id='word_1_26' title='bbox 584 219 679 257; x_wconf 80' lang='lat' dir='ltr'><strong>(infra</strong></span> <span class='ocrx_word' id='word_1_27' title='bbox 696 219 742 260; x_wconf 67' lang='grc'><strong>2⁸)</strong></span> <span class='ocrx_word' id='word_1_28' title='bbox 762 227 768 247; x_wconf 89' lang='lat'>:</span> <span class='ocrx_word' id='word_1_29' title='bbox 783 219 809 248; x_wconf 92' lang='lat' dir='ltr'><strong>is</strong></span> <span class='ocrx_word' id='word_1_30' title='bbox 826 223 942 257; x_wconf 83' lang='lat' dir='ltr'><strong>tractus</strong></span> <span class='ocrx_word' id='word_1_31' title='bbox 958 217 1064 247; x_wconf 79' lang='lat' dir='ltr'><strong>oninis</strong></span> <span class='ocrx_word' id='word_1_32' title='bbox 1081 217 1211 248; x_wconf 79' lang='lat' dir='ltr'><strong>themati</strong></span> <span class='ocrx_word' id='word_1_33' title='bbox 1229 217 1458 249; x_wconf 83' lang='lat' dir='ltr'><strong>Thrneensium</strong></span> <span class='ocrx_word' id='word_1_34' title='bbox 1478 222 1554 250; x_wconf 90' lang='lat' dir='ltr'><strong>tunc</strong></span> <span class='ocrx_word' id='word_1_35' title='bbox 1574 227 1686 250; x_wconf 74' lang='lat' dir='ltr'><strong>accen-</strong></span> 
     </span>
    </p>
   </div>
   <div class='ocr_carea' id='block_1_5' title="bbox 82 265 1686 306">
    <p class='ocr_par' dir='ltr' id='par_1_5' title="bbox 82 265 1686 306">
     <span class='ocr_line' id='line_1_5' title="bbox 82 265 1686 306; baseline 0 -8"><span class='ocrx_word' id='word_1_36' title='bbox 82 269 212 299; x_wconf 85' lang='lat' dir='ltr'><strong>sebatur.</strong></span> <span class='ocrx_word' id='word_1_37' title='bbox 231 269 274 298; x_wconf 90' lang='lat' dir='ltr'><strong>De</strong></span> <span class='ocrx_word' id='word_1_38' title='bbox 299 271 468 306; x_wconf 89' lang='lat' dir='ltr'><strong>parentum</strong></span> <span class='ocrx_word' id='word_1_39' title='bbox 482 267 670 298; x_wconf 83' lang='lat' dir='ltr'><strong>conditione</strong></span> <span class='ocrx_word' id='word_1_40' title='bbox 697 276 759 297; x_wconf 90' lang='lat' dir='ltr'><strong>non</strong></span> <span class='ocrx_word' id='word_1_41' title='bbox 778 267 932 297; x_wconf 80' lang='lat' dir='ltr'><strong>habemus</strong></span> <span class='ocrx_word' id='word_1_42' title='bbox 952 266 1037 304; x_wconf 81' lang='lat' dir='ltr'><strong>quod</strong></span> <span class='ocrx_word' id='word_1_43' title='bbox 1055 265 1177 304; x_wconf 75' lang='lat' dir='ltr'><strong>liqueat</strong></span> <span class='ocrx_word' id='word_1_44' title='bbox 1193 276 1200 296; x_wconf 90' lang='lat'>:</span> <span class='ocrx_word' id='word_1_45' title='bbox 1219 265 1299 305; x_wconf 85' lang='lat' dir='ltr'><strong>patri</strong></span> <span class='ocrx_word' id='word_1_46' title='bbox 1318 274 1434 297; x_wconf 88' lang='lat' dir='ltr'><strong>nomen</strong></span> <span class='ocrx_word' id='word_1_47' title='bbox 1452 267 1560 298; x_wconf 80' lang='lat' dir='ltr'><strong>Basilii</strong></span> <span class='ocrx_word' id='word_1_48' title='bbox 1582 268 1686 299; x_wconf 76' lang='lat' dir='ltr'><strong>fuisse</strong></span> 
     </span>
    </p>
   </div>
   <div class='ocr_carea' id='block_1_6' title="bbox 83 313 1686 355">
    <p class='ocr_par' dir='ltr' id='par_1_6' title="bbox 83 313 1686 355">
     <span class='ocr_line' id='line_1_6' title="bbox 83 313 1686 355; baseline -0.001 -10"><span class='ocrx_word' id='word_1_49' title='bbox 83 316 145 355; x_wconf 88' lang='lat' dir='ltr'><strong>ipse</strong></span> <span class='ocrx_word' id='word_1_50' title='bbox 160 315 202 346; x_wconf 89' lang='lat' dir='ltr'><strong>ait</strong></span> <span class='ocrx_word' id='word_1_51' title='bbox 222 315 253 351; x_wconf 77' lang='lat'><strong>2,</strong></span> <span class='ocrx_word' id='word_1_52' title='bbox 269 323 305 345; x_wconf 87' lang='lat' dir='ltr'><strong>ac</strong></span> <span class='ocrx_word' id='word_1_53' title='bbox 330 315 464 354; x_wconf 89' lang='lat' dir='ltr'><strong>primam</strong></span> <span class='ocrx_word' id='word_1_54' title='bbox 489 315 620 354; x_wconf 87' lang='lat' dir='ltr'><strong>quidem</strong></span> <span class='ocrx_word' id='word_1_55' title='bbox 641 315 800 346; x_wconf 63' lang='lat' dir='ltr'><strong>aetatulam</strong></span> <span class='ocrx_word' id='word_1_56' title='bbox 829 314 861 344; x_wconf 91' lang='lat' dir='ltr'><strong>in</strong></span> <span class='ocrx_word' id='word_1_57' title='bbox 886 313 987 353; x_wconf 72' lang='lat' dir='ltr'><strong>putria</strong></span> <span class='ocrx_word' id='word_1_58' title='bbox 1007 317 1243 353; x_wconf 85' lang='lat' dir='ltr'><strong>parentumque</strong></span> <span class='ocrx_word' id='word_1_59' title='bbox 1267 313 1438 352; x_wconf 80' lang='lat' dir='ltr'><strong>disciplina</strong></span> <span class='ocrx_word' id='word_1_60' title='bbox 1459 315 1586 347; x_wconf 87' lang='lat' dir='ltr'><strong>videtur</strong></span> <span class='ocrx_word' id='word_1_61' title='bbox 1609 325 1686 347; x_wconf 73' lang='lat' dir='ltr'><strong>exe-</strong></span> 
     </span>
    </p>
   </div>
   <div class='ocr_carea' id='block_1_7' title="bbox 83 361 1687 403">
    <p class='ocr_par' dir='ltr' id='par_1_7' title="bbox 83 361 1687 403">
     <span class='ocr_line' id='line_1_7' title="bbox 83 361 1687 403; baseline 0.001 -10"><span class='ocrx_word' id='word_1_62' title='bbox 83 363 159 403; x_wconf 79' lang='lat' dir='ltr'><strong>gisse</strong></span> <span class='ocrx_word' id='word_1_63' title='bbox 186 373 194 395; x_wconf 92' lang='lat'><strong>:</strong></span> <span class='ocrx_word' id='word_1_64' title='bbox 213 362 287 393; x_wconf 89' lang='lat' dir='ltr'><strong>inde</strong></span> <span class='ocrx_word' id='word_1_65' title='bbox 306 363 487 394; x_wconf 87' lang='lat' dir='ltr'><strong>studiorum</strong></span> <span class='ocrx_word' id='word_1_66' title='bbox 513 372 608 394; x_wconf 87' lang='lat' dir='ltr'><strong>causa</strong></span> <span class='ocrx_word' id='word_1_67' title='bbox 634 361 945 401; x_wconf 82' lang='lat' dir='ltr'><strong>Constantinopolim</strong></span> <span class='ocrx_word' id='word_1_68' title='bbox 964 365 1114 399; x_wconf 86' lang='lat' dir='ltr'><strong>tanquam</strong></span> <span class='ocrx_word' id='word_1_69' title='bbox 1134 361 1172 391; x_wconf 90' lang='lat' dir='ltr'><strong>ad</strong></span> <span class='ocrx_word' id='word_1_70' title='bbox 1188 362 1320 392; x_wconf 89' lang='lat' dir='ltr'><strong>domum</strong></span> <span class='ocrx_word' id='word_1_71' title='bbox 1346 363 1515 400; x_wconf 78' lang='lat' dir='ltr'><strong>quamdam</strong></span> <span class='ocrx_word' id='word_1_72' title='bbox 1532 364 1687 394; x_wconf 69' lang='lat' dir='ltr'><strong>doctrinm</strong></span> 
     </span>
    </p>
   </div>
   <div class='ocr_carea' id='block_1_8' title="bbox 83 410 1690 450">
    <p class='ocr_par' dir='ltr' id='par_1_8' title="bbox 83 410 1690 450">
     <span class='ocr_line' id='line_1_8' title="bbox 83 410 1690 450; baseline 0 -8"><span class='ocrx_word' id='word_1_73' title='bbox 83 411 246 450; x_wconf 78' lang='lat' dir='ltr'><strong>profectus,</strong></span> <span class='ocrx_word' id='word_1_74' title='bbox 264 411 307 441; x_wconf 89' lang='lat' dir='ltr'><strong>ibi</strong></span> <span class='ocrx_word' id='word_1_75' title='bbox 324 420 352 442; x_wconf 88' lang='lat' dir='ltr'><strong>a.</strong></span> <span class='ocrx_word' id='word_1_76' title='bbox 369 413 439 447; x_wconf 83' lang='grc'>966,</span> <span class='ocrx_word' id='word_1_77' title='bbox 456 419 558 443; x_wconf 90' lang='lat' dir='ltr'><strong>mens.</strong></span> <span class='ocrx_word' id='word_1_78' title='bbox 574 412 691 450; x_wconf 82' lang='lat' dir='ltr'><strong>April.,</strong></span> <span class='ocrx_word' id='word_1_79' title='bbox 707 419 797 442; x_wconf 89' lang='lat' dir='ltr'><strong>sacro</strong></span> <span class='ocrx_word' id='word_1_80' title='bbox 808 410 945 441; x_wconf 84' lang='lat' dir='ltr'><strong>solemni</strong></span> <span class='ocrx_word' id='word_1_81' title='bbox 965 410 1186 447; x_wconf 81' lang='lat' dir='ltr'><strong>Ascensionis,</strong></span> <span class='ocrx_word' id='word_1_82' title='bbox 1207 413 1295 442; x_wconf 89' lang='lat' dir='ltr'><strong>motu</strong></span> <span class='ocrx_word' id='word_1_83' title='bbox 1312 410 1459 449; x_wconf 86' lang='lat' dir='ltr'><strong>populari</strong></span> <span class='ocrx_word' id='word_1_84' title='bbox 1474 410 1507 441; x_wconf 90' lang='lat' dir='ltr'><strong>in</strong></span> <span class='ocrx_word' id='word_1_85' title='bbox 1527 412 1690 450; x_wconf 84' lang='lat' dir='ltr'><strong>Nicepho-</strong></span> 
     </span>
    </p>
   </div>
   <div class='ocr_carea' id='block_1_9' title="bbox 83 458 1690 499">
    <p class='ocr_par' dir='ltr' id='par_1_9' title="bbox 83 458 1690 499">
     <span class='ocr_line' id='line_1_9' title="bbox 83 458 1690 499; baseline 0.001 -10"><span class='ocrx_word' id='word_1_86' title='bbox 83 467 146 489; x_wconf 88' lang='lat' dir='ltr'><strong>rum</strong></span> <span class='ocrx_word' id='word_1_87' title='bbox 169 458 294 495; x_wconf 78' lang='lat' dir='ltr'><strong>eﬂ&#39;ecto,</strong></span> <span class='ocrx_word' id='word_1_88' title='bbox 311 459 537 498; x_wconf 85' lang='lat' dir='ltr'><strong>imperatorem</strong></span> <span class='ocrx_word' id='word_1_89' title='bbox 563 459 717 499; x_wconf 83' lang='lat' dir='ltr'><strong>gradatim</strong></span> <span class='ocrx_word' id='word_1_90' title='bbox 734 467 791 498; x_wconf 90' lang='lat' dir='ltr'><strong>per</strong></span> <span class='ocrx_word' id='word_1_91' title='bbox 820 459 934 489; x_wconf 87' lang='lat' dir='ltr'><strong>urbem</strong></span> <span class='ocrx_word' id='word_1_92' title='bbox 964 459 1162 498; x_wconf 89' lang='lat' dir='ltr'><strong>equitantem</strong></span> <span class='ocrx_word' id='word_1_93' title='bbox 1191 458 1370 497; x_wconf 77' lang='lat' dir='ltr'><strong>conspexit,</strong></span> <span class='ocrx_word' id='word_1_94' title='bbox 1387 458 1604 498; x_wconf 86' lang='lat' dir='ltr'><strong>virtutemque</strong></span> <span class='ocrx_word' id='word_1_95' title='bbox 1621 460 1690 499; x_wconf 83' lang='lat' dir='ltr'><strong>ejus</strong></span> 
     </span>
    </p>
   </div>
   <div class='ocr_carea' id='block_1_10' title="bbox 82 506 1691 545">
    <p class='ocr_par' dir='ltr' id='par_1_10' title="bbox 82 506 1691 545">
     <span class='ocr_line' id='line_1_10' title="bbox 82 506 1691 545; baseline 0.001 -9"><span class='ocrx_word' id='word_1_96' title='bbox 82 511 109 537; x_wconf 88' lang='lat' dir='ltr'><strong>et</strong></span> <span class='ocrx_word' id='word_1_97' title='bbox 129 506 227 537; x_wconf 91' lang='lat' dir='ltr'><strong>animi</strong></span> <span class='ocrx_word' id='word_1_98' title='bbox 244 506 425 537; x_wconf 82' lang='lat' dir='ltr'><strong>ﬁrmitatem</strong></span> <span class='ocrx_word' id='word_1_99' title='bbox 438 507 569 545; x_wconf 80' lang='lat' dir='ltr'><strong>[XVIII]</strong></span> <span class='ocrx_word' id='word_1_100' title='bbox 586 507 616 537; x_wconf 88' lang='lat' dir='ltr'><strong>vi</strong></span> <span class='ocrx_word' id='word_1_101' title='bbox 645 507 769 538; x_wconf 82' lang='lat' dir='ltr'><strong>furiosa</strong></span> <span class='ocrx_word' id='word_1_102' title='bbox 794 506 897 545; x_wconf 90' lang='lat' dir='ltr'><strong>plebis</strong></span> <span class='ocrx_word' id='word_1_103' title='bbox 920 507 1100 544; x_wconf 87' lang='lat' dir='ltr'><strong>perturbari</strong></span> <span class='ocrx_word' id='word_1_104' title='bbox 1126 506 1372 545; x_wconf 84' lang='lat' dir='ltr'><strong>haudquaquam</strong></span> <span class='ocrx_word' id='word_1_105' title='bbox 1397 514 1491 545; x_wconf 87' lang='lat' dir='ltr'><strong>posse</strong></span> <span class='ocrx_word' id='word_1_106' title='bbox 1515 507 1691 538; x_wconf 74' lang='lat' dir='ltr'><strong>admiratus</strong></span> 
     </span>
    </p>
   </div>
   <div class='ocr_carea' id='block_1_11' title="bbox 83 553 1689 592">
    <p class='ocr_par' dir='ltr' id='par_1_11' title="bbox 83 553 1689 592">
     <span class='ocr_line' id='line_1_11' title="bbox 83 553 1689 592; baseline 0.001 -8"><span class='ocrx_word' id='word_1_107' title='bbox 83 560 134 585; x_wconf 89' lang='lat' dir='ltr'><strong>est.</strong></span> <span class='ocrx_word' id='word_1_108' title='bbox 151 555 222 585; x_wconf 70' lang='lat' dir='ltr'><strong>Haac</strong></span> <span class='ocrx_word' id='word_1_109' title='bbox 237 563 272 585; x_wconf 90' lang='lat' dir='ltr'><strong>se</strong></span> <span class='ocrx_word' id='word_1_110' title='bbox 287 554 529 586; x_wconf 80' lang='lat' dir='ltr'><strong>adolescentulo</strong></span> <span class='ocrx_word' id='word_1_111' title='bbox 545 554 699 586; x_wconf 90' lang='lat' dir='ltr'><strong>accidisse</strong></span> <span class='ocrx_word' id='word_1_112' title='bbox 714 553 827 585; x_wconf 81' lang='lat' dir='ltr'><strong>scribit</strong></span> <span class='ocrx_word' id='word_1_113' title='bbox 842 553 891 584; x_wconf 74' lang='grc' dir='ltr'><strong>[ιο.</strong></span> <span class='ocrx_word' id='word_1_114' title='bbox 913 553 958 584; x_wconf 86' lang='lat' dir='ltr'><strong>Ita</strong></span> <span class='ocrx_word' id='word_1_115' title='bbox 974 554 1002 584; x_wconf 92' lang='lat' dir='ltr'><strong>si</strong></span> <span class='ocrx_word' id='word_1_116' title='bbox 1018 555 1204 590; x_wconf 83' lang='lat' dir='ltr'><strong>statuimus,</strong></span> <span class='ocrx_word' id='word_1_117' title='bbox 1223 562 1251 584; x_wconf 88' lang='lat' dir='ltr'><strong>a.</strong></span> <span class='ocrx_word' id='word_1_118' title='bbox 1270 555 1329 585; x_wconf 83' lang='lat'><strong>966</strong></span> <span class='ocrx_word' id='word_1_119' title='bbox 1354 563 1427 585; x_wconf 87' lang='lat' dir='ltr'><strong>eum</strong></span> <span class='ocrx_word' id='word_1_120' title='bbox 1445 554 1552 592; x_wconf 74' lang='lat' dir='ltr'><strong>egisse</strong></span> <span class='ocrx_word' id='word_1_121' title='bbox 1568 563 1689 585; x_wconf 87' lang='lat' dir='ltr'><strong>annum</strong></span> 
     </span>
    </p>
   </div>
   <div class='ocr_carea' id='block_1_12' title="bbox 83 602 1692 642">
    <p class='ocr_par' dir='ltr' id='par_1_12' title="bbox 83 602 1692 642">
     <span class='ocr_line' id='line_1_12' title="bbox 83 602 1692 642; baseline 0.001 -10"><span class='ocrx_word' id='word_1_122' title='bbox 83 602 200 632; x_wconf 87' lang='lat' dir='ltr'><strong>circiter</strong></span> <span class='ocrx_word' id='word_1_123' title='bbox 212 605 338 632; x_wconf 78' lang='lat' dir='ltr'><strong>sextum</strong></span> <span class='ocrx_word' id='word_1_124' title='bbox 356 605 386 632; x_wconf 89' lang='lat' dir='ltr'><strong>et</strong></span> <span class='ocrx_word' id='word_1_125' title='bbox 407 602 581 637; x_wconf 86' lang='lat' dir='ltr'><strong>decimum.</strong></span> <span class='ocrx_word' id='word_1_126' title='bbox 605 602 766 641; x_wconf 85' lang='lat' dir='ltr'><strong>sequitur,</strong></span> <span class='ocrx_word' id='word_1_127' title='bbox 785 605 894 632; x_wconf 86' lang='lat' dir='ltr'><strong>natum</strong></span> <span class='ocrx_word' id='word_1_128' title='bbox 910 610 980 632; x_wconf 88' lang='lat' dir='ltr'><strong>esse</strong></span> <span class='ocrx_word' id='word_1_129' title='bbox 1001 603 1062 634; x_wconf 85' lang='lat' dir='ltr'><strong>sub</strong></span> <span class='ocrx_word' id='word_1_130' title='bbox 1086 610 1115 634; x_wconf 89' lang='lat' dir='ltr'><strong>a.</strong></span> <span class='ocrx_word' id='word_1_131' title='bbox 1142 603 1211 634; x_wconf 79' lang='grc'>950.</span> <span class='ocrx_word' id='word_1_132' title='bbox 1233 602 1321 633; x_wconf 88' lang='lat' dir='ltr'><strong>Circa</strong></span> <span class='ocrx_word' id='word_1_133' title='bbox 1341 611 1370 634; x_wconf 91' lang='lat' dir='ltr'><strong>a.</strong></span> <span class='ocrx_word' id='word_1_134' title='bbox 1392 603 1462 638; x_wconf 81' lang='lat'><strong>973,</strong></span> <span class='ocrx_word' id='word_1_135' title='bbox 1479 610 1557 642; x_wconf 89' lang='lat' dir='ltr'><strong>quo,</strong></span> <span class='ocrx_word' id='word_1_136' title='bbox 1574 603 1692 633; x_wconf 87' lang='lat' dir='ltr'><strong>Basilio</strong></span> 
     </span>
    </p>
   </div>
   <div class='ocr_carea' id='block_1_13' title="bbox 84 649 1690 690">
    <p class='ocr_par' dir='ltr' id='par_1_13' title="bbox 84 649 1690 690">
     <span class='ocr_line' id='line_1_13' title="bbox 84 649 1690 690; baseline 0.001 -10"><span class='ocrx_word' id='word_1_137' title='bbox 84 653 290 687; x_wconf 77' lang='lat' dir='ltr'><strong>exauctorato,</strong></span> <span class='ocrx_word' id='word_1_138' title='bbox 309 649 468 681; x_wconf 79' lang='lat' dir='ltr'><strong>Antonius</strong></span> <span class='ocrx_word' id='word_1_139' title='bbox 482 650 658 690; x_wconf 84' lang='lat' dir='ltr'><strong>patriarcha</strong></span> <span class='ocrx_word' id='word_1_140' title='bbox 674 654 799 681; x_wconf 91' lang='lat' dir='ltr'><strong>creatus</strong></span> <span class='ocrx_word' id='word_1_141' title='bbox 811 653 869 686; x_wconf 90' lang='lat' dir='ltr'><strong>est,</strong></span> <span class='ocrx_word' id='word_1_142' title='bbox 889 649 922 680; x_wconf 93' lang='lat' dir='ltr'><strong>in</strong></span> <span class='ocrx_word' id='word_1_143' title='bbox 935 649 1010 681; x_wconf 81' lang='lat' dir='ltr'><strong>Asia</strong></span> <span class='ocrx_word' id='word_1_144' title='bbox 1025 650 1107 682; x_wconf 81' lang='lat' dir='ltr'><strong>fuit:</strong></span> <span class='ocrx_word' id='word_1_145' title='bbox 1125 651 1170 681; x_wconf 88' lang='lat' dir='ltr'><strong>ibi</strong></span> <span class='ocrx_word' id='word_1_146' title='bbox 1187 655 1272 682; x_wconf 88' lang='lat' dir='ltr'><strong>certe</strong></span> <span class='ocrx_word' id='word_1_147' title='bbox 1283 650 1439 690; x_wconf 80' lang='lat' dir='ltr'><strong>gemellos</strong></span> <span class='ocrx_word' id='word_1_148' title='bbox 1452 655 1690 687; x_wconf 89' lang='lat' dir='ltr'><strong>monstruosos,</strong></span> 
     </span>
    </p>
   </div>
   <div class='ocr_carea' id='block_1_14' title="bbox 83 697 1688 737">
    <p class='ocr_par' dir='ltr' id='par_1_14' title="bbox 83 697 1688 737">
     <span class='ocr_line' id='line_1_14' title="bbox 83 697 1688 737; baseline 0.001 -10"><span class='ocrx_word' id='word_1_149' title='bbox 83 697 203 736; x_wconf 76' lang='lat' dir='ltr'><strong>i&#39;nperii</strong></span> <span class='ocrx_word' id='word_1_150' title='bbox 238 697 420 736; x_wconf 84' lang='lat' dir='ltr'><strong>provincias</strong></span> <span class='ocrx_word' id='word_1_151' title='bbox 451 699 620 734; x_wconf 90' lang='lat' dir='ltr'><strong>obeuntes,</strong></span> <span class='ocrx_word' id='word_1_152' title='bbox 650 699 762 728; x_wconf 89' lang='lat' dir='ltr'><strong>crebro</strong></span> <span class='ocrx_word' id='word_1_153' title='bbox 789 705 823 728; x_wconf 89' lang='lat' dir='ltr'><strong>se</strong></span> <span class='ocrx_word' id='word_1_154' title='bbox 844 697 964 728; x_wconf 85' lang='lat' dir='ltr'><strong>vidisse</strong></span> <span class='ocrx_word' id='word_1_155' title='bbox 980 699 1073 728; x_wconf 90' lang='lat' dir='ltr'><strong>tradit</strong></span> <span class='ocrx_word' id='word_1_156' title='bbox 1096 699 1164 729; x_wconf 77' lang='lat'><strong>102.</strong></span> <span class='ocrx_word' id='word_1_157' title='bbox 1182 699 1256 729; x_wconf 89' lang='lat' dir='ltr'><strong>Post</strong></span> <span class='ocrx_word' id='word_1_158' title='bbox 1273 698 1440 737; x_wconf 88' lang='lat' dir='ltr'><strong>aliquanto</strong></span> <span class='ocrx_word' id='word_1_159' title='bbox 1455 698 1488 728; x_wconf 89' lang='lat' dir='ltr'><strong>in</strong></span> <span class='ocrx_word' id='word_1_160' title='bbox 1514 698 1688 737; x_wconf 74' lang='lat' dir='ltr'><strong>collegium</strong></span> 
     </span>
    </p>
   </div>
   <div class='ocr_carea' id='block_1_15' title="bbox 87 745 1693 785">
    <p class='ocr_par' dir='ltr' id='par_1_15' title="bbox 87 745 1693 785">
     <span class='ocr_line' id='line_1_15' title="bbox 87 745 1693 785; baseline 0.002 -12"><span class='ocrx_word' id='word_1_161' title='bbox 87 745 280 776; x_wconf 70' lang='lat' dir='ltr'><strong>sacerdotum</strong></span> <span class='ocrx_word' id='word_1_162' title='bbox 306 745 518 784; x_wconf 87' lang='lat' dir='ltr'><strong>palatinorum</strong></span> <span class='ocrx_word' id='word_1_163' title='bbox 548 746 677 781; x_wconf 88' lang='lat' dir='ltr'><strong>ascitus,</strong></span> <span class='ocrx_word' id='word_1_164' title='bbox 708 753 736 776; x_wconf 88' lang='lat' dir='ltr'><strong>a.</strong></span> <span class='ocrx_word' id='word_1_165' title='bbox 759 746 827 781; x_wconf 85' lang='lat'><strong>981,</strong></span> <span class='ocrx_word' id='word_1_166' title='bbox 854 754 926 776; x_wconf 89' lang='lat' dir='ltr'><strong>cum</strong></span> <span class='ocrx_word' id='word_1_167' title='bbox 946 746 1085 776; x_wconf 87' lang='lat' dir='ltr'><strong>Basilius</strong></span> <span class='ocrx_word' id='word_1_168' title='bbox 1115 745 1193 785; x_wconf 89' lang='lat' dir='ltr'><strong>imp.</strong></span> <span class='ocrx_word' id='word_1_169' title='bbox 1221 754 1337 785; x_wconf 87' lang='lat' dir='ltr'><strong>magno</strong></span> <span class='ocrx_word' id='word_1_170' title='bbox 1366 751 1518 785; x_wconf 88' lang='lat' dir='ltr'><strong>apparatu</strong></span> <span class='ocrx_word' id='word_1_171' title='bbox 1547 746 1693 785; x_wconf 74' lang='lat' dir='ltr'><strong>Bulgaria</strong></span> 
     </span>
    </p>
   </div>
   <div class='ocr_carea' id='block_1_16' title="bbox 91 792 1692 833">
    <p class='ocr_par' dir='ltr' id='par_1_16' title="bbox 91 792 1692 833">
     <span class='ocr_line' id='line_1_16' title="bbox 91 792 1692 833; baseline 0.001 -11"><span class='ocrx_word' id='word_1_172' title='bbox 91 792 200 822; x_wconf 83' lang='lat' dir='ltr'><strong>bellum</strong></span> <span class='ocrx_word' id='word_1_173' title='bbox 219 792 367 829; x_wconf 81' lang='lat' dir='ltr'><strong>inferret,</strong></span> <span class='ocrx_word' id='word_1_174' title='bbox 385 793 563 832; x_wconf 84' lang='lat' dir='ltr'><strong>castrisque</strong></span> <span class='ocrx_word' id='word_1_175' title='bbox 584 793 622 824; x_wconf 87' lang='lat' dir='ltr'><strong>ad</strong></span> <span class='ocrx_word' id='word_1_176' title='bbox 649 793 838 832; x_wconf 87' lang='lat' dir='ltr'><strong>Stoponium</strong></span> <span class='ocrx_word' id='word_1_177' title='bbox 856 794 970 832; x_wconf 88' lang='lat' dir='ltr'><strong>positis</strong></span> <span class='ocrx_word' id='word_1_178' title='bbox 998 794 1191 824; x_wconf 80' lang='lat' dir='ltr'><strong>Triaditzam</strong></span> <span class='ocrx_word' id='word_1_179' title='bbox 1212 798 1414 833; x_wconf 77' lang='lat' dir='ltr'><strong>oppugnaret</strong></span> <span class='ocrx_word' id='word_1_180' title='bbox 1430 794 1534 832; x_wconf 87' lang='lat' dir='ltr'><strong>(Cedr.</strong></span> <span class='ocrx_word' id='word_1_181' title='bbox 1551 794 1592 830; x_wconf 82' lang='lat' dir='ltr'><strong>It,</strong></span> <span class='ocrx_word' id='word_1_182' title='bbox 1608 793 1692 832; x_wconf 79' lang='lat'><strong>695),</strong></span> 
     </span>
    </p>
   </div>
   <div class='ocr_carea' id='block_1_17' title="bbox 85 840 1692 880">
    <p class='ocr_par' dir='ltr' id='par_1_17' title="bbox 85 840 1692 880">
     <span class='ocr_line' id='line_1_17' title="bbox 85 840 1692 880; baseline 0.001 -11"><span class='ocrx_word' id='word_1_183' title='bbox 85 840 198 870; x_wconf 80' lang='lat' dir='ltr'><strong>diaconi</strong></span> <span class='ocrx_word' id='word_1_184' title='bbox 228 849 364 871; x_wconf 84' lang='lat' dir='ltr'><strong>munere</strong></span> <span class='ocrx_word' id='word_1_185' title='bbox 397 841 537 880; x_wconf 80' lang='lat' dir='ltr'><strong>fungens</strong></span> <span class='ocrx_word' id='word_1_186' title='bbox 559 847 689 872; x_wconf 90' lang='lat' dir='ltr'><strong>secutus</strong></span> <span class='ocrx_word' id='word_1_187' title='bbox 714 841 900 871; x_wconf 83' lang='lat' dir='ltr'><strong>comitatum</strong></span> <span class='ocrx_word' id='word_1_188' title='bbox 921 844 968 871; x_wconf 86' lang='lat' dir='ltr'><strong>est</strong></span> <span class='ocrx_word' id='word_1_189' title='bbox 992 851 999 871; x_wconf 92' lang='lat'><strong>:</strong></span> <span class='ocrx_word' id='word_1_190' title='bbox 1018 841 1264 880; x_wconf 79' lang='lat' dir='ltr'><strong>legionibusque</strong></span> <span class='ocrx_word' id='word_1_191' title='bbox 1294 845 1470 872; x_wconf 86' lang='lat' dir='ltr'><strong>retrorsum</strong></span> <span class='ocrx_word' id='word_1_192' title='bbox 1487 841 1596 879; x_wconf 81' lang='lat' dir='ltr'><strong>raptis,</strong></span> <span class='ocrx_word' id='word_1_193' title='bbox 1619 849 1692 871; x_wconf 90' lang='lat' dir='ltr'><strong>cum</strong></span> 
     </span>
    </p>
   </div>
   <div class='ocr_carea' id='block_1_18' title="bbox 88 887 1694 928">
    <p class='ocr_par' dir='ltr' id='par_1_18' title="bbox 88 887 1694 928">
     <span class='ocr_line' id='line_1_18' title="bbox 88 887 1694 928; baseline 0.001 -11"><span class='ocrx_word' id='word_1_194' title='bbox 88 887 239 918; x_wconf 76' lang='lat' dir='ltr'><strong>exercitus</strong></span> <span class='ocrx_word' id='word_1_195' title='bbox 258 889 449 927; x_wconf 89' lang='lat' dir='ltr'><strong>perterritus</strong></span> <span class='ocrx_word' id='word_1_196' title='bbox 474 887 670 919; x_wconf 84' lang='lat' dir='ltr'><strong>interneciva</strong></span> <span class='ocrx_word' id='word_1_197' title='bbox 687 888 776 919; x_wconf 87' lang='lat' dir='ltr'><strong>clade</strong></span> <span class='ocrx_word' id='word_1_198' title='bbox 791 888 824 919; x_wconf 92' lang='lat' dir='ltr'><strong>in</strong></span> <span class='ocrx_word' id='word_1_199' title='bbox 843 889 958 920; x_wconf 87' lang='lat' dir='ltr'><strong>itinere</strong></span> <span class='ocrx_word' id='word_1_200' title='bbox 973 888 1164 926; x_wconf 79' lang='lat' dir='ltr'><strong>alliceretur,</strong></span> <span class='ocrx_word' id='word_1_201' title='bbox 1182 890 1252 928; x_wconf 89' lang='lat' dir='ltr'><strong>ipse</strong></span> <span class='ocrx_word' id='word_1_202' title='bbox 1282 897 1299 919; x_wconf 88' lang='lat' dir='ltr'><strong>e</strong></span> <span class='ocrx_word' id='word_1_203' title='bbox 1317 889 1527 928; x_wconf 82' lang='lat' dir='ltr'><strong>Bulgarorum</strong></span> <span class='ocrx_word' id='word_1_204' title='bbox 1549 888 1694 928; x_wconf 83' lang='lat' dir='ltr'><strong>undique</strong></span> 
     </span>
    </p>
   </div>
   <div class='ocr_carea' id='block_1_19' title="bbox 86 936 1692 977">
    <p class='ocr_par' dir='ltr' id='par_1_19' title="bbox 86 936 1692 977">
     <span class='ocr_line' id='line_1_19' title="bbox 86 936 1692 977; baseline 0 -11"><span class='ocrx_word' id='word_1_205' title='bbox 86 936 313 973; x_wconf 84' lang='lat' dir='ltr'><strong>provolantium</strong></span> <span class='ocrx_word' id='word_1_206' title='bbox 333 937 482 967; x_wconf 88' lang='lat' dir='ltr'><strong>manibus</strong></span> <span class='ocrx_word' id='word_1_207' title='bbox 511 936 592 976; x_wconf 77' lang='lat'><strong>(107)</strong></span> <span class='ocrx_word' id='word_1_208' title='bbox 615 945 697 976; x_wconf 64' lang='lat' dir='ltr'><strong>aegre</strong></span> <span class='ocrx_word' id='word_1_209' title='bbox 714 937 825 967; x_wconf 87' lang='lat' dir='ltr'><strong>evasit.</strong></span> <span class='ocrx_word' id='word_1_210' title='bbox 843 937 948 974; x_wconf 87' lang='lat' dir='ltr'><strong>Quare</strong></span> <span class='ocrx_word' id='word_1_211' title='bbox 964 937 1080 975; x_wconf 85' lang='lat' dir='ltr'><strong>opinor</strong></span> <span class='ocrx_word' id='word_1_212' title='bbox 1095 936 1129 968; x_wconf 90' lang='lat' dir='ltr'><strong>in</strong></span> <span class='ocrx_word' id='word_1_213' title='bbox 1148 937 1301 972; x_wconf 84' lang='lat' dir='ltr'><strong>Historia,</strong></span> <span class='ocrx_word' id='word_1_214' title='bbox 1320 937 1448 977; x_wconf 89' lang='lat' dir='ltr'><strong>quoties</strong></span> <span class='ocrx_word' id='word_1_215' title='bbox 1464 937 1584 968; x_wconf 60' lang='lat' dir='ltr'><strong>Moesiae</strong></span> <span class='ocrx_word' id='word_1_216' title='bbox 1599 945 1692 966; x_wconf 89' lang='lat' dir='ltr'><strong>men-</strong></span> 
     </span>
    </p>
   </div>
   <div class='ocr_carea' id='block_1_20' title="bbox 85 984 1692 1025">
    <p class='ocr_par' dir='ltr' id='par_1_20' title="bbox 85 984 1692 1025">
     <span class='ocr_line' id='line_1_20' title="bbox 85 984 1692 1025; baseline -0.001 -10"><span class='ocrx_word' id='word_1_217' title='bbox 85 985 193 1015; x_wconf 79' lang='lat' dir='ltr'><strong>tionem</strong></span> <span class='ocrx_word' id='word_1_218' title='bbox 217 984 296 1015; x_wconf 84' lang='lat' dir='ltr'><strong>facil</strong></span> <span class='ocrx_word' id='word_1_219' title='bbox 315 984 415 1025; x_wconf 89' lang='lat' dir='ltr'><strong>(velut</strong></span> <span class='ocrx_word' id='word_1_220' title='bbox 430 984 492 1023; x_wconf 88' lang='lat'><strong>38),</strong></span> <span class='ocrx_word' id='word_1_221' title='bbox 511 988 647 1015; x_wconf 89' lang='lat' dir='ltr'><strong>tremere</strong></span> <span class='ocrx_word' id='word_1_222' title='bbox 663 988 692 1015; x_wconf 92' lang='lat' dir='ltr'><strong>et</strong></span> <span class='ocrx_word' id='word_1_223' title='bbox 714 985 918 1016; x_wconf 73' lang='lat' dir='ltr'><strong>exalbescere</strong></span> <span class='ocrx_word' id='word_1_224' title='bbox 938 989 1088 1024; x_wconf 88' lang='lat' dir='ltr'><strong>tanquam</strong></span> <span class='ocrx_word' id='word_1_225' title='bbox 1105 984 1227 1023; x_wconf 86' lang='lat' dir='ltr'><strong>objecta</strong></span> <span class='ocrx_word' id='word_1_226' title='bbox 1246 985 1381 1015; x_wconf 78' lang='lat' dir='ltr'><strong>terribili</strong></span> <span class='ocrx_word' id='word_1_227' title='bbox 1401 994 1435 1015; x_wconf 89' lang='lat' dir='ltr'><strong>re</strong></span> <span class='ocrx_word' id='word_1_228' title='bbox 1452 984 1591 1021; x_wconf 89' lang='lat' dir='ltr'><strong>videtur,</strong></span> <span class='ocrx_word' id='word_1_229' title='bbox 1610 984 1692 1015; x_wconf 85' lang='lat' dir='ltr'><strong>nihil</strong></span> 
     </span>
    </p>
   </div>
   <div class='ocr_carea' id='block_1_21' title="bbox 86 1032 1693 1073">
    <p class='ocr_par' dir='ltr' id='par_1_21' title="bbox 86 1032 1693 1073">
     <span class='ocr_line' id='line_1_21' title="bbox 86 1032 1693 1073; baseline 0.002 -12"><span class='ocrx_word' id='word_1_230' title='bbox 86 1036 114 1062; x_wconf 88' lang='lat' dir='ltr'><strong>ut</strong></span> <span class='ocrx_word' id='word_1_231' title='bbox 130 1033 177 1068; x_wconf 90' lang='lat' dir='ltr'><strong>sit,</strong></span> <span class='ocrx_word' id='word_1_232' title='bbox 192 1033 281 1072; x_wconf 91' lang='lat' dir='ltr'><strong>quod</strong></span> <span class='ocrx_word' id='word_1_233' title='bbox 300 1041 390 1073; x_wconf 82' lang='lat' dir='ltr'><strong>aeque</strong></span> <span class='ocrx_word' id='word_1_234' title='bbox 406 1032 435 1064; x_wconf 91' lang='lat' dir='ltr'><strong>ei</strong></span> <span class='ocrx_word' id='word_1_235' title='bbox 452 1032 658 1063; x_wconf 77' lang='lat' dir='ltr'><strong>formidinem</strong></span> <span class='ocrx_word' id='word_1_236' title='bbox 675 1032 762 1063; x_wconf 83' lang='lat' dir='ltr'><strong>dicas</strong></span> <span class='ocrx_word' id='word_1_237' title='bbox 776 1032 939 1072; x_wconf 71' lang='lat' dir='ltr'><strong>iniecisse.</strong></span> <span class='ocrx_word' id='word_1_238' title='bbox 955 1033 1059 1069; x_wconf 90' lang='lat' dir='ltr'><strong>Quem</strong></span> <span class='ocrx_word' id='word_1_239' title='bbox 1077 1036 1184 1071; x_wconf 91' lang='lat' dir='ltr'><strong>postea</strong></span> <span class='ocrx_word' id='word_1_240' title='bbox 1202 1032 1341 1063; x_wconf 88' lang='lat' dir='ltr'><strong>tenuerit</strong></span> <span class='ocrx_word' id='word_1_241' title='bbox 1358 1032 1429 1062; x_wconf 64' lang='lat' dir='ltr'><strong>vitae</strong></span> <span class='ocrx_word' id='word_1_242' title='bbox 1441 1041 1571 1064; x_wconf 86' lang='lat' dir='ltr'><strong>cursum</strong></span> <span class='ocrx_word' id='word_1_243' title='bbox 1587 1041 1693 1071; x_wconf 76' lang='lat' dir='ltr'><strong>neque</strong></span> 
     </span>
    </p>
   </div>
   <div class='ocr_carea' id='block_1_22' title="bbox 86 1080 1693 1120">
    <p class='ocr_par' dir='ltr' id='par_1_22' title="bbox 86 1080 1693 1120">
     <span class='ocr_line' id='line_1_22' title="bbox 86 1080 1693 1120; baseline 0.001 -10"><span class='ocrx_word' id='word_1_244' title='bbox 86 1081 146 1120; x_wconf 87' lang='lat' dir='ltr'><strong>ipse</strong></span> <span class='ocrx_word' id='word_1_245' title='bbox 160 1081 293 1117; x_wconf 89' lang='lat' dir='ltr'><strong>indicat,</strong></span> <span class='ocrx_word' id='word_1_246' title='bbox 311 1090 417 1120; x_wconf 87' lang='lat' dir='ltr'><strong>neque</strong></span> <span class='ocrx_word' id='word_1_247' title='bbox 446 1080 501 1110; x_wconf 84' lang='lat' dir='ltr'><strong>alii</strong></span> <span class='ocrx_word' id='word_1_248' title='bbox 521 1080 673 1112; x_wconf 82' lang='lat' dir='ltr'><strong>tradunt:</strong></span> <span class='ocrx_word' id='word_1_249' title='bbox 698 1081 761 1111; x_wconf 78' lang='lat' dir='ltr'><strong>nisi</strong></span> <span class='ocrx_word' id='word_1_250' title='bbox 779 1089 853 1112; x_wconf 86' lang='lat' dir='ltr'><strong>vero</strong></span> <span class='ocrx_word' id='word_1_251' title='bbox 869 1081 896 1111; x_wconf 88' lang='lat' dir='ltr'><strong>si</strong></span> <span class='ocrx_word' id='word_1_252' title='bbox 922 1081 996 1120; x_wconf 88' lang='lat' dir='ltr'><strong>quis</strong></span> <span class='ocrx_word' id='word_1_253' title='bbox 1014 1083 1074 1117; x_wconf 81' lang='lat' dir='ltr'><strong>est,</strong></span> <span class='ocrx_word' id='word_1_254' title='bbox 1093 1080 1148 1119; x_wconf 91' lang='lat' dir='ltr'><strong>qui</strong></span> <span class='ocrx_word' id='word_1_255' title='bbox 1167 1080 1274 1112; x_wconf 88' lang='lat' dir='ltr'><strong>addita</strong></span> <span class='ocrx_word' id='word_1_256' title='bbox 1290 1081 1419 1111; x_wconf 86' lang='lat' dir='ltr'><strong>demum</strong></span> <span class='ocrx_word' id='word_1_257' title='bbox 1437 1085 1527 1111; x_wconf 72' lang='lat' dir='ltr'><strong>aetate</strong></span> <span class='ocrx_word' id='word_1_258' title='bbox 1552 1089 1568 1111; x_wconf 85' lang='lat' dir='ltr'><strong>a</strong></span> <span class='ocrx_word' id='word_1_259' title='bbox 1585 1089 1693 1112; x_wconf 90' lang='lat' dir='ltr'><strong>rerum</strong></span> 
     </span>
    </p>
   </div>
   <div class='ocr_carea' id='block_1_23' title="bbox 87 1128 1695 1167">
    <p class='ocr_par' dir='ltr' id='par_1_23' title="bbox 87 1128 1695 1167">
     <span class='ocr_line' id='line_1_23' title="bbox 87 1128 1695 1167; baseline 0 -9"><span class='ocrx_word' id='word_1_260' title='bbox 87 1128 367 1160; x_wconf 84' lang='lat' dir='ltr'><strong>ecclesiasticarum</strong></span> <span class='ocrx_word' id='word_1_261' title='bbox 384 1137 457 1160; x_wconf 88' lang='lat' dir='ltr'><strong>cura</strong></span> <span class='ocrx_word' id='word_1_262' title='bbox 475 1137 547 1160; x_wconf 90' lang='lat' dir='ltr'><strong>eum</strong></span> <span class='ocrx_word' id='word_1_263' title='bbox 569 1129 742 1159; x_wconf 83' lang='lat' dir='ltr'><strong>abduxisse</strong></span> <span class='ocrx_word' id='word_1_264' title='bbox 769 1137 840 1159; x_wconf 87' lang='lat' dir='ltr'><strong>sese</strong></span> <span class='ocrx_word' id='word_1_265' title='bbox 867 1132 966 1167; x_wconf 85' lang='lat' dir='ltr'><strong>putet,</strong></span> <span class='ocrx_word' id='word_1_266' title='bbox 985 1132 1081 1167; x_wconf 88' lang='lat' dir='ltr'><strong>atque</strong></span> <span class='ocrx_word' id='word_1_267' title='bbox 1107 1128 1139 1158; x_wconf 90' lang='lat' dir='ltr'><strong>in</strong></span> <span class='ocrx_word' id='word_1_268' title='bbox 1157 1136 1333 1164; x_wconf 83' lang='lat' dir='ltr'><strong>secessum,</strong></span> <span class='ocrx_word' id='word_1_269' title='bbox 1350 1128 1503 1159; x_wconf 63' lang='lat' dir='ltr'><strong>Historia:</strong></span> <span class='ocrx_word' id='word_1_270' title='bbox 1521 1129 1695 1159; x_wconf 78' lang='lat' dir='ltr'><strong>condendm</strong></span> 
     </span>
    </p>
   </div>
   <div class='ocr_carea' id='block_1_24' title="bbox 87 1176 1696 1216">
    <p class='ocr_par' dir='ltr' id='par_1_24' title="bbox 87 1176 1696 1216">
     <span class='ocr_line' id='line_1_24' title="bbox 87 1176 1696 1216; baseline -0.002 -8"><span class='ocrx_word' id='word_1_271' title='bbox 87 1185 182 1214; x_wconf 84' lang='lat' dir='ltr'><strong>causa,</strong></span> <span class='ocrx_word' id='word_1_272' title='bbox 197 1185 231 1208; x_wconf 86' lang='lat' dir='ltr'><strong>se</strong></span> <span class='ocrx_word' id='word_1_273' title='bbox 247 1177 425 1216; x_wconf 86' lang='lat' dir='ltr'><strong>recepisse.</strong></span> <span class='ocrx_word' id='word_1_274' title='bbox 445 1176 575 1208; x_wconf 88' lang='lat' dir='ltr'><strong>Constat</strong></span> <span class='ocrx_word' id='word_1_275' title='bbox 592 1180 690 1212; x_wconf 88' lang='lat' dir='ltr'><strong>certe,</strong></span> <span class='ocrx_word' id='word_1_276' title='bbox 709 1185 771 1206; x_wconf 92' lang='lat' dir='ltr'><strong>non</strong></span> <span class='ocrx_word' id='word_1_277' title='bbox 793 1176 898 1207; x_wconf 79' lang='lat' dir='ltr'><strong>exisse</strong></span> <span class='ocrx_word' id='word_1_278' title='bbox 914 1176 1122 1214; x_wconf 85' lang='lat' dir='ltr'><strong>scriptionem</strong></span> <span class='ocrx_word' id='word_1_279' title='bbox 1139 1180 1212 1206; x_wconf 86' lang='lat' dir='ltr'><strong>ante</strong></span> <span class='ocrx_word' id='word_1_280' title='bbox 1229 1185 1257 1206; x_wconf 87' lang='lat' dir='ltr'><strong>a.</strong></span> <span class='ocrx_word' id='word_1_281' title='bbox 1275 1177 1343 1210; x_wconf 84' lang='lat'><strong>989.</strong></span> <span class='ocrx_word' id='word_1_282' title='bbox 1360 1185 1425 1215; x_wconf 86' lang='lat' dir='ltr'><strong>quo</strong></span> <span class='ocrx_word' id='word_1_283' title='bbox 1439 1177 1557 1206; x_wconf 85' lang='lat' dir='ltr'><strong>Bardas</strong></span> <span class='ocrx_word' id='word_1_284' title='bbox 1577 1177 1696 1207; x_wconf 79' lang='lat' dir='ltr'><strong>Phocas</strong></span> 
     </span>
    </p>
   </div>
   <div class='ocr_carea' id='block_1_25' title="bbox 88 1223 1690 1264">
    <p class='ocr_par' dir='ltr' id='par_1_25' title="bbox 88 1223 1690 1264">
     <span class='ocr_line' id='line_1_25' title="bbox 88 1223 1690 1264; baseline 0 -10"><span class='ocrx_word' id='word_1_285' title='bbox 88 1229 185 1255; x_wconf 77' lang='lat' dir='ltr'><strong>contra</strong></span> <span class='ocrx_word' id='word_1_286' title='bbox 212 1225 371 1256; x_wconf 90' lang='lat' dir='ltr'><strong>Basilium</strong></span> <span class='ocrx_word' id='word_1_287' title='bbox 405 1225 484 1264; x_wconf 89' lang='lat' dir='ltr'><strong>imp.</strong></span> <span class='ocrx_word' id='word_1_288' title='bbox 515 1224 674 1256; x_wconf 83' lang='lat' dir='ltr'><strong>rebellans</strong></span> <span class='ocrx_word' id='word_1_289' title='bbox 697 1233 872 1264; x_wconf 90' lang='lat' dir='ltr'><strong>oppressus</strong></span> <span class='ocrx_word' id='word_1_290' title='bbox 907 1227 955 1254; x_wconf 90' lang='lat' dir='ltr'><strong>est</strong></span> <span class='ocrx_word' id='word_1_291' title='bbox 982 1234 990 1254; x_wconf 87' lang='lat'><strong>:</strong></span> <span class='ocrx_word' id='word_1_292' title='bbox 1026 1224 1147 1263; x_wconf 77' lang='lat' dir='ltr'><strong>quippe</strong></span> <span class='ocrx_word' id='word_1_293' title='bbox 1173 1224 1242 1262; x_wconf 84' lang='lat' dir='ltr'><strong>ejus</strong></span> <span class='ocrx_word' id='word_1_294' title='bbox 1273 1223 1426 1254; x_wconf 89' lang='lat' dir='ltr'><strong>interitus</strong></span> <span class='ocrx_word' id='word_1_295' title='bbox 1460 1223 1599 1254; x_wconf 80' lang='lat' dir='ltr'><strong>refertur</strong></span> <span class='ocrx_word' id='word_1_296' title='bbox 1623 1224 1690 1254; x_wconf 90' lang='lat'><strong>108.</strong></span> 
     </span>
    </p>
   </div>
   <div class='ocr_carea' id='block_1_26' title="bbox 88 1271 1696 1312">
    <p class='ocr_par' dir='ltr' id='par_1_26' title="bbox 88 1271 1696 1312">
     <span class='ocr_line' id='line_1_26' title="bbox 88 1271 1696 1312; baseline -0.001 -9"><span class='ocrx_word' id='word_1_297' title='bbox 88 1272 281 1312; x_wconf 80' lang='lat' dir='ltr'><strong>Expugnatio</strong></span> <span class='ocrx_word' id='word_1_298' title='bbox 300 1272 484 1309; x_wconf 86' lang='lat' dir='ltr'><strong>Chersonis,</strong></span> <span class='ocrx_word' id='word_1_299' title='bbox 505 1272 544 1304; x_wconf 88' lang='lat' dir='ltr'><strong>de</strong></span> <span class='ocrx_word' id='word_1_300' title='bbox 562 1281 624 1312; x_wconf 91' lang='lat' dir='ltr'><strong>qua</strong></span> <span class='ocrx_word' id='word_1_301' title='bbox 647 1271 715 1309; x_wconf 88' lang='grc'>108,</span> <span class='ocrx_word' id='word_1_302' title='bbox 733 1275 763 1302; x_wconf 88' lang='lat' dir='ltr'><strong>et</strong></span> <span class='ocrx_word' id='word_1_303' title='bbox 780 1279 865 1303; x_wconf 90' lang='lat' dir='ltr'><strong>mors</strong></span> <span class='ocrx_word' id='word_1_304' title='bbox 888 1271 996 1302; x_wconf 87' lang='lat' dir='ltr'><strong>Basilii</strong></span> <span class='ocrx_word' id='word_1_305' title='bbox 1017 1271 1163 1310; x_wconf 72' lang='lat' dir='ltr'><strong>praesidis</strong></span> <span class='ocrx_word' id='word_1_306' title='bbox 1184 1271 1277 1311; x_wconf 87' lang='lat'><strong>(106),</strong></span> <span class='ocrx_word' id='word_1_307' title='bbox 1295 1280 1380 1302; x_wconf 85' lang='lat' dir='ltr'><strong>anno</strong></span> <span class='ocrx_word' id='word_1_308' title='bbox 1404 1275 1476 1303; x_wconf 78' lang='lat' dir='ltr'><strong>ante</strong></span> <span class='ocrx_word' id='word_1_309' title='bbox 1498 1272 1696 1302; x_wconf 88' lang='lat' dir='ltr'><strong>acciderunt.</strong></span> 
     </span>
    </p>
   </div>
   <div class='ocr_carea' id='block_1_27' title="bbox 89 1319 1694 1358">
    <p class='ocr_par' dir='ltr' id='par_1_27' title="bbox 89 1319 1694 1358">
     <span class='ocr_line' id='line_1_27' title="bbox 89 1319 1694 1358; baseline 0 -8"><span class='ocrx_word' id='word_1_310' title='bbox 89 1321 161 1350; x_wconf 84' lang='lat' dir='ltr'><strong>Num</strong></span> <span class='ocrx_word' id='word_1_311' title='bbox 176 1320 353 1351; x_wconf 85' lang='lat' dir='ltr'><strong>consilium</strong></span> <span class='ocrx_word' id='word_1_312' title='bbox 370 1320 471 1352; x_wconf 89' lang='lat' dir='ltr'><strong>fuerit</strong></span> <span class='ocrx_word' id='word_1_313' title='bbox 486 1320 597 1357; x_wconf 87' lang='lat' dir='ltr'><strong>Leoni,</strong></span> <span class='ocrx_word' id='word_1_314' title='bbox 618 1320 702 1351; x_wconf 88' lang='lat' dir='ltr'><strong>ultra</strong></span> <span class='ocrx_word' id='word_1_315' title='bbox 719 1319 886 1352; x_wconf 72' lang='lat' dir='ltr'><strong>Tzimiscm</strong></span> <span class='ocrx_word' id='word_1_316' title='bbox 902 1323 1036 1350; x_wconf 90' lang='lat' dir='ltr'><strong>mortem</strong></span> <span class='ocrx_word' id='word_1_317' title='bbox 1053 1319 1210 1350; x_wconf 77' lang='lat' dir='ltr'><strong>deducere</strong></span> <span class='ocrx_word' id='word_1_318' title='bbox 1228 1319 1406 1357; x_wconf 77' lang='lat' dir='ltr'><strong>historiam,</strong></span> <span class='ocrx_word' id='word_1_319' title='bbox 1419 1319 1558 1350; x_wconf 88' lang='lat' dir='ltr'><strong>dubitari</strong></span> <span class='ocrx_word' id='word_1_320' title='bbox 1578 1323 1694 1358; x_wconf 86' lang='lat' dir='ltr'><strong>potest.</strong></span> 
     </span>
    </p>
   </div>
   <div class='ocr_carea' id='block_1_28' title="bbox 88 1366 1699 1408">
    <p class='ocr_par' dir='ltr' id='par_1_28' title="bbox 88 1366 1699 1408">
     <span class='ocr_line' id='line_1_28' title="bbox 88 1366 1699 1408; baseline -0.001 -10"><span class='ocrx_word' id='word_1_321' title='bbox 88 1368 156 1398; x_wconf 85' lang='lat' dir='ltr'><strong>Nam</strong></span> <span class='ocrx_word' id='word_1_322' title='bbox 174 1369 259 1408; x_wconf 91' lang='lat' dir='ltr'><strong>quod</strong></span> <span class='ocrx_word' id='word_1_323' title='bbox 285 1368 398 1399; x_wconf 89' lang='lat' dir='ltr'><strong>scribit</strong></span> <span class='ocrx_word' id='word_1_324' title='bbox 415 1369 483 1405; x_wconf 88' lang='lat'><strong>109,</strong></span> <span class='ocrx_word' id='word_1_325' title='bbox 504 1367 597 1405; x_wconf 87' lang='lat' dir='ltr'><strong>mala,</strong></span> <span class='ocrx_word' id='word_1_326' title='bbox 616 1376 673 1407; x_wconf 89' lang='lat' dir='ltr'><strong>per</strong></span> <span class='ocrx_word' id='word_1_327' title='bbox 692 1367 816 1398; x_wconf 82' lang='lat' dir='ltr'><strong>stellam</strong></span> <span class='ocrx_word' id='word_1_328' title='bbox 844 1368 989 1399; x_wconf 88' lang='lat' dir='ltr'><strong>crinitam</strong></span> <span class='ocrx_word' id='word_1_329' title='bbox 1014 1372 1252 1408; x_wconf 72' lang='lat' dir='ltr'><strong>prmmonstrata</strong></span> <span class='ocrx_word' id='word_1_330' title='bbox 1271 1366 1355 1407; x_wconf 68' lang='grc' dir='ltr'><strong>(ιιυω</strong></span> <span class='ocrx_word' id='word_1_331' title='bbox 1371 1373 1478 1407; x_wconf 90' lang='lat' dir='ltr'><strong>postea</strong></span> <span class='ocrx_word' id='word_1_332' title='bbox 1497 1369 1616 1399; x_wconf 86' lang='lat' dir='ltr'><strong>Basilio</strong></span> <span class='ocrx_word' id='word_1_333' title='bbox 1634 1368 1699 1398; x_wconf 66' lang='lat' dir='ltr'><strong>im~</strong></span> 
     </span>
    </p>
   </div>
   <div class='ocr_carea' id='block_1_29' title="bbox 90 1415 1696 1456">
    <p class='ocr_par' dir='ltr' id='par_1_29' title="bbox 90 1415 1696 1456">
     <span class='ocr_line' id='line_1_29' title="bbox 90 1415 1696 1456; baseline 0 -11"><span class='ocrx_word' id='word_1_334' title='bbox 90 1420 208 1454; x_wconf 80' lang='lat' dir='ltr'><strong>parante</strong></span> <span class='ocrx_word' id='word_1_335' title='bbox 226 1416 433 1456; x_wconf 86' lang='lat' dir='ltr'><strong>evenerunt),</strong></span> <span class='ocrx_word' id='word_1_336' title='bbox 449 1424 509 1447; x_wconf 89' lang='lat' dir='ltr'><strong>suo</strong></span> <span class='ocrx_word' id='word_1_337' title='bbox 525 1415 670 1456; x_wconf 87' lang='lat' dir='ltr'><strong>quidque</strong></span> <span class='ocrx_word' id='word_1_338' title='bbox 687 1415 800 1446; x_wconf 87' lang='lat' dir='ltr'><strong>ordine</strong></span> <span class='ocrx_word' id='word_1_339' title='bbox 816 1416 855 1447; x_wconf 88' lang='lat' dir='ltr'><strong>ab</strong></span> <span class='ocrx_word' id='word_1_340' title='bbox 869 1415 1002 1447; x_wconf 79' lang='lat' dir='ltr'><strong>histOria</strong></span> <span class='ocrx_word' id='word_1_341' title='bbox 1019 1416 1140 1446; x_wconf 87' lang='lat' dir='ltr'><strong>dictum</strong></span> <span class='ocrx_word' id='word_1_342' title='bbox 1159 1415 1211 1452; x_wconf 92' lang='lat' dir='ltr'><strong>iri,</strong></span> <span class='ocrx_word' id='word_1_343' title='bbox 1227 1416 1258 1446; x_wconf 91' lang='lat' dir='ltr'><strong>id</strong></span> <span class='ocrx_word' id='word_1_344' title='bbox 1275 1415 1409 1447; x_wconf 78' lang='lat' dir='ltr'><strong>fortasse</strong></span> <span class='ocrx_word' id='word_1_345' title='bbox 1423 1425 1489 1447; x_wconf 89' lang='lat' dir='ltr'><strong>non</strong></span> <span class='ocrx_word' id='word_1_346' title='bbox 1513 1416 1558 1447; x_wconf 92' lang='lat' dir='ltr'><strong>sic</strong></span> <span class='ocrx_word' id='word_1_347' title='bbox 1572 1416 1696 1446; x_wconf 90' lang='lat' dir='ltr'><strong>intelli-</strong></span> 
     </span>
    </p>
   </div>
   <div class='ocr_carea' id='block_1_30' title="bbox 89 1463 1698 1503">
    <p class='ocr_par' dir='ltr' id='par_1_30' title="bbox 89 1463 1698 1503">
     <span class='ocr_line' id='line_1_30' title="bbox 89 1463 1698 1503; baseline -0.001 -9"><span class='ocrx_word' id='word_1_348' title='bbox 89 1464 216 1500; x_wconf 78' lang='lat' dir='ltr'><strong>gendum</strong></span> <span class='ocrx_word' id='word_1_349' title='bbox 237 1467 300 1500; x_wconf 89' lang='lat' dir='ltr'><strong>est,</strong></span> <span class='ocrx_word' id='word_1_350' title='bbox 317 1463 411 1503; x_wconf 88' lang='lat' dir='ltr'><strong>quasi</strong></span> <span class='ocrx_word' id='word_1_351' title='bbox 432 1463 502 1502; x_wconf 87' lang='lat' dir='ltr'><strong>ipse</strong></span> <span class='ocrx_word' id='word_1_352' title='bbox 525 1463 587 1494; x_wconf 88' lang='lat' dir='ltr'><strong>sibi</strong></span> <span class='ocrx_word' id='word_1_353' title='bbox 603 1471 640 1494; x_wconf 90' lang='lat' dir='ltr'><strong>ea</strong></span> <span class='ocrx_word' id='word_1_354' title='bbox 661 1466 833 1503; x_wconf 86' lang='lat' dir='ltr'><strong>seponeret</strong></span> <span class='ocrx_word' id='word_1_355' title='bbox 854 1464 1022 1501; x_wconf 86' lang='lat' dir='ltr'><strong>narranda,</strong></span> <span class='ocrx_word' id='word_1_356' title='bbox 1040 1463 1096 1494; x_wconf 85' lang='lat' dir='ltr'><strong>sed</strong></span> <span class='ocrx_word' id='word_1_357' title='bbox 1126 1463 1317 1503; x_wconf 79' lang='lat' dir='ltr'><strong>generatim,</strong></span> <span class='ocrx_word' id='word_1_358' title='bbox 1332 1464 1405 1495; x_wconf 87' lang='lat' dir='ltr'><strong>aliis</strong></span> <span class='ocrx_word' id='word_1_359' title='bbox 1429 1473 1466 1495; x_wconf 87' lang='lat' dir='ltr'><strong>ea</strong></span> <span class='ocrx_word' id='word_1_360' title='bbox 1487 1464 1698 1503; x_wconf 72' lang='lat' dir='ltr'><strong>scriptoribus</strong></span> 
     </span>
    </p>
   </div>
   <div class='ocr_carea' id='block_1_31' title="bbox 89 1512 588 1551">
    <p class='ocr_par' dir='ltr' id='par_1_31' title="bbox 89 1512 588 1551">
     <span class='ocr_line' id='line_1_31' title="bbox 89 1512 588 1551; baseline 0.002 -10"><span class='ocrx_word' id='word_1_361' title='bbox 89 1512 242 1544; x_wconf 84' lang='lat' dir='ltr'><strong>materiam</strong></span> <span class='ocrx_word' id='word_1_362' title='bbox 258 1512 387 1542; x_wconf 87' lang='lat' dir='ltr'><strong>dicendi</strong></span> <span class='ocrx_word' id='word_1_363' title='bbox 405 1512 588 1551; x_wconf 76' lang='lat' dir='ltr'><strong>praebitura.</strong></span> 
     </span>
    </p>
   </div>
   <div class='ocr_carea' id='block_1_32' title="bbox 123 1571 1694 1612">
    <p class='ocr_par' dir='ltr' id='par_1_32' title="bbox 123 1571 1694 1612">
     <span class='ocr_line' id='line_1_32' title="bbox 123 1571 1694 1612; baseline -0.001 -9"><span class='ocrx_word' id='word_1_364' title='bbox 123 1573 173 1604; x_wconf 88' lang='lat' dir='ltr'><strong>VI.</strong></span> <span class='ocrx_word' id='word_1_365' title='bbox 195 1573 281 1612; x_wconf 84' lang='lat' dir='ltr'><strong>Ergo</strong></span> <span class='ocrx_word' id='word_1_366' title='bbox 304 1573 363 1604; x_wconf 88' lang='lat' dir='ltr'><strong>tria</strong></span> <span class='ocrx_word' id='word_1_367' title='bbox 383 1572 588 1612; x_wconf 89' lang='lat' dir='ltr'><strong>potissimum</strong></span> <span class='ocrx_word' id='word_1_368' title='bbox 616 1572 712 1610; x_wconf 89' lang='lat' dir='ltr'><strong>bella,</strong></span> <span class='ocrx_word' id='word_1_369' title='bbox 739 1573 909 1609; x_wconf 86' lang='lat' dir='ltr'><strong>Creticum,</strong></span> <span class='ocrx_word' id='word_1_370' title='bbox 935 1572 1126 1607; x_wconf 74' lang='lat' dir='ltr'><strong>Asiaticum,</strong></span> <span class='ocrx_word' id='word_1_371' title='bbox 1158 1573 1341 1608; x_wconf 85' lang='lat' dir='ltr'><strong>Russicum,</strong></span> <span class='ocrx_word' id='word_1_372' title='bbox 1365 1571 1570 1602; x_wconf 82' lang='lat' dir='ltr'><strong>formidolosa</strong></span> <span class='ocrx_word' id='word_1_373' title='bbox 1594 1575 1694 1610; x_wconf 85' lang='lat' dir='ltr'><strong>atque</strong></span> 
     </span>
    </p>
   </div>
   <div class='ocr_carea' id='block_1_33' title="bbox 89 1619 1698 1661">
    <p class='ocr_par' dir='ltr' id='par_1_33' title="bbox 89 1619 1698 1661">
     <span class='ocr_line' id='line_1_33' title="bbox 89 1619 1698 1661; baseline -0.001 -10"><span class='ocrx_word' id='word_1_374' title='bbox 89 1621 231 1658; x_wconf 80' lang='lat' dir='ltr'><strong>ditlicilia,</strong></span> <span class='ocrx_word' id='word_1_375' title='bbox 247 1621 418 1652; x_wconf 88' lang='lat' dir='ltr'><strong>scribenda</strong></span> <span class='ocrx_word' id='word_1_376' title='bbox 435 1621 498 1652; x_wconf 83' lang='lat' dir='ltr'><strong>sibi</strong></span> <span class='ocrx_word' id='word_1_377' title='bbox 514 1622 665 1661; x_wconf 87' lang='lat' dir='ltr'><strong>sumpsit,</strong></span> <span class='ocrx_word' id='word_1_378' title='bbox 681 1621 861 1661; x_wconf 84' lang='lat' dir='ltr'><strong>aﬂ‘erreque</strong></span> <span class='ocrx_word' id='word_1_379' title='bbox 876 1621 986 1652; x_wconf 89' lang='lat' dir='ltr'><strong>lumen</strong></span> <span class='ocrx_word' id='word_1_380' title='bbox 1007 1620 1107 1652; x_wconf 90' lang='lat' dir='ltr'><strong>voluit</strong></span> <span class='ocrx_word' id='word_1_381' title='bbox 1126 1621 1222 1652; x_wconf 90' lang='lat' dir='ltr'><strong>rebus</strong></span> <span class='ocrx_word' id='word_1_382' title='bbox 1240 1629 1296 1650; x_wconf 87' lang='lat' dir='ltr'><strong>sua</strong></span> <span class='ocrx_word' id='word_1_383' title='bbox 1308 1624 1398 1651; x_wconf 84' lang='lat' dir='ltr'><strong>aetate</strong></span> <span class='ocrx_word' id='word_1_384' title='bbox 1415 1620 1485 1658; x_wconf 82' lang='lat'><strong>(959</strong></span> <span class='ocrx_word' id='word_1_385' title='bbox 1502 1635 1539 1641; x_wconf 94' lang='lat'>—</span> <span class='ocrx_word' id='word_1_386' title='bbox 1552 1619 1622 1657; x_wconf 82' lang='lat'><strong>9’15)</strong></span> <span class='ocrx_word' id='word_1_387' title='bbox 1640 1627 1698 1658; x_wconf 85' lang='lat' dir='ltr'><strong>ge-</strong></span> 
     </span>
    </p>
   </div>
   <div class='ocr_carea' id='block_1_34' title="bbox 89 1667 1699 1709">
    <p class='ocr_par' dir='ltr' id='par_1_34' title="bbox 89 1667 1699 1709">
     <span class='ocr_line' id='line_1_34' title="bbox 89 1667 1699 1709; baseline -0.002 -10"><span class='ocrx_word' id='word_1_388' title='bbox 89 1669 151 1700; x_wconf 92' lang='lat' dir='ltr'><strong>stis.</strong></span> <span class='ocrx_word' id='word_1_389' title='bbox 167 1669 224 1700; x_wconf 91' lang='lat' dir='ltr'><strong>Sed</strong></span> <span class='ocrx_word' id='word_1_390' title='bbox 240 1672 456 1709; x_wconf 82' lang='lat' dir='ltr'><strong>estmagnum</strong></span> <span class='ocrx_word' id='word_1_391' title='bbox 474 1677 593 1700; x_wconf 90' lang='lat' dir='ltr'><strong>munus</strong></span> <span class='ocrx_word' id='word_1_392' title='bbox 609 1669 755 1706; x_wconf 83' lang='lat' dir='ltr'><strong>historia,</strong></span> <span class='ocrx_word' id='word_1_393' title='bbox 779 1673 810 1701; x_wconf 87' lang='lat' dir='ltr'><strong>et</strong></span> <span class='ocrx_word' id='word_1_394' title='bbox 826 1678 864 1700; x_wconf 81' lang='lat' dir='ltr'><strong>ex</strong></span> <span class='ocrx_word' id='word_1_395' title='bbox 880 1669 967 1700; x_wconf 89' lang='lat' dir='ltr'><strong>omni</strong></span> <span class='ocrx_word' id='word_1_396' title='bbox 988 1669 1156 1708; x_wconf 64' lang='lat' dir='ltr'><strong>scriptura;</strong></span> <span class='ocrx_word' id='word_1_397' title='bbox 1178 1677 1296 1708; x_wconf 85' lang='lat' dir='ltr'><strong>genere</strong></span> <span class='ocrx_word' id='word_1_398' title='bbox 1312 1676 1411 1707; x_wconf 87' lang='lat' dir='ltr'><strong>prope</strong></span> <span class='ocrx_word' id='word_1_399' title='bbox 1430 1667 1531 1698; x_wconf 89' lang='lat' dir='ltr'><strong>dicam</strong></span> <span class='ocrx_word' id='word_1_400' title='bbox 1549 1667 1699 1698; x_wconf 76' lang='lat' dir='ltr'><strong>difﬁcilli-</strong></span> 
     </span>
    </p>
   </div>
   <div class='ocr_carea' id='block_1_35' title="bbox 90 1716 1699 1757">
    <p class='ocr_par' dir='ltr' id='par_1_35' title="bbox 90 1716 1699 1757">
     <span class='ocr_line' id='line_1_35' title="bbox 90 1716 1699 1757; baseline -0.001 -10"><span class='ocrx_word' id='word_1_401' title='bbox 90 1725 182 1747; x_wconf 89' lang='lat' dir='ltr'><strong>mum.</strong></span> <span class='ocrx_word' id='word_1_402' title='bbox 200 1718 283 1748; x_wconf 92' lang='lat' dir='ltr'><strong>Sunt</strong></span> <span class='ocrx_word' id='word_1_403' title='bbox 305 1717 481 1756; x_wconf 87' lang='lat' dir='ltr'><strong>unicuique</strong></span> <span class='ocrx_word' id='word_1_404' title='bbox 498 1717 616 1748; x_wconf 75' lang='lat' dir='ltr'><strong>saeculo</strong></span> <span class='ocrx_word' id='word_1_405' title='bbox 643 1727 711 1748; x_wconf 81' lang='lat' dir='ltr'><strong>suae</strong></span> <span class='ocrx_word' id='word_1_406' title='bbox 734 1717 889 1749; x_wconf 69' lang='lat' dir='ltr'><strong>crecitates</strong></span> <span class='ocrx_word' id='word_1_407' title='bbox 914 1717 1032 1748; x_wconf 85' lang='lat' dir='ltr'><strong>mentis</strong></span> <span class='ocrx_word' id='word_1_408' title='bbox 1062 1727 1069 1747; x_wconf 96' lang='lat'><strong>:</strong></span> <span class='ocrx_word' id='word_1_409' title='bbox 1095 1723 1141 1751; x_wconf 87' lang='lat' dir='ltr'><strong>ut.</strong></span> <span class='ocrx_word' id='word_1_410' title='bbox 1158 1717 1305 1757; x_wconf 82' lang='lat' dir='ltr'><strong>quamvis</strong></span> <span class='ocrx_word' id='word_1_411' title='bbox 1334 1720 1443 1747; x_wconf 68' lang='lat' dir='ltr'><strong>uetera</strong></span> <span class='ocrx_word' id='word_1_412' title='bbox 1473 1716 1595 1746; x_wconf 87' lang='lat' dir='ltr'><strong>ratione</strong></span> <span class='ocrx_word' id='word_1_413' title='bbox 1617 1720 1699 1746; x_wconf 89' lang='lat' dir='ltr'><strong>recta</strong></span> 
     </span>
    </p>
   </div>
   <div class='ocr_carea' id='block_1_36' title="bbox 87 1762 1698 1804">
    <p class='ocr_par' dir='ltr' id='par_1_36' title="bbox 87 1762 1698 1804">
     <span class='ocr_line' id='line_1_36' title="bbox 87 1762 1698 1804; baseline -0.002 -9"><span class='ocrx_word' id='word_1_414' title='bbox 87 1764 207 1802; x_wconf 77' lang='lat' dir='ltr'><strong>iudicet,</strong></span> <span class='ocrx_word' id='word_1_415' title='bbox 226 1764 261 1796; x_wconf 91' lang='lat' dir='ltr'><strong>in</strong></span> <span class='ocrx_word' id='word_1_416' title='bbox 278 1764 470 1804; x_wconf 88' lang='lat' dir='ltr'><strong>quibusdam</strong></span> <span class='ocrx_word' id='word_1_417' title='bbox 488 1768 593 1796; x_wconf 89' lang='lat' dir='ltr'><strong>tamen</strong></span> <span class='ocrx_word' id='word_1_418' title='bbox 611 1766 729 1796; x_wconf 80' lang='lat' dir='ltr'><strong>erroris</strong></span> <span class='ocrx_word' id='word_1_419' title='bbox 747 1769 842 1804; x_wconf 88' lang='lat' dir='ltr'><strong>atque</strong></span> <span class='ocrx_word' id='word_1_420' title='bbox 862 1765 1069 1796; x_wconf 82' lang='lat' dir='ltr'><strong>hebetudinis</strong></span> <span class='ocrx_word' id='word_1_421' title='bbox 1090 1765 1132 1796; x_wconf 87' lang='lat' dir='ltr'><strong>sit</strong></span> <span class='ocrx_word' id='word_1_422' title='bbox 1146 1765 1439 1796; x_wconf 90' lang='lat' dir='ltr'><strong>condemnandum.</strong></span> <span class='ocrx_word' id='word_1_423' title='bbox 1458 1763 1616 1794; x_wconf 86' lang='lat' dir='ltr'><strong>Inﬁnitam</strong></span> <span class='ocrx_word' id='word_1_424' title='bbox 1635 1762 1698 1792; x_wconf 91' lang='lat' dir='ltr'><strong>vim</strong></span> 
     </span>
    </p>
   </div>
   <div class='ocr_carea' id='block_1_37' title="bbox 89 1811 1698 1852">
    <p class='ocr_par' dir='ltr' id='par_1_37' title="bbox 89 1811 1698 1852">
     <span class='ocr_line' id='line_1_37' title="bbox 89 1811 1698 1852; baseline 0 -11"><span class='ocrx_word' id='word_1_425' title='bbox 89 1811 196 1842; x_wconf 83' lang='lat' dir='ltr'><strong>habent</strong></span> <span class='ocrx_word' id='word_1_426' title='bbox 225 1812 414 1852; x_wconf 80' lang='lat' dir='ltr'><strong>religiones,</strong></span> <span class='ocrx_word' id='word_1_427' title='bbox 440 1812 601 1850; x_wconf 86' lang='lat' dir='ltr'><strong>instituta,</strong></span> <span class='ocrx_word' id='word_1_428' title='bbox 645 1813 812 1849; x_wconf 79' lang='lat' dir='ltr'><strong>factiones,</strong></span> <span class='ocrx_word' id='word_1_429' title='bbox 837 1818 931 1844; x_wconf 86' lang='lat' dir='ltr'><strong>sectae</strong></span> <span class='ocrx_word' id='word_1_430' title='bbox 949 1824 957 1843; x_wconf 89' lang='lat'><strong>:</strong></span> <span class='ocrx_word' id='word_1_431' title='bbox 975 1822 1039 1844; x_wconf 88' lang='lat' dir='ltr'><strong>non</strong></span> <span class='ocrx_word' id='word_1_432' title='bbox 1062 1815 1163 1852; x_wconf 79' lang='lat' dir='ltr'><strong>[XIX]</strong></span> <span class='ocrx_word' id='word_1_433' title='bbox 1193 1821 1258 1844; x_wconf 92' lang='lat' dir='ltr'><strong>uno</strong></span> <span class='ocrx_word' id='word_1_434' title='bbox 1287 1813 1381 1844; x_wconf 89' lang='lat' dir='ltr'><strong>modo</strong></span> <span class='ocrx_word' id='word_1_435' title='bbox 1403 1811 1582 1851; x_wconf 71' lang='lat' dir='ltr'><strong>praestringi</strong></span> <span class='ocrx_word' id='word_1_436' title='bbox 1613 1811 1698 1841; x_wconf 90' lang='lat' dir='ltr'><strong>acies</strong></span> 
     </span>
    </p>
   </div>
   <div class='ocr_carea' id='block_1_38' title="bbox 90 1855 1699 1900">
    <p class='ocr_par' dir='ltr' id='par_1_38' title="bbox 90 1855 1699 1900">
     <span class='ocr_line' id='line_1_38' title="bbox 90 1855 1699 1900; baseline -0.001 -11"><span class='ocrx_word' id='word_1_437' title='bbox 90 1859 196 1891; x_wconf 84' lang='lat' dir='ltr'><strong>mentis</strong></span> <span class='ocrx_word' id='word_1_438' title='bbox 211 1860 297 1891; x_wconf 87' lang='lat' dir='ltr'><strong>solet</strong></span> <span class='ocrx_word' id='word_1_439' title='bbox 314 1860 441 1891; x_wconf 74' lang='lat' dir='ltr'><strong>saaculis</strong></span> <span class='ocrx_word' id='word_1_440' title='bbox 459 1861 554 1891; x_wconf 90' lang='lat' dir='ltr'><strong>cultis</strong></span> <span class='ocrx_word' id='word_1_441' title='bbox 570 1864 601 1892; x_wconf 87' lang='lat' dir='ltr'><strong>et</strong></span> <span class='ocrx_word' id='word_1_442' title='bbox 620 1861 768 1896; x_wconf 89' lang='lat' dir='ltr'><strong>eruditis,</strong></span> <span class='ocrx_word' id='word_1_443' title='bbox 787 1860 905 1892; x_wconf 90' lang='lat' dir='ltr'><strong>nedum</strong></span> <span class='ocrx_word' id='word_1_444' title='bbox 936 1855 1061 1900; x_wconf 86' lang='lat' dir='ltr'><strong>asperis</strong></span> <span class='ocrx_word' id='word_1_445' title='bbox 1078 1866 1107 1892; x_wconf 88' lang='lat' dir='ltr'><strong>et</strong></span> <span class='ocrx_word' id='word_1_446' title='bbox 1125 1861 1349 1892; x_wconf 87' lang='lat' dir='ltr'><strong>tenebricosis.</strong></span> <span class='ocrx_word' id='word_1_447' title='bbox 1369 1860 1511 1895; x_wconf 80' lang='lat' dir='ltr'><strong>Accedit,</strong></span> <span class='ocrx_word' id='word_1_448' title='bbox 1533 1865 1564 1891; x_wconf 88' lang='lat' dir='ltr'><strong>ut</strong></span> <span class='ocrx_word' id='word_1_449' title='bbox 1581 1859 1699 1889; x_wconf 87' lang='lat' dir='ltr'><strong>Leonis</strong></span> 
     </span>
    </p>
   </div>
   <div class='ocr_carea' id='block_1_39' title="bbox 90 1906 1699 1948">
    <p class='ocr_par' dir='ltr' id='par_1_39' title="bbox 90 1906 1699 1948">
     <span class='ocr_line' id='line_1_39' title="bbox 90 1906 1699 1948; baseline -0.001 -11"><span class='ocrx_word' id='word_1_450' title='bbox 90 1911 156 1938; x_wconf 72' lang='lat' dir='ltr'><strong>tetas</strong></span> <span class='ocrx_word' id='word_1_451' title='bbox 171 1908 390 1948; x_wconf 89' lang='lat' dir='ltr'><strong>eloquentiam</strong></span> <span class='ocrx_word' id='word_1_452' title='bbox 417 1913 551 1947; x_wconf 89' lang='lat' dir='ltr'><strong>poneret</strong></span> <span class='ocrx_word' id='word_1_453' title='bbox 566 1909 599 1939; x_wconf 88' lang='lat' dir='ltr'><strong>in</strong></span> <span class='ocrx_word' id='word_1_454' title='bbox 623 1909 748 1945; x_wconf 82' lang='lat' dir='ltr'><strong>ﬂorida,</strong></span> <span class='ocrx_word' id='word_1_455' title='bbox 764 1913 798 1939; x_wconf 94' lang='lat' dir='ltr'><strong>ut</strong></span> <span class='ocrx_word' id='word_1_456' title='bbox 820 1908 863 1939; x_wconf 89' lang='lat' dir='ltr'><strong>ita</strong></span> <span class='ocrx_word' id='word_1_457' title='bbox 878 1909 1144 1944; x_wconf 88' lang='lat' dir='ltr'><strong>dicam,oratione</strong></span> <span class='ocrx_word' id='word_1_458' title='bbox 1161 1921 1168 1940; x_wconf 87' lang='lat'><strong>:</strong></span> <span class='ocrx_word' id='word_1_459' title='bbox 1184 1918 1255 1940; x_wconf 90' lang='lat' dir='ltr'><strong>cum</strong></span> <span class='ocrx_word' id='word_1_460' title='bbox 1278 1916 1423 1948; x_wconf 84' lang='lat' dir='ltr'><strong>magnam</strong></span> <span class='ocrx_word' id='word_1_461' title='bbox 1447 1916 1481 1937; x_wconf 90' lang='lat' dir='ltr'><strong>se</strong></span> <span class='ocrx_word' id='word_1_462' title='bbox 1507 1907 1648 1946; x_wconf 86' lang='lat' dir='ltr'><strong>quisque</strong></span> <span class='ocrx_word' id='word_1_463' title='bbox 1665 1906 1699 1936; x_wconf 93' lang='lat' dir='ltr'><strong>in</strong></span> 
     </span>
    </p>
   </div>
   <div class='ocr_carea' id='block_1_40' title="bbox 88 1953 1700 1996">
    <p class='ocr_par' dir='ltr' id='par_1_40' title="bbox 88 1953 1700 1996">
     <span class='ocr_line' id='line_1_40' title="bbox 88 1953 1700 1996; baseline -0.001 -11"><span class='ocrx_word' id='word_1_464' title='bbox 88 1953 213 1986; x_wconf 83' lang='lat' dir='ltr'><strong>dicendo</strong></span> <span class='ocrx_word' id='word_1_465' title='bbox 241 1955 370 1986; x_wconf 88' lang='lat' dir='ltr'><strong>laudem</strong></span> <span class='ocrx_word' id='word_1_466' title='bbox 393 1956 543 1995; x_wconf 77' lang='lat' dir='ltr'><strong>adeptum</strong></span> <span class='ocrx_word' id='word_1_467' title='bbox 576 1960 714 1996; x_wconf 87' lang='lat' dir='ltr'><strong>putaret,</strong></span> <span class='ocrx_word' id='word_1_468' title='bbox 738 1956 778 1993; x_wconf 88' lang='lat' dir='ltr'><strong>si,</strong></span> <span class='ocrx_word' id='word_1_469' title='bbox 807 1955 907 1986; x_wconf 87' lang='lat' dir='ltr'><strong>multa</strong></span> <span class='ocrx_word' id='word_1_470' title='bbox 936 1956 1106 1987; x_wconf 85' lang='lat' dir='ltr'><strong>acervatim</strong></span> <span class='ocrx_word' id='word_1_471' title='bbox 1134 1956 1321 1995; x_wconf 78' lang='lat' dir='ltr'><strong>complexus</strong></span> <span class='ocrx_word' id='word_1_472' title='bbox 1345 1959 1543 1990; x_wconf 86' lang='lat' dir='ltr'><strong>ornamenta,</strong></span> <span class='ocrx_word' id='word_1_473' title='bbox 1569 1953 1700 1992; x_wconf 66' lang='lat' dir='ltr'><strong>poctiraa</strong></span> 
     </span>
    </p>
   </div>
   <div class='ocr_carea' id='block_1_41' title="bbox 89 2001 1700 2044">
    <p class='ocr_par' dir='ltr' id='par_1_41' title="bbox 89 2001 1700 2044">
     <span class='ocr_line' id='line_1_41' title="bbox 89 2001 1700 2044; baseline -0.001 -12"><span class='ocrx_word' id='word_1_474' title='bbox 89 2001 231 2034; x_wconf 86' lang='lat' dir='ltr'><strong>dictionis</strong></span> <span class='ocrx_word' id='word_1_475' title='bbox 252 2003 460 2034; x_wconf 78' lang='lat' dir='ltr'><strong>aemulatione</strong></span> <span class='ocrx_word' id='word_1_476' title='bbox 485 2004 714 2042; x_wconf 86' lang='lat' dir='ltr'><strong>grandioribus</strong></span> <span class='ocrx_word' id='word_1_477' title='bbox 737 2004 853 2040; x_wconf 88' lang='lat' dir='ltr'><strong>verbis,</strong></span> <span class='ocrx_word' id='word_1_478' title='bbox 874 2008 905 2034; x_wconf 91' lang='lat' dir='ltr'><strong>et</strong></span> <span class='ocrx_word' id='word_1_479' title='bbox 926 2004 1028 2041; x_wconf 88' lang='lat' dir='ltr'><strong>duris,</strong></span> <span class='ocrx_word' id='word_1_480' title='bbox 1046 2013 1085 2035; x_wconf 90' lang='lat' dir='ltr'><strong>ne</strong></span> <span class='ocrx_word' id='word_1_481' title='bbox 1108 2004 1228 2044; x_wconf 88' lang='lat' dir='ltr'><strong>ineptis</strong></span> <span class='ocrx_word' id='word_1_482' title='bbox 1255 2004 1370 2040; x_wconf 89' lang='lat' dir='ltr'><strong>dicam,</strong></span> <span class='ocrx_word' id='word_1_483' title='bbox 1392 2001 1587 2041; x_wconf 87' lang='lat' dir='ltr'><strong>metaphoris</strong></span> <span class='ocrx_word' id='word_1_484' title='bbox 1615 2005 1700 2031; x_wconf 61' lang='lat' dir='ltr'><strong>esset</strong></span> 
     </span>
    </p>
   </div>
   <div class='ocr_carea' id='block_1_42' title="bbox 90 2048 1698 2091">
    <p class='ocr_par' dir='ltr' id='par_1_42' title="bbox 90 2048 1698 2091">
     <span class='ocr_line' id='line_1_42' title="bbox 90 2048 1698 2091; baseline -0.001 -11"><span class='ocrx_word' id='word_1_485' title='bbox 90 2058 172 2081; x_wconf 90' lang='lat' dir='ltr'><strong>usus.</strong></span> <span class='ocrx_word' id='word_1_486' title='bbox 189 2052 298 2090; x_wconf 83' lang='lat' dir='ltr'><strong>Atque</strong></span> <span class='ocrx_word' id='word_1_487' title='bbox 325 2050 410 2082; x_wconf 90' lang='lat' dir='ltr'><strong>haud</strong></span> <span class='ocrx_word' id='word_1_488' title='bbox 427 2051 493 2082; x_wconf 90' lang='lat' dir='ltr'><strong>scio</strong></span> <span class='ocrx_word' id='word_1_489' title='bbox 508 2059 614 2082; x_wconf 91' lang='lat' dir='ltr'><strong>annon</strong></span> <span class='ocrx_word' id='word_1_490' title='bbox 636 2052 811 2091; x_wconf 88' lang='lat' dir='ltr'><strong>quidquam</strong></span> <span class='ocrx_word' id='word_1_491' title='bbox 836 2051 935 2090; x_wconf 81' lang='lat' dir='ltr'><strong>magis</strong></span> <span class='ocrx_word' id='word_1_492' title='bbox 951 2052 1095 2083; x_wconf 70' lang='lat' dir='ltr'><strong>historia)</strong></span> <span class='ocrx_word' id='word_1_493' title='bbox 1118 2052 1246 2088; x_wconf 86' lang='lat' dir='ltr'><strong>otIiciat,</strong></span> <span class='ocrx_word' id='word_1_494' title='bbox 1266 2059 1361 2090; x_wconf 89' lang='lat' dir='ltr'><strong>quam</strong></span> <span class='ocrx_word' id='word_1_495' title='bbox 1387 2050 1512 2081; x_wconf 80' lang='lat' dir='ltr'><strong>fucatus</strong></span> <span class='ocrx_word' id='word_1_496' title='bbox 1537 2048 1698 2088; x_wconf 86' lang='lat' dir='ltr'><strong>ejusmodi</strong></span> 
     </span>
    </p>
   </div>
   <div class='ocr_carea' id='block_1_43' title="bbox 90 2097 1698 2140">
    <p class='ocr_par' dir='ltr' id='par_1_43' title="bbox 90 2097 1698 2140">
     <span class='ocr_line' id='line_1_43' title="bbox 90 2097 1698 2140; baseline -0.002 -12"><span class='ocrx_word' id='word_1_497' title='bbox 90 2099 153 2130; x_wconf 88' lang='lat' dir='ltr'><strong>sine</strong></span> <span class='ocrx_word' id='word_1_498' title='bbox 174 2101 328 2140; x_wconf 81' lang='lat' dir='ltr'><strong>dignitate</strong></span> <span class='ocrx_word' id='word_1_499' title='bbox 357 2100 445 2131; x_wconf 91' lang='lat' dir='ltr'><strong>color</strong></span> <span class='ocrx_word' id='word_1_500' title='bbox 461 2113 468 2131; x_wconf 89' lang='lat'><strong>:</strong></span> <span class='ocrx_word' id='word_1_501' title='bbox 486 2101 614 2140; x_wconf 89' lang='lat' dir='ltr'><strong>quando</strong></span> <span class='ocrx_word' id='word_1_502' title='bbox 637 2100 681 2132; x_wconf 89' lang='lat' dir='ltr'><strong>ita</strong></span> <span class='ocrx_word' id='word_1_503' title='bbox 700 2100 801 2131; x_wconf 90' lang='lat' dir='ltr'><strong>nimio</strong></span> <span class='ocrx_word' id='word_1_504' title='bbox 825 2099 1079 2131; x_wconf 87' lang='lat' dir='ltr'><strong>calamistrorum</strong></span> <span class='ocrx_word' id='word_1_505' title='bbox 1106 2108 1167 2130; x_wconf 93' lang='lat' dir='ltr'><strong>usu</strong></span> <span class='ocrx_word' id='word_1_506' title='bbox 1192 2099 1311 2130; x_wconf 89' lang='lat' dir='ltr'><strong>incedit</strong></span> <span class='ocrx_word' id='word_1_507' title='bbox 1328 2098 1442 2134; x_wconf 90' lang='lat' dir='ltr'><strong>oratio,</strong></span> <span class='ocrx_word' id='word_1_508' title='bbox 1458 2101 1492 2128; x_wconf 91' lang='lat' dir='ltr'><strong>ut</strong></span> <span class='ocrx_word' id='word_1_509' title='bbox 1508 2100 1539 2128; x_wconf 88' lang='lat' dir='ltr'><strong>et</strong></span> <span class='ocrx_word' id='word_1_510' title='bbox 1555 2097 1698 2127; x_wconf 90' lang='lat' dir='ltr'><strong>sermoni</strong></span> 
     </span>
    </p>
   </div>
   <div class='ocr_carea' id='block_1_44' title="bbox 90 2144 1700 2188">
    <p class='ocr_par' dir='ltr' id='par_1_44' title="bbox 90 2144 1700 2188">
     <span class='ocr_line' id='line_1_44' title="bbox 90 2144 1700 2188; baseline -0.001 -12"><span class='ocrx_word' id='word_1_511' title='bbox 90 2146 171 2186; x_wconf 79' lang='lat' dir='ltr'><strong>lepos</strong></span> <span class='ocrx_word' id='word_1_512' title='bbox 184 2149 291 2179; x_wconf 89' lang='lat' dir='ltr'><strong>omnis</strong></span> <span class='ocrx_word' id='word_1_513' title='bbox 307 2148 477 2185; x_wconf 88' lang='lat' dir='ltr'><strong>adimatur,</strong></span> <span class='ocrx_word' id='word_1_514' title='bbox 494 2152 525 2179; x_wconf 87' lang='lat' dir='ltr'><strong>et</strong></span> <span class='ocrx_word' id='word_1_515' title='bbox 542 2157 649 2179; x_wconf 88' lang='lat' dir='ltr'><strong>rerum</strong></span> <span class='ocrx_word' id='word_1_516' title='bbox 676 2147 870 2188; x_wconf 82' lang='lat' dir='ltr'><strong>expositioni</strong></span> <span class='ocrx_word' id='word_1_517' title='bbox 892 2147 980 2178; x_wconf 80' lang='lat' dir='ltr'><strong>ﬁdes.</strong></span> <span class='ocrx_word' id='word_1_518' title='bbox 1000 2148 1032 2178; x_wconf 93' lang='lat' dir='ltr'><strong>ld</strong></span> <span class='ocrx_word' id='word_1_519' title='bbox 1059 2147 1174 2178; x_wconf 89' lang='lat' dir='ltr'><strong>vitium</strong></span> <span class='ocrx_word' id='word_1_520' title='bbox 1198 2148 1274 2184; x_wconf 92' lang='lat' dir='ltr'><strong>Leo,</strong></span> <span class='ocrx_word' id='word_1_521' title='bbox 1296 2145 1420 2178; x_wconf 88' lang='lat' dir='ltr'><strong>tametsi</strong></span> <span class='ocrx_word' id='word_1_522' title='bbox 1438 2154 1502 2176; x_wconf 91' lang='lat' dir='ltr'><strong>non</strong></span> <span class='ocrx_word' id='word_1_523' title='bbox 1518 2145 1598 2176; x_wconf 89' lang='lat' dir='ltr'><strong>adeo</strong></span> <span class='ocrx_word' id='word_1_524' title='bbox 1613 2144 1700 2175; x_wconf 88' lang='lat' dir='ltr'><strong>insa-</strong></span> 
     </span>
    </p>
   </div>
   <div class='ocr_carea' id='block_1_45' title="bbox 90 2191 1700 2236">
    <p class='ocr_par' dir='ltr' id='par_1_45' title="bbox 90 2191 1700 2236">
     <span class='ocr_line' id='line_1_45' title="bbox 90 2191 1700 2236; baseline -0.001 -12"><span class='ocrx_word' id='word_1_525' title='bbox 90 2194 149 2224; x_wconf 86' lang='lat' dir='ltr'><strong>niat</strong></span> <span class='ocrx_word' id='word_1_526' title='bbox 162 2204 255 2235; x_wconf 88' lang='lat' dir='ltr'><strong>quam</strong></span> <span class='ocrx_word' id='word_1_527' title='bbox 276 2195 536 2236; x_wconf 86' lang='lat' dir='ltr'><strong>&#39;l‘heophylactus</strong></span> <span class='ocrx_word' id='word_1_528' title='bbox 560 2196 731 2228; x_wconf 87' lang='lat' dir='ltr'><strong>Simocalta</strong></span> <span class='ocrx_word' id='word_1_529' title='bbox 753 2200 805 2227; x_wconf 90' lang='lat' dir='ltr'><strong>aut</strong></span> <span class='ocrx_word' id='word_1_530' title='bbox 822 2196 946 2227; x_wconf 77' lang='lat' dir='ltr'><strong>Nicetes</strong></span> <span class='ocrx_word' id='word_1_531' title='bbox 966 2195 1137 2227; x_wconf 87' lang='lat' dir='ltr'><strong>Choniates</strong></span> <span class='ocrx_word' id='word_1_532' title='bbox 1159 2195 1204 2235; x_wconf 91' lang='lat' dir='ltr'><strong>(in</strong></span> <span class='ocrx_word' id='word_1_533' title='bbox 1231 2194 1432 2226; x_wconf 89' lang='lat' dir='ltr'><strong>orationibus</strong></span> <span class='ocrx_word' id='word_1_534' title='bbox 1448 2193 1626 2233; x_wconf 61' lang='lat' dir='ltr'><strong>praecipue,</strong></span> <span class='ocrx_word' id='word_1_535' title='bbox 1645 2191 1700 2223; x_wconf 89' lang='lat' dir='ltr'><strong>ubi</strong></span> 
     </span>
    </p>
   </div>
   <div class='ocr_carea' id='block_1_46' title="bbox 90 2241 1701 2284">
    <p class='ocr_par' dir='ltr' id='par_1_46' title="bbox 90 2241 1701 2284">
     <span class='ocr_line' id='line_1_46' title="bbox 90 2241 1701 2284; baseline -0.001 -12"><span class='ocrx_word' id='word_1_536' title='bbox 90 2243 270 2282; x_wconf 87' lang='lat' dir='ltr'><strong>cumprimis</strong></span> <span class='ocrx_word' id='word_1_537' title='bbox 287 2244 425 2283; x_wconf 89' lang='lat' dir='ltr'><strong>cupiunt</strong></span> <span class='ocrx_word' id='word_1_538' title='bbox 450 2244 562 2275; x_wconf 87' lang='lat' dir='ltr'><strong>diserti</strong></span> <span class='ocrx_word' id='word_1_539' title='bbox 581 2243 707 2284; x_wconf 88' lang='lat' dir='ltr'><strong>videri),</strong></span> <span class='ocrx_word' id='word_1_540' title='bbox 726 2244 867 2284; x_wconf 77' lang='lat' dir='ltr'><strong>eﬂ‘ugere</strong></span> <span class='ocrx_word' id='word_1_541' title='bbox 898 2248 1004 2275; x_wconf 88' lang='lat' dir='ltr'><strong>tamen</strong></span> <span class='ocrx_word' id='word_1_542' title='bbox 1028 2245 1130 2283; x_wconf 84' lang='lat' dir='ltr'><strong>omni</strong></span> <span class='ocrx_word' id='word_1_543' title='bbox 1144 2253 1182 2274; x_wconf 83' lang='lat' dir='ltr'><strong>ex</strong></span> <span class='ocrx_word' id='word_1_544' title='bbox 1213 2248 1300 2283; x_wconf 88' lang='lat' dir='ltr'><strong>parte</strong></span> <span class='ocrx_word' id='word_1_545' title='bbox 1318 2251 1381 2274; x_wconf 89' lang='lat' dir='ltr'><strong>non</strong></span> <span class='ocrx_word' id='word_1_546' title='bbox 1400 2242 1513 2282; x_wconf 87' lang='lat' dir='ltr'><strong>potuit,</strong></span> <span class='ocrx_word' id='word_1_547' title='bbox 1530 2241 1701 2279; x_wconf 83' lang='lat' dir='ltr'><strong>felicisque</strong></span> 
     </span>
    </p>
   </div>
   <div class='ocr_carea' id='block_1_47' title="bbox 89 2289 1698 2332">
    <p class='ocr_par' dir='ltr' id='par_1_47' title="bbox 89 2289 1698 2332">
     <span class='ocr_line' id='line_1_47' title="bbox 89 2289 1698 2332; baseline -0.002 -11"><span class='ocrx_word' id='word_1_548' title='bbox 89 2289 213 2321; x_wconf 75' lang='lat' dir='ltr'><strong>foitasse</strong></span> <span class='ocrx_word' id='word_1_549' title='bbox 231 2291 355 2330; x_wconf 84' lang='lat' dir='ltr'><strong>ingenii</strong></span> <span class='ocrx_word' id='word_1_550' title='bbox 385 2299 515 2322; x_wconf 91' lang='lat' dir='ltr'><strong>cursum</strong></span> <span class='ocrx_word' id='word_1_551' title='bbox 543 2291 796 2331; x_wconf 85' lang='lat' dir='ltr'><strong>Oppressitillud</strong></span> <span class='ocrx_word' id='word_1_552' title='bbox 819 2295 969 2331; x_wconf 87' lang='lat' dir='ltr'><strong>tanquam</strong></span> <span class='ocrx_word' id='word_1_553' title='bbox 996 2291 1130 2332; x_wconf 64' lang='lat' dir='ltr'><strong>adipata;</strong></span> <span class='ocrx_word' id='word_1_554' title='bbox 1157 2291 1308 2323; x_wconf 89' lang='lat' dir='ltr'><strong>dictionis</strong></span> <span class='ocrx_word' id='word_1_555' title='bbox 1334 2291 1489 2321; x_wconf 88' lang='lat' dir='ltr'><strong>studium.</strong></span> <span class='ocrx_word' id='word_1_556' title='bbox 1514 2290 1661 2326; x_wconf 85' lang='lat' dir='ltr'><strong>Cumque</strong></span> <span class='ocrx_word' id='word_1_557' title='bbox 1681 2295 1698 2317; x_wconf 92' lang='lat' dir='ltr'><strong>a</strong></span> 
     </span>
    </p>
   </div>
   <div class='ocr_carea' id='block_1_48' title="bbox 90 2336 1701 2379">
    <p class='ocr_par' dir='ltr' id='par_1_48' title="bbox 90 2336 1701 2379">
     <span class='ocr_line' id='line_1_48' title="bbox 90 2336 1701 2379; baseline -0.001 -12"><span class='ocrx_word' id='word_1_558' title='bbox 90 2337 163 2368; x_wconf 76' lang='lat' dir='ltr'><strong>Divo</strong></span> <span class='ocrx_word' id='word_1_559' title='bbox 176 2339 274 2375; x_wconf 74' lang='lat' dir='ltr'><strong>Iulio,</strong></span> <span class='ocrx_word' id='word_1_560' title='bbox 292 2340 398 2378; x_wconf 86' lang='lat' dir='ltr'><strong>primo</strong></span> <span class='ocrx_word' id='word_1_561' title='bbox 414 2341 458 2370; x_wconf 88' lang='lat' dir='ltr'><strong>De</strong></span> <span class='ocrx_word' id='word_1_562' title='bbox 486 2339 641 2379; x_wconf 84' lang='lat' dir='ltr'><strong>analogia,</strong></span> <span class='ocrx_word' id='word_1_563' title='bbox 659 2340 780 2371; x_wconf 88' lang='lat' dir='ltr'><strong>dictum</strong></span> <span class='ocrx_word' id='word_1_564' title='bbox 799 2340 852 2375; x_wconf 90' lang='lat' dir='ltr'><strong>sit,</strong></span> <span class='ocrx_word' id='word_1_565' title='bbox 877 2343 1028 2378; x_wconf 87' lang='lat' dir='ltr'><strong>tanquam</strong></span> <span class='ocrx_word' id='word_1_566' title='bbox 1049 2339 1219 2379; x_wconf 90' lang='lat' dir='ltr'><strong>scopulum</strong></span> <span class='ocrx_word' id='word_1_567' title='bbox 1246 2339 1292 2370; x_wconf 91' lang='lat' dir='ltr'><strong>sic</strong></span> <span class='ocrx_word' id='word_1_568' title='bbox 1306 2338 1497 2378; x_wconf 81' lang='lat' dir='ltr'><strong>fugiendum</strong></span> <span class='ocrx_word' id='word_1_569' title='bbox 1519 2336 1701 2368; x_wconf 81' lang='lat' dir='ltr'><strong>inauditum</strong></span> 
     </span>
    </p>
   </div>
   <div class='ocr_carea' id='block_1_49' title="bbox 90 2384 1702 2428">
    <p class='ocr_par' dir='ltr' id='par_1_49' title="bbox 90 2384 1702 2428">
     <span class='ocr_line' id='line_1_49' title="bbox 90 2384 1702 2428; baseline -0.001 -13"><span class='ocrx_word' id='word_1_570' title='bbox 90 2389 177 2424; x_wconf 89' lang='lat' dir='ltr'><strong>atque</strong></span> <span class='ocrx_word' id='word_1_571' title='bbox 204 2386 350 2418; x_wconf 85' lang='lat' dir='ltr'><strong>insolens</strong></span> <span class='ocrx_word' id='word_1_572' title='bbox 377 2387 509 2419; x_wconf 90' lang='lat' dir='ltr'><strong>verbum</strong></span> <span class='ocrx_word' id='word_1_573' title='bbox 540 2396 622 2424; x_wconf 78' lang='lat' dir='ltr'><strong>esse,</strong></span> <span class='ocrx_word' id='word_1_574' title='bbox 648 2389 712 2419; x_wconf 91' lang='lat' dir='ltr'><strong>Leo</strong></span> <span class='ocrx_word' id='word_1_575' title='bbox 744 2392 853 2418; x_wconf 85' lang='lat' dir='ltr'><strong>contra</strong></span> <span class='ocrx_word' id='word_1_576' title='bbox 878 2388 970 2427; x_wconf 88' lang='lat' dir='ltr'><strong>quasi</strong></span> <span class='ocrx_word' id='word_1_577' title='bbox 999 2389 1152 2428; x_wconf 86' lang='lat' dir='ltr'><strong>quasdam</strong></span> <span class='ocrx_word' id='word_1_578' title='bbox 1181 2392 1289 2418; x_wconf 87' lang='lat' dir='ltr'><strong>cautes</strong></span> <span class='ocrx_word' id='word_1_579' title='bbox 1328 2387 1515 2418; x_wconf 84' lang='lat' dir='ltr'><strong>reformidat</strong></span> <span class='ocrx_word' id='word_1_580' title='bbox 1544 2384 1702 2415; x_wconf 79' lang='lat' dir='ltr'><strong>vocabula</strong></span> 
     </span>
    </p>
   </div>
   <div class='ocr_carea' id='block_1_50' title="bbox 90 2433 844 2475">
    <p class='ocr_par' dir='ltr' id='par_1_50' title="bbox 90 2433 844 2474">
     <span class='ocr_line' id='line_1_50' title="bbox 90 2433 844 2474; baseline 0.004 -11"><span class='ocrx_word' id='word_1_581' title='bbox 90 2433 197 2464; x_wconf 86' lang='lat' dir='ltr'><strong>idonea</strong></span> <span class='ocrx_word' id='word_1_582' title='bbox 214 2437 244 2464; x_wconf 90' lang='lat' dir='ltr'><strong>et</strong></span> <span class='ocrx_word' id='word_1_583' title='bbox 272 2435 400 2466; x_wconf 86' lang='lat' dir='ltr'><strong>usitata.</strong></span> <span class='ocrx_word' id='word_1_584' title='bbox 419 2436 537 2466; x_wconf 83' lang='lat' dir='ltr'><strong>Vocem</strong></span> <span class='ocrx_word' id='word_1_585' title='bbox 565 2439 678 2474; x_wconf 77' lang='grc' dir='ltr'><strong>ἀδελφὸς</strong></span> <span class='ocrx_word' id='word_1_586' title='bbox 704 2443 774 2466; x_wconf 92' lang='lat' dir='ltr'><strong>raro</strong></span> <span class='ocrx_word' id='word_1_587' title='bbox 801 2445 844 2466; x_wconf 81' lang='lat' dir='ltr'><strong>us</strong></span> 
     </span>
    </p>
   </div>
   <div class='ocr_carea' id='block_1_51' title="bbox 947 2433 1701 2475">
    <p class='ocr_par' dir='ltr' id='par_1_51' title="bbox 952 2436 1701 2474">
     <span class='ocr_line' id='line_1_51' title="bbox 952 2436 1701 2474; baseline -0.007 -8"><span class='ocrx_word' id='word_1_588' title='bbox 952 2447 958 2466; x_wconf 89' lang='lat'><strong>:</strong></span> <span class='ocrx_word' id='word_1_589' title='bbox 977 2436 1172 2467; x_wconf 79' lang='lat' dir='ltr'><strong>creberrime</strong></span> <span class='ocrx_word' id='word_1_590' title='bbox 1199 2440 1379 2474; x_wconf 81' lang='grc' dir='ltr'><strong>αὐτάδελφος,</strong></span> <span class='ocrx_word' id='word_1_591' title='bbox 1403 2439 1541 2474; x_wconf 79' lang='grc' dir='ltr'><strong>ὁμαίμων,</strong></span> <span class='ocrx_word' id='word_1_592' title='bbox 1561 2437 1701 2470; x_wconf 72' lang='grc' dir='ltr'><strong>σύναιμθς.</strong></span> 
     </span>
    </p>
   </div>
   <div class='ocr_carea' id='block_1_52' title="bbox 91 2479 845 2526">
    <p class='ocr_par' dir='ltr' id='par_1_52' title="bbox 91 2483 845 2525">
     <span class='ocr_line' id='line_1_52' title="bbox 91 2483 845 2525; baseline 0.005 -14"><span class='ocrx_word' id='word_1_593' title='bbox 91 2485 173 2519; x_wconf 83' lang='grc' dir='ltr'>Πέλω,</span> <span class='ocrx_word' id='word_1_594' title='bbox 186 2487 288 2514; x_wconf 79' lang='grc' dir='ltr'><strong>τελέθω</strong></span> <span class='ocrx_word' id='word_1_595' title='bbox 297 2483 344 2524; x_wconf 87' lang='lat' dir='ltr'><strong>(ut</strong></span> <span class='ocrx_word' id='word_1_596' title='bbox 356 2488 441 2514; x_wconf 89' lang='lat' dir='ltr'><strong>certe</strong></span> <span class='ocrx_word' id='word_1_597' title='bbox 453 2484 568 2523; x_wconf 84' lang='lat' dir='ltr'><strong>scripsi</strong></span> <span class='ocrx_word' id='word_1_598' title='bbox 579 2484 642 2525; x_wconf 80' lang='grc'>90),</span> <span class='ocrx_word' id='word_1_599' title='bbox 653 2489 748 2521; x_wconf 82' lang='grc' dir='ltr'><strong>τελέω,</strong></span> <span class='ocrx_word' id='word_1_600' title='bbox 765 2488 845 2524; x_wconf 69' lang='grc' dir='ltr'><strong>ὑπάρ]</strong></span> 
     </span>
    </p>
   </div>
   <div class='ocr_carea' id='block_1_53' title="bbox 948 2479 1702 2526">
    <p class='ocr_par' dir='ltr' id='par_1_53' title="bbox 948 2479 1702 2526">
     <span class='ocr_line' id='line_1_53' title="bbox 948 2479 1702 2526; baseline -0.009 -10"><span class='ocrx_word' id='word_1_601' title='bbox 948 2495 1017 2524; x_wconf 48' lang='lat' dir='ltr'><strong>genva</strong></span> <span class='ocrx_word' id='word_1_602' title='bbox 1032 2485 1092 2526; x_wconf 82' lang='lat'><strong>(60,</strong></span> <span class='ocrx_word' id='word_1_603' title='bbox 1105 2485 1166 2524; x_wconf 88' lang='lat'><strong>93),</strong></span> <span class='ocrx_word' id='word_1_604' title='bbox 1178 2490 1296 2523; x_wconf 69' lang='grc' dir='ltr'><strong>πέφυκα,</strong></span> <span class='ocrx_word' id='word_1_605' title='bbox 1314 2487 1486 2524; x_wconf 79' lang='grc' dir='ltr'><strong>χρηματίζω,</strong></span> <span class='ocrx_word' id='word_1_606' title='bbox 1499 2482 1545 2512; x_wconf 90' lang='lat' dir='ltr'><strong>vel</strong></span> <span class='ocrx_word' id='word_1_607' title='bbox 1560 2479 1702 2520; x_wconf 88' lang='lat' dir='ltr'><strong>quidvis,</strong></span> 
     </span>
    </p>
   </div>
   <div class='ocr_carea' id='block_1_54' title="bbox 91 2528 845 2574">
    <p class='ocr_par' dir='ltr' id='par_1_54' title="bbox 91 2530 845 2574">
     <span class='ocr_line' id='line_1_54' title="bbox 91 2530 845 2574; baseline 0.007 -15"><span class='ocrx_word' id='word_1_608' title='bbox 91 2530 191 2568; x_wconf 87' lang='lat' dir='ltr'><strong>potius</strong></span> <span class='ocrx_word' id='word_1_609' title='bbox 205 2531 335 2562; x_wconf 85' lang='lat' dir='ltr'><strong>adhibet</strong></span> <span class='ocrx_word' id='word_1_610' title='bbox 351 2541 446 2572; x_wconf 87' lang='lat' dir='ltr'><strong>quam</strong></span> <span class='ocrx_word' id='word_1_611' title='bbox 459 2539 530 2574; x_wconf 79' lang='grc' dir='ltr'>εἰμί⁶</span> <span class='ocrx_word' id='word_1_612' title='bbox 545 2537 738 2573; x_wconf 56' lang='lat' dir='ltr'><strong>ﬁmus-(Caput,</strong></span> <span class='ocrx_word' id='word_1_613' title='bbox 753 2537 845 2572; x_wconf 78' lang='grc' dir='ltr'>διενηχ</span> 
     </span>
    </p>
   </div>
   <div class='ocr_carea' id='block_1_55' title="bbox 946 2528 1700 2574">
    <p class='ocr_par' dir='ltr' id='par_1_55' title="bbox 946 2528 1700 2572">
     <span class='ocr_line' id='line_1_55' title="bbox 946 2528 1700 2572; baseline -0.008 -9"><span class='ocrx_word' id='word_1_614' title='bbox 946 2537 1073 2569; x_wconf 81' lang='grc' dir='ltr'><strong>ενωτίζω,</strong></span> <span class='ocrx_word' id='word_1_615' title='bbox 1094 2534 1214 2567; x_wconf 78' lang='grc' dir='ltr'><strong>ἑνωτίζω</strong></span> <span class='ocrx_word' id='word_1_616' title='bbox 1229 2533 1336 2572; x_wconf 89' lang='lat' dir='ltr'><strong>potius</strong></span> <span class='ocrx_word' id='word_1_617' title='bbox 1351 2539 1446 2570; x_wconf 90' lang='lat' dir='ltr'><strong>quam</strong></span> <span class='ocrx_word' id='word_1_618' title='bbox 1461 2533 1565 2561; x_wconf 76' lang='grc' dir='ltr'><strong>ἀκούω.</strong></span> <span class='ocrx_word' id='word_1_619' title='bbox 1580 2528 1700 2558; x_wconf 85' lang='lat' dir='ltr'><strong>Passim</strong></span> 
     </span>
    </p>
   </div>
   <div class='ocr_carea' id='block_1_56' title="bbox 91 2576 1702 2621">
    <p class='ocr_par' dir='ltr' id='par_1_56' title="bbox 91 2576 1702 2621">
     <span class='ocr_line' id='line_1_56' title="bbox 91 2576 1702 2621; baseline -0.002 -14"><span class='ocrx_word' id='word_1_620' title='bbox 91 2586 215 2617; x_wconf 84' lang='lat' dir='ltr'><strong>quoque</strong></span> <span class='ocrx_word' id='word_1_621' title='bbox 245 2581 351 2612; x_wconf 87' lang='lat' dir='ltr'><strong>verbis</strong></span> <span class='ocrx_word' id='word_1_622' title='bbox 371 2583 507 2613; x_wconf 89' lang='lat' dir='ltr'><strong>vetustis</strong></span> <span class='ocrx_word' id='word_1_623' title='bbox 532 2592 548 2613; x_wconf 89' lang='lat' dir='ltr'><strong>e</strong></span> <span class='ocrx_word' id='word_1_624' title='bbox 567 2582 736 2621; x_wconf 88' lang='lat' dir='ltr'><strong>poetisque</strong></span> <span class='ocrx_word' id='word_1_625' title='bbox 764 2583 866 2611; x_wconf 89' lang='lat' dir='ltr'><strong>erutis</strong></span> <span class='ocrx_word' id='word_1_626' title='bbox 893 2582 1071 2612; x_wconf 89' lang='lat' dir='ltr'><strong>orationem</strong></span> <span class='ocrx_word' id='word_1_627' title='bbox 1097 2583 1248 2620; x_wconf 87' lang='lat' dir='ltr'><strong>tanquam</strong></span> <span class='ocrx_word' id='word_1_628' title='bbox 1269 2579 1372 2611; x_wconf 87' lang='lat' dir='ltr'><strong>stellis</strong></span> <span class='ocrx_word' id='word_1_629' title='bbox 1401 2580 1447 2618; x_wconf 88' lang='lat' dir='ltr'><strong>(ut</strong></span> <span class='ocrx_word' id='word_1_630' title='bbox 1474 2576 1537 2608; x_wconf 91' lang='lat' dir='ltr'><strong>sibi</strong></span> <span class='ocrx_word' id='word_1_631' title='bbox 1563 2576 1702 2614; x_wconf 84' lang='lat' dir='ltr'><strong>videtur)</strong></span> 
     </span>
    </p>
   </div>
   <div class='ocr_carea' id='block_1_57' title="bbox 91 2628 845 2670">
    <p class='ocr_par' dir='ltr' id='par_1_57' title="bbox 91 2629 836 2670">
     <span class='ocr_line' id='line_1_57' title="bbox 91 2629 836 2670; baseline 0.008 -16"><span class='ocrx_word' id='word_1_632' title='bbox 91 2631 185 2658; x_wconf 89' lang='lat' dir='ltr'><strong>ornat.</strong></span> <span class='ocrx_word' id='word_1_633' title='bbox 223 2633 374 2668; x_wconf 83' lang='grc' dir='ltr'><strong>Ύπιωγαῖς</strong></span> <span class='ocrx_word' id='word_1_634' title='bbox 399 2635 445 2667; x_wconf 75' lang='lat'><strong>22,</strong></span> <span class='ocrx_word' id='word_1_635' title='bbox 468 2631 605 2670; x_wconf 82' lang='lat' dir='ltr'><strong>arripuit</strong></span> <span class='ocrx_word' id='word_1_636' title='bbox 630 2638 668 2660; x_wconf 80' lang='lat' dir='ltr'><strong>ex</strong></span> <span class='ocrx_word' id='word_1_637' title='bbox 693 2629 836 2669; x_wconf 79' lang='lat' dir='ltr'><strong>Odyssea</strong></span> 
     </span>
    </p>
   </div>
   <div class='ocr_carea' id='block_1_58' title="bbox 947 2628 1701 2670">
    <p class='ocr_par' dir='ltr' id='par_1_58' title="bbox 947 2628 1701 2668">
     <span class='ocr_line' id='line_1_58' title="bbox 947 2628 1701 2668; baseline -0.011 -8"><span class='ocrx_word' id='word_1_638' title='bbox 947 2630 1000 2665; x_wconf 75' lang='grc' dir='ltr'>-Οῐι,</span> <span class='ocrx_word' id='word_1_639' title='bbox 1026 2629 1081 2660; x_wconf 89' lang='lat' dir='ltr'><strong>ubi</strong></span> <span class='ocrx_word' id='word_1_640' title='bbox 1111 2637 1198 2660; x_wconf 91' lang='lat' dir='ltr'><strong>nunc</strong></span> <span class='ocrx_word' id='word_1_641' title='bbox 1222 2628 1361 2668; x_wconf 81' lang='lat' dir='ltr'><strong>legimus</strong></span> <span class='ocrx_word' id='word_1_642' title='bbox 1385 2630 1513 2664; x_wconf 73' lang='grc' dir='ltr'><strong>ἐπιωγαί·</strong></span> <span class='ocrx_word' id='word_1_643' title='bbox 1531 2629 1620 2659; x_wconf 84' lang='grc' dir='ltr'>Νέων,</span> <span class='ocrx_word' id='word_1_644' title='bbox 1646 2632 1701 2653; x_wconf 75' lang='lat' dir='ltr'><strong>ea-</strong></span> 
     </span>
    </p>
   </div>
   <div class='ocr_carea' id='block_1_59' title="bbox 92 2670 1700 2719">
    <p class='ocr_par' dir='ltr' id='par_1_59' title="bbox 92 2670 1700 2719">
     <span class='ocr_line' id='line_1_59' title="bbox 92 2670 1700 2719; baseline -0.001 -16"><span class='ocrx_word' id='word_1_645' title='bbox 92 2674 170 2712; x_wconf 78' lang='lat' dir='ltr'><strong>dem,</strong></span> <span class='ocrx_word' id='word_1_646' title='bbox 187 2678 239 2715; x_wconf 79' lang='lat'><strong>27,</strong></span> <span class='ocrx_word' id='word_1_647' title='bbox 267 2688 283 2709; x_wconf 87' lang='lat' dir='ltr'><strong>e</strong></span> <span class='ocrx_word' id='word_1_648' title='bbox 301 2681 508 2719; x_wconf 74' lang='lat' dir='ltr'><strong>grammatico</strong></span> <span class='ocrx_word' id='word_1_649' title='bbox 534 2678 657 2719; x_wconf 85' lang='lat' dir='ltr'><strong>aliquo,</strong></span> <span class='ocrx_word' id='word_1_650' title='bbox 678 2678 794 2718; x_wconf 85' lang='lat' dir='ltr'><strong>opinor</strong></span> <span class='ocrx_word' id='word_1_651' title='bbox 819 2677 896 2717; x_wconf 89' lang='lat' dir='ltr'><strong>(vid.</strong></span> <span class='ocrx_word' id='word_1_652' title='bbox 914 2676 1232 2716; x_wconf 87' lang='lat' dir='ltr'><strong>perspicacissimum</strong></span> <span class='ocrx_word' id='word_1_653' title='bbox 1258 2677 1374 2707; x_wconf 59' lang='lat' dir='ltr'><strong>Graeca;</strong></span> <span class='ocrx_word' id='word_1_654' title='bbox 1390 2672 1596 2715; x_wconf 85' lang='lat' dir='ltr'><strong>proprietatis</strong></span> <span class='ocrx_word' id='word_1_655' title='bbox 1612 2670 1700 2702; x_wconf 89' lang='lat' dir='ltr'><strong>arbi-</strong></span> 
     </span>
    </p>
   </div>
   <div class='ocr_carea' id='block_1_60' title="bbox 92 2721 1699 2766">
    <p class='ocr_par' dir='ltr' id='par_1_60' title="bbox 92 2721 1699 2766">
     <span class='ocr_line' id='line_1_60' title="bbox 92 2721 1699 2766; baseline -0.001 -14"><span class='ocrx_word' id='word_1_656' title='bbox 92 2725 168 2755; x_wconf 83' lang='lat' dir='ltr'><strong>trum</strong></span> <span class='ocrx_word' id='word_1_657' title='bbox 182 2726 268 2758; x_wconf 78' lang='lat' dir='ltr'><strong>Prid.</strong></span> <span class='ocrx_word' id='word_1_658' title='bbox 284 2728 365 2766; x_wconf 79' lang='lat' dir='ltr'><strong>Aug.</strong></span> <span class='ocrx_word' id='word_1_659' title='bbox 381 2727 482 2758; x_wconf 83' lang='lat' dir='ltr'><strong>Wolf.</strong></span> <span class='ocrx_word' id='word_1_660' title='bbox 496 2727 674 2766; x_wconf 82' lang='lat' dir='ltr'><strong>Prolegom.</strong></span> <span class='ocrx_word' id='word_1_661' title='bbox 695 2727 750 2764; x_wconf 79' lang='grc' dir='ltr'><strong>ιν,</strong></span> <span class='ocrx_word' id='word_1_662' title='bbox 768 2726 816 2766; x_wconf 88' lang='lat'><strong>18)</strong></span> <span class='ocrx_word' id='word_1_663' title='bbox 837 2736 844 2757; x_wconf 88' lang='lat'><strong>:</strong></span> <span class='ocrx_word' id='word_1_664' title='bbox 862 2725 924 2757; x_wconf 91' lang='lat' dir='ltr'><strong>nisi</strong></span> <span class='ocrx_word' id='word_1_665' title='bbox 944 2724 989 2755; x_wconf 89' lang='lat' dir='ltr'><strong>ibi</strong></span> <span class='ocrx_word' id='word_1_666' title='bbox 1003 2725 1089 2756; x_wconf 85' lang='lat' dir='ltr'><strong>dicas</strong></span> <span class='ocrx_word' id='word_1_667' title='bbox 1104 2729 1172 2757; x_wconf 88' lang='grc' dir='ltr'>νεὼν</span> <span class='ocrx_word' id='word_1_668' title='bbox 1191 2724 1377 2764; x_wconf 82' lang='lat' dir='ltr'><strong>legendum,</strong></span> <span class='ocrx_word' id='word_1_669' title='bbox 1398 2723 1533 2763; x_wconf 86' lang='lat' dir='ltr'><strong>ejusque</strong></span> <span class='ocrx_word' id='word_1_670' title='bbox 1559 2721 1699 2761; x_wconf 86' lang='lat' dir='ltr'><strong>glossam</strong></span> 
     </span>
    </p>
   </div>
   <div class='ocr_carea' id='block_1_61' title="bbox 119 2800 1696 2861">
    <p class='ocr_par' dir='ltr' id='par_1_61' title="bbox 119 2800 1696 2861">
     <span class='ocr_line' id='line_1_61' title="bbox 119 2800 1696 2861; baseline -0.004 -30"><span class='ocrx_word' id='word_1_671' title='bbox 119 2804 127 2814; x_wconf 84' lang='lat'><strong>&#39;</strong></span> <span class='ocrx_word' id='word_1_672' title='bbox 138 2805 247 2838; x_wconf 62' lang='lat' dir='ltr'><strong>Rumori,</strong></span> <span class='ocrx_word' id='word_1_673' title='bbox 260 2809 300 2834; x_wconf 83' lang='lat' dir='ltr'><strong>hic</strong></span> <span class='ocrx_word' id='word_1_674' title='bbox 311 2812 337 2835; x_wconf 82' lang='lat' dir='ltr'><strong>ct</strong></span> <span class='ocrx_word' id='word_1_675' title='bbox 356 2809 426 2838; x_wconf 72' lang='lat' dir='ltr'><strong>intra,</strong></span> <span class='ocrx_word' id='word_1_676' title='bbox 439 2809 539 2841; x_wconf 74' lang='lat' dir='ltr'><strong>paginas</strong></span> <span class='ocrx_word' id='word_1_677' title='bbox 551 2808 610 2833; x_wconf 83' lang='lat' dir='ltr'><strong>edit.</strong></span> <span class='ocrx_word' id='word_1_678' title='bbox 630 2809 706 2834; x_wconf 74' lang='lat' dir='ltr'><strong>Paris.</strong></span> <span class='ocrx_word' id='word_1_679' title='bbox 722 2807 839 2839; x_wconf 71' lang='lat' dir='ltr'><strong>principis</strong></span> <span class='ocrx_word' id='word_1_680' title='bbox 857 2814 931 2839; x_wconf 69' lang='lat' dir='ltr'><strong>repra</strong></span> <span class='ocrx_word' id='word_1_681' title='bbox 939 2809 1047 2835; x_wconf 84' lang='lat' dir='ltr'><strong>sentant,</strong></span> <span class='ocrx_word' id='word_1_682' title='bbox 1072 2814 1134 2838; x_wconf 80' lang='lat' dir='ltr'><strong>quas</strong></span> <span class='ocrx_word' id='word_1_683' title='bbox 1150 2808 1216 2832; x_wconf 83' lang='lat' dir='ltr'><strong>inter</strong></span> <span class='ocrx_word' id='word_1_684' title='bbox 1239 2813 1314 2832; x_wconf 84' lang='lat' dir='ltr'><strong>uncos</strong></span> <span class='ocrx_word' id='word_1_685' title='bbox 1334 2807 1358 2831; x_wconf 87' lang='lat' dir='ltr'><strong>in</strong></span> <span class='ocrx_word' id='word_1_686' title='bbox 1380 2803 1557 2861; x_wconf 43' lang='lat' dir='ltr'><strong>Magi???“</strong></span> <span class='ocrx_word' id='word_1_687' title='bbox 1569 2800 1696 2833; x_wconf 73' lang='lat' dir='ltr'><strong>posuimus</strong></span> 
     </span>
    </p>
   </div>
  </div>
