1910 3073
203 141 257 176 615

759 170 763 174 _
803 139 880 169 1MP.
902 138 1041 168 BASILII
1058 138 1238 168 JUNlOlilS

1785 135 1830 167 6!6

203 204 258 231 est,
271 197 344 225 etab
357 196 417 224 aliis
435 195 528 223 multis
543 195 712 230 cognoverit,
735 195 820 230 legent
843 203 859 221 a
884 195 996 221 domino

1060 196 1103 221 ,ὧν
1129 195 1217 222 ἄλλων
1238 194 1415 230 anguem:
1439 193 1487 229 τὴν
1520 193 1583 227 περὶ
1609 193 1664 220 τῷν
1689 193 1830 227 ἐκκλησιῶν

204 243 373 278 Nicephoro,
396 244 559 275 usurpatore
582 240 701 275 imperii,
729 241 760 267 de
789 239 912 267 ecclesiis
939 239 995 272 Dei,

205 287 398 323 religiosisque
422 286 561 318 domibus,
598 285 692 318 latam,
724 293 786 313 cum
823 286 997 320 prmsentium

207 334 356 364 malorum,
374 336 432 358 tum
456 331 622 359 universalis
650 331 734 366 hujus
759 330 945 358 subversionis
958 335 997 357 at-

204 386 259 413 que
275 377 448 405 confusionis
468 384 580 404 causam
597 381 624 404 et
637 377 757 404 radicem
785 376 936 409 exstitisse,
951 383 997 403 ve-

203 426 254 453 luti
269 432 324 452 non
337 423 371 451 ad
390 423 521 458 iniuriam
539 422 787 457 conturncliamque
804 421 937 449 duntaxat
954 429 999 449 ec-

205 471 353 500 clesiarum
389 475 416 498 et
447 469 634 504 religiosarurn
665 468 807 502 domuum,
834 469 880 496 sed
911 469 998 504 ipsius

204 524 314 552 quoque
349 516 395 544 Dei
433 514 570 543 conditam
608 520 724 548 cumque
751 514 819 542 adeo
843 513 1000 555 reipsa_sit

205 566 396 597 comparatum
411 560 438 587 id
461 566 536 592 esse,
549 559 714 594 compererit
729 566 735 584 :
749 559 825 594 (nam
841 566 873 586 ex
886 566 941 593 quo
957 559 999 586 lex

206 608 261 635 ista
276 607 360 635 robur
375 605 483 637 habuit,
501 605 569 632 nihil
585 605 649 632 boni
665 605 776 640 penitus
789 605 816 631 in
834 605 998 632 hodiernum

210 661 298 688 usque
331 652 404 680 dicm
433 651 506 678 aetati
536 654 638 677 nostrae
667 650 794 686 contigit,
819 650 866 678 sed
908 652 999 685 potius

208 709 224 727 e
241 698 381 727 contrario
392 697 497 725 nullum
514 697 628 724 omnino
639 704 727 732 genus
738 697 903 724 calamitatis
915 697 1000 723 inter-

209 745 296 780 misit)
312 744 408 772 statuit
420 751 469 778 per
492 743 650 778 religiosam
667 743 739 770 lianc
758 750 868 770 auream
885 742 999 775 bullam,

208 792 253 820 cui
268 791 443 824 subscripsit,
457 789 545 824 legem
574 789 647 816 illam
678 789 753 824 prius
778 789 860 816 latam
887 789 921 816 ab
949 789 1001 816 hoc

209 837 336 872 praesenti
356 836 400 864 die
419 843 529 863 cessare
555 834 664 867 debere,
679 841 711 861 ac
736 835 867 869 deinceps
883 834 999 866 irritam,

210 883 366 916 nulliusque
394 881 528 909 momenti
554 881 815 908 manerezcouditis
840 887 904 908 ante
929 881 1001 908 illam
1019 874 1040 901 Β

211 929 317 963 legibus
334 934 388 955 tam
406 928 439 955 de
449 927 575 955 ecclesiis
592 927 650 959 Dei,
665 934 747 962 quam
764 927 798 954 de
807 927 942 962 religiosis
956 927 1005 955 do-

211 975 313 1007 mibus,
334 975 388 1001 vim
405 974 543 1009 roburque
554 981 634 1001 suurn
649 973 840 1001 obtinentibus
854 982 862 1007 ;
882 981 951 1008 quas
979 977 1006 1001 et

214 1023 333 1050 illustris
351 1030 418 1049 avus
434 1021 584 1056 majestatis
601 1025 712 1052 nostrae,
733 1024 760 1047 et
778 1024 856 1054 pater
871 1020 1004 1055 ejusdem,

212 1075 238 1096 et
253 1069 358 1096 abavus
374 1068 475 1103 nplitltc
503 1074 534 1094 ac
558 1066 764 1101 religiosissime
782 1066 1001 1101 promulgarunt.

215 1114 303 1149 l’tqne
320 1119 411 1140 sancta
428 1117 455 1141 et
469 1112 651 1139 immutabilis
668 1116 742 1139 esset
756 1111 813 1139 haec
828 1113 1001 1145 constitutio,

213 1159 322 1194 propria
345 1165 428 1186 uianu
456 1157 632 1185 subnotatam
663 1163 747 1184 aureo
778 1164 888 1192 quoque
913 1157 1002 1193 sigillo

213 1203 369 1238 subsignari
392 1202 538 1237 iussimus.
561 1200 662 1228 Mensis
684 1200 787 1236 Aprilis
812 1201 857 1229 die
869 1201 914 1234 ιν,
929 1201 1002 1229 iridi-

213 1249 304 1277 ctione
329 1249 426 1283 prima,
455 1255 528 1276 anno
556 1255 603 1275 vni
616 1255 754 1276 cccc.xcn
794 1247 908 1282 (Christi
927 1247 1001 1284 987.)

1051 240 1097 266 τοῦ
1113 240 1179 267 θεοῦ
1203 240 1248 266 καὶ
1268 240 1323 266 τῶν
1341 239 1447 273 εὐαγῶν
1471 240 1553 265 οἴκων
1569 240 1643 274 παρὰ
1659 238 1707 265 τοῦ
1730 239 1777 274 τῆς
1792 239 1833 273 βι-

1052 286 1153 318 σιλείας
1175 286 1319 317 ἐπιϐάντος
1337 285 1430 321 Κυροῦ
1447 285 1605 320 Νικηφόρον
1622 285 1750 311 τεθεῖσαν
1762 293 1832 319 νομο-

1051 333 1144 360 θεσίαν
1158 333 1248 359 αἰτίαν
1263 332 1310 359 καὶ
1330 331 1406 367 ῥίζαν
1425 331 1479 357 τῶν
1495 331 1636 366 παρόντων
1651 330 1779 365 γενέσθαι
1792 339 1834 357 κα-

1050 379 1107 405 κῶν
1129 378 1176 404 καὶ
1202 378 1250 412 τῆς
1273 377 1466 412 οἰκουμενικῆς
1489 377 1591 412 ταύτης
1613 376 1771 411 ἀνατροπῆς
1793 377 1832 402 καὶ

1052 423 1221 459 συγχύσεως,
1249 425 1296 451 ac:
1325 423 1364 459 μὴ
1391 424 1460 459 πρὸς
1483 423 1590 451 ἀδικίαν
1613 423 1661 448 καὶ
1688 422 1766 457 ὕϐριν
1787 422 1832 448 τῶν

1052 470 1206 506 ἐκκλησιῶν
1227 471 1309 506 μόνον
1331 471 1378 497 καὶ
1401 470 1456 496 τῶν
1479 470 1588 503 εὺαγῶν
1611 469 1695 494 οἴκων
1715 467 1780 494 ἀλλὰ
1793 469 1832 494 καὶ

1052 517 1134 543 αὺτοῦ
1152 516 1200 543 τοῦ
1216 515 1286 543 Θεοῦ
1308 516 1469 551 γενομένην,
1492 515 1579 546 ἄλλως
1603 522 1632 540 τε
1657 514 1686 540 δὲ
1706 514 1752 540 καὶ
1771 514 1832 549 ἔργῳ

1050 563 1130 590 τοῦτο
1154 558 1350 598 βεὸαιωοεῖσαν
1371 562 1412 597 (ἐξ
1428 562 1490 588 ὅτου
1513 561 1566 596 γὰρ
1589 560 1622 587 τὰ
1645 560 1696 594 τῆς
1718 560 1832 594 τοιαύτης

1052 609 1211 644 ἐκράτησαν
1239 607 1410 643 νομοθεσίας,
1440 607 1495 633 οὐδ’
1523 606 1730 639 ὀπωσοῦν,οὑδ’
1755 606 1832 632 ὁτιοῦν

1052 654 1171 690 χρηστὸν
1185 653 1249 688 ἄχρι
1270 653 1316 679 καὶ
1334 653 1455 687 σήμερον
1473 652 1512 687 τῷ
1530 651 1592 678 καθ’
1609 653 1687 687 ἡμᾶς
1704 652 1830 686 ἀπήντησε

1053 700 1114 735 βίῳ,
1139 699 1208 726 ἀλλὰ
1236 698 1392 726 τούναιηιτίον
1417 699 1560 733 συμφορᾶς
1588 697 1692 732 μᾶλλον
1718 698 1831 724 ἐπέλιπεν

1052 742 1122 775 εἶδος
1135 744 1203 775 ὅλως
1223 743 1321 779 οὐδέν)⁸
1344 743 1469 775 θεσπίζει
1490 743 1533 769 διὰ
1549 744 1596 770 τοῦ
1614 744 1749 779 παρόντος
1762 743 1830 769 εὐδε-

1054 791 1117 822 6οὖς
1142 790 1332 825 ὲνυπογράφου
1359 789 1567 825 χρυσοὸούλλου,
1593 789 1624 815 τὸ
1650 789 1701 824 τὴν
1716 788 1831 824 ῥηθεῖσιν

1054 837 1215 872 νομοθεσίαν
1230 837 1326 872 ἀργεῖν
1343 837 1398 862 ἀπὸ
1421 836 1471 871 τῆς
1497 834 1640 871 παρούσης
1655 834 1757 869 ταύτης
1772 833 1831 868 ἠμέ-

1056 893 1116 921 ρας,
1135 884 1238 920 ἄκυρόν
1254 893 1282 910 τε
1298 885 1343 911 καὶ
1360 884 1499 918 ἄπρακτον
1521 884 1568 910 τοῦ
1584 883 1680 910 λοιποῦ
1697 882 1831 917 διαμένειν·

1055 931 1177 966 ἐνεργεῖν
1193 931 1224 957 δὲ
1244 931 1307 962 τοὺς
1323 931 1376 965 πρὸ
1392 929 1494 964 ταύτης
1512 929 1660 965 κειμένους
1674 929 1773 964 περί-τε
1787 927 1830 954 τῶν

1054 976 1207 1012 ἐκκλησιῶν
1223 976 1270 1003 τοῦ
1287 976 1356 1003 Θεοῦ
1372 977 1418 1003 καὶ
1433 977 1487 1004 τῶν
1503 976 1611 1010 εὐαγῶν
1635 977 1720 1002 οἴκων
1737 976 1831 1009 νόμους,

1055 1024 1103 1050 καὶ
1115 1023 1160 1055 οὒς
1175 1024 1189 1050 ὅ
1205 1031 1235 1049 τε
1249 1023 1372 1058 ἀοίδιμος
1389 1024 1439 1058 τῆς
1462 1024 1599 1059 βασιλείας
1620 1022 1702 1058 ἡμῶν
1724 1022 1830 1053 πάππος,

1055 1071 1069 1097 ὂ
1081 1078 1110 1097 τε
1125 1070 1216 1105 πατὴρ
1233 1069 1337 1097 ἐκείνου
1351 1070 1442 1103 πάλιν,
1459 1070 1473 1097 ὁ
1486 1078 1515 1096 τε
1530 1069 1694 1100 ἑπίπαππος
1709 1069 1831 1104 ἀριστᾶτε

1057 1117 1105 1144 καὶ
1129 1116 1326 1150 θεοφιλέστατα
1349 1116 1460 1152 ἕθησαν.
1487 1116 1543 1143 Καὶ
1567 1115 1639 1142 ὥστε
1666 1114 1771 1149 ἀσφαλῆ
1794 1114 1831 1139 iul

1056 1162 1222 1199 ἀμετάθετον
1234 1160 1303 1189 εἶναι
1314 1163 1363 1198 τὴν
1376 1163 1517 1198 παροῦσαν
1528 1161 1662 1194 διάταξιν,
1677 1160 1762 1195 οἰκείᾳ
1771 1158 1832 1195 χειρὶ

1058 1208 1405 1245 ὕποσημηνάμενοιχρυσῷ
1418 1209 1545 1245 σφραγῖδι
1554 1208 1659 1243 ταύτην
1674 1208 1830 1241 ὑποπφραγι-

1059 1255 1154 1290 σθῆναι
1169 1254 1357 1291 διωρισάμεθα
1371 1255 1437 1291 μηνὶ
1459 1255 1605 1291 Ἀπριλλίῳ
1621 1254 1641 1281 δ’
1659 1253 1830 1288 ἐπινεμήσεως

1038 1287 1083 1328 ἀ’
1095 1287 1124 1329 έν
1139 1300 1194 1329 ἔτει
1208 1287 1317 1336 ,ξυιτξκ

250 1468 338 1505 Ιηιρρ.
354 1467 448 1495 Basilii
467 1473 491 1495 et
509 1467 678 1496 Constantini
698 1475 780 1494 aurea
811 1468 883 1496 bulla
906 1468 1062 1497 Venetorum
1087 1471 1278 1499 mercatoribus
1294 1471 1430 1500 libertam
1443 1471 1596 1500 concedens.
1609 1471 1654 1508 (Δ.
1671 1469 1799 1506 9923(1).

252 1528 280 1554 In
299 1526 409 1554 nomine
426 1526 510 1561 patris
522 1529 576 1553 etc.

252 1573 370 1601 Basilius
399 1577 426 1600 et
454 1571 654 1601 Constantinus
683 1580 788 1607 omnes,
804 1573 904 1608 quibus
933 1573 1006 1601 istud

217 1621 291 1656 pium
304 1623 430 1647 nostrum
447 1617 566 1653 sigillum
583 1618 796 1652 demonstretur,
809 1619 901 1648 ﬁdeles
911 1620 936 1648 in
951 1620 1007 1648 Deo

219 1666 398 1700 imperatores
416 1662 614 1690 Romanorum.

252 1710 312 1737 Non
324 1710 412 1738 solum
431 1709 629 1744 rogationibus,
646 1717 706 1745 quae
722 1710 784 1745 :sub
802 1718 883 1738 manu
913 1716 1008 1739 nostra

216 1762 290 1790 sunt,
307 1756 438 1784 ohaudire
460 1756 791 1784 misericordiosissimum
811 1761 839 1784 et
866 1750 1006 1786 laudabile

216 1807 270 1835 est,
288 1802 336 1830 sed
353 1802 425 1830 enim
455 1805 482 1829 et
507 1806 653 1829 extraneos
675 1806 702 1830 et
722 1803 874 1837 pertinente
899 1804 1008 1841 publico

217 1849 352 1878 oliaudire
368 1854 478 1884 rogatur
498 1856 560 1876 cum
588 1849 759 1883 providentia
772 1849 825 1887 [et]
835 1851 952 1885 pietate;
966 1852 1009 1879 in-
1031 1866 1033 1868 -

217 1895 306 1930 deque
320 1895 393 1923 enim
410 1899 438 1922 et
454 1894 542 1930 pietas
565 1895 731 1923 sutiicienter
742 1896 777 1924 ad
794 1897 932 1924 miseriam
945 1905 1010 1932 pro-

217 1941 301 1976 pitius
345 1941 559 1974 demonstretur,
577 1941 755 1977 lonquimque
776 1941 945 1979 [longinque]
970 1948 1010 1972 et-

217 1987 290 2014 enim
302 1994 364 2014 cum
377 1987 476 2022 pietate
489 1987 624 2022 imperiali
639 1988 717 2016 detur
728 1989 902 2024 signiﬁcatio.

252 2033 275 2061 Α
289 2041 342 2069 Qua
368 2035 441 2061 enim
454 2038 482 2060 et
507 2035 560 2062 dux
587 2034 788 2069 Veneticorum,
802 2037 882 2071 etqui
899 2037 950 2064 sub
964 2037 1010 2064 illo

218 2085 270 2112 rst,
283 2085 310 2107 et
325 2088 387 2108 cum
412 2082 501 2108 omnis
527 2081 613 2112 plebis
629 2082 824 2111 intercessione
839 2091 900 2111 cum
917 2091 1011 2119 preca-

217 2127 320 2154 tionem
331 2129 364 2154 ad
376 2133 499 2155 nostrum
516 2127 639 2156 iecerunt
650 2129 807 2164 imperium,
817 2133 847 2157 ut
860 2130 1011 2164 unusquis-

218 2181 272 2208 que
287 2181 367 2200 suum
398 2174 535 2208 navigium
549 2195 557 2208 ,
574 2175 646 2209 quod
671 2175 705 2202 de
723 2183 772 2203 sua
797 2177 948 2211 provincia,
963 2176 1010 2203 scd

1017 1533 1040 1564 ί]
1057 1529 1205 1563 inventuri,
1222 1529 1374 1558 secundum
1400 1530 1529 1566 antiquas
1551 1529 1762 1558 consuetudines
1776 1534 1827 1553 cmn

1059 1580 1181 1610 prompta
1209 1576 1349 1604 voluntate
1367 1576 1514 1604 indefessis
1542 1575 1673 1610 servitiis,
1688 1578 1715 1603 et
1730 1572 1829 1601 forsitan

1059 1622 1202 1650 ambulant
1216 1627 1341 1650 nostrum
1366 1622 1510 1658 imperium
1534 1622 1561 1649 in
1584 1619 1830 1657 Longornbardiam,

1059 1668 1176 1703 dirigere
1189 1668 1262 1696 illius
1281 1668 1473 1702 karieationes,
1487 1675 1602 1704 operare
1614 1676 1678 1697 cum
1698 1667 1753 1695 suis
1767 1665 1831 1714 qavir

1060 1713 1122 1748 giis,
1138 1718 1165 1740 et
1189 1714 1292 1741 trullam
1317 1714 1490 1742 occasionem
1512 1718 1560 1741 aut
1575 1713 1736 1742 memoriam
1749 1710 1829 1739 in'isto

1060 1759 1148 1787 facere
1164 1760 1286 1788 servitio.

1095 1805 1157 1834 Ideo
1169 1807 1320 1834 exaudiunt
1331 1814 1425 1834 eorum
1440 1807 1661 1843 deprecationem
1676 1807 1781 1841 ctjussu
1792 1809 1830 1839 per

1060 1851 1144 1880 istum
1174 1860 1254 1880 suum
1279 1853 1477 1887 ehrisobolum.
1493 1858 1525 1882 ut
1551 1854 1739 1889 unusquisque
1761 1857 1827 1878 sou"!

1061 1899 1210 1933 navigium,
1226 1899 1299 1933 quod
1310 1907 1342 1927 ex
1358 1899 1472 1928 Venetia
1487 1905 1515 1927 et
1530 1900 1564 1927 ab
1577 1900 1639 1928 aliis
1655 1899 1772 1935 partibus
1793 1903 1830 1922 te-

1061 1945 1131 1972 niret
1145 1952 1207 1972 eum
1222 1945 1279 1973 suis
1291 1945 1418 1980 negotiis;
1433 1946 1502 1973 nihil
1513 1946 1588 1973 aliud
1597 1946 1701 1973 donare
1710 1944 1743 1971 ad
1755 1943 1830 1977 ipsum

1061 1992 1200 2026 publicum
1227 2000 1276 2027 pro
1305 1991 1474 2020 karicatione
1487 1992 1521 2020 de
1537 1992 1624 2020 Abido
1641 1992 1762 2020 veniente
1777 1987 1830 2016 soli-

1062 2041 1111 2067 dos
1129 2040 1212 2073 duos,
1225 2044 1252 2067 et
1270 2039 1441 2067 discedentes
1454 2048 1502 2068 eos
1519 2047 1535 2066 a
1550 2048 1598 2068 sua
1611 2038 1749 2075 provincia
1763 2035 1830 2070 quit:-

1062 2085 1150 2112 decim
1165 2089 1281 2118 tantum,
1299 2090 1328 2112 ιιι
1349 2085 1523 2120 pervenirent
1538 2092 1648 2113 omnem
1676 2081 1828 2112 donationem

1062 2137 1287 2165 unumquemque
1303 2130 1441 2165 navigium
1458 2129 1540 2157 XVII.

1098 2174 1131 2202 Et
1146 2175 1197 2209 ipsi
1214 2175 1286 2202 soliti
1308 2175 1443 2202 adducere
1458 2175 1511 2210 ipsi
1527 2174 1649 2202 Venetici
1669 2166 1828 2211 [Logotheta‘]

218 2219 292 2246 enim
319 2223 345 2245 et
360 2219 395 2246 ab
407 2219 459 2246 alia
475 2221 616 2254 provincia
636 2225 663 2247 et
681 2221 792 2248 civitate
808 2229 871 2249 cuin
897 2223 1008 2258 negotio
1024 2222 1046 2248 D
1062 2221 1100 2256 (3)
1115 2221 1149 2248 de
1170 2220 1262 2253 domo,
1276 2221 1322 2256 qui
1337 2221 1382 2248 illo
1395 2225 1517 2256 tempore
1532 2221 1601 2254 erit;
1616 2225 1643 2248 et
1654 2221 1699 2248 ille
1721 2219 1791 2246 detur
1803 2213 1830 2241 ab

220 2263 364 2295 veniendo,
391 2263 461 2291 nihil
491 2265 564 2292 aliud
593 2265 704 2298 donare,
722 2267 769 2293 sed
794 2267 897 2295 solidos
921 2268 1007 2303 duos;

219 2308 347 2335 dicebant
364 2309 463 2335 etenim
480 2309 513 2336 ab
532 2310 664 2338 hactenus
685 2316 786 2338 tantam
803 2311 904 2339 donare
920 2321 1007 2347 quan-

223 2353 340 2380 titatem.
356 2352 388 2380 Et
409 2353 470 2381 ideo
493 2353 593 2381 multos
620 2355 855 2383 ron-mesehabios
874 2356 910 2391 t2)
926 2357 1007 2383 inter-

219 2403 358 2433 rogantes,
377 2398 519 2426 invcntum
534 2404 576 2426 est
598 2400 697 2435 magis,
710 2409 770 2436 quae
796 2406 826 2428 ut
843 2402 904 2436 plus
926 2403 958 2429 de
974 2402 1008 2429 50

219 2443 315 2471 solidis
340 2445 442 2472 dabant
469 2445 659 2480 unusquisque
679 2447 786 2481 navigio
800 2447 856 2475 Dco
877 2453 1008 2475 coronato

218 2490 334 2526 imperio
345 2495 451 2519 nostro.
470 2491 558 2519 Unum
575 2492 657 2525 enim,
676 2500 691 2519 a
714 2500 770 2526 quo
791 2497 817 2519 et
831 2493 1008 2520 Christiano-

218 2545 278 2565 rum
307 2546 375 2573 gcns
395 2538 494 2570 tiendo,
510 2543 537 2566 et
559 2537 643 2565 Deum
677 2539 821 2567 nobiscum
847 2540 908 2573 ﬁde,
923 2540 1007 2567 alium

217 2584 332 2622 :iut[em]
346 2594 394 2621 pro
411 2586 600 2622 promissione.
618 2595 678 2622 qtae
697 2587 848 2622 antiquitus
872 2588 1006 2620 fecerunt,

218 2637 246 2659 ut
263 2640 315 2659 non
332 2633 420 2660 solum
439 2633 472 2660 ad
493 2633 544 2660 ista
558 2633 700 2670 deio]data
716 2638 878 2661 conservata
895 2634 1006 2662 civitate

252 2709 290 2744 (l)
308 2710 503 2738 Authenticum
516 2711 641 2739 Grzecum
659 2712 779 2739 nondum
796 2713 935 2741 inventum
950 2720 1001 2742 est.

218 2744 313 2772 Versto
327 2745 423 2772 Latina
445 2754 572 2783 perquam
588 2748 701 2775 barbare
718 2748 800 2778 facta.
818 2756 899 2783 quam
913 2755 1003 2778 textus

219 2785 338 2818 pt'tBStztl,
354 2786 442 2818 exstat
460 2782 487 2818 in
500 2782 782 2818 cmlieeiiliploniatieo
801 2782 833 2810 ἓξ
844 2783 926 2812 Muret
937 2786 1004 2814 Tre-

221 2815 331 2855 tisane‘e
345 2816 378 2843 cl.
429 2817 500 2855 ‘eod.
737 2820 770 2852 8;
787 2827 901 2855 eantque
918 2829 1003 2855 nupz-r

219 2853 278 2886 rost
294 2851 360 2876 alios
375 2851 517 2877 ediderunt
535 2851 612 2878 'l'al'el
627 2858 653 2879 et
675 2853 795 2881 Thomas
822 2851 962 2882 Urlrumt'eri
979 2865 1001 2882 z.

1062 2266 1121 2300 ipso
1152 2267 1373 2300 comnierciario,
1389 2266 1525 2294 cereando
1541 2266 1602 2294 illos
1626 2267 1684 2301 ipse
1709 2267 1829 2292 commer-

1062 2314 1174 2345 ciarios,
1195 2314 1359 2350 quandoque
1381 2318 1519 2342 revertere
1541 2315 1686 2342 voluerunt
1711 2312 1742 2340 ad
1764 2314 1828 2338 sunt"

1061 2360 1239 2394 provinciam.

1098 2405 1136 2433 Ne
1154 2412 1244 2433 autern
1260 2407 1359 2434 habere
1377 2408 1513 2435 licentiam
1532 2415 1580 2442 pro
1597 2408 1740 2443 cupiditate
1754 2406 1829 2431 tenere

1063 2453 1126 2480 illos
1139 2452 1202 2487 plus
1216 2453 1314 2481 diebus
1341 2454 1438 2488 tribus,
1454 2459 1481 2482 et
1499 2455 1565 2482 illud
1586 2454 1672 2488 ﬁeret,
1686 2449 1829 2489 quandO'lue

1065 2499 1258 2536 necessitat[is]
1286 2508 1317 2528 ea
1344 2501 1454 2529 occasio
1485 2506 1537 2534 est,
1563 2501 1637 2537 quod
1665 2500 1741 2528 debet
1768 2494 1827 2521 viam

1063 2546 1123 2580 ejus
1139 2546 1286 2578 contraire,
1299 2551 1326 2573 et
1339 2546 1389 2581 ipsi
1404 2552 1494 2574 autem
1507 2546 1629 2575 Venetici
1639 2555 1687 2582 pro
1704 2540 1828 2572 occasioni?

1061 2591 1228 2619 defensionis
1256 2601 1350 2620 eorum
1367 2594 1486 2629 alioquin
1504 2595 1577 2629 quod
1595 2595 1727 2630 negotium
1745 2587 1827 2617 habent

1062 2638 1094 2664 de
1107 2637 1363 2674 Constantinopolin
1380 2640 1406 2667 in
1423 2641 1481 2668 suis
1497 2640 1614 2675 navigiis
1634 2641 1729 2670 levare.
1741 2633 1826 2664 scilicet

1060 2715 1315 2754 a'llerqt'ﬂanrlels-
1330 2726 1357 2744 ιι.
1377 2717 1558 2753 διααῑεθεεοὴ.
1575 2722 1622 2746 der
1636 2719 1697 2754 Rep.
1720 2710 1824 2744 l'rnedig-

1059 2757 1129 2790 tom:
1141 2750 1403 2790 l<¥(\'ind0b.71856),
1420 2763 1446 2790 p.
1464 2750 1558 2782 36-59.

1107 2787 1134 2820 2)
1151 2787 1385 2816 Commereiarios
1399 2787 1513 2825 intelligi
1530 2790 1649 2818 editores
1671 2787 1781 2817 mont'nl-

1094 2788 1132 2857 is)
1143 2822 1198 2850 lloc
1212 2823 1324 2851 verbum
1337 2825 1518 2857 supplendum
1533 2834 1594 2854 esse
1608 2832 1712 2854 censeo.
1725 2822 1781 2849 Ζιει

1095 2822 1132 2883 E5)
1143 2822 1198 2850 lloc
1212 2823 1324 2851 verbum
1337 2822 1518 2860 snpplenduin
1533 2834 1594 2854 esse
1608 2832 1712 2854 censet).
1725 2822 1825 2849 lacun-

1107 2865 1168 2883 ΛΚΘ.

1059 2867 1072 2884 Α
1095 2865 1168 2885 ΙιΙΧϐ.
