1910 3073
58 150 104 182 6J7
643 151 674 181 C.
696 151 727 181 Β.
750 153 812 181 HAS

921 153 1078 184 ,.EFATIO.
1112 187 1117 190 ,
1621 159 1675 190 €33

62 211 198 240 veterum
223 210 431 237 monumenta
446 215 463 237 e
479 206 543 238 situ
563 207 660 243 eruit,
679 208 862 239 Combeﬁsii
883 211 986 240 varios
1012 210 1150 246 labores,
1175 209 1268 248 quasi
1285 218 1301 240 e
1316 210 1455 249 quodam
1480 211 1675 245 inexhausto

61 257 151 291 fonte.
164 253 289 285 hauriri
306 253 382 284 inde
403 262 469 284 non
486 263 585 294 pauca
606 263 699 294 posse
720 256 758 286 ad
775 255 998 286 collectionem
1019 259 1187 286 auctorum
1204 255 1457 293 Byzantinorum
1475 258 1674 290 cumulatius

61 303 242 343 augendam.
258 303 299 340 ΞΕ
321 302 534 340 scriptoribus
552 307 659 334 autem
686 303 732 334 ibi
752 305 888 334 servatis
904 304 985 334 duos
1003 312 1074 334 esse
1094 302 1313 342 potissimum,
1331 305 1471 335 Leonem
1494 306 1673 338 Diacouum

62 357 88 383 ct
107 350 292 382 Michaelem
318 349 471 387 Psellum,
488 359 627 389 quorum
644 351 744 382 editio
759 356 791 382 et
804 351 1044 382 desideraretur
1065 351 1187 382 dudum
1206 360 1222 381 ιι
1239 351 1316 382 viris
1325 352 1439 389 doctis,
1456 357 1486 383 et
1511 359 1595 384 esset
1606 355 1671 394 jam

62 399 226 438 aliquando
242 398 270 429 si
288 398 396 430 minus
413 399 566 436 confecta,
584 405 736 439 concepta
759 405 845 432 certe
859 399 968 431 animo
989 404 1085 438 atque
1104 399 1226 429 affecta.
1244 399 1320 429 Nam
1338 399 1431 429 illum
1455 399 1561 439 ipsum
1580 402 1673 432 Com-

63 447 200 480 beﬁsium
219 450 370 477 testatum
392 450 441 477 est
463 455 501 477 ex
524 447 652 478 Harles.
669 448 751 479 Bibl.
768 449 868 489 Graec.
884 449 954 484 νη.
981 448 1049 485 68h,
1067 457 1140 478 cum
1161 451 1245 478 eSSet
1265 449 1374 479 animo
1397 453 1504 479 erecto
1530 451 1567 479 ad
1585 450 1674 482 inda-

63 496 152 535 ganda
177 495 211 525 in
241 495 414 534 lucemque
448 496 608 526 evocanda
633 496 816 527 Grzncorum
846 497 975 536 scripta,
998 497 1160 535 imprimis
1187 496 1403 527 ecclesiastica
1427 499 1458 527 et
1485 497 1672 536 Byzantina,

62 543 282 574 Bibliothecam
309 543 440 582 Regiam
469 548 664 574 scrutantem
699 545 822 584 cepisse
859 553 931 576 cum
962 545 1079 576 Leonis
1110 548 1176 575 tum
1200 544 1295 574 Pselli
1329 545 1428 582 [XIV]
1455 545 1672 583 cognitionem

63 591 294 630 etlitionemque
311 591 483 630 utriusque
501 592 684 623 adornasse.
698 593 783 629 Quin
798 593 868 632 ipse
883 592 929 623 sic
955 593 1050 623 habet
1071 593 1155 623 notis
1175 593 1214 623 ad
1231 593 1360 623 Auctar.
1373 592 1496 622 noviss.
1518 592 1672 623 Biblioth.

63 640 186 670 Gmcor.
208 640 292 670 Patr.
311 639 411 669 Paris.
435 640 522 676 1672,
551 649 579 678 p.
600 640 670 677 545,
695 641 888 672 subhorrida
918 642 965 678 (ut
989 641 1182 680 plerumque
1199 641 1385 682 incomptus
1405 644 1455 670 est
1479 640 1510 670 in
1528 642 1674 673 oratione

65 686 173 726 Latina)
194 697 201 716 :
219 686 330 717 Photii
347 687 472 717 technas
492 687 650 727 malasque
675 692 759 718 artes
775 698 842 718 cum
861 688 919 719 alii
933 689 1096 728 prosecuti
1110 692 1184 718 sunt
1197 688 1300 719 erci
1314 688 1458 727 wquules,
1480 694 1534 719 aut
1558 698 1674 728 parum

64 744 214 774 suppares,
243 739 310 765 tum
337 744 422 765 meus
450 735 621 774 Logotheta
656 735 718 773 [hic
759 739 806 766 est
836 736 965 767 Simeon
996 737 1148 776 magister
1179 740 1210 767 et
1238 736 1414 776 logotheta,
1441 737 1480 767 de
1507 745 1572 775 quo
1596 738 1675 768 Har-

64 784 114 813 les.
129 783 194 819 VII,
212 781 298 820 M7],
326 783 354 813 si
370 783 508 822 quando,
529 791 606 821 pace
627 782 727 814 lenius
750 784 922 822 aspirante,
939 794 975 814 ac
999 784 1270 815 Christianissimo
1299 792 1370 823 rege
1399 793 1520 822 semper
1542 785 1672 820 νήιον-ιι,

66 832 149 870 Regia
164 830 305 869 Lupara,
328 831 471 862 historia
499 831 684 870 Byzantium
704 840 792 870 ptrue
812 834 985 863 necessario
1015 832 1244 872 supplemento,
1272 842 1339 862 cum
1361 832 1460 862 Leone
1480 833 1620 863 Diacono
1646 839 1672 863 et

66 878 198 910 Michael:
210 879 328 917 Psello,
346 879 466 918 regium
481 889 549 909 tere
573 879 744 918 multiplici
759 879 854 911 titulo
877 886 1104 921 argumentum,
1115 882 1202 921 juris
1219 880 1343 920 publici
1356 882 1444 920 regia
1461 881 1674 919 muniﬁcentia

54 915 168 967 κριςίιιιε
186 938 222 957 ne
238 928 301 958 sibi
316 915 506 966 per-moras
534 915 685 964 Batavus,
701 932 755 957 aut
772 936 845 966 gens
869 915 945 965 alia,
962 937 1026 957 eam
1048 915 1184 966 gloriam
1218 915 1336 966 rapiat.
1359 915 1417 958 Sc-d
1437 935 1464 957 ιι.
1485 915 1562 957 1679
1575 935 1592 957 a
1610 927 1673 957 vita

66 976 196 1006 discessit
210 975 436 1012 Comhet‘tsins,
453 976 557 1014 deque
580 976 708 1006 duobus
725 976 819 1006 tomis
838 975 980 1006 Auctarii
1007 976 1189 1014 Byzantini,
1213 985 1295 1015 quos
1316 975 1458 1007 edendos
1477 975 1539 1006 sibi
1556 984 1674 1015 propo-

67 1029 170 1062 suerat,
187 1033 225 1055 ne
243 1024 386 1064 priorem
401 1024 532 1062 quidem
551 1024 654 1063 potuit
674 1024 853 1063 divulgare.
871 1025 899 1054 Is
917 1025 1017 1061 enim,
1034 1025 1206 1062 scriptores
1227 1027 1295 1062 post
1314 1024 1541 1063 Theophanem
1567 1024 1673 1054 conli-

67 1081 144 1107 ni-ns,
167 1072 414 1104 Constantinum
444 1071 759 1111 Porphyrogenelam
789 1073 860 1103 dico
886 1072 925 1102 de
942 1071 1014 1102 Vita
1032 1071 1156 1107 Basilii,
1181 1070 1443 1102 Continuatorem
1473 1079 1673 1110 anonymqu

67 1119 272 1159 Theophanis,
293 1120 449 1150 Joannem
465 1119 695 1157 Cameniatam,
712 1119 887 1159 Georgium
915 1119 1120 1156 monachum,
1135 1119 1228 1155 alios,
1249 1128 1313 1150 non
1331 1119 1393 1150 nisi
1416 1119 1573 1150 sexennio
1591 1123 1672 1159 post,

66 1171 181 1198 curante
199 1167 387 1199 Sebastiano
401 1167 706 1206 Mabre-Cramoisy,
723 1176 762 1198 ex
786 1169 996 1207 typographia
1012 1169 1109 1208 Regia
1126 1177 1155 1199 a.
1184 1168 1259 1199 1685
1275 1167 1308 1198 in
1333 1168 1437 1198 lucem
1457 1169 1596 1207 prolatus
1615 1173 1672 1198 est.

66 1215 157 1246 Editio
181 1216 330 1253 alterius,
356 1217 496 1246 Leonem
529 1215 720 1246 Michaelem
731 1225 795 1255 que
819 1216 959 1246 l‘sellum
982 1215 1196 1255 complexuri,
1219 1224 1319 1255 prope
1343 1215 1472 1255 triginta
1495 1216 1588 1246 annis
1607 1221 1676 1255 post

67 1265 220 1295 commissa
233 1269 282 1295 est
311 1264 461 1295 Michan
491 1265 533 1294 Le
560 1264 678 1300 Quien,
709 1273 748 1294 ex
779 1264 904 1295 schedis
933 1265 1174 1296 Combeﬁsianis
1202 1264 1386 1296 adornanda
1416 1273 1422 1295 :
1450 1265 1514 1295 vid.
1535 1264 1673 1296 Echard.

68 1312 212 1351 scriptorr.
238 1313 362 1343 ordinis
388 1312 588 1342 Przedicator.
607 1312 645 1347 ll,
667 1313 735 1343 ϐ8ῖι.
753 1313 816 1342 Nec
837 1312 979 1352 segniter
999 1313 1026 1342 is
1055 1321 1088 1343 se
1104 1313 1142 1343 ad
1171 1320 1254 1351 opus
1280 1312 1432 1348 admovit,
1450 1313 1493 1343 ita
1512 1316 1544 1343 ut
1563 1313 1626 1343 Leo
1642 1312 1675 1343 in

68 1360 258 1400 typographia
280 1360 379 1399 Regia
400 1360 549 1390 formulis
563 1360 626 1398 jam
653 1364 774 1399 emptus
793 1361 835 1390 sit
852 1361 1009 1397 describi,
1027 1360 1163 1400 ipseque
1176 1361 1218 1390 Le
1236 1359 1342 1396 Quien
1356 1359 1402 1390 sic
1419 1360 1532 1390 habeat
1549 1360 1674 1390 Oriv-nt.

68 1407 208 1439 Christian
225 1409 247 1444 Ι,
265 1409 345 1440 255:
369 1408 444 1446 Quae
462 1408 521 1438 Leo
541 1409 701 1439 Diaconus
731 1410 825 1449 refert
851 1409 884 1439 in
901 1409 1060 1445 Historia,
1077 1409 1167 1448 cujus
1181 1417 1257 1446 pars
1283 1409 1368 1446 typis
1384 1408 1490 1446 Regiis
1504 1409 1568 1446 jam
1594 1407 1676 1437 edita

69 1460 113 1485 est.
132 1457 254 1487 Atenim
272 1457 452 1487 intervenit
474 1457 681 1496 impressioni
709 1457 938 1496 ingravescens
961 1457 1097 1493 bellum,
1115 1455 1203 1495 quod
1227 1456 1266 1486 de
1288 1455 1518 1494 Hispaniarum
1544 1464 1676 1485 succes-

69 1503 145 1535 sione
162 1509 286 1544 gestum
301 1509 360 1542 est,
374 1504 610 1544 consiliumque,
627 1509 661 1536 ut
681 1505 794 1535 scribit
816 1505 977 1535 Echardus
994 1505 1054 1534 loc.
1068 1504 1134 1540 cit.,
1151 1502 1235 1543 quod
1249 1502 1397 1533 Michaeli
1414 1503 1454 1532 Le
1473 1502 1576 1540 Quien
1593 1512 1676 1533 com-

69 1554 178 1584 missum
199 1559 265 1584 erat
289 1553 664 1594 exsequendum,jamque
686 1554 771 1593 typis
795 1553 901 1592 Regiis
928 1553 1099 1591 inceptum,
1122 1551 1200 1581 bello
1228 1555 1292 1581 tum
1315 1551 1470 1580 atrociori
1486 1551 1598 1590 ubique
1620 1549 1678 1589 ﬂa-

69 1608 163 1639 grante
192 1603 407 1641 interruptum
446 1606 490 1632 est
511 1611 547 1632 ac
570 1601 743 1641 prolatum.
770 1601 854 1641 Ergo
877 1610 983 1640 neque
1017 1599 1201 1631 Combelisii
1224 1607 1321 1638 opera
1350 1607 1456 1638 neque
1491 1598 1675 1638 Lequieni‘,

69 1652 187 1687 c.1733,
207 1652 269 1682 vita
293 1651 405 1687 functi,
427 1649 525 1681 Leoni
545 1650 651 1688 potuit
669 1649 834 1689 prodesse.
852 1649 890 1680 Et
917 1648 1028 1679 mirari
1045 1648 1130 1685 licet,
1149 1648 1292 1686 plagulas
1310 1647 1381 1677 illas
1403 1650 1480 1677 tunc
1501 1646 1676 1684 impressas

71 1697 226 1735 interiisse,
245 1708 346 1738 prope
376 1698 491 1734 dicam,
521 1698 552 1728 in
573 1697 726 1734 nihilum,
743 1705 850 1736 neque
866 1706 1002 1738 usquam
1024 1696 1088 1736 jam
1102 1704 1300 1734 comparere.
1320 1695 1386 1733 Ego
1408 1699 1492 1724 certe
1518 1697 1677 1724 scrutatus

71 1756 128 1776 smn
145 1757 212 1787 quas
228 1748 333 1787 potui,
350 1751 379 1778 et
400 1746 592 1786 perquisivi,
616 1749 825 1786 percontatus
839 1755 970 1786 quoque
985 1748 1116 1784 agentes
1133 1743 1355 1783 typographiaa
1370 1742 1489 1781 negito.
1510 1742 1596 1772 viros
1614 1750 1676 1772 non

70 1796 159 1826 solum
186 1797 402 1836 peritissimos
430 1796 508 1827 artis
545 1804 623 1832 suae,
654 1803 766 1825 verum
793 1792 964 1824 historicos
993 1798 1137 1830 quoque,
1162 1793 1515 1826 monumentorumque
1543 1787 1678 1818 ofﬁcina)

72 1842 197 1880 ipsorum
229 1845 435 1883 percuriosos
466 1855 473 1874 :
507 1843 662 1882 reliquias
687 1842 842 1873 editionis
867 1841 958 1872 illius
992 1839 1128 1878 inceptio
1154 1838 1261 1868 nullas
1285 1837 1377 1877 potui
1401 1837 1556 1868 nancisci.
1586 1837 1677 1872 Qua-

72 1897 184 1929 propter
202 1894 286 1931 [XV]
308 1892 466 1931 suspicor,
488 1891 686 1931 exemplaria
708 1900 744 1922 ea
768 1891 816 1921 vel
840 1898 915 1921 casu
940 1888 1051 1928 aliquo
1081 1885 1251 1926 peculiari,
1278 1885 1326 1916 vel
1353 1886 1424 1916 data
1447 1893 1556 1925 opera,
1576 1885 1678 1916 fuisse

71 1937 168 1971 deleta.

104 2009 152 2040 Ill.
167 2011 351 2049 Reliquerat
366 2010 463 2050 igitur
474 2011 749 2048 Combeﬁsius,ex
765 2010 822 2040 hac
835 2009 896 2039 vita
910 2008 1062 2047 migrans,
1076 2015 1148 2037 cum
1160 2005 1222 2036 alia
1233 2006 1382 2045 prteclare
1397 2005 1542 2036 inchoata
1559 2004 1669 2035 multa.

74 2063 128 2088 tum
145 2059 330 2095 confectam,
352 2064 388 2090 ut
408 2059 545 2096 videtur,
574 2059 691 2090 Leonis
708 2058 870 2097 Psellique
886 2057 1068 2088 versionem
1087 2055 1246 2086 Latinam.
1271 2054 1330 2085 Sed
1351 2054 1404 2084 illa
1424 2053 1540 2092 priora,
1560 2053 1672 2083 multis

72 2106 199 2145 undique
213 2107 245 2138 in
259 2108 392 2138 schedas
409 2108 560 2138 exstincti
587 2107 809 2138 involantibus
826 2106 873 2145 (ut
892 2105 960 2135 fere
973 2104 1006 2134 ﬁt
1022 2103 1053 2133 in
1068 2103 1271 2134 eruditorum
1293 2102 1408 2141 obitu),
1427 2101 1581 2139 dissipata
1600 2109 1676 2131 eva-

74 2160 197 2186 nuerunt
214 2168 221 2185 :
241 2157 424 2187 versionem
451 2156 568 2192 Leonis
601 2165 636 2186 ac
654 2155 749 2186 Pselli
773 2154 907 2185 Parisiis
934 2153 964 2183 in
995 2153 1120 2183 uadibus
1143 2152 1202 2182 FF.
1222 2149 1508 2181 Dominicanornm
1534 2150 1570 2180 ad
1595 2149 1677 2179 viam

74 2202 98 2230 S.
114 2203 271 2240 Honorati,
289 2205 345 2235 ubi
368 2206 432 2234 vita
453 2205 550 2234 cessit
571 2203 797 2239 Combcﬁsius,
824 2201 945 2233 multos
961 2209 1063 2232 annos
1088 2203 1281 2230 nsservatam
1299 2207 1369 2228 esse
1386 2202 1520 2232 constat,
1540 2197 1678 2236 ejusque

74 2251 180 2287 capiam
195 2253 272 2283 viris
288 2252 391 2283 doctis
406 2252 629 2290 compluribus
647 2251 772 2282 factam.
790 2251 834 2282 Ita
852 2251 931 2281 varii
953 2249 1052 2280 variis
1070 2249 1148 2279 locis
1174 2257 1237 2278 non
1254 2247 1360 2278 solum
1374 2247 1573 2277 mentionem
1589 2246 1678 2276 fece-

75 2303 137 2329 runt
163 2301 288 2337 Leonis,
312 2309 424 2331 verum
451 2301 542 2331 illius
574 2301 752 2338 fragmenta
777 2299 906 2337 scriptis
929 2307 1061 2337 quoque
1089 2297 1297 2327 inseruerunt
1322 2295 1403 2326 suis.
1429 2294 1522 2324 Velut
1550 2294 1678 2324 Bandu-

76 2346 130 2377 rius
160 2349 271 2388 Imper.
302 2350 459 2380 Oriental.
493 2350 534 2387 ll,
585 2350 655 2384 ’465,
696 2349 765 2385 h80,
811 2349 880 2384 1:81,
910 2348 979 2383 726,
1013 2347 1089 2382 7'28;
1128 2345 1313 2384 Ducangius
1356 2352 1428 2375 cum
1460 2343 1493 2373 in
1519 2341 1681 2373 Glossario

76 2402 129 2425 non
159 2406 221 2428 uno
251 2398 331 2434 loco,
359 2403 427 2428 tum
458 2398 492 2428 in
524 2398 609 2428 notis
638 2398 675 2428 ad
705 2399 827 2428 Zonara

931 2418 939 2431 ,
970 2397 1018 2430 90,
1057 2395 1126 2428 103.
1153 2394 1220 2427 105.
1255 2394 1339 2429 107;
1375 2392 1521 2423 omnium
1544 2391 1680 2422 maxime

75 2449 165 2474 autem
193 2446 350 2476 Francisc.
383 2446 499 2485 Pagios
536 2446 644 2477 Critic.
671 2446 704 2476 in
738 2446 876 2476 Annales
912 2443 1041 2474 Baronii
1077 2443 1142 2478 Ill,
1168 2442 1249 2477 873,
1279 2450 1344 2471 eam
1377 2441 1548 2470 versionem
1587 2447 1682 2478 opera

76 2490 213 2525 Bernardi
234 2495 457 2534 Montfauconi
483 2504 503 2524 ιι
535 2504 567 2525 se
586 2494 705 2531 lectam,
726 2499 754 2524 et
769 2493 872 2534 quoad
884 2493 1047 2531 pracipua
1064 2491 1170 2529 capita
1193 2494 1279 2529 (utor
1301 2488 1405 2528 ipsius
1429 2487 1547 2526 verbis)
1569 2486 1683 2516 desrri-

75 2543 147 2575 piam
160 2551 218 2572 esse
231 2551 431 2579 asseverans,
448 2543 485 2574 ad
504 2543 670 2574 historiam
684 2552 756 2574 Sth.
775 2551 791 2572 κ
829 2541 990 2580 vergentis
1007 2540 1123 2570 certius
1140 2537 1374 2568 illustrandum.
1393 2537 1438 2566 Ac
1456 2534 1595 2573 profecto
1609 2534 1678 2572 ejus

77 2585 243 2626 fragmentis
274 2592 400 2622 refersit
443 2600 516 2622 cum
551 2595 731 2622 extremum
774 2597 895 2621 tomum
931 2589 1060 2619 tertium
1101 2585 1245 2617 Criticor.
1282 2585 1353 2619 873,
1390 2585 1469 2617 875.
1498 2583 1577 2617 876,
1616 2586 1680 2611 tum

79 2643 212 2669 exorsum
229 2641 303 2670 tomi
329 2639 435 2679 quarti
454 2641 484 2670 3.
502 2657 538 2662 ——-
554 2641 604 2670 39.
622 2641 711 2670 Unde
727 2640 838 2670 eadem
858 2637 964 2668 hausit
982 2635 1162 2675 partimque
1186 2632 1389 2670 transcripsit
1409 2631 1623 2662 Schloeurus
1650 2630 1682 2659 in

80 2683 193 2717 Nestore
214 2697 239 2718 s.
257 2689 420 2720 Russische
441 2688 585 2719 Annalen
600 2690 632 2718 in
648 2689 735 2719 ihrer
757 2686 1001 2726 Grundsprache
1021 2694 1053 2714 α.
1072 2693 1097 2713 s.
1110 2693 1148 2713 w.
1170 2683 1207 2717 V,
1225 2682 1294 2716 125,
1312 2698 1349 2702 —
1368 2681 1436 2710 177.
1460 2679 1548 2709 Alios
1574 2681 1682 2708 contra

83 2732 202 2765 nimium
227 2741 380 2775 quantum
406 2737 590 2777 neglexisse
620 2746 655 2767 ea
690 2740 824 2776 questus
851 2739 898 2765 est
922 2734 1036 2765 Saxius
1066 2733 1233 2763 Onomast.
1254 2730 1294 2765 ll,
1315 2730 1383 2764 156,
1406 2726 1604 2777 nobilissima
1627 2726 1683 2757 illa

80 2779 249 2819 fragmenta,
271 2786 379 2816 Latine
395 2775 487 2821 edita,
517 2787 670 2825 quomodo
692 2775 823 2814 subinde

928 2791 979 2812 nes
1005 2780 1158 2813 eruditos,
1175 2783 1324 2818 tanquam
1341 2775 1439 2807 ϐαίη
1461 2775 1541 2806 Care
1561 2775 1682 2806 Histor.

85 2827 199 2862 litterar.
223 2834 385 2873 scriptorr.
423 2823 597 2866 coclcsiast.
616 2835 656 2868 ll,
676 2835 740 2866 106.
759 2832 964 2871 inprimisqih
984 2831 1015 2859 J.
1038 2829 1074 2858 Λ.
1096 2827 1275 2858 Fabri-rium
1301 2827 1383 2856 Bibl.
1400 2825 1453 2855 Gr.
1469 2824 1519 2855 Vl.
1541 2823 1582 2861 {is
1598 2823 1684 2873 enim

86 2882 166 2910 Verus
181 2886 224 2913 est
241 2872 391 2916 numerus
412 2895 418 2915 :
435 2884 516 2923 apud
538 2882 667 2914 Saxiqu
683 2881 799 2921 legitur
817 2882 866 2918 \',]
881 2881 938 2910 353
960 2884 987 2909 ct
1010 2878 1080 2909 Xlll
1099 2875 1277 2914 738,1!!!ch
1295 2874 1468 2913 potuerint,
1487 2872 1684 2909 cogitatione
