1910 3073
225 105 281 138 639
660 127 663 130 ν
824 110 855 140 C.
876 111 908 139 Il.
931 111 979 140 ΠΛ

1099 113 1268 144 ὶἘιδᾹΤΙι).
1802 118 1853 150 cm

223 162 353 202 assequi
370 171 403 192 se
419 170 480 193 non
500 171 605 202 posse.
625 164 764 194 Tametsi
780 164 810 194 in
824 164 874 194 his
891 169 1030 195 erratum
1049 172 1096 197 est
1117 167 1221 206 ipsius
1233 169 1330 199 Saxii.
1354 171 1428 200 Nam
1452 170 1540 201 cadat
1555 171 1617 209 jam
1640 171 1711 210 ejus
1737 179 1850 210 repre-

226 211 342 247 hensio
361 211 392 241 in
412 210 609 246 Fabricium,
636 212 728 250 cujus
755 213 919 243 volumini
949 213 1097 243 exierunt
1122 214 1258 245 alterum
1280 224 1307 245 θ.
1329 216 1417 252 171ιι,
1435 217 1574 248 alterum
1598 226 1627 247 a.
1649 219 1739 250 1726.
1760 219 1848 250 Guil.

224 259 327 290 Caveo
366 263 471 293 certe,
504 259 559 297 qui
601 260 729 298 scripsit
759 269 786 290 a.
823 261 918 297 1688,
955 260 1031 290 vitio
1064 262 1177 301 nequit
1213 263 1302 300 dari,
1337 263 1424 302 quod
1457 267 1533 296 tunc
1564 266 1728 304 ignoravit
1776 276 1848 305 qua;

223 307 341 346 Pagius
363 315 392 337 a.
415 307 493 337 1705
519 311 584 337 erat
606 307 766 338 editurus.
786 309 844 339 Sed
869 313 901 339 ut
917 312 1056 340 revertar
1076 310 1112 339 ad
1140 310 1322 341 versionem
1347 313 1627 349 Combetisianam,
1643 314 1850 353 superfuisse

223 363 259 386 ea
282 356 409 386 videtur
435 364 537 394 usque
561 356 599 385 ad
628 360 749 386 motum
776 357 981 394 repentinum
1002 366 1067 396 quo
1095 358 1196 388 Gallia
1226 363 1311 395 tota,
1343 365 1494 399 vergente
1522 363 1640 391 saeculo
1665 362 1850 401 superiore,

222 402 357 433 confusa
376 406 436 433 est.
456 404 547 433 Tunc
564 402 617 433 illa
639 405 706 443 ipsa
727 405 877 442 procella.
904 414 976 444 quae
995 405 1080 434 viros
1098 406 1215 436 studiis
1230 415 1265 436 ac
1276 407 1431 438 doctrinis
1456 409 1732 447 exquisitioribus
1750 411 1852 440 claros

221 452 338 491 partim
367 450 483 489 dejecit
502 451 541 481 de
565 454 649 481 statu
678 452 778 488 omni,
799 452 911 490 partim
931 452 1111 491 prtecipites
1135 454 1333 492 perturbavit
1357 464 1395 485 ex
1417 456 1538 494 patria;
1560 457 1660 495 [XVI]
1684 457 1847 496 quonam

221 499 357 537 collegia
383 498 533 529 litteraria
563 503 593 530 et
613 500 762 539 religiosa
784 501 932 530 universa
956 500 1081 537 evertit,
1102 502 1214 532 eodem
1236 506 1269 532 ut
1287 502 1384 532 multa
1399 503 1462 533 alia
1480 503 1605 542 ingenii
1623 510 1848 544 monumenta,

221 547 340 578 chartis
355 547 529 578 reconditis
549 548 706 585 mandata,
721 549 768 578 sic
788 548 864 578 item
883 549 1011 579 ultimas
1028 549 1182 588 reliquias
1201 550 1381 580 sedulitatis
1401 551 1644 582 Combetisianaa
1658 552 1842 592 dissipavit,

221 599 275 626 aut
290 595 409 626 obruit.
428 596 520 626 Certe
537 604 644 634 neque
665 599 730 626 tum
749 605 820 626 cum
845 596 1068 635 expilarentur
1084 597 1214 628 libraria
1241 599 1302 628 FF.
1321 598 1624 634 Dominicanornm,
1644 609 1754 639 neque
1773 611 1846 632 cum

222 647 294 683 post
318 643 539 682 surreptiones
559 643 660 674 varias
686 643 760 674 libri
778 644 853 674 inde
873 644 995 674 residui
1015 653 1070 683 per
1095 645 1306 677 bibliothecas
1329 647 1473 677 diversas
1497 647 1734 686 diriberentnr,
1750 650 1848 689 quid-

221 701 317 731 quam
335 692 373 723 de
392 692 527 731 repertis
544 692 727 723 Combeﬁsii
744 692 872 723 schedis
889 693 1036 723 auditum
1054 696 1114 729 est,
1127 694 1246 724 nedum
1259 694 1297 725 de
1317 694 1524 725 versionibus
1540 696 1659 727 Leonis
1680 700 1711 727 et
1725 697 1846 728 Pselli:

220 749 294 780 quas
312 741 359 771 vel
379 740 410 771 in
429 740 546 771 latebra
560 740 823 780 aliquaignorata
838 741 1033 771 delitescunt
1047 741 1161 778 adhuc,
1177 742 1225 772 vel
1239 742 1336 782 (quod
1350 743 1451 780 magis
1468 747 1515 774 est
1529 743 1697 784 credibile)
1711 746 1852 776 omnino

220 789 316 822 hodie
331 789 578 820 interciderunt.

260 848 313 878 IV.
337 847 454 883 Quare,
473 847 529 878 ubi
547 847 645 878 semel
661 848 694 878 in
711 847 854 878 animum
879 848 1071 879 iuduxeram
1094 849 1232 880 Leonem
1261 850 1293 880 in
1312 850 1414 881 lucem
1438 851 1593 891 proferre,
1611 851 1680 882 fieri
1700 854 1849 891 oportuit

220 904 333 926 novam
355 896 655 935 interpretationem
677 897 748 935 ejus
767 896 909 926 Latinam
929 907 936 926 :
955 900 1044 927 extra
1066 906 1164 937 pauca
1188 907 1260 937 quas
1279 907 1376 938 supra
1392 899 1471 936 dixi,
1493 899 1526 930 in
1554 899 1679 931 Criticis
1695 901 1850 940 Pagianis

219 950 417 977 conservata.
434 946 557 977 Deinde
572 946 757 984 conquisivi
774 955 847 986 quas
859 947 894 977 ad
908 946 1139 978 illustrandum
1159 946 1348 985 scriptorem
1366 951 1559 986 spectarent.
1575 948 1649 985 Sed,
1666 957 1767 988 opera
1780 948 1849 989 jam

218 993 285 1024 fere
304 993 394 1033 prelo
417 997 533 1033 parata,
560 994 742 1034 perspicere
769 994 863 1034 ccepi,
890 999 1027 1033 quantas
1047 995 1116 1034 ejus
1138 993 1238 1025 editio
1259 995 1462 1026 difﬁcultates
1485 998 1570 1026 esset
1586 995 1750 1032 habitura,
1772 1005 1848 1027 cum

217 1043 309 1080 alias,
326 1051 405 1081 quas
430 1043 482 1074 hic
503 1044 633 1074 detinite
659 1043 795 1074 edisseri
821 1043 898 1083 quid
924 1042 1063 1074 attinet?
1083 1047 1149 1074 tum
1179 1043 1436 1081 magnitudinem
1465 1043 1698 1083 impensarum,
1718 1045 1847 1084 quibus

219 1099 277 1121 nec
299 1090 416 1129 privati
441 1090 587 1129 cujusvis
604 1090 703 1122 unius
725 1094 936 1130 suppeterent
958 1090 1051 1122 facile
1076 1090 1187 1129 copia},
1208 1099 1267 1122 nec
1288 1095 1374 1122 certe
1396 1100 1487 1123 meas.
1511 1092 1700 1129 Accedebat,
1717 1097 1752 1124 ut
1775 1094 1851 1134 ipse

218 1139 251 1169 in
272 1139 468 1170 Bibliotheca
498 1139 595 1179 Regia
624 1139 685 1170 sub
712 1138 742 1169 id
775 1144 901 1178 tempus
929 1147 1036 1170 essem
1068 1139 1350 1179 occupatissimus,
1376 1140 1522 1172 notitiam
1547 1141 1640 1172 codd.
1666 1142 1788 1173 Greece.
1807 1151 1847 1173 ex

220 1188 308 1218 Italia
340 1196 450 1219 recens
479 1188 648 1219 allatorum
677 1187 832 1219 coniicere
862 1197 994 1224 tonans,
1019 1188 1147 1227 qualem
1176 1188 1215 1219 de
1241 1188 1332 1219 codd.
1362 1188 1561 1220 Florentinis
1588 1190 1779 1227 Bandiuius,
1807 1191 1846 1221 de

216 1237 528 1267 Vindobonensibus
555 1236 744 1268 Lambecius
774 1237 962 1267 ediderunt.
988 1236 1219 1273 Quamobrem,
1248 1245 1313 1276 quo
1347 1236 1459 1267 saltem
1484 1237 1717 1277 intelligerem,
1746 1239 1846 1278 quale

225 1285 367 1315 virorum
387 1284 554 1315 doctorum
571 1284 733 1323 judicium
755 1284 903 1316 futurum
928 1288 1012 1316 esset
1034 1284 1073 1316 de
1099 1285 1219 1323 Leone,
1236 1285 1314 1316 satis
1337 1289 1415 1316 tunc
1437 1285 1548 1323 habui,
1567 1285 1683 1317 librum
1700 1291 1843 1325 sextum,

217 1338 252 1363 ut
275 1337 340 1363 erat
357 1342 371 1362 a
390 1341 441 1364 me
457 1341 582 1369 vorsus,
601 1341 748 1363 seorsum
764 1332 954 1372 speciminis
975 1340 1071 1364 causa
1092 1332 1127 1363 in
1146 1332 1249 1364 lucem
1267 1332 1412 1372 proferre
1427 1334 1554 1364 Notice:
1580 1339 1607 1365 et
1624 1334 1776 1366 Extrait:
1787 1335 1840 1366 dea

215 1381 294 1411 Mss.
309 1381 344 1410 de
359 1380 390 1410 la
407 1379 622 1419 Bibliothc‘que
636 1380 679 1410 du
690 1380 762 1417 Roi,
779 1384 839 1411 etc.
855 1380 941 1416 VIII,
956 1381 1016 1411 2511-
1032 1397 1069 1403 —
1083 1381 1155 1413 296.
1169 1382 1279 1420 Neque
1296 1381 1473 1421 quidquam
1495 1381 1626 1421 posthac
1645 1382 1782 1422 propius
1797 1387 1846 1414 est

215 1429 349 1465 factum,
367 1437 463 1468 quam
480 1432 514 1459 ut
542 1427 770 1468 cogitationem
790 1428 943 1459 editionis
967 1428 1100 1469 integra;
1119 1428 1254 1459 omnino
1276 1429 1485 1461 dimitterem.
1518 1429 1653 1470 Aliquot
1670 1431 1749 1462 anni
1769 1440 1842 1462 cum

215 1476 263 1506 sic
287 1475 498 1510 eﬂluxissent.
526 1484 577 1506 me
597 1475 671 1506 aliis
692 1475 974 1507 sollicitudinibus
998 1476 1152 1516 curisque
1177 1476 1331 1513 distento,
1354 1486 1427 1508 ecce
1453 1477 1502 1509 vir
1517 1478 1641 1515 doctus,
1659 1488 1724 1519 quo
1747 1488 1845 1511 nemo

216 1524 305 1556 omni
327 1524 531 1564 antiquitatis
550 1523 815 1564 septentrionalis
842 1524 997 1556 memoria
1024 1523 1254 1561 abundantior,
1277 1532 1373 1555 nemo
1395 1524 1428 1555 in
1451 1526 1671 1557 monumentis
1696 1526 1846 1558 historias

213 1571 358 1604 Russicm
387 1572 620 1610 examinandis,
647 1572 883 1612 comparandis,
908 1573 1108 1613 explicandis
1135 1572 1261 1603 acutior
1296 1576 1351 1603 aut
1375 1572 1511 1611 felicior,
1536 1573 1705 1614 Philippus
1734 1576 1843 1612 Knue,

215 1621 394 1652 Academiae
415 1621 595 1660 Imperialis
619 1620 827 1652 scientiarum
847 1621 1092 1660 Petropolitanaa
1117 1621 1215 1652 decus
1243 1624 1273 1651 et
1290 1625 1529 1658 ornamentum,
1547 1622 1632 1653 ultro
1650 1631 1700 1654 me
1725 1623 1843 1655 litteris

217 1671 297 1701 inire
319 1671 422 1710 puris,
449 1669 573 1707 amicis,
594 1669 740 1700 candidis
754 1669 845 1705 adiit,
864 1670 1011 1709 nihilque
1035 1669 1181 1709 opinanti
1200 1670 1476 1706 commonstravit,
1494 1671 1768 1710 quemadmodum
1792 1674 1840 1703 rei

217 1719 340 1758 pridem
369 1718 526 1748 institutas
547 1718 694 1757 expediri
723 1718 831 1749 exitus
851 1723 969 1758 posset.
992 1719 1113 1756 Nempe
1133 1717 1261 1755 imperii
1282 1716 1408 1748 Russici
1434 1718 1674 1755 cancellarium,
1699 1724 1774 1757 etc.,
1794 1721 1840 1751 ill.

214 1767 363 1799 comitem
388 1767 553 1798 Nicolaum
571 1776 611 1797 ne
629 1767 843 1804 Romam”,
866 1769 982 1803 virum,
1003 1765 1134 1796 utou.ni
1159 1773 1345 1803 magnarum
1371 1774 1480 1795 rerum
1506 1766 1601 1797 laude
1621 1768 1837 1805 cumulatum,

214 1816 257 1847 ita
286 1820 394 1846 natum
430 1815 649 1855 provehendis
681 1815 873 1847 liberalibus
898 1815 1028 1852 studiis,
1059 1822 1131 1844 cum
1165 1812 1197 1842 in
1227 1820 1340 1842 manus
1373 1811 1443 1851 ejus
1474 1813 1646 1845 incidisset
1675 1815 1840 1853 specimen

213 1865 329 1902 {XVII}
357 1864 476 1894 Leonis
500 1863 533 1894 in
559 1863 687 1895 Notitiis
716 1865 793 1895 Mss.
820 1864 955 1900 editum,
977 1867 1100 1903 optare,
1123 1861 1306 1901 utscriptor
1334 1865 1418 1892 totus
1449 1863 1480 1893 in
1501 1863 1604 1893 lucem
1632 1863 1840 1903 proferatur:

213 1917 362 1952 sumptus
388 1912 587 1943 necessarius
604 1912 753 1944 eumdem
782 1912 1118 1943 subministraturum.
1139 1910 1272 1941 Miritice
1296 1909 1396 1948 igitur
1424 1911 1601 1941 delectatus
1629 1911 1690 1942 hac
1708 1914 1837 1946 nunli".

218 1960 320 1990 multo
349 1961 456 1991 acrius
476 1961 580 1991 exarsi
603 1960 640 1990 ad
669 1960 877 1998 cupiditatem
908 1960 1023 1990 edendi
1048 1960 1182 1998 operis:
1210 1958 1381 1997 ipsiusque
1406 1958 1525 1988 illustr.
1553 1959 1683 1989 comitis
1717 1959 1836 1990 litteris

214 2009 310 2047 paulo
333 2011 404 2047 post
431 2009 534 2047 magis
564 2007 660 2038 etiam
691 2008 912 2044 confirmatus,
944 2006 1101 2046 evestigio
1135 2014 1229 2036 ursus
1256 2014 1327 2035 sum
1354 2005 1545 2037 editionem.
1569 2007 1680 2045 Neque
1708 2008 1839 2038 aliunde

212 2056 489 2095 amplissimorum
509 2056 679 2087 hominum
702 2055 780 2086 mihi
796 2056 900 2086 defuit
920 2055 1062 2086 studium
1082 2057 1137 2085 aut
1162 2053 1321 2084 voluntas.
1341 2053 1418 2083 Nam
1445 2057 1476 2084 et
1493 2053 1542 2084 vir
1567 2062 1717 2085 summus
1733 2064 1839 2086 comes

212 2113 253 2135 ne
269 2106 516 2141 Monresouron,
533 2105 678 2135 Francia;
702 2113 770 2143 par,
799 2104 885 2142 regis
913 2101 1182 2135 Christianissimi
1204 2101 1411 2132 consiliarius
1439 2102 1587 2137 intimus,
1615 2111 1687 2133 cum
1705 2103 1840 2134 admini-

212 2153 398 2183 strationem
411 2152 611 2189 interiorem,
626 2156 753 2183 utnunc
768 2160 930 2188 vocamus,
941 2152 971 2182 in
985 2151 1086 2182 Gallia
1096 2150 1238 2183 haberet.
1250 2150 1412 2189 redempto
1427 2150 1676 2190 exemplarium,
1687 2155 1721 2182 ut
1735 2152 1837 2184 aiunt.

212 2209 349 2231 numero
374 2200 459 2230 haud
485 2200 616 2240 exiguo,
644 2200 925 2239 expeditissimum
950 2199 1082 2230 reddere
1114 2202 1214 2228 totum
1245 2197 1455 2237 imprimendi
1480 2199 1646 2237 negotium
1679 2199 1831 2239 dignatus

213 2252 281 2278 est:
299 2256 393 2286 quam
414 2248 484 2287 ejus
506 2248 704 2279 voluntatem
723 2252 821 2279 ratam
838 2248 914 2278 fecit
937 2250 1008 2286 post
1025 2255 1098 2277 eum
1117 2246 1228 2277 eodem
1246 2254 1380 2276 munere
1394 2246 1535 2286 fungens
1549 2246 1597 2278 ill.
1616 2248 1710 2278 Dom.
1731 2256 1836 2279 comes

213 2297 370 2332 Dacazes,
389 2299 463 2332 etc.,
483 2296 698 2327 immortalem
714 2296 840 2327 laudem
859 2303 1061 2334 comparans,
1074 2295 1150 2325 dum
1166 2294 1284 2326 litteras
1299 2298 1330 2325 et
1343 2294 1506 2331 scientias,
1524 2295 1723 2335 omninoque
1740 2297 1838 2327 bonas

212 2344 345 2382 quasvis
361 2344 550 2384 disciplinas
569 2345 601 2376 in
617 2345 752 2375 Francia
769 2344 883 2374 tlorere
902 2348 998 2383 atque
1015 2342 1122 2374 ornari
1142 2342 1231 2372 omni
1251 2346 1368 2373 conatu
1380 2346 1471 2373 curat
1488 2353 1496 2373 :
1516 2345 1547 2374 et
1566 2343 1613 2373 vir
1637 2343 1836 2380 eruditione,

210 2392 411 2429 auctoritate,
429 2392 603 2424 virtutibus
623 2392 916 2428 eminentissimus,
933 2391 1087 2422 doctrinae
1100 2390 1276 2421 Orientalis
1297 2399 1353 2429 per
1368 2390 1479 2421 orbem
1498 2395 1655 2421 terrarum
1674 2391 1835 2431 princeps,

212 2439 295 2471 liber
316 2442 397 2472 Baro
416 2441 588 2471 SiLvss'rsn
607 2450 646 2470 ne
662 2441 755 2475 Sacr,
776 2441 891 2472 Rector
906 2439 1133 2471 Universitatis
1150 2438 1354 2476 Parisiensis,
1372 2438 1587 2469 institutionis
1606 2439 1744 2478 publicae
1766 2448 1838 2470 con-

209 2488 383 2520 stituendae
403 2489 493 2526 Vvir,
519 2488 644 2519 ordinis
667 2490 746 2528 Reg.
770 2488 921 2528 Legionis
944 2488 1085 2520 honorif.
1110 2487 1292 2527 praefectus,
1312 2487 1495 2518 Academia)
1514 2488 1591 2526 Reg.
1619 2487 1789 2526 lnscriptt.
1807 2493 1837 2519 et

213 2536 368 2567 litterarr.
385 2536 518 2566 human.
543 2535 644 2566 sodal.
663 2536 936 2571 etc.,interventu
963 2545 1023 2567 suo
1046 2536 1199 2572 obtinuit,
1224 2540 1258 2566 ut
1285 2534 1318 2566 in
1335 2535 1547 2574 typographia
1562 2535 1661 2574 Regia
1686 2537 1749 2567 Leo
1767 2535 1836 2567 for-

211 2584 309 2615 mulis
325 2584 574 2615 describeretur.
589 2584 645 2620 Ita,
663 2583 712 2614 his
726 2584 881 2623 auspiciis
894 2585 1030 2625 incepta,
1051 2585 1174 2616 biennii
1195 2585 1299 2623 spatio
1314 2585 1351 2615 ad
1368 2585 1493 2614 exitum
1508 2584 1644 2615 adducta
1661 2584 1835 2623 impressio

210 2634 282 2662 est:
303 2631 426 2662 tardius
442 2630 577 2661 fortasse
593 2638 688 2669 quam
706 2630 864 2668 volebam,
881 2633 1016 2672 obsequi
1041 2634 1197 2664 continuo
1217 2634 1312 2665 tantis
1330 2633 1409 2664 viris
1424 2633 1703 2672 jucundissimum
1722 2634 1836 2665 existi-

209 2688 301 2710 mans
327 2691 335 2710 :
362 2679 440 2710 satis
460 2679 535 2716 cito,
562 2680 589 2710 si
612 2680 729 2710 molem
765 2681 944 2712 voluminis
973 2681 1202 2721 difﬁcilemque
1224 2682 1380 2713 rationem
1418 2681 1642 2712 commentarii
1676 2682 1836 2713 cl-araete-

209 2736 348 2766 rumque
371 2729 554 2760 Grzecorum
574 2733 710 2766 spectes.

250 2784 286 2814 ν.
310 2784 414 2815 Venio
432 2793 517 2815 nunc
539 2784 576 2814 ad
589 2792 625 2815 ea
642 2793 714 2823 quae
730 2789 877 2815 constant
892 2785 1015 2825 devita
1033 2787 1161 2820 Leonis.
1182 2796 1278 2825 pauca
1301 2795 1389 2823 sane,
1408 2796 1466 2818 nec
1488 2788 1614 2818 diversa
1638 2787 1706 2818 fere
1723 2797 1762 2817 au
1795 2788 1834 2819 iis

208 2842 280 2872 qua:
296 2833 405 2864 Notitt.
432 2833 611 2880 :‘llss.)’lll,
630 2833 700 2872 257,
723 2833 845 2873 pridem
863 2822 993 2873 protuli.
1020 2835 1124 2867 Vitam
1150 2822 1212 2867 Leo
1232 2836 1310 2867 adiit
1339 2822 1442 2873 Caloe,
1461 2835 1520 2876 (7%,;
1553 2839 1701 2875 Καλοητῶν
1720 2840 1832 2874 πόλεως,
