1910 3073
95 128 150 160 6H
346 134 362 142 ‘
703 129 724 158 C
756 130 786 159 Β.
808 129 849 158 ll.-l

968 128 1139 158 ⁷ιᾸΞΕΛΤΙΟ.
1669 129 1722 160 642

104 183 145 214 Le
166 181 272 218 Quien
300 182 423 214 Oricnt.
442 182 557 214 Christ.
587 183 611 213 Ι.
637 183 719 221 726.)
743 191 814 221 quae
838 180 958 212 civitas
976 185 1022 212 est
1049 181 1133 212 Asia:
1155 181 1392 220 proconsularis
1415 182 1447 212 in
1462 182 1574 214 Tmolo
1602 189 1720 220 monte,

104 238 207 269 prope
222 229 345 261 fontem
364 231 486 270 Caystri
503 230 606 261 amnis
620 230 715 268 (infra
731 230 778 271 2‘)
798 239 804 259 :
819 230 845 259 is
862 234 978 268 tractus
994 229 1099 258 omnis
1117 228 1247 259 themati
1264 229 1494 261 ’l‘hrncensium
1514 234 1589 261 tunc
1610 239 1722 262 acoen-

101 279 245 309 sebatur.
265 279 310 309 De
335 283 503 317 parentum
518 278 706 310 conditione
733 287 794 308 non
813 278 968 309 habemus
987 277 1073 316 quod
1090 276 1212 315 liqueat
1228 287 1236 308 :
1255 277 1335 316 patri
1353 286 1470 309 nomen
1488 279 1597 310 Basilii
1618 279 1722 311 fuisse

102 326 175 365 ipse
192 325 235 356 ait
256 326 286 362 2,
304 334 340 356 ac
366 326 499 365 primam
525 326 656 365 quidem
676 326 836 357 mtatulam
865 325 897 355 in
921 325 1023 364 patria
1043 328 1279 364 parentumque
1302 325 1474 364 disciplina
1495 327 1621 358 videtur
1644 337 1722 358 exe-

102 373 192 413 gisse
219 384 229 406 :
247 373 322 404 inde
341 374 522 405 studiorum
549 383 644 404 causa
669 372 981 412 Constantinopolim
999 377 1149 410 tanquam
1169 371 1207 403 ad
1223 374 1356 403 domum
1381 375 1550 412 quamdam
1568 376 1722 407 doctrina:

102 421 282 460 profectus,
299 422 343 452 ibi
359 431 388 454 a.
404 423 474 458 966,
491 431 593 453 meus.
609 423 726 462 Apri|.,
743 430 833 453 sacro
844 421 980 452 solemni
1001 422 1222 458 Ascensionis,
1242 425 1330 453 motu
1347 422 1494 461 populari
1510 422 1543 453 in
1562 424 1725 462 Nicepho-

103 477 177 500 rum
202 469 328 506 eﬂ'ecto,
347 469 572 509 imperatorem
599 469 753 509 gradatim
769 479 827 509 per
855 470 970 500 urbem
999 470 1198 510 equitantem
1227 470 1405 509 conspexit,
1423 470 1640 510 virtutemque
1656 472 1725 511 ejus

102 522 134 548 et
157 517 262 548 animi
279 517 460 548 ﬁrmitatem
473 518 605 557 [XVIII]
622 518 651 548 vi
681 517 804 549 furiosa
829 517 932 557 plebis
955 518 1135 555 perturbari
1161 517 1408 556 haudquaquam
1433 525 1527 556 posse
1550 518 1727 550 admiratus

103 571 164 596 est.
182 566 258 596 Haec
273 574 307 596 se
323 565 565 596 adolescentulo
581 565 734 596 accidisse
749 565 863 596 scribit
878 565 927 595 AO.
949 565 993 595 Ita
1009 565 1037 596 si
1053 566 1240 602 statuimus,
1258 574 1286 596 a.
1305 566 1364 596 966
1390 574 1463 597 eum
1481 565 1587 604 egisse
1603 575 1725 597 annum

103 612 235 643 circiter
249 616 373 644 sextum
392 616 421 643 et
442 613 617 648 decimum,
641 613 801 652 sequitur,
821 616 930 643 natum
945 621 1016 644 esse
1036 615 1098 645 sub
1121 622 1151 645 a.
1177 615 1246 645 950.
1268 613 1357 644 Circa
1376 622 1405 644 a.
1427 615 1497 650 9'73,
1514 622 1592 654 quo,
1609 615 1727 645 Basilio

104 665 326 697 exauctorato,
344 661 502 692 Antonius
517 661 694 701 patriarcha
709 665 834 692 creatus
846 664 905 697 est,
924 660 958 691 in
971 661 1046 692 Asia
1060 661 1142 693 fuit:
1160 662 1205 693 ibi
1223 666 1307 693 certe
1319 661 1474 701 gemellos
1488 667 1725 699 monstruosas,

103 708 239 746 imperii
274 708 456 748 provincias
486 709 655 745 obeuntes,
685 709 797 739 crebro
824 717 858 739 se
880 709 999 739 vidisse
1015 710 1109 740 tradit
1130 710 1199 740 102.
1217 711 1291 740 Post
1308 710 1475 749 aliquanto
1491 709 1523 740 in
1549 709 1723 749 collegium

109 756 315 786 sacerdotum
342 756 553 795 palatinorum
583 756 712 792 ascitus,
744 764 772 787 a.
794 757 863 792 981,
890 765 962 787 cum
981 757 1120 788 Basilius
1150 757 1229 796 imp.
1256 765 1372 797 magno
1401 762 1553 797 apparatu
1582 757 1728 797 Bulgaris

114 803 237 833 bellum
256 803 402 840 inferret,
421 804 599 844 castrisque
619 803 658 835 ad
684 804 872 843 Stoponium
891 805 1004 844 positis
1033 805 1226 836 Triaditzam
1247 809 1449 844 oppugnaret
1465 805 1569 844 (Cedr.
1586 806 1627 841 ll,
1643 805 1726 843 695),

106 851 235 881 diaconi
266 860 399 882 munere
432 852 571 891 fungens
594 858 724 883 secutus
749 852 935 882 comitatum
956 855 1004 882 est
1027 863 1034 882 :
1053 852 1300 891 legionibusque
1329 857 1505 884 retrorsum
1522 852 1631 890 raptis,
1654 861 1727 883 eum

111 899 276 930 exercitus
295 900 484 938 perterritus
509 898 705 930 interneciva
721 899 812 930 clade
826 899 860 930 in
878 899 993 930 itinere
1009 899 1200 937 afﬁceretur,
1217 901 1288 940 ipse
1317 909 1334 931 e
1352 900 1562 940 Bulgarorum
1584 900 1729 940 undique

108 947 348 984 provolantium
368 948 517 978 manibus
546 947 627 987 (107)
650 956 732 987 aegre
749 948 860 979 evasit.
877 948 983 985 Quare
999 948 1115 986 opinor
1130 948 1164 979 in
1183 948 1336 983 Historia,
1355 948 1483 988 quoties
1499 948 1619 979 Moesias
1634 957 1727 978 men-

108 995 231 1026 tionem
256 995 331 1026 facit
349 995 449 1036 (velut
465 995 527 1034 38),
546 999 682 1026 tremere
698 999 728 1026 et
749 996 953 1027 exalbescere
973 1000 1123 1035 tanquam
1140 995 1262 1034 objecta
1282 996 1416 1027 terribili
1437 1005 1470 1027 re
1487 996 1626 1032 videtur,
1646 997 1727 1027 nihil

108 1047 143 1073 ut
161 1043 214 1079 sit,
230 1043 316 1082 quod
335 1052 426 1083 atque
441 1043 471 1074 ei
488 1043 693 1074 formidinem
710 1043 797 1074 dit-as
811 1043 974 1083 iniecisse.
990 1044 1094 1080 Quem
1112 1047 1219 1083 postea
1237 1044 1376 1074 tenuerit
1393 1043 1464 1074 vitae
1476 1052 1606 1075 cursum
1622 1053 1728 1082 neque

108 1092 179 1131 ipse
196 1092 328 1128 indicat,
346 1101 452 1130 neque
482 1091 536 1122 alii
556 1091 708 1122 tradunt:
733 1091 796 1122 nisi
814 1100 888 1123 vero
904 1093 931 1122 si
957 1092 1031 1132 quis
1049 1095 1109 1128 est,
1128 1091 1183 1131 qui
1202 1091 1309 1123 addita
1325 1093 1454 1123 demum
1472 1097 1562 1123 aatate
1587 1101 1603 1123 a
1620 1101 1728 1124 rerum

110 1139 402 1171 ecclesiasticarum
418 1148 492 1170 cura
509 1148 582 1170 eum
604 1140 777 1170 abduxisse
804 1148 875 1170 sese
902 1143 1000 1178 putet,
1021 1143 1116 1179 atque
1141 1140 1174 1170 in
1192 1148 1368 1176 secessum,
1385 1140 1538 1171 Historia:
1556 1141 1730 1171 condenda;

110 1196 220 1225 causa,
236 1196 270 1218 se
286 1188 460 1227 recepisse.
481 1187 611 1219 Constat
627 1191 725 1223 certe,
744 1196 806 1217 non
828 1188 933 1218 exisse
949 1187 1158 1226 scriptionem
1174 1191 1247 1217 ante
1264 1197 1292 1217 ιι.
1310 1188 1378 1222 989,
1395 1195 1460 1226 quo
1474 1189 1592 1218 Bardas
1612 1189 1731 1218 Phocas

111 1240 223 1266 contra
251 1235 406 1267 Basilium
440 1235 519 1275 imp.
550 1235 710 1267 rebellaus
732 1243 907 1275 oppressus
942 1239 990 1266 est
1017 1245 1025 1265 :
1061 1235 1182 1274 quippe
1208 1235 1277 1273 ejus
1308 1235 1460 1266 interitus
1495 1235 1635 1266 refertur
1658 1236 1725 1266 108.

111 1283 317 1323 Expugnatio
335 1283 519 1320 Chersonis,
540 1283 580 1314 de
597 1291 659 1323 qua
682 1282 750 1319 108,
768 1287 797 1313 et
815 1291 899 1314 mors
923 1282 1031 1313 Basilii
1051 1282 1198 1322 prmsidis
1219 1283 1311 1322 (106),
1330 1291 1415 1313 anno
1438 1286 1511 1314 ante
1533 1284 1730 1314 acciderunt.

112 1332 195 1362 Num
212 1331 387 1362 consilium
405 1331 506 1362 fuerit
520 1331 632 1368 Leoni,
653 1331 736 1362 ultra
754 1331 921 1362 Tzimiscm
937 1334 1070 1362 mortem
1088 1331 1246 1362 deducere
1262 1330 1441 1368 historiam,
1454 1331 1593 1362 dubitari
1613 1334 1729 1370 potest.

110 1380 190 1410 Nam
210 1379 296 1418 quod
321 1379 432 1410 scribit
450 1380 518 1416 109,
538 1378 632 1416 mala,
651 1387 708 1418 per
727 1378 852 1409 stellam
879 1379 1024 1410 crinitam
1049 1383 1287 1419 prmmonstrata
1305 1378 1390 1419 (qum
1407 1384 1513 1419 postea
1532 1380 1651 1411 Basilio
1670 1380 1734 1410 im—

113 1431 246 1466 perante
264 1427 468 1467 evenerunt),
484 1435 544 1458 suo
560 1426 705 1467 quidque
721 1426 835 1457 ordine
851 1427 890 1458 ab
904 1426 1037 1458 historia
1054 1427 1176 1458 dictum
1193 1427 1246 1464 iri,
1262 1427 1293 1457 id
1310 1427 1444 1459 fortasse
1459 1436 1524 1459 non
1548 1428 1593 1458 sic
1607 1427 1731 1458 intelli-

112 1475 254 1512 gendum
275 1477 336 1511 est,
352 1474 445 1514 quasi
467 1473 537 1514 ipse
560 1474 622 1505 sibi
638 1483 674 1505 ea
696 1477 868 1514 seponeret
889 1475 1057 1512 narranda,
1075 1475 1131 1506 scd
1160 1475 1352 1514 generatim,
1367 1475 1440 1506 aliis
1464 1484 1500 1506 ea
1522 1475 1733 1514 scriptoribus

113 1523 280 1555 materiam
296 1522 422 1554 dicendi
440 1523 622 1562 prasbitura.

154 1585 208 1614 Vl.
232 1584 316 1623 Ergo
339 1584 398 1614 tria
418 1583 622 1623 potissimum
651 1583 746 1621 bella,
773 1583 944 1620 Creticum,
970 1583 1161 1619 Asiaticum.
1192 1584 1375 1619 Russicum,
1399 1582 1605 1614 formidolosa
1629 1586 1728 1622 atque

113 1631 268 1668 difﬁcilia,
285 1632 453 1662 scribenda
470 1632 533 1663 sibi
549 1633 699 1672 sumpsit,
715 1632 895 1672 afferreque
911 1633 1020 1663 lumen
1042 1632 1142 1663 voluit
1161 1633 1257 1663 rebus
1275 1640 1330 1662 sua
1343 1635 1433 1662 mtate
1450 1631 1520 1670 (959
1537 1647 1574 1653 -
1587 1631 1657 1669 9'15)
1675 1639 1733 1670 ge-

112 1680 185 1711 stis.
201 1680 261 1711 Sed
278 1683 490 1720 estmagnum
508 1689 628 1712 munus
644 1681 789 1718 historia,
814 1685 844 1712 et
861 1690 899 1712 ex
914 1680 1002 1711 omni
1022 1680 1191 1720 aCriptura)
1213 1688 1331 1720 genere
1347 1687 1445 1719 prope
1464 1679 1566 1710 dicam
1583 1678 1734 1709 difﬁcilli-

114 1736 218 1759 mum.
237 1728 317 1759 Sunt
339 1728 516 1768 unicuique
532 1728 651 1760 saeculo
677 1737 745 1759 sua;
769 1729 923 1760 caacitates
949 1729 1066 1759 mentis
1096 1738 1104 1758 :
1130 1734 1176 1762 ut.
1193 1728 1340 1768 quamvis
1369 1732 1478 1758 uetera
1508 1727 1630 1758 ratione
1652 1732 1734 1757 recta

108 1776 245 1815 judieet,
264 1775 298 1806 in
313 1775 504 1815 quibusdam
522 1779 628 1807 tamen
645 1777 763 1808 erroris
782 1780 877 1815 atque
896 1776 1103 1808 hebetudinis
1124 1777 1167 1808 sit
1181 1776 1474 1808 condemnandum.
1493 1774 1651 1806 Inﬁnitam
1670 1774 1733 1804 vim

112 1823 232 1854 habent
262 1823 448 1862 religiones.
474 1823 635 1862 instituta,
679 1824 846 1860 factiones,
872 1829 966 1855 sectae
984 1835 992 1854 :
1009 1833 1073 1855 non
1096 1825 1197 1863 [XIX]
1228 1833 1293 1856 uno
1321 1825 1416 1855 modo
1437 1822 1617 1863 praestringi
1648 1823 1732 1853 acies

113 1871 233 1902 mentis
248 1870 331 1902 solet
349 1871 475 1902 saeculis
493 1871 588 1902 cultis
604 1875 635 1903 et
654 1872 803 1908 eruditis,
822 1872 940 1903 nedum
971 1866 1095 1912 asperis
1113 1877 1142 1903 et
1159 1872 1384 1904 tenebricosis.
1404 1872 1546 1907 Accedit,
1567 1877 1599 1902 ut
1615 1870 1733 1900 Leonis

112 1923 190 1950 astas
205 1919 425 1958 eloquentiam
451 1924 585 1958 poneret
600 1921 634 1950 in
657 1920 782 1957 ﬂorida,
798 1924 831 1950 ut
854 1920 898 1950 ita
912 1920 1179 1956 dicam.oratione
1195 1929 1290 1952 zeum
1312 1927 1458 1959 magnam
1482 1928 1515 1949 se
1542 1918 1683 1958 quisque
1700 1918 1733 1947 in

111 1966 251 1997 dicendo
278 1966 405 1997 laudem
427 1967 577 2006 adeptum
610 1971 748 2007 putaret,
772 1967 812 2005 si,
841 1967 941 1998 multa
970 1968 1140 1998 acervatim
1168 1967 1356 2006 complexus
1380 1971 1578 2002 ornamenta,
1603 1965 1735 2004 poetitae

112 2014 268 2045 dictionis
289 2014 494 2045 aemulatione
519 2016 749 2053 grandioribus
771 2015 888 2052 verbis,
908 2019 939 2046 et
961 2015 1061 2053 duris,
1080 2024 1120 2046 ne
1142 2015 1263 2055 ineptis
1289 2015 1405 2051 dicam,
1426 2013 1622 2052 metaphoris
1649 2017 1734 2042 esset.

114 2070 206 2092 usus.
226 2062 332 2101 Atque
359 2062 444 2092 haud
461 2061 527 2093 scio
542 2070 649 2094 annon
671 2063 845 2102 quidquam
870 2063 970 2101 magis
985 2063 1130 2094 historia;
1153 2063 1280 2100 officiat,
1301 2071 1396 2102 quam
1421 2061 1547 2092 fucatus
1571 2060 1732 2100 ejusmodi

114 2112 185 2142 sine
208 2111 363 2150 dignitate
391 2111 479 2142 color
495 2124 502 2142 :
520 2113 648 2152 quando
671 2112 715 2143 ita
734 2112 836 2142 nimio
859 2111 1113 2142 calamistrorum
1140 2120 1201 2142 usu
1226 2110 1345 2142 incedit
1362 2109 1476 2146 oratio,
1492 2114 1527 2140 ut
1542 2112 1573 2139 et
1589 2109 1733 2139 sermoni

114 2159 205 2199 lepos
219 2159 326 2190 omnis
340 2159 511 2196 adimatur,
528 2164 560 2190 et
576 2169 683 2190 rerum
710 2159 905 2199 expositioni
926 2159 1014 2190 ﬁdes.
1035 2159 1066 2190 Id
1093 2159 1208 2190 vitium
1233 2159 1309 2195 Leo,
1330 2157 1454 2189 tametsi
1472 2165 1536 2188 non
1552 2156 1632 2188 adeo
1647 2156 1735 2186 insa-

114 2207 180 2237 niat
194 2215 291 2246 quam
311 2207 570 2247 TheOphylactus
594 2208 765 2239 Simocatta
787 2211 839 2238 aut
856 2207 980 2238 Nicetes
1001 2207 1171 2238 Choniates
1193 2207 1239 2247 (in
1265 2206 1466 2238 orationibus
1483 2204 1660 2245 praecipue,
1679 2203 1734 2234 ubi

113 2254 305 2293 cumprimis
322 2255 459 2294 cupiunt
484 2255 596 2286 diserti
615 2255 742 2295 videri),
760 2255 901 2295 effugere
932 2259 1038 2286 tamen
1063 2256 1152 2286 omni
1178 2265 1217 2286 ex
1248 2259 1335 2295 parte
1352 2263 1416 2286 non
1434 2254 1547 2293 potuit,
1565 2252 1735 2291 felicisque

112 2303 249 2333 fax-tasse
267 2301 388 2341 ingenii
419 2311 549 2333 cursum
577 2302 830 2342 Oppressitillud
853 2307 1003 2342 tanquam
1030 2303 1164 2343 adipata)
1192 2303 1343 2334 dictionis
1368 2302 1523 2333 studium.
1548 2301 1695 2339 Cumque
1715 2307 1732 2329 a

113 2350 196 2381 Divo
210 2350 308 2386 Julio,
326 2351 431 2389 primo
448 2351 492 2381 De
520 2350 676 2390 analogia,
694 2351 814 2382 dictum
833 2351 886 2387 sit,
911 2354 1062 2389 tanquam
1083 2351 1254 2390 sc0pulum
1280 2351 1327 2381 sic
1341 2350 1531 2390 fugiendum
1554 2348 1735 2379 inauditum

112 2402 210 2437 atque
239 2397 384 2429 insolens
411 2398 543 2429 verbum
574 2407 655 2435 esse,
682 2399 746 2430 Leo
778 2403 887 2430 contra
912 2399 1004 2438 quasi
1033 2401 1186 2439 quasdam
1215 2403 1324 2430 cautes
1362 2399 1549 2429 reformidat
1579 2396 1736 2427 vecabula

113 2447 231 2477 idonea
248 2449 279 2476 et
307 2446 434 2477 usitata.
453 2447 570 2477 Vocem
599 2450 713 2486 ἀδελφὸς
739 2455 808 2478 raro
835 2456 867 2477 us

986 2459 993 2477 :
1011 2448 1206 2478 creberrime
1233 2452 1413 2486 αὺτάδελφος,
1437 2451 1575 2486 ὁμαίμων,
1595 2449 1735 2482 σύναιμος.

113 2498 205 2532 Πέλω,
220 2497 321 2525 τελέσω
331 2494 378 2535 (ut
390 2498 475 2525 certe
488 2495 601 2534 scripsi
613 2495 676 2535 90),
687 2500 782 2532 τελέω,
799 2500 867 2535 find;

982 2507 1051 2536 φῃνα
1066 2496 1126 2537 (60,
1139 2497 1200 2535 93),
1212 2502 1330 2535 πέφυκα,
1348 2499 1520 2536 χρηματίζοι,
1533 2494 1580 2524 vel
1594 2491 1736 2532 quidvis,

114 2543 224 2583 potius
239 2542 369 2574 adhibet
384 2552 480 2583 quam
493 2550 564 2584 εἰμί’
579 2549 772 2584 ἀκουτεξομαι,
787 2549 868 2583 διενης

980 2548 1107 2581 ενωτίζω,
1128 2546 1248 2578 ὲνωτίζω
1263 2545 1370 2583 potius
1385 2551 1480 2582 quant
1495 2545 1599 2572 ἀκούω.
1614 2540 1734 2570 Passim

113 2599 249 2631 quoque
278 2591 385 2622 verbis
405 2594 541 2624 vetustis
566 2603 582 2624 e
600 2593 771 2632 poetisque
798 2594 900 2623 erutis
928 2593 1105 2624 oralionem
1131 2595 1282 2631 tanquam
1303 2591 1406 2622 stellis
1435 2591 1481 2629 (ut
1508 2588 1571 2619 sibi
1598 2587 1736 2625 videtur)

112 2643 217 2670 ornat.
256 2645 407 2679 ’Υπιωγαῖς
433 2645 478 2678 22,
502 2642 639 2681 arripuit
664 2650 702 2672 ex
726 2641 866 2680 Odyssea

981 2641 1034 2676 0’4,
1060 2640 1115 2671 ubi
1145 2648 1232 2670 nunc
1256 2639 1395 2679 legimus
1419 2642 1547 2676 ἐπιωγαὶ-
1564 2640 1654 2671 Νέων,
1680 2643 1735 2664 υα‹

112 2688 201 2724 dens,
219 2690 272 2727 27,
299 2699 316 2721 e
334 2691 541 2730 grammatico
568 2689 691 2730 aliquo,
712 2689 828 2729 Opinor
853 2688 931 2729 (vid.
949 2687 1265 2728 perspicacissimum
1292 2688 1407 2718 Grmcae
1424 2683 1630 2726 praprietatis
1646 2682 1734 2713 arbi-

112 2741 199 2768 trum
213 2738 300 2769 Prid.
316 2739 399 2777 Aug.
415 2738 516 2769 Wolf.
529 2738 709 2778 Prolegom.
729 2738 783 2775 1V,
802 2738 850 2778 18)
871 2748 878 2768 :
896 2736 958 2768 nisi
978 2736 1023 2767 ibi
1037 2736 1122 2767 dicas
1138 2739 1206 2767 νεὼν
1225 2735 1410 2775 legendum,
1432 2734 1567 2774 ejusque
1592 2733 1733 2772 glossam

145 2819 153 2828 '
166 2819 278 2851 Numeri,
292 2820 333 2845 hic
344 2824 371 2846 et
390 2820 459 2850 infra,
473 2820 573 2852 paginas
585 2819 644 2844 edit.
664 2820 740 2845 Paris.
756 2819 873 2850 prittt‘ipis
891 2826 965 2851 rrpra
973 2820 1081 2846 sontant,
1105 2825 1168 2848 quas
1183 2819 1250 2843 inter
1272 2823 1348 2843 uncos
1367 2818 1392 2843 in
1413 2815 1591 2872 ιωὲἓὲνέξᾷ
1603 2812 1736 2844 posuimus.
