1910 3073
204 126 260 158 643
816 125 846 154 C.
867 125 900 153 Β.
920 125 958 154 ΗΑ

1072 125 1253 156 RIEFATIO.
1543 158 1547 160 _
1774 128 1822 160 644

200 193 272 214 esse
294 187 454 222 ἐκκλησίαν,
474 184 634 214 ειίςὶιιῖςδο
659 187 764 214 autem
782 187 954 222 ἀφικόμενος,

1065 184 1104 214 ile
1128 184 1263 224 aliquid.
1283 187 1393 223 ὀχθος,
1409 188 1454 219 3-2,
1470 173 1709 224 significatione
1735 187 1819 226 ripa.

202 240 307 262 rarum
332 235 391 268 est,
426 231 472 261 vel
510 232 593 270 apud
623 236 742 269 poetas.
769 231 909 261 Verbum
947 239 956 262 ί

1067 238 1127 260 :um
1167 234 1310 269 προσέπω,
1329 230 1415 260 unde
1444 236 1618 269 προσειπεῖν,
1653 231 1752 264 habet
1776 234 1821 264 99.

199 281 258 311 Sed
282 279 355 310 nolo
375 279 498 309 multus
516 280 616 310 videri
635 281 666 310 in
686 287 830 318 re'quam
849 279 933 308 inter
950 277 1120 316 legendum
1135 279 1362 317 unusquisque
1377 277 1470 310 facile
1487 288 1544 318 per
1563 287 1597 310 se
1616 280 1752 311 netabit.

240 337 308 366 VII.
340 336 437 367 Aliud
468 337 585 366 Leonis
616 337 732 367 vilium
768 340 1083 375 estsynonymorum
1105 343 1185 365 vana
1211 335 1436 366 accumulatio.
1471 335 1582 367 Sicubi
1610 337 1823 372 σοϐαρευόμενος

200 385 329 423 scripsit
356 385 430 424 (l3),
463 394 504 416 ne
524 394 633 423 parum
663 385 761 415 multa
779 385 873 414 verba
898 385 998 414 scisse
1016 383 1181 418 videatur,
1203 383 1357 414 continuo
1374 388 1404 414 et
1433 385 1624 420 γαυρούμενος
1649 387 1822 426 subjungit,

200 439 231 464 et
245 434 430 467 ἐπαιρόμενός
443 442 473 459 τε
491 434 537 460 καὶ
550 433 758 468 βρενθυόμενος.
781 434 832 463 Sic
846 433 951 472 singul

1067 439 1093 460 te
1110 430 1246 474 paginis.
1266 430 1430 469 Ejusmodi
1459 432 1644 472 tautologiis
1671 435 1821 464 cumulati

201 488 276 512 sunt
293 482 463 520 Byzantini
488 491 600 512 omnes
627 482 723 512 medii
744 482 801 511 invi
823 491 832 511 :
850 490 908 511 nec
929 481 992 510 nisi
1011 484 1153 518 tempore
1169 479 1420 518 Palmologorum
1437 481 1476 511 ab
1492 481 1671 512 acrioribus
1688 482 1825 521 ingeniis

204 531 373 560 Demetrio
389 531 547 569 Cydonio,
564 531 649 568 [XX]
664 529 867 568 Cbrysolora,
887 528 1056 558 Theodoro
1074 528 1167 563 Gaza,
1185 527 1412 566 Chalcondyla,
1432 528 1463 558 id
1476 537 1580 567 genus
1592 530 1722 560 dicendi
1736 539 1824 569 spre-

202 581 269 608 tum
287 583 332 608 est
350 587 384 608 ac
400 578 579 616 repulsum.
601 579 700 608 Simul
721 578 816 608 iidem
843 577 938 616 primi
965 580 1127 613 cmperunt
1153 575 1260 605 minus
1289 576 1451 607 serviliter
1475 581 1618 607 veterum
1643 578 1766 616 stylum
1791 587 1824 609 ac

202 626 365 656 scribendi
398 627 555 656 rationem
579 626 711 657 imitari.
729 627 805 656 Nam
823 629 907 661 ante,
936 624 1034 655 veluti
1061 627 1206 654 emortua
1223 622 1346 661 lingua,
1366 623 1429 654 sibi
1459 623 1521 662 ipsi
1545 625 1735 655 difﬁdebant
1763 626 1826 656 fere

202 682 332 705 omnes:
349 679 478 705 eterant
494 679 643 713 tanquam
662 674 804 704 anniculi
821 673 970 707 infantes,
988 671 1042 711 qui
1060 671 1190 702 nonnisi
1208 672 1242 701 in
1258 671 1433 707 curriculo,
1463 676 1518 702 aut
1540 678 1705 712 praeeunte
1736 675 1825 709 duce,

202 722 416 754 inambulant.
437 724 503 753 Non
522 732 696 762 perennem
714 732 749 753 ac
766 725 951 761 perpetuam
972 725 1036 751 tum
1056 718 1257 758 simplicium
1282 723 1348 748 tum
1365 719 1592 750 collocatorum
1613 722 1783 752 verborum
1799 727 1827 752 et

204 770 303 799 totius
318 775 488 801 structurae
502 771 749 801 concinnitatem
772 777 1012 807 numerumque
1029 768 1275 804 (simulabantur,
1292 776 1355 797 non
1375 767 1472 808 (quod
1489 773 1584 808 caput
1608 771 1686 810 erat)
1704 771 1826 800 animos

204 823 324 847 erectos
342 823 484 849 veterum
506 829 512 848 :
535 819 589 849 scd
618 818 645 848 si
675 827 756 858 quos
788 819 1015 850 existimabant
1030 817 1210 847 imitatione
1229 817 1357 855 dignos,
1378 826 1489 847 eorum
1517 818 1652 857 phrases
1684 820 1827 858 undique

203 872 345 904 arreptas
361 867 398 895 ad
418 867 547 896 verbum
573 866 804 897 transferebant
826 868 856 897 in
875 865 1001 905 propria
1019 865 1147 903 scripta.
1167 866 1278 903 Neque
1294 864 1358 894 alio
1375 870 1464 903 pacto
1483 867 1544 895 Leo
1560 866 1637 905 egit.
1654 867 1828 898 Verumta-

205 920 276 942 men
296 913 379 942 inter
393 922 466 942 eum
481 919 511 944 et
530 915 672 953 reqnales
689 915 795 953 ipsius
812 915 891 944 illud
910 914 1055 949 interest,
1069 912 1155 951 quod
1171 912 1217 947 lii,
1238 916 1394 950 quantum
1417 917 1565 952 possent,
1582 922 1695 944 omnes
1718 924 1829 954 prope‘

203 961 334 990 modum
365 961 512 991 omnium
541 966 708 992 auctorum
742 963 903 993 nobilium
936 965 1164 992 consumerent
1190 960 1314 990 arculas
1346 960 1516 997 imitando,
1545 962 1662 992 Leonis
1678 971 1786 993 sermo
1813 972 1828 993 e

204 1008 306 1038 tribus
322 1009 452 1038 demum
472 1009 617 1040 fontibus
633 1009 776 1046 ﬂuxerit,
798 1019 834 1040 ex
862 1010 1011 1040 versione
1029 1010 1115 1040 LXX
1142 1009 1355 1046 lnterprelum
1373 1009 1485 1047 (libros
1507 1010 1584 1039 Novi
1604 1011 1746 1041 Fmderis
1769 1011 1826 1042 mi-

203 1064 264 1086 nus
293 1058 405 1086 crebro
434 1058 610 1096 compilat),
629 1067 668 1089 ex
688 1058 841 1094 Homero,
859 1067 898 1089 ex
915 1057 1047 1097 Agathia
1070 1056 1259 1096 .\l_vrinensi.
1276 1056 1353 1086 Inde
1391 1057 1531 1095 piscatus
1560 1062 1607 1088 est
1635 1058 1828 1094 locutiones,

204 1105 323 1144 quibus
341 1106 458 1144 Scripta
478 1105 608 1137 infercit
638 1110 669 1137 et
696 1107 804 1145 explet
833 1115 902 1142 sua,
939 1111 1087 1144 tanquam
1116 1105 1146 1134 in
1166 1112 1265 1134 unum
1285 1112 1395 1142 agrum
1412 1105 1502 1143 plura
1521 1106 1604 1136 inter
1633 1115 1668 1137 sc
1698 1106 1828 1138 inimica

206 1161 360 1191 spargens
376 1153 512 1184 semina.
529 1155 588 1184 Sed
606 1163 670 1185 non
698 1155 796 1185 refert
812 1154 918 1185 alieno
941 1156 1056 1184 ornatu
1074 1151 1276 1190 distinguere
1294 1159 1490 1187 Sermonem.
1513 1153 1576 1183 nisi
1594 1163 1694 1192 queas
1711 1155 1742 1185 id
1758 1164 1828 1185 cum

201 1200 327 1239 judicio
343 1205 481 1240 apteque
490 1201 595 1232 facere
618 1214 624 1232 :
647 1202 822 1241 minusque
834 1209 936 1241 genus
953 1200 1081 1231 dicendi
1104 1199 1173 1237 ejus
1191 1199 1354 1229 videretur
1371 1200 1613 1236 inconcinnum,
1629 1201 1670 1238 si,
1683 1202 1828 1241 deposito

203 1249 291 1279 omni
313 1249 485 1280 rhetorices
498 1250 647 1290 strepitu,
662 1250 863 1282 Constantini
881 1249 1173 1289 Porpbyrogenelaa
1188 1246 1336 1285 exemplo
1354 1247 1402 1277 vel
1418 1248 1455 1278 ad
1482 1247 1599 1279 infimae
1626 1249 1731 1288 plebis
1757 1259 1829 1281 ora-

205 1297 324 1328 tionem
343 1298 403 1327 Leo
418 1306 490 1328 sese
501 1298 681 1337 dcjecisset.
700 1299 730 1329 Is
746 1303 853 1330 contra
880 1297 1026 1337 Agathia,
1055 1295 1147 1334 cujus
1179 1294 1497 1333 grandiloquentiam
1512 1299 1542 1327 et
1558 1298 1753 1328 cothurnum
1781 1299 1830 1328 vix

204 1354 292 1376 nunc
320 1345 470 1382 ferimus,
502 1347 630 1377 videtur
661 1347 823 1386 prwcipue
844 1347 1031 1377 delectatus.
1051 1343 1119 1372 Hoc
1149 1342 1365 1373 demonstravi
1397 1343 1502 1374 allatis
1534 1344 1568 1374 in
1593 1345 1830 1376 Commentario

204 1393 403 1432 (velut‘ZOti’)
425 1393 514 1423 illius
532 1393 699 1430 locis,non
717 1394 838 1433 ubique
860 1397 1062 1423 tamenznam
1076 1391 1182 1422 omnia
1197 1391 1329 1422 minima
1344 1392 1481 1423 maxima
1495 1393 1628 1433 vestigia
1642 1394 1831 1426 imitationis

206 1440 360 1478 colligere
391 1442 538 1479 putidum
556 1445 623 1472 crat
652 1451 709 1472 nec
725 1443 922 1472 conducebat
939 1440 1116 1479 quidquam
1136 1440 1172 1470 ad
1195 1440 1334 1470 auctoris
1349 1448 1420 1471 cum
1441 1440 1735 1480 interpretationem
1766 1447 1831 1473 tum

207 1488 508 1519 emendationem.E
532 1490 699 1528 Procopio,
713 1490 878 1529 jejuniore
906 1489 989 1529 stylo
1006 1497 1055 1518 res
1081 1491 1242 1522 tractante,
1264 1488 1344 1517 nihil
1381 1488 1508 1518 videtur
1522 1490 1702 1527 sumpsisse
1718 1496 1833 1529 prretcr

207 1535 415 1565 sententiolas
431 1537 597 1574 quasdam,
614 1537 747 1568 exordio
762 1541 793 1567 et
809 1537 1012 1567 orationibus
1032 1535 1149 1574 passim
1176 1535 1325 1565 insertas.
1348 1536 1459 1575 Neque
1479 1545 1615 1575 usquam
1636 1537 1702 1568 ullo
1729 1539 1829 1568 vesti-

204 1583 257 1622 gio
269 1583 511 1622 deprehendere
530 1584 615 1621 licet,
636 1585 806 1624 primarios
825 1586 997 1624 scriptores
1014 1583 1268 1622 :Thucydidem,
1292 1583 1475 1623 Polybium,
1494 1585 1712 1621 Plutarchum,
1737 1587 1777 1616 ab
1795 1596 1833 1617 eo

208 1640 279 1662 esse
305 1633 534 1670 pervolutatos.
561 1633 715 1663 Prmtcrea
740 1632 883 1671 reperies
910 1633 943 1663 in
963 1641 1001 1663 eo
1029 1633 1221 1672 plerumque
1243 1635 1365 1668 τοιοῦτος
1384 1634 1544 1671 positum,
1564 1634 1620 1664 ubi
1642 1635 1737 1664 Attici
1756 1636 1833 1667 οὗτος

207 1680 589 1718 scripsissent.Similiter
601 1690 695 1712 usum
710 1681 943 1711 creberrimum
963 1681 1198 1719 prmpositionis
1213 1686 1284 1712 κατὰ
1300 1689 1357 1720 pro
1373 1685 1413 1710 ἐν’
1431 1682 1530 1718 velut,
1542 1687 1576 1712 ut
1592 1683 1651 1714 lioc
1671 1684 1831 1718 utar,103,

208 1733 264 1763 τοῖς
274 1733 344 1760 κατὰ
351 1733 400 1767 τὴν
418 1733 511 1759 Ἀσίαν
524 1734 711 1765 στασιάζωσι,
721 1729 944 1760 rebellantibus
959 1740 962 1758 1

1083 1729 1218 1759 .Vcrum
1229 1729 1294 1760 hinc
1307 1729 1335 1759 ei
1353 1731 1535 1760 communia
1549 1739 1622 1761 cum
1636 1732 1757 1762 caeteris
1775 1732 1833 1770 By-

207 1779 357 1811 zantiuis.
374 1779 453 1809 illud
484 1777 657 1816 peculiare,
690 1786 808 1817 ponere
838 1777 1034 1807 inﬁnitivum
1057 1777 1171 1814 futuri,
1204 1779 1257 1809 ubi
1275 1778 1385 1808 aoristi
1406 1780 1454 1809 vel
1467 1781 1633 1818 praesentis
1652 1785 1831 1819 expectes,

205 1828 366 1868 praecipue
386 1830 455 1865 post
477 1829 621 1864 3x15125011
647 1827 749 1863 [XXI]
769 1825 816 1866 (ut
840 1825 890 1861 23,
910 1825 959 1865 25)

1078 1827 1138 1863 ide,
1162 1827 1246 1856 ide-:1
1276 1827 1480 1865 vocabulum,
1512 1828 1635 1869 aliquot
1663 1829 1760 1860 lineis
1785 1829 1832 1859 in-

208 1876 362 1916 terjeciis,
384 1875 522 1905 libenter
541 1874 663 1904 iterari.
1573 1899 1581 1922 ⁸
1605 1903 1610 1905 _

247 1937 326 1967 Vili.
345 1935 431 1971 Dixi,
449 1935 657 1966 criminosius
674 1935 819 1969 fortasse.
843 1944 960 1975 quaem
979 1936 1081 1966 Leone
1104 1936 1211 1975 culpet
1228 1935 1347 1975 aliquis
1365 1949 1372 1967 :
1391 1946 1449 1968 nec
1466 1937 1607 1977 profecto
1620 1946 1680 1978 ego
1701 1939 1729 1970 is
1747 1948 1830 1976 sum,

210 1985 266 2024 qui
297 1985 408 2015 laudes
438 1983 604 2022 scriptoris
634 1983 830 2021 cujuspiam,
861 1984 913 2014 cui
949 1983 1140 2020 studuerim,
1171 1984 1243 2022 plus
1269 1993 1364 2024 quam
1390 1986 1467 2016 satis
1486 1986 1527 2017 sit
1544 1987 1723 2018 decentem.
1743 1989 1833 2018 Nunc

205 2042 334 2072 capitum
352 2035 409 2067 est,
426 2040 499 2070 qua)
517 2033 556 2061 ab
576 2030 634 2060 illo
658 2031 788 2066 faciant,
812 2031 888 2062 item
923 2040 1124 2062 enumerare.
1147 2033 1191 2062 Ac
1210 2032 1313 2071 primo
1345 2033 1476 2072 quidem
1495 2042 1609 2072 magna
1636 2039 1685 2066 est
1715 2036 1833 2066 Leonis

205 2079 453 2115 commendatio,
471 2079 557 2118 quod
578 2087 650 2118 quae
671 2079 738 2117 ipse
757 2079 872 2110 viderit
890 2079 1004 2110 litteris
1024 2079 1195 2114 inandavit.
1227 2080 1459 2120 haben-iusque
1487 2086 1534 2112 est
1559 2083 1645 2113 inter
1659 2083 1833 2122 scriptores

207 2129 292 2165 illos,
310 2129 396 2158 unde
413 2127 482 2163 alii,
501 2127 555 2165 qui
575 2127 734 2165 posterius
751 2126 897 2162 fuerunt,
912 2127 1003 2166 quasi
1021 2136 1037 2157 e
1054 2127 1141 2158 fonte
1161 2127 1330 2167 capiteque
1351 2129 1551 2160 narrationes
1567 2139 1675 2161 rerum
1690 2132 1833 2162 deduxe-

208 2181 294 2207 runt.
311 2176 362 2206 Sic
399 2175 569 2213 Scylitzem
594 2179 775 2205 mutuatum
804 2184 874 2206 esse
904 2177 943 2206 ab
972 2176 1078 2206 Leone
1107 2175 1205 2206 multa
1225 2176 1442 2207 demonstravi
1468 2178 1501 2208 in
1520 2179 1663 2209 notisza
1695 2180 1833 2218 Scylitze

207 2230 314 2254 autem
336 2223 444 2253 omnia
463 2222 597 2253 minima
615 2224 753 2254 maxima
769 2224 947 2262 sumpsisse
964 2223 1144 2254 Ccdrenum
1172 2229 1282 2254 notum
1305 2229 1364 2256 est.
1382 2227 1534 2256 Zonaram
1560 2227 1635 2257 item
1648 2236 1745 2258 usum
1763 2237 1831 2258 8556

207 2269 346 2303 Historia
362 2271 478 2301 Leonis
494 2271 632 2301 arbitror
656 2281 662 2302 :
683 2273 745 2302 vid.
764 2273 905 2310 Ducang.
930 2273 967 2302 ad
988 2272 1101 2302 Zonar.
1116 2272 1157 2310 ll,
1177 2274 1244 2303 107.
1267 2273 1398 2312 Pagium
1428 2283 1558 2313 quoque
1572 2284 1611 2305 ex
1637 2279 1748 2306 nostro
1769 2285 1832 2306 non

210 2328 307 2360 pauca
327 2319 474 2350 videmus
490 2319 692 2355 emendasse,
709 2329 726 2350 a
743 2320 978 2350 recentioribus
1003 2320 1036 2350 in
1065 2319 1186 2350 ratione
1203 2325 1382 2360 temporum
1413 2324 1613 2353 conturbata.
1640 2323 1684 2353 ita
1709 2325 1750 2354 ab
1778 2324 1833 2354 hac

211 2373 296 2408 parte
311 2376 375 2398 non
400 2367 576 2406 injucunda
607 2368 667 2398 erit
697 2368 854 2398 studiosis
883 2368 1109 2408 liisloricisque
1135 2369 1324 2400 hominibus
1337 2371 1533 2410 comparatio
1548 2371 1716 2411 scriptoris
1731 2373 1832 2403 nostri

210 2425 281 2447 cum
300 2415 436 2455 reliquis
468 2416 524 2454 qui
564 2417 675 2446 eadem
709 2416 920 2447 tradiderunt.
950 2418 1060 2455 Neque
1091 2422 1184 2456 neget
1204 2418 1389 2457 quisquam,
1408 2427 1458 2449 res
1476 2424 1546 2458 post
1562 2420 1687 2450 obitum
1698 2421 1832 2451 Romani

207 2462 353 2494 Junioris
367 2462 401 2492 in
419 2462 492 2492 aula
504 2465 608 2500 gestas
626 2462 676 2501 (19
695 2462 769 2501 sq.),
788 2463 1000 2494 rebellionem
1030 2465 1147 2495 Leonis
1182 2466 1382 2504 Curopalatae
1398 2467 1471 2506 (90),
1490 2467 1572 2498 bella
1589 2468 1759 2499 'l‘zimiscae
1781 2477 1832 2507 per

209 2511 372 2541 Orientem
391 2509 441 2550 (98
455 2510 540 2548 sqq.)
555 2510 723 2540 commode
742 2511 781 2540 ab
797 2511 852 2541 illo
868 2512 998 2550 exponi,
1020 2512 1139 2543 bellum
1164 2513 1533 2552 Sithenilosthlabiauum
1562 2517 1635 2546 fuse
1651 2526 1783 2557 quoque
1799 2526 1831 2547 ac

207 2558 389 2598 diligenter.
407 2559 451 2587 De
468 2558 648 2597 Nicephoro
667 2558 800 2597 perjurii
820 2567 885 2594 rco,
903 2560 953 2594 25,
970 2561 1046 2591 satis
1064 2570 1176 2601 magna
1191 2562 1347 2599 libertate,
1363 2564 1402 2594 de
1415 2564 1574 2595 Tzimisce
1586 2564 1682 2605 hujus
1699 2574 1830 2605 percus-

207 2614 279 2637 sore
299 2612 410 2636 severe
431 2609 461 2636 et
475 2604 601 2636 fortiter
628 2606 768 2646 scripsit,
793 2611 827 2638 ut
846 2607 1009 2638 hominem
1039 2610 1115 2640 recti
1134 2609 1328 2650 honestique
1345 2611 1528 2643 studiosum
1559 2613 1652 2644 facile
1666 2604 1829 2653 agnoscas.

208 2654 356 2694 Denique
375 2654 528 2690 Leonem,
560 2655 762 2694 temporibus
779 2656 907 2686 miseris
923 2660 952 2685 et
968 2657 1058 2688 cmcis
1073 2657 1111 2688 ad
1139 2657 1306 2689 historiam
1326 2669 1360 2690 se
1372 2660 1603 2698 conferentem,
1622 2661 1736 2701 inique
1748 2670 1831 2692 com-

209 2710 300 2741 pares
323 2709 394 2732 cum
414 2702 715 2741 pronuntiatoribus
736 2713 843 2735 rerum
860 2709 1022 2744 gestarum
1039 2706 1173 2737 ﬂorente
1191 2707 1312 2738 Graecia
1325 2730 1333 2745 ,
1351 2709 1407 2748 qui
1420 2731 1428 2745 ,
1446 2710 1645 2740 curriculum
1663 2710 1746 2741 nacti
1763 2710 1831 2741 feli-

208 2749 290 2786 cius,
306 2758 403 2780 aurea
425 2750 581 2782 orationis
596 2751 747 2783 facultate
767 2751 829 2789 usi,
848 2752 905 2783 toti
923 2756 1077 2783 terrarum
1095 2752 1164 2782 orbi
1184 2758 1280 2793 atque
1297 2754 1451 2785 omnibus
1474 2754 1605 2786 szeculis
1635 2755 1830 2795 cognitionis

209 2801 240 2828 et
255 2798 449 2836 eloquentiae
472 2799 649 2830 clarissima
680 2800 803 2831 lumina
832 2801 1007 2833 accendere
1032 2805 1220 2836 potuerunt.
1245 2803 1358 2833 Noster
1381 2803 1517 2841 judicio,
1540 2804 1697 2836 doctrina.
1714 2811 1829 2841 genere

217 2887 225 2892 ‘
263 2856 324 2881 Vide
335 2853 441 2882 indicem
459 2858 484 2882 ν’
493 2859 614 2889 Agat/tim.
630 2860 695 2885 Enn.
711 2861 785 2886 Pun.
