1910 3073
123 119 181 152 645
734 120 766 150 C.
787 120 820 150 B.
841 119 877 148 II:

1005 118 1175 149 LEFA'E‘IO.
1707 119 1759 151 646

128 177 274 214 dicendi,
290 177 475 217 exprimere
493 175 606 208 debuit
624 179 803 216 temporum
824 183 958 206 suorum
975 175 1163 214 imaginem.
1183 175 1396 215 Quapropter,
1417 175 1510 206 modo
1540 175 1645 206 lucem
1665 177 1760 208 addat

126 226 227 256 rebus
244 234 280 256 ea
296 229 388 257 aelate
406 225 504 264 gestis
521 225 619 265 (quod
639 225 782 265 profecto
798 223 896 263 facil),
909 223 1002 254 facile
1019 223 1161 254 feramus
1176 232 1250 253 eum
1278 223 1460 263 astrologiae
1474 224 1566 255 ﬁdem
1594 224 1759 262 habuisse,

127 274 199 310 103,
217 274 368 313 exiguam
385 274 589 313 geograpbiw
606 274 752 305 notitiam
769 273 916 312 prodere,
932 272 982 308 80,
997 271 1139 302 historiae
1154 272 1285 308 veteris,
1299 272 1347 302 92.
1361 273 1528 312 -—Polyhii
1546 281 1681 303 acumen
1701 274 1762 303 mi-

127 329 252 355 ramur.
271 321 434 352 Plutarchi
453 321 585 357 litteras,
602 321 726 361 copiam
747 321 925 352 Strabonis.
943 320 1006 356 Qui
1024 320 1101 350 tanti
1118 319 1177 350 viri
1196 323 1292 358 atque
1307 319 1395 354 tales,
1418 321 1578 359 praesidiis
1594 323 1765 360 sapit-mire

123 368 351 408 circumsepti,
373 369 401 399 si
417 378 545 400 errores
564 369 740 408 deponere,
760 368 869 407 lapsus
884 368 983 399 vitare
1000 376 1112 399 omnes
1131 376 1194 399 non
1219 372 1406 407 potuerunt,
1428 369 1501 408 quis
1522 374 1582 399 tam
1607 371 1696 401 rudis
1713 378 1761 400 est

125 420 314 456 temporum
334 417 601 457 Byzantinorum,
618 417 674 457 qui
691 418 830 447 Leonem
848 416 877 446 id
897 417 1040 454 potuisse
1060 419 1147 455 putet
1166 417 1179 446 τ

167 474 221 504 ΙΧ.
242 474 338 504 Hunc
352 474 465 513 igitur,
490 473 546 504 illa
574 474 694 504 virtute
723 473 885 509 historica,
916 481 1118 511 quaecunque
1133 476 1191 508 est,
1213 473 1392 511 prmditum,
1411 474 1527 512 [XXII]
1556 477 1762 507 conservavit

128 522 225 553 nobis
246 530 331 552 unus
346 522 480 552 omnino
496 523 594 553 codex
616 522 824 552 Bibliotheca;
839 521 957 560 Rogita,
977 521 1123 559 signatus
1155 521 1247 559 prius
1275 522 1364 556 2561,
1384 530 1469 551 nunc
1500 523 1589 558 1712,
1619 523 1695 553 olim
1729 526 1761 555 in

126 570 334 609 supellectile
352 570 504 602 litteraria
531 570 701 610 Raphaelis
718 570 860 601 Tricheti
889 570 932 600 du
951 570 1071 599 Fresne
1087 580 1093 599 :
1111 568 1168 608 qui
1199 569 1353 600 causidici
1387 569 1628 607 Burdigalensis
1659 572 1759 607 illius,

127 626 204 648 cum
241 626 357 658 magno
382 620 557 650 duceretur
579 619 735 650 librorum
756 618 1029 657 acquirendarum
1046 618 1164 652 studio,
1182 618 1354 656 Hispanias
1381 618 1572 658 Italiamque
1602 620 1700 650 semel
1732 624 1763 651 et

127 667 252 706 saepius
268 671 422 706 regnante
435 668 600 699 Ludovico
617 668 690 698 XIII
707 676 781 707 rege
801 665 1079 698 Christianissimo
1094 665 1141 695 sic
1157 666 1291 701 obierat,
1312 669 1357 703 ut,
1382 666 1536 705 inspectis
1567 667 1682 704 passim
1702 667 1760 698 ho-

128 715 258 745 minum
276 715 504 747 historicorum
521 716 674 752 librariis,
693 716 856 755 propriam
888 713 1114 745 bibliothecam
1146 714 1341 752 locup‘etare
1372 714 1446 744 inde
1479 719 1661 746 conaretur.
1678 717 1707 746 Is
1723 725 1763 747 ex

128 763 222 794 Italia
236 763 324 793 hunc
337 764 480 794 codicem
491 764 524 794 in
535 764 671 794 Galliam
680 763 871 804 deportavit,
884 766 1019 793 testante
1031 761 1223 792 Comheﬁsio
1240 761 1360 801 Origin.
1373 763 1541 800 Cpol.265.
1553 764 1674 794 Deinde
1688 773 1761 795 cum

129 811 193 841 vita
212 812 407 842 excessisset
424 812 605 849 Trichelus,
626 813 653 842 .I.
673 813 707 843 Β.
725 813 904 847 Colbertus,
926 810 1090 841 Ludovico
1119 810 1191 840 XIV
1225 811 1340 849 Magno
1360 811 1398 841 ab
1412 811 1535 841 intimis
1552 811 1698 842 consiliis
1730 817 1763 843 et

128 860 293 898 generalis
313 860 417 891 rorarii
436 861 625 896 moderator,
645 861 738 899 cujus
755 859 946 890 immortalis
963 859 1042 889 vivit
1061 858 1210 897 vivetque
1224 861 1263 889 ob
1281 859 1434 889 beneﬁcia
1451 859 1483 889 in
1497 859 1630 890 Galliam
1647 862 1761 892 collata

129 907 299 943 memoria,
318 909 397 938 emit
421 909 460 939 de
479 909 573 939 vid-ua
601 909 636 939 in
662 909 959 946 Bibliothecamque
979 907 1110 946 Regiam
1137 907 1248 937 intulit
1278 916 1372 937 omne
1403 907 1543 938 Tricheti
1570 908 1759 939 litterarium

127 956 399 986 instrumentum.
415 957 448 987 In
470 965 535 996 quo
567 959 657 987 erant
678 957 750 987 libri
766 955 913 995 impressi
928 964 1064 986 numero
1093 955 1237 994 plurimi,
1259 964 1333 986 mss.
1372 955 1476 986 Latini
1508 960 1537 986 ct
1571 957 1671 988 Italici
1690 958 1760 996 plus

128 1004 242 1034 minus
260 1004 405 1040 αὕτωοὶ
424 1005 492 1035 XL.
516 1006 626 1043 Itaque
641 1005 673 1034 in
690 1004 888 1034 Bibliotheca
907 1004 1032 1042 publica
1049 1004 1184 1034 collatus
1199 1004 1297 1034 codex
1317 1008 1437 1039 noster,
1466 1005 1650 1043 Ducangio,
1679 1007 1761 1037 Ban-

129 1051 235 1086 dinio,
253 1053 402 1092 reliquis,
435 1061 517 1091 quos
541 1053 640 1082 initio
666 1052 844 1086 nominavi,
868 1051 1021 1082 innotuit.
1047 1052 1177 1082 Constat
1201 1060 1275 1082 vero
1291 1051 1382 1082 foliis
1404 1052 1658 1084 membrauaceis
1689 1054 1760 1090 1:22,

130 1100 308 1131 chartaeeis
337 1105 420 1138 octo,
437 1102 607 1132 continens
638 1106 750 1140 praeter
775 1101 836 1131 alia
868 1100 1004 1130 minoris
1031 1101 1182 1130 momenti
1215 1100 1292 1137 (vid.
1311 1101 1407 1131 Catal.
1431 1102 1528 1132 Codd.
1547 1110 1623 1132 mss.
1641 1103 1759 1134 Grzccn

130 1148 214 1179 Bibl.
240 1149 316 1188 Reg.
344 1150 383 1186 II,
410 1149 480 1189 391)
505 1150 586 1180 illa:
610 1149 650 1190 1.)
668 1149 848 1180 Chronicon
866 1148 1026 1179 Simeonis
1054 1148 1238 1186 Logothetce
1259 1148 1396 1178 maxima
1425 1153 1512 1188 parte
1545 1150 1722 1185 ineditum,
1744 1160 1761 1181 a

130 1196 186 1227 fol.
208 1197 246 1227 18
259 1206 347 1227 verso
363 1198 400 1228 ad
426 1197 482 1228 fol.
498 1199 558 1228 272
575 1203 714 1231 rectum;
743 1197 787 1236 2.)
808 1197 923 1227 Leonis
945 1197 1076 1227 Diaconi
1096 1196 1284 1233 Historiam,
1310 1205 1384 1235 qua;
1409 1206 1494 1227 nunc
1519 1199 1636 1237 prodit,
1665 1207 1680 1228 a
1702 1199 1759 1230 fol.

130 1245 190 1274 272
209 1250 295 1275 recto
315 1246 353 1276 ad
368 1246 426 1276 322
442 1250 583 1280 rectum;
599 1247 630 1276 3.
651 1246 661 1284 )
680 1245 846 1276 Michaelis
864 1245 957 1276 Pselli
973 1245 1267 1283 Chronographiam
1288 1245 1381 1275 Ioniis
1399 1253 1533 1282 novem,
1554 1246 1628 1276 item
1653 1247 1762 1277 inedi-

134 1297 207 1326 Ia‘u.
224 1302 243 1323 θ
260 1293 312 1323 fol.
333 1295 392 1324 322
407 1300 492 1324 recto
509 1295 547 1325 ad
563 1295 623 1324 522
635 1299 765 1325 rectum.
783 1295 952 1324 Exaratum
971 1302 1042 1324 esse
1062 1292 1088 1322 si
1111 1293 1218 1323 minus
1243 1302 1285 1328 xi,
1305 1297 1332 1322 at
1353 1297 1438 1324 certe
1456 1303 1500 1324 xu
1515 1294 1634 1325 smculo
1660 1295 1762 1326 forma

134 1341 314 1372 litterarqu
332 1344 541 1379 demonstrat,
562 1342 644 1373 haud
662 1342 822 1373 absimilis
844 1342 893 1372 illi
909 1350 1004 1381 quarti
1034 1340 1301 1372 Montcfalconius
1331 1342 1466 1380 protulit
1493 1342 1643 1381 Palaeogr.
1661 1343 1764 1374 Grcam.

131 1389 210 1425 291,
243 1394 275 1419 n°
304 1391 370 1425 VII,
399 1394 434 1421 ut
458 1390 560 1430 igitur
585 1392 725 1422 nesciam
758 1390 836 1429 quid
857 1390 891 1421 in
920 1395 1059 1421 mentem
1087 1391 1210 1421 venerit
1231 1390 1471 1422 coniectoribus
1504 1392 1644 1430 Catalogi
1679 1392 1761 1423 Bibl.

131 1437 211 1476 Reg.
231 1437 270 1474 ll,
287 1438 358 1474 391,
374 1438 493 1472 dicere,
512 1447 585 1468 eum
602 1439 720 1469 saeculo
737 1439 862 1469 decimo
880 1439 995 1478 quinto
1011 1438 1113 1469 videri
1131 1438 1309 1477 scriptum:
1332 1438 1395 1468 nisi
1426 1438 1456 1468 id
1477 1438 1516 1469 de
1539 1439 1579 1469 iis
1608 1440 1763 1471 duntaxat

132 1484 310 1524 intelligas,
328 1495 401 1524 qum
416 1486 449 1517 in
465 1491 537 1517 octo
562 1487 650 1518 foliis
674 1487 848 1517 chartaceis
864 1487 901 1517 ad
932 1487 1049 1517 calcem
1074 1489 1210 1516 exstent.
1227 1487 1296 1524 Ipse
1319 1487 1432 1522 codex,
1451 1487 1576 1517 tametsi
1593 1496 1656 1518 non
1681 1489 1760 1518 adeo

133 1533 247 1563 multis
266 1533 424 1572 profunde
440 1534 616 1566 latentibus
636 1535 762 1565 mendis
779 1538 888 1571 scatet,
909 1535 1002 1565 habet
1020 1539 1123 1564 tamen
1142 1534 1303 1564 itacismos
1320 1538 1375 1570 tot,
1400 1538 1479 1573 quot
1504 1534 1537 1564 in
1568 1535 1660 1566 libris
1689 1545 1761 1566 szec.

133 1589 178 1610 xu
207 1581 361 1619 peraratis
393 1590 464 1613 esse
489 1583 606 1619 solent,
637 1587 672 1614 ut
695 1582 842 1613 videlicet
868 1594 880 1612 ε

1007 1591 1018 1618 η
1036 1592 1044 1609 ι
1060 1588 1088 1613 et
1105 1591 1140 1618 ει,
1156 1591 1170 1609 ο
1185 1588 1215 1613 et
1230 1591 1262 1619 ω,
1278 1591 1301 1609 οι
1316 1586 1346 1613 et
1361 1593 1387 1619 υ,
1406 1583 1522 1620 saepius
1538 1583 1621 1614 inter
1632 1593 1666 1614 se
1682 1594 1761 1615 cou-

133 1628 323 1666 fundantur,
352 1639 460 1670 neque
489 1631 530 1662 ita
560 1640 665 1662 rarum
695 1632 749 1669 sit,
785 1633 825 1663 εἰς
846 1631 894 1666 τὴν
920 1630 974 1662 fol.
1009 1632 1069 1662 315
1083 1636 1168 1661 recto
1187 1631 1501 1670 (ed.95.)scriptum
1529 1632 1672 1670 conspici
1702 1634 1760 1668 sic,

132 1678 221 1712 ὴςήν-
246 1679 411 1718 Ejusmodi
428 1681 544 1711 menda
561 1681 668 1712 notavi
687 1681 849 1712 interdum
867 1691 874 1710 :
894 1680 1097 1720 plerumque,
1122 1680 1251 1718 quando
1278 1679 1358 1709 nihil
1386 1679 1544 1709 habebant
1565 1681 1650 1719 quod
1669 1681 1761 1711 ﬁdem

135 1730 271 1765 receptae
289 1727 432 1759 lectionis
460 1728 648 1759 labefactare
678 1734 796 1768 posset,
830 1729 939 1759 omisi.
971 1729 1006 1758 In
1023 1736 1160 1763 summa,
1178 1727 1281 1758 fateor
1305 1735 1367 1757 non
1385 1728 1534 1766 majorem
1553 1737 1602 1757 me
1623 1729 1761 1759 laborem

134 1775 330 1813 suscepisse,
347 1784 444 1815 quam
473 1785 528 1807 eos
559 1777 722 1808 sustinere
753 1785 883 1808 necesse
899 1780 958 1813 est,
979 1775 1035 1815 qui
1061 1776 1169 1806 codice
1199 1785 1236 1806 ex
1268 1775 1364 1806 unico
1395 1776 1536 1814 pendent
1567 1777 1598 1806 in
1631 1778 1766 1816 [XXIII]

135 1822 293 1860 scriptore
312 1824 451 1861 primum
468 1824 604 1855 edendo.
620 1824 680 1855 Ubi
705 1825 772 1855 fere
805 1824 872 1855 ﬁeri
901 1832 962 1854 non
989 1827 1102 1863 potest,
1127 1824 1205 1862 quin
1226 1832 1296 1862 pars
1320 1825 1507 1854 mendorum
1530 1824 1672 1854 codicem
1690 1834 1765 1855 cou-

136 1870 361 1901 taminantium
377 1871 578 1910 diligentiam
593 1873 640 1903 vel
660 1873 910 1903 minutissimum
928 1872 1071 1912 etIngiat,
1090 1872 1190 1910 inque
1211 1872 1313 1910 ipsam
1332 1873 1507 1902 editionem
1535 1873 1704 1903 redundet.
1718 1874 1762 1903 ltu

135 1918 222 1957 quod
236 1922 302 1949 erat.
319 1920 482 1959 reliquum
500 1921 632 1957 tentavi,
648 1925 682 1951 ut
699 1930 772 1960 quae
793 1929 931 1959 possem,
953 1921 1149 1960 conjecturis
1175 1925 1205 1950 et
1231 1920 1527 1957 comparationibus
1544 1921 1761 1956 emendarem,

135 1967 252 1997 collato
273 1968 418 1998 Cedreno
432 1972 463 1998 et
475 1968 623 2007 Scylitze,
640 1969 696 2008 qui
713 1969 878 2007 complura
891 1977 928 1999 ex
952 1970 1057 2000 Leone
1074 1969 1112 1999 ad
1133 1969 1264 1999 verbum
1284 1969 1316 1998 in
1329 1967 1480 1998 historias
1497 1976 1570 1997 suas
1587 1969 1761 1998 transtu|e~

135 2018 213 2046 runt
228 2015 306 2054 (vid.
325 2025 422 2056 supra
445 2017 561 2054 §VIII,
579 2017 663 2048 infra
689 2018 759 2056 223)
783 2028 789 2047 :
821 2022 993 2056 postremo,
1024 2026 1096 2056 quas
1127 2016 1207 2047 ratio
1229 2020 1259 2047 et
1290 2015 1435 2046 doctrina
1468 2016 1673 2054 praescribere
1716 2016 1763 2046 vi-

135 2063 306 2101 debantur,
320 2073 357 2096 ea
379 2074 436 2105 pro
450 2066 598 2097 facultate
612 2067 645 2097 in
660 2066 884 2097 constituenda
900 2066 1045 2097 oratione
1065 2065 1170 2096 Graeca
1187 2069 1319 2095 conatus
1342 2072 1412 2094 sum
1431 2067 1590 2102 prtcstare.

175 2125 216 2155 Χ.
236 2124 396 2155 Libellum
415 2130 482 2164 Περὶ
499 2130 680 2165 ππραδρομῆς
692 2129 823 2166 πολέμου,
842 2127 883 2156 De
897 2135 929 2156 ve

1007 2126 1077 2156 iane
1093 2124 1215 2160 bellica,
1231 2123 1334 2154 adhuc
1350 2123 1522 2158 ineditum,
1533 2123 1676 2154 secundo
1693 2124 1760 2154 loco

137 2172 304 2208 collocavi,
323 2177 355 2204 ut
369 2173 537 2205 historiam
555 2179 715 2212 gestarum
733 2183 749 2205 a
769 2175 950 2214 Nicephoro
970 2175 1053 2212 Aug.
1076 2182 1186 2204 rerum
1208 2172 1341 2211 scriptio
1359 2171 1605 2210 ejusdemjussu
1621 2171 1763 2202 conferta

137 2219 314 2258 exciperet.
327 2220 428 2257 Quam
448 2230 512 2251 non
532 2223 570 2252 ab
587 2222 657 2261 ipso
674 2221 854 2261 Nicephoro
878 2222 993 2252 litteris
1011 2222 1229 2260 consignatam
1249 2228 1330 2256 esse,
1359 2219 1633 2257 quemadmodum
1655 2221 1765 2250 Meur-

137 2267 207 2298 sius
225 2268 432 2300 existimabat
458 2268 554 2306 (conl‘.
578 2269 721 2300 Lambec.
752 2271 929 2300 Comment.
960 2269 998 2300 de
1026 2270 1106 2300 Bibl.
1136 2270 1214 2300 Cas.
1237 2269 1305 2304 Vl],
1325 2267 1421 2306 ιι33.>,
1451 2275 1524 2297 cum
1555 2276 1594 2297 ex
1612 2269 1765 2299 universo

137 2324 235 2355 Opere
259 2317 467 2356 perspicitur,
491 2322 557 2348 tum
581 2327 656 2348 vero
685 2319 803 2357 apertis
839 2318 945 2350 verbis
975 2319 1037 2349 sub
1063 2318 1157 2348 ﬁnem
1179 2315 1387 2356 prmfationis,
1406 2316 1474 2352 119,
1493 2315 1682 2347 declaratur.
1703 2317 1766 2347 Mc

139 2368 259 2402 tamen,
277 2364 303 2395 si
316 2365 355 2395 de
373 2365 505 2396 nomine
522 2365 688 2404 scriptoris
705 2374 767 2395 non
786 2365 942 2398 habemus
959 2367 1044 2406 quod
1069 2366 1208 2406 liqueat,
1228 2366 1267 2396 de
1286 2368 1432 2404 tempore
1455 2373 1521 2403 quo
1537 2364 1700 2395 confectus
1725 2366 1766 2395 sit

139 2411 166 2442 is
182 2412 451 2447 Commentarius.
479 2413 638 2444 dubitatio
654 2413 777 2444 inﬁnita
795 2422 865 2444 esse
883 2418 998 2454 potest.
1018 2414 1070 2444 Ait
1087 2418 1216 2449 auctor,
1232 2413 1384 2453 quisquis
1403 2416 1451 2443 est
1467 2412 1535 2447 ille,
1552 2421 1568 2442 a
1585 2412 1764 2451 Nicephoro

140 2460 242 2491 Phoca
272 2460 351 2499 Imp.
384 2461 570 2491 mandatum
599 2461 660 2492 sibi
693 2470 777 2497 esse,
795 2466 828 2492 ut
844 2471 947 2500 genus
973 2462 1034 2492 hoc
1050 2461 1192 2493 bellandi
1209 2462 1368 2500 scriptura
1385 2463 1647 2500 persequeretur.
1669 2461 1763 2490 Illum

139 2512 244 2538 autem
264 2509 306 2539 ob
325 2517 374 2539 res
408 2510 488 2539 bene
512 2514 616 2548 gestas
635 2510 785 2540 laudibus
811 2510 851 2540 iis
867 2509 970 2548 eﬂ'ert,
1004 2511 1126 2550 quibus
1145 2519 1309 2550 quemque
1338 2509 1527 2540 memoriam
1564 2509 1634 2548 ejus
1667 2517 1766 2540 reno-

142 2565 242 2593 vasse,
275 2557 450 2596 superstite
481 2562 511 2588 et
541 2558 718 2596 imperante
753 2567 941 2597 percussore
975 2559 1045 2598 ejus
1071 2560 1195 2590 Joanne
1216 2558 1388 2593 Tzimisce,
1403 2557 1459 2587 vix
1476 2561 1523 2587 est
1554 2556 1765 2586 credendum.

140 2606 266 2635 Etenim
286 2605 447 2644 repentini
467 2606 627 2642 homines,
641 2614 676 2636 ac
693 2615 748 2644 per
768 2606 874 2638 scelus
889 2607 926 2638 ad
945 2615 1071 2637 summa
1091 2606 1192 2638 evecti
1209 2630 1215 2640 .
1235 2613 1300 2645 quo
1315 2605 1482 2636 uberiores
1504 2603 1629 2634 fructus
1653 2606 1764 2643 patrati

138 2650 291 2684 facinoris
305 2653 446 2692 capiunt,
465 2663 503 2684 eo
520 2654 744 2684 vehementius
766 2655 834 2694 ejus
857 2656 1163 2686 commemoratione
1189 2657 1444 2685 commoventur.
1469 2653 1542 2683 Ideo
1568 2652 1712 2683 adducor
1730 2657 1765 2684 ut

138 2702 278 2737 credam,
299 2702 418 2740 scripta
434 2710 470 2732 ea
481 2702 611 2732 demum
630 2711 701 2732 esse
717 2702 778 2732 sub
801 2703 920 2734 Basilio
941 2708 969 2734 et
992 2704 1213 2740 Constantino,
1226 2711 1333 2734 rerum
1358 2702 1468 2741 politis
1495 2710 1523 2732 a.
1549 2703 1619 2732 976.
1637 2703 1765 2734 Accedit

138 2751 238 2790 quod,
251 2749 380 2789 quoties
394 2750 548 2788 principis
565 2750 598 2781 ﬁt
615 2751 747 2786 mentio,
766 2751 858 2781 toties
873 2759 890 2781 a

1010 2760 1136 2783 iumcro
1153 2751 1268 2791 plurali
1284 2751 1402 2782 utitur:
1416 2750 1441 2776 οἱ
1457 2751 1529 2784 ἅγιοι
1546 2749 1624 2784 ἡμῶν
1633 2749 1764 2786 autem“

139 2798 202 2830 155,
215 2798 268 2824 τῶν
280 2797 365 2831 ἁγίων
381 2797 523 2832 βασιλέων,
542 2797 604 2830 155,
619 2799 672 2824 τῶν
688 2798 820 2833 βασιλέων
835 2799 893 2834 ἠμᾶ

1008 2800 1097 2832 ωἰῦλί,
1114 2800 1198 2839 quod
1216 2800 1248 2830 in
1272 2798 1470 2839 geminatum
1496 2797 1605 2828 Basilii
1623 2802 1651 2827 et
1679 2798 1762 2828 Con-

142 2846 274 2878 stantini
293 2847 464 2886 impcrium
483 2847 640 2886 quadrare
656 2852 727 2887 apte
749 2848 886 2879 videtur.
919 2849 1079 2880 Habemus
1105 2848 1204 2888 igitur
1227 2847 1258 2878 in
1278 2848 1335 2878 hoc
1355 2846 1464 2878 libello
1479 2846 1686 2886 perscriptam
1705 2852 1765 2876 no-
