1910 3073
112 115 164 147 649
712 116 746 146 C.
767 115 798 144 Β.
819 115 866 145 11A

979 113 1152 143 LEFATIO.
1680 107 1733 139 ϋῖιο

150 171 242 200 XLVI.
260 172 321 203 Πῶς
338 172 380 198 ἢεί
396 170 586 206 τροπὼσασοαι
603 171 664 203 τοὺς
683 171 839 206 πθλεμίους,
863 170 927 202 τοὺς
954 169 1064 204 ἐνέδρας
1079 169 1234 204 τιοεμένους
1258 169 1327 196 κατὰ
1344 169 1397 195 τῶν
1421 169 1460 199 εἰς
1481 167 1611 202 συλλογὴν
1635 167 1734 201 χςειᾶιν

111 218 153 250 EE:
157 215 306 253 ρχομένων.

145 260 252 288 XLVII.
269 259 336 295 Περὶ
349 259 409 290 τοῦ.
428 259 460 292 εἰ,
473 258 632 293 γνωσϐὡςιν
645 260 669 285 οἱ
688 259 803 294 ἀρχηγοὶ
815 259 869 284 τῶν
880 258 1016 293 πολεμίων
1031 258 1100 292 μετὰ
1113 257 1162 291 τῆς
1175 256 1220 282 ὑπ’
1234 257 1323 287 αἱτῡῖς
1334 255 1473 291 δυνάμεως
1488 255 1579 289 κρύφα
1592 254 1735 289 pillei/1';

111 303 358 331 ὲκιόουλεύσασοαι
372 303 412 338 τῷ
424 303 608 337 στρατοπέδῳ,
625 303 641 337 ἢ
657 304 713 334 τοῖς
729 303 797 337 πρὸς
811 301 944 337 συλλογὴν
961 301 1077 334 ἐξιοῦσιν
1093 301 1249 336 ὑπουργοῖς.

149 348 218 375 XLV
221 347 265 375 III.
284 348 346 379 Πῶς
358 347 401 374 δεῖ
414 347 511 378 νυκτὸς
525 347 565 382 τῷ
580 346 711 381 ἁπλήκτῳ
731 346 785 372 τῶν
803 346 940 380 πολεμίων
954 346 1088 372 ἐπελθεῖν.

146 391 242 418 XLIX.
264 391 326 422 Πῶς
350 391 461 418 δυνατόν
487 391 543 416 ἐστι
567 391 623 424 μετ’
639 389 837 425 ἐπιτηδεύσεως
858 390 921 421 τοὺς
946 387 1189 424 πολιορκουμένους
1216 387 1283 421 πρὸς
1297 387 1329 412 τὶ
1344 386 1422 417 ἐκτὸς
1447 387 1658 419 ἐπισπάσασθαι,
1689 387 1736 414 καὶ

110 437 295 470 rga-spartea:
316 435 425 466 αὐτούς.

147 480 178 506 Ιι.
200 480 237 505 Πε
243 481 268 514 pi.
283 480 470 514 τειχομαχεχς.

147 523 193 550 LI.
212 525 279 559 Περὶ
293 523 352 555 τοῦ,
368 524 426 554 πῶς
442 524 481 549 δὲῖ
501 524 546 550 τὸν
562 523 714 558 στρατη-(ὃν
729 522 886 554 δικάζεσθαι
899 522 948 557 (a).

147 567 180 594 LI
185 569 204 595 I.
226 569 263 595 [Is
268 568 294 603 ρὶ
308 567 387 594 ἁδνου
393 567 469 603 μίων.

147 611 212 639 LIII.
231 611 298 646 Περὶ
312 611 359 638 τοῦ
384 612 520 637 διδάσκειν
541 613 586 637 τὸν
604 612 718 646 erga-ro)
733 611 779 637 καὶ
804 610 902 642 ἐθίζειν
917 609 957 636 ἔτι
981 609 1008 634 ἑν
1032 610 1064 643 τῇ
1084 608 1136 644 ἰδίᾳ
1160 609 1233 641 ΙέινταΥ
1250 608 1318 634 κατὰ
1334 608 1410 641 τάξιν
1427 607 1592 642 ἅπληκεᾶειν
1607 608 1652 633 καὶ
1669 607 1738 633 ἐδηι-

110 663 218 681 πῡοειν.

148 663 218 689 ρειν.

144 699 214 726 LIV.
229 699 298 734 Περὶ
312 699 360 726 ἰοῦ
375 699 594 726 ὑπαλ).ἁττεσθαι
619 700 668 730 τὰς
685 699 847 729 inﬂati“;
863 698 954 731 τάξεις
971 698 1020 732 τὴν
1033 696 1080 722 τοῦ
1108 696 1178 723 σάκα
1198 695 1346 727 διακονίαν,
1368 696 1411 723 διὰ
1432 697 1477 721 τὸν
1494 696 1576 722 πολὺν
1594 697 1676 722 κόπον
1692 697 1738 722 ταῦ

107 745 243 778 ἄρχοντος
264 744 313 778 (ὁ).

146 786 204 814 LV.
222 788 290 822 Περὶ
303 786 358 813 τῶν
373 787 560 821 ὑποκειμένων
585 787 724 819 δουλειῶν,
747 787 788 813 ὅτι
802 787 855 821 χρὴ
873 786 926 821 πρὸ
951 787 1087 821 ἡμετέρας
1109 787 1210 820 ταύτης
1236 785 1430 822 λελογισμένης
1449 785 1482 821 Il.
1505 787 1613 822 ἡμέρας
1638 786 1739 817 ταύτας

109 830 322 866 λελογισμένως]
336 829 438 858 τυποῦν
453 832 498 857 καὶ
510 830 688 858 διατίθεσθαι.

151 888 284 926 [XXVI]
301 889 353 923 Ea,
378 887 521 926 inquam,
539 888 652 927 capita.
677 887 915 927 qualiacunque
935 891 1022 924 sunt,
1045 891 1077 918 et
1092 887 1247 926 deseripsi
1268 887 1462 926 jampridem
1479 888 1632 918 etLatine
1660 896 1738 918 cou-

111 935 209 970 verti,
228 939 263 965 ut
285 934 318 965 in
340 935 552 974 subsequenti
574 936 683 974 aliquo
706 935 870 966 volumine
889 935 980 966 facile
1007 935 1130 975 vulgari
1160 940 1291 976 queant,
1321 936 1346 965 si
1377 936 1471 967 modo
1493 937 1569 967 tanti
1589 937 1740 968 videnlur

110 983 264 1014 eruditis.
280 984 421 1019 Quorum
434 983 593 1022 judicium
619 983 675 1014 hac
695 984 733 1014 de
750 992 782 1014 re
797 984 948 1024 exquiro,
968 993 1075 1015 meum
1091 985 1218 1016 nullum
1238 984 1461 1024 interponens.

154 1032 229 1062 XII.
250 1032 319 1062 1am
336 1031 422 1070 quod
442 1032 479 1062 ad
502 1031 802 1071 interpretationem
833 1032 978 1063 Latinam
1004 1032 1157 1063 Historias
1176 1032 1295 1063 LeOnis
1320 1033 1446 1070 attinet,
1467 1033 1553 1064 locos
1581 1033 1740 1064 versionis

109 1080 360 1112 Combetisiana
388 1081 422 1111 in
440 1081 567 1112 Critieis
590 1081 662 1120 Pagi
688 1081 772 1119 (vide
795 1089 890 1121 Supra
918 1089 988 1120 pag.
1008 1081 1079 1120 637)
1105 1084 1260 1118 servatos,
1282 1080 1345 1112 nisi
1362 1081 1416 1112 ubi
1438 1082 1607 1114 manifesto
1632 1082 1740 1122 lapsus

111 1134 198 1165 erat,
219 1128 335 1159 iisdem
357 1129 588 1168 propemodum
607 1130 712 1160 verbis
729 1130 762 1160 in
784 1130 959 1160 editionem
977 1138 1078 1160 meam
1097 1129 1205 1160 retuli.
1221 1129 1319 1169 Cujus
1337 1129 1383 1160 rei
1403 1138 1671 1171 unumquemque
1687 1131 1742 1161 ad-

113 1178 280 1208 monitum
297 1186 368 1209 esse
391 1178 487 1208 velim
511 1189 518 1208 :
536 1187 586 1214 ne,
605 1178 633 1208 si
649 1187 747 1218 quem
766 1178 799 1209 in
818 1178 968 1209 versione
988 1182 1043 1209 aut
1063 1178 1139 1218 styli
1165 1178 1392 1216 inconstantia,
1409 1183 1462 1210 aut
1489 1179 1655 1219 quippiam
1677 1180 1742 1211 for-

114 1230 201 1257 tasse
217 1235 282 1257 non
300 1226 378 1257 satis
395 1235 474 1265 pure
489 1229 584 1265 atque
597 1227 764 1256 emendate
791 1226 910 1257 dictum
939 1226 1123 1263 offenderit,
1139 1227 1296 1257 continuo
1324 1226 1357 1256 id
1389 1227 1422 1258 in
1455 1227 1739 1267 reprehensionem

115 1275 311 1306 vertendum
334 1278 434 1313 putet.
455 1275 532 1304 Nam
551 1279 618 1304 erat
630 1275 842 1306 Combelisius
858 1275 952 1305 homo
973 1274 1045 1314 pius
1062 1275 1193 1314 quidem
1209 1279 1240 1316 et
1256 1275 1289 1305 in
1306 1276 1403 1306 rebus
1418 1276 1515 1307 sacris
1532 1276 1742 1316 singulariter-

113 1324 286 1363 doctus,§.
300 1324 318 1353 d
339 1323 397 1362 qui
415 1331 581 1361 nunquam
596 1323 634 1354 ab
650 1323 805 1354 orationis
821 1323 993 1362 asperitate
1008 1324 1222 1362 mmstitiaque
1236 1325 1349 1355 abesse
1367 1325 1591 1363 potuit.Nobis
1610 1333 1741 1365 quoque

114 1372 148 1402 in
169 1372 326 1402 universo
344 1371 508 1402 volumine
527 1371 645 1410 linguae
663 1376 759 1412 atque
780 1372 975 1404 elocutionis
991 1380 1067 1404 cura
1086 1372 1225 1411 (vereor)l
1242 1380 1307 1404 non
1334 1376 1417 1403 tanta
1433 1372 1506 1409 fuit,
1526 1377 1644 1412 quanta
1669 1381 1741 1405 esse

112 1424 256 1460 poterat,
274 1419 408 1450 fortasse
420 1419 514 1450 etiam
531 1420 677 1451 debebat.
691 1421 750 1451 Sed
772 1420 896 1451 veniam
924 1421 1083 1461 ejusmodi
1103 1421 1233 1451 facilius
1257 1421 1326 1451 dari
1344 1429 1438 1460 posse
1454 1422 1608 1452 existimo
1624 1422 1743 1460 Byzan-

114 1469 193 1499 tium
221 1468 364 1499 historias
391 1468 557 1505 studiosis,
577 1468 777 1509 omninoque
794 1469 834 1499 iis
864 1469 920 1509 qui
938 1470 971 1500 in
988 1469 1201 1508 scriptoribus
1229 1469 1328 1500 medii
1344 1469 1417 1506 aevi,
1437 1470 1549 1500 nescio
1572 1470 1649 1509 quid
1673 1470 1744 1501 bar-

115 1519 234 1548 barum
265 1521 296 1548 et
318 1516 550 1548 inconcinnum
577 1517 781 1551 sonantibus,
808 1517 1035 1557 cogitationem
1069 1517 1184 1557 perdiu
1220 1520 1355 1556 ponunt.
1381 1517 1549 1554 Praeterea,
1583 1518 1741 1548 bonarum

113 1566 315 1604 scriptorum
333 1565 517 1604 exemplum
537 1569 740 1601 consecutus,
767 1565 813 1596 vel
832 1565 863 1596 iu
886 1566 992 1597 verbis
1007 1566 1046 1596 ad
1063 1565 1239 1605 religiones
1262 1565 1559 1605 persuasionesque
1577 1566 1741 1604 pertinen-

117 1615 224 1649 tibus,
247 1614 303 1645 ubi
322 1613 548 1645 difﬁcillimum
565 1617 643 1650 erat,
660 1614 757 1644 malui
780 1614 942 1645 interdum
963 1614 1085 1654 aliquid
1114 1615 1236 1645 audere
1255 1614 1375 1653 potius,
1391 1623 1486 1654 quam
1507 1615 1650 1645 Latinam
1672 1624 1743 1645 oru-

115 1663 244 1693 tionem
275 1662 386 1694 multis
416 1662 534 1693 Graius
564 1662 728 1692 vocabulis
760 1662 947 1701 inquinare.
964 1662 1097 1693 Nomina
1126 1671 1232 1692 rerum
1251 1663 1362 1693 Greca
1386 1671 1454 1702 quae
1470 1664 1679 1693 convertimus
1695 1664 1743 1699 (ut

114 1710 287 1742 tlorniticii
302 1710 408 1742 verbis
425 1714 507 1746 utar,
523 1714 638 1749 quarto
653 1710 923 1750 Rhetoricorum),
941 1720 975 1740 ea
991 1715 1112 1740 remota
1128 1715 1200 1740 sunt
1216 1720 1235 1740 a
1255 1711 1479 1741 consuetudine
1494 1721 1503 1741 :
1519 1720 1585 1750 qua
1601 1711 1679 1742 enim
1694 1719 1743 1740 res

114 1759 207 1799 apud
231 1763 357 1789 nostra:
385 1767 450 1789 non
470 1763 569 1795 erant,
585 1767 693 1788 eorum
719 1767 825 1789 rerum
856 1759 984 1789 nomina
1002 1767 1067 1788 non
1094 1762 1245 1797 poterant
1263 1767 1326 1788 esse
1340 1759 1470 1789 usitata.
1496 1758 1743 1798 Designationes

115 1808 328 1847 dignitatum,
356 1807 545 1846 patriarcha,
566 1807 775 1843 domesticus,
793 1807 1002 1846 drungarius,
1033 1807 1161 1846 aliaque
1190 1807 1220 1837 id
1252 1816 1367 1846 genus,
1395 1806 1577 1838 necessario
1608 1807 1742 1844 retinui,

117 1855 250 1887 tametsi
266 1864 302 1886 ex
323 1855 519 1886 nitidissima
533 1855 712 1886 Latinitatis
728 1855 817 1886 fonte
834 1856 1082 1894 haudquaquam
1104 1855 1327 1893 prolluxerint.
1351 1854 1437 1891 Quas
1462 1855 1488 1884 si
1506 1855 1652 1893 [XXVII]
1670 1855 1744 1894 quis

117 1903 293 1935 autnimia
323 1903 457 1934 Romani
477 1903 638 1934 sermonis
662 1903 820 1941 religione
835 1903 965 1933 silentio
983 1903 1159 1942 pr'rtcrire,
1174 1908 1228 1934 aut
1252 1913 1307 1943 per
1331 1903 1556 1935 circuitiouem
1582 1904 1743 1943 explicare

119 1952 278 1989 voluerit,
294 1961 344 1983 nm
359 1953 415 1983 ille
432 1952 512 1982 mihi
526 1952 726 1992 imprudens,
745 1956 774 1982 et
787 1952 878 1991 cujus
894 1951 1056 1982 sententia
1072 1951 1205 1982 minime
1222 1951 1370 1982 standum
1390 1951 1444 1987 sit,
1457 1951 1584 1982 videtur
1599 1951 1745 1990 judican-

117 2002 196 2032 dus.
217 2000 368 2031 Versioni
389 1999 507 2031 Leonis
537 2000 573 2029 ad
602 1999 778 2038 marginem
812 2000 1007 2030 exteriorem
1031 1998 1186 2029 lectiones
1214 1998 1333 2029 codicis
1362 2002 1436 2029 sunt
1458 1998 1623 2038 apposita).
1639 1999 1745 2030 sicubi

119 2057 247 2084 vocem,
263 2056 282 2079 a
305 2048 445 2079 librariis
464 2047 635 2078 manifesto
654 2051 850 2085 corruptam.
866 2046 899 2076 in
914 2050 1034 2077 textum
1063 2046 1182 2085 recepi.
1200 2046 1258 2077 Ubi
1286 2046 1445 2077 dubitatio
1469 2047 1610 2084 suberat,
1630 2047 1744 2078 lectio-

120 2105 198 2128 nem
222 2096 343 2128 codicis
370 2096 403 2127 in
433 2100 521 2127 textu
542 2095 680 2131 servavi,
707 2095 924 2133 c0njecturam
955 2103 1056 2125 meam
1081 2095 1179 2134 adjeci
1212 2094 1245 2124 in
1273 2103 1340 2131 ora,
1358 2094 1385 2124 si
1417 2095 1508 2126 valde
1531 2095 1741 2134 probabilem,

121 2145 254 2185 praeﬁxa
275 2145 378 2176 littera
400 2143 422 2175 ι.
438 2144 498 2175 hoc
511 2143 642 2182 estlege,
667 2143 716 2174 sin
742 2143 861 2179 minus,
885 2144 1010 2181 praeﬁxa
1027 2144 1051 2184 f.
1068 2144 1203 2183 fortasse
1231 2142 1316 2182 (nam
1332 2143 1416 2183 forte
1433 2143 1592 2183 siquando
1605 2143 1745 2183 impres-

119 2202 195 2223 sum
211 2197 270 2227 est,
287 2193 318 2223 id
332 2201 447 2231 aequus
460 2191 558 2222 lector
574 2191 752 2222 oscitantim
771 2199 943 2230 operarum
957 2188 1118 2229 ascribat).
1138 2191 1174 2220 in
1204 2197 1329 2219 summa
1356 2189 1386 2219 id
1404 2190 1468 2228 egi,
1484 2193 1518 2220 ut
1536 2192 1576 2220 de
1589 2191 1746 2230 suspicio-

120 2241 223 2271 nibus
243 2241 336 2278 meis,
356 2249 451 2280 quam
468 2249 605 2279 quaeque
622 2238 799 2279 probabilis
815 2238 857 2269 sit
880 2238 949 2269 sive
978 2246 1067 2275 vana,
1092 2246 1190 2277 penes
1217 2237 1366 2268 lectorem
1389 2237 1548 2277 judicium
1577 2238 1743 2279 relinque-

121 2294 226 2320 retur.

165 2337 251 2367 Xlll.
270 2338 434 2376 Superest,
454 2339 489 2367 ut
509 2337 548 2367 de
569 2335 718 2366 instituto
738 2335 955 2366 adnotationis
976 2344 1065 2371 mete,
1083 2335 1222 2366 maxime
1237 2336 1273 2367 ad
1291 2337 1441 2373 Leonem,
1463 2336 1488 2366 si
1512 2336 1569 2376 qui
1599 2342 1744 2376 vagatum

121 2395 176 2416 me
194 2386 228 2415 in
247 2385 286 2416 iis
303 2385 398 2416 latius
420 2389 516 2423 atque
539 2384 710 2415 deﬂexisse
730 2392 955 2423 smpenumero
970 2385 1009 2414 de
1038 2384 1087 2414 via
1116 2389 1239 2423 putent.
1268 2385 1353 2424 apud
1376 2385 1612 2416 existimatores
1634 2385 1745 2415 harum

123 2441 235 2464 rerum
253 2433 473 2472 intelligentes
496 2437 526 2463 et
546 2440 659 2472 aequos
676 2432 785 2471 paucis
799 2440 848 2462 me
873 2441 1019 2471 purgem.
1033 2433 1158 2463 Etenim
1187 2432 1333 2463 intellexi
1353 2432 1522 2472 tripliciter
1548 2432 1614 2463 tieri
1639 2441 1745 2471 posse,

106 2480 160 2512 ‘ut
178 2481 315 2512 editoris
335 2481 368 2511 in
389 2489 487 2519 opere
504 2481 712 2520 exsequendo
729 2481 884 2511 sedulitas
900 2480 1060 2510 fautorum
1082 2484 1265 2511 nostrorum
1284 2480 1518 2511 benevolentia)
1541 2481 1746 2520 aliquatenus

125 2530 350 2569 responderet.
377 2530 445 2560 Uno
471 2530 576 2565 modo,
595 2529 621 2559 si
651 2529 824 2568 scriptores
839 2529 939 2567 ipsos,
958 2528 1070 2568 quales
1092 2529 1126 2559 in
1145 2528 1339 2559 membranis
1360 2527 1583 2562 offendissem.
1609 2528 1746 2559 sublatis

125 2583 251 2610 tantum
289 2577 469 2608 manifestis
495 2578 633 2612 mendis.
661 2578 765 2608 addita
802 2576 909 2607 Latina
941 2577 1104 2611 versione,
1127 2575 1262 2607 arbitrio
1290 2576 1489 2606 eruditorum
1517 2576 1746 2616 permitterem.

123 2626 262 2662 Deinde,
279 2633 351 2657 cum
369 2625 506 2664 plurima
522 2629 631 2655 essent
647 2633 751 2664 nuper
765 2625 798 2655 in
818 2624 1016 2656 Bibliotheca
1041 2624 1149 2663 Regia,
1169 2623 1268 2653 multa
1297 2623 1462 2662 supersint
1485 2625 1523 2655 ad
1547 2626 1626 2655 hanc
1647 2625 1746 2661 diem,

123 2675 161 2705 ad
180 2682 231 2705 res
252 2673 446 2713 Byzantines
457 2674 694 2712 quodammodo
710 2673 916 2711 pertinentia,
935 2681 1042 2711 neque
1063 2673 1148 2703 edita
1176 2671 1292 2707 adhuc,
1308 2679 1416 2710 neque
1449 2681 1590 2710 unquam
1630 2673 1748 2711 opinor

122 2723 173 2761 (ut
186 2730 274 2753 nunc
285 2725 361 2753 sunt
374 2721 529 2761 tempora)
549 2722 671 2760 integra
686 2721 790 2751 lucem
811 2721 933 2758 visura,
951 2721 1032 2752 Vitae
1057 2721 1258 2756 Sanctorum,
1288 2720 1434 2759 epistolae
1458 2720 1592 2751 fratrum
1613 2720 1748 2752 devoto-

163 2805 200 2836 (α)
217 2803 308 2840 ςούρι
327 2803 407 2836 male,
422 2804 618 2838 γυμνάζεσθαι.
630 2797 637 2802 ’
779 2839 784 2840 7

997 2803 1015 2830 li
1034 2809 1139 2831 mutare
1151 2803 1210 2840 sie:
1226 2818 1261 2825 -—-
1270 2804 1366 2834 κόπον.
1379 2803 1426 2830 τοῦ
1439 2798 1613 2840 ἄρχοντοςξεὶ
1626 2803 1748 2838 δυνατὰ,

162 2842 199 2874 (1))
215 2838 261 2866 Sic
275 2840 358 2866 codex
377 2850 382 2866 :
402 2840 448 2867 sed
468 2840 536 2866 lecto
558 2841 645 2874 capite
662 2839 754 2866 malim
773 2839 851 2866 tinem
877 2840 911 2867 ti-

468 2840 536 2866 lcrlo
558 2841 645 2874 capite
662 2839 754 2866 malim
773 2839 851 2866 tinem
877 2840 911 2867 ti-
967 2840 1093 2874 ps’vovw;
1110 2839 1202 2867 αὑτοῦ.

240 2887 375 2917 PA‘raoL.
396 2888 452 2917 lla.
484 2887 609 2918 CXVII.
1554 2887 1591 2917 21
