1910 3073
206 130 255 163 εῇι
801 132 830 161 C.
852 132 883 161 B.
906 132 1010 161 HASll
1030 133 1235 162 PREFATIO.
1765 137 1821 166 £12

207 198 291 226 rum,
307 187 501 224 antistitum,
519 186 783 226 patriarcharum,
816 190 965 217 tractatus
989 186 1174 225 dogmatici,
1190 187 1330 223 ascetici,
1354 188 1502 226 polemici
1531 197 1644 227 magno
1667 198 1818 228 numero,

207 237 338 268 annales
363 243 493 274 quoque
529 234 655 270 inediti,
680 234 882 273 pervolutare
914 243 949 264 ea
978 235 1123 265 studiose
1152 238 1247 274 atque
1270 243 1440 274 excerpere
1470 236 1548 275 coepi
1576 237 1734 276 quidquid
1763 238 1818 268 lu-

208 293 274 314 cem
311 283 424 313 aﬂ'erre
456 286 576 319 poterat
607 282 700 312 annis
728 282 866 312 sedecim
900 283 954 322 qui
981 291 996 312 a
1023 287 1123 312 morte
1150 283 1350 313 Constantini
1370 283 1424 313 Vl]
1452 285 1740 323 Porphyrogenela
1767 286 1820 326 (15

208 332 377 362 Novembr.
400 332 469 370 959)
485 331 521 361 ad
540 330 742 367 Tzimiscem,
761 331 798 360 10
813 331 942 361 Januar.
959 331 1018 361 976
1045 338 1170 362 veneno
1195 330 1369 365 sublatum,
1387 330 1590 368 eilluxerunt,
1609 341 1818 373 quorumque

207 379 392 410 memoriam
427 379 490 409 Leo
520 377 707 416 complexus
737 382 794 408 est.
811 378 869 408 Ubi
903 387 975 409 cum
1007 378 1168 417 praecipue
1198 378 1271 409 usui
1307 379 1385 409 mihi
1411 379 1533 410 fuerint
1557 380 1702 411 historia)
1730 382 1815 417 dum.

205 427 303 458 altera
317 427 477 458 Simeonis
494 425 675 465 Logothelm
691 425 765 465 (vid.
783 426 908 457 Harles.
936 426 1018 457 Bibl.
1051 427 1105 457 Gr.
1124 427 1191 463 νη,
1211 427 1281 463 685,
1299 426 1345 467 1.),
1371 428 1470 458 altera
1497 428 1575 458 Julii
1596 429 1747 464 Pollucis,
1765 430 1819 461 hic

205 476 309 507 facere
327 484 389 506 non
407 475 548 514 possum,
565 475 643 514 quin
667 475 850 506 Italicorum
874 484 1004 514 quoque.
1024 475 1225 506 eruditorum
1243 476 1276 507 in
1295 485 1345 506 me
1365 476 1520 512 animum,
1537 485 1631 516 quam
1655 478 1817 516 singulari

205 524 309 555 ollicio
338 523 444 559 fuerit,
458 526 566 563 gratus
595 531 856 553 couimemorem.
877 523 951 553 Nam
980 524 1148 560 repentino
1175 523 1250 554 anni
1271 525 1347 555 1815
1364 529 1517 563 tempore,
1534 533 1606 555 cum
1622 528 1748 562 statum,
1766 530 1816 557 ta—

206 571 301 608 bulae,
313 571 435 610 reliqua
451 570 614 601 civitatum
635 573 820 601 ornamenta
836 570 973 600 Parisios
991 571 1066 601 olim
1087 573 1403 611 convecta[XXVlll]
1417 574 1558 612 undique
1578 577 1817 613 repeterentur,

206 619 319 650 accidit
337 624 369 649 ut
389 619 471 649 inter
487 618 612 648 codices
639 618 673 648 in
699 618 813 649 Urbem
844 618 1052 657 repOrtandos
1082 623 1165 650 esset
1185 620 1358 650 Vaticanus
1375 629 1407 651 n.
1423 621 1490 657 163,
1508 620 1595 651 illam
1615 621 1716 660 ipsam
1736 622 1817 652 Julii

207 666 345 710 Pollucis
368 665 530 696 historiam
548 665 776 704 couiplectens.
805 666 850 696 lbi
882 675 953 696 cum
978 666 1219 698 intellexissent
1240 672 1463 706 procuratores
1492 669 1612 699 summi
1641 669 1816 708 pontiﬁcis.

207 723 255 744 me
272 714 304 744 in
321 713 528 744 conﬁciendis
548 713 630 743 nolis
646 712 704 744 hoc
724 714 832 744 codice
856 722 940 752 aegre
967 714 1155 747 cariturum.
1177 715 1418 753 perhumaniter
1441 720 1639 755 negaverunt
1667 725 1703 747 se
1729 725 1819 746 com-

207 763 375 797 missuros,
391 765 423 791 ut
442 769 458 791 a
474 769 508 790 se
522 761 639 791 studiis
656 761 735 791 meis
750 761 878 792 obesset
898 761 1089 801 quidquam,
1104 763 1388 802 periniseruntque
1404 767 1438 793 ut
1456 772 1558 802 usque
1582 764 1620 795 ad
1637 763 1818 795 editionem

207 811 277 842 ΙίΙιΓῙ
297 810 323 840 is
335 810 432 840 codex
451 808 580 839 Parisiis
597 809 951 845 remaneret.Quocirca
970 810 1121 840 maximas
1137 810 1253 849 gratias
1265 814 1296 841 et
1310 819 1369 850 ago
1385 814 1415 842 et
1434 811 1534 842 habeo
1554 810 1622 842 viro
1634 813 1818 843 reverenda

204 865 297 898 atque
311 859 357 890 ill.
377 857 499 890 Marino
515 857 642 894 Marini,
663 858 702 889 ab
722 858 836 888 intimo
853 859 1003 889 cubiculo
1021 859 1138 890 summi
1160 860 1329 898 pontiﬁcis,
1349 863 1379 889 et
1396 860 1516 890 arcliivi
1540 860 1706 899 apostolici
1725 861 1817 891 Vati-

204 908 273 938 cani
300 906 456 945 praefecto.
474 905 566 945 cujus
585 905 617 936 in
634 905 693 936 hoc
715 906 844 944 negotio
865 906 983 937 eximia
1014 907 1179 946 studiique
1199 907 1290 946 plena
1320 906 1421 938 oﬂicia
1448 915 1521 946 erga
1540 916 1589 938 me
1606 907 1818 938 exstiterunt.

203 956 294 993 Quod
317 959 422 986 autem
437 953 594 992 ejusmodi
611 953 779 984 notionum
797 953 1023 985 historicarum
1040 963 1080 986 ne
1096 956 1142 986 sic
1161 956 1292 994 quidem
1313 956 1342 986 in
1365 956 1424 986 hoc
1452 960 1535 986 torno
1567 965 1739 995 permagna
1767 961 1816 986 est

203 1004 343 1036 accessio
360 1003 449 1037 facta,
476 1010 538 1032 non
559 1001 664 1032 hercle
685 1002 829 1040 penuriae
855 1002 1058 1034 Bibliotheca)
1077 1008 1201 1039 nosti-ee,
1222 1005 1277 1034 sed
1308 1004 1458 1043 paucitati
1481 1013 1653 1042 annorum,
1672 1013 1816 1044 quorum

204 1057 290 1095 gesta
307 1052 398 1084 tradit
420 1052 480 1081 Leo
512 1050 597 1090 (vide
617 1059 712 1090 supra
739 1059 809 1090 pag.
826 1051 895 1087 6H,
913 1060 1002 1082 num.
1018 1051 1085 1092 Vl),
1107 1052 1205 1083 tribui
1229 1052 1259 1083 id
1278 1052 1393 1083 velim.‘
1404 1053 1450 1082 Ad
1476 1053 1628 1088 Psellum,
1651 1060 1815 1083 annorum

205 1110 304 1142 prope
322 1103 449 1132 centum
469 1098 644 1139 (975-1060)
659 1099 844 1130 memoriam
863 1104 1080 1138 persecutum,
1099 1099 1234 1138 plurima
1250 1100 1407 1140 ejusmodi
1425 1099 1543 1130 inedita
1554 1100 1751 1139 subjungere
1764 1109 1817 1131 me

207 1158 298 1189 posse
314 1155 421 1188 spero,
441 1146 560 1185 quibus
577 1148 622 1177 vel
636 1147 810 1182 stabilitur,
832 1150 876 1177 vel
898 1147 1097 1181 emendatur,
1117 1147 1163 1177 vel
1179 1147 1301 1177 ratione
1319 1147 1488 1186 multiplici
1510 1147 1721 1186 ampliﬁcatur
1742 1149 1818 1188 ejus

203 1198 352 1230 narratio.

244 1264 326 1296 XIV.
347 1264 474 1295 Atenim
496 1271 559 1294 non
578 1271 628 1293 me
645 1261 799 1302 fugiebat,
817 1262 911 1292 etiam
934 1266 966 1292 ul
983 1261 1143 1292 cumulate
1162 1262 1266 1293 oﬁicio
1287 1271 1358 1293 meo
1379 1262 1438 1292 hoc
1454 1263 1575 1302 duplici
1601 1263 1732 1294 nomine
1758 1272 1816 1294 sa-

203 1313 397 1348 lisl'acerem,
413 1316 519 1343 tamen
534 1311 601 1342 fore
620 1315 651 1342 ut
670 1311 716 1344 sic
732 1319 837 1350 neque
853 1311 890 1340 ad
911 1310 1086 1340 litterarum
1106 1310 1285 1340 Graecarum
1305 1318 1410 1349 neque
1425 1310 1462 1340 ad
1481 1310 1623 1342 historiae
1648 1312 1817 1342 studiosos

204 1369 244 1393 ita
266 1361 384 1391 multos
400 1360 460 1390 mei
479 1359 573 1390 oﬁicii
590 1359 712 1389 utilitas
730 1359 914 1398 pertineret.
935 1359 1023 1395 Nam,
1041 1367 1112 1388 cum
1128 1359 1261 1389 omnino
1275 1359 1307 1389 in
1323 1359 1439 1389 studiis
1455 1359 1709 1395 nostris,Grzecis
1725 1360 1814 1395 dico,

203 1418 266 1440 non
283 1408 475 1439 sitmaxima
492 1407 581 1446 capia
611 1415 721 1436 eorum
747 1406 816 1445 qui,
834 1406 882 1436 via
915 1406 988 1436 trita
1017 1406 1138 1443 relicta,
1158 1407 1328 1437 interiores
1356 1410 1538 1437 scrutentur
1565 1415 1601 1437 ac
1629 1407 1816 1438 reconditas

206 1459 336 1493 litteras,
356 1460 420 1486 tum
441 1463 516 1486 vero
538 1463 576 1484 ex
599 1454 638 1484 iis
655 1453 732 1493 ipsis
754 1454 912 1493 exquisite
926 1454 1028 1484 doctis
1042 1459 1160 1494 quotus
1175 1455 1315 1494 quisque
1331 1458 1390 1490 est,
1406 1454 1461 1493 qui
1488 1455 1655 1485 lectionem
1674 1455 1816 1494 scripto—

205 1507 248 1536 ris
275 1503 444 1545 Byzantini
467 1503 506 1534 ad
538 1502 740 1534 subtiliorem
769 1502 985 1541 cognitionem
1015 1502 1133 1541 linguae
1159 1502 1333 1542 quidquam
1356 1501 1500 1532 conferre
1528 1503 1640 1541 putet?
1656 1502 1816 1533 Historici

203 1559 308 1585 autent
327 1553 473 1583 homines
490 1560 580 1591 pozne
591 1559 704 1582 omnes
720 1550 767 1581 vel
787 1551 823 1581 ad
844 1555 987 1581 veterum
1003 1550 1134 1581 illorum
1152 1559 1284 1590 prorsus
1300 1550 1507 1589 antiquorum
1523 1551 1665 1581 divinam
1686 1559 1814 1582 memo-

205 1604 295 1638 riam,
317 1601 364 1631 vel
380 1601 418 1631 ad
442 1608 492 1631 res
511 1606 617 1630 nostra
635 1602 824 1638 patrumque
850 1599 1004 1630 memoria
1023 1605 1077 1629 aut
1102 1598 1256 1630 subtilius
1270 1602 1300 1628 et
1317 1598 1548 1637 temperantius
1570 1602 1625 1629 aut
1640 1599 1816 1637 splendide

203 1661 237 1682 ac
266 1648 459 1681 mirabiliter
482 1652 598 1688 gestas,
622 1648 668 1678 vel
689 1651 773 1678 certe
793 1647 830 1678 ad
857 1647 1000 1687 origines
1024 1648 1217 1686 populorum
1248 1646 1343 1676 hodie
1374 1646 1553 1684 vigentium
1586 1646 1814 1683 illnstrandas,

203 1707 278 1730 cura
293 1697 380 1729 omni
395 1696 569 1735 studioque
586 1696 756 1735 rapiuntur
773 1695 900 1735 :pauci,
923 1695 1013 1734 iique
1030 1695 1092 1734 ipsi
1110 1695 1245 1725 invitius
1262 1698 1316 1725 aut
1331 1693 1541 1728 fastidiosius,
1562 1695 1693 1724 annales
1712 1703 1818 1724 excu-

204 1749 287 1778 tiunt
304 1743 502 1776 senescentis
520 1743 649 1783 imperii
668 1751 703 1774 ac
717 1743 846 1774 ruituri.
863 1743 1063 1782 Quapropter
1080 1751 1135 1781 per
1152 1746 1241 1772 notas
1262 1742 1407 1772 obtinere
1430 1741 1529 1778 volui,
1545 1746 1579 1773 ut
1601 1742 1696 1781 paulo
1717 1742 1816 1774 latius

206 1803 276 1826 mea
305 1801 401 1833 Opera
437 1796 568 1832 pateret,
598 1791 634 1822 ad
664 1799 786 1831 eosque
813 1792 887 1822 item
912 1790 1085 1831 pertineret
1100 1790 1155 1829 qui
1173 1790 1346 1820 alieniores
1368 1789 1463 1819 sinta
1479 1791 1574 1820 rebus
1591 1790 1781 1830 Byzantinis
1806 1801 1814 1820 :

203 1845 339 1882 ideoque
355 1842 394 1872 de
409 1839 640 1880 signiﬁcatione
656 1848 767 1870 vocum
786 1840 927 1870 nondum
945 1838 1022 1869 satis
1037 1838 1163 1868 deﬁnita
1178 1847 1328 1877 parumve
1348 1837 1506 1868 intellecta
1533 1837 1664 1868 uberius
1694 1838 1814 1877 passim

203 1890 363 1930 disputavi
393 1889 426 1920 in
454 1889 539 1920 notis
569 1892 600 1919 et
631 1887 748 1919 fusius.
766 1889 833 1924 Qua
855 1889 887 1918 in
910 1896 942 1918 re
958 1886 1076 1926 saepius
1093 1883 1286 1922 scriptorum
1306 1883 1483 1913 Atticorum
1499 1884 1632 1921 [XXIX]
1652 1885 1814 1915 rationem

205 1937 321 1968 habere
337 1935 526 1976 potuissem.
548 1933 682 1964 fortasse
700 1933 793 1964 etiam
809 1933 1007 1964 debuissem.
1024 1934 1144 1964 Verum
1163 1939 1221 1970 ego
1245 1930 1292 1961 sic
1315 1930 1426 1970 judico
1442 1931 1556 1969 (dicam
1573 1931 1658 1962 enim
1676 1940 1740 1962 non
1761 1941 1815 1963 re-

202 1993 319 2015 ycerens
337 1983 372 2014 in
388 1991 421 2013 re
436 1982 572 2013 obscura
588 1981 747 2020 gloriandi
765 1980 998 2020 suspicionem)
1015 1992 1023 2011 :
1039 1980 1124 2020 quod
1141 1979 1176 2010 in
1192 1987 1321 2018 quoque
1344 1978 1519 2018 plurimutn
1538 1983 1596 2016 est,
1620 1980 1681 2011 hoc
1702 1981 1814 2020 ipsum

202 2035 230 2064 is
247 2032 450 2073 potissimum
479 2029 625 2061 conferre
648 2030 742 2060 debet
773 2030 809 2060 ad
825 2029 1045 2069 locupletanda
1064 2028 1247 2059 communia
1269 2027 1374 2058 studia
1409 2032 1526 2058 nostra.
1544 2029 1611 2058 Jam
1644 2037 1719 2059 vero
1743 2034 1817 2068 post

202 2079 417 2120 complurium
450 2085 608 2109 annorum
632 2077 970 2114 assiduumlaborem,
996 2085 1060 2116 quo
1080 2076 1257 2115 calalogum
1273 2075 1364 2106 codd.
1383 2075 1565 2106 Gracurum
1582 2075 1614 2106 in
1633 2076 1813 2108 Bibliothe-

203 2138 269 2160 eam
292 2128 463 2158 maximam
481 2125 692 2156 Parisiensem
709 2133 820 2155 recens
837 2125 1000 2155 illalorum
1016 2127 1053 2156 ad
1068 2126 1160 2156 ﬁnem
1179 2125 1400 2164 perduxeram,
1428 2127 1497 2163 post
1512 2125 1682 2163 pueritiam
1701 2130 1732 2156 et
1749 2127 1815 2165 pri-

203 2184 286 2207 mam
303 2173 551 2206 adolescentiam
567 2173 601 2203 in
618 2172 678 2202 hoc
699 2173 879 2203 studiorum
897 2181 1014 2211 genere
1042 2174 1188 2212 positam,
1211 2173 1372 2203 neminem
1403 2180 1474 2202 esse
1502 2172 1689 2210 scriptorem
1718 2175 1815 2213 paulo

203 2222 414 2255 illustriorem
441 2221 590 2256 arbitror,
609 2228 712 2260 neque
744 2221 913 2259 profanum
948 2229 1054 2260 neque
1083 2229 1222 2257 sacrum,
1242 2220 1298 2260 qui
1323 2228 1340 2250 a
1364 2220 1562 2258 temporibus
1579 2221 1814 2253 Theodosianis

202 2278 308 2310 usque
325 2270 364 2300 ad
382 2268 650 2307 ruinamimperii
671 2268 846 2299 Orientalis
871 2269 978 2298 Graece
1002 2268 1178 2308 scripserit,
1203 2276 1298 2307 quem
1328 2275 1392 2298 non
1419 2267 1464 2298 ita
1493 2268 1665 2305 tractarim,
1687 2274 1723 2299 ut
1749 2278 1813 2300 non

204 2316 311 2355 aliqua
327 2314 397 2354 ejus
416 2322 488 2353 pars
517 2313 551 2345 in
580 2314 733 2345 memoria
765 2322 834 2344 mea
849 2314 979 2354 penitus
995 2315 1159 2346 insideret.
1175 2315 1310 2350 Scholia,
1329 2318 1466 2351 catenas,
1493 2315 1711 2354 paraphrases,
1729 2325 1816 2348 eom-

205 2362 371 2398 mentaria,
388 2362 502 2401 partim
526 2361 709 2401 minuslegi
725 2361 831 2399 solita,
846 2362 958 2400 partim
989 2363 1121 2394 omnino
1151 2364 1293 2393 nondum
1319 2362 1414 2398 edita,
1436 2363 1502 2393 ﬁeri
1522 2371 1587 2394 non
1603 2364 1709 2403 potuit
1732 2366 1814 2404 quin

203 2413 246 2443 ita
265 2414 501 2451 pertractarem,
519 2414 554 2441 ut
568 2418 678 2441 eorum
698 2410 838 2448 aliquam
856 2414 940 2440 certe
960 2411 1123 2442 notionem
1151 2419 1308 2449 caperem.
1329 2410 1560 2447 Quamobrem,
1583 2411 1610 2441 si
1640 2413 1758 2451 passim
1776 2422 1816 2444 ex

203 2459 363 2497 Patribus,
384 2458 578 2493 scholiastis,
599 2457 795 2492 rhetoribus,
819 2457 982 2489 illustrare
1005 2459 1202 2498 quaestiones
1221 2459 1356 2498 aliquot,
1373 2458 1486 2489 aﬂ‘erre
1508 2458 1652 2497 phrases,
1673 2461 1816 2500 locuple-

205 2512 270 2539 tare
294 2506 419 2543 Lexica,
435 2509 545 2537 notare
570 2513 696 2536 errores
714 2505 869 2543 quosdam
894 2507 1062 2544 superiore
1089 2507 1242 2537 memoria
1270 2506 1460 2537 commissos
1484 2509 1569 2545 (nam
1584 2507 1625 2537 ab
1639 2509 1814 2547 aequalium

203 2563 352 2592 censura,
371 2563 445 2594 quae
460 2562 530 2584 mea
545 2557 657 2584 natura
673 2555 733 2589 est,
750 2553 883 2584 omnino
898 2554 1053 2594 abstinui)
1068 2557 1200 2585 conatus
1229 2562 1313 2589 sum,
1330 2561 1394 2583 non
1410 2553 1483 2583 ideo
1507 2553 1539 2583 id
1567 2552 1639 2590 feci,
1653 2555 1740 2594 quod
1756 2555 1815 2586 hos

205 2603 399 2634 recentiores
421 2601 593 2640 scriptores
608 2600 673 2630 ullo
687 2600 781 2630 modo
799 2602 1030 2639 comparandos
1046 2609 1116 2632 esse
1139 2609 1211 2632 cum
1227 2600 1466 2639 antiquioribus
1478 2601 1732 2640 capitalibusque
1749 2603 1816 2633 illis

204 2651 373 2686 ducebam,
387 2657 468 2689 quos
485 2656 594 2683 nemo,
612 2648 740 2686 opinor,
758 2651 805 2678 est
822 2648 901 2686 quin
916 2650 1028 2679 crebro
1053 2653 1216 2689 regustare
1233 2648 1350 2687 cupiat,
1369 2648 1402 2678 in
1424 2647 1530 2687 iisque
1541 2649 1740 2687 acquiescat;
1761 2659 1817 2681 ne-

204 2708 267 2737 que
283 2701 369 2737 quod
387 2705 494 2728 meum
510 2695 690 2730 studiorum
706 2703 808 2733 genus
824 2704 1001 2735 proponere
1016 2697 1049 2726 in
1063 2697 1246 2736 exemplum
1270 2696 1355 2732 aliis,
1366 2695 1624 2726 adolescentibus
1641 2698 1815 2736 praecipue,

207 2747 299 2776 velim
318 2757 324 2776 ε
343 2747 399 2777 sed
422 2744 498 2784 quia
518 2743 551 2774 in
577 2751 614 2774 eo
642 2743 710 2773 loco
729 2743 761 2772 in
779 2752 882 2782 eoque
900 2753 1033 2774 munere
1053 2745 1259 2780 constitutus,
1277 2749 1311 2773 ut
1345 2747 1477 2773 tractare
1507 2744 1665 2781 ejusmodi
1699 2745 1817 2783 Scripta

204 2802 275 2823 cum
293 2794 330 2824 ad
349 2790 696 2829 voluntatem-possim,
711 2794 775 2820 tum
798 2799 854 2829 pro
870 2791 974 2821 otﬁcio
997 2792 1143 2829 debeam,
1166 2791 1195 2821 id
1215 2791 1326 2825 malui,
1342 2790 1428 2829 quod
1445 2790 1500 2821 alii
1515 2791 1622 2821 minus
1648 2794 1817 2823 commode

205 2845 347 2881 possant,
362 2832 467 2878 agere,
492 2831 585 2878 quam
603 2839 686 2876 quod
709 2837 804 2866 iidem
818 2847 843 2866 ae
857 2848 907 2876 pie
927 2840 1007 2869 bene
1023 2843 1118 2877 atque
1138 2847 1208 2877 ego,
1226 2838 1389 2868 autetiam
1408 2838 1511 2868 multo
1524 2847 1572 2869 me
1592 2839 1723 2872 melius.
