1910 3073
143 113 195 144 653
744 114 775 143 C.
798 114 830 143 Β.
850 112 953 142 llASil
976 114 1181 145 ΡΒᾸΞΕΑΤΙΟ.
1710 116 1762 146 ΰῗρῑ

182 168 254 199 XV.
276 167 468 204 Accedebat,
486 167 573 207 quod
594 167 622 197 in
641 167 805 197 Britannia
833 175 947 197 novam
966 167 1139 198 editionem
1167 168 1324 198 Thesauri
1353 169 1561 208 Stephaniani
1588 171 1690 210 parati
1707 179 1764 201 au-

143 216 283 252 diebam,
302 216 341 247 ad
364 224 501 255 eamque
530 215 786 255 locupletandam
818 215 903 246 viros
932 215 1041 246 doctos
1071 215 1207 246 editioni
1239 217 1427 256 praepositos
1455 226 1548 248 voces
1566 219 1709 249 nondum
1732 220 1764 250 in

144 265 258 296 Lexira
276 268 418 304 receptas
437 264 583 304 undique
598 263 764 303 aucupari.
784 265 889 301 Quare
901 265 1066 302 vocabula,
1093 264 1214 303 quibus
1241 265 1357 302 adhuc,
1373 270 1528 305 quantum
1548 267 1626 304 scio,
1649 267 1764 298 Lexica

144 317 252 344 carent
273 313 414 353 (enotavi
441 318 547 345 autem
568 314 742 353 multiplici
772 314 910 345 lectione
927 313 1092 352 complura
1112 311 1239 352 millia).
1257 314 1376 351 passim
1399 314 1565 353 subjunxi,
1583 315 1766 354 gratiﬁcans

144 362 395 401 Lexicographis
417 362 537 401 potius,
557 371 652 402 quam
672 363 758 402 quod
786 362 818 393 in
840 361 999 401 ejusmodi
1021 361 1125 392 verbis
1148 360 1303 391 addendis
1324 370 1474 401 magnum
1492 364 1677 402 ponendum
1694 372 1765 394 ess".

142 414 356 445 momentum,
373 414 426 440 aut
440 411 643 449 gloriandum
662 416 782 449 putem.
801 411 859 451 Egi
878 411 908 442 id
925 418 1068 449 quoque,
1086 412 1121 440 ut
1141 408 1292 439 vocabula
1315 408 1515 448 phrasesque
1543 411 1701 450 prmcipue
1726 420 1766 442 ex

140 458 356 498 scriptm-ibus
375 457 441 488 illis
457 467 631 493 sumerem,
646 458 704 497 qui
725 467 741 489 a
764 459 883 498 [XXX]
909 458 1028 489 saeculo
1061 457 1153 488 tertio
1178 455 1215 486 ad
1247 457 1432 488 Heraclium
1461 458 1544 498 Aug.
1562 457 1764 490 floruerunt:

141 516 213 538 nam
232 508 318 545 apud
336 506 394 536 hos
411 507 518 545 potius
535 503 661 546 aliquid
677 507 795 546 iuta-5:3
810 507 946 546 sanique
968 506 1161 536 remansisse
1183 506 1378 536 credentium
1397 509 1456 540 est,
1475 513 1570 543 quam
1587 507 1673 545 apud
1691 506 1766 538 illus

141 554 197 593 qui
212 562 286 584 saec.
305 562 349 584 vn
382 558 412 584 et
427 554 581 594 deinceps
598 554 742 591 fuerunt,
758 563 864 594 usque
880 555 916 584 ad
941 559 1063 592 captam
1091 555 1217 584 urbem.
1239 554 1287 585 Ab
1307 553 1469 584 historicis
1494 553 1767 585 illustrationibus

141 603 337 642 plerumque
351 611 401 632 nte
421 602 582 633 continui.
605 604 685 634 Sunt
702 603 757 642 qui
783 603 913 633 tnateria
931 610 947 632 a
961 602 1055 632 nobis
1071 607 1176 641 parata
1195 606 1279 633 recte
1299 605 1441 638 utantur,
1465 601 1638 641 scriptores
1657 605 1769 640 proba-

141 651 224 681 biles
240 649 346 685 mutti,
363 649 488 688 aliquot
510 650 604 681 etiam
621 650 754 686 summi,
772 655 805 681 ut
822 651 1052 689 componenda
1072 650 1217 681 historias
1237 651 1320 681 clara
1351 651 1413 690 ipsi
1442 650 1601 689 exempla,
1620 650 1660 680 ita
1682 659 1769 681 como

142 698 321 738 positarum
338 698 450 737 optimi
464 698 603 736 judices.
623 698 717 729 Velut
734 699 766 728 in
792 698 962 729 Germania
978 698 1168 728 Fredericus
1189 698 1440 737 Christophorus
1461 699 1691 730 Sanossaaus.
1706 699 1762 736 qui

141 748 226 778 libro
258 756 374 786 paucos
401 752 474 778 ante
489 756 591 778 annos
606 748 691 778 edito
709 748 847 785 impetus
872 747 1114 786 imperatorum,
1139 746 1417 784 ConstantinOpoli
1442 750 1625 776 sanctorum
1648 746 1767 784 imagi-

140 804 199 827 nes
226 795 540 831 iufestantium,non
562 795 686 825 minore
716 796 865 826 acumine
893 803 988 834 quam
1016 793 1163 824 facundia
1186 793 1374 824 felicissimo
1399 794 1562 833 exposuit.
1589 794 1624 824 In
1652 794 1767 824 Russia

140 844 294 876 Nicolaus
313 844 493 879 Kmmsm,
513 842 656 874 historiae
674 843 910 883 probatissimae
933 847 1053 878 auctor,
1072 850 1134 881 qua
1161 842 1278 881 patrias
1306 842 1514 880 antiquitates
1541 850 1610 872 rara
1636 842 1765 872 dicendi

139 892 293 923 facultate
312 891 690 924 mirabiliterillustravit
710 902 716 921 :
733 896 763 922 et
783 891 972 930 cumprimis
992 890 1158 930 Philippus
1179 891 1283 926 Knua,
1299 891 1351 922 cui
1379 890 1444 931 jam
1470 891 1622 930 superius
1645 890 1768 922 debitas

141 940 260 980 gratias
281 940 474 980 meritasque
489 941 551 977 egi,
568 940 659 978 cujus
681 940 713 970 in
728 940 919 970 Tcntaminc
931 939 1041 969 critico
1057 939 1094 969 ad
1114 938 1340 969 illustrandalu
1362 938 1602 978 chronolosiam
1620 939 1770 978 Byzanti-

142 997 229 1023 nam,
243 987 404 1027 l’etropoli
423 988 501 1018 1810
531 987 657 1024 (omitto
673 987 734 1018 alia
757 987 827 1027 ejus
851 987 981 1026 scripta,
996 995 1069 1026 qua;
1085 986 1186 1017 multa
1204 987 1304 1027 sunt),
1321 985 1460 1026 perfecta
1482 995 1588 1017 rerum
1614 991 1680 1017 tum
1699 987 1767 1018 Sla-

144 1038 286 1068 vicarum
311 1041 374 1066 tum
401 1035 703 1074 septentrionalium
728 1035 884 1075 cognitio,
912 1043 1038 1066 summa
1066 1034 1189 1065 ratione
1215 1034 1576 1074 consideratissimaque
1599 1035 1769 1074 prudentia

142 1086 262 1124 adjula,
278 1085 391 1120 eluxit,
405 1083 563 1123 cujusque
583 1083 816 1115 eruditissimis
828 1083 1114 1115 observationibus
1139 1083 1172 1113 in
1203 1083 1261 1114 hoc
1279 1091 1410 1122 quoque
1433 1091 1532 1121 opere
1558 1083 1682 1114 edendo
1703 1092 1768 1114 non

144 1133 351 1165 mediocriter
370 1141 419 1162 me
433 1132 577 1171 adjutum
594 1140 665 1162 esse
681 1140 847 1172 nunquam
865 1132 1090 1163 dissimulabo.
1108 1132 1144 1163 In
1158 1131 1272 1168 Gallia,
1288 1132 1376 1162 omni
1405 1131 1565 1171 politioris
1583 1132 1769 1164 litteraturae

144 1181 406 1220 etantiquitatis,
425 1180 515 1210 omni
531 1179 740 1210 scientiarum
769 1189 887 1220 genere
906 1181 1081 1216 excellens,
1100 1181 1175 1211 Atil.
1195 1181 1312 1211 Joann.
1339 1180 1526 1216 Laraoaaa,
1555 1180 1665 1211 multis
1688 1180 1767 1211 mihi

145 1229 334 1261 nominibus
346 1229 473 1265 chartis,
491 1228 555 1258 non
573 1228 669 1258 modo
691 1228 827 1267 ingenio
841 1228 1179 1268 splendidissimo,sed
1195 1230 1305 1266 κριτικῇ
1334 1237 1464 1268 quoque
1491 1229 1648 1268 singulari
1673 1233 1770 1269 atquo

149 1277 311 1317 exquisita
326 1282 491 1316 praestans.
512 1277 620 1316 Neque
638 1275 682 1307 ibi
703 1280 774 1315 post
790 1277 1184 1317 Ameilhonis,scriptoris
1212 1277 1317 1316 politi,
1341 1286 1448 1316 neque
1470 1282 1541 1316 post
1570 1277 1625 1308 lib.
1646 1278 1715 1308 Bar.
1730 1278 1770 1308 de

148 1326 389 1362 Sainte-Cruix,
405 1325 465 1355 viri
486 1325 672 1361 venerandi,
689 1325 826 1361 obitum,
847 1334 953 1365 neque
975 1326 1009 1356 in
1033 1325 1198 1356 Britannia
1221 1329 1289 1363 post
1312 1325 1490 1356 Gibbonem
1520 1325 1583 1356 vita
1607 1325 1768 1363 functum,

145 1379 263 1406 desunt
278 1373 334 1404 alii
346 1373 465 1404 summi
481 1373 624 1404 doctrina
641 1382 836 1413 summoque
850 1373 974 1414 judicio
991 1374 1151 1410 homines,
1169 1373 1201 1404 in
1227 1374 1422 1413 exploranda
1447 1373 1641 1413 scriptorum
1671 1374 1770 1404 medii

145 1423 204 1454 aevi
223 1423 283 1453 ﬁde
297 1421 475 1452 exercitati.
492 1421 550 1451 His
573 1429 643 1460 ego,
663 1422 830 1452 transactis
851 1422 915 1461 jam
933 1421 1014 1452 meis
1031 1423 1187 1462 partibus,
1204 1423 1344 1453 Leonem
1373 1422 1522 1453 historica
1550 1423 1672 1454 ratione
1691 1423 1770 1453 illu-

147 1472 327 1507 strandum,
346 1470 373 1500 si
392 1470 503 1505 velint,
525 1470 626 1499 trado.
641 1469 721 1500 Mihi
742 1472 820 1500 satis
833 1469 905 1506 fuit,
922 1470 1086 1501 materiam
1112 1470 1189 1507 illis,
1207 1478 1270 1501 non
1289 1470 1453 1508 indignam
1471 1469 1619 1502 facultate
1633 1475 1664 1502 et
1679 1472 1771 1511 copia

146 1518 307 1557 ipsorum,
325 1516 498 1555 subjicere,
516 1515 715 1555 interimque
732 1516 764 1546 in
784 1525 881 1556 opere
896 1517 943 1548 sic
963 1518 1095 1554 versari,
1113 1522 1149 1549 ut
1173 1518 1318 1558 quwdam
1344 1517 1401 1548 otii
1433 1518 1494 1549 mei
1518 1524 1654 1549 exstaret
1678 1520 1770 1557 ratio,

146 1565 290 1604 indeque
320 1564 435 1595 litteris
462 1563 580 1594 Graeca;
609 1564 717 1603 aliqua
743 1573 784 1594 ex
810 1569 899 1604 parte
926 1565 1212 1606 locupletarentur.
1229 1566 1379 1597 ldtotum
1397 1567 1569 1598 consilium
1584 1566 1769 1607 factumque

149 1623 257 1644 meum
276 1613 302 1643 si
320 1621 336 1643 a
353 1613 455 1643 doctis
470 1611 672 1651 probabitur,
691 1612 781 1642 nullo
795 1613 858 1643 alio
870 1614 1012 1645 decorari
1030 1615 1168 1646 laborem
1188 1623 1294 1647 meum
1317 1615 1449 1654 prtemio
1463 1616 1598 1654 postulo,
1614 1617 1651 1647 ad
1668 1617 1769 1646 alios-

146 1671 211 1702 que
238 1661 444 1700 Byzantiuos,
471 1659 572 1690 simili
606 1661 728 1691 ratione
758 1661 910 1699 edendos,
927 1663 1034 1693 minus
1060 1664 1240 1695 verecunde
1265 1667 1527 1703 cunctanterque,
1546 1673 1640 1704 quam
1666 1666 1771 1696 adhuc

143 1711 220 1746 feci,
248 1709 428 1749 aggrediar.
449 1709 556 1739 Habeo
572 1708 658 1739 enim
673 1709 762 1748 prelo
781 1710 845 1749 jam
865 1710 987 1750 pridem
1016 1715 1123 1751 par-uta
1152 1711 1319 1742 Michaelis
1347 1712 1440 1743 Pselli
1469 1713 1622 1749 Annales,
1641 1712 1771 1751 Georgii

146 1758 324 1790 Hamartoli
344 1757 539 1794 Chroniron,
556 1757 729 1797 Nicephori
757 1759 908 1798 Gre-gora}
927 1759 1026 1790 libros
1042 1760 1166 1799 aliquot
1191 1759 1296 1790 adhuc
1317 1760 1451 1799 [XXXI]
1472 1760 1621 1797 ineditos,
1647 1765 1773 1792 sancto-

146 1816 222 1838 rum
242 1808 332 1837 Vitas
365 1807 439 1836 item
464 1805 615 1841 ineditas,
640 1805 807 1837 historiam
836 1807 1076 1838 smculidecimi
1097 1811 1128 1839 cl.
1145 1807 1299 1847 deinceps
1325 1808 1534 1847 sequentium
1558 1809 1769 1844 illustrantes,

146 1855 296 1894 Gregorii
318 1854 450 1885 Palamaa
465 1853 612 1884 libellum
632 1855 671 1884 de
684 1854 867 1893 captivitate
886 1863 944 1886 sua
965 1857 1003 1887 ad
1021 1856 1338 1891 Thessalonicenses,
1360 1856 1487 1897 aliaque
1507 1857 1537 1888 id
1569 1866 1684 1895 genus,
1700 1865 1773 1896 quae

146 1909 183 1935 ut
202 1904 306 1943 primo
321 1911 453 1942 quoque
469 1906 612 1941 tempore
627 1901 659 1933 in
674 1902 778 1933 lucem
794 1903 961 1942 prodeant,
978 1905 1074 1935 rebus
1089 1904 1289 1943 Byzantinis,
1304 1904 1539 1944 Slavorumque
1556 1905 1769 1936 etTurcarum

148 1953 265 1992 prisca:
297 1951 442 1982 historia;
467 1959 582 1982 novam
606 1950 712 1982 lucem
737 1951 885 1986 allatura,
902 1951 1065 1983 fautorum
1088 1951 1187 1991 hujus
1210 1952 1319 1992 operis
1351 1952 1526 1992 singularis
1552 1952 1773 1985 muniﬁcentia

144 2009 278 2041 sperare
297 2009 356 2031 nos
372 1999 476 2039 jubet.

186 2061 373 2093 Scribebam
391 2062 524 2094 Parisiis
541 2062 575 2094 in
595 2062 796 2094 Bibliotheca
815 2062 929 2102 Regia,
946 2062 1081 2094 Kalend.
1099 2062 1230 2092 Januar.
1247 2062 1497 2094 MDCCCXVIII.
