1910 3073
96 82 140 114 697

700 80 894 111 HISTORL‘E
906 81 980 113 LIB.
999 82 1040 112 II.

1642 70 1696 111 σοι

97 138 153 172 πρὸς
164 135 286 169 τοῦδαφος
300 135 491 170 κατεφέροντο.
505 135 536 162 Ol
551 135 579 162 δὲ
595 136 712 171 Κρῆτες,
723 135 760 171 τῷ
773 135 860 172 καινῷ

918 136 1059 165 »οτίευιυιιι
1074 143 1106 164 ac
1118 135 1257 164 servitutis
1274 135 1366 164 animo
1379 134 1542 169 recolentes,
1557 135 1697 172 constipa-

95 183 134 210 τοῦ
147 181 273 217 ὁράματος
294 179 492 216 θαμὸηθέντες,
518 177 564 207 ἐπ’
583 180 675 216 ὀλίγον
693 181 790 217 χρόνον
808 181 858 216 τὴν

97 229 171 264 μάχην
182 226 325 259 ιξέκλιναν,
340 222 378 261 τῷ
403 226 540 263 τεραστίῳ
561 227 788 261 καταπλαγέντες
809 227 858 254 τοῦ

96 271 250 308 πράγματος.
277 269 334 298 Εἶτ’
352 269 431 303 αὖθις
453 272 499 298 τὸν
521 272 572 306 τῆς
597 272 788 308 αἰχμαλωσίας
812 274 859 300 καὶ

95 317 200 348 δουλείας
212 316 436 351 ὑπολογισάμενοι
451 316 588 349 κίνδυνον,
613 318 653 349 εἰς
674 317 785 353 ἀρραγῆ
808 328 859 345 πα-

95 362 192 398 ράταξιν
200 361 414 397 συνηθροίζοντο,
424 362 471 389 κοιλ¹
478 363 523 389 διὰ
533 362 586 389 τῶν
599 364 859 398 κατερειπωθέντων

94 408 178 443 τειχῶν
191 407 236 443 τὴν
257 407 417 442 Ῥωμαϊκὴν
429 408 623 435 διαῦαίνουσαν
635 410 762 443 φάλαγγα
775 410 861 446 ερρω-

96 454 228 488 μενέστατα
245 453 415 488 ὑπῖδέχοντο,
438 454 584 489 δαιμονίως
606 463 635 481 τε
659 455 858 489 διηγωνίζοντο,

95 499 148 533 περὶ
160 499 244 534 ψυχὴν
262 499 284 515 ⁸³
300 500 511 529 κινδυνεύοντες.
527 501 606 536 ’Λρτι
622 499 650 527 δὲ
667 501 770 528 πολλῶν
784 502 861 528 ἀναι-

95 545 222 580 ρεθέντων,
233 545 294 572 licet
306 544 375 581 πρὸς
387 546 524 581 τοσαύτην
535 544 766 581 ἀνανταγώνιστον
775 547 861 582 ῥοπὴν

95 590 136 624 οὐχ
150 587 196 616 οἷοί
207 599 234 617 τε
245 588 316 626 ἦσαν
329 591 570 618 ἀντικαθίστασθαι
590 592 750 627 (ἐπέϐρισαν
766 593 820 627 γὰρ
833 593 860 619 aI

94 635 208 671 δυνάμεις
229 636 357 670 κατόπιν,
379 638 427 664 καὶ
447 636 569 673 ὠθισμὸς
593 634 779 670 ἀνυπόστατος
804 636 859 674 ἦν).

95 682 127 712 είς
147 682 229 716 φυγὴν
245 681 290 718 [Ρ.
308 682 352 719 16]
380 683 538 718 τρέπονται,
562 683 714 720 χωροῦντες
737 684 781 711 διὰ
807 685 861 711 τῶν

95 727 225 754 στενωπῶν
235 736 242 743 ·
260 727 392 764 Ῥωμαῖοι
404 729 432 755 δὲ
444 730 608 765 ἐφεπόμενοι
620 730 732 762 τούτους
745 731 862 767 ἀνῄρουν

95 772 213 806 ἀνηλεῶς.
227 774 260 800 Οί
274 773 301 800 δὲ
324 774 546 810 περιλειφθέντες
567 775 616 802 καὶ
634 776 710 808 ὅσους
725 776 775 803 οὐκ
792 776 860 811 ἔφθη

94 816 230 853 ἐκθερίζειν
247 818 305 854 (61)
335 819 349 845 ό
374 818 503 855 πόλεμος,
518 820 553 847 τὰ
577 821 647 847 ὅπλα
677 821 805 857 ῥίψαντες
823 823 862 853 είς
880 818 899 846 Β

94 863 200 890 ἱκετείαν
214 864 375 900 ἐτράποντο.
388 865 478 901 Ὅπερ
489 867 503 892 ὁ
516 867 667 902 στρατηγὸς
682 867 861 902 θεασάμενος,

93 908 130 934 τὸν
145 908 222 935 ἵππον
251 910 400 945 κεντρίσας
417 913 463 938 καὶ
483 912 528 938 τδν
554 913 651 947 δρόμον
685 913 861 948 ἐπιταχύνας,

93 953 219 987 εἰσήλαυνὲ
233 963 263 982 τε
285 956 332 982 καὶ
355 957 409 983 τῶν
431 958 606 993 στρατιωτῶν
621 958 672 993 τὴν
704 959 793 995 ὁρμὴν
816 959 860 985 άν-

93 999 196 1035 ετείχιζε
219 999 253 1034 ⁵⁸,
283 1001 321 1037 μὴ
344 1003 461 1029 κτείνειν
486 1001 641 1032 ἀναπείθων
658 1005 722 1037 τοὺς
737 1006 770 1031 τὰ
791 1002 862 1031 ὅπλα

93 1044 210 1078 ῥίψαντας
231 1047 350 1082 ἄνδρας,
384 1049 453 1084 μηδὲ
477 1050 548 1077 κατὰ
568 1049 654 1085 ψιλῶν
677 1050 724 1077 καὶ
754 1050 862 1077 ἀόπλων

913 187 941 209 ιο
957 182 1064 217 agmine
1077 181 1163 210 aciem
1184 185 1341 216 coegerunt,
1367 188 1469 217 perque
1485 188 1626 209 murorum
1649 187 1698 208 ru‘

912 228 976 255 dera
988 228 1175 255 Romanorum
1196 226 1356 261 phalangem
1371 227 1562 262 pervadentem
1579 227 1697 254 fortissi-

913 281 956 301 me
978 273 1153 308 excipientes,
1168 272 1318 308 majoribus
1332 280 1418 308 quam
1440 280 1490 308 pro
1503 273 1624 301 humana
1639 273 1696 300 vir-

913 323 970 347 tute
986 319 1085 347 animis
1099 319 1127 346 in
1144 319 1206 346 vitae
1218 318 1375 346 discrimine
1386 317 1562 345 dimicarunt.
1575 317 1695 344 Tandem

912 365 1005 393 multis
1016 365 1105 397 cassis,
1117 372 1178 392 cum
1191 368 1284 391 contra
1298 368 1352 391 tam
1365 363 1552 390 vehementem
1565 363 1696 397 impetum

913 412 1016 439 diutius
1027 411 1157 439 resistere
1167 418 1221 438 non
1239 413 1351 445 possent
1368 408 1524 444 (ingruebat
1535 409 1607 436 enim
1623 409 1663 436 vis
1682 416 1697 435 α

913 461 1000 491 tergo,
1016 455 1197 491 impressione
1222 461 1335 489 prorsus
1354 452 1541 487 intolerabili),
1557 452 1585 479 in
1607 452 1698 487 fugam

914 501 1038 531 conversi
1066 501 1093 528 in
1120 500 1270 536 angiportis
1303 506 1333 527 se
1366 499 1523 534 dejecerunt
1546 507 1553 526 :
1583 497 1702 525 Romani

913 555 979 575 vero
999 547 1114 575 insecuti
1133 547 1190 575 dire
1201 554 1249 574 eos
1267 546 1451 574 trucidabant.
1464 544 1534 572 Tum
1545 544 1592 579 qui
1607 544 1701 572 hacte-

915 601 968 622 nus
981 593 1141 628 superstites
1155 596 1244 625 erant,
1260 599 1292 620 ac
1311 595 1445 627 quotquot
1459 590 1559 618 bellum
1582 597 1636 617 non
1650 589 1703 616 dea

916 643 1075 671 messuerat,
1087 638 1223 674 proiectus
1240 637 1325 666 armis
1345 637 1378 664 ad
1399 643 1493 671 preces
1506 635 1701 671 confugerunt.-

915 685 974 719 Qua
1008 692 1037 713 re
1065 685 1136 718 visa,
1154 688 1264 720 praetor,
1294 683 1448 711 calcaribus
1474 690 1546 718 equo
1572 681 1703 713 οιιίκιίιίς-⁷

915 732 1052 761 concitato
1066 738 1150 758 cursu
1164 729 1294 766 oppidum
1320 728 1402 756 intrat
1418 732 1445 756 et
1468 727 1586 755 militum
1611 727 1701 761 impe-

917 783 974 806 tum
990 776 1107 804 inhibuit
1121 784 1128 803 :
1144 783 1205 804 non-
1224 782 1285 803 esse
1310 773 1487 802 trucidandos
1500 771 1630 803 suadens.
1651 771 1698 806 qui

915 830 990 850 arma
1013 821 1189 857 abjecissent,
1213 828 1263 848 nec
1287 820 1314 847 in
1329 819 1383 855 27
1408 819 1498 847 nudos
1522 825 1555 846 ac
1580 817 1703 844 inermes

916 867 1062 896 crudeliter
1077 871 1104 894 et
1120 865 1370 894 sine‘humanitate
1384 863 1544 892 irruendum
1560 871 1567 890 :
1584 870 1594 888 ι
1617 862 1702 889 iuliu-

916 913 1054 941 manitatis
1069 920 1130 940 esse
1144 911 1243 944 aiebat,
1262 919 1309 939 eos
1336 911 1384 946 qui
1415 910 1517 938 cedant
1539 914 1566 936 et
1591 915 1621 936 se
1636 907 1703 935 sub-

917 960 1024 995 jiciunt,
1042 967 1096 986 non
1119 966 1198 986 secus
1221 963 1303 993 atque
1329 957 1422 985 hostes
1450 956 1564 992 perdere
1592 957 1619 982 et
1653 954 1703 981 ob-

917 1010 1054 1032 truncare.
1073 1014 1083 1030 »
1102 1003 1151 1032 His
1166 1004 1258 1032 verbis
1290 1011 1361 1038 aegre
1387 1002 1441 1030 dux
1459 1000 1596 1030 crudelem
1617 999 1705 1034 impe-

916 1055 972 1077 tum
989 1050 1127 1077 exercitus
1147 1049 1265 1077 inhibuit
1275 1056 1306 1076 ac
1314 1048 1430 1076 sedavit.

92 1092 164 1126 ὠμῶς
186 1095 233 1121 καὶ
246 1095 439 1132 ἀπανθρώπως
456 1099 566 1135 χωρεῖν,
580 1097 777 1133 ἀπανθρωπίας
794 1099 881 1132 λέγων
901 1096 981 1131 εἶναι,
996 1098 1027 1125 τὸ
1049 1097 1161 1130 ὑπεῖξαν
1174 1097 1221 1124 καὶ
1239 1096 1349 1131 γεγονὸς
1369 1093 1705 1130 ὑποχείριονδιαφθείρειν

92 1139 135 1175 ἠδη
155 1141 199 1167 καὶ
221 1142 412 1170 ἀποκτιννύειν
434 1144 557 1181 ὡσπερεὶ
583 1145 721 1181 πολέμιον.
747 1146 859 1179 Τούτοις
876 1147 932 1178 τοῖς
967 1146 1058 1180 λόγοις
1076 1145 1153 1181 μόλις
1166 1145 1284 1180 ἐπέσχεν
1296 1145 1310 1172 ό
1343 1143 1496 1180 στρατηγὸς
1508 1143 1557 1178 τῆς
1572 1141 1705 1178 στρατιᾶὲ

93 1185 134 1221 τὴν
147 1188 287 1223 μιαιφόνον
300 1190 400 1226 ὁρμήν.

121 1244 152 1280 η’.
171 1244 243 1273 Ἐπεὶ
260 1247 290 1274 δὲ
305 1249 374 1275 διττὰ
393 1250 494 1285 κράτος
515 1251 573 1286 ἧλω
587 1252 604 1287 ἡ
622 1252 710 1285 πόλις,
734 1253 768 1279 τὰ
786 1261 862 1288 πρω-

93 1290 172 1318 τόλεια
196 1292 513 1330 ὑφελὼνόστρατητὸς,
543 1297 590 1324 καὶ
613 1297 644 1324 τὸ
669 1298 787 1334 ἀκμαῖον
811 1299 866 1325 τῶν

92 1334 261 1371 αίχμαλώτων
279 1338 554 1376 ἀνδραποδισάμενος,
574 1342 722 1378 διειληφώς
735 1352 765 1370 τε
779 1344 865 1370 ταῦτα

93 1383 132 1409 καὶ
146 1384 183 1415 είς
195 1384 224 1411 ὃν
239 1384 338 1421 ἔμελλε
350 1387 479 1422 κατάγειν
498 1387 631 1424 θρίαμϐον
646 1390 815 1426 διατηρήσας
827 1391 865 1423 ὡς

93 1428 210 1462 μάλιστα,
232 1431 269 1458 τὰ
292 1430 373 1459 λοιπὰ
394 1433 449 1465 τοῖς
475 1434 654 1469 στρατιώταις
685 1436 864 1472 προνομεύειν

91 1476 267 1524 προτίθεικεν.
293 1478 325 1505 Οἱ
350 1478 379 1505 δὲ
403 1479 447 1506 διὰ
468 1480 523 1508 τῶν
549 1481 682 1516 δωμάτων
713 1483 901 1524 χωροῦντεςρ

91 1520 181 1553 πολλὰς
202 1524 249 1550 καὶ
274 1523 431 1557 πολυτελεῖς
459 1527 630 1562 ἐκαρποῦντο
650 1528 699 1560 τὰς
719 1528 864 1563 ὠφελείας.

91 1564 208 1594 Πλεῖστον
227 1568 283 1603 γὰρ
305 1570 352 1596 καὶ
376 1570 572 1607 ἁνεξάντλητον
588 1572 642 1599 τῶν
657 1573 680 1589 ⁸⁸
695 1573 812 1609 Κρητῶν
823 1573 867 1601 λέ-

90 1619 160 1645 γεται
174 1614 251 1642 πόλιν
268 1615 344 1643 ἔνδον
367 1616 412 1643 τὸν
434 1617 512 1644 δλὸον
526 1619 740 1655 παρακατέχειν,
754 1620 800 1647 ἐπὶ
817 1628 864 1646 συ-

91 1657 214 1695 χνὸν.οὑχ
236 1661 340 1696 ἣκιστα
362 1662 590 1698 εὐημερήσασαν,
619 1665 750 1698 εὐμενοῦς
769 1674 798 1692 τε
819 1665 867 1692 καὶ

91 1704 213 1740 μειλιχίου
236 1706 415 1742 πειραθεῖσαν
432 1708 481 1743 τῆς
497 1709 593 1744 τύχης,
610 1711 656 1737 καὶ
676 1710 758 1746 μηδέν
772 1719 799 1737 τι
812 1710 867 1738 τῶν

90 1751 253 1781 ἁπενκταίων
274 1753 515 1789 καθυπομείνασαν
538 1756 605 1791 (62),
621 1756 639 1783 ἃ.
655 1757 669 1791 ἡ
685 1757 867 1793 παλίντροπος

88 1796 136 1823 τῶν
153 1799 254 1833 χρόνων
272 1800 344 1835 φορὰ
360 1801 461 1828 ὡσανεί
484 1811 559 1834 τινας
580 1803 668 1837 κῆρας
684 1804 866 1832 ιπικυλίνδειν

89 1842 173 1869 είωθεθ
202 1844 322 1878 μάλιστα
334 1845 362 1871 δὲ
381 1848 554 1881 πειρατικαίς
575 1848 621 1874 καὶ
644 1847 804 1884 λῃστρικαῖς
818 1856 866 1875 κε-

88 1888 219 1924 χρημένην
236 1890 412 1922 ὲκπλεύσεσι,
429 1891 482 1917 τῶν
499 1892 584 1925 γαιῶν
597 1892 866 1928 ἀμφοτέρων-ληῖσα-

89 1932 143 1959 σθαι
158 1934 189 1960 τὰ
201 1935 355 1971 παράκτια,
370 1937 424 1962 κάκ
434 1936 488 1962 τῶν
501 1937 627 1964 τοιούτων
639 1938 866 1973 ἐπιτηδευμάτων

87 1978 301 2016 ἀποθησαυρίσαι
319 1981 433 2008 πλοῦτον
446 1981 596 2017 ἀμύθητον.
616 1983 698 2010 Ἀλλὰ
710 1983 804 2010 τοῦτον
816 1984 866 2019 μὲν

88 2024 129 2050 τὸν
140 2028 237 2059 τρόπον
246 2026 308 2062 ἥλω
322 2026 352 2053 τὸ
367 2027 390 2042 "
405 2027 471 2054 ἄστυ
487 2028 612 2063 καὶπρὸς
629 2028 683 2056 τῶν
702 2029 866 2063 Ῥωμαϊκῶν

88 2070 183 2107 ἐλήφθη
215 2072 328 2108 χειρῶν.
361 2074 438 2100 Ἐπεὶ
462 2075 491 2101 δὲ
514 2074 548 2101 τὰ
575 2075 649 2102 ἔνδον
683 2075 867 2111 ἐκκεκόμιστο

87 2113 195 2148 ἅπαντα,
222 2118 270 2145 τὸν
293 2119 436 2154 περίϐολον
450 2120 464 2146 ό
482 2120 638 2156 Νικηφόρος
662 2122 865 2149 κατασκάπτειν

87 2161 287 2191 διακελεύεται·
303 2165 350 2191 τοῦ
365 2165 393 2192 δὲ
408 2167 530 2202 πολλαχῆ
544 2167 804 2202 κατερειπωθέντος,
822 2168 868 2194 ἐπὶ

89 2207 133 2242 τὴν
148 2208 239 2244 χώραν
251 2210 329 2242 αὖθις
344 2211 434 2246 ἀπῆγε
450 2212 499 2246 τὴν
509 2212 633 2248 δύναμιν.
655 2213 865 2249 ’Δνδραποδισά-

90 2255 162 2286 μενός
178 2264 208 2282 τε
227 2257 333 2292 ταύτην
359 2258 406 2284 καὶ
430 2258 603 2294 ληϊσάμενος,
630 2259 678 2286 καὶ
694 2259 724 2285 τὸ
737 2259 862 2292 ἀντίξουν

955 1252 981 1281 8.
1002 1251 1106 1287 Oppido
1118 1251 1143 1279 vi
1161 1254 1325 1286 expugnato,
1342 1253 1442 1285 praetor
1461 1250 1616 1278 subtractas
1641 1257 1703 1278 ma-

919 1299 1065 1326 nubiarum
1081 1298 1216 1333 primitias
1231 1297 1407 1332 captivosque
1423 1296 1587 1324 valentiores
1601 1296 1628 1323 in
1645 1303 1706 1323 ser-

919 1345 1031 1372 vitutem
1069 1344 1195 1371 redactos
1230 1342 1363 1377 seposuit,
1394 1342 1427 1370 ad
1469 1341 1704 1378 triumphumque,

918 1398 1000 1426 quem
1015 1391 1148 1418 ducturus
1170 1393 1238 1422 erat,
1251 1388 1395 1423 diligenter
1415 1389 1561 1417 reservavit
1579 1397 1586 1416 :
1601 1389 1710 1424 reliqua

920 1436 1054 1464 militibus
1087 1435 1238 1470 diripienda
1275 1435 1427 1470 proposuit.
1458 1434 1497 1462 llli
1531 1442 1578 1470 per
1610 1435 1710 1462 domos

919 1482 998 1510 ell'usi
1018 1482 1135 1518 praedam
1160 1480 1305 1516 plurimam
1322 1485 1349 1508 et
1373 1480 1545 1516 magniﬁcam
1572 1480 1704 1507 fecerunt.

920 1525 1019 1554 Fertur
1039 1527 1112 1554 enim
1135 1525 1306 1554 Cretensium
1330 1526 1459 1561 oppidum
1488 1533 1553 1561 opes
1582 1526 1705 1560 iungentes

918 1572 1187 1607 atqueinexhaustas
1200 1572 1370 1599 continuisse
1384 1579 1391 1597 :
1404 1576 1545 1606 propterea
1566 1571 1638 1606 quod
1657 1571 1705 1598 diu

917 1625 973 1646 non
1000 1625 1096 1653 parum
1118 1617 1194 1650 felix,
1211 1618 1357 1653 propitiam
1384 1617 1547 1652 facilemque
1561 1622 1703 1652 expertum

917 1663 1069 1695 I'ortunam,
1092 1663 1278 1691 calamitatum
1313 1663 1416 1691 nullam
1444 1663 1609 1698 pertulisset,
1634 1670 1704 1697 quas

919 1709 1066 1737 mutabiles
1079 1714 1232 1745 temporum
1242 1718 1340 1738 cursus
1354 1714 1483 1745 tanquam
1499 1710 1603 1745 aliquot
1618 1714 1707 1744 postas

920 1756 1043 1791 inﬂigere
1059 1755 1149 1784 solet:
1173 1760 1230 1784 tum
1256 1756 1385 1791 maxime,
1408 1756 1479 1792 quod
1507 1755 1628 1791 piraticis
1659 1763 1707 1782 cx-

919 1802 1094 1829 cursiouibus
1116 1805 1144 1829 et
1165 1801 1317 1829 latrociniis
1341 1810 1433 1834 usum,
1448 1801 1591 1836 utriusque
1616 1800 1706 1828 conti-

918 1849 1010 1876 nentis
1044 1849 1199 1884 populando
1224 1850 1327 1881 littora,
1342 1848 1478 1884 ejusmodi
1505 1848 1610 1875 artibus
1634 1846 1707 1874 divi-

919 1893 971 1921 tias
985 1893 1134 1921 ineﬂ'abiles
1153 1898 1352 1921 coacervasset.
1369 1893 1398 1920 In
1410 1893 1486 1920 hunc
1494 1893 1606 1920 modum
1626 1892 1705 1926 oppl-

920 1939 984 1967 dum
998 1944 1182 1975 expugnatum
1199 1939 1438 1974 Romanorumque
1450 1939 1578 1966 manibus
1596 1942 1706 1973 captum

920 1989 972 2013 est.
988 1985 1086 2013 Evecta
1102 1989 1163 2020 post
1181 1985 1238 2013 hac
1265 1985 1340 2013 omni
1368 1985 1548 2020 supellectile,
1563 1992 1706 2011 murorum

919 2032 1051 2059 ambitum
1072 2031 1177 2066 perfodi
1192 2036 1274 2066 atque
1289 2031 1378 2065 disjici
1407 2031 1578 2066 Nicephorus
1601 2029 1705 2065 jussit:

919 2086 975 2114 quo
991 2079 1085 2105 multis
1101 2079 1127 2104 in
1150 2078 1216 2106 locis
1243 2078 1392 2111 destructo,
1408 2078 1434 2105 in
1466 2085 1561 2112 agrum
1608 2083 1707 2104 rursus

920 2124 1011 2152 educit
1026 2126 1127 2160 copias.
1147 2124 1232 2158 Quem
1252 2124 1409 2160 populatus,
1426 2124 1582 2152 hominibus
1607 2124 1633 2150 in
1646 2131 1708 2150 ser-

885 2186 907 2213 D
919 2171 1031 2198 vitutem
1055 2171 1167 2203 redacti.
1184 2178 1247 2198 cum
1269 2171 1404 2206 quidquid
1418 2170 1547 2198 infestum
1559 2169 1708 2205 superfue-

920 2220 963 2243 rat
992 2216 1048 2251 28
1074 2216 1133 2244 sine
1169 2216 1304 2252 sanguine
1332 2216 1539 2253 subegisset,in
1566 2216 1705 2244 tumulum

915 2260 1059 2289 sublimem
1073 2261 1244 2297 arduumque
1259 2261 1331 2289 haud
1357 2261 1452 2296 procul
1477 2261 1511 2289 ab
1531 2261 1624 2289 excisa
1640 2261 1708 2288 urbe

663 2347 693 2374 C.
715 2347 745 2375 Β.
767 2347 1152 2376 ΗΑΒΙιΛΝΝΟΤᾹΤΙΟΝΕΒι

125 2434 147 2454 δ’
161 2437 238 2466 Fort.
254 2438 355 2475 ψυχῆς.
403 2438 431 2455 ⁸ο
441 2439 516 2467 Fort.
533 2439 698 2476 ἁνεχαίτιζε.

111 2518 170 2581 (SM)
183 2519 347 2560 Oportebat_
361 2518 573 2559 ExespICmv,_veI
585 2518 673 2559 potius
694 2518 839 2560 ὲκθερίσας
853 2527 860 2535 α

145 2557 188 2581 Inc
203 2554 324 2581 Leonem
341 2562 368 2581 In
383 2555 462 2581 culpa
474 2555 609 2581 arbitror:
627 2554 674 2580 Im.
693 2553 738 2581 25.
758 2555 802 2581 ubi
834 2563 860 2581 ιη

84 2553 127 2581 sed
145 2556 188 2582 hic
203 2554 324 2581 Leonem
341 2554 368 2581 in
383 2553 462 2588 culpa
474 2554 609 2581 arbitror:
627 2554 674 2580 lin.
693 2553 738 2586 25,
758 2553 802 2582 ubi
834 2555 861 2582 in

84 2590 145 2616 (οτι.
159 2596 200 2616 est
218 2589 381 2624 ἀνετείχιζε,
399 2590 454 2616 fere
467 2590 574 2615 credam
590 2589 733 2624 scripsisse
757 2589 865 2624 ἀνεχαί-

83 2625 145 2662 ῖιζε.
170 2625 255 2662 Certe
282 2623 535 2662 evagatam}?
549 2624 697 2662 bppﬁvﬂﬁ
770 2623 822 2662 εει-⁷
832 2625 863 2651 (ὲ.

83 2659 249 2694 ἐνιχαιτίζοι
276 2659 323 2700 τὴν
336 2658 438 2693 ἔφοδον
453 2658 486 2685 ‘20
499 2658 528 2684 ι).
543 2659 592 2701 τὰς
604 2658 713 2692 ἐφόδους
726 2658 864 2693 Nicepho-

84 2701 126 2721 ms
146 2695 213 2722 lmn.
231 2694 335 2722 Tactic.
351 2702 433 2722 supra
451 2693 552 2721 ll7.‘A.
565 2695 611 2720 last
627 2695 738 2721 verbum
751 2693 862 2722 Demos-

85 2702 126 2721 ms
146 2702 213 2730 Imp.
231 2702 248 2721 'l
256 2702 335 2722 acuc.
351 2702 433 2729 supra
451 2702 552 2721 tum.
565 2702 611 2720 usu.
627 2702 738 2721 vernum
751 2702 860 2722 uemos-

85 2728 232 2763 Ihenicum,
263 2737 333 2763 saepe
357 2730 392 2756 ibi
411 2734 531 2756 notatum
557 2736 571 2755 a
601 2729 715 2762 criticis,
728 2734 860 2757 veterum.

84 2762 142 2791 lid.
161 2762 342 2792 Maussacfad
362 2764 516 2798 Harpocrut.
535 2763 577 2790 42.
598 2763 628 2790 C.

751 2441 773 2457 "
789 2441 853 2470 τῶν.
874 2441 940 2478 Leg.
954 2443 1004 2478 τὴν
1020 2442 1077 2470 sive
1089 2442 1139 2478 τὴν
1154 2443 1218 2470 τῶν.

1279 2443 1300 2458 ⁵¹
1317 2441 1373 2469 alio
1385 2442 1415 2468 τό
1430 2442 1492 2470 cod.

952 2521 1008 2556 (62)
1029 2521 1218 2556 Καθυπομινω
1244 2519 1360 2553 adiunge
1373 2517 1482 2556 [sericis
1506 2526 1538 2545 ex
1564 2519 1616 2547 hoc
1643 2520 1705 2548 loco

917 2553 986 2589 eque
999 2553 1086 2584 altero
1100 2553 1150 2583 2οξ
1161 2556 1191 2583 Β.
1211 2555 1315 2589 Addam
1327 2553 1504 2589 auctoritates
1517 2560 1705 2589 quantaecum-

918 2587 972 2625 que
986 2596 1049 2619 sunt
1068 2591 1202 2625 Anonymi
1224 2590 1261 2617 De
1285 2587 1344 2614 Vita
1369 2587 1399 2615 S.
1416 2587 1609 2623 Chrysostom.
1632 2588 1701 2618 VIII.

918 2626 979 2653 571.
1000 2627 1027 2654 9.
1055 2626 1180 2652 ἑκούσιον
1195 2624 1244 2654 τὴν
1267 2624 1327 2654 βίαν
1348 2623 1590 2654 καθυπομένοντας
1606 2633 1613 2641 ·
1629 2630 1656 2652 et
1673 2625 1701 2652 S.

918 2624 979 2653 37L
1000 2627 1027 2654 9.
1055 2624 1180 2652 ἑκούσιον
1195 2624 1244 2660 τὴν
1267 2624 1327 2659 βίαν
1348 2624 1590 2658 καθυπομένοντας
1606 2633 1613 2641 ·
1629 2630 1656 2652 et
1673 2625 1704 2652 S.

917 2661 1056 2696 Gregeutii
1071 2660 1237 2696 'I‘ephrensis
1254 2659 1387 2696 Qisputat.
1401 2658 1571 2696 c_um__Judato
1587 2660 1647 2696 I77.
1669 2661 1707 2687 At.

915 2697 954 2727 si:
966 2692 996 2722 ἕο
1007 2692 1136 2731 ζωοποιδν
1150 2695 1234 2731 ὄνομα
1247 2694 1295 2729 τῆς
1313 2692 1392 2727 ἁγίας
1402 2693 1517 2728 Τριάδος
1531 2695 1584 2723 καὶ
1593 2695 1710 2731 χείρονα

915 2731 1019 2758 τούτων
1035 2730 1283 2765 καθυπομὼουσιν.
