  <div class='ocr_page' id='page_1' title='image "/cluster/home/n/w/nwhite01/storage/ocr_20150623/117/njp.32101010943940/482.png"; bbox 0 0 1915 3078; ppageno 0'>
   <div class='ocr_carea' id='block_1_1' title="bbox 89 205 880 242">
    <p class='ocr_par' dir='ltr' id='par_1_1' title="bbox 89 205 880 242">
     <span class='ocr_line' id='line_1_1' title="bbox 89 205 880 242; baseline -0.001 -9"><span class='ocrx_word' id='word_1_1' title='bbox 89 206 234 241; x_wconf 75' lang='grc' dir='ltr'>βασιλείας</span> <span class='ocrx_word' id='word_1_2' title='bbox 250 205 328 242; x_wconf 75' lang='grc' dir='ltr'>ἡνίας</span> <span class='ocrx_word' id='word_1_3' title='bbox 348 205 492 240; x_wconf 76' lang='grc' dir='ltr'>Ἰωάννης,</span> <span class='ocrx_word' id='word_1_4' title='bbox 512 205 527 232; x_wconf 82' lang='grc' dir='ltr'><strong>ὁ</strong></span> <span class='ocrx_word' id='word_1_5' title='bbox 547 206 608 232; x_wconf 78' lang='grc' dir='ltr'>κατ’</span> <span class='ocrx_word' id='word_1_6' title='bbox 623 205 767 240; x_wconf 73' lang='grc' dir='ltr'>ὲπίκλησιν</span> <span class='ocrx_word' id='word_1_7' title='bbox 784 206 880 240; x_wconf 76' lang='grc' dir='ltr'>Τζιμι-</span> 
     </span>
    </p>
   </div>
   <div class='ocr_carea' id='block_1_2' title="bbox 86 251 882 287">
    <p class='ocr_par' dir='ltr' id='par_1_2' title="bbox 86 251 882 287">
     <span class='ocr_line' id='line_1_2' title="bbox 86 251 882 287; baseline 0 -9"><span class='ocrx_word' id='word_1_8' title='bbox 86 252 178 287; x_wconf 78' lang='grc' dir='ltr'>σιῆς,</span> <span class='ocrx_word' id='word_1_9' title='bbox 196 251 394 283; x_wconf 73' lang='grc' dir='ltr'>ὺποζὼννυται.</span> <span class='ocrx_word' id='word_1_10' title='bbox 414 251 483 286; x_wconf 84' lang='grc' dir='ltr'><strong>Ἤδη</strong></span> <span class='ocrx_word' id='word_1_11' title='bbox 504 251 532 277; x_wconf 79' lang='grc' dir='ltr'>δὲ</span> <span class='ocrx_word' id='word_1_12' title='bbox 549 253 683 285; x_wconf 79' lang='grc' dir='ltr'>τετάρτης</span> <span class='ocrx_word' id='word_1_13' title='bbox 703 253 741 286; x_wconf 84' lang='grc'><strong>(5)</strong></span> <span class='ocrx_word' id='word_1_14' title='bbox 759 251 882 285; x_wconf 81' lang='grc' dir='ltr'><strong>φυλακῆς</strong></span> 
     </span>
    </p>
   </div>
   <div class='ocr_carea' id='block_1_3' title="bbox 85 296 883 333">
    <p class='ocr_par' dir='ltr' id='par_1_3' title="bbox 85 296 883 333">
     <span class='ocr_line' id='line_1_3' title="bbox 85 296 883 333; baseline 0 -10"><span class='ocrx_word' id='word_1_15' title='bbox 85 299 140 333; x_wconf 85' lang='grc' dir='ltr'>τῆς</span> <span class='ocrx_word' id='word_1_16' title='bbox 159 297 258 328; x_wconf 78' lang='grc' dir='ltr'>νυκτὸς</span> <span class='ocrx_word' id='word_1_17' title='bbox 278 297 449 332; x_wconf 77' lang='grc' dir='ltr'><strong>ἀρχομένης,</strong></span> <span class='ocrx_word' id='word_1_18' title='bbox 469 297 586 332; x_wconf 74' lang='grc' dir='ltr'>ἑϐδόμης</span> <span class='ocrx_word' id='word_1_19' title='bbox 606 297 713 332; x_wconf 80' lang='grc' dir='ltr'>ἡμέρας</span> <span class='ocrx_word' id='word_1_20' title='bbox 736 296 883 332; x_wconf 83' lang='grc' dir='ltr'>διαφανού-</span> 
     </span>
    </p>
   </div>
   <div class='ocr_carea' id='block_1_4' title="bbox 86 342 881 379">
    <p class='ocr_par' dir='ltr' id='par_1_4' title="bbox 86 342 881 379">
     <span class='ocr_line' id='line_1_4' title="bbox 86 342 881 379; baseline -0.001 -10"><span class='ocrx_word' id='word_1_21' title='bbox 86 352 141 378; x_wconf 84' lang='grc' dir='ltr'><strong>σης</strong></span> <span class='ocrx_word' id='word_1_22' title='bbox 151 344 172 376; x_wconf 77' lang='grc'>⁸,</span> <span class='ocrx_word' id='word_1_23' title='bbox 196 343 344 378; x_wconf 69' lang='grc' dir='ltr'>ἑνδεκάτης</span> <span class='ocrx_word' id='word_1_24' title='bbox 368 342 501 378; x_wconf 79' lang='grc' dir='ltr'><strong>τελούσης</strong></span> <span class='ocrx_word' id='word_1_25' title='bbox 524 343 572 369; x_wconf 86' lang='grc' dir='ltr'>τοῦ</span> <span class='ocrx_word' id='word_1_26' title='bbox 591 343 758 379; x_wconf 81' lang='grc' dir='ltr'>Δεκεμϐρίου</span> <span class='ocrx_word' id='word_1_27' title='bbox 778 343 881 377; x_wconf 75' lang='grc' dir='ltr'>μηνὸς,</span> 
     </span>
    </p>
   </div>
   <div class='ocr_carea' id='block_1_5' title="bbox 85 390 882 425">
    <p class='ocr_par' dir='ltr' id='par_1_5' title="bbox 85 390 882 425">
     <span class='ocr_line' id='line_1_5' title="bbox 85 390 882 425; baseline 0 -9"><span class='ocrx_word' id='word_1_28' title='bbox 85 390 161 416; x_wconf 84' lang='grc' dir='ltr'><strong>κατά</strong></span> <span class='ocrx_word' id='word_1_29' title='bbox 176 391 227 425; x_wconf 77' lang='grc' dir='ltr'>τὴν</span> <span class='ocrx_word' id='word_1_30' title='bbox 247 390 478 424; x_wconf 76' lang='grc' dir='ltr'><strong>τρισκαιδεκάτην</strong></span> <span class='ocrx_word' id='word_1_31' title='bbox 503 390 619 416; x_wconf 85' lang='grc' dir='ltr'>ίνδικτον</span> <span class='ocrx_word' id='word_1_32' title='bbox 637 390 684 417; x_wconf 76' lang='grc' dir='ltr'>τοῦ</span> <span class='ocrx_word' id='word_1_33' title='bbox 702 390 882 425; x_wconf 77' lang='grc' dir='ltr'>ἑξακισχιλιο-</span> 
     </span>
    </p>
   </div>
   <div class='ocr_carea' id='block_1_6' title="bbox 86 436 879 472">
    <p class='ocr_par' dir='ltr' id='par_1_6' title="bbox 86 436 879 472">
     <span class='ocr_line' id='line_1_6' title="bbox 86 436 879 472; baseline 0.001 -10"><span class='ocrx_word' id='word_1_34' title='bbox 86 437 154 463; x_wconf 82' lang='grc' dir='ltr'>στοῦ</span> <span class='ocrx_word' id='word_1_35' title='bbox 180 436 407 472; x_wconf 81' lang='grc' dir='ltr'>τετρακοσιοστοῦ</span> <span class='ocrx_word' id='word_1_36' title='bbox 435 436 637 471; x_wconf 78' lang='grc' dir='ltr'>ἑϐδομηκοστοῦ</span> <span class='ocrx_word' id='word_1_37' title='bbox 664 437 757 471; x_wconf 82' lang='grc' dir='ltr'><strong>ὀγδόου</strong></span> <span class='ocrx_word' id='word_1_38' title='bbox 787 437 879 469; x_wconf 72' lang='grc' dir='ltr'>ἔτους,</span> 
     </span>
    </p>
   </div>
   <div class='ocr_carea' id='block_1_7' title="bbox 84 482 881 517">
    <p class='ocr_par' dir='ltr' id='par_1_7' title="bbox 84 482 881 517">
     <span class='ocr_line' id='line_1_7' title="bbox 84 482 881 517; baseline -0.001 -9"><span class='ocrx_word' id='word_1_39' title='bbox 84 482 211 516; x_wconf 74' lang='grc' dir='ltr'>λογάδων</span> <span class='ocrx_word' id='word_1_40' title='bbox 228 482 334 517; x_wconf 79' lang='grc' dir='ltr'>ἀνδρῶν</span> <span class='ocrx_word' id='word_1_41' title='bbox 349 483 452 516; x_wconf 77' lang='grc' dir='ltr'>στῖφος,</span> <span class='ocrx_word' id='word_1_42' title='bbox 470 482 514 509; x_wconf 77' lang='grc' dir='ltr'><strong>διὰ</strong></span> <span class='ocrx_word' id='word_1_43' title='bbox 528 483 583 509; x_wconf 85' lang='grc' dir='ltr'>τῶν</span> <span class='ocrx_word' id='word_1_44' title='bbox 595 482 700 516; x_wconf 79' lang='grc' dir='ltr'>ἀγυιῶν</span> <span class='ocrx_word' id='word_1_45' title='bbox 714 482 761 508; x_wconf 80' lang='grc' dir='ltr'><strong>τοῦ</strong></span> <span class='ocrx_word' id='word_1_46' title='bbox 776 482 881 513; x_wconf 75' lang='grc' dir='ltr'>ἄστεως</span> 
     </span>
    </p>
   </div>
   <div class='ocr_carea' id='block_1_8' title="bbox 83 527 881 562">
    <p class='ocr_par' dir='ltr' id='par_1_8' title="bbox 83 527 881 562">
     <span class='ocr_line' id='line_1_8' title="bbox 83 527 881 562; baseline -0.003 -8"><span class='ocrx_word' id='word_1_47' title='bbox 83 527 276 562; x_wconf 69' lang='grc' dir='ltr'><strong>διερχόμενον,</strong></span> <span class='ocrx_word' id='word_1_48' title='bbox 294 527 484 562; x_wconf 74' lang='grc' dir='ltr'>αὐτοκράτορα</span> <span class='ocrx_word' id='word_1_49' title='bbox 512 527 656 562; x_wconf 82' lang='grc' dir='ltr'>Ῥωμαίων</span> <span class='ocrx_word' id='word_1_50' title='bbox 677 527 723 554; x_wconf 77' lang='grc' dir='ltr'>τὸν</span> <span class='ocrx_word' id='word_1_51' title='bbox 753 527 881 562; x_wconf 82' lang='grc' dir='ltr'>Ἰωάννην</span> 
     </span>
    </p>
   </div>
   <div class='ocr_carea' id='block_1_9' title="bbox 84 573 880 609">
    <p class='ocr_par' dir='ltr' id='par_1_9' title="bbox 84 573 880 609">
     <span class='ocr_line' id='line_1_9' title="bbox 84 573 880 609; baseline -0.001 -9"><span class='ocrx_word' id='word_1_52' title='bbox 84 574 137 600; x_wconf 76' lang='grc' dir='ltr'><strong>σὺν</strong></span> <span class='ocrx_word' id='word_1_53' title='bbox 162 575 219 605; x_wconf 75' lang='grc' dir='ltr'>τοῖς</span> <span class='ocrx_word' id='word_1_54' title='bbox 240 573 288 600; x_wconf 80' lang='grc' dir='ltr'>τοῦ</span> <span class='ocrx_word' id='word_1_55' title='bbox 310 574 360 608; x_wconf 76' lang='grc' dir='ltr'><strong>ήδη</strong></span> <span class='ocrx_word' id='word_1_56' title='bbox 383 573 593 609; x_wconf 69' lang='grc' dir='ltr'><strong>βασιλεύσαντος</strong></span> <span class='ocrx_word' id='word_1_57' title='bbox 620 573 760 608; x_wconf 78' lang='grc' dir='ltr'>Ῥωμανοῧ</span> <span class='ocrx_word' id='word_1_58' title='bbox 785 573 880 599; x_wconf 78' lang='grc' dir='ltr'>παισὶν</span> 
     </span>
    </p>
   </div>
   <div class='ocr_carea' id='block_1_10' title="bbox 83 615 880 654">
    <p class='ocr_par' dir='ltr' id='par_1_10' title="bbox 83 615 880 654">
     <span class='ocr_line' id='line_1_10' title="bbox 83 615 880 654; baseline 0 -10"><span class='ocrx_word' id='word_1_59' title='bbox 83 619 273 654; x_wconf 70' lang='grc' dir='ltr'>ἀνηγόρευον·</span> <span class='ocrx_word' id='word_1_60' title='bbox 290 615 331 650; x_wconf 80' lang='grc' dir='ltr'>οἷς</span> <span class='ocrx_word' id='word_1_61' title='bbox 345 619 377 645; x_wconf 78' lang='grc' dir='ltr'>ἐκ</span> <span class='ocrx_word' id='word_1_62' title='bbox 397 619 581 653; x_wconf 82' lang='grc' dir='ltr'>διαστήματος</span> <span class='ocrx_word' id='word_1_63' title='bbox 594 619 722 653; x_wconf 75' lang='grc' dir='ltr'><strong>ἐφείπετο</strong></span> <span class='ocrx_word' id='word_1_64' title='bbox 741 618 880 650; x_wconf 78' lang='grc' dir='ltr'>Βασίλειος</span> 
     </span>
    </p>
   </div>
   <div class='ocr_carea' id='block_1_11' title="bbox 82 663 879 698">
    <p class='ocr_par' dir='ltr' id='par_1_11' title="bbox 82 663 879 698">
     <span class='ocr_line' id='line_1_11' title="bbox 82 663 879 698; baseline -0.001 -7"><span class='ocrx_word' id='word_1_65' title='bbox 82 665 98 691; x_wconf 81' lang='grc' dir='ltr'><strong><em>ὸ</em></strong></span> <span class='ocrx_word' id='word_1_66' title='bbox 115 664 216 697; x_wconf 76' lang='grc' dir='ltr'>Νόθος,</span> <span class='ocrx_word' id='word_1_67' title='bbox 236 663 375 698; x_wconf 85' lang='grc' dir='ltr'>Ῥωμανοῦ</span> <span class='ocrx_word' id='word_1_68' title='bbox 391 664 437 690; x_wconf 82' lang='grc' dir='ltr'>τοῦ</span> <span class='ocrx_word' id='word_1_69' title='bbox 451 664 534 690; x_wconf 84' lang='grc' dir='ltr'>πάλαι</span> <span class='ocrx_word' id='word_1_70' title='bbox 547 664 749 698; x_wconf 77' lang='grc' dir='ltr'><strong>αὐτοκράτορος</strong></span> <span class='ocrx_word' id='word_1_71' title='bbox 761 664 794 690; x_wconf 79' lang='grc' dir='ltr'>ὲκ</span> <span class='ocrx_word' id='word_1_72' title='bbox 809 664 879 690; x_wconf 80' lang='grc' dir='ltr'>Σκυ-</span> 
     </span>
    </p>
   </div>
   <div class='ocr_carea' id='block_1_12' title="bbox 82 709 879 745">
    <p class='ocr_par' dir='ltr' id='par_1_12' title="bbox 82 709 879 745">
     <span class='ocr_line' id='line_1_12' title="bbox 82 709 879 745; baseline 0 -8"><span class='ocrx_word' id='word_1_73' title='bbox 82 711 159 741; x_wconf 74' lang='grc' dir='ltr'>θίδος</span> <span class='ocrx_word' id='word_1_74' title='bbox 172 710 241 742; x_wconf 75' lang='grc' dir='ltr'>υίὸς,</span> <span class='ocrx_word' id='word_1_75' title='bbox 254 710 293 745; x_wconf 87' lang='grc' dir='ltr'>τῷ</span> <span class='ocrx_word' id='word_1_76' title='bbox 307 710 354 736; x_wconf 81' lang='grc' dir='ltr'>τοῦ</span> <span class='ocrx_word' id='word_1_77' title='bbox 375 710 509 745; x_wconf 84' lang='grc' dir='ltr'>προέδρου</span> <span class='ocrx_word' id='word_1_78' title='bbox 525 710 717 745; x_wconf 78' lang='grc' dir='ltr'>ὲκδιαπρὲπιυν</span> <span class='ocrx_word' id='word_1_79' title='bbox 733 709 879 744; x_wconf 80' lang='grc' dir='ltr'>ἀξιώματι.</span> 
     </span>
    </p>
   </div>
   <div class='ocr_carea' id='block_1_13' title="bbox 82 755 880 791">
    <p class='ocr_par' dir='ltr' id='par_1_13' title="bbox 82 755 880 791">
     <span class='ocr_line' id='line_1_13' title="bbox 82 755 880 791; baseline 0 -9"><span class='ocrx_word' id='word_1_80' title='bbox 82 756 246 790; x_wconf 59' lang='grc' dir='ltr'>Νικηφόρος</span> <span class='ocrx_word' id='word_1_81' title='bbox 258 755 297 786; x_wconf 68' lang='grc' dir='ltr'>δὲ,</span> <span class='ocrx_word' id='word_1_82' title='bbox 312 755 393 790; x_wconf 66' lang='grc' dir='ltr'>μόνος</span> <span class='ocrx_word' id='word_1_83' title='bbox 406 756 460 783; x_wconf 85' lang='grc' dir='ltr'>τῶν</span> <span class='ocrx_word' id='word_1_84' title='bbox 475 756 576 783; x_wconf 80' lang='grc' dir='ltr'>λοιπῶν</span> <span class='ocrx_word' id='word_1_85' title='bbox 591 756 741 789; x_wconf 80' lang='grc' dir='ltr'>οεὸαστῶν,</span> <span class='ocrx_word' id='word_1_86' title='bbox 754 757 783 788; x_wconf 83' lang='grc' dir='ltr'>ἐς</span> <span class='ocrx_word' id='word_1_87' title='bbox 795 757 880 791; x_wconf 74' lang='grc' dir='ltr'>γέρας</span> 
     </span>
    </p>
   </div>
   <div class='ocr_carea' id='block_1_14' title="bbox 81 800 878 837">
    <p class='ocr_par' dir='ltr' id='par_1_14' title="bbox 81 800 878 837">
     <span class='ocr_line' id='line_1_14' title="bbox 81 800 878 837; baseline 0 -10"><span class='ocrx_word' id='word_1_88' title='bbox 81 801 123 836; x_wconf 85' lang='grc' dir='ltr'>τῷ</span> <span class='ocrx_word' id='word_1_89' title='bbox 133 801 214 836; x_wconf 72' lang='grc' dir='ltr'>ἀνδρὶ</span> <span class='ocrx_word' id='word_1_90' title='bbox 229 800 331 836; x_wconf 82' lang='grc' dir='ltr'>ταύτην</span> <span class='ocrx_word' id='word_1_91' title='bbox 348 802 546 837; x_wconf 77' lang='grc' dir='ltr'>ὲκαινοτόμησε</span> <span class='ocrx_word' id='word_1_92' title='bbox 561 802 611 836; x_wconf 82' lang='grc' dir='ltr'>τὴν</span> <span class='ocrx_word' id='word_1_93' title='bbox 626 803 709 836; x_wconf 79' lang='grc' dir='ltr'>τιμήν</span> <span class='ocrx_word' id='word_1_94' title='bbox 721 802 770 837; x_wconf 83' lang='grc'><strong>(6)·</strong></span> <span class='ocrx_word' id='word_1_95' title='bbox 783 802 878 837; x_wconf 73' lang='grc' dir='ltr'>ὅσπερ,</span> 
     </span>
    </p>
   </div>
   <div class='ocr_carea' id='block_1_15' title="bbox 81 846 878 882">
    <p class='ocr_par' dir='ltr' id='par_1_15' title="bbox 81 846 878 882">
     <span class='ocr_line' id='line_1_15' title="bbox 81 846 878 882; baseline 0.003 -10"><span class='ocrx_word' id='word_1_96' title='bbox 81 848 107 873; x_wconf 77' lang='grc' dir='ltr'>εἰ</span> <span class='ocrx_word' id='word_1_97' title='bbox 123 846 175 873; x_wconf 82' lang='grc' dir='ltr'>καὶ</span> <span class='ocrx_word' id='word_1_98' title='bbox 189 847 320 881; x_wconf 77' lang='grc' dir='ltr'>ἐκτομίας</span> <span class='ocrx_word' id='word_1_99' title='bbox 335 848 493 882; x_wconf 78' lang='grc' dir='ltr'>ἐτύγχανεν,</span> <span class='ocrx_word' id='word_1_100' title='bbox 510 847 578 874; x_wconf 79' lang='grc' dir='ltr'>ἀλλὰ</span> <span class='ocrx_word' id='word_1_101' title='bbox 603 847 744 882; x_wconf 86' lang='grc' dir='ltr'>τηνάλλως</span> <span class='ocrx_word' id='word_1_102' title='bbox 759 848 878 882; x_wconf 87' lang='grc' dir='ltr'>δραστή-</span> 
     </span>
    </p>
   </div>
   <div class='ocr_carea' id='block_1_16' title="bbox 82 892 877 928">
    <p class='ocr_par' dir='ltr' id='par_1_16' title="bbox 82 892 877 928">
     <span class='ocr_line' id='line_1_16' title="bbox 82 892 877 928; baseline 0.001 -10"><span class='ocrx_word' id='word_1_103' title='bbox 82 892 144 927; x_wconf 81' lang='grc' dir='ltr'>ριός</span> <span class='ocrx_word' id='word_1_104' title='bbox 165 900 195 918; x_wconf 81' lang='grc' dir='ltr'><strong>τε</strong></span> <span class='ocrx_word' id='word_1_105' title='bbox 215 893 263 918; x_wconf 78' lang='grc' dir='ltr'>καὶ</span> <span class='ocrx_word' id='word_1_106' title='bbox 282 892 411 927; x_wconf 80' lang='grc' dir='ltr'>ἀγχίνους</span> <span class='ocrx_word' id='word_1_107' title='bbox 436 893 559 928; x_wconf 77' lang='grc' dir='ltr'>ὑπῆρχεν</span> <span class='ocrx_word' id='word_1_108' title='bbox 575 893 660 928; x_wconf 77' lang='grc' dir='ltr'>ἀνὴρ,</span> <span class='ocrx_word' id='word_1_109' title='bbox 681 893 807 927; x_wconf 77' lang='grc' dir='ltr'>εὐφυῶς⁵</span> <span class='ocrx_word' id='word_1_110' title='bbox 821 895 877 924; x_wconf 82' lang='grc' dir='ltr'>τοῖς</span> 
     </span>
    </p>
   </div>
   <div class='ocr_carea' id='block_1_17' title="bbox 80 938 876 974">
    <p class='ocr_par' dir='ltr' id='par_1_17' title="bbox 80 938 876 974">
     <span class='ocr_line' id='line_1_17' title="bbox 80 938 876 974; baseline 0.001 -10"><span class='ocrx_word' id='word_1_111' title='bbox 80 938 247 973; x_wconf 78' lang='grc' dir='ltr'>πράγμασιν</span> <span class='ocrx_word' id='word_1_112' title='bbox 262 939 290 965; x_wconf 84' lang='grc' dir='ltr'>ὲν</span> <span class='ocrx_word' id='word_1_113' title='bbox 305 939 500 973; x_wconf 80' lang='grc' dir='ltr'>περιστάσεσιν</span> <span class='ocrx_word' id='word_1_114' title='bbox 517 940 733 974; x_wconf 74' lang='grc' dir='ltr'>ἁρμοττόμενος.</span> <span class='ocrx_word' id='word_1_115' title='bbox 749 939 876 974; x_wconf 80' lang='grc' dir='ltr'>Συνωμό-</span> 
     </span>
    </p>
   </div>
   <div class='ocr_carea' id='block_1_18' title="bbox 79 983 876 1020">
    <p class='ocr_par' dir='ltr' id='par_1_18' title="bbox 79 983 876 1020">
     <span class='ocr_line' id='line_1_18' title="bbox 79 983 876 1020; baseline 0.003 -11"><span class='ocrx_word' id='word_1_116' title='bbox 79 993 132 1018; x_wconf 86' lang='grc' dir='ltr'><strong>της</strong></span> <span class='ocrx_word' id='word_1_117' title='bbox 145 984 176 1010; x_wconf 73' lang='grc' dir='ltr'>δὲ</span> <span class='ocrx_word' id='word_1_118' title='bbox 191 983 229 1009; x_wconf 83' lang='grc' dir='ltr'>ὢν</span> <span class='ocrx_word' id='word_1_119' title='bbox 249 983 372 1019; x_wconf 81' lang='grc' dir='ltr'><strong>Ἰωάννῃ,</strong></span> <span class='ocrx_word' id='word_1_120' title='bbox 390 985 438 1011; x_wconf 74' lang='grc' dir='ltr'>καὶ</span> <span class='ocrx_word' id='word_1_121' title='bbox 455 985 514 1012; x_wconf 90' lang='grc' dir='ltr'>λίαν</span> <span class='ocrx_word' id='word_1_122' title='bbox 534 985 658 1017; x_wconf 79' lang='grc' dir='ltr'><strong>ἐκτόπως</strong></span> <span class='ocrx_word' id='word_1_123' title='bbox 673 986 748 1020; x_wconf 78' lang='grc' dir='ltr'>αύτῷ</span> <span class='ocrx_word' id='word_1_124' title='bbox 763 986 876 1020; x_wconf 80' lang='grc' dir='ltr'>φιλικῶς</span> 
     </span>
    </p>
   </div>
   <div class='ocr_carea' id='block_1_19' title="bbox 78 1030 876 1066">
    <p class='ocr_par' dir='ltr' id='par_1_19' title="bbox 78 1030 876 1066">
     <span class='ocr_line' id='line_1_19' title="bbox 78 1030 876 1066; baseline 0.003 -10"><span class='ocrx_word' id='word_1_125' title='bbox 78 1030 269 1063; x_wconf 76' lang='grc' dir='ltr'>διακείμενος,</span> <span class='ocrx_word' id='word_1_126' title='bbox 291 1030 444 1066; x_wconf 68' lang='grc' dir='ltr'>ἐσκήπτετο</span> <span class='ocrx_word' id='word_1_127' title='bbox 468 1031 604 1066; x_wconf 83' lang='grc' dir='ltr'>πρότερον</span> <span class='ocrx_word' id='word_1_128' title='bbox 627 1033 731 1063; x_wconf 79' lang='grc' dir='ltr'>νοσεῖν,</span> <span class='ocrx_word' id='word_1_129' title='bbox 758 1031 876 1058; x_wconf 79' lang='grc' dir='ltr'>κᾶπειτα</span> 
     </span>
    </p>
   </div>
   <div class='ocr_carea' id='block_1_20' title="bbox 79 1073 875 1112">
    <p class='ocr_par' dir='ltr' id='par_1_20' title="bbox 79 1073 875 1112">
     <span class='ocr_line' id='line_1_20' title="bbox 79 1073 875 1112; baseline 0.001 -10"><span class='ocrx_word' id='word_1_130' title='bbox 79 1076 214 1111; x_wconf 83' lang='grc' dir='ltr'>πονήρως</span> <span class='ocrx_word' id='word_1_131' title='bbox 227 1073 296 1111; x_wconf 79' lang='grc' dir='ltr'>εἶχε,</span> <span class='ocrx_word' id='word_1_132' title='bbox 309 1077 356 1102; x_wconf 81' lang='grc' dir='ltr'>καὶ</span> <span class='ocrx_word' id='word_1_133' title='bbox 367 1077 528 1110; x_wconf 82' lang='grc' dir='ltr'>κλινοπετὴς</span> <span class='ocrx_word' id='word_1_134' title='bbox 540 1075 584 1112; x_wconf 82' lang='grc' dir='ltr'><strong>ἧν.</strong></span> <span class='ocrx_word' id='word_1_135' title='bbox 598 1077 698 1112; x_wconf 85' lang='grc' dir='ltr'>Νύχιον</span> <span class='ocrx_word' id='word_1_136' title='bbox 709 1077 755 1104; x_wconf 74' lang='grc' dir='ltr'>οὖν</span> <span class='ocrx_word' id='word_1_137' title='bbox 766 1077 815 1111; x_wconf 80' lang='grc' dir='ltr'>τὴν</span> <span class='ocrx_word' id='word_1_138' title='bbox 828 1077 875 1104; x_wconf 84' lang='grc' dir='ltr'>τοῦ</span> 
     </span>
    </p>
   </div>
   <div class='ocr_carea' id='block_1_21' title="bbox 79 1121 875 1159">
    <p class='ocr_par' dir='ltr' id='par_1_21' title="bbox 79 1121 875 1159">
     <span class='ocr_line' id='line_1_21' title="bbox 79 1121 875 1159; baseline 0.003 -11"><span class='ocrx_word' id='word_1_139' title='bbox 79 1121 245 1157; x_wconf 72' lang='grc' dir='ltr'>Νικηφόρου</span> <span class='ocrx_word' id='word_1_140' title='bbox 269 1122 439 1158; x_wconf 81' lang='grc' dir='ltr'>μεμαθηκὼς</span> <span class='ocrx_word' id='word_1_141' title='bbox 460 1123 619 1158; x_wconf 85' lang='grc' dir='ltr'>ἀναίρεσιν,</span> <span class='ocrx_word' id='word_1_142' title='bbox 639 1123 678 1158; x_wconf 81' lang='grc' dir='ltr'>τῷ</span> <span class='ocrx_word' id='word_1_143' title='bbox 698 1125 875 1159; x_wconf 77' lang='grc' dir='ltr'>προειληφότι</span> 
     </span>
    </p>
   </div>
   <div class='ocr_carea' id='block_1_22' title="bbox 80 1168 874 1204">
    <p class='ocr_par' dir='ltr' id='par_1_22' title="bbox 80 1168 874 1204">
     <span class='ocr_line' id='line_1_22' title="bbox 80 1168 874 1204; baseline 0.003 -10"><span class='ocrx_word' id='word_1_144' title='bbox 80 1168 176 1202; x_wconf 77' lang='grc' dir='ltr'>στίφει</span> <span class='ocrx_word' id='word_1_145' title='bbox 194 1169 264 1203; x_wconf 80' lang='grc' dir='ltr'>μετὰ</span> <span class='ocrx_word' id='word_1_146' title='bbox 290 1169 406 1204; x_wconf 80' lang='grc' dir='ltr'>σπείρας</span> <span class='ocrx_word' id='word_1_147' title='bbox 425 1169 558 1203; x_wconf 84' lang='grc' dir='ltr'>γενναίων</span> <span class='ocrx_word' id='word_1_148' title='bbox 584 1170 734 1196; x_wconf 83' lang='grc' dir='ltr'>νεανίσκων</span> <span class='ocrx_word' id='word_1_149' title='bbox 759 1170 874 1197; x_wconf 67' lang='grc' dir='ltr'>ἐπισπό-</span> 
     </span>
    </p>
   </div>
   <div class='ocr_carea' id='block_1_23' title="bbox 80 1214 874 1251">
    <p class='ocr_par' dir='ltr' id='par_1_23' title="bbox 80 1214 874 1251">
     <span class='ocr_line' id='line_1_23' title="bbox 80 1214 874 1251; baseline 0.005 -11"><span class='ocrx_word' id='word_1_150' title='bbox 80 1223 178 1248; x_wconf 81' lang='grc' dir='ltr'>μενος,</span> <span class='ocrx_word' id='word_1_151' title='bbox 206 1214 338 1241; x_wconf 73' lang='grc' dir='ltr'>σεὸαστὺν</span> <span class='ocrx_word' id='word_1_152' title='bbox 366 1215 482 1250; x_wconf 80' lang='grc' dir='ltr'>βασιλέα</span> <span class='ocrx_word' id='word_1_153' title='bbox 506 1216 650 1250; x_wconf 82' lang='grc' dir='ltr'>Ῥωμαίων</span> <span class='ocrx_word' id='word_1_154' title='bbox 674 1217 720 1242; x_wconf 82' lang='grc' dir='ltr'><strong>τὸν</strong></span> <span class='ocrx_word' id='word_1_155' title='bbox 747 1217 874 1251; x_wconf 75' lang='grc' dir='ltr'>Ἰωάννην</span> 
     </span>
    </p>
   </div>
   <div class='ocr_carea' id='block_1_24' title="bbox 77 1260 874 1297">
    <p class='ocr_par' dir='ltr' id='par_1_24' title="bbox 77 1260 874 1297">
     <span class='ocr_line' id='line_1_24' title="bbox 77 1260 874 1297; baseline 0.004 -12"><span class='ocrx_word' id='word_1_156' title='bbox 77 1260 285 1295; x_wconf 81' lang='grc' dir='ltr'>ἀνεκήρυττεν·</span> <span class='ocrx_word' id='word_1_157' title='bbox 303 1261 342 1291; x_wconf 81' lang='grc' dir='ltr'>εις</span> <span class='ocrx_word' id='word_1_158' title='bbox 359 1260 394 1286; x_wconf 79' lang='grc' dir='ltr'><strong>τὰ</strong></span> <span class='ocrx_word' id='word_1_159' title='bbox 417 1260 542 1295; x_wconf 82' lang='grc' dir='ltr'>βασίλειά</span> <span class='ocrx_word' id='word_1_160' title='bbox 559 1270 588 1287; x_wconf 89' lang='grc' dir='ltr'><strong>τε</strong></span> <span class='ocrx_word' id='word_1_161' title='bbox 605 1261 685 1292; x_wconf 79' lang='grc' dir='ltr'>αὖθις</span> <span class='ocrx_word' id='word_1_162' title='bbox 712 1262 807 1297; x_wconf 81' lang='grc' dir='ltr'>ἀνῄει,</span> <span class='ocrx_word' id='word_1_163' title='bbox 828 1262 874 1289; x_wconf 73' lang='grc' dir='ltr'>καὶ</span> 
     </span>
    </p>
   </div>
   <div class='ocr_carea' id='block_1_25' title="bbox 78 1305 872 1341">
    <p class='ocr_par' dir='ltr' id='par_1_25' title="bbox 78 1305 872 1341">
     <span class='ocr_line' id='line_1_25' title="bbox 78 1305 872 1341; baseline 0.003 -11"><span class='ocrx_word' id='word_1_164' title='bbox 78 1305 147 1340; x_wconf 80' lang='grc' dir='ltr'>περὶ</span> <span class='ocrx_word' id='word_1_165' title='bbox 175 1305 231 1331; x_wconf 86' lang='grc' dir='ltr'><strong>τῶν</strong></span> <span class='ocrx_word' id='word_1_166' title='bbox 256 1305 353 1332; x_wconf 80' lang='grc' dir='ltr'>κοινῶν</span> <span class='ocrx_word' id='word_1_167' title='bbox 386 1305 496 1340; x_wconf 76' lang='grc' dir='ltr'>Ἰωάννῃ</span> <span class='ocrx_word' id='word_1_168' title='bbox 525 1307 713 1341; x_wconf 79' lang='grc' dir='ltr'>συνέπραττε,</span> <span class='ocrx_word' id='word_1_169' title='bbox 747 1307 796 1341; x_wconf 78' lang='grc' dir='ltr'>τὴν</span> <span class='ocrx_word' id='word_1_170' title='bbox 825 1306 872 1333; x_wconf 80' lang='grc' dir='ltr'>τοῦ</span> 
     </span>
    </p>
   </div>
   <div class='ocr_carea' id='block_1_26' title="bbox 77 1351 873 1388">
    <p class='ocr_par' dir='ltr' id='par_1_26' title="bbox 77 1351 873 1388">
     <span class='ocr_line' id='line_1_26' title="bbox 77 1351 873 1388; baseline 0.003 -11"><span class='ocrx_word' id='word_1_171' title='bbox 77 1351 338 1386; x_wconf 78' lang='grc' dir='ltr'>παρακοιμωμένου</span> <span class='ocrx_word' id='word_1_172' title='bbox 354 1351 421 1386; x_wconf 81' lang='grc' dir='ltr'>πρὸς</span> <span class='ocrx_word' id='word_1_173' title='bbox 436 1352 541 1378; x_wconf 71' lang='grc' dir='ltr'>ἐκείνου</span> <span class='ocrx_word' id='word_1_174' title='bbox 561 1352 643 1388; x_wconf 83' lang='grc' dir='ltr'>τιμὴν</span> <span class='ocrx_word' id='word_1_175' title='bbox 658 1351 788 1387; x_wconf 76' lang='grc' dir='ltr'>εἰληφώς.</span> <span class='ocrx_word' id='word_1_176' title='bbox 804 1352 873 1386; x_wconf 80' lang='grc' dir='ltr'>Περὶ</span> 
     </span>
    </p>
   </div>
   <div class='ocr_carea' id='block_1_27' title="bbox 77 1395 872 1433">
    <p class='ocr_par' dir='ltr' id='par_1_27' title="bbox 77 1395 872 1433">
     <span class='ocr_line' id='line_1_27' title="bbox 77 1395 872 1433; baseline 0.001 -10"><span class='ocrx_word' id='word_1_177' title='bbox 77 1397 132 1423; x_wconf 77' lang='grc' dir='ltr'><strong>τῶν</strong></span> <span class='ocrx_word' id='word_1_178' title='bbox 158 1396 338 1429; x_wconf 76' lang='grc' dir='ltr'>ξυνοισόντων</span> <span class='ocrx_word' id='word_1_179' title='bbox 353 1395 399 1425; x_wconf 80' lang='grc' dir='ltr'>οὖν</span> <span class='ocrx_word' id='word_1_180' title='bbox 414 1398 507 1429; x_wconf 81' lang='grc' dir='ltr'>αὐτοῖς</span> <span class='ocrx_word' id='word_1_181' title='bbox 524 1397 757 1433; x_wconf 74' lang='grc' dir='ltr'>βουλευσάμενοι,</span> <span class='ocrx_word' id='word_1_182' title='bbox 775 1399 872 1425; x_wconf 73' lang='grc' dir='ltr'>ἐντάλ-</span> 
     </span>
    </p>
   </div>
   <div class='ocr_carea' id='block_1_28' title="bbox 79 1442 872 1478">
    <p class='ocr_par' dir='ltr' id='par_1_28' title="bbox 79 1442 872 1478">
     <span class='ocr_line' id='line_1_28' title="bbox 79 1442 872 1478; baseline 0.003 -10"><span class='ocrx_word' id='word_1_183' title='bbox 79 1451 159 1477; x_wconf 76' lang='grc' dir='ltr'>ματα</span> <span class='ocrx_word' id='word_1_184' title='bbox 175 1442 224 1468; x_wconf 75' lang='grc' dir='ltr'>καὶ</span> <span class='ocrx_word' id='word_1_185' title='bbox 246 1442 447 1478; x_wconf 77' lang='grc' dir='ltr'>προστάγματα</span> <span class='ocrx_word' id='word_1_186' title='bbox 465 1443 511 1469; x_wconf 78' lang='grc' dir='ltr'><strong>διὰ</strong></span> <span class='ocrx_word' id='word_1_187' title='bbox 526 1444 627 1475; x_wconf 83' lang='grc' dir='ltr'>παντὸς</span> <span class='ocrx_word' id='word_1_188' title='bbox 644 1443 691 1470; x_wconf 75' lang='grc' dir='ltr'>τοῦ</span> <span class='ocrx_word' id='word_1_189' title='bbox 706 1444 802 1475; x_wconf 74' lang='grc' dir='ltr'>ἄστεος</span> <span class='ocrx_word' id='word_1_190' title='bbox 823 1443 872 1470; x_wconf 83' lang='grc' dir='ltr'><strong>αῦ-</strong></span> 
     </span>
    </p>
   </div>
   <div class='ocr_carea' id='block_1_29' title="bbox 77 1488 871 1524">
    <p class='ocr_par' dir='ltr' id='par_1_29' title="bbox 77 1488 871 1524">
     <span class='ocr_line' id='line_1_29' title="bbox 77 1488 871 1524; baseline 0.001 -9"><span class='ocrx_word' id='word_1_191' title='bbox 77 1488 171 1523; x_wconf 84' lang='grc' dir='ltr'>θωρον</span> <span class='ocrx_word' id='word_1_192' title='bbox 188 1488 326 1520; x_wconf 71' lang='grc' dir='ltr'>ἔστελλον,</span> <span class='ocrx_word' id='word_1_193' title='bbox 346 1488 383 1523; x_wconf 82' lang='grc' dir='ltr'><strong>μή</strong></span> <span class='ocrx_word' id='word_1_194' title='bbox 405 1488 505 1521; x_wconf 78' lang='grc' dir='ltr'>ἐξεῖναί</span> <span class='ocrx_word' id='word_1_195' title='bbox 521 1497 574 1516; x_wconf 85' lang='grc' dir='ltr'>τινι</span> <span class='ocrx_word' id='word_1_196' title='bbox 587 1491 741 1524; x_wconf 82' lang='grc' dir='ltr'>νεωτεριεῖν</span> <span class='ocrx_word' id='word_1_197' title='bbox 756 1489 804 1524; x_wconf 75' lang='grc' dir='ltr'><strong>⁸,ῆ</strong></span> <span class='ocrx_word' id='word_1_198' title='bbox 823 1491 871 1516; x_wconf 76' lang='grc' dir='ltr'><strong>ἐπὶ</strong></span> 
     </span>
    </p>
   </div>
   <div class='ocr_carea' id='block_1_30' title="bbox 713 131 1068 178">
    <p class='ocr_par' dir='ltr' id='par_1_30' title="bbox 713 131 1068 178">
     <span class='ocr_line' id='line_1_30' title="bbox 713 131 1068 178; baseline -0.006 0"><span class='ocrx_word' id='word_1_199' title='bbox 713 147 905 178; x_wconf 72' lang='lat' dir='ltr'><strong>HlSTORl/E</strong></span> <span class='ocrx_word' id='word_1_200' title='bbox 922 147 996 178; x_wconf 85' lang='lat' dir='ltr'><strong>LIB.</strong></span> <span class='ocrx_word' id='word_1_201' title='bbox 1016 131 1068 178; x_wconf 61' lang='lat' dir='ltr'><strong>&quot;v1.</strong></span> 
     </span>
    </p>
   </div>
   <div class='ocr_carea' id='block_1_31' title="bbox 1671 144 1725 177">
    <p class='ocr_par' dir='ltr' id='par_1_31' title="bbox 1671 144 1725 177">
     <span class='ocr_line' id='line_1_31' title="bbox 1671 144 1725 177; baseline -0.037 0"><span class='ocrx_word' id='word_1_202' title='bbox 1671 144 1725 177; x_wconf 70' lang='lat'><strong>794</strong></span> 
     </span>
    </p>
   </div>
   <div class='ocr_carea' id='block_1_32' title="bbox 897 201 1724 238">
    <p class='ocr_par' dir='ltr' id='par_1_32' title="bbox 897 201 1724 238">
     <span class='ocr_line' id='line_1_32' title="bbox 897 201 1724 238; baseline -0.001 -6"><span class='ocrx_word' id='word_1_203' title='bbox 897 208 919 235; x_wconf 80' lang='grc' dir='ltr'>Α</span> <span class='ocrx_word' id='word_1_204' title='bbox 934 212 992 237; x_wconf 79' lang='lat' dir='ltr'><strong>nes,</strong></span> <span class='ocrx_word' id='word_1_205' title='bbox 1012 206 1196 238; x_wconf 75' lang='lat' dir='ltr'><strong>cognomento</strong></span> <span class='ocrx_word' id='word_1_206' title='bbox 1213 202 1379 236; x_wconf 80' lang='lat' dir='ltr'><strong>Tzimisces,</strong></span> <span class='ocrx_word' id='word_1_207' title='bbox 1399 203 1530 238; x_wconf 78' lang='lat' dir='ltr'><strong>suscepit.</strong></span> <span class='ocrx_word' id='word_1_208' title='bbox 1552 201 1611 230; x_wconf 86' lang='lat' dir='ltr'><strong>Jam</strong></span> <span class='ocrx_word' id='word_1_209' title='bbox 1628 208 1724 238; x_wconf 81' lang='lat' dir='ltr'><strong>quarta</strong></span> 
     </span>
    </p>
   </div>
   <div class='ocr_carea' id='block_1_33' title="bbox 933 249 1726 284">
    <p class='ocr_par' dir='ltr' id='par_1_33' title="bbox 933 249 1726 284">
     <span class='ocr_line' id='line_1_33' title="bbox 933 249 1726 284; baseline -0.001 -7"><span class='ocrx_word' id='word_1_210' title='bbox 933 251 1022 278; x_wconf 84' lang='lat' dir='ltr'><strong>noctis</strong></span> <span class='ocrx_word' id='word_1_211' title='bbox 1045 250 1136 284; x_wconf 74' lang='lat' dir='ltr'><strong>vigilia</strong></span> <span class='ocrx_word' id='word_1_212' title='bbox 1167 249 1288 280; x_wconf 77' lang='lat' dir='ltr'><strong>ineunte,</strong></span> <span class='ocrx_word' id='word_1_213' title='bbox 1310 249 1429 276; x_wconf 86' lang='lat' dir='ltr'><strong>Sabbato</strong></span> <span class='ocrx_word' id='word_1_214' title='bbox 1452 250 1635 277; x_wconf 83' lang='lat' dir='ltr'><strong>dilucescenle</strong></span> <span class='ocrx_word' id='word_1_215' title='bbox 1649 270 1656 281; x_wconf 94' lang='lat'><strong>,</strong></span> <span class='ocrx_word' id='word_1_216' title='bbox 1680 249 1726 277; x_wconf 86' lang='lat' dir='ltr'><strong>die</strong></span> 
     </span>
    </p>
   </div>
   <div class='ocr_carea' id='block_1_34' title="bbox 933 294 1724 328">
    <p class='ocr_par' dir='ltr' id='par_1_34' title="bbox 933 294 1724 328">
     <span class='ocr_line' id='line_1_34' title="bbox 933 294 1724 328; baseline 0 -6"><span class='ocrx_word' id='word_1_217' title='bbox 933 295 1036 322; x_wconf 77' lang='lat' dir='ltr'><strong>mensis</strong></span> <span class='ocrx_word' id='word_1_218' title='bbox 1063 294 1219 322; x_wconf 80' lang='lat' dir='ltr'><strong>Decembris</strong></span> <span class='ocrx_word' id='word_1_219' title='bbox 1240 294 1385 322; x_wconf 89' lang='lat' dir='ltr'><strong>undecimo</strong></span> <span class='ocrx_word' id='word_1_220' title='bbox 1399 315 1406 328; x_wconf 94' lang='lat'><strong>,</strong></span> <span class='ocrx_word' id='word_1_221' title='bbox 1446 295 1596 322; x_wconf 70' lang='lat' dir='ltr'><strong>indictione</strong></span> <span class='ocrx_word' id='word_1_222' title='bbox 1618 295 1724 322; x_wconf 83' lang='lat' dir='ltr'><strong>decima</strong></span> 
     </span>
    </p>
   </div>
   <div class='ocr_carea' id='block_1_35' title="bbox 932 340 1722 376">
    <p class='ocr_par' dir='ltr' id='par_1_35' title="bbox 932 340 1722 376">
     <span class='ocr_line' id='line_1_35' title="bbox 932 340 1722 376; baseline 0 -8"><span class='ocrx_word' id='word_1_223' title='bbox 932 341 1011 368; x_wconf 85' lang='lat' dir='ltr'><strong>tertia</strong></span> <span class='ocrx_word' id='word_1_224' title='bbox 1028 340 1093 367; x_wconf 84' lang='lat' dir='ltr'><strong>anni</strong></span> <span class='ocrx_word' id='word_1_225' title='bbox 1111 340 1202 368; x_wconf 67' lang='lat' dir='ltr'><strong>Series</strong></span> <span class='ocrx_word' id='word_1_226' title='bbox 1227 340 1365 367; x_wconf 77' lang='lat' dir='ltr'><strong>millesimi</strong></span> <span class='ocrx_word' id='word_1_227' title='bbox 1394 341 1658 376; x_wconf 75' lang='lat' dir='ltr'><strong>quadringentesimi</strong></span> <span class='ocrx_word' id='word_1_228' title='bbox 1675 349 1722 368; x_wconf 87' lang='lat' dir='ltr'><strong>sc-</strong></span> 
     </span>
    </p>
   </div>
   <div class='ocr_carea' id='block_1_36' title="bbox 931 385 1723 421">
    <p class='ocr_par' dir='ltr' id='par_1_36' title="bbox 931 385 1723 421">
     <span class='ocr_line' id='line_1_36' title="bbox 931 385 1723 421; baseline 0 -8"><span class='ocrx_word' id='word_1_229' title='bbox 931 386 1094 421; x_wconf 65' lang='lat' dir='ltr'><strong>ptuagesimi</strong></span> <span class='ocrx_word' id='word_1_230' title='bbox 1117 385 1215 417; x_wconf 78' lang='lat' dir='ltr'><strong>octavi,</strong></span> <span class='ocrx_word' id='word_1_231' title='bbox 1234 385 1369 412; x_wconf 87' lang='lat' dir='ltr'><strong>lectorum</strong></span> <span class='ocrx_word' id='word_1_232' title='bbox 1396 386 1518 412; x_wconf 91' lang='lat' dir='ltr'><strong>virorum</strong></span> <span class='ocrx_word' id='word_1_233' title='bbox 1534 394 1638 413; x_wconf 83' lang='lat' dir='ltr'><strong>cuneus</strong></span> <span class='ocrx_word' id='word_1_234' title='bbox 1651 406 1658 418; x_wconf 90' lang='lat'><strong>,</strong></span> <span class='ocrx_word' id='word_1_235' title='bbox 1677 394 1723 421; x_wconf 86' lang='lat' dir='ltr'><strong>per</strong></span> 
     </span>
    </p>
   </div>
   <div class='ocr_carea' id='block_1_37' title="bbox 932 430 1720 466">
    <p class='ocr_par' dir='ltr' id='par_1_37' title="bbox 932 430 1720 466">
     <span class='ocr_line' id='line_1_37' title="bbox 932 430 1720 466; baseline 0.001 -7"><span class='ocrx_word' id='word_1_236' title='bbox 932 433 1007 459; x_wconf 82' lang='lat' dir='ltr'><strong>urbis</strong></span> <span class='ocrx_word' id='word_1_237' title='bbox 1020 432 1138 466; x_wconf 87' lang='lat' dir='ltr'><strong>compita</strong></span> <span class='ocrx_word' id='word_1_238' title='bbox 1161 431 1402 462; x_wconf 83' lang='lat' dir='ltr'><strong>circumcursans,</strong></span> <span class='ocrx_word' id='word_1_239' title='bbox 1420 430 1552 458; x_wconf 80' lang='lat' dir='ltr'><strong>Joannem</strong></span> <span class='ocrx_word' id='word_1_240' title='bbox 1571 432 1720 466; x_wconf 81' lang='lat' dir='ltr'><strong>imperato-</strong></span> 
     </span>
    </p>
   </div>
   <div class='ocr_carea' id='block_1_38' title="bbox 932 477 1722 514">
    <p class='ocr_par' dir='ltr' id='par_1_38' title="bbox 932 477 1722 514">
     <span class='ocr_line' id='line_1_38' title="bbox 932 477 1722 514; baseline 0 -8"><span class='ocrx_word' id='word_1_241' title='bbox 932 487 988 506; x_wconf 85' lang='lat' dir='ltr'><strong>rem</strong></span> <span class='ocrx_word' id='word_1_242' title='bbox 1005 478 1061 514; x_wconf 67' lang='grc'><strong>94</strong></span> <span class='ocrx_word' id='word_1_243' title='bbox 1079 478 1277 509; x_wconf 83' lang='lat' dir='ltr'><strong>Romanorum,</strong></span> <span class='ocrx_word' id='word_1_244' title='bbox 1302 477 1441 512; x_wconf 73' lang='lat' dir='ltr'><strong>adiunctis</strong></span> <span class='ocrx_word' id='word_1_245' title='bbox 1455 477 1570 505; x_wconf 80' lang='lat' dir='ltr'><strong>Romani</strong></span> <span class='ocrx_word' id='word_1_246' title='bbox 1587 478 1660 505; x_wconf 83' lang='lat' dir='ltr'><strong>haud</strong></span> <span class='ocrx_word' id='word_1_247' title='bbox 1686 480 1722 506; x_wconf 88' lang='lat' dir='ltr'><strong>ita</strong></span> 
     </span>
    </p>
   </div>
   <div class='ocr_carea' id='block_1_39' title="bbox 931 523 1725 559">
    <p class='ocr_par' dir='ltr' id='par_1_39' title="bbox 931 523 1725 559">
     <span class='ocr_line' id='line_1_39' title="bbox 931 523 1725 559; baseline 0.001 -8"><span class='ocrx_word' id='word_1_248' title='bbox 931 525 1037 559; x_wconf 84' lang='lat' dir='ltr'><strong>pridem</strong></span> <span class='ocrx_word' id='word_1_249' title='bbox 1055 525 1171 558; x_wconf 82' lang='lat' dir='ltr'><strong>Augusti</strong></span> <span class='ocrx_word' id='word_1_250' title='bbox 1187 523 1281 550; x_wconf 78' lang='lat' dir='ltr'><strong>liberis</strong></span> <span class='ocrx_word' id='word_1_251' title='bbox 1295 544 1302 556; x_wconf 91' lang='lat'><strong>,</strong></span> <span class='ocrx_word' id='word_1_252' title='bbox 1329 524 1506 550; x_wconf 70' lang='lat' dir='ltr'><strong>renuntiabat</strong></span> <span class='ocrx_word' id='word_1_253' title='bbox 1522 533 1528 550; x_wconf 87' lang='lat'><strong>:</strong></span> <span class='ocrx_word' id='word_1_254' title='bbox 1546 531 1614 557; x_wconf 87' lang='lat' dir='ltr'><strong>quos</strong></span> <span class='ocrx_word' id='word_1_255' title='bbox 1632 532 1664 550; x_wconf 73' lang='lat' dir='ltr'><strong>cx</strong></span> <span class='ocrx_word' id='word_1_256' title='bbox 1682 525 1725 552; x_wconf 88' lang='lat' dir='ltr'><strong>in-</strong></span> 
     </span>
    </p>
   </div>
   <div class='ocr_carea' id='block_1_40' title="bbox 931 569 1723 604">
    <p class='ocr_par' dir='ltr' id='par_1_40' title="bbox 931 569 1723 604">
     <span class='ocr_line' id='line_1_40' title="bbox 931 569 1723 604; baseline -0.001 -7"><span class='ocrx_word' id='word_1_257' title='bbox 931 570 1045 597; x_wconf 85' lang='lat' dir='ltr'><strong>tervallo</strong></span> <span class='ocrx_word' id='word_1_258' title='bbox 1068 570 1289 604; x_wconf 84' lang='lat' dir='ltr'><strong>subsequebatur</strong></span> <span class='ocrx_word' id='word_1_259' title='bbox 1313 569 1429 596; x_wconf 80' lang='lat' dir='ltr'><strong>Basilius</strong></span> <span class='ocrx_word' id='word_1_260' title='bbox 1457 569 1581 601; x_wconf 81' lang='lat' dir='ltr'><strong>Notbus,</strong></span> <span class='ocrx_word' id='word_1_261' title='bbox 1607 570 1723 597; x_wconf 83' lang='lat' dir='ltr'><strong>Romani</strong></span> 
     </span>
    </p>
   </div>
   <div class='ocr_carea' id='block_1_41' title="bbox 931 615 1726 651">
    <p class='ocr_par' dir='ltr' id='par_1_41' title="bbox 931 615 1726 651">
     <span class='ocr_line' id='line_1_41' title="bbox 931 615 1726 651; baseline 0.001 -9"><span class='ocrx_word' id='word_1_262' title='bbox 931 616 1069 651; x_wconf 81' lang='lat' dir='ltr'><strong>quondam</strong></span> <span class='ocrx_word' id='word_1_263' title='bbox 1085 616 1200 650; x_wconf 71' lang='lat' dir='ltr'><strong>Augusti</strong></span> <span class='ocrx_word' id='word_1_264' title='bbox 1221 623 1255 642; x_wconf 81' lang='lat' dir='ltr'><strong>ex</strong></span> <span class='ocrx_word' id='word_1_265' title='bbox 1275 616 1402 651; x_wconf 80' lang='lat' dir='ltr'><strong>Scythica</strong></span> <span class='ocrx_word' id='word_1_266' title='bbox 1424 615 1523 642; x_wconf 80' lang='lat' dir='ltr'><strong>femina</strong></span> <span class='ocrx_word' id='word_1_267' title='bbox 1554 616 1637 648; x_wconf 81' lang='lat' dir='ltr'><strong>filius,</strong></span> <span class='ocrx_word' id='word_1_268' title='bbox 1657 623 1726 650; x_wconf 71' lang='lat' dir='ltr'><strong>pra-</strong></span> 
     </span>
    </p>
   </div>
   <div class='ocr_carea' id='block_1_42' title="bbox 930 661 1724 696">
    <p class='ocr_par' dir='ltr' id='par_1_42' title="bbox 930 661 1724 696">
     <span class='ocr_line' id='line_1_42' title="bbox 930 661 1724 696; baseline 0 -7"><span class='ocrx_word' id='word_1_269' title='bbox 930 662 998 690; x_wconf 86' lang='lat' dir='ltr'><strong>sidis</strong></span> <span class='ocrx_word' id='word_1_270' title='bbox 1012 662 1142 696; x_wconf 74' lang='lat' dir='ltr'><strong>dignitate</strong></span> <span class='ocrx_word' id='word_1_271' title='bbox 1163 662 1320 688; x_wconf 81' lang='lat' dir='ltr'><strong>decoratus.</strong></span> <span class='ocrx_word' id='word_1_272' title='bbox 1345 661 1401 688; x_wconf 84' lang='lat' dir='ltr'><strong>Hoc</strong></span> <span class='ocrx_word' id='word_1_273' title='bbox 1423 669 1521 688; x_wconf 84' lang='lat' dir='ltr'><strong>munus</strong></span> <span class='ocrx_word' id='word_1_274' title='bbox 1550 661 1724 696; x_wconf 73' lang='lat' dir='ltr'><strong>Niceplicrus</strong></span> 
     </span>
    </p>
   </div>
   <div class='ocr_carea' id='block_1_43' title="bbox 931 707 1723 743">
    <p class='ocr_par' dir='ltr' id='par_1_43' title="bbox 931 707 1723 743">
     <span class='ocr_line' id='line_1_43' title="bbox 931 707 1723 743; baseline -0.003 -7"><span class='ocrx_word' id='word_1_275' title='bbox 931 709 1036 743; x_wconf 82' lang='lat' dir='ltr'><strong>primus</strong></span> <span class='ocrx_word' id='word_1_276' title='bbox 1050 709 1174 735; x_wconf 89' lang='lat' dir='ltr'><strong>omnium</strong></span> <span class='ocrx_word' id='word_1_277' title='bbox 1195 708 1391 742; x_wconf 84' lang='lat' dir='ltr'><strong>imperatorum</strong></span> <span class='ocrx_word' id='word_1_278' title='bbox 1411 708 1438 734; x_wconf 92' lang='lat' dir='ltr'><strong>in</strong></span> <span class='ocrx_word' id='word_1_279' title='bbox 1453 707 1585 734; x_wconf 84' lang='lat' dir='ltr'><strong>honorem</strong></span> <span class='ocrx_word' id='word_1_280' title='bbox 1604 708 1723 738; x_wconf 76' lang='lat' dir='ltr'><strong>hominis</strong></span> 
     </span>
    </p>
   </div>
   <div class='ocr_carea' id='block_1_44' title="bbox 930 753 1723 789">
    <p class='ocr_par' dir='ltr' id='par_1_44' title="bbox 930 753 1723 789">
     <span class='ocr_line' id='line_1_44' title="bbox 930 753 1723 789; baseline 0 -8"><span class='ocrx_word' id='word_1_281' title='bbox 930 758 1071 781; x_wconf 78' lang='lat' dir='ltr'><strong>creaverat</strong></span> <span class='ocrx_word' id='word_1_282' title='bbox 1087 763 1092 781; x_wconf 93' lang='lat'><strong>:</strong></span> <span class='ocrx_word' id='word_1_283' title='bbox 1111 754 1156 789; x_wconf 76' lang='lat' dir='ltr'><strong>qui</strong></span> <span class='ocrx_word' id='word_1_284' title='bbox 1171 775 1177 786; x_wconf 94' lang='lat'><strong>,</strong></span> <span class='ocrx_word' id='word_1_285' title='bbox 1195 754 1321 788; x_wconf 81' lang='lat' dir='ltr'><strong>quamvis</strong></span> <span class='ocrx_word' id='word_1_286' title='bbox 1346 753 1448 788; x_wconf 81' lang='lat' dir='ltr'><strong>spado,</strong></span> <span class='ocrx_word' id='word_1_287' title='bbox 1475 754 1543 780; x_wconf 86' lang='lat' dir='ltr'><strong>alias</strong></span> <span class='ocrx_word' id='word_1_288' title='bbox 1570 754 1723 781; x_wconf 75' lang='lat' dir='ltr'><strong>industrius</strong></span> 
     </span>
    </p>
   </div>
   <div class='ocr_carea' id='block_1_45' title="bbox 930 799 1723 834">
    <p class='ocr_par' dir='ltr' id='par_1_45' title="bbox 930 799 1723 834">
     <span class='ocr_line' id='line_1_45' title="bbox 930 799 1723 834; baseline 0.001 -8"><span class='ocrx_word' id='word_1_289' title='bbox 930 805 957 827; x_wconf 88' lang='lat' dir='ltr'><strong>et</strong></span> <span class='ocrx_word' id='word_1_290' title='bbox 974 800 1134 834; x_wconf 79' lang='lat' dir='ltr'><strong>ingeniosus</strong></span> <span class='ocrx_word' id='word_1_291' title='bbox 1147 803 1206 826; x_wconf 84' lang='lat' dir='ltr'><strong>erat</strong></span> <span class='ocrx_word' id='word_1_292' title='bbox 1223 799 1273 831; x_wconf 85' lang='lat' dir='ltr'><strong>vir,</strong></span> <span class='ocrx_word' id='word_1_293' title='bbox 1289 799 1474 833; x_wconf 78' lang='lat' dir='ltr'><strong>negotiorum‘</strong></span> <span class='ocrx_word' id='word_1_294' title='bbox 1491 806 1539 833; x_wconf 90' lang='lat' dir='ltr'><strong>pro</strong></span> <span class='ocrx_word' id='word_1_295' title='bbox 1555 800 1723 833; x_wconf 53' lang='lat' dir='ltr'><strong>temporibus</strong></span> 
     </span>
    </p>
   </div>
   <div class='ocr_carea' id='block_1_46' title="bbox 932 845 1722 881">
    <p class='ocr_par' dir='ltr' id='par_1_46' title="bbox 932 845 1722 881">
     <span class='ocr_line' id='line_1_46' title="bbox 932 845 1722 881; baseline -0.001 -8"><span class='ocrx_word' id='word_1_296' title='bbox 932 847 999 873; x_wconf 77' lang='lat' dir='ltr'><strong>bene</strong></span> <span class='ocrx_word' id='word_1_297' title='bbox 1012 854 1119 881; x_wconf 69' lang='lat' dir='ltr'><strong>gerens.</strong></span> <span class='ocrx_word' id='word_1_298' title='bbox 1134 845 1183 873; x_wconf 87' lang='lat' dir='ltr'><strong>llic</strong></span> <span class='ocrx_word' id='word_1_299' title='bbox 1200 853 1262 872; x_wconf 90' lang='lat' dir='ltr'><strong>cum</strong></span> <span class='ocrx_word' id='word_1_300' title='bbox 1282 845 1387 872; x_wconf 90' lang='lat' dir='ltr'><strong>Joanne</strong></span> <span class='ocrx_word' id='word_1_301' title='bbox 1404 845 1625 880; x_wconf 70' lang='lat' dir='ltr'><strong>eonspiravurnt.</strong></span> <span class='ocrx_word' id='word_1_302' title='bbox 1646 854 1722 873; x_wconf 61' lang='grc' dir='ltr'><strong>ειιιιιΔ</strong></span> 
     </span>
    </p>
   </div>
   <div class='ocr_carea' id='block_1_47' title="bbox 894 889 1721 926">
    <p class='ocr_par' dir='ltr' id='par_1_47' title="bbox 894 889 1721 926">
     <span class='ocr_line' id='line_1_47' title="bbox 894 889 1721 926; baseline 0.004 -10"><span class='ocrx_word' id='word_1_303' title='bbox 894 889 915 916; x_wconf 83' lang='grc' dir='ltr'><strong>Β</strong></span> <span class='ocrx_word' id='word_1_304' title='bbox 930 900 974 919; x_wconf 85' lang='lat' dir='ltr'><strong>ma</strong></span> <span class='ocrx_word' id='word_1_305' title='bbox 990 891 1192 919; x_wconf 72' lang='lat' dir='ltr'><strong>[necessitudine</strong></span> <span class='ocrx_word' id='word_1_306' title='bbox 1206 892 1228 918; x_wconf 87' lang='lat' dir='ltr'><strong>ci</strong></span> <span class='ocrx_word' id='word_1_307' title='bbox 1244 891 1390 926; x_wconf 83' lang='lat' dir='ltr'><strong>adjunctus</strong></span> <span class='ocrx_word' id='word_1_308' title='bbox 1403 911 1409 922; x_wconf 86' lang='lat'><strong>,</strong></span> <span class='ocrx_word' id='word_1_309' title='bbox 1437 891 1611 925; x_wconf 83' lang='lat' dir='ltr'><strong>primumque</strong></span> <span class='ocrx_word' id='word_1_310' title='bbox 1634 892 1721 919; x_wconf 88' lang='lat' dir='ltr'><strong>simu-</strong></span> 
     </span>
    </p>
   </div>
   <div class='ocr_carea' id='block_1_48' title="bbox 929 936 1719 970">
    <p class='ocr_par' dir='ltr' id='par_1_48' title="bbox 929 936 1719 970">
     <span class='ocr_line' id='line_1_48' title="bbox 929 936 1719 970; baseline 0 -6"><span class='ocrx_word' id='word_1_311' title='bbox 929 937 982 964; x_wconf 85' lang='lat' dir='ltr'><strong>lata</strong></span> <span class='ocrx_word' id='word_1_312' title='bbox 990 937 1144 964; x_wconf 78' lang='lat' dir='ltr'><strong>valetudine</strong></span> <span class='ocrx_word' id='word_1_313' title='bbox 1155 940 1252 970; x_wconf 78' lang='lat' dir='ltr'><strong>postea</strong></span> <span class='ocrx_word' id='word_1_314' title='bbox 1265 940 1384 970; x_wconf 70' lang='lat' dir='ltr'><strong>aegrotus</strong></span> <span class='ocrx_word' id='word_1_315' title='bbox 1395 940 1464 967; x_wconf 82' lang='lat' dir='ltr'><strong>erat,</strong></span> <span class='ocrx_word' id='word_1_316' title='bbox 1480 936 1604 970; x_wconf 84' lang='lat' dir='ltr'><strong>lectoque</strong></span> <span class='ocrx_word' id='word_1_317' title='bbox 1614 936 1719 964; x_wconf 78' lang='lat' dir='ltr'><strong>affixus.</strong></span> 
     </span>
    </p>
   </div>
   <div class='ocr_carea' id='block_1_49' title="bbox 928 982 1719 1017">
    <p class='ocr_par' dir='ltr' id='par_1_49' title="bbox 928 982 1719 1017">
     <span class='ocr_line' id='line_1_49' title="bbox 928 982 1719 1017; baseline 0 -7"><span class='ocrx_word' id='word_1_318' title='bbox 928 983 965 1017; x_wconf 83' lang='lat' dir='ltr'><strong>Is,</strong></span> <span class='ocrx_word' id='word_1_319' title='bbox 981 988 1011 1010; x_wconf 92' lang='lat' dir='ltr'><strong>ut</strong></span> <span class='ocrx_word' id='word_1_320' title='bbox 1024 989 1105 1011; x_wconf 87' lang='lat' dir='ltr'><strong>noctu</strong></span> <span class='ocrx_word' id='word_1_321' title='bbox 1117 983 1151 1010; x_wconf 86' lang='lat' dir='ltr'><strong>de</strong></span> <span class='ocrx_word' id='word_1_322' title='bbox 1161 983 1305 1017; x_wconf 85' lang='lat' dir='ltr'><strong>Niccphori</strong></span> <span class='ocrx_word' id='word_1_323' title='bbox 1328 982 1402 1010; x_wconf 81' lang='lat' dir='ltr'><strong>caede</strong></span> <span class='ocrx_word' id='word_1_324' title='bbox 1415 987 1592 1017; x_wconf 77' lang='lat' dir='ltr'><strong>cognoverat,</strong></span> <span class='ocrx_word' id='word_1_325' title='bbox 1609 989 1719 1010; x_wconf 62' lang='lat' dir='ltr'><strong>anteve-</strong></span> 
     </span>
    </p>
   </div>
   <div class='ocr_carea' id='block_1_50' title="bbox 926 1029 1724 1064">
    <p class='ocr_par' dir='ltr' id='par_1_50' title="bbox 926 1029 1724 1064">
     <span class='ocr_line' id='line_1_50' title="bbox 926 1029 1724 1064; baseline -0.001 -8"><span class='ocrx_word' id='word_1_326' title='bbox 926 1029 1034 1057; x_wconf 89' lang='lat' dir='ltr'><strong>dentcm</strong></span> <span class='ocrx_word' id='word_1_327' title='bbox 1065 1030 1207 1056; x_wconf 85' lang='lat' dir='ltr'><strong>cohortem</strong></span> <span class='ocrx_word' id='word_1_328' title='bbox 1230 1036 1292 1055; x_wconf 85' lang='lat' dir='ltr'><strong>eum</strong></span> <span class='ocrx_word' id='word_1_329' title='bbox 1321 1029 1402 1064; x_wconf 78' lang='lat' dir='ltr'><strong>globo</strong></span> <span class='ocrx_word' id='word_1_330' title='bbox 1431 1033 1607 1056; x_wconf 79' lang='lat' dir='ltr'><strong>strenuorum</strong></span> <span class='ocrx_word' id='word_1_331' title='bbox 1633 1029 1724 1056; x_wconf 82' lang='lat' dir='ltr'><strong>adole-</strong></span> 
     </span>
    </p>
   </div>
   <div class='ocr_carea' id='block_1_51' title="bbox 927 1073 1723 1108">
    <p class='ocr_par' dir='ltr' id='par_1_51' title="bbox 927 1073 1723 1108">
     <span class='ocr_line' id='line_1_51' title="bbox 927 1073 1723 1108; baseline -0.003 -6"><span class='ocrx_word' id='word_1_332' title='bbox 927 1075 1062 1102; x_wconf 85' lang='lat' dir='ltr'><strong>scentium</strong></span> <span class='ocrx_word' id='word_1_333' title='bbox 1083 1075 1232 1107; x_wconf 85' lang='lat' dir='ltr'><strong>insecutus,</strong></span> <span class='ocrx_word' id='word_1_334' title='bbox 1255 1073 1552 1108; x_wconf 81' lang='lat' dir='ltr'><strong>JoatmemAugustum</strong></span> <span class='ocrx_word' id='word_1_335' title='bbox 1575 1074 1723 1108; x_wconf 79' lang='lat' dir='ltr'><strong>imperato-</strong></span> 
     </span>
    </p>
   </div>
   <div class='ocr_carea' id='block_1_52' title="bbox 927 1120 1721 1155">
    <p class='ocr_par' dir='ltr' id='par_1_52' title="bbox 927 1120 1721 1155">
     <span class='ocr_line' id='line_1_52' title="bbox 927 1120 1721 1155; baseline -0.001 -7"><span class='ocrx_word' id='word_1_336' title='bbox 927 1128 983 1148; x_wconf 86' lang='lat' dir='ltr'><strong>rem</strong></span> <span class='ocrx_word' id='word_1_337' title='bbox 998 1121 1184 1148; x_wconf 81' lang='lat' dir='ltr'><strong>Romanorum</strong></span> <span class='ocrx_word' id='word_1_338' title='bbox 1207 1120 1376 1148; x_wconf 77' lang='lat' dir='ltr'><strong>renuntiavit</strong></span> <span class='ocrx_word' id='word_1_339' title='bbox 1402 1128 1408 1146; x_wconf 90' lang='lat'>:</span> <span class='ocrx_word' id='word_1_340' title='bbox 1428 1127 1483 1155; x_wconf 90' lang='lat' dir='ltr'><strong>quo</strong></span> <span class='ocrx_word' id='word_1_341' title='bbox 1506 1120 1578 1146; x_wconf 80' lang='lat' dir='ltr'><strong>facto</strong></span> <span class='ocrx_word' id='word_1_342' title='bbox 1600 1120 1626 1146; x_wconf 92' lang='lat' dir='ltr'><strong>in</strong></span> <span class='ocrx_word' id='word_1_343' title='bbox 1648 1120 1721 1154; x_wconf 79' lang='lat' dir='ltr'><strong>pala-</strong></span> 
     </span>
    </p>
   </div>
   <div class='ocr_carea' id='block_1_53' title="bbox 927 1166 1723 1200">
    <p class='ocr_par' dir='ltr' id='par_1_53' title="bbox 927 1166 1723 1200">
     <span class='ocr_line' id='line_1_53' title="bbox 927 1166 1723 1200; baseline 0 -6"><span class='ocrx_word' id='word_1_344' title='bbox 927 1167 994 1194; x_wconf 88' lang='lat' dir='ltr'><strong>tium</strong></span> <span class='ocrx_word' id='word_1_345' title='bbox 1031 1167 1132 1198; x_wconf 87' lang='lat' dir='ltr'><strong>rediit,</strong></span> <span class='ocrx_word' id='word_1_346' title='bbox 1164 1173 1358 1200; x_wconf 85' lang='lat' dir='ltr'><strong>summamque</strong></span> <span class='ocrx_word' id='word_1_347' title='bbox 1385 1174 1476 1194; x_wconf 89' lang='lat' dir='ltr'><strong>rerum</strong></span> <span class='ocrx_word' id='word_1_348' title='bbox 1521 1174 1583 1193; x_wconf 78' lang='lat' dir='ltr'><strong>cum</strong></span> <span class='ocrx_word' id='word_1_349' title='bbox 1617 1166 1723 1194; x_wconf 87' lang='lat' dir='ltr'><strong>Joanne</strong></span> 
     </span>
    </p>
   </div>
   <div class='ocr_carea' id='block_1_54' title="bbox 926 1214 1720 1250">
    <p class='ocr_par' dir='ltr' id='par_1_54' title="bbox 926 1214 1720 1250">
     <span class='ocr_line' id='line_1_54' title="bbox 926 1214 1720 1250; baseline 0 -8"><span class='ocrx_word' id='word_1_350' title='bbox 926 1214 1137 1246; x_wconf 82' lang='lat' dir='ltr'><strong>administravit,</strong></span> <span class='ocrx_word' id='word_1_351' title='bbox 1152 1222 1234 1248; x_wconf 85' lang='lat' dir='ltr'><strong>aquo</strong></span> <span class='ocrx_word' id='word_1_352' title='bbox 1250 1214 1440 1248; x_wconf 73' lang='lat' dir='ltr'><strong>praefecturam</strong></span> <span class='ocrx_word' id='word_1_353' title='bbox 1466 1215 1584 1242; x_wconf 73' lang='lat' dir='ltr'><strong>cubiculi</strong></span> <span class='ocrx_word' id='word_1_354' title='bbox 1605 1216 1720 1250; x_wconf 79' lang='lat' dir='ltr'><strong>accepit.</strong></span> 
     </span>
    </p>
   </div>
   <div class='ocr_carea' id='block_1_55' title="bbox 926 1260 1720 1295">
    <p class='ocr_par' dir='ltr' id='par_1_55' title="bbox 926 1260 1720 1295">
     <span class='ocr_line' id='line_1_55' title="bbox 926 1260 1720 1295; baseline 0.003 -9"><span class='ocrx_word' id='word_1_355' title='bbox 926 1260 991 1295; x_wconf 85' lang='lat' dir='ltr'><strong>Ipsi,</strong></span> <span class='ocrx_word' id='word_1_356' title='bbox 1004 1262 1037 1288; x_wconf 88' lang='lat' dir='ltr'><strong>de</strong></span> <span class='ocrx_word' id='word_1_357' title='bbox 1055 1261 1097 1288; x_wconf 88' lang='lat' dir='ltr'><strong>bis</strong></span> <span class='ocrx_word' id='word_1_358' title='bbox 1123 1268 1184 1295; x_wconf 60' lang='lat' dir='ltr'><strong>quae</strong></span> <span class='ocrx_word' id='word_1_359' title='bbox 1201 1268 1216 1288; x_wconf 92' lang='lat' dir='ltr'><strong>e</strong></span> <span class='ocrx_word' id='word_1_360' title='bbox 1239 1269 1267 1288; x_wconf 89' lang='lat' dir='ltr'><strong>re</strong></span> <span class='ocrx_word' id='word_1_361' title='bbox 1289 1268 1338 1287; x_wconf 88' lang='lat' dir='ltr'><strong>sua</strong></span> <span class='ocrx_word' id='word_1_362' title='bbox 1358 1260 1448 1288; x_wconf 85' lang='lat' dir='ltr'><strong>forent</strong></span> <span class='ocrx_word' id='word_1_363' title='bbox 1460 1261 1657 1288; x_wconf 80' lang='lat' dir='ltr'><strong>deliberatione</strong></span> <span class='ocrx_word' id='word_1_364' title='bbox 1671 1262 1720 1289; x_wconf 91' lang='lat' dir='ltr'><strong>ba-</strong></span> 
     </span>
    </p>
   </div>
   <div class='ocr_carea' id='block_1_56' title="bbox 925 1306 1721 1340">
    <p class='ocr_par' dir='ltr' id='par_1_56' title="bbox 925 1306 1721 1340">
     <span class='ocr_line' id='line_1_56' title="bbox 925 1306 1721 1340; baseline 0.003 -7"><span class='ocrx_word' id='word_1_365' title='bbox 925 1306 993 1339; x_wconf 83' lang='lat' dir='ltr'><strong>bila,</strong></span> <span class='ocrx_word' id='word_1_366' title='bbox 1022 1306 1149 1334; x_wconf 84' lang='lat' dir='ltr'><strong>mandata</strong></span> <span class='ocrx_word' id='word_1_367' title='bbox 1179 1311 1206 1334; x_wconf 86' lang='lat' dir='ltr'><strong>et</strong></span> <span class='ocrx_word' id='word_1_368' title='bbox 1239 1306 1328 1333; x_wconf 83' lang='lat' dir='ltr'><strong>edicta</strong></span> <span class='ocrx_word' id='word_1_369' title='bbox 1354 1313 1402 1340; x_wconf 84' lang='lat' dir='ltr'><strong>per</strong></span> <span class='ocrx_word' id='word_1_370' title='bbox 1425 1310 1510 1333; x_wconf 86' lang='lat' dir='ltr'><strong>totam</strong></span> <span class='ocrx_word' id='word_1_371' title='bbox 1531 1307 1626 1334; x_wconf 82' lang='lat' dir='ltr'><strong>urbem</strong></span> <span class='ocrx_word' id='word_1_372' title='bbox 1649 1308 1721 1335; x_wconf 88' lang='lat' dir='ltr'><strong>illico</strong></span> 
     </span>
    </p>
   </div>
   <div class='ocr_carea' id='block_1_57' title="bbox 924 1352 1719 1387">
    <p class='ocr_par' dir='ltr' id='par_1_57' title="bbox 924 1352 1719 1387">
     <span class='ocr_line' id='line_1_57' title="bbox 924 1352 1719 1387; baseline 0.004 -9"><span class='ocrx_word' id='word_1_373' title='bbox 924 1352 1063 1385; x_wconf 87' lang='lat' dir='ltr'><strong>emittunt,</strong></span> <span class='ocrx_word' id='word_1_374' title='bbox 1082 1362 1091 1378; x_wconf 78' lang='grc' dir='ltr'><strong>ι</strong></span> <span class='ocrx_word' id='word_1_375' title='bbox 1111 1353 1209 1380; x_wconf 87' lang='lat' dir='ltr'><strong>turbas</strong></span> <span class='ocrx_word' id='word_1_376' title='bbox 1222 1353 1305 1385; x_wconf 84' lang='lat' dir='ltr'><strong>ciere,</strong></span> <span class='ocrx_word' id='word_1_377' title='bbox 1320 1352 1500 1387; x_wconf 85' lang='lat' dir='ltr'><strong>direptionem</strong></span> <span class='ocrx_word' id='word_1_378' title='bbox 1517 1353 1607 1381; x_wconf 88' lang='lat' dir='ltr'><strong>facere</strong></span> <span class='ocrx_word' id='word_1_379' title='bbox 1622 1354 1669 1380; x_wconf 92' lang='lat' dir='ltr'><strong>ulli</strong></span> <span class='ocrx_word' id='word_1_380' title='bbox 1686 1362 1719 1381; x_wconf 86' lang='lat' dir='ltr'><strong>ne</strong></span> 
     </span>
    </p>
   </div>
   <div class='ocr_carea' id='block_1_58' title="bbox 924 1396 1716 1432">
    <p class='ocr_par' dir='ltr' id='par_1_58' title="bbox 924 1396 1716 1432">
     <span class='ocr_line' id='line_1_58' title="bbox 924 1396 1716 1432; baseline 0.004 -10"><span class='ocrx_word' id='word_1_381' title='bbox 924 1396 1037 1424; x_wconf 85' lang='lat' dir='ltr'><strong>liceret:</strong></span> <span class='ocrx_word' id='word_1_382' title='bbox 1051 1397 1123 1431; x_wconf 87' lang='lat' dir='ltr'><strong>quod</strong></span> <span class='ocrx_word' id='word_1_383' title='bbox 1139 1397 1162 1424; x_wconf 91' lang='lat' dir='ltr'><strong>si</strong></span> <span class='ocrx_word' id='word_1_384' title='bbox 1175 1398 1236 1432; x_wconf 83' lang='lat' dir='ltr'><strong>quis</strong></span> <span class='ocrx_word' id='word_1_385' title='bbox 1247 1397 1382 1432; x_wconf 87' lang='lat' dir='ltr'><strong>ejusmodi</strong></span> <span class='ocrx_word' id='word_1_386' title='bbox 1400 1397 1502 1432; x_wconf 88' lang='lat' dir='ltr'><strong>aliquid</strong></span> <span class='ocrx_word' id='word_1_387' title='bbox 1519 1406 1602 1425; x_wconf 87' lang='lat' dir='ltr'><strong>ausus</strong></span> <span class='ocrx_word' id='word_1_388' title='bbox 1623 1397 1716 1425; x_wconf 64' lang='lat' dir='ltr'><strong>fuerit.</strong></span> 
     </span>
    </p>
   </div>
   <div class='ocr_carea' id='block_1_59' title="bbox 923 1443 1715 1478">
    <p class='ocr_par' dir='ltr' id='par_1_59' title="bbox 923 1443 1715 1478">
     <span class='ocr_line' id='line_1_59' title="bbox 923 1443 1715 1478; baseline 0.001 -9"><span class='ocrx_word' id='word_1_389' title='bbox 923 1450 1005 1477; x_wconf 75' lang='lat' dir='ltr'><strong>ptena</strong></span> <span class='ocrx_word' id='word_1_390' title='bbox 1020 1447 1090 1476; x_wconf 85' lang='lat' dir='ltr'><strong>esto,</strong></span> <span class='ocrx_word' id='word_1_391' title='bbox 1106 1448 1136 1470; x_wconf 90' lang='lat' dir='ltr'><strong>ut</strong></span> <span class='ocrx_word' id='word_1_392' title='bbox 1151 1448 1233 1478; x_wconf 87' lang='lat' dir='ltr'><strong>eaput</strong></span> <span class='ocrx_word' id='word_1_393' title='bbox 1247 1443 1270 1470; x_wconf 92' lang='lat' dir='ltr'><strong>ei</strong></span> <span class='ocrx_word' id='word_1_394' title='bbox 1290 1447 1459 1478; x_wconf 83' lang='lat' dir='ltr'><strong>amputetur.</strong></span> <span class='ocrx_word' id='word_1_395' title='bbox 1474 1453 1482 1469; x_wconf 75' lang='grc' dir='ltr'><strong>ι</strong></span> <span class='ocrx_word' id='word_1_396' title='bbox 1503 1443 1580 1476; x_wconf 85' lang='lat' dir='ltr'><strong>Quod</strong></span> <span class='ocrx_word' id='word_1_397' title='bbox 1596 1444 1715 1471; x_wconf 90' lang='lat' dir='ltr'><strong>edictum</strong></span> 
     </span>
    </p>
   </div>
   <div class='ocr_carea' id='block_1_60' title="bbox 924 1489 1716 1525">
    <p class='ocr_par' dir='ltr' id='par_1_60' title="bbox 924 1489 1716 1525">
     <span class='ocr_line' id='line_1_60' title="bbox 924 1489 1716 1525; baseline 0.001 -9"><span class='ocrx_word' id='word_1_398' title='bbox 924 1496 980 1516; x_wconf 93' lang='lat' dir='ltr'><strong>non</strong></span> <span class='ocrx_word' id='word_1_399' title='bbox 1021 1489 1187 1522; x_wconf 84' lang='lat' dir='ltr'><strong>mediocrem</strong></span> <span class='ocrx_word' id='word_1_400' title='bbox 1231 1494 1364 1517; x_wconf 85' lang='lat' dir='ltr'><strong>terrorem</strong></span> <span class='ocrx_word' id='word_1_401' title='bbox 1401 1490 1716 1525; x_wconf 82' lang='lat' dir='ltr'><strong>Constantinopolitanis</strong></span> 
     </span>
    </p>
   </div>
   <div class='ocr_carea' id='block_1_61' title="bbox 75 1533 868 1586">
    <p class='ocr_par' dir='ltr' id='par_1_61' title="bbox 75 1533 868 1572">
     <span class='ocr_line' id='line_1_61' title="bbox 75 1533 868 1572; baseline 0.004 -12"><span class='ocrx_word' id='word_1_402' title='bbox 75 1533 239 1569; x_wconf 81' lang='grc' dir='ltr'>διαρπαγὰς</span> <span class='ocrx_word' id='word_1_403' title='bbox 263 1534 434 1561; x_wconf 88' lang='grc' dir='ltr'>ἀποκλίνειν·</span> <span class='ocrx_word' id='word_1_404' title='bbox 461 1534 583 1561; x_wconf 82' lang='grc' dir='ltr'>κίνδυνον</span> <span class='ocrx_word' id='word_1_405' title='bbox 607 1536 662 1570; x_wconf 75' lang='grc' dir='ltr'><strong>γὰρ</strong></span> <span class='ocrx_word' id='word_1_406' title='bbox 679 1533 748 1562; x_wconf 77' lang='grc' dir='ltr'>εἶναι</span> <span class='ocrx_word' id='word_1_407' title='bbox 765 1536 808 1571; x_wconf 80' lang='grc' dir='ltr'><strong>[Ρ.</strong></span> <span class='ocrx_word' id='word_1_408' title='bbox 824 1535 868 1572; x_wconf 82' lang='lat'><strong>58]</strong></span> 
     </span>
    </p>
   </div>
   <div class='ocr_carea' id='block_1_62' title="bbox 927 1533 1718 1586">
    <p class='ocr_par' dir='ltr' id='par_1_62' title="bbox 927 1534 1718 1570">
     <span class='ocr_line' id='line_1_62' title="bbox 927 1534 1718 1570; baseline 0.003 -9"><span class='ocrx_word' id='word_1_409' title='bbox 927 1534 1094 1570; x_wconf 28' lang='lat' dir='ltr'><strong>injecit,4ncc</strong></span> <span class='ocrx_word' id='word_1_410' title='bbox 1110 1535 1258 1570; x_wconf 84' lang='lat' dir='ltr'><strong>quisquam</strong></span> <span class='ocrx_word' id='word_1_411' title='bbox 1271 1540 1367 1564; x_wconf 82' lang='lat' dir='ltr'><strong>contra</strong></span> <span class='ocrx_word' id='word_1_412' title='bbox 1394 1536 1554 1563; x_wconf 83' lang='lat' dir='ltr'><strong>mandatum</strong></span> <span class='ocrx_word' id='word_1_413' title='bbox 1584 1536 1618 1563; x_wconf 88' lang='lat' dir='ltr'><strong>ad</strong></span> <span class='ocrx_word' id='word_1_414' title='bbox 1649 1544 1718 1564; x_wconf 82' lang='lat' dir='ltr'><strong>nova</strong></span> 
     </span>
    </p>
   </div>
   <div class='ocr_carea' id='block_1_63' title="bbox 76 1579 874 1617">
    <p class='ocr_par' dir='ltr' id='par_1_63' title="bbox 76 1579 874 1617">
     <span class='ocr_line' id='line_1_63' title="bbox 76 1579 874 1617; baseline 0.004 -12"><span class='ocrx_word' id='word_1_415' title='bbox 76 1579 115 1614; x_wconf 83' lang='grc' dir='ltr'>τῷ</span> <span class='ocrx_word' id='word_1_416' title='bbox 140 1579 350 1615; x_wconf 75' lang='grc' dir='ltr'>τοιουτότροπόν</span> <span class='ocrx_word' id='word_1_417' title='bbox 370 1588 396 1605; x_wconf 89' lang='grc' dir='ltr'><strong>τι</strong></span> <span class='ocrx_word' id='word_1_418' title='bbox 415 1580 603 1616; x_wconf 74' lang='grc' dir='ltr'>τολμήσαντι,</span> <span class='ocrx_word' id='word_1_419' title='bbox 630 1581 808 1616; x_wconf 70' lang='grc' dir='ltr'>ἀφαιρεῖσθαι</span> <span class='ocrx_word' id='word_1_420' title='bbox 824 1582 874 1617; x_wconf 77' lang='grc' dir='ltr'>τῆς</span> 
     </span>
    </p>
   </div>
   <div class='ocr_carea' id='block_1_64' title="bbox 76 1625 873 1661">
    <p class='ocr_par' dir='ltr' id='par_1_64' title="bbox 76 1625 873 1661">
     <span class='ocr_line' id='line_1_64' title="bbox 76 1625 873 1661; baseline 0.004 -9"><span class='ocrx_word' id='word_1_421' title='bbox 76 1625 216 1660; x_wconf 77' lang='grc' dir='ltr'>κεφαλῆς.</span> <span class='ocrx_word' id='word_1_422' title='bbox 228 1625 314 1652; x_wconf 83' lang='grc' dir='ltr'>Τοῦτο</span> <span class='ocrx_word' id='word_1_423' title='bbox 324 1625 354 1653; x_wconf 81' lang='grc' dir='ltr'><strong>τὺ</strong></span> <span class='ocrx_word' id='word_1_424' title='bbox 367 1625 552 1661; x_wconf 75' lang='grc' dir='ltr'>παράγγελμα</span> <span class='ocrx_word' id='word_1_425' title='bbox 562 1626 694 1658; x_wconf 77' lang='grc' dir='ltr'>ἐπιεικῶς</span> <span class='ocrx_word' id='word_1_426' title='bbox 707 1627 873 1660; x_wconf 78' lang='grc' dir='ltr'>Βυζαντίους</span> 
     </span>
    </p>
   </div>
   <div class='ocr_carea' id='block_1_65' title="bbox 76 1671 875 1710">
    <p class='ocr_par' dir='ltr' id='par_1_65' title="bbox 76 1671 875 1710">
     <span class='ocr_line' id='line_1_65' title="bbox 76 1671 875 1710; baseline 0.004 -12"><span class='ocrx_word' id='word_1_427' title='bbox 76 1671 293 1706; x_wconf 73' lang='grc' dir='ltr'>ὲξεδειμάτωσε,</span> <span class='ocrx_word' id='word_1_428' title='bbox 311 1672 358 1707; x_wconf 69' lang='grc' dir='ltr'>καὶ</span> <span class='ocrx_word' id='word_1_429' title='bbox 372 1672 458 1703; x_wconf 78' lang='grc' dir='ltr'>οὐδεὶς</span> <span class='ocrx_word' id='word_1_430' title='bbox 472 1673 575 1706; x_wconf 72' lang='grc' dir='ltr'>ἐτόλμα</span> <span class='ocrx_word' id='word_1_431' title='bbox 589 1672 745 1708; x_wconf 79' lang='grc' dir='ltr'>νεοχμῶσαὶ</span> <span class='ocrx_word' id='word_1_432' title='bbox 757 1682 783 1700; x_wconf 89' lang='grc' dir='ltr'><strong>τι</strong></span> <span class='ocrx_word' id='word_1_433' title='bbox 799 1675 875 1710; x_wconf 75' lang='grc' dir='ltr'>παρὰ</span> 
     </span>
    </p>
   </div>
   <div class='ocr_carea' id='block_1_66' title="bbox 76 1718 872 1754">
    <p class='ocr_par' dir='ltr' id='par_1_66' title="bbox 76 1718 872 1754">
     <span class='ocr_line' id='line_1_66' title="bbox 76 1718 872 1754; baseline 0.003 -9"><span class='ocrx_word' id='word_1_434' title='bbox 76 1719 108 1745; x_wconf 79' lang='grc' dir='ltr'>τὸ</span> <span class='ocrx_word' id='word_1_435' title='bbox 132 1718 320 1753; x_wconf 79' lang='grc' dir='ltr'>προσταχθέν.</span> <span class='ocrx_word' id='word_1_436' title='bbox 345 1718 484 1745; x_wconf 78' lang='grc' dir='ltr'>Εἱώθεσαν</span> <span class='ocrx_word' id='word_1_437' title='bbox 508 1719 561 1754; x_wconf 81' lang='grc' dir='ltr'><strong>γὰρ</strong></span> <span class='ocrx_word' id='word_1_438' title='bbox 588 1719 618 1744; x_wconf 78' lang='grc' dir='ltr'><strong>εν</strong></span> <span class='ocrx_word' id='word_1_439' title='bbox 644 1720 705 1750; x_wconf 79' lang='grc' dir='ltr'>ταῖς</span> <span class='ocrx_word' id='word_1_440' title='bbox 731 1721 872 1752; x_wconf 79' lang='grc' dir='ltr'>τοιαύταις</span> 
     </span>
    </p>
   </div>
   <div class='ocr_carea' id='block_1_67' title="bbox 78 1765 870 1803">
    <p class='ocr_par' dir='ltr' id='par_1_67' title="bbox 78 1765 870 1803">
     <span class='ocr_line' id='line_1_67' title="bbox 78 1765 870 1803; baseline 0.001 -11"><span class='ocrx_word' id='word_1_441' title='bbox 78 1765 246 1800; x_wconf 77' lang='grc' dir='ltr'>μεταὸολαῖς</span> <span class='ocrx_word' id='word_1_442' title='bbox 260 1765 285 1791; x_wconf 74' lang='grc' dir='ltr'>οἱ</span> <span class='ocrx_word' id='word_1_443' title='bbox 300 1765 381 1800; x_wconf 77' lang='grc' dir='ltr'>ἀργοὶ</span> <span class='ocrx_word' id='word_1_444' title='bbox 395 1765 442 1791; x_wconf 83' lang='grc' dir='ltr'>τοῦ</span> <span class='ocrx_word' id='word_1_445' title='bbox 455 1765 554 1800; x_wconf 83' lang='grc' dir='ltr'>δήμου,</span> <span class='ocrx_word' id='word_1_446' title='bbox 571 1765 618 1792; x_wconf 75' lang='grc' dir='ltr'>καὶ</span> <span class='ocrx_word' id='word_1_447' title='bbox 630 1766 738 1801; x_wconf 80' lang='grc' dir='ltr'>ἄποροι,</span> <span class='ocrx_word' id='word_1_448' title='bbox 755 1767 782 1798; x_wconf 82' lang='grc' dir='ltr'>ἐς</span> <span class='ocrx_word' id='word_1_449' title='bbox 795 1767 870 1803; x_wconf 89' lang='grc' dir='ltr'>διαρ-</span> 
     </span>
    </p>
   </div>
   <div class='ocr_carea' id='block_1_68' title="bbox 77 1810 869 1846">
    <p class='ocr_par' dir='ltr' id='par_1_68' title="bbox 77 1810 869 1846">
     <span class='ocr_line' id='line_1_68' title="bbox 77 1810 869 1846; baseline 0.004 -9"><span class='ocrx_word' id='word_1_450' title='bbox 77 1811 171 1845; x_wconf 74' lang='grc' dir='ltr'>παγὰς</span> <span class='ocrx_word' id='word_1_451' title='bbox 190 1810 342 1846; x_wconf 81' lang='grc' dir='ltr'>χρημάτων</span> <span class='ocrx_word' id='word_1_452' title='bbox 367 1811 414 1837; x_wconf 79' lang='grc' dir='ltr'>καὶ</span> <span class='ocrx_word' id='word_1_453' title='bbox 432 1812 612 1845; x_wconf 68' lang='grc' dir='ltr'>κατασκαφὰς</span> <span class='ocrx_word' id='word_1_454' title='bbox 633 1812 716 1838; x_wconf 85' lang='grc' dir='ltr'>οἴκων</span> <span class='ocrx_word' id='word_1_455' title='bbox 728 1833 735 1843; x_wconf 92' lang='grc'><strong>,</strong></span> <span class='ocrx_word' id='word_1_456' title='bbox 752 1812 808 1839; x_wconf 77' lang='grc' dir='ltr'>ἐσθ’</span> <span class='ocrx_word' id='word_1_457' title='bbox 825 1814 869 1840; x_wconf 82' lang='grc' dir='ltr'>ὅτε</span> 
     </span>
    </p>
   </div>
   <div class='ocr_carea' id='block_1_69' title="bbox 77 1852 869 1893">
    <p class='ocr_par' dir='ltr' id='par_1_69' title="bbox 77 1852 869 1893">
     <span class='ocr_line' id='line_1_69' title="bbox 77 1852 869 1893; baseline 0.001 -9"><span class='ocrx_word' id='word_1_458' title='bbox 77 1857 125 1884; x_wconf 82' lang='grc' dir='ltr'>καὶ</span> <span class='ocrx_word' id='word_1_459' title='bbox 144 1856 200 1883; x_wconf 84' lang='grc' dir='ltr'>τῶν</span> <span class='ocrx_word' id='word_1_460' title='bbox 215 1852 360 1891; x_wconf 80' lang='grc' dir='ltr'>ὁμοφύλων</span> <span class='ocrx_word' id='word_1_461' title='bbox 377 1857 486 1891; x_wconf 80' lang='grc' dir='ltr'>σφαγὰς</span> <span class='ocrx_word' id='word_1_462' title='bbox 498 1857 660 1893; x_wconf 70' lang='grc' dir='ltr'>τρέπεσθαι,</span> <span class='ocrx_word' id='word_1_463' title='bbox 675 1857 747 1884; x_wconf 81' lang='grc' dir='ltr'>καθά</span> <span class='ocrx_word' id='word_1_464' title='bbox 759 1866 810 1884; x_wconf 83' lang='grc' dir='ltr'><strong>που</strong></span> <span class='ocrx_word' id='word_1_465' title='bbox 823 1859 869 1885; x_wconf 78' lang='grc' dir='ltr'>καὶ</span> 
     </span>
    </p>
   </div>
   <div class='ocr_carea' id='block_1_70' title="bbox 76 1902 868 1938">
    <p class='ocr_par' dir='ltr' id='par_1_70' title="bbox 76 1902 868 1938">
     <span class='ocr_line' id='line_1_70' title="bbox 76 1902 868 1938; baseline 0.001 -9"><span class='ocrx_word' id='word_1_466' title='bbox 76 1903 104 1929; x_wconf 83' lang='grc' dir='ltr'>ἐν</span> <span class='ocrx_word' id='word_1_467' title='bbox 115 1904 152 1938; x_wconf 76' lang='grc' dir='ltr'><strong>τῇ</strong></span> <span class='ocrx_word' id='word_1_468' title='bbox 171 1903 321 1938; x_wconf 76' lang='grc' dir='ltr'>ἀναρρήσει</span> <span class='ocrx_word' id='word_1_469' title='bbox 338 1902 384 1929; x_wconf 81' lang='grc' dir='ltr'>τοῦ</span> <span class='ocrx_word' id='word_1_470' title='bbox 401 1903 604 1937; x_wconf 64' lang='grc' dir='ltr'>αὐτοκράτορος</span> <span class='ocrx_word' id='word_1_471' title='bbox 624 1903 782 1938; x_wconf 76' lang='grc' dir='ltr'>Νικηφόρον</span> <span class='ocrx_word' id='word_1_472' title='bbox 798 1913 868 1938; x_wconf 77' lang='grc' dir='ltr'>συμ‹</span> 
     </span>
    </p>
   </div>
   <div class='ocr_carea' id='block_1_71' title="bbox 927 1581 1721 1610">
    <p class='ocr_par' dir='ltr' id='par_1_71' title="bbox 927 1581 1721 1610">
     <span class='ocr_line' id='line_1_71' title="bbox 927 1581 1721 1610; baseline 0.003 -2"><span class='ocrx_word' id='word_1_473' title='bbox 927 1581 1043 1608; x_wconf 88' lang='lat' dir='ltr'><strong>consilia</strong></span> <span class='ocrx_word' id='word_1_474' title='bbox 1057 1581 1181 1608; x_wconf 88' lang='lat' dir='ltr'><strong>animum</strong></span> <span class='ocrx_word' id='word_1_475' title='bbox 1197 1581 1328 1609; x_wconf 85' lang='lat' dir='ltr'><strong>inducere</strong></span> <span class='ocrx_word' id='word_1_476' title='bbox 1343 1586 1386 1610; x_wconf 84' lang='lat' dir='ltr'><strong>est</strong></span> <span class='ocrx_word' id='word_1_477' title='bbox 1405 1589 1498 1609; x_wconf 88' lang='lat' dir='ltr'><strong>ausus.</strong></span> <span class='ocrx_word' id='word_1_478' title='bbox 1513 1581 1581 1608; x_wconf 84' lang='lat' dir='ltr'><strong>Nam</strong></span> <span class='ocrx_word' id='word_1_479' title='bbox 1594 1582 1721 1610; x_wconf 85' lang='lat' dir='ltr'><strong>solebant</strong></span> 
     </span>
    </p>
   </div>
   <div class='ocr_carea' id='block_1_72' title="bbox 925 1627 1721 1663">
    <p class='ocr_par' dir='ltr' id='par_1_72' title="bbox 925 1627 1721 1663">
     <span class='ocr_line' id='line_1_72' title="bbox 925 1627 1721 1663; baseline 0.003 -9"><span class='ocrx_word' id='word_1_480' title='bbox 925 1627 954 1654; x_wconf 92' lang='lat' dir='ltr'><strong>in</strong></span> <span class='ocrx_word' id='word_1_481' title='bbox 974 1627 1132 1662; x_wconf 85' lang='lat' dir='ltr'><strong>bujusmodi</strong></span> <span class='ocrx_word' id='word_1_482' title='bbox 1152 1635 1243 1655; x_wconf 90' lang='lat' dir='ltr'><strong>rerum</strong></span> <span class='ocrx_word' id='word_1_483' title='bbox 1269 1628 1468 1656; x_wconf 87' lang='lat' dir='ltr'><strong>mutationibus</strong></span> <span class='ocrx_word' id='word_1_484' title='bbox 1485 1636 1518 1655; x_wconf 83' lang='lat' dir='ltr'><strong>ex</strong></span> <span class='ocrx_word' id='word_1_485' title='bbox 1535 1628 1613 1663; x_wconf 85' lang='lat' dir='ltr'><strong>plebe</strong></span> <span class='ocrx_word' id='word_1_486' title='bbox 1631 1629 1721 1656; x_wconf 88' lang='lat' dir='ltr'><strong>homi-</strong></span> 
     </span>
    </p>
   </div>
   <div class='ocr_carea' id='block_1_73' title="bbox 926 1673 1720 1709">
    <p class='ocr_par' dir='ltr' id='par_1_73' title="bbox 926 1673 1720 1709">
     <span class='ocr_line' id='line_1_73' title="bbox 926 1673 1720 1709; baseline 0.004 -10"><span class='ocrx_word' id='word_1_487' title='bbox 926 1680 986 1704; x_wconf 74' lang='lat' dir='ltr'><strong>nes,</strong></span> <span class='ocrx_word' id='word_1_488' title='bbox 997 1673 1054 1700; x_wconf 90' lang='lat' dir='ltr'><strong>otio</strong></span> <span class='ocrx_word' id='word_1_489' title='bbox 1068 1678 1247 1708; x_wconf 78' lang='lat' dir='ltr'><strong>egestatequc</strong></span> <span class='ocrx_word' id='word_1_490' title='bbox 1266 1675 1375 1709; x_wconf 84' lang='lat' dir='ltr'><strong>perditi,</strong></span> <span class='ocrx_word' id='word_1_491' title='bbox 1389 1675 1422 1702; x_wconf 89' lang='lat' dir='ltr'><strong>ad</strong></span> <span class='ocrx_word' id='word_1_492' title='bbox 1439 1675 1618 1708; x_wconf 78' lang='lat' dir='ltr'><strong>expilationes</strong></span> <span class='ocrx_word' id='word_1_493' title='bbox 1634 1675 1720 1703; x_wconf 89' lang='lat' dir='ltr'><strong>bono-</strong></span> 
     </span>
    </p>
   </div>
   <div class='ocr_carea' id='block_1_74' title="bbox 925 1720 1718 1756">
    <p class='ocr_par' dir='ltr' id='par_1_74' title="bbox 925 1720 1718 1756">
     <span class='ocr_line' id='line_1_74' title="bbox 925 1720 1718 1756; baseline 0.004 -10"><span class='ocrx_word' id='word_1_494' title='bbox 925 1727 987 1747; x_wconf 85' lang='lat' dir='ltr'><strong>rum</strong></span> <span class='ocrx_word' id='word_1_495' title='bbox 1014 1720 1203 1756; x_wconf 88' lang='lat' dir='ltr'><strong>domuumque</strong></span> <span class='ocrx_word' id='word_1_496' title='bbox 1226 1721 1385 1749; x_wconf 83' lang='lat' dir='ltr'><strong>eversiones</strong></span> <span class='ocrx_word' id='word_1_497' title='bbox 1414 1722 1557 1753; x_wconf 81' lang='lat' dir='ltr'><strong>converti,</strong></span> <span class='ocrx_word' id='word_1_498' title='bbox 1582 1722 1718 1749; x_wconf 85' lang='lat' dir='ltr'><strong>interdum</strong></span> 
     </span>
    </p>
   </div>
   <div class='ocr_carea' id='block_1_75' title="bbox 925 1766 1720 1801">
    <p class='ocr_par' dir='ltr' id='par_1_75' title="bbox 925 1766 1720 1801">
     <span class='ocr_line' id='line_1_75' title="bbox 925 1766 1720 1801; baseline 0.001 -8"><span class='ocrx_word' id='word_1_499' title='bbox 925 1774 1035 1801; x_wconf 88' lang='lat' dir='ltr'><strong>quoque</strong></span> <span class='ocrx_word' id='word_1_500' title='bbox 1049 1766 1083 1793; x_wconf 89' lang='lat' dir='ltr'><strong>ad</strong></span> <span class='ocrx_word' id='word_1_501' title='bbox 1100 1767 1201 1794; x_wconf 90' lang='lat' dir='ltr'><strong>civium</strong></span> <span class='ocrx_word' id='word_1_502' title='bbox 1215 1766 1269 1801; x_wconf 81' lang='lat'><strong>95</strong></span> <span class='ocrx_word' id='word_1_503' title='bbox 1290 1767 1403 1800; x_wconf 67' lang='lat' dir='ltr'><strong>credent,</strong></span> <span class='ocrx_word' id='word_1_504' title='bbox 1421 1772 1452 1794; x_wconf 87' lang='lat' dir='ltr'><strong>ut</strong></span> <span class='ocrx_word' id='word_1_505' title='bbox 1473 1768 1501 1795; x_wconf 86' lang='lat' dir='ltr'><strong>in</strong></span> <span class='ocrx_word' id='word_1_506' title='bbox 1517 1768 1720 1795; x_wconf 83' lang='lat' dir='ltr'><strong>renuntiatione</strong></span> 
     </span>
    </p>
   </div>
   <div class='ocr_carea' id='block_1_76' title="bbox 922 1811 1720 1848">
    <p class='ocr_par' dir='ltr' id='par_1_76' title="bbox 922 1811 1720 1848">
     <span class='ocr_line' id='line_1_76' title="bbox 922 1811 1720 1848; baseline 0.003 -9"><span class='ocrx_word' id='word_1_507' title='bbox 922 1811 1066 1848; x_wconf 79' lang='lat' dir='ltr'><strong>Nicepltori</strong></span> <span class='ocrx_word' id='word_1_508' title='bbox 1101 1813 1217 1848; x_wconf 79' lang='lat' dir='ltr'><strong>Augusti</strong></span> <span class='ocrx_word' id='word_1_509' title='bbox 1251 1818 1391 1840; x_wconf 85' lang='lat' dir='ltr'><strong>evenerat.</strong></span> <span class='ocrx_word' id='word_1_510' title='bbox 1414 1814 1466 1842; x_wconf 87' lang='lat' dir='ltr'><strong>Sed</strong></span> <span class='ocrx_word' id='word_1_511' title='bbox 1499 1815 1571 1842; x_wconf 92' lang='lat' dir='ltr'><strong>bunc</strong></span> <span class='ocrx_word' id='word_1_512' title='bbox 1602 1815 1720 1842; x_wconf 81' lang='lat' dir='ltr'><strong>forensis</strong></span> 
     </span>
    </p>
   </div>
   <div class='ocr_carea' id='block_1_77' title="bbox 923 1859 1716 1895">
    <p class='ocr_par' dir='ltr' id='par_1_77' title="bbox 923 1859 1716 1895">
     <span class='ocr_line' id='line_1_77' title="bbox 923 1859 1716 1895; baseline 0.001 -8"><span class='ocrx_word' id='word_1_513' title='bbox 923 1859 1050 1887; x_wconf 90' lang='lat' dir='ltr'><strong>colluviei</strong></span> <span class='ocrx_word' id='word_1_514' title='bbox 1064 1867 1171 1887; x_wconf 66' lang='lat' dir='ltr'><strong>emcnm</strong></span> <span class='ocrx_word' id='word_1_515' title='bbox 1194 1860 1325 1895; x_wconf 89' lang='lat' dir='ltr'><strong>impetum</strong></span> <span class='ocrx_word' id='word_1_516' title='bbox 1340 1859 1456 1888; x_wconf 84' lang='lat' dir='ltr'><strong>Joannis</strong></span> <span class='ocrx_word' id='word_1_517' title='bbox 1474 1860 1592 1888; x_wconf 87' lang='lat' dir='ltr'><strong>edictum</strong></span> <span class='ocrx_word' id='word_1_518' title='bbox 1612 1867 1716 1895; x_wconf 68' lang='lat' dir='ltr'><strong>prtere-</strong></span> 
     </span>
    </p>
   </div>
   <div class='ocr_carea' id='block_1_78' title="bbox 923 1905 1226 1941">
    <p class='ocr_par' dir='ltr' id='par_1_78' title="bbox 923 1905 1226 1941">
     <span class='ocr_line' id='line_1_78' title="bbox 923 1905 1226 1941; baseline 0.003 -9"><span class='ocrx_word' id='word_1_519' title='bbox 923 1905 1025 1933; x_wconf 89' lang='lat' dir='ltr'><strong>niendo</strong></span> <span class='ocrx_word' id='word_1_520' title='bbox 1051 1906 1226 1941; x_wconf 85' lang='lat' dir='ltr'><strong>compressit.</strong></span> 
     </span>
    </p>
   </div>
   <div class='ocr_carea' id='block_1_79' title="bbox 76 1948 1717 1988">
    <p class='ocr_par' dir='ltr' id='par_1_79' title="bbox 76 1948 1717 1988">
     <span class='ocr_line' id='line_1_79' title="bbox 76 1948 1717 1988; baseline 0.003 -13"><span class='ocrx_word' id='word_1_521' title='bbox 76 1949 207 1984; x_wconf 74' lang='grc' dir='ltr'>ϐέϐηκεν.</span> <span class='ocrx_word' id='word_1_522' title='bbox 225 1949 304 1976; x_wconf 80' lang='grc' dir='ltr'>Ἀλλὰ</span> <span class='ocrx_word' id='word_1_523' title='bbox 315 1948 364 1984; x_wconf 78' lang='grc' dir='ltr'>τὴν</span> <span class='ocrx_word' id='word_1_524' title='bbox 373 1949 501 1984; x_wconf 72' lang='grc' dir='ltr'>τοιαύτην</span> <span class='ocrx_word' id='word_1_525' title='bbox 513 1949 665 1976; x_wconf 75' lang='grc' dir='ltr'>ἀκάθεκτον</span> <span class='ocrx_word' id='word_1_526' title='bbox 676 1950 724 1976; x_wconf 79' lang='grc' dir='ltr'><strong>τοῦ</strong></span> <span class='ocrx_word' id='word_1_527' title='bbox 754 1950 886 1986; x_wconf 84' lang='grc' dir='ltr'>ἀγοραίου</span> <span class='ocrx_word' id='word_1_528' title='bbox 907 1951 986 1987; x_wconf 72' lang='grc' dir='ltr'>ὄχλου</span> <span class='ocrx_word' id='word_1_529' title='bbox 1009 1953 1096 1987; x_wconf 80' lang='grc' dir='ltr'>φορὰν</span> <span class='ocrx_word' id='word_1_530' title='bbox 1120 1952 1283 1988; x_wconf 81' lang='grc' dir='ltr'>προφθάσας</span> <span class='ocrx_word' id='word_1_531' title='bbox 1316 1952 1456 1979; x_wconf 79' lang='grc' dir='ltr'>ἀνέστειλε</span> <span class='ocrx_word' id='word_1_532' title='bbox 1476 1951 1507 1978; x_wconf 81' lang='grc' dir='ltr'>τὸ</span> <span class='ocrx_word' id='word_1_533' title='bbox 1522 1952 1568 1979; x_wconf 79' lang='grc' dir='ltr'>τοῦ</span> <span class='ocrx_word' id='word_1_534' title='bbox 1593 1953 1717 1980; x_wconf 80' lang='grc' dir='ltr'>Ἰωάννου</span> 
     </span>
    </p>
   </div>
   <div class='ocr_carea' id='block_1_80' title="bbox 76 1997 244 2032">
    <p class='ocr_par' dir='ltr' id='par_1_80' title="bbox 76 1997 244 2032">
     <span class='ocr_line' id='line_1_80' title="bbox 76 1997 244 2032; baseline 0.006 -9"><span class='ocrx_word' id='word_1_535' title='bbox 76 1997 244 2032; x_wconf 75' lang='grc' dir='ltr'>διάγγελμα.</span> 
     </span>
    </p>
   </div>
   <div class='ocr_carea' id='block_1_81' title="bbox 111 2044 867 2082">
    <p class='ocr_par' dir='ltr' id='par_1_81' title="bbox 111 2044 867 2082">
     <span class='ocr_line' id='line_1_81' title="bbox 111 2044 867 2082; baseline 0.001 -10"><span class='ocrx_word' id='word_1_536' title='bbox 111 2045 147 2082; x_wconf 83' lang='grc' dir='ltr'><strong>β’.</strong></span> <span class='ocrx_word' id='word_1_537' title='bbox 182 2046 227 2072; x_wconf 81' lang='grc' dir='ltr'>Ἐν</span> <span class='ocrx_word' id='word_1_538' title='bbox 256 2044 361 2077; x_wconf 80' lang='grc' dir='ltr'>τούτοις</span> <span class='ocrx_word' id='word_1_539' title='bbox 389 2045 442 2072; x_wconf 76' lang='grc' dir='ltr'>τῶν</span> <span class='ocrx_word' id='word_1_540' title='bbox 469 2046 640 2080; x_wconf 83' lang='grc' dir='ltr'>πραγμάτων</span> <span class='ocrx_word' id='word_1_541' title='bbox 665 2047 834 2081; x_wconf 78' lang='grc' dir='ltr'>ᾐωρημένων</span> <span class='ocrx_word' id='word_1_542' title='bbox 847 2048 867 2080; x_wconf 87' lang='grc'>⁷,</span> 
     </span>
    </p>
   </div>
   <div class='ocr_carea' id='block_1_82' title="bbox 76 2091 870 2127">
    <p class='ocr_par' dir='ltr' id='par_1_82' title="bbox 76 2091 870 2127">
     <span class='ocr_line' id='line_1_82' title="bbox 76 2091 870 2127; baseline 0 -8"><span class='ocrx_word' id='word_1_543' title='bbox 76 2093 152 2119; x_wconf 76' lang='grc' dir='ltr'>Λέων</span> <span class='ocrx_word' id='word_1_544' title='bbox 169 2091 399 2126; x_wconf 80' lang='grc' dir='ltr'>Κουροπαλὰτης,</span> <span class='ocrx_word' id='word_1_545' title='bbox 410 2091 424 2117; x_wconf 81' lang='grc' dir='ltr'>ὁ</span> <span class='ocrx_word' id='word_1_546' title='bbox 438 2091 483 2118; x_wconf 75' lang='grc' dir='ltr'>τοῦ</span> <span class='ocrx_word' id='word_1_547' title='bbox 496 2091 652 2126; x_wconf 71' lang='grc' dir='ltr'>Νικηφόρου</span> <span class='ocrx_word' id='word_1_548' title='bbox 669 2092 811 2127; x_wconf 79' lang='grc' dir='ltr'>σύναιμος,</span> <span class='ocrx_word' id='word_1_549' title='bbox 827 2093 870 2127; x_wconf 66' lang='grc' dir='ltr'><strong>ἐφ’</strong></span> 
     </span>
    </p>
   </div>
   <div class='ocr_carea' id='block_1_83' title="bbox 75 2137 870 2174">
    <p class='ocr_par' dir='ltr' id='par_1_83' title="bbox 75 2137 870 2174">
     <span class='ocr_line' id='line_1_83' title="bbox 75 2137 870 2174; baseline -0.001 -9"><span class='ocrx_word' id='word_1_550' title='bbox 75 2139 171 2169; x_wconf 79' lang='grc' dir='ltr'>ἑστίας</span> <span class='ocrx_word' id='word_1_551' title='bbox 191 2137 342 2170; x_wconf 76' lang='grc' dir='ltr'>καθεύδων,</span> <span class='ocrx_word' id='word_1_552' title='bbox 359 2138 409 2172; x_wconf 77' lang='grc' dir='ltr'>τὴν</span> <span class='ocrx_word' id='word_1_553' title='bbox 423 2137 471 2164; x_wconf 84' lang='grc' dir='ltr'>τοῦ</span> <span class='ocrx_word' id='word_1_554' title='bbox 487 2138 603 2172; x_wconf 70' lang='grc' dir='ltr'>ἀδελφοῦ</span> <span class='ocrx_word' id='word_1_555' title='bbox 623 2139 729 2172; x_wconf 80' lang='grc' dir='ltr'>σφαγὴν</span> <span class='ocrx_word' id='word_1_556' title='bbox 744 2139 870 2174; x_wconf 77' lang='grc' dir='ltr'>διενηχη-</span> 
     </span>
    </p>
   </div>
   <div class='ocr_carea' id='block_1_84' title="bbox 75 2183 871 2220">
    <p class='ocr_par' dir='ltr' id='par_1_84' title="bbox 75 2183 871 2220">
     <span class='ocr_line' id='line_1_84' title="bbox 75 2183 871 2220; baseline 0 -9"><span class='ocrx_word' id='word_1_557' title='bbox 75 2185 143 2217; x_wconf 77' lang='grc' dir='ltr'>θεὶς,</span> <span class='ocrx_word' id='word_1_558' title='bbox 159 2184 220 2210; x_wconf 75' lang='grc' dir='ltr'>δέον</span> <span class='ocrx_word' id='word_1_559' title='bbox 233 2183 318 2219; x_wconf 79' lang='grc' dir='ltr'>αὐτῷ,</span> <span class='ocrx_word' id='word_1_560' title='bbox 330 2183 431 2218; x_wconf 80' lang='grc' dir='ltr'>χρυσοῦ</span> <span class='ocrx_word' id='word_1_561' title='bbox 446 2183 600 2218; x_wconf 77' lang='grc' dir='ltr'>θησαυροὺς</span> <span class='ocrx_word' id='word_1_562' title='bbox 614 2185 775 2220; x_wconf 77' lang='grc' dir='ltr'>κεκτημένῳ</span> <span class='ocrx_word' id='word_1_563' title='bbox 789 2185 871 2211; x_wconf 87' lang='grc' dir='ltr'>πολυ-</span> 
     </span>
    </p>
   </div>
   <div class='ocr_carea' id='block_1_85' title="bbox 74 2229 872 2265">
    <p class='ocr_par' dir='ltr' id='par_1_85' title="bbox 74 2229 872 2265">
     <span class='ocr_line' id='line_1_85' title="bbox 74 2229 872 2265; baseline 0 -8"><span class='ocrx_word' id='word_1_564' title='bbox 74 2230 226 2262; x_wconf 78' lang='grc' dir='ltr'>ταλάντους</span> <span class='ocrx_word' id='word_1_565' title='bbox 240 2249 248 2262; x_wconf 89' lang='grc'><strong>,</strong></span> <span class='ocrx_word' id='word_1_566' title='bbox 264 2231 335 2256; x_wconf 80' lang='grc' dir='ltr'>κατὰ</span> <span class='ocrx_word' id='word_1_567' title='bbox 359 2229 478 2264; x_wconf 78' lang='grc' dir='ltr'>ἄμφοδον</span> <span class='ocrx_word' id='word_1_568' title='bbox 494 2230 674 2265; x_wconf 84' lang='grc' dir='ltr'>διασπείρειν,</span> <span class='ocrx_word' id='word_1_569' title='bbox 699 2231 746 2258; x_wconf 79' lang='grc' dir='ltr'>καὶ</span> <span class='ocrx_word' id='word_1_570' title='bbox 768 2231 872 2262; x_wconf 74' lang='grc' dir='ltr'>τούτοις</span> 
     </span>
    </p>
   </div>
   <div class='ocr_carea' id='block_1_86' title="bbox 74 2276 867 2311">
    <p class='ocr_par' dir='ltr' id='par_1_86' title="bbox 74 2276 867 2311">
     <span class='ocr_line' id='line_1_86' title="bbox 74 2276 867 2311; baseline -0.003 -7"><span class='ocrx_word' id='word_1_571' title='bbox 74 2278 138 2308; x_wconf 71' lang='grc' dir='ltr'>τοὺς</span> <span class='ocrx_word' id='word_1_572' title='bbox 154 2276 284 2308; x_wconf 70' lang='grc' dir='ltr'>ἀττικοὺς</span> <span class='ocrx_word' id='word_1_573' title='bbox 297 2276 468 2311; x_wconf 81' lang='grc' dir='ltr'>δεξιούμενον</span> <span class='ocrx_word' id='word_1_574' title='bbox 482 2296 488 2308; x_wconf 89' lang='grc'><strong>,</strong></span> <span class='ocrx_word' id='word_1_575' title='bbox 506 2277 546 2308; x_wconf 85' lang='grc' dir='ltr'>εἰς</span> <span class='ocrx_word' id='word_1_576' title='bbox 563 2276 703 2310; x_wconf 76' lang='grc' dir='ltr'>ἐκδίκησιν</span> <span class='ocrx_word' id='word_1_577' title='bbox 729 2276 800 2303; x_wconf 75' lang='grc' dir='ltr'>κατὰ</span> <span class='ocrx_word' id='word_1_578' title='bbox 813 2277 867 2302; x_wconf 86' lang='grc' dir='ltr'>τῶν</span> 
     </span>
    </p>
   </div>
   <div class='ocr_carea' id='block_1_87' title="bbox 74 2321 866 2358">
    <p class='ocr_par' dir='ltr' id='par_1_87' title="bbox 74 2321 866 2358">
     <span class='ocr_line' id='line_1_87' title="bbox 74 2321 866 2358; baseline 0 -10"><span class='ocrx_word' id='word_1_579' title='bbox 74 2322 217 2358; x_wconf 73' lang='grc' dir='ltr'>τυράννων</span> <span class='ocrx_word' id='word_1_580' title='bbox 236 2321 408 2356; x_wconf 79' lang='grc' dir='ltr'>παρακαλεῖν</span> <span class='ocrx_word' id='word_1_581' title='bbox 423 2321 468 2355; x_wconf 87' lang='grc' dir='ltr'><strong>(εί</strong></span> <span class='ocrx_word' id='word_1_582' title='bbox 486 2321 540 2357; x_wconf 74' lang='grc' dir='ltr'><strong>γὰρ</strong></span> <span class='ocrx_word' id='word_1_583' title='bbox 556 2321 627 2348; x_wconf 81' lang='grc' dir='ltr'>οὕτω</span> <span class='ocrx_word' id='word_1_584' title='bbox 649 2321 785 2357; x_wconf 81' lang='grc' dir='ltr'>διενοήθη,</span> <span class='ocrx_word' id='word_1_585' title='bbox 806 2322 866 2357; x_wconf 75' lang='grc' dir='ltr'>τάχ’</span> 
     </span>
    </p>
   </div>
   <div class='ocr_carea' id='block_1_88' title="bbox 74 2368 864 2405">
    <p class='ocr_par' dir='ltr' id='par_1_88' title="bbox 74 2368 864 2405">
     <span class='ocr_line' id='line_1_88' title="bbox 74 2368 864 2405; baseline -0.004 -8"><span class='ocrx_word' id='word_1_586' title='bbox 74 2370 107 2397; x_wconf 80' lang='grc' dir='ltr'>ἂν</span> <span class='ocrx_word' id='word_1_587' title='bbox 121 2369 261 2405; x_wconf 77' lang='grc' dir='ltr'>ἀναιμωτὶ</span> <span class='ocrx_word' id='word_1_588' title='bbox 273 2370 319 2396; x_wconf 75' lang='grc' dir='ltr'><strong>τὸν</strong></span> <span class='ocrx_word' id='word_1_589' title='bbox 338 2369 466 2403; x_wconf 79' lang='grc' dir='ltr'>Ἰωάννην</span> <span class='ocrx_word' id='word_1_590' title='bbox 479 2368 532 2395; x_wconf 83' lang='grc' dir='ltr'>τῶν</span> <span class='ocrx_word' id='word_1_591' title='bbox 545 2368 664 2403; x_wconf 84' lang='grc' dir='ltr'>ἀρχείων</span> <span class='ocrx_word' id='word_1_592' title='bbox 681 2369 864 2395; x_wconf 81' lang='grc' dir='ltr'>κατέσπασεν·</span> 
     </span>
    </p>
   </div>
   <div class='ocr_carea' id='block_1_89' title="bbox 73 2414 866 2451">
    <p class='ocr_par' dir='ltr' id='par_1_89' title="bbox 73 2414 866 2451">
     <span class='ocr_line' id='line_1_89' title="bbox 73 2414 866 2451; baseline -0.001 -9"><span class='ocrx_word' id='word_1_593' title='bbox 73 2417 113 2443; x_wconf 83' lang='grc' dir='ltr'>ὅτι</span> <span class='ocrx_word' id='word_1_594' title='bbox 130 2425 161 2442; x_wconf 84' lang='grc' dir='ltr'><strong>τε</strong></span> <span class='ocrx_word' id='word_1_595' title='bbox 177 2416 203 2442; x_wconf 81' lang='lat' dir='ltr'><strong>ot</strong></span> <span class='ocrx_word' id='word_1_596' title='bbox 217 2415 267 2447; x_wconf 82' lang='grc' dir='ltr'><strong>τὰς</strong></span> <span class='ocrx_word' id='word_1_597' title='bbox 282 2415 330 2450; x_wconf 85' lang='grc' dir='ltr'>τῆς</span> <span class='ocrx_word' id='word_1_598' title='bbox 347 2415 485 2446; x_wconf 79' lang='grc' dir='ltr'>πολιτείας</span> <span class='ocrx_word' id='word_1_599' title='bbox 505 2414 740 2451; x_wconf 80' lang='grc' dir='ltr'>ὲγκεχειρισμένοι</span> <span class='ocrx_word' id='word_1_600' title='bbox 752 2415 762 2431; x_wconf 79' lang='grc'><strong>⁸</strong></span> <span class='ocrx_word' id='word_1_601' title='bbox 778 2415 866 2450; x_wconf 82' lang='grc' dir='ltr'>ἀρχὰς</span> 
     </span>
    </p>
   </div>
   <div class='ocr_carea' id='block_1_90' title="bbox 74 2462 866 2498">
    <p class='ocr_par' dir='ltr' id='par_1_90' title="bbox 74 2462 866 2498">
     <span class='ocr_line' id='line_1_90' title="bbox 74 2462 866 2498; baseline -0.003 -9"><span class='ocrx_word' id='word_1_602' title='bbox 74 2465 143 2498; x_wconf 62' lang='grc' dir='ltr'>πρδς</span> <span class='ocrx_word' id='word_1_603' title='bbox 154 2462 202 2489; x_wconf 78' lang='grc' dir='ltr'>τοῦ</span> <span class='ocrx_word' id='word_1_604' title='bbox 213 2463 371 2498; x_wconf 70' lang='grc' dir='ltr'>Νικηφόρου</span> <span class='ocrx_word' id='word_1_605' title='bbox 383 2462 484 2493; x_wconf 77' lang='grc' dir='ltr'>ταύτας</span> <span class='ocrx_word' id='word_1_606' title='bbox 499 2463 655 2498; x_wconf 75' lang='grc' dir='ltr'>είλήφεσαν·</span> <span class='ocrx_word' id='word_1_607' title='bbox 672 2462 720 2488; x_wconf 70' lang='grc' dir='ltr'>καὶ</span> <span class='ocrx_word' id='word_1_608' title='bbox 731 2462 771 2488; x_wconf 80' lang='grc' dir='ltr'>ὅτι</span> <span class='ocrx_word' id='word_1_609' title='bbox 784 2470 866 2496; x_wconf 87' lang='grc' dir='ltr'>στρα-</span> 
     </span>
    </p>
   </div>
   <div class='ocr_carea' id='block_1_91' title="bbox 73 2506 866 2544">
    <p class='ocr_par' dir='ltr' id='par_1_91' title="bbox 73 2506 866 2544">
     <span class='ocr_line' id='line_1_91' title="bbox 73 2506 866 2544; baseline -0.001 -10"><span class='ocrx_word' id='word_1_610' title='bbox 73 2508 202 2534; x_wconf 71' lang='grc' dir='ltr'>τιωτικὸν</span> <span class='ocrx_word' id='word_1_611' title='bbox 214 2507 363 2544; x_wconf 76' lang='grc' dir='ltr'>ἀξιόχρεων</span> <span class='ocrx_word' id='word_1_612' title='bbox 383 2507 437 2534; x_wconf 84' lang='grc' dir='ltr'><strong>τῶν</strong></span> <span class='ocrx_word' id='word_1_613' title='bbox 459 2507 504 2534; x_wconf 69' lang='grc' dir='ltr'><strong>ὑπ’</strong></span> <span class='ocrx_word' id='word_1_614' title='bbox 523 2509 621 2543; x_wconf 75' lang='grc' dir='ltr'>ἐκείνῳ</span> <span class='ocrx_word' id='word_1_615' title='bbox 636 2508 811 2542; x_wconf 82' lang='grc' dir='ltr'>τεταγμένων</span> <span class='ocrx_word' id='word_1_616' title='bbox 827 2506 866 2542; x_wconf 82' lang='grc' dir='ltr'><strong>τῷ</strong></span> 
     </span>
    </p>
   </div>
   <div class='ocr_carea' id='block_1_92' title="bbox 74 2553 861 2592">
    <p class='ocr_par' dir='ltr' id='par_1_92' title="bbox 74 2553 861 2592">
     <span class='ocr_line' id='line_1_92' title="bbox 74 2553 861 2592; baseline 0 -12"><span class='ocrx_word' id='word_1_617' title='bbox 74 2553 215 2588; x_wconf 78' lang='grc' dir='ltr'>Βυζαντίῳ</span> <span class='ocrx_word' id='word_1_618' title='bbox 229 2554 415 2592; x_wconf 76' lang='grc' dir='ltr'>ὲπεχωρίαζεν</span> <span class='ocrx_word' id='word_1_619' title='bbox 428 2563 434 2570; x_wconf 84' lang='grc'>·</span> <span class='ocrx_word' id='word_1_620' title='bbox 446 2554 470 2580; x_wconf 85' lang='grc' dir='ltr'>οἳ</span> <span class='ocrx_word' id='word_1_621' title='bbox 488 2555 589 2585; x_wconf 81' lang='grc' dir='ltr'>πάντες</span> <span class='ocrx_word' id='word_1_622' title='bbox 602 2553 676 2589; x_wconf 79' lang='grc' dir='ltr'>αὑτῴ</span> <span class='ocrx_word' id='word_1_623' title='bbox 690 2553 861 2589; x_wconf 78' lang='grc' dir='ltr'>βουληθέντι,</span> 
     </span>
    </p>
   </div>
   <div class='ocr_carea' id='block_1_93' title="bbox 955 2048 1717 2084">
    <p class='ocr_par' dir='ltr' id='par_1_93' title="bbox 955 2048 1717 2084">
     <span class='ocr_line' id='line_1_93' title="bbox 955 2048 1717 2084; baseline 0 -8"><span class='ocrx_word' id='word_1_624' title='bbox 955 2048 982 2076; x_wconf 73' lang='grc'><strong>2.</strong></span> <span class='ocrx_word' id='word_1_625' title='bbox 1000 2048 1091 2076; x_wconf 80' lang='lat' dir='ltr'><strong>ltebus</strong></span> <span class='ocrx_word' id='word_1_626' title='bbox 1108 2049 1143 2076; x_wconf 86' lang='lat' dir='ltr'><strong>ita</strong></span> <span class='ocrx_word' id='word_1_627' title='bbox 1163 2049 1305 2084; x_wconf 73' lang='lat' dir='ltr'><strong>suspensis</strong></span> <span class='ocrx_word' id='word_1_628' title='bbox 1320 2071 1327 2082; x_wconf 89' lang='lat'><strong>,</strong></span> <span class='ocrx_word' id='word_1_629' title='bbox 1353 2049 1408 2077; x_wconf 88' lang='lat' dir='ltr'><strong>Leo</strong></span> <span class='ocrx_word' id='word_1_630' title='bbox 1421 2049 1620 2084; x_wconf 84' lang='lat' dir='ltr'><strong>Curopalates,</strong></span> <span class='ocrx_word' id='word_1_631' title='bbox 1637 2048 1717 2076; x_wconf 85' lang='lat' dir='ltr'><strong>Nice-</strong></span> 
     </span>
    </p>
   </div>
   <div class='ocr_carea' id='block_1_94' title="bbox 926 2094 1716 2129">
    <p class='ocr_par' dir='ltr' id='par_1_94' title="bbox 926 2094 1716 2129">
     <span class='ocr_line' id='line_1_94' title="bbox 926 2094 1716 2129; baseline 0.001 -8"><span class='ocrx_word' id='word_1_632' title='bbox 926 2094 1004 2129; x_wconf 91' lang='lat' dir='ltr'><strong>phori</strong></span> <span class='ocrx_word' id='word_1_633' title='bbox 1018 2095 1113 2128; x_wconf 87' lang='lat' dir='ltr'><strong>frater,</strong></span> <span class='ocrx_word' id='word_1_634' title='bbox 1130 2095 1203 2122; x_wconf 91' lang='lat' dir='ltr'><strong>domi</strong></span> <span class='ocrx_word' id='word_1_635' title='bbox 1219 2095 1370 2128; x_wconf 86' lang='lat' dir='ltr'><strong>dormiens,</strong></span> <span class='ocrx_word' id='word_1_636' title='bbox 1381 2103 1444 2123; x_wconf 88' lang='lat' dir='ltr'><strong>cum</strong></span> <span class='ocrx_word' id='word_1_637' title='bbox 1463 2095 1615 2127; x_wconf 88' lang='lat' dir='ltr'><strong>debuisset,</strong></span> <span class='ocrx_word' id='word_1_638' title='bbox 1633 2095 1716 2122; x_wconf 90' lang='lat' dir='ltr'><strong>simul</strong></span> 
     </span>
    </p>
   </div>
   <div class='ocr_carea' id='block_1_95' title="bbox 924 2140 1716 2175">
    <p class='ocr_par' dir='ltr' id='par_1_95' title="bbox 924 2140 1716 2175">
     <span class='ocr_line' id='line_1_95' title="bbox 924 2140 1716 2175; baseline 0.001 -8"><span class='ocrx_word' id='word_1_639' title='bbox 924 2146 954 2168; x_wconf 90' lang='lat' dir='ltr'><strong>ut</strong></span> <span class='ocrx_word' id='word_1_640' title='bbox 968 2141 1000 2168; x_wconf 87' lang='lat' dir='ltr'><strong>de</strong></span> <span class='ocrx_word' id='word_1_641' title='bbox 1014 2141 1088 2168; x_wconf 74' lang='lat' dir='ltr'><strong>caede</strong></span> <span class='ocrx_word' id='word_1_642' title='bbox 1106 2140 1201 2168; x_wconf 80' lang='lat' dir='ltr'><strong>fratris</strong></span> <span class='ocrx_word' id='word_1_643' title='bbox 1220 2142 1375 2174; x_wconf 86' lang='lat' dir='ltr'><strong>audiverat,</strong></span> <span class='ocrx_word' id='word_1_644' title='bbox 1398 2142 1458 2169; x_wconf 88' lang='lat' dir='ltr'><strong>auri</strong></span> <span class='ocrx_word' id='word_1_645' title='bbox 1475 2142 1632 2172; x_wconf 85' lang='lat' dir='ltr'><strong>thesauros,</strong></span> <span class='ocrx_word' id='word_1_646' title='bbox 1646 2149 1716 2175; x_wconf 82' lang='lat' dir='ltr'><strong>quos</strong></span> 
     </span>
    </p>
   </div>
   <div class='ocr_carea' id='block_1_96' title="bbox 920 2187 1716 2222">
    <p class='ocr_par' dir='ltr' id='par_1_96' title="bbox 920 2187 1716 2222">
     <span class='ocr_line' id='line_1_96' title="bbox 920 2187 1716 2222; baseline 0.001 -9"><span class='ocrx_word' id='word_1_647' title='bbox 920 2187 1087 2221; x_wconf 78' lang='lat' dir='ltr'><strong>pcrgrandes</strong></span> <span class='ocrx_word' id='word_1_648' title='bbox 1110 2187 1237 2220; x_wconf 74' lang='lat' dir='ltr'><strong>habebnt,</strong></span> <span class='ocrx_word' id='word_1_649' title='bbox 1250 2195 1297 2222; x_wconf 84' lang='lat' dir='ltr'><strong>per</strong></span> <span class='ocrx_word' id='word_1_650' title='bbox 1311 2188 1382 2214; x_wconf 86' lang='lat' dir='ltr'><strong>viam</strong></span> <span class='ocrx_word' id='word_1_651' title='bbox 1398 2195 1536 2222; x_wconf 77' lang='lat' dir='ltr'><strong>spargere,</strong></span> <span class='ocrx_word' id='word_1_652' title='bbox 1554 2187 1716 2221; x_wconf 85' lang='lat' dir='ltr'><strong>plebemque</strong></span> 
     </span>
    </p>
   </div>
   <div class='ocr_carea' id='block_1_97' title="bbox 891 2226 1717 2268">
    <p class='ocr_par' dir='ltr' id='par_1_97' title="bbox 891 2226 1717 2268">
     <span class='ocr_line' id='line_1_97' title="bbox 891 2226 1717 2268; baseline 0 -9"><span class='ocrx_word' id='word_1_653' title='bbox 891 2226 911 2252; x_wconf 83' lang='lat' dir='ltr'>D</span> <span class='ocrx_word' id='word_1_654' title='bbox 927 2233 1059 2260; x_wconf 84' lang='lat' dir='ltr'><strong>urbanam</strong></span> <span class='ocrx_word' id='word_1_655' title='bbox 1072 2253 1078 2265; x_wconf 92' lang='lat'><strong>,</strong></span> <span class='ocrx_word' id='word_1_656' title='bbox 1102 2240 1133 2260; x_wconf 84' lang='lat' dir='ltr'><strong>ea</strong></span> <span class='ocrx_word' id='word_1_657' title='bbox 1153 2240 1182 2260; x_wconf 85' lang='lat' dir='ltr'><strong>re</strong></span> <span class='ocrx_word' id='word_1_658' title='bbox 1201 2234 1356 2267; x_wconf 82' lang='lat' dir='ltr'><strong>excitatam,</strong></span> <span class='ocrx_word' id='word_1_659' title='bbox 1377 2234 1410 2261; x_wconf 90' lang='lat' dir='ltr'><strong>ad</strong></span> <span class='ocrx_word' id='word_1_660' title='bbox 1421 2233 1551 2261; x_wconf 86' lang='lat' dir='ltr'><strong>ultionem</strong></span> <span class='ocrx_word' id='word_1_661' title='bbox 1573 2233 1600 2260; x_wconf 90' lang='lat' dir='ltr'><strong>in</strong></span> <span class='ocrx_word' id='word_1_662' title='bbox 1624 2236 1717 2268; x_wconf 87' lang='lat' dir='ltr'><strong>tyran-</strong></span> 
     </span>
    </p>
   </div>
   <div class='ocr_carea' id='block_1_98' title="bbox 925 2278 1716 2313">
    <p class='ocr_par' dir='ltr' id='par_1_98' title="bbox 925 2278 1716 2313">
     <span class='ocr_line' id='line_1_98' title="bbox 925 2278 1716 2313; baseline 0.001 -9"><span class='ocrx_word' id='word_1_663' title='bbox 925 2286 975 2305; x_wconf 91' lang='lat' dir='ltr'><strong>nos</strong></span> <span class='ocrx_word' id='word_1_664' title='bbox 1003 2278 1143 2313; x_wconf 85' lang='lat' dir='ltr'><strong>impellere</strong></span> <span class='ocrx_word' id='word_1_665' title='bbox 1167 2279 1249 2313; x_wconf 88' lang='lat' dir='ltr'><strong>(quod</strong></span> <span class='ocrx_word' id='word_1_666' title='bbox 1275 2279 1299 2306; x_wconf 88' lang='lat' dir='ltr'><strong>si</strong></span> <span class='ocrx_word' id='word_1_667' title='bbox 1330 2279 1426 2308; x_wconf 86' lang='lat' dir='ltr'><strong>inisset</strong></span> <span class='ocrx_word' id='word_1_668' title='bbox 1445 2279 1604 2312; x_wconf 88' lang='lat' dir='ltr'><strong>consilium,</strong></span> <span class='ocrx_word' id='word_1_669' title='bbox 1625 2279 1716 2306; x_wconf 80' lang='lat' dir='ltr'><strong>forsan</strong></span> 
     </span>
    </p>
   </div>
   <div class='ocr_carea' id='block_1_99' title="bbox 921 2323 1717 2360">
    <p class='ocr_par' dir='ltr' id='par_1_99' title="bbox 921 2323 1717 2360">
     <span class='ocr_line' id='line_1_99' title="bbox 921 2323 1717 2360; baseline 0.001 -9"><span class='ocrx_word' id='word_1_670' title='bbox 921 2323 982 2351; x_wconf 80' lang='lat' dir='ltr'><strong>sine</strong></span> <span class='ocrx_word' id='word_1_671' title='bbox 1007 2323 1150 2358; x_wconf 76' lang='lat' dir='ltr'><strong>sanguinis</strong></span> <span class='ocrx_word' id='word_1_672' title='bbox 1170 2323 1303 2352; x_wconf 67' lang='lat' dir='ltr'><strong>effusione</strong></span> <span class='ocrx_word' id='word_1_673' title='bbox 1319 2324 1452 2353; x_wconf 80' lang='lat' dir='ltr'><strong>Joannem</strong></span> <span class='ocrx_word' id='word_1_674' title='bbox 1476 2326 1591 2360; x_wconf 88' lang='lat' dir='ltr'><strong>imperio</strong></span> <span class='ocrx_word' id='word_1_675' title='bbox 1617 2325 1717 2360; x_wconf 86' lang='lat' dir='ltr'><strong>pellere</strong></span> 
     </span>
    </p>
   </div>
   <div class='ocr_carea' id='block_1_100' title="bbox 922 2369 1716 2406">
    <p class='ocr_par' dir='ltr' id='par_1_100' title="bbox 922 2369 1716 2406">
     <span class='ocr_line' id='line_1_100' title="bbox 922 2369 1716 2406; baseline 0.004 -11"><span class='ocrx_word' id='word_1_676' title='bbox 922 2369 1057 2404; x_wconf 88' lang='lat' dir='ltr'><strong>potuisset</strong></span> <span class='ocrx_word' id='word_1_677' title='bbox 1071 2378 1078 2397; x_wconf 80' lang='grc' dir='ltr'><strong>ι</strong></span> <span class='ocrx_word' id='word_1_678' title='bbox 1097 2370 1168 2404; x_wconf 82' lang='lat' dir='ltr'><strong>quod</strong></span> <span class='ocrx_word' id='word_1_679' title='bbox 1185 2370 1231 2405; x_wconf 92' lang='lat' dir='ltr'><strong>qui</strong></span> <span class='ocrx_word' id='word_1_680' title='bbox 1252 2374 1316 2398; x_wconf 91' lang='lat' dir='ltr'><strong>tunc</strong></span> <span class='ocrx_word' id='word_1_681' title='bbox 1333 2371 1510 2406; x_wconf 81' lang='lat' dir='ltr'><strong>magistratus</strong></span> <span class='ocrx_word' id='word_1_682' title='bbox 1527 2373 1644 2404; x_wconf 87' lang='lat' dir='ltr'><strong>majores</strong></span> <span class='ocrx_word' id='word_1_683' title='bbox 1667 2379 1716 2406; x_wconf 75' lang='lat' dir='ltr'><strong>ge-</strong></span> 
     </span>
    </p>
   </div>
   <div class='ocr_carea' id='block_1_101' title="bbox 921 2415 1714 2452">
    <p class='ocr_par' dir='ltr' id='par_1_101' title="bbox 921 2415 1714 2452">
     <span class='ocr_line' id='line_1_101' title="bbox 921 2415 1714 2452; baseline 0.001 -11"><span class='ocrx_word' id='word_1_684' title='bbox 921 2415 1027 2447; x_wconf 90' lang='lat' dir='ltr'><strong>rebant,</strong></span> <span class='ocrx_word' id='word_1_685' title='bbox 1038 2422 1086 2442; x_wconf 88' lang='lat' dir='ltr'><strong>eos</strong></span> <span class='ocrx_word' id='word_1_686' title='bbox 1097 2423 1112 2442; x_wconf 87' lang='lat' dir='ltr'><strong>a</strong></span> <span class='ocrx_word' id='word_1_687' title='bbox 1128 2415 1283 2450; x_wconf 85' lang='lat' dir='ltr'><strong>Nicephoro</strong></span> <span class='ocrx_word' id='word_1_688' title='bbox 1294 2422 1459 2452; x_wconf 86' lang='lat' dir='ltr'><strong>acceperant</strong></span> <span class='ocrx_word' id='word_1_689' title='bbox 1473 2426 1479 2444; x_wconf 93' lang='lat'>:</span> <span class='ocrx_word' id='word_1_690' title='bbox 1497 2423 1554 2444; x_wconf 88' lang='lat' dir='ltr'><strong>tum</strong></span> <span class='ocrx_word' id='word_1_691' title='bbox 1567 2417 1631 2451; x_wconf 90' lang='lat' dir='ltr'><strong>quia</strong></span> <span class='ocrx_word' id='word_1_692' title='bbox 1643 2417 1714 2443; x_wconf 79' lang='lat' dir='ltr'><strong>haud</strong></span> 
     </span>
    </p>
   </div>
   <div class='ocr_carea' id='block_1_102' title="bbox 920 2461 1714 2497">
    <p class='ocr_par' dir='ltr' id='par_1_102' title="bbox 920 2461 1714 2497">
     <span class='ocr_line' id='line_1_102' title="bbox 920 2461 1714 2497; baseline 0.003 -11"><span class='ocrx_word' id='word_1_693' title='bbox 920 2461 1109 2495; x_wconf 78' lang='lat' dir='ltr'><strong>aspernandus</strong></span> <span class='ocrx_word' id='word_1_694' title='bbox 1119 2462 1197 2489; x_wconf 87' lang='lat' dir='ltr'><strong>miles</strong></span> <span class='ocrx_word' id='word_1_695' title='bbox 1209 2462 1233 2489; x_wconf 89' lang='lat' dir='ltr'><strong>ei</strong></span> <span class='ocrx_word' id='word_1_696' title='bbox 1249 2462 1376 2491; x_wconf 82' lang='lat' dir='ltr'><strong>subditus</strong></span> <span class='ocrx_word' id='word_1_697' title='bbox 1385 2463 1623 2497; x_wconf 84' lang='lat' dir='ltr'><strong>Constantinopoli</strong></span> <span class='ocrx_word' id='word_1_698' title='bbox 1634 2468 1694 2489; x_wconf 87' lang='lat' dir='ltr'><strong>erat</strong></span> <span class='ocrx_word' id='word_1_699' title='bbox 1707 2471 1714 2488; x_wconf 88' lang='lat'><strong>:</strong></span> 
     </span>
    </p>
   </div>
   <div class='ocr_carea' id='block_1_103' title="bbox 919 2506 1714 2544">
    <p class='ocr_par' dir='ltr' id='par_1_103' title="bbox 919 2506 1714 2544">
     <span class='ocr_line' id='line_1_103' title="bbox 919 2506 1714 2544; baseline 0.001 -12"><span class='ocrx_word' id='word_1_700' title='bbox 919 2506 965 2540; x_wconf 83' lang='lat' dir='ltr'><strong>qui</strong></span> <span class='ocrx_word' id='word_1_701' title='bbox 978 2507 1099 2535; x_wconf 88' lang='lat' dir='ltr'><strong>universi</strong></span> <span class='ocrx_word' id='word_1_702' title='bbox 1110 2527 1117 2539; x_wconf 84' lang='lat'><strong>,</strong></span> <span class='ocrx_word' id='word_1_703' title='bbox 1131 2507 1281 2535; x_wconf 86' lang='lat' dir='ltr'><strong>dummodo</strong></span> <span class='ocrx_word' id='word_1_704' title='bbox 1298 2509 1444 2536; x_wconf 88' lang='lat' dir='ltr'><strong>consilium</strong></span> <span class='ocrx_word' id='word_1_705' title='bbox 1471 2511 1585 2544; x_wconf 56' lang='lat' dir='ltr'><strong>caperej,</strong></span> <span class='ocrx_word' id='word_1_706' title='bbox 1602 2508 1714 2542; x_wconf 87' lang='lat' dir='ltr'><strong>acrique</strong></span> 
     </span>
    </p>
   </div>
   <div class='ocr_carea' id='block_1_104' title="bbox 918 2553 1715 2590">
    <p class='ocr_par' dir='ltr' id='par_1_104' title="bbox 918 2553 1715 2590">
     <span class='ocr_line' id='line_1_104' title="bbox 918 2553 1715 2590; baseline 0.003 -10"><span class='ocrx_word' id='word_1_707' title='bbox 918 2553 1011 2580; x_wconf 87' lang='lat' dir='ltr'><strong>animo</strong></span> <span class='ocrx_word' id='word_1_708' title='bbox 1031 2561 1075 2581; x_wconf 90' lang='lat' dir='ltr'><strong>res</strong></span> <span class='ocrx_word' id='word_1_709' title='bbox 1096 2561 1180 2581; x_wconf 85' lang='lat' dir='ltr'><strong>novas</strong></span> <span class='ocrx_word' id='word_1_710' title='bbox 1200 2555 1291 2581; x_wconf 89' lang='lat' dir='ltr'><strong>moliri</strong></span> <span class='ocrx_word' id='word_1_711' title='bbox 1318 2555 1460 2587; x_wconf 78' lang='lat' dir='ltr'><strong>voluisset,</strong></span> <span class='ocrx_word' id='word_1_712' title='bbox 1486 2555 1510 2582; x_wconf 89' lang='lat' dir='ltr'><strong>ei</strong></span> <span class='ocrx_word' id='word_1_713' title='bbox 1532 2559 1632 2590; x_wconf 75' lang='lat' dir='ltr'><strong>przesto</strong></span> <span class='ocrx_word' id='word_1_714' title='bbox 1650 2553 1715 2582; x_wconf 78' lang='lat' dir='ltr'><strong>fuis-</strong></span> 
     </span>
    </p>
   </div>
   <div class='ocr_carea' id='block_1_105' title="bbox 652 2621 1147 2650">
    <p class='ocr_par' dir='ltr' id='par_1_105' title="bbox 652 2621 1147 2650">
     <span class='ocr_line' id='line_1_105' title="bbox 652 2621 1147 2650; baseline 0 -1"><span class='ocrx_word' id='word_1_715' title='bbox 652 2621 684 2650; x_wconf 87' lang='lat' dir='ltr'><strong>C.</strong></span> <span class='ocrx_word' id='word_1_716' title='bbox 702 2623 734 2650; x_wconf 82' lang='lat' dir='ltr'><strong>B.</strong></span> <span class='ocrx_word' id='word_1_717' title='bbox 753 2621 844 2649; x_wconf 74' lang='lat' dir='ltr'><strong>HAS]!</strong></span> <span class='ocrx_word' id='word_1_718' title='bbox 863 2621 1147 2649; x_wconf 81' lang='lat' dir='ltr'><strong>ANNOTATIONES.</strong></span> 
     </span>
    </p>
   </div>
   <div class='ocr_carea' id='block_1_106' title="bbox 73 2680 610 2731">
    <p class='ocr_par' dir='ltr' id='par_1_106' title="bbox 73 2680 610 2731">
     <span class='ocr_line' id='line_1_106' title="bbox 117 2680 610 2731; baseline 0 -23"><span class='ocrx_word' id='word_1_719' title='bbox 117 2681 129 2697; x_wconf 76' lang='grc'><strong>⁸</strong></span> <span class='ocrx_word' id='word_1_720' title='bbox 145 2681 211 2715; x_wconf 79' lang='lat' dir='ltr'><strong>Leg.</strong></span> <span class='ocrx_word' id='word_1_721' title='bbox 231 2680 428 2731; x_wconf 66' lang='grc' dir='ltr'>διαφαυούσης,</span> <span class='ocrx_word' id='word_1_722' title='bbox 458 2686 488 2708; x_wconf 90' lang='lat' dir='ltr'><strong>ut.</strong></span> <span class='ocrx_word' id='word_1_723' title='bbox 511 2681 556 2708; x_wconf 75' lang='lat'><strong>25.</strong></span> <span class='ocrx_word' id='word_1_724' title='bbox 577 2681 610 2708; x_wconf 86' lang='lat' dir='ltr'><strong>A.</strong></span> 
     </span>
     <span class='ocr_line' id='line_1_107' title="bbox 73 2715 610 2731; baseline 0 0"><span class='ocrx_word' id='word_1_725' title='bbox 73 2715 84 2731; x_wconf 66' lang='grc' dir='ltr'>ς</span> <span class='ocrx_word' id='word_1_726' title='bbox 101 2715 272 2731; x_wconf 35' lang='grc' dir='ltr'><strong>ι..ν.ιι....λ.,,...,</strong></span> <span class='ocrx_word' id='word_1_727' title='bbox 285 2717 334 2731; x_wconf 62' lang='grc' dir='ltr'><strong>ΜΛ</strong></span> <span class='ocrx_word' id='word_1_728' title='bbox 423 2715 610 2731; x_wconf 58' lang='grc' dir='ltr'><strong>λυ.,..,.-..;...</strong></span> 
     </span>
    </p>
   </div>
   <div class='ocr_carea' id='block_1_107' title="bbox 76 2715 706 2752">
    <p class='ocr_par' dir='ltr' id='par_1_107' title="bbox 76 2715 706 2752">
     <span class='ocr_line' id='line_1_108' title="bbox 76 2715 706 2752; baseline 0.002 -9"><span class='ocrx_word' id='word_1_729' title='bbox 76 2715 84 2731; x_wconf 74' lang='lat'><strong>’</strong></span> <span class='ocrx_word' id='word_1_730' title='bbox 101 2715 272 2752; x_wconf 73' lang='grc' dir='ltr'>ηωθημένων</span> <span class='ocrx_word' id='word_1_731' title='bbox 285 2717 346 2744; x_wconf 87' lang='lat' dir='ltr'><strong>cod.</strong></span> <span class='ocrx_word' id='word_1_732' title='bbox 395 2715 406 2731; x_wconf 80' lang='grc'><strong>⁸</strong></span> <span class='ocrx_word' id='word_1_733' title='bbox 423 2715 626 2752; x_wconf 82' lang='grc' dir='ltr'>ὲγχειρισμένοι</span> <span class='ocrx_word' id='word_1_734' title='bbox 643 2717 706 2744; x_wconf 87' lang='lat' dir='ltr'><strong>cod.</strong></span> 
     </span>
    </p>
   </div>
   <div class='ocr_carea' id='block_1_108' title="bbox 108 2786 861 2822">
    <p class='ocr_par' dir='ltr' id='par_1_108' title="bbox 108 2786 861 2822">
     <span class='ocr_line' id='line_1_109' title="bbox 108 2786 861 2822; baseline 0.001 -8"><span class='ocrx_word' id='word_1_735' title='bbox 108 2787 148 2822; x_wconf 80' lang='grc'><strong>(5)</strong></span> <span class='ocrx_word' id='word_1_736' title='bbox 174 2786 237 2815; x_wconf 78' lang='lat' dir='ltr'><strong>Haec</strong></span> <span class='ocrx_word' id='word_1_737' title='bbox 259 2795 344 2822; x_wconf 85' lang='lat' dir='ltr'><strong>usque</strong></span> <span class='ocrx_word' id='word_1_738' title='bbox 367 2787 400 2814; x_wconf 89' lang='lat' dir='ltr'><strong>ad</strong></span> <span class='ocrx_word' id='word_1_739' title='bbox 424 2787 468 2814; x_wconf 92' lang='lat' dir='ltr'><strong>vb.</strong></span> <span class='ocrx_word' id='word_1_740' title='bbox 489 2787 655 2822; x_wconf 76' lang='grc' dir='ltr'>ἀνηγόρευον</span> <span class='ocrx_word' id='word_1_741' title='bbox 676 2787 861 2815; x_wconf 81' lang='lat' dir='ltr'><strong>Combefisius</strong></span> 
     </span>
    </p>
   </div>
   <div class='ocr_carea' id='block_1_109' title="bbox 71 2823 861 2896">
    <p class='ocr_par' dir='ltr' id='par_1_109' title="bbox 71 2823 861 2896">
     <span class='ocr_line' id='line_1_110' title="bbox 71 2823 326 2857; baseline 0 -8"><span class='ocrx_word' id='word_1_742' title='bbox 71 2829 115 2856; x_wconf 69' lang='lat' dir='ltr'><strong>2p.</strong></span> <span class='ocrx_word' id='word_1_743' title='bbox 133 2823 201 2857; x_wconf 78' lang='lat' dir='ltr'><strong>Pag.</strong></span> <span class='ocrx_word' id='word_1_744' title='bbox 220 2823 264 2849; x_wconf 86' lang='lat' dir='ltr'><strong>IV.</strong></span> <span class='ocrx_word' id='word_1_745' title='bbox 280 2823 326 2849; x_wconf 58' lang='grc' dir='ltr'><strong>ἓξ.</strong></span> 
     </span>
     <span class='ocr_line' id='line_1_111' title="bbox 109 2857 861 2896; baseline 0 -10"><span class='ocrx_word' id='word_1_746' title='bbox 109 2858 148 2893; x_wconf 69' lang='lat'><strong>(‘3)</strong></span> <span class='ocrx_word' id='word_1_747' title='bbox 165 2859 303 2886; x_wconf 64' lang='lat' dir='ltr'><strong>chrcnu:</strong></span> <span class='ocrx_word' id='word_1_748' title='bbox 323 2857 354 2886; x_wconf 92' lang='lat' dir='ltr'><strong>ll.</strong></span> <span class='ocrx_word' id='word_1_749' title='bbox 370 2858 442 2896; x_wconf 53' lang='lat'><strong>£65.</strong></span> <span class='ocrx_word' id='word_1_750' title='bbox 461 2857 491 2884; x_wconf 90' lang='lat' dir='ltr'><strong>D.</strong></span> <span class='ocrx_word' id='word_1_751' title='bbox 520 2858 604 2894; x_wconf 80' lang='grc' dir='ltr'>μήπω</span> <span class='ocrx_word' id='word_1_752' title='bbox 630 2858 762 2894; x_wconf 71' lang='grc' dir='ltr'>πρότερον</span> <span class='ocrx_word' id='word_1_753' title='bbox 786 2859 861 2891; x_wconf 71' lang='grc' dir='ltr'>ὄντος</span> 
     </span>
    </p>
   </div>
   <div class='ocr_carea' id='block_1_110' title="bbox 663 2680 1122 2716">
    <p class='ocr_par' dir='ltr' id='par_1_110' title="bbox 663 2680 1122 2716">
     <span class='ocr_line' id='line_1_112' title="bbox 663 2680 1122 2716; baseline 0 -9"><span class='ocrx_word' id='word_1_754' title='bbox 663 2683 673 2698; x_wconf 76' lang='grc'><strong><em>³</em></strong></span> <span class='ocrx_word' id='word_1_755' title='bbox 687 2680 816 2709; x_wconf 85' lang='lat' dir='ltr'><strong>Mendose</strong></span> <span class='ocrx_word' id='word_1_756' title='bbox 847 2681 950 2716; x_wconf 79' lang='grc' dir='ltr'>εὺφυῦς</span> <span class='ocrx_word' id='word_1_757' title='bbox 978 2681 1040 2716; x_wconf 86' lang='lat' dir='ltr'><strong>(sic)</strong></span> <span class='ocrx_word' id='word_1_758' title='bbox 1060 2681 1122 2708; x_wconf 88' lang='lat' dir='ltr'><strong>cod.</strong></span> 
     </span>
    </p>
   </div>
   <div class='ocr_carea' id='block_1_111' title="bbox 1186 2680 1711 2717">
    <p class='ocr_par' dir='ltr' id='par_1_111' title="bbox 1186 2680 1711 2717">
     <span class='ocr_line' id='line_1_113' title="bbox 1186 2680 1711 2717; baseline 0.002 -9"><span class='ocrx_word' id='word_1_759' title='bbox 1186 2680 1377 2717; x_wconf 84' lang='grc' dir='ltr'>⁶νεωτεριεῖν.</span> <span class='ocrx_word' id='word_1_760' title='bbox 1409 2681 1473 2709; x_wconf 85' lang='lat' dir='ltr'><strong>Vid.</strong></span> <span class='ocrx_word' id='word_1_761' title='bbox 1503 2680 1574 2708; x_wconf 82' lang='lat' dir='ltr'><strong>infra</strong></span> <span class='ocrx_word' id='word_1_762' title='bbox 1608 2681 1653 2709; x_wconf 80' lang='lat' dir='ltr'><strong>7i.</strong></span> <span class='ocrx_word' id='word_1_763' title='bbox 1681 2681 1711 2709; x_wconf 85' lang='grc' dir='ltr'><strong>ί).</strong></span> 
     </span>
    </p>
   </div>
   <div class='ocr_carea' id='block_1_112' title="bbox 918 2786 1712 2824">
    <p class='ocr_par' dir='ltr' id='par_1_112' title="bbox 918 2786 1712 2824">
     <span class='ocr_line' id='line_1_114' title="bbox 918 2786 1712 2824; baseline 0.004 -11"><span class='ocrx_word' id='word_1_764' title='bbox 918 2787 966 2824; x_wconf 72' lang='grc' dir='ltr'>τοῦ</span> <span class='ocrx_word' id='word_1_765' title='bbox 981 2786 1150 2824; x_wconf 74' lang='grc' dir='ltr'>ἀξιώματος,</span> <span class='ocrx_word' id='word_1_766' title='bbox 1167 2786 1277 2824; x_wconf 68' lang='grc' dir='ltr'>πρώτου</span> <span class='ocrx_word' id='word_1_767' title='bbox 1293 2787 1315 2814; x_wconf 84' lang='grc' dir='ltr'>δ’</span> <span class='ocrx_word' id='word_1_768' title='bbox 1325 2787 1397 2824; x_wconf 6' lang='grc' dir='ltr'>,αὐτὸ</span> <span class='ocrx_word' id='word_1_769' title='bbox 1416 2787 1496 2814; x_wconf 82' lang='grc' dir='ltr'>τοῦτο</span> <span class='ocrx_word' id='word_1_770' title='bbox 1516 2788 1712 2824; x_wconf 79' lang='grc' dir='ltr'>ὲφευρηκὸτος,</span> 
     </span>
    </p>
   </div>
   <div class='ocr_carea' id='block_1_113' title="bbox 918 2822 1712 2858">
    <p class='ocr_par' dir='ltr' id='par_1_113' title="bbox 918 2822 1712 2858">
     <span class='ocr_line' id='line_1_115' title="bbox 918 2822 1712 2858; baseline 0.003 -9"><span class='ocrx_word' id='word_1_771' title='bbox 918 2822 970 2849; x_wconf 82' lang='lat' dir='ltr'><strong>Sed</strong></span> <span class='ocrx_word' id='word_1_772' title='bbox 995 2823 1047 2857; x_wconf 79' lang='lat' dir='ltr'><strong>leg.</strong></span> <span class='ocrx_word' id='word_1_773' title='bbox 1077 2823 1188 2857; x_wconf 83' lang='grc' dir='ltr'>πρώτου</span> <span class='ocrx_word' id='word_1_774' title='bbox 1205 2823 1226 2849; x_wconf 78' lang='grc' dir='ltr'>δ’</span> <span class='ocrx_word' id='word_1_775' title='bbox 1252 2823 1349 2856; x_wconf 67' lang='grc' dir='ltr'>αὐτοῦ,</span> <span class='ocrx_word' id='word_1_776' title='bbox 1375 2832 1433 2850; x_wconf 71' lang='lat' dir='ltr'><strong>sum</strong></span> <span class='ocrx_word' id='word_1_777' title='bbox 1458 2823 1514 2857; x_wconf 83' lang='lat' dir='ltr'><strong>ipse</strong></span> <span class='ocrx_word' id='word_1_778' title='bbox 1537 2822 1652 2858; x_wconf 66' lang='lat' dir='ltr'><strong>prtinus,</strong></span> <span class='ocrx_word' id='word_1_779' title='bbox 1678 2832 1712 2853; x_wconf 71' lang='grc' dir='ltr'><strong>ιιι</strong></span> 
     </span>
    </p>
   </div>
   <div class='ocr_carea' id='block_1_114' title="bbox 917 2858 1544 2895">
    <p class='ocr_par' dir='ltr' id='par_1_114' title="bbox 917 2858 1544 2895">
     <span class='ocr_line' id='line_1_116' title="bbox 917 2858 1544 2895; baseline 0.005 -10"><span class='ocrx_word' id='word_1_780' title='bbox 917 2859 996 2886; x_wconf 87' lang='lat' dir='ltr'><strong>codd.</strong></span> <span class='ocrx_word' id='word_1_781' title='bbox 1015 2860 1156 2893; x_wconf 77' lang='lat' dir='ltr'><strong>oumibus,</strong></span> <span class='ocrx_word' id='word_1_782' title='bbox 1173 2866 1255 2887; x_wconf 83' lang='lat' dir='ltr'><strong>sensu</strong></span> <span class='ocrx_word' id='word_1_783' title='bbox 1268 2867 1378 2895; x_wconf 74' lang='lat' dir='ltr'><strong>quoque</strong></span> <span class='ocrx_word' id='word_1_784' title='bbox 1395 2858 1544 2894; x_wconf 76' lang='lat' dir='ltr'><strong>ﬂagitante.</strong></span> 
     </span>
    </p>
   </div>
  </div>
