1915 3078
194 142 250 176 923

196 196 312 226 Romani
325 195 462 223 exercitus
479 195 579 223 sudore
599 197 787 231 sanguineque
802 197 920 231 plurimo
935 203 980 222 re—
995 199 1018 227 Α

197 249 262 270 cens
280 240 395 275 imperio
409 245 567 275 recuperata
586 248 601 267 a
624 239 725 267 Basilio
740 240 854 274 praeside
873 245 899 266 et
914 247 981 273 przev

197 288 269 315 lecto
281 286 400 314 cubiculi
410 292 474 313 tunc
485 287 656 317 tenebantur,
670 293 740 320 aagre
754 286 793 316 id,
806 289 835 312 ut
850 292 897 319 par
911 287 980 317 erat,

196 341 228 360 ac
247 332 360 359 moleste
374 332 445 364 tulit,
457 337 484 359 et
501 332 664 366 vituperavit
677 331 821 358 violentam
840 330 980 357 avaritiam

196 378 326 405 hominis.
354 378 446 412 Neque
472 377 496 405 is
525 383 590 405 tunc
613 378 721 412 quidem
740 381 833 411 aperte
858 374 980 409 obloqui,

196 424 328 459 principis
342 423 555 458 iudignationem
567 431 675 454 verens,
692 426 797 457 poterat
813 430 820 448 :
834 421 903 448 clam
918 428 981 447 vero

196 469 301 496 ridebat
314 469 374 503 ejus
389 469 482 500 verba,
498 469 643 504 illumque,
656 474 685 495 ut
703 459 844 496 dominum
859 467 915 500 jam
930 466 983 493 sibi

197 522 318 550 gravem.
334 515 430 549 quovis
444 516 525 541 modo
537 515 698 542 submovere
711 514 815 541 statuit.
837 512 914 547 177
930 510 983 538 Vc-

197 565 274 587 nerat
297 561 443 595 imperator
467 561 493 587 in
508 561 597 587 Atrea:
619 567 744 594 campum
760 559 874 593 Olympo
891 558 983 592 subje-

198 611 272 633 ctum
292 615 299 633 :
317 607 469 633 deverterat
484 606 517 633 ad
542 605 696 633 Romanum
725 604 883 639 patricium,
899 603 983 630 Seba-

198 652 323 686 stopbori
346 652 478 686 dignitate
501 652 672 679 decoratum.
690 651 729 678 Ibi
756 650 847 677 ferunt
865 649 982 683 aliquem

198 690 347 734 spadonem
364 700 397 725 de
413 698 643 730 ministrantibus,
666 697 722 724 sive
744 704 792 731 per
809 703 839 723 se
866 696 984 730 impera-

199 745 250 772 tori
287 745 441 776 inl'ensum,
468 744 524 770 sive
561 743 741 770 subornatum
771 747 985 776 corruptumque

198 790 440 826 pollicitationibus
452 789 627 824 largitionum
638 788 748 820 abillis,
761 787 821 823 qui,
838 787 918 815 bonis
931 787 985 814 ini—

197 837 254 871 qui,
264 837 469 864 conversionem
482 835 574 862 videre
587 842 675 861 rerum
687 833 881 868 cupercnt(qui
891 839 985 859 rumor

198 867 290 918 potius
298 890 379 917 quam
394 883 469 916 prior
479 881 522 909 ille
534 885 560 908 et
571 880 694 908 diil'eitur
707 867 734 906 et
748 878 889 914 creditur),
901 885 984 905 vene-
1002 867 1024 895 Β

199 936 264 956 num
276 936 364 964 prtepa
370 933 457 954 ratum
471 928 506 954 im
511 926 629 961 peratori
638 926 664 952 in
674 926 784 960 potione
790 923 985 959 przbuissezil-

197 973 267 1005 lum,
286 973 354 1000 nihil
376 973 431 1000 tale
458 972 654 1006 suspicantem,
676 977 725 1004 pro
746 969 859 997 salutari
882 969 985 996 haustu

200 1020 275 1047 virus
295 1019 424 1046 ebibisse.
450 1017 501 1045 Sed
516 1018 573 1053 jam
595 1017 725 1052 postridie
743 1016 804 1050 ejus
825 1015 878 1043 diei
893 1020 987 1050 torpor

198 1073 263 1092 cum
286 1065 485 1095 membrorum,
508 1068 535 1090 et
557 1063 680 1098 corporis
709 1061 830 1089 universi
855 1061 986 1088 relaxatio

199 1111 352 1146 occupavit,
366 1112 448 1145 vique
467 1110 606 1145 repentina
624 1108 688 1136 mali
702 1115 799 1135 vanam
816 1114 878 1134 esse
894 1107 985 1134 rnedi-

200 1165 295 1185 corum
310 1157 453 1185 scientiam
474 1156 604 1191 nulloque
620 1154 681 1182 usui
698 1153 835 1188 apparuit,
857 1159 906 1180 nec
929 1160 988 1179 ver-

200 1204 254 1231 sari
272 1203 299 1230 in
317 1203 473 1238 cognitione
488 1201 562 1228 facili
580 1201 653 1228 hunc
668 1200 807 1227 morbum.
824 1200 987 1233 imperator,

201 1249 247 1276 ubi
283 1250 367 1276 robur
392 1248 549 1283 singulare,
573 1247 646 1282 quod
675 1246 780 1282 pridem
807 1245 858 1272 sibi
888 1245 985 1277 inerat,

201 1299 313 1330 repente
333 1299 500 1330 prostratum
525 1301 587 1321 esse
609 1293 706 1324 sensit,
723 1291 987 1326 Constantinopolim

201 1342 344 1377 pervenire
357 1341 496 1369 contendit
512 1350 519 1367 :
535 1339 618 1367 simul
630 1347 703 1371 arca,
716 1346 776 1374 qua:
792 1338 819 1364 in
834 1338 988 1365 Servatoris

201 1389 265 1413 limo
282 1394 297 1413 a
314 1393 344 1413 se
372 1387 506 1413 :edilicato
524 1385 632 1418 corpori
655 1383 741 1418 ipsius
768 1385 986 1417 prmparabatur,

202 1437 232 1460 ut
251 1432 454 1466 quamprimum
483 1430 672 1459 absolveretur
694 1432 835 1464 properat.
851 1428 898 1455 Sic
923 1435 989 1455 con-

201 1484 276 1506 tento
290 1485 372 1505 cursu
389 1479 423 1505 ad
439 1477 533 1504 urbem
548 1477 634 1508 venit,
657 1479 842 1510 exceptusque
860 1481 875 1500 a
891 1474 989 1509 populo

202 1525 363 1552 mirabiliter
383 1528 435 1555 est,
453 1524 585 1558 languens
603 1523 672 1557 jam,
693 1527 774 1556 atque
795 1530 866 1558 aegre
889 1522 985 1549 intimo
1001 1535 1026 1567 ο

203 1576 310 1607 pectore
334 1571 460 1605 spiritum
481 1569 584 1597 ducens
600 1573 627 1596 et
642 1568 748 1596 elllans.
766 1569 834 1595 Cum
851 1572 941 1595 autem
961 1567 987 1594 in

202 1617 332 1653 palatium
345 1624 373 1644 se
387 1616 557 1647 contulisset,
572 1622 676 1642 veneno
687 1614 828 1642 confectus
838 1614 895 1648 jam
919 1614 990 1641 lecto

202 1663 341 1691 decubuit.
359 1663 399 1689 Ita
412 1662 484 1697 quod
497 1661 631 1689 sentiebat
642 1669 696 1688 non
712 1662 912 1688 convaliturum
931 1667 992 1687 sese

202 1717 236 1737 ex
253 1713 328 1736 tanto
351 1709 449 1734 morbo
479 1708 552 1743 (nam
577 1706 648 1734 Rede
674 1707 873 1741 depascehatur
885 1707 990 1733 viscera

204 1755 320 1790 penibus
333 1753 455 1781 insidens
470 1752 595 1788 malum),
615 1760 630 1779 e
644 1752 712 1780 ﬁsco
727 1753 807 1787 plena
827 1760 909 1779 manu
922 1752 991 1778 hau-

205 1802 279 1828 riens
295 1801 454 1835 largitiones
472 1799 552 1834 178
566 1799 629 1826 fecit
643 1806 705 1826 eum
723 1799 750 1825 in
770 1806 915 1834 pauperes,
934 1803 992 1825 tum

207 1847 325 1874 maxime
339 1846 364 1873 in
378 1846 501 1880 leprosos
514 1845 641 1880 illosque,
660 1845 705 1880 qui
720 1844 801 1872 adesa
816 1844 886 1871 mala
901 1844 994 1872 scabie

205 1900 320 1927 corpora
349 1891 557 1924 circumferunt,
578 1899 647 1926 quos
671 1896 770 1926 praeter
792 1895 906 1919 caeteros
923 1890 994 1917 indi-

207 1943 301 1973 gentes
320 1942 494 1972 peramanter
511 1937 686 1964 observabat.
708 1937 882 1964 lntrovocato
897 1936 994 1964 deinde

207 1983 328 2016 Nicolao,
341 1983 533 2018 Adrianopolis
549 1982 676 2014 antistiti,
690 1982 750 2009 viro
768 1982 861 2008 divino
871 1989 904 2009 ac
920 1989 994 2009 revc-

208 2031 302 2062 rendo.
319 2030 484 2057 commissos
498 2037 514 2056 a
537 2037 566 2057 se
589 2029 617 2056 in
640 2029 703 2056 vitae,
721 2028 860 2056 curriculo
885 2035 994 2056 errores

207 2077 344 2111 patefecit,
358 2077 661 2112 vimquelacrymarum
679 2076 766 2104 oculis
777 2075 907 2110 profudit,
924 2083 995 2110 qua-

207 2132 268 2151 rum
280 2124 415 2151 lavatione
424 2124 498 2151 labes
510 2123 660 2158 sordesque
669 2127 842 2158 peccatorum
856 2121 994 2155 abstersit,

209 2172 334 2198 invocata
348 2170 394 2197 Dei
411 2170 506 2203 Matre,
523 2174 552 2196 ut
566 2170 594 2196 in
609 2169 652 2196 die
665 2169 762 2203 judicii
780 2174 924 2203 patronum
942 2167 994 2195 sibi

208 2216 351 2249 inveniret,
373 2216 483 2251 quando
504 2223 595 2243 coram
612 2215 705 2242 divino
723 2215 783 2249 ejus
796 2214 866 2242 Filio
891 2215 993 2241 trutina
1011 2208 1034 2238 ι)

209 2263 431 2296 ponderibusque
450 2261 617 2296 incorruptis
643 2261 765 2288 actiones
786 2261 944 2287 mortalium
962 2260 995 2287 li-

209 2309 372 2336 brabuntur.
396 2308 481 2341 Quam
498 2307 698 2335 cortl'essionem
718 2307 764 2334 ubi
782 2307 886 2334 intenta
904 2310 996 2333 mente

208 2359 291 2389 atque
320 2354 411 2381 animo
439 2354 556 2381 contrito
584 2354 734 2388 imperator
757 2353 868 2384 fecerat,
889 2359 922 2379 ex
943 2353 996 2380 hac

209 2402 264 2428 vita
283 2401 419 2434 discessit,
436 2405 461 2428 et
476 2401 509 2428 ad
532 2401 654 2435 requiem
677 2407 746 2431 sese,
765 2407 826 2433 quae
853 2399 922 2425 ultra
942 2404 994 2432 est,

211 2449 359 2480 transtulit,
377 2447 419 2475 die
431 2447 554 2474 Januarii
569 2447 686 2478 decima,
703 2445 851 2472 indictione
869 2452 905 2476 tv,
924 2452 996 2471 anno

209 2501 257 2522 sex
267 2493 410 2521 millesimo
425 2492 694 2528 quadringentesimo
709 2491 874 2525 octogesimo
887 2490 993 2524 quinto.

653 140 789 172 LEONIS
805 140 961 172 DIACONI
981 140 1174 172 HISTORIIE
1195 142 1269 173 LIB.
1290 142 1328 172 Χ.

1771 137 1833 170 ΩΞᾹ

1034 196 1080 223 καὶ
1096 195 1271 231 εὐδαίμονας,
1294 195 1329 227 ἃς
1352 195 1459 226 πολλοῖς
1486 193 1579 230 ἱδρῶσι
1599 194 1646 220 καὶ
1671 193 1791 230 αἴμασιν
1808 196 1830 230 ἡ

1037 240 1179 274 Ῥωμαῖκὴ
1206 240 1319 276 στρατιὰ
1341 241 1374 275 τῇ
1405 239 1528 274 βασιλείᾳ
1556 239 1587 265 τδ
1616 238 1752 274 πρότερον
1769 240 1827 265 ἀν-

1032 285 1166 317 εσώσατο,
1188 287 1248 312 τότε
1263 286 1293 313 δὲ
1310 286 1385 321 παρὰ
1397 286 1444 312 τοῦ
1458 284 1590 320 προέδρου
1611 285 1755 311 Βασιλεὶου
1770 286 1828 311 καὶ

1033 333 1282 368 παρακοιμωμὲνου
1315 332 1510 367 κατεχομένας,
1543 331 1690 367 ἤσχαλλεν,
1718 331 1759 363 ὡς
1790 331 1829 358 τὸ

1032 378 1116 409 εἰκὸς,
1133 378 1181 404 καὶ
1205 379 1310 412 ἠνιᾶτο,
1341 379 1387 404 καὶ
1414 378 1464 413 τὴν
1486 378 1681 412 πλεονεκτικὴν
1713 377 1828 404 ἐκείνου

1034 422 1094 458 βίαν
1108 422 1254 455 ὠνείδιζεν.
1273 423 1301 449 '0
1312 423 1340 449 δὲ
1357 423 1509 456 ἀναφανδὸν
1527 422 1577 457 μὲν
1595 423 1645 449 οὐκ
1666 420 1742 457 εἶχεν
1769 422 1825 448 ἀν-

1032 468 1174 501 τιϐαίνειν,
1197 468 1247 502 τὴν
1279 467 1326 494 τοῦ
1351 468 1466 499 ἄνακτος
1489 467 1583 500 δεδιὼς
1608 469 1799 502 ἀγανάκτησιν
1816 475 1826 482 θ

1033 514 1170 548 λαθραίως
1184 514 1212 540 δὲ
1224 514 1259 540 τὰ
1273 515 1377 540 ἐκείνου
1393 515 1559 549 ὲμυκτήριζε
1576 515 1664 548 λόγια,
1689 516 1738 541 καὶ
1762 515 1828 540 τοῦο

1033 568 1089 591 τον,
1101 559 1151 595 ἤδη
1166 559 1251 594 βαρὺν
1268 559 1341 594 αὐτῷ
1358 560 1543 594 γεγενημένον
1563 561 1708 595 δεσπότην,
1742 561 1827 595 ἀμω-

1035 607 1142 639 σγέπως
1157 606 1283 633 διενοεῖτο
1306 606 1560 633 ἀποσκευάσασθαι.
1586 607 1667 641 Ἀρτι
1689 606 1717 633 δὲ
1749 607 1827 633 κατὰ

1034 652 1083 687 τὴν
1099 652 1137 686 τῷ
1173 652 1303 688 Ὀλύμπῳ
1327 652 1535 689 παρακειμένην
1560 652 1610 686 τῆς
1626 652 1752 687 ’Ᾱτρὼας
1773 661 1828 679 πε-

1034 699 1111 726 διάδα
1125 699 1138 725 ὁ
1153 698 1280 733 βασιλεὺς
1296 699 1475 734 ἀφικόμενος,
1494 699 1563 734 πρὸς
1578 699 1626 734 τὴν
1649 699 1696 725 τοῦ
1719 708 1826 734 πατρι-

1035 744 1095 770 κίου
1117 744 1257 779 Ῥωμανοῦ
1290 744 1337 771 καὶ
1353 745 1392 779 τῷ
1414 745 1461 771 τοῦ
1479 744 1682 779 σεϐαστοφόρου
1703 744 1826 779 διαττρὲ-

1037 798 1133 821 ποντος
1148 790 1285 825 ἀξιώματι
1298 791 1391 817 ἑστίαν
1404 791 1548 826 κατήγετο.
1565 791 1697 817 Ἐνταῦοα
1710 791 1828 824 λέγεταί

1036 844 1097 862 τινα
1107 835 1161 862 τῶν
1169 836 1430 871 ὲξυπηρετουμένων
1442 835 1573 871 ὲκτομίαν
1579 836 1617 870 τῷ
1627 836 1828 871 αὐτοκράτορι,

1036 880 1092 908 εἴτε
1107 881 1211 908 οἴκοθεν
1227 881 1368 916 δυσμενῶς
1383 881 1450 917 πρὸς
1463 882 1544 907 αὐτὸν
1560 881 1742 916 διακείμενον,
1767 884 1826 909 sit:

1037 927 1164 962 καὶπρὸς
1180 926 1294 958 τούτων,
1307 928 1363 959 τοῖς
1387 927 1480 958 καλοῖς
1496 928 1697 962 βασκαινόντων
1711 927 1761 954 καὶ
1777 936 1829 962 μς·-

1037 972 1154 1003 ταὸολὰς
1171 973 1226 999 τῶν
1256 973 1428 1008 πραγμάτων
1453 973 1633 1008 ιμειρομένων
1660 973 1740 1008 όρᾷν,
1772 974 1829 1000 ὺπ-

1037 1018 1219 1053 αχθέντα,καὶ
1228 1019 1389 1054 ὑποσχέσεσι
1402 1020 1511 1054 δωρεῶν
1521 1020 1736 1054 παρακλαπέντα
1746 1021 1830 1055 (ὅπερ

1037 1064 1069 1099 δὴ
1086 1064 1131 1090 τοῦ
1149 1065 1284 1100 προτέρου
1297 1065 1396 1100 μᾶλλον
1408 1066 1454 1091 καὶ
1464 1065 1573 1099 λέγεται
1585 1066 1631 1091 καὶ
1642 1065 1827 1100 πιστεύεται),

1037 1110 1201 1145 δηλητήριον
1218 1111 1404 1146 κερασάμενον
1428 1111 1504 1146 παρὰ
1519 1111 1565 1137 τὸν
1581 1112 1662 1138 πότον
1685 1111 1828 1138 ἐπιδοῦναι

1037 1156 1076 1190 τῷ
1095 1155 1219 1190 βασιλεῖ·
1244 1156 1288 1182 τὸν
1306 1156 1345 1189 δὲ,
1373 1157 1456 1191 μηδὲν
1478 1165 1505 1183 τι
1533 1156 1656 1183 τοιοῦτον
1682 1159 1830 1191 φρασάμε-

1038 1211 1093 1234 νον,
1107 1201 1148 1237 [Ρ.
1174 1201 1237 1238 ΗΟ]
1264 1202 1302 1233 ὡς
1323 1204 1458 1238 σωτήριον
1487 1202 1563 1238 πόμα
1597 1203 1628 1229 τὸ
1659 1203 1829 1238 δηλητήριον

1038 1248 1154 1275 ἐκπιεῖν.
1170 1248 1209 1283 Τῇ
1224 1248 1289 1282 γοῦν
1306 1249 1436 1284 ὑστεραίᾳ
1448 1249 1535 1284 νάρκη
1555 1258 1584 1276 τε
1600 1250 1654 1276 τῶν
1673 1250 1766 1284 μελῶν
1783 1250 1830 1277 καὶ

1039 1294 1153 1328 πάρεσις
1169 1293 1217 1320 τοῦ
1232 1294 1332 1323 παντὸς
1354 1293 1481 1328 σώματος
1504 1295 1580 1329 αὐτῷ
1606 1296 1761 1329 ἐξεγένετο,
1781 1296 1830 1323 καὶ.

1040 1340 1056 1374 ἡ
1073 1339 1127 1366 τῶν
1138 1339 1238 1375 ἰατρῶν
1255 1340 1396 1375 ἐπιστήμη
1414 1340 1453 1375 τῷ
1470 1341 1561 1376 ἀθρόῳ
1577 1340 1625 1367 τοῦ
1641 1341 1748 1373 πάθους
1761 1343 1828 1377 κενή

1039 1393 1081 1415 τις
1100 1385 1147 1411 καὶ
1163 1384 1306 1420 ἄπρακτος
1319 1386 1341 1401 ⁵⁵
1354 1385 1536 1420 ἀπηλέγχετο,
1560 1386 1598 1421 μὴ
1617 1387 1778 1421 ἀκριϐοῦσα
1789 1387 1827 1414 δι-

1041 1431 1158 1465 άγνωσιν
1175 1431 1221 1457 τοῦ
1237 1432 1358 1458 τοιούτου
1376 1432 1590 1466 συμπτώματος,
1605 1433 1634 1459 '0
1645 1433 1674 1459 δὲ
1688 1434 1828 1468 βασιλεὺς,

1038 1477 1088 1513 τὴν
1107 1477 1240 1512 πρότερον
1256 1477 1457 1513 ὲνοῦσαναύτῴ
1471 1478 1626 1513 γιγαντῶδη
1647 1479 1746 1514 ῥώμην
1770 1481 1829 1514 αἰφ-

1040 1523 1122 1550 νίδιον
1134 1523 1352 1559 καταϐληθείσαν
1365 1523 1537 1559 αἰσθόμενος,
1553 1525 1685 1559 ἠπείγετο
1698 1526 1830 1559 [καταλα-

1041 1569 1097 1596 ϐεῖν
1110 1569 1139 1595 τὺ
1156 1568 1305 1601 Βυζάντιον
1315 1578 1322 1584 ·
1338 1569 1493 1596 ὲπέσπευδε
1512 1570 1541 1596 δὲ
1556 1570 1601 1596 καὶ
1622 1571 1672 1606 τὴν
1687 1573 1717 1598 ἐν
1731 1572 1770 1606 τῷ
1782 1572 1828 1598 τοῦ

1040 1614 1166 1648 Σωτῆρος
1180 1614 1243 1650 νεῷ,
1260 1613 1289 1640 ὃν
1311 1614 1392 1645 αὐτὸς
1419 1614 1556 1648 ἐδείματο,
1586 1615 1830 1650 κατασκευαζομέ-

1041 1667 1090 1694 νην
1105 1659 1144 1695 τῷ
1158 1660 1289 1695 σωματίῳ
1297 1660 1394 1686 τούτου
1407 1660 1487 1695 σορὸν
1501 1661 1704 1696 ἀπαρτισθῆναι
1720 1662 1758 1694 ὡς
1783 1662 1831 1688 τά·

1042 1714 1132 1740 χιστα.
1149 1706 1293 1738 Συντείνας
1313 1706 1342 1733 δὲ
1362 1707 1411 1741 τὴν
1435 1707 1602 1740 ὁδοιπορίαν,
1630 1708 1659 1739 ἐς
1688 1709 1739 1743 τὴν
1758 1709 1832 1743 βασι-

1042 1751 1176 1778 λεύουσαν
1194 1749 1255 1788 ἧκε,
1267 1752 1437 1786 φιλοφρόνως
1449 1753 1499 1788 μὲν
1515 1754 1675 1788 ὑποδεχθεὶς
1694 1754 1765 1789 πρὸς
1778 1755 1830 1780 τῶν

1043 1797 1174 1831 ἀστικῶν,
1189 1797 1386 1833 ὀλιγοδρανέων
1415 1797 1443 1824 δὲ
1466 1798 1528 1833 ἤδη,
1552 1799 1599 1825 καὶ
1617 1797 1712 1834 ἆσθμα
1736 1799 1832 1834 μύχιον

1043 1844 1092 1870 καὶ
1115 1844 1296 1879 δυσπρόσοδον
1325 1844 1480 1880 περιπνέων
1507 1845 1555 1871 καὶ
1585 1846 1828 1880 ἀναπεμπόμενος.

1045 1891 1126 1925 Ἀρτι
1143 1890 1170 1916 δὲ
1188 1891 1228 1921 εἰς
1250 1890 1301 1924 τὴν
1317 1890 1500 1926 ἀνακτορικὴν
1526 1891 1618 1918 ἑστίαν
1644 1893 1830 1928 πεφοιτηκὼς,

1045 1937 1206 1971 κλινοπετὴς
1216 1936 1363 1970 ἐδείκνυτο,
1379 1936 1418 1973 τῷ
1431 1939 1572 1973 φαρμάκῳ
1581 1939 1736 1965 καταπονού
1742 1948 1829 1974 μενος.

1045 1983 1148 2016 Συνιεὶς
1162 1985 1201 2015 δὲ,
1214 1984 1252 2016 ὡς
1265 1985 1316 2011 οὐκ
1331 1983 1363 2011 ἂν
1380 1984 1525 2020 ἀνασφήλῃ
1550 1984 1598 2012 τοῦ
1613 1985 1738 2012 τοιούτου
1762 1985 1831 2012 πτώ-

1047 2038 1131 2065 ματος
1142 2030 1182 2066 (τὸ
1202 2030 1258 2065 γὰρ
1273 2030 1438 2065 ὲνδομυχοῦν
1458 2030 1544 2057 δεινὸν
1565 2030 1600 2057 τὰ
1624 2030 1732 2065 ἔγκατα
1753 2032 1833 2067 χαλε-

1046 2075 1105 2107 πῶς
1121 2075 1282 2112 ἐξεθέριζε),
1302 2076 1357 2103 τῶν
1382 2075 1530 2111 βασιλικῶν
1545 2076 1693 2113 Θησαυρῶν
1717 2078 1834 2113 ἀφειδῶς

1045 2121 1200 2153 ἀπαντλῶν,
1216 2121 1328 2147 διεδίδου
1347 2122 1405 2152 τοῖς
1422 2121 1532 2156 πένησι,
1552 2121 1600 2148 καὶ
1627 2122 1750 2158 μάλιστα
1779 2125 1833 2155 τοῖς

1046 2167 1246 2202 λελωϐημένοις
1259 2167 1304 2194 καὶ
1320 2166 1482 2202 βεϐρωμένα
1496 2168 1529 2202 τῇ
1554 2167 1615 2202 ἱερᾷ
1631 2167 1702 2202 νόσῳ
1718 2168 1754 2194 τὰ
1781 2168 1834 2195 σώ-

1049 2221 1122 2248 ματα
1132 2213 1339 2248 περιφέρουσιν,
1355 2210 1395 2244 οἷς
1408 2212 1463 2239 τῶν
1476 2213 1565 2240 ἄλλων
1585 2214 1711 2249 πενήτων
1743 2215 1834 2248 φιλαν-

1049 2259 1222 2294 θρωπότερον
1245 2258 1386 2285 διετίθετο.
1415 2259 1550 2286 Νικόλαόν
1567 2268 1608 2292 τε,
1633 2260 1680 2286 τὸν
1704 2261 1833 2297 πρόεδρον

1045 2305 1304 2341 Ἀδριανουπὸλεως,
1330 2305 1504 2338 εἰσκαλέσας,
1540 2306 1625 2340 ἄνδρα
1643 2307 1716 2333 θεῖόν
1744 2316 1775 2334 τε
1790 2308 1834 2334 καὶ

1047 2352 1208 2386 σεϐάσμιον,
1236 2352 1271 2378 τὰ
1297 2351 1369 2377 κατὰ
1397 2351 1444 2378 τὸν
1469 2351 1526 2386 βίον
1552 2352 1627 2386 αὐτῷ
1662 2353 1834 2387 ἀνεκάλυψεν

1046 2398 1218 2432 ἀγνοήματα,
1235 2397 1369 2433 κρουνοὺς
1391 2397 1445 2425 τῶν
1467 2398 1615 2434 ὀφθαλμῶν
1632 2399 1762 2435 δακριέων
1787 2402 1833 2427 ἐπ-

1047 2444 1147 2476 αφιεὶς,
1163 2444 1209 2470 καὶ
1219 2444 1258 2478 τῷ
1266 2443 1369 2470 τούτων
1382 2444 1493 2479 λουτῆρι
1509 2445 1543 2471 τὰ
1567 2445 1650 2480 αἴσχη
1675 2446 1725 2472 καὶ
1738 2447 1772 2472 τὰ
1788 2447 1832 2481 ῥυ-

1049 2490 1180 2524 πάσματα
1194 2489 1251 2524 (67)
1262 2489 1317 2516 τῶν
1332 2490 1512 2525 ἐσφαλμένων
1529 2492 1716 2527 ρυπτόμενος,
1731 2493 1778 2519 καὶ
1789 2492 1834 2526 τὴν

782 2570 813 2597 C.
831 2570 862 2597 Β.
880 2568 969 2596 HASII
988 2566 1266 2595 ANNOTATIONES.

248 2662 271 2678 "
286 2661 440 2697 ἄπρακτος.
451 2659 515 2687 Vid.
533 2658 677 2687 Scbottum
692 2657 730 2686 De
746 2657 825 2685 nodis
844 2657 986 2685 Ciceronis
999 2657 1044 2685 22.

249 2730 313 2766 (67)_
337 2729 510 2766 Ρυπᾴσματα
521 2729 585 2754 sunt
595 2725 745 2759 sa‘pissime
757 2724 828 2766 apud
843 2724 992 2766 scriptores

212 2759 385 2794 Christianos
400 2759 599 2797 inquinamenta
616 2769 669 2797 seu
679 2761 795 2797 mutulo:
805 2759 952 2797 animi,_h._
966 2767 990 2786 e.

213 2793 330 2835 peccata.
341 2793 485 2835 VUsurp'ant
512 2797 548 2835 ita
567 2796 749 2835 Theophanes
765 2795 891 2835 Meterius
904 2793 991 2835 Epist.

213 2829 358 2862 iioctrinali
373 2833 406 2859 de
421 2829 551 2866 patientia
576 2836 603 2858 et
629 2829 899 2866 longanimitatrlt);
914 2829 991 2866 A_.7§.

215 2869 339 2906 Basilius
351 2863 436 2906 Epist.
453 2865 584 2894 canonica
599 2873 628 2893 ιι.
646 2863 863 2900 οόᾏιηριιὶἱοςιι.
880 2863 912 2891 ll.
930 2863 991 2891 ΠΤ).

1062 2658 1094 2686 C.

1047 2723 1078 2760 C,
1089 2722 1245 2760 llesychius
1263 2723 1404 2760 presbyter
1420 2724 1458 2752 De
1477 2728 1644 2760 temperant.
1660 2731 1687 2754 et
1703 2725 1801 2754 virtute
1812 2727 1828 2755 l.

1049 2759 1128 2786 1001.
1142 2760 1173 2785 Α.
1193 2758 1247 2786 Leo
1263 2759 1333 2794 Imp.
1346 2758 1352 2760 ⁷
1365 2760 1394 2787 ln
1423 2758 1543 2788 exaltat.‘
1562 2761 1602 2789 S.’
1617 2761 1714 2789 Crucis
1728 2761 1787 2789 268.
1808 2763 1831 2789 9.

1049 2794 1078 2831 ξ.
1092 2794 1239 2831 GregOrius
1258 2793 1339 2831 Nyss.
1356 2795 1385 2822 In
1413 2795 1581 2831 principium
1605 2796 1693 2831 jejun.
1714 2797 1756 2825 lll.
1773 2797 1830 2824 «ιη.

1050 2829 1080 2856 D.
1103 2830 1203 2863 aliique
1220 2830 1308 2857 multi.
