1913 3068
216 75 276 105 Ὠῖἷὶ

854 77 1061 108 NICEPHORI
1082 78 1214 108 PHOCJE

1786 74 1830 108 9“

221 138 305 162 tatem
327 133 416 161 facere
432 130 586 159 introeundi
609 140 616 158 :
638 138 700 159 cum
717 131 822 165 amiris,
840 133 887 168 qui
905 133 1000 168 oppidi:

1063 132 1238 160 ἀποστέλλειν
1249 153 1256 166 ,
1274 132 1334 168 ἦτοι
1353 132 1388 159 τὰ
1407 132 1550 160 τασινάκια
1561 154 1568 166 ,
1588 132 1634 159 καὶ
1654 132 1830 165 κατασκόπους

224 181 291 208 lines
320 182 428 207 nostros
461 177 650 213 adjaceutibus
684 182 827 213 praesunt,
857 178 1006 206 amicitiam

221 225 384 255 contrahere
399 233 406 251 :
422 223 543 252 scribere
561 224 595 251 ad
613 224 685 256 illos,
701 219 826 252 homines
849 232 911 252 cum
928 224 1008 253 donis

221 273 329 300 mittere
343 280 350 298 :
364 276 392 298 ut
406 270 450 298 his
461 270 544 298 variis
557 271 711 298 actionibus
725 278 787 298 cum
799 271 911 298 consilia
926 275 1008 306 atque

219 317 568 354 cogitationes.hostium.
596 322 653 344 tum
691 325 836 345 numerum
866 317 1007 352 copiarum

214 364 389 400 equestrium
411 368 439 391 et
458 363 626 398 pedestrium
654 371 714 398 quae
736 368 877 398 cogantur,
895 364 1008 399 praelec-

219 416 317 446 tosque
334 417 440 442 earum,
456 413 484 437 et
512 410 539 436 in
557 417 625 444 quas
639 409 796 444 provincias
820 410 1005 437 incursionem

218 457 309 485 facere
325 456 503 488 instituerint,
516 455 596 490 plane
611 455 665 483 dux
688 455 837 490 perdiscat.
851 456 890 484 lta
905 457 1006 484 certior

219 503 320 536 lactus,
334 511 397 530 cum
410 502 443 529 de
455 506 528 529 motu
543 502 692 534 exercitus,
709 506 766 529 tum
780 501 813 529 de
829 501 935 535 itinere,
952 509 1006 537 quo

217 551 245 577 in
262 552 328 577 lines
339 549 555 584 populiKRomani
566 553 720 583 Irrupturus
735 552 786 581 est,
799 548 888 581 debet,
903 549 1005 577 coactis

217 596 357 628 munibus,
371 595 458 630 copiis
468 594 621 629 aid-limitem
634 594 770 630 progredi,
780 598 808 622 et
819 594 876 622 sive
887 599 1006 622 turmar-

217 641 297 668 cham
312 640 521 675 peritissimum,
539 639 618 675 197
634 640 691 667 sive
708 639 826 674 aliquem
848 647 881 667 ex
899 640 1005 675 magnis

219 687 396 721 probatisque
406 685 539 721 praefectis
547 686 722 721 praemittere,
732 685 779 720 qui
790 693 853 713 cum
868 686 1006 721 equitibus

219 733 334 760 delectis
358 732 482 759 hostibus
502 736 639 761 occurrat.
655 735 801 767 antequam
826 731 1004 766 irruptionem

216 778 243 805 ln
261 777 415 813 provincias
441 781 550 805 nostras
573 776 688 805 fecerint
710 781 763 804 :ut
777 782 803 805 et
824 777 1005 813 insequantur

1060 179 1204 210 πλείστους
1220 178 1274 206 τῶν
1295 179 1438 214 χρησίμων
1465 180 1512 206 καὶ
1532 179 1644 206 πιστῶν.
1665 180 1830 215 Παραχωρεῑν

1058 225 1087 253 δὲ
1103 227 1149 252 καὶ
1169 225 1384 261 πραγματευτάς
1397 225 1579 261 είσέρχεσθαι·
1595 226 1792 261 προσποιεῖσθαι
1807 226 1831 253 δὲ

1060 273 1107 299 καὶ
1119 271 1209 306 φιλίαν
1223 271 1290 306 πρὸς
1305 272 1368 304 τοὺς
1381 271 1550 306 κρατοῦντας
1562 272 1707 308 ἀμηράδας
1719 271 1771 298 τῶν
1780 273 1832 303 ταῖς

1059 318 1159 352 ἄκραις
1178 317 1255 352 ἡμῶν
1271 317 1483 352 παρακειμένων
1497 318 1640 353 κάστρων·
1664 319 1712 344 καὶ
1729 318 1832 353 γράφειν

1059 363 1127 398 πρὸς
1139 363 1239 396 αὐτοὺς
1251 383 1258 397 ,
1273 364 1320 390 καὶ
1341 363 1502 398 ἀνθρώπους
1516 363 1586 399 μετά
1608 364 1754 390 κανισκίων
1774 364 1833 390 ἀπο-

1059 408 1196 435 στέλλεινσ
1219 409 1293 441 ὅπως
1315 409 1358 436 διὰ
1379 409 1430 444 τῆς
1455 409 1614 438 πολ-υειδοῦς
1636 408 1736 443 ταύτης
1761 408 1833 434 πολυ-

1059 455 1257 490 πραγμοσύνης
1268 455 1371 491 δυνηθῇ
1387 455 1482 491 σαφῶς
1496 455 1720 482 ἀναδιδάσκεσθαι
1733 454 1777 486 τὰς
1787 455 1833 481 τῶν

1057 500 1194 536 πολεμίων
1215 500 1311 536 βουλὰς
1334 501 1382 528 καὶ
1406 501 1536 536 μελέτας,
1563 500 1611 527 καὶ
1625 499 1659 526 τά
1675 499 1764 535 πλήθη
1785 499 1832 526 τῶν

1058 545 1100 582 [Ρ.
1117 546 1180 583 127]
1196 547 1440 583 ἐπισωρευομένων
1462 546 1614 581 φωσσάτων
1631 544 1737 572 ίππέων
1750 553 1778 572 τε
1793 545 1833 571 καὶ

1057 592 1158 627 πεζῶν,
1178 593 1225 620 καὶ
1246 594 1308 626 τοὺς
1332 593 1435 620 τούτων
1455 593 1604 628 ἀρχηγοὺς,
1630 591 1678 618 καὶ
1697 591 1726 617 ὲν
1752 590 1834 622 ποίαις

1056 639 1159 675 χώραις
1175 639 1224 675 τὴν
1237 639 1379 666 ἐπέλευσιν
1394 640 1481 666 ποιεῖν
1496 639 1647 674 βούλονται.
1662 638 1834 674 Καταμηνυὸι

1058 694 1137 721 μενος
1159 686 1187 712 δὲ
1208 686 1257 721 τὴν
1282 686 1331 712 τοῦ
1354 686 1500 720 φωσσάτου
1532 686 1705 720 ἀποκίνησιν,
1729 686 1775 711 καὶ
1795 684 1832 710 διὰ

1056 731 1135 764 ποίας
1150 731 1209 759 ὀδοῦ
1223 731 1273 768 τὴν
1290 731 1427 764 ἐξέλευσιν
1443 731 1514 759 κατὰ
1535 731 1692 766 Ῥωμανὶας
1708 731 1834 758 ποιεῖσθαι

1057 777 1158 812 μέλλει,
1186 778 1365 812 ἐπισυνάγειν
1382 778 1492 805 ἅπαντα
1513 777 1548 805 τὰ
1570 777 1774 814 στρατεύματα,
1794 778 1834 803 καὶ

215 824 286 858 illos,
305 828 332 852 et
342 823 530 859 speculentur,
545 827 573 851 et
591 828 680 851 motus
698 823 808 851 illorum
823 823 886 851 duci
903 831 1000 851 renun-

1058 823 1126 858 πρὸς
1150 822 1199 855 τὰς
1225 823 1313 859 ἄκρας
1341 823 1557 859 παραγίνεσθαι,
1579 823 1756 850 ἀποστέλλειν
1776 823 1833 850 δέ¹¹

219 871 297 897 ιίεηι.

1058 868 1235 905 τουρμάρχην
1262 869 1477 904 ἐμπειρότατον,
1504 869 1559 895 εῐτε
1583 869 1680 905 ἕτερόν
1705 877 1766 896 τινα
1787 868 1835 895 τῶν

216 915 343 951 μεγάλων
356 915 403 942 καὶ
417 915 560 951 χρησίμων
574 914 729 950 ἀρχόντων,
747 915 815 950 μετὰ
844 915 950 942 ἱππέων
978 915 1129 942 ἐπιλέκτων
1150 915 1380 950 προσυπαντῆσαι
1411 917 1468 948 τοῖς
1489 916 1630 951 πολεμιοις
1661 915 1714 949 πρὸ
1733 915 1778 942 τοῦ
1793 914 1835 949 τὴν

210 962 338 998 ιίσϐολὴν
351 964 394 994 είς
415 964 465 994 τὰς
481 963 562 998 ἡμῶν
578 962 672 998 χώρας
693 963 878 999 ποιήσασθαι·
894 963 939 991 ἶνα
972 965 1020 992 καὶ
1040 963 1260 991 ἐπακολουθιῖκειν
1285 963 1378 996 αὐτοῖς
1390 984 1398 998 ,
1425 964 1473 991 καὶ
1505 963 1706 1000 παραμένωσι,
1726 964 1772 990 καὶ
1792 963 1836 994 τὰς

213 1011 392 1046 ἁποκινήσεις
405 1011 493 1038 αὐτῶν
508 1010 547 1046 τῷ
562 1011 707 1047 στρατηγῷ
723 1011 946 1047 καταμηνύωσιν.

213 1069 276 1096 Car.
294 1067 361 1096 Vlll.
380 1067 418 1095 De
439 1068 541 1095 ratione
565 1068 718 1109 obseruandi
740 1073 817 1104 atque
845 1068 999 1104 insequendi

531 1109 685 1131 exei'cuum.

248 1148 417 1179 (Jbservandi
436 1149 462 1177 lii
485 1153 549 1177 sunt
573 1149 647 1177 hunc
669 1149 697 1176 in
712 1149 840 1177 modum:
857 1149 927 1177 Dum
945 1149 1000 1177 dux

212 1203 275 1224 cum
301 1195 430 1223 omnibus
456 1194 544 1229 copiis
565 1201 612 1228 per
640 1194 730 1221 locum
757 1199 941 1229 opportunum
968 1201 1001 1222 ac

213 1242 348 1269 munitum
364 1241 439 1276 juxta
455 1240 507 1267 iter
521 1239 596 1272 facit,
614 1240 714 1275 pagani
726 1245 817 1268 autem
831 1248 894 1268 cum
912 1240 1001 1268 omni-

214 1289 267 1315 bus
286 1287 344 1315 suis
363 1286 509 1322 pecoribus
526 1286 597 1313 intra
621 1286 730 1321 oppida,
746 1291 802 1320 aut,
815 1287 840 1314 si
865 1287 939 1314 nulla
954 1294 1004 1321 op-

213 1335 274 1369 pida
289 1336 415 1366 subsunt,
428 1334 455 1360 in
465 1337 573 1361 montes
586 1332 753 1361 editissimos
763 1338 790 1361 et
801 1333 1003 1361 munitissimus

215 1380 382 1414 eosdemque
398 1379 505 1407 insidiis
523 1379 615 1406 minus
631 1378 777 1412 obnoxios,
794 1378 828 1406 ab
842 1378 1002 1413 erpilatori-

213 1426 265 1453 bus
280 1425 482 1460 compelluntur
498 1433 505 1450 :
520 1424 584 1451 item
608 1431 682 1457 eum,
698 1424 745 1459 qui
774 1424 853 1452 lateri
881 1424 1001 1452 hostium

1053 1067 1132 1094 ΚΕΦ.
1156 1067 1197 1094 H’.
1225 1082 1259 1088 -
1282 1067 1353 1101 Περὶ
1380 1067 1558 1102 παραμονῆς
1589 1068 1772 1102 sat-iactitat),
1793 1076 1836 1096 καί

1322 1103 1567 1136 ἁκολουθήσεως.

1093 1147 1126 1174 Ἦ
1139 1146 1168 1174 δὲ
1192 1147 1339 1183 παραμονὴ
1357 1147 1447 1173 αὐτῶν
1471 1146 1558 1178 οὕτως
1579 1146 1684 1182 ὀφείλει
1709 1147 1835 1182 γίνεσθαι·

1052 1192 1105 1221 Τοῦ
1121 1193 1276 1229 στρατηγοῦ
1303 1193 1374 1228 μετά
1388 1193 1488 1225 παντὸς
1500 1193 1547 1220 τοῦ
1569 1193 1634 1220 λαοῦ
1650 1195 1679 1220 ἐν
1697 1195 1838 1229 ἐπιτηδείῳ

1052 1241 1100 1267 καὶ
1121 1238 1212 1275 ὀχυρῷ
1239 1240 1313 1274 τόπῳ
1330 1240 1560 1275 παρατρέχοντος,
1587 1239 1635 1266 καὶ
1661 1239 1717 1266 τῶν
1735 1240 1837 1275 χωρίων

1051 1286 1095 1313 διὰ
1110 1285 1166 1312 τῶν
1186 1285 1399 1320 ἐκσπηλατόρων
1422 1285 1652 1320 φυγαδευομένων
1670 1286 1699 1312 ἐν
1716 1287 1774 1317 τοῖς
1792 1286 1837 1313 κὰ-

1053 1340 1153 1365 στροις,
1170 1331 1197 1366 ἢ,
1215 1331 1252 1367 μὴ
1264 1331 1349 1358 ϐντων
1364 1331 1500 1367 κάστρων,
1517 1332 1546 1358 ἐν
1561 1331 1653 1368 ὄρεσιν
1670 1331 1784 1367 ὑψηλοῖς
1797 1334 1840 1359 καὶ

1051 1377 1234 1412 ὀχυρωτάτοις
1255 1378 1301 1405 καὶ
1313 1378 1562 1411 ἀνεπιϐουλεύτοις,
1573 1379 1676 1413 ὁμοίως
1691 1380 1739 1405 καὶ
1754 1378 1838 1405 πάντα

1051 1422 1084 1448 τὰ
1098 1422 1186 1458 κτήνη
1202 1422 1292 1450 αὐτῶν
1302 1429 1308 1436 ·
1324 1423 1383 1450 δέον
1394 1423 1571 1450 ἀποστέλλειν
1582 1424 1629 1450 καὶ
1639 1424 1685 1450 τὸν
1700 1424 1839 1458 ὀφείλοντα

212 1472 360 1504 ρωποι-θοι,
375 1471 449 1498 circa
477 1470 573 1498 horam
600 1470 654 1498 diei
684 1471 797 1498 alteram
830 1471 871 1498 vel
892 1471 999 1499 tertiam

1054 1469 1221 1504 παραμένειν
1243 1469 1298 1496 ἀπὸ
1321 1469 1453 1506 δευτέρας
1482 1470 1587 1506 ὥραςῆ
1604 1470 1651 1497 καὶ
1675 1470 1773 1505 τρίτης
1794 1471 1839 1504 τῆς

212 1517 296 1545 emitti
308 1521 424 1552 oportet.
444 1517 480 1550 ls,
497 1522 611 1552 accepta
626 1517 816 1545 benedictione
825 1517 914 1550 ducis,
926 1522 1002 1553 post-

212 1571 293 1598 quam
312 1563 461 1598 assumpslt
478 1566 615 1597 catervam
632 1570 710 1590 suam
735 1567 816 1597 atque
842 1564 1000 1598 equisones,

212 1608 336 1637 conferat
351 1616 380 1636 se
397 1609 431 1636 ad
450 1609 533 1642 viam,
551 1616 605 1643 qua
626 1609 720 1636 hostes
739 1613 899 1637 transeunt:
914 1609 1001 1644 impe-

212 1655 333 1682 dimenta
352 1662 402 1683 sua
418 1660 446 1682 et
461 1662 596 1690 agasones
620 1654 692 1690 apud
720 1655 818 1682 ducem
853 1655 999 1690 relinquat,

212 1709 301 1736 neque
329 1700 479 1736 quidquam
513 1708 605 1729 secum
635 1700 705 1728 terat
720 1705 819 1736 prmter
842 1701 924 1729 unius
947 1700 1000 1729 diei

212 1747 325 1779 cibaria,
339 1751 421 1781 atque
434 1754 466 1774 ea
489 1750 616 1780 augusta,
630 1746 797 1774 bucellatum
821 1747 953 1774 duntaxat
974 1750 1001 1774 et

212 1799 332 1823 caseum,
351 1797 399 1819 aut
422 1792 597 1824 salsamenta,
611 1796 638 1819 et
659 1799 792 1827 equorum
807 1799 839 1820 ac
862 1792 999 1820 mulorum

212 1838 320 1873 pabula.
333 1837 360 1865 Si
371 1838 397 1865 in
405 1838 494 1866 vicum
502 1838 684 1873 pervenit,ubi
693 1838 1001 1872 victumjumentorum-

211 1891 264 1919 que
272 1884 460 1918 pabulationes
468 1884 598 1916 inveniat,
612 1883 716 1912 reﬁciat
727 1884 763 1911 ibi
773 1884 871 1911 milites
880 1888 907 1912 et
915 1892 1000 1919 equos

212 1937 298 1965 usque
305 1929 338 1957 ad
349 1930 442 1957 horam
451 1937 550 1957 nonam
557 1929 788 1961 diei,stationibus
798 1930 909 1964 perloca
921 1930 1000 1966 198

210 1976 326 2004 editiora
341 1976 492 2011 dispositis.
515 1975 575 2011 Ipse
592 1975 709 2010 agminis
724 1975 878 2010 praefectus,
896 1976 999 2004 altissi-

209 2031 254 2052 ma
295 2023 404 2059 specula
441 2030 605 2055 conscensa.
630 2022 776 2050 observare
811 2023 999 2057 sucuparique

210 2069 290 2097 debet
306 2069 437 2105 pulveres
463 2069 584 2097 hostium
611 2072 638 2095 et
661 2068 752 2095 fumos
769 2077 776 2096 :
792 2068 865 2096 unde
890 2068 1000 2104 colligat

209 2116 475 2151 aestimationemquc
493 2114 586 2148 faciat,
603 2122 657 2149 qua
685 2118 828 2142 transeant
847 2119 874 2142 et
889 2122 1000 2142 causes-

1055 1515 1172 1550 ἡμέρας.
1193 1515 1247 1542 Καὶ
1262 1515 1344 1551 εὐχὴν
1359 1516 1549 1552 λαμϐάνοντας
1566 1516 1588 1532 ³³
1604 1516 1652 1543 τοῦ
1675 1516 1839 1551 στρατηγοῦ,

1053 1561 1295 1596 ἀναλαμϐάνεσθαι
1309 1562 1354 1589 τὸν
1368 1562 1432 1590 λαὺν
1445 1563 1540 1596 αὑτοῦ,
1554 1563 1601 1590 καὶ
1613 1563 1677 1594 τοὺς
1696 1571 1838 1598 παρασυρ-

1052 1607 1150 1639 τάτους
1177 1607 1246 1643 (12),
1262 1608 1309 1635 καὶ
1323 1609 1412 1644 όρμᾷν
1430 1608 1498 1644 πρὸς
1519 1609 1568 1644 τὴν
1588 1609 1658 1642 ὁδὸν,
1682 1608 1747 1636 καθ’
1767 1609 1800 1644 ῆν
1818 1610 1840 1634 οἱ

1053 1653 1178 1686 πολέμιοι
1197 1653 1360 1690 διέρχονται,
1377 1655 1427 1690 τὴν
1442 1655 1599 1691 ἀποσκευὴν
1617 1655 1701 1682 αὑτοῦ
1716 1657 1767 1682 καὶ
1782 1656 1842 1686 τοὺς

1051 1702 1283 1737 Μριππαράτους
1294 1703 1350 1739 (l3)
1360 1704 1574 1738 καταλιμπάνων
1586 1703 1656 1738 μετά
1664 1703 1712 1731 τοῦ
1725 1712 1842 1740 στρατη-

1051 1747 1112 1781 γοῦ,
1124 1747 1206 1783 μηδὲν
1214 1748 1278 1775 ἄλλο
1285 1749 1499 1784 ἐπιφερομένους
1508 1749 1524 1784 ἢ
1536 1750 1601 1784 μιᾶς
1610 1750 1626 1785 ἡ
1630 1750 1663 1784 μέ
1668 1758 1718 1785 ρας
1727 1750 1841 1786 τροφὴν,

1052 1793 1099 1820 καὶ
1113 1794 1198 1829 αὐτὴν
1217 1794 1286 1829 μετά
1302 1795 1416 1827 ἐνδείας,
1429 1795 1528 1830 ἄρτους
1543 1795 1641 1830 μόνους
1656 1797 1706 1822 καὶ
1720 1796 1841 1830 τυρδν,ἦ

1051 1839 1099 1865 καὶ
1113 1840 1224 1874 τάριχα,
1246 1841 1294 1866 καὶ
1308 1840 1357 1872 τὰς
1372 1840 1425 1867 τῶν
1441 1841 1533 1868 ἵππων
1549 1842 1596 1868 καὶ
1607 1842 1732 1877 ἡμιόνων
1745 1842 1840 1876 ταγᾶς.

1051 1885 1098 1916 Εἰς
1116 1886 1215 1920 χωρίον
1229 1886 1258 1913 δὲ
1272 1886 1438 1921 ἀπληκεύων
1450 1907 1457 1920 ,
1485 1887 1535 1920 τάς
1555 1896 1585 1914 τε
1601 1888 1699 1923 χρείας
1721 1889 1772 1915 καὶ
1797 1888 1841 1923 τὴν

1051 1931 1107 1958 τῶν
1135 1932 1241 1966 ἀλόγων
1275 1933 1379 1968 τροφὴν
1411 1933 1601 1968 ἐφευρίσκων,
1626 1933 1842 1962 διαναπαυσάτω

1051 1977 1141 2004 ἐκεῖσε
1159 1978 1203 2005 τὸν
1218 1978 1282 2005 λαὸν
1304 1978 1387 2005 αὐτοῦ
1401 1979 1449 2006 καὶ
1472 1979 1518 2006 τὸν
1541 1970 1623 2006 ἵππον
1642 1980 1675 2011 ³⁸,
1698 1981 1753 2011 ἐως
1769 1980 1842 2014 ὥρας

1052 2023 1165 2058 ἐννάτης
1179 2023 1227 2058 τῆς
1247 2024 1364 2060 ἡμέρας,
1383 2024 1476 2059 βίγλας
1494 2026 1604 2061 κρατῶν
1618 2027 1647 2052 ἐν
1662 2027 1841 2062 ὑψηλοτέροις

1050 2069 1154 2102 τόποις.
1176 2069 1232 2096 Καὶ
1253 2070 1335 2102 αὐτὸς
1363 2071 1550 2103 ἐκεῖνοςὸτοῦ
1571 2071 1637 2098 λαοῦ
1662 2073 1799 2108 ἀρχηγὸς,
1813 2073 1842 2098 ἐν

1051 2117 1179 2151 περιωπῇ
1194 2115 1350 2152 ὑψηλοτάτη
1364 2117 1555 2152 ἀνερχόμενος,
1571 2117 1741 2145 ἀποσκοπεῖν
1769 2117 1842 2152 ὀφει-

210 2163 269 2189 suri
285 2162 350 2189 sint.
365 2161 471 2189 Etenim
482 2169 502 2188 a
518 2161 614 2194 peritis
626 2161 785 2189 hominibus
804 2161 863 2188 loca
876 2168 995 2196 quoque.

1054 2162 1089 2187 lst
1103 2160 1151 2187 καὶ
1168 2161 1278 2196 βλέπειν
1303 2163 1459 2197 κονιορτοὺς
1483 2163 1538 2189 τῶν
1553 2163 1691 2199 πολεμίων
1706 2165 1754 2192 καὶ
1768 2173 1842 2192 κατ-.-

211 2208 258 2235 ubi
272 2212 359 2235 castra
376 2207 434 2235 ﬁeri
451 2207 589 2243 etpediat,
603 2207 836 2235 internascuntur.
849 2206 900 2234 Ubi
917 2206 996 2235 intel-

212 2253 327 2281 lexerint
338 2261 391 2288 quo
416 2253 475 2281 loco
491 2253 642 2281 adversarii
657 2253 850 2286 constiterunt,
865 2253 996 2287 evestigio

1049 2207 1111 2238 νούς
1122 2215 1129 2222 ·
1146 2207 1194 2234 καὶ
1207 2207 1244 2239 ὼς
1259 2208 1291 2234 ἐκ
1309 2207 1405 2235 τούτου
1420 2210 1559 2236 κατανοεῖν
1578 2211 1626 2237 καὶ
1646 2211 1841 2246 στοχάζεσθαι,

1049 2254 1078 2280 ἐν
1093 2251 1134 2285 οἷς
1152 2254 1304 2289 διέρχονται
1326 2255 1372 2282 καὶ
1386 2255 1559 2290 ἁπληκεῦσαι
1586 2256 1741 2291 μέλλουσιν.
1773 2257 1842 2282 ’Υπὺ

210 2299 262 2328 hac
279 2300 313 2328 de
344 2307 374 2329 re
390 2300 485 2329 ducem
503 2299 657 2328 certiorem
683 2298 794 2327 faciant.
811 2299 839 2327 Is
865 2306 927 2327 cum
943 2306 994 2327 suo

1054 2299 1102 2335 γὰρ
1117 2300 1171 2326 τῶν
1188 2300 1328 2337 ἐμπείρων
1339 2300 1445 2337 ἀνδρῶν
1457 2301 1504 2329 καὶ
1516 2303 1541 2329 οἱ
1556 2303 1644 2337 τόποι,
1660 2304 1703 2338 ἐφ’
1716 2301 1758 2335 οἷς
1773 2310 1843 2337 προ-

752 2399 788 2428 C.
809 2398 840 2426 Β.
859 2398 950 2427 HAS“
966 2398 1242 2428 ANNOTATIONES.

241 2482 265 2498 ³¹
288 2481 417 2509 δέ.Ἐοι-ι.
435 2490 476 2509 τε.

207 2517 305 2554 ἵππον]
322 2517 397 2545 Fort.
416 2517 464 2552 τὴν
484 2516 578 2543 ἵππον.

246 2611 302 2651 tl?)
324 2610 360 2637 De
377 2609 419 2651 his
434 2609 496 2637 vide
509 2608 638 2651 .Buca‘ng.
655 2608 746 2651 Gloss.
761 2609 840 2637 M94.
869 2609 900 2651 Α,
930 2615 995 2651 sunt

208 2647 261 2680 qui
285 2644 372 2681 equos
396 2645 549 2672 dextrarios
579 2644 692 2671 ducunt.
710 2644 756 2671 Sic
788 2644 996 2679 mpumipsoeczt

200 2681 351 2708 «Constant.
364 2680 567 2711 Porphvrogen.
583 2680 689 2707 (λιι-τίη).
700 2679 763 2711 Byz.
776 2680 793 2707 l.
807 2680 868 2707 966.
883 2679 915 2706 υ.
932 2681 994 2707 267.

209 2688 351 2708 honstant.
364 2688 567 2715 rorpnyrogen.
583 2688 689 2707 tta-nm.
700 2688 763 2714 uyz.
776 2688 793 2707 ι.
807 2688 868 2707 Ζου.
883 2688 915 2706 υ.
932 2688 994 2707 201.

209 2717 243 2743 Α.
263 2721 291 2742 οι
311 2716 344 2742 τά
373 2715 538 2750 παράσυρτα
559 2715 677 2748 ἱππάρια
694 2715 759 2742 ibid.
786 2715 804 2741 Ι.
825 2715 888 2742 279.
904 2714 935 2742 Ι).
959 2716 997 2743 De

206 2751 287 2785 equis
300 2752 409 2785 συρτοῖς
431 2750 552 2784 Ουεοιηξ.
569 2750 603 2777 ad
626 2750 750 2785 Alexiad.
764 2750 826 2777 2‘27.
843 2750 874 2777 C.

247 2785 303 2818 (15)
330 2783 402 2812 Verti
428 2783 565 2820 agasones,
591 2790 618 2812 ut
643 2786 700 2813 vult
729 2784 882 2822 Ducangius
904 2783 994 2813 Gloss.

528 2481 550 2497 ³³
563 2480 638 2508 Fort.
653 2480 836 2516 λαμϐάνοντα.
853 2481 891 2509 De
919 2489 986 2510 voce

1054 2482 1101 2509 isiv
1133 2482 1216 2519 εὐχὴν
1249 2484 1370 2520 Ducang.
1401 2484 1522 2514 Glossar.
1546 2486 1567 2521 l,
1585 2487 1649 2516 451.
1666 2489 1698 2517 C.

1756 2488 1780 2504 ³⁸
1794 2489 1842 2515 τὸν

1051 2611 1129 2653 lui.
1148 2612 1257 2653 _C:_sed
1274 2614 1400 2653 suspicor
1415 2622 1515 2653 verum
1528 2616 1605 2653 vocis
1632 2624 1746 2645 sensum
1775 2623 1841 2653 esse

1050 2648 1121 2687 equis
1135 2648 1271 2687 destituti;
1281 2648 1332 2678 vel,
1361 2651 1433 2687 equis
1447 2650 1550 2678 detritis
1566 2654 1646 2687 (quos
1667 2652 1765 2687 πτωχὰ
1793 2652 1842 2687 ἰτε-

1050 2683 1234 2722 ςπάριαηνοοίιι
1252 2683 1394 2722 Constant.
1408 2683 1696 2721 Porphyrog.Ca:rim.
1722 2683 1792 2722 Hyl.
1819 2686 1840 2711 l-

1049 2717 1112 2744 280.
1128 2717 1172 2751 C.)
1203 2720 1267 2745 vecti
1282 2726 1291 2745 :
1305 2725 1333 2746 ut
1356 2720 1416 2752 ejus
1436 2717 1604 2749 contrarium
1622 2723 1658 2750 sit
1681 2717 1841 2749 καλοῗππα-

1051 2753 1141 2792 ράτος,
1160 2753 1220 2792 ίῖᾅ.
1289 2754 1350 2792 Ιξ9.
1364 2755 1642 2792 Βῖῌῌαριππαράτος
1669 2765 1692 2786 s.
1710 2757 1839 2792 παραῖπ-

1049 2788 1172 2823 παράτος
1202 2788 1301 2824 legitur
1314 2790 1378 2818 item
1394 2790 1455 2818 159.
1470 2788 1502 2817 Β.
1523 2788 1582 2820 147.
1600 2793 1634 2820 Α.
