1913 3068
113 179 169 211 953

112 236 218 263 πόλεων
246 235 336 263 αὐτῶν
363 235 562 272 συνεξήρχοντο
581 245 588 252 ·
606 237 654 264 καὶ
678 237 725 264 ἐπὶ
743 237 820 265 δυσὶν
834 239 903 274 ἠμί.

113 291 177 317 ραις
197 282 265 317 όμοῦ
281 283 590 318 συμπεριπατήσαντες,
609 282 666 310 ἐσθ’
678 283 722 310 ὅτε
745 285 794 311 καὶ
810 285 903 311 πλείο-

112 336 167 360 σιν,
183 329 231 356 ἀπ’
252 329 376 364 ἀλλήλων
397 330 598 365 διεχωρίξοντο.
614 330 669 357 Καὶ
682 331 706 357 οι
729 330 778 366 μὲν
796 331 904 363 ἱππεῖς.

110 375 135 401 οἱ
156 375 204 406 τὰς
226 375 365 411 ἡμετέρας
383 375 476 411 χώρας
495 377 678 413 κατατρέχειν
700 377 748 404 καὶ
764 377 905 413 λεηλατεῖν

111 420 284 456 βουλόμενοι,
303 422 517 458 προὺλάμσανσν
533 424 646 458 ἡμερῶν
660 432 741 450 τινων
753 424 903 460 διάστημα,

107 467 158 494 τοῦ
176 468 289 500 πεζικοῦ
301 469 366 496 λαοῦ
387 470 477 496 αὐτῶν
488 470 674 505 ἀφεστηκότος
684 479 691 487 ·
704 470 750 498 διὰ
771 471 803 498 τὸ
819 472 905 498 σπεύ-

106 515 166 541 δειν
194 515 292 547 αὐτοὺς
312 516 433 551 ἀμηνυτὶ
456 518 521 549 τοὺς
535 519 682 553 οἰκήτορας
713 519 768 545 τῶν
796 519 903 555 χωρίων

107 562 283 594 καταλαϐεῖν,
296 563 364 590 οῖκοι
382 564 526 598 μένοντας.
542 563 579 590 Td
590 564 619 591 δὲ
634 564 746 591 τοῦλδον
762 564 831 599 μετὰ
848 565 904 592 τῶν

107 607 203 638 πεζῶν
212 608 260 634 καὶ
273 608 324 643 τῆς
334 609 439 635 τούτων
452 609 621 645 ἀποσκευῆς,
631 609 742 636 ὖπισθεν
758 610 902 646 ἑπόμενον,

108 653 193 688 ἡνίκα
213 654 263 685 τὰς
282 655 438 690 δυσχωρίας
462 656 512 682 καὶ
528 656 563 682 τὰ
581 656 662 682 στενὰ
673 656 792 691 διῆλθεν,
809 657 905 693 ἐπιτή-

108 699 181 726 δειον
198 699 386 736 διασκοπῆσαν
402 701 485 728 τόπον
503 701 573 736 πρὸς
593 702 719 737 φυλακὴν
733 702 824 729 αὐτῶν
857 703 904 729 καὶ

108 745 271 780 ἀσφάλειαν,
291 747 340 778 τὰς
366 747 468 782 σκηνὰς
491 747 644 783 πηξάμενοι
672 749 703 775 ὲν
728 748 904 784 αὑτῷ,ηὑ>.ί-

107 793 196 825 ζοντο,
214 792 278 824 τοὺς
294 793 333 824 εἰς
351 793 469 829 κοῦρσον
486 794 680 830 ἐκδραμόντας
699 795 796 826 ἱππεῖς
811 796 903 822 ἐκεῖσε

108 838 354 874 προσεκδεχόμενοι
365 847 372 855 ·
385 840 428 866 ἵνα
437 840 501 871 τοὺς
511 840 740 876 ὑποστρέφοντας
755 842 846 873 καλῶς
855 842 904 873 τὰς

106 884 263 920 δυσχωρίας
295 885 500 914 διαδιῦάσωσιν.
522 887 553 913 '0
571 886 619 913 οὖν
652 888 823 922 στρατηγὸς⁷
852 886 902 922 τὴν

106 930 246 963 ὲξέλευσιν
274 931 364 958 αὐτῶν
393 932 652 967 καταμηνυόμενος,
673 933 722 964 τὰς
738 933 901 968 παραμονὰς

107 977 311 1010 ἀποστελλὲτω,
330 978 375 1004 καὶ
389 979 479 1005 πάντα
499 979 610 1005 ποιείτω
626 979 696 1006 κατά
708 978 757 1014 τὴν
774 979 903 1014 ἀνωτέρω

107 1023 242 1056 διάταξιν.
263 1024 318 1051 Καὶ
340 1025 364 1051 εί
386 1025 435 1059 μὲν
456 1024 569 1060 εὐχερές
596 1025 655 1053 ἐστι
680 1025 721 1060 τῷ
745 1026 901 1062 στρατηγῷ,

106 1069 172 1100 τοὺς
204 1070 245 1101 είς
271 1070 320 1105 τὴν
338 1069 413 1096 λείαν
441 1070 629 1106 ἐκδραμόντας
657 1071 903 1106 διεσκεδασμένους

106 1115 286 1148 καταλαϐεῖν,
296 1116 343 1142 καὶ
359 1116 472 1148 τούτους
492 1116 534 1152 [Ρ.
546 1116 610 1153 155]
623 1117 900 1152 κατατροπὼσασθαι,

107 1161 184 1196 ἔργῳ
213 1162 292 1188 τοῦτο
320 1163 467 1189 σπευσάτω
489 1162 645 1197 πληρῶσαι.
667 1164 699 1190 Et
731 1164 759 1190 δὲ
780 1164 824 1190 διά
840 1173 902 1192 τινα

108 1207 258 1243 σιράλματα
268 1209 316 1235 καὶ
331 1207 381 1240 τὰς
400 1208 605 1243 συμϐαινούσας
622 1209 795 1242 ἐναντιώσεις
815 1211 902 1246 ὲμπόὲ

106 1253 162 1280 διον
179 1254 404 1288 προπυπαντὴσει
418 1252 502 1288 αὐτῷ.
520 1253 560 1284 είς
574 1253 621 1280 τὸν
640 1254 712 1280 κατὰ
724 1254 771 1281 τοῦ
788 1255 900 1289 φωσσά-

106 1307 154 1325 του
182 1300 301 1335 πόλεμον
317 1300 590 1336 παρασκευασθήτω·
611 1300 659 1326 καὶ
684 1300 730 1326 τὸν
759 1301 851 1333 τόπον,
872 1301 901 1327 ὲν

106 1341 128 1379 ᾧ
139 1346 192 1377 τὰς
205 1345 308 1381 σκηνὰς
322 1346 468 1380 ἐπήξαντο,
484 1345 606 1381 ἀκρισῶς
617 1345 830 1380 διασκοπησάτω
840 1366 846 1378 ,
861 1348 898 1380 μή

107 1399 175 1418 ποτε
192 1391 314 1427 ποταμός
333 1392 415 1418 ἐστιν·
434 1391 583 1426 ἀσφάλειαν
605 1391 698 1422 αὐτοῖς
718 1390 899 1427 προξενῶν,ἢ

108 1437 190 1472 ῤ-ἆαξ.
206 1437 261 1464 Καὶ
278 1439 346 1473 πρὸς
365 1437 414 1470 τὴν
431 1437 506 1464 θέσιν
527 1436 574 1463 τοῦ
593 1437 677 1463 τόπου
692 1436 732 1463 δεῖ
753 1437 801 1463 καὶ
818 1437 900 1464 αὐτὸν

107 1483 382 1518 παρασκευασθῆναι,
401 1484 448 1510 καὶ
477 1482 579 1518 σπουδῇ
597 1482 681 1517 πολλῇ
708 1483 777 1517 πρὸς
805 1482 900 1509 ἑαυτὸν

106 1530 136 1556 τὺ
155 1524 270 1561 πεζικὸν
297 1529 467 1565 στράτευμα,
481 1529 504 1556 ει
531 1529 654 1563 δυνατὸν,
674 1529 899 1563 ἔπισυναγαγεῖν.

108 1576 318 1611 Προσδοκῶντος
329 1575 357 1602 δὲ
377 1575 424 1602 τοῦ
442 1575 597 1611 στρατηγοῦ
617 1576 667 1610 τὴν
682 1575 784 1602 τούτων
799 1575 900 1602 ἀποκε-

106 1608 185 1657 νησιν
201 1623 247 1648 καὶ
259 1623 288 1648 ὲν
301 1621 387 1657 ἑτέρῳ
406 1608 715 1657 ἁπλῆ-κτῳΠμετάδασιν,
732 1621 748 1657 ἢ
770 1621 852 1657 τυχὸν
866 1621 900 1648 δι’
915 1608 936 1637 C

106 1667 268 1702 αὐτομόλων
284 1666 363 1694 τοῦτο
389 1666 606 1702 πυνθανομένου,
623 1666 682 1692 δέον
699 1666 795 1698 ἱππεῖς
815 1671 901 1693 αποσ-

106 1713 193 1740 τεῖλαι
227 1713 325 1745 νυκτὸς
340 1733 348 1746 ,
369 1712 511 1748 ἀρχηγοὺς
535 1712 647 1748 ἔχοντας
674 1712 730 1739 τῶν
761 1713 900 1748 ἐμπείρων

107 1757 214 1793 ἀνδρῶν
226 1757 274 1785 καὶ
286 1757 447 1791 ἀξιολόγων,
467 1757 516 1784 καὶ
530 1757 578 1784 δύο
597 1757 784 1792 ὲγκρύμματα
810 1766 901 1794 παρα-

107 1804 240 1830 σκευάσαι
265 1802 342 1831 ἐνθεν
359 1803 488 1831 κάκεῖθεν
503 1802 554 1838 τῆς
569 1803 640 1836 ὀδοῦ,
651 1803 684 1830 δι’
698 1801 733 1839 ἦς
755 1804 900 1839 γενήσεται

106 1851 122 1884 ή
139 1849 194 1876 τῶν
220 1849 356 1885 πολεμίων
381 1849 524 1881 διόλευσις.
543 1850 588 1881 Ἐξ
602 1850 693 1876 αὐτῶν
713 1850 741 1876 δὲ
757 1850 812 1876 τῶν
831 1850 900 1876 ἀπο-

107 1895 260 1923 σταλέντων
285 1895 382 1923 ἑκατδν
402 1895 503 1931 ἄνδρας
529 1895 737 1931 ἐπιλεξάμενος,
753 1897 793 1927 εἰς
821 1895 899 1931 λόχον

106 1942 318 1977 καταστησάτω,
334 1942 422 1978 χωρία
445 1942 631 1977 φυλάττοντας
650 1942 686 1969 τὰ
713 1942 828 1977 πλησίον
848 1942 900 1977 τῆς

106 1989 226 2024 παρόδου
251 1989 304 2016 τῶν
332 1988 469 2024 πολεμίων
487 1989 657 2023 διακείμενα.
673 1988 728 2015 Καὶ
755 1988 838 2015 αὐτὸν
854 1989 900 2016 τὸν

107 2035 260 2071 στρατηγὸν
270 2035 323 2070 χρὴ
342 2035 371 2062 ὲν
389 2035 535 2070 ἐπιτηδείῳ
549 2035 624 2070 τόπῳ
646 2034 717 2070 μετὰ
741 2035 841 2066 παντὸς
852 2035 898 2061 τοῦ

105 2083 169 2110 λαοὖ
184 2082 268 2109 αὐτοῦ
284 2081 412 2109 ἵστασθαι
425 2082 628 2117 κεκρυμμένον,
647 2081 694 2108 καὶ
706 2082 739 2108 ἐκ
755 2081 900 2116 περιωπῆς

105 2130 249 2165 ἐφορῶντα
260 2129 310 2164 τὴν
321 2128 378 2156 τῶν
391 2128 529 2164 πολεμίων
543 2128 679 2159 διᾲὃασιν.
694 2129 725 2155 οι
744 2126 791 2155 οὖν
807 2129 899 2159 ἱππεῖς

104 2179 158 2205 τῶν
174 2177 325 2212 πολεμίων,
339 2177 364 2203 οί
379 2177 419 2208 εἰς
442 2176 621 2211 συλλογισμὸν
637 2175 739 2211 χρειῶν
757 2174 792 2202 τὰ
810 2175 899 2210 χωρία

104 2224 312 2260 διερευνώμενοι
331 2223 367 2250 τὰ
382 2223 495 2258 πλησίον
507 2222 614 2254 τούτοις
633 2222 897 2258 συμπαρακείμενα,

103 2271 184 2306 ἡνίκα
201 2271 230 2297 ὲν
251 2271 308 2301 τοῖς
323 2270 538 2304 φυλαττομένοις
550 2269 661 2304 χωρίοις
677 2268 830 2300 εἰσέλθωσι,
848 2269 896 2295 καὶ

104 2319 156 2344 τῶν
172 2318 265 2344 ῖππων
284 2316 437 2348 ἀποϐάντες
454 2316 503 2346 τὰς
517 2315 605 2345 οἰκίας
620 2314 819 2349 ἀναψηλαφῶσι
841 2314 896 2341 τῶν

103 2363 240 2400 χωριτῶν,
262 2363 323 2389 κατ’
335 2361 425 2390 αὐτῶν
442 2362 465 2378 ⁸⁸
478 2362 503 2389 οἱ
525 2363 566 2393 εις
586 2361 632 2388 τὸν
655 2361 734 2396 λόχον
756 2361 896 2396 ἱστάμενοι

103 2411 200 2437 tum
232 2410 325 2440 ἱππεῖς
355 2408 575 2444 ὁρμησάτωσαν,
604 2408 652 2435 καὶ
682 2407 762 2440 ὅσους
790 2407 897 2434 ἀνελεῖν

103 2455 265 2490 δυνηθῶσιν,
280 2455 335 2482 εἴτε
358 2454 511 2490 ζωγρῆσαι,
528 2454 686 2489 παραυτίκα
709 2454 779 2490 πρὸς
806 2454 897 2489 φυγὴν

103 2503 271 2538 ὁρμήσωσιν,
281 2501 481 2536 ὑποφεύγοντες
490 2501 540 2536 τὴν
550 2500 609 2528 ὁδὸν
617 2501 668 2536 τὴν
675 2501 832 2536 ἁναμεταξὺ
843 2501 898 2527 τῶν

103 2549 148 2575 δύο
170 2548 375 2584 ἑγκρυμμάτων
388 2547 579 2583 διερχομένην,
594 2547 772 2582 ίφελκόμενοί
787 2555 816 2573 τε
831 2548 896 2579 τοὺς

103 2596 251 2630 πολεμίους
278 2596 347 2630 πρδς
375 2595 477 2628 δίωξιν.
506 2594 745 2629 Καταδιωκὸμενοι
772 2594 800 2621 δὲ
835 2595 896 2626 ταῖς

104 2641 226 2678 ἐνέδραις
240 2642 402 2678 περιπεσεῖν
413 2642 477 2673 τοὺς
489 2641 635 2676 πολεμίους
641 2641 894 2677 παρασκευάσουσι.

103 2690 172 2717 τότε
196 2688 243 2717 οὖν
269 2689 473 2725 ὲξερχέσθωσαν
501 2689 535 2715 τὰ
560 2688 732 2723 ἑκατέρωθεν
761 2688 896 2723 ἱστάμενα

103 2735 360 2771 ἒγκρὺμματα,καὶ
386 2734 509 2770 σφοδρῶς
536 2735 585 2770 τὴν
611 2734 674 2760 κατ’
698 2733 790 2760 αὐτῶν
807 2733 896 2769 ὁρμὴν

104 2781 295 2816 ποιησάτωσαν
310 2782 358 2809 καὶ
378 2780 563 2813 πολλοὺςιτῶν
588 2780 727 2814 πολεμίων
741 2780 822 2815 ἔργον
840 2788 892 2815 μα-

730 181 936 213 νΕιιΤΑΤιο
950 182 1123 214 BELLICA.

913 2292 935 2320 D

1695 183 1749 214 954

919 240 939 270 Α
956 244 1005 274 per
1017 239 1201 270 triduum.vel
1212 239 1347 268 interdum
1361 240 1476 272 diutius,
1492 240 1588 269 itinere
1599 248 1652 268 una
1664 241 1748 276 facto,

957 294 972 313 a
993 293 1022 313 se
1046 285 1232 314 discedebant.
1247 286 1369 322 Equites,
1393 287 1525 315 ditionem
1552 293 1677 315 nostram
1702 288 1746 315 in-

956 332 1086 359 cursione
1108 331 1180 360 facta
1205 333 1372 367 populaturi,
1390 333 1496 369 aliquot
1517 333 1624 361 dierum
1648 334 1746 363 itinere

956 377 1227 412 praegrediebantur,
1259 378 1409 413 peditatum
1435 383 1509 406 retro
1540 380 1745 415 relinquentes:

955 423 1030 457 quod
1046 424 1200 458 opprimere
1225 423 1391 451 habitatores
1413 424 1536 451 vicorum
1557 432 1611 452 non
1628 432 1746 460 praemo-

956 469 1028 496 nitos
1062 470 1189 505 casisqne
1222 470 1386 498 inluerenles
1413 471 1604 505 properabant.
1635 471 1748 506 Impedi-

956 518 1049 541 menta
1061 518 1088 542 et
1104 516 1209 549 pedites
1223 523 1284 542 eum
1301 516 1360 543 suis
1377 516 1507 548 sarcinis,
1526 523 1540 542 a
1559 521 1635 551 tergo
1652 518 1748 545 subse-

954 566 1081 595 quentes,
1089 566 1232 596 postquam
1241 561 1327 589 saltus
1334 566 1416 596 atque
1423 563 1564 597 angustias
1571 564 1747 594 transierant.

954 605 1045 634 locum
1062 603 1191 634 idoneum
1208 608 1239 635 ad
1261 615 1322 636 sese
1343 607 1541 635 custodiendos
1568 608 1749 642 tutandosque

954 653 1116 687 conspicati,
1129 654 1156 680 in
1165 661 1197 681 eo
1208 654 1348 682 collocatis
1364 654 1547 681 tabernaculis
1559 653 1748 684 considebant,

955 700 1061 734 equites
1090 700 1240 735 praedatum
1261 707 1388 735 egressos
1419 701 1456 727 ibi
1485 700 1675 735 praestolantes
1696 704 1750 727 :ut

955 748 1122 773 revertentes
1135 745 1287 774 incolumes
1302 753 1350 780 per
1365 746 1423 773 loca
1449 746 1542 780 iniqua
1561 745 1749 774 traducerent.

954 791 984 819 Id
1003 792 1025 819 si
1049 799 1099 819 uso
1114 791 1197 824 venit.
1215 791 1282 824 dux,
1307 792 1472 820 excursione
1498 800 1594 820 eorum
1610 793 1747 825 nuntiata,

954 839 1142 873 speculatores
1155 840 1272 872 emittat,
1287 843 1314 867 ct
1331 839 1422 866 omnia
1438 840 1516 874 juxta
1532 839 1660 874 superius
1674 846 1744 874 praes

956 885 1088 919 scriptum
1107 884 1200 912 faciat.
1223 885 1261 912 Ac
1291 885 1316 913 si
1346 892 1430 920 parvo
1462 887 1570 920 negotio
1596 885 1746 920 praedatum

919 926 939 953 Β
951 937 1080 965 egressos
1101 931 1224 959 nancisci
1240 931 1391 966 dispersos,
1407 930 1575 965 fundereque
1598 930 1680 965 206
1697 936 1746 964 po-

954 982 1017 1010 test,
1040 985 1069 1004 re
1084 977 1196 1012 exsequi
1220 977 1245 1004 id
1262 978 1371 1012 quidem
1388 982 1523 1012 properet.
1539 976 1586 1004 Sin
1604 981 1693 1004 autem
1710 977 1749 1003 ob

952 1024 1104 1051 errationes
1121 1021 1259 1059 quasdam
1286 1023 1507 1058 olfcnsionesque
1531 1024 1747 1051 intervenientes

953 1069 1181 1104 impedimentum
1199 1070 1251 1104 ipsi
1269 1070 1394 1101 infertur,
1409 1070 1443 1098 ad
1457 1075 1547 1097 castra
1563 1070 1744 1105 oppugnanda

953 1122 984 1143 se
998 1121 1138 1151 comparet
1158 1125 1164 1143 :
1182 1116 1285 1149 locum,
1309 1116 1355 1144 ubi
1384 1116 1560 1144 tabernaculo
1583 1120 1747 1151 posuerunt,

950 1160 1097 1197 diligenter
1111 1162 1270 1197 perspiciat,
1285 1170 1320 1190 ne
1341 1161 1411 1190 forte
1431 1161 1531 1190 flumen
1556 1162 1747 1190 amniculusve

952 1208 1050 1240 subsit.
1069 1208 1225 1242 praesidium
1242 1208 1279 1235 illi
1296 1209 1430 1244 praebens.
1447 1209 1483 1236 Ita
1495 1209 1573 1243 juxta
1592 1209 1673 1236 situm
1691 1208 1745 1235 loci

949 1254 1087 1281 instruere
1103 1262 1132 1282 se
1149 1259 1267 1289 oportet.
1285 1263 1441 1290 magnaque
1464 1255 1605 1289 diligentia
1621 1255 1744 1282 adhibita

949 1301 1111 1335 peditatum,
1133 1300 1157 1328 si
1172 1301 1232 1329 fieri
1245 1306 1345 1336 potest,
1366 1309 1476 1337 cogere.
1492 1300 1640 1336 Suspicans
1653 1306 1744 1328 autem

948 1346 1004 1373 dux
1016 1346 1190 1375 discessuros
1199 1347 1292 1376 hostes
1306 1347 1332 1375 in
1341 1348 1451 1382 aliaque
1463 1351 1554 1375 castra
1567 1348 1744 1380 transituros,

950 1392 1008 1420 sive
1032 1400 1081 1427 per
1111 1393 1268 1428 transfugas
1298 1394 1416 1421 fortasse
1437 1394 1489 1421 hoc
1508 1392 1636 1426 eductus,
1666 1393 1746 1422 debet

950 1444 1033 1466 noctu
1044 1440 1150 1475 equites
1169 1441 1334 1474 praemittere
1352 1447 1414 1467 cum
1433 1440 1568 1475 prtefectis
1595 1439 1690 1475 peritis
1717 1443 1746 1467 et

950 1485 1084 1521 probatis,
1103 1486 1273 1522 insidiasque
1295 1494 1395 1522 parare
1421 1486 1500 1514 binas
1530 1487 1564 1514 ad
1594 1491 1744 1520 utrumque

950 1533 1022 1560 latus
1033 1534 1094 1566 viae,
1111 1541 1165 1567 qua
1181 1533 1273 1560 hostes
1295 1533 1436 1560 transituri
1457 1533 1523 1561 sint.
1546 1532 1585 1560 Ex
1601 1532 1655 1560 illis
1670 1539 1743 1568 prat-

954 1579 1046 1606 missis
1067 1579 1204 1614 equitibus
1219 1583 1329 1606 centum
1346 1579 1466 1607 delectos
1483 1579 1510 1606 in
1529 1579 1643 1606 latibulo
1657 1579 1744 1606 collo-

953 1629 1006 1657 cet,
1018 1625 1064 1660 qui
1080 1625 1156 1652 vicos
1169 1625 1314 1652 observent
1331 1624 1421 1652 itineri
1442 1625 1662 1652 adversariorum
1677 1625 1743 1653 sub-

948 1670 1082 1706 jacentes.
1102 1671 1250 1707 Ipsumque
1268 1672 1364 1699 ducem
1379 1675 1485 1706 oportet
1497 1672 1557 1699 loco
1570 1671 1666 1699 idoneo
1678 1679 1743 1699 cum

948 1716 1079 1744 omnibus
1102 1716 1189 1751 copiis
1211 1717 1238 1743 in
1266 1717 1373 1744 occulto
1395 1717 1557 1750 subsistere,
1584 1724 1599 1744 e
1631 1717 1743 1751 specula

950 1760 1043 1788 hostes
1060 1766 1235 1789 transeuntes
1252 1761 1457 1788 observantem.
1480 1761 1593 1797 Equites
1613 1762 1744 1789 adversa-

950 1807 1074 1840 riorum,
1121 1808 1168 1842 qui
1206 1807 1391 1834 frumentandi
1429 1815 1510 1836 causa
1554 1808 1631 1836 vicos
1681 1815 1745 1843 pro-

949 1853 1012 1888 pius
1028 1853 1097 1881 sitos
1112 1853 1288 1888 perlustrant,
1306 1854 1387 1881 simul
1403 1858 1485 1888 atque
1509 1855 1583 1881 vicos
1611 1854 1743 1882 obsessos

952 1898 1066 1934 ingressi
1081 1906 1113 1925 ex
1128 1899 1206 1934 equis
1215 1898 1418 1931 descenderint,
1426 1906 1560 1934 casasque
1571 1901 1741 1927 rusticorum

951 1944 1066 1972 scrutari
1081 1944 1245 1980 inceperint,
1261 1945 1368 1980 equites
1386 1951 1497 1973 centum
1516 1947 1542 1973 in
1565 1946 1674 1974 insidiis
1686 1947 1743 1975 col-

951 1991 1031 2018 locati
1049 1992 1257 2026 impressionem
1274 1992 1301 2019 in
1317 1992 1378 2019 illas
1392 1991 1558 2027 faciant,_et,
1581 1994 1638 2020 sive
1653 1993 1741 2021 inter-

949 2037 1029 2066 fectis
1043 2038 1101 2066 sive
1113 2039 1200 2073 captis
1216 2042 1353 2073 quotquot
1366 2043 1524 2073 potuerunt,
1537 2039 1658 2074 evestigo
1672 2039 1743 2074 fugae

950 2092 980 2112 se
994 2085 1124 2112 mandent
1137 2094 1143 2111 :
1160 2089 1326 2120 ruentesque
1338 2093 1386 2120 per
1401 2086 1472 2112 viam
1487 2086 1558 2112 inter
1572 2085 1650 2112 binas
1661 2085 1741 2121 207

951 2130 1066 2158 insidias
1083 2135 1272 2158 transeuntem
1292 2131 1386 2159 hostes
1401 2133 1434 2159 ad
1460 2132 1681 2167 persecutionem
1700 2137 1742 2158 at-

952 2177 1071 2205 trahant.
1090 2177 1129 2204 lta
1148 2178 1291 2213 peragitati
1311 2178 1440 2211 efﬁcient,
1465 2182 1494 2205 ut
1511 2177 1661 2205 adversarii
1676 2179 1742 2206 insi-

950 2224 1004 2252 diis
1019 2232 1049 2252 se
1062 2224 1187 2252 induant.
1209 2224 1287 2253 Tunc
1302 2232 1366 2253 vero
1383 2230 1563 2260 prorumpam
1577 2224 1623 2259 qui
1637 2224 1742 2251 utrobi-

950 2278 1003 2305 que
1017 2271 1173 2299 inlatibulis
1191 2271 1272 2299 locati
1286 2275 1360 2304 sunt,
1376 2276 1403 2298 et
1418 2270 1572 2298 vehementi
1593 2272 1695 2305 impetu
1714 2271 1741 2298 in

948 2326 996 2346 eos
1011 2317 1083 2346 facto
1102 2325 1228 2354 magnum
1245 2318 1366 2345 hostium
1383 2325 1527 2344 numerum
1542 2318 1640 2352 gladiis
1651 2319 1739 2346 confl-

947 2365 1032 2393 cient.
1055 2364 1117 2392 Haec
1135 2365 1181 2392 ubi
1205 2365 1261 2392 dux
1285 2365 1367 2397 videt,
1390 2365 1520 2392 continuo
1542 2365 1600 2400 ipse
1630 2371 1741 2400 quoque

947 2419 1010 2439 cum
1027 2411 1122 2446 majori
1135 2415 1210 2447 parte
1223 2411 1265 2438 sui
1284 2411 1402 2446 agminis
1425 2412 1562 2439 acerrimo
1583 2411 1694 2438 incursu
1713 2411 1739 2438 in

947 2459 1033 2486 aciem
1048 2459 1167 2486 hostium
1180 2465 1210 2486 sc
1225 2458 1319 2485 incitet
1332 2466 1338 2484 :
1358 2457 1478 2492 reliquos
1495 2464 1608 2484 suorum
1623 2457 1739 2484 militum

945 2505 1039 2540 jubeat
1054 2505 1081 2532 in
1093 2509 1167 2540 terga
1184 2504 1305 2531 hostium
1322 2504 1524 2531 circumvectos
1539 2510 1571 2529 eo
1590 2502 1668 2537 signa
1694 2502 1739 2529 in-

951 2550 1031 2577 ferre.
1046 2551 1086 2577 Ac
1104 2551 1155 2577 nisi
1176 2556 1351 2586 peccatorum
1373 2553 1530 2576 ttostrorum
1544 2555 1628 2575 causa
1646 2547 1737 2582 impr.-

950 2596 1101 2624 dnnentum
1116 2597 1228 2632 aliquod
1250 2595 1407 2629 intervenit,
1421 2594 1617 2629 expugnabunt
1635 2594 1738 2621 hostes.

950 2642 1065 2675 Tamen,
1084 2643 1107 2670 si
1133 2642 1324 2670 vehementius
1346 2642 1500 2676 pratliantes
1524 2640 1673 2667 adversarii
1689 2639 1740 2666 ob-

950 2689 1048 2716 sistere
1060 2693 1185 2723 possunt,
1199 2693 1226 2715 et
1237 2689 1333 2716 eodem
1350 2688 1409 2715 loco
1419 2685 1739 2723 consistentcsjumentis

950 2741 1033 2760 onera
1049 2733 1198 2767 deponunt,
1214 2733 1366 2768 eli'ectoque
1381 2732 1474 2760 multis
1490 2731 1607 2760 sarcinis
1623 2731 1737 2764 objectis

945 2781 1016 2808 vallo
1031 2781 1116 2808 aciem
1132 2781 1271 2809 instruere
1284 2784 1429 2814 conantur,
1443 2780 1470 2808 id
1483 2779 1594 2815 quidem
1610 2785 1737 2814 ntagnam

667 2846 698 2875 C.
717 2845 747 2875 Β.
765 2846 855 2875 HAS"
874 2847 1150 2876 ANNOTATIUNES.

139 2908 164 2927 δ·
180 2910 238 2938 κατ’
256 2908 354 2946 αὐτῶν]
372 2909 419 2936 καὶ
430 2908 526 2936 ταυτῦν
540 2908 618 2937 codd.
