1913 3068
198 175 253 207 955

829 170 1043 201 NICEPHOBI
1071 169 1204 201 PHOCAE
1771 170 1814 203 956

197 229 386 260 difficultatem
399 225 598 262 oppugnationi
614 225 720 254 aﬂeret.
737 224 791 253 Sed
805 225 985 252 nihilominus

1043 224 1138 260 χαίρεις
1147 225 1318 260 ποιήσονται.
1328 223 1383 250 Τοῦ
1398 222 1426 250 δὲ
1437 222 1588 258 στρατηγοῦ
1602 222 1691 254 ταῦτα
1701 224 1814 259 ὁρῶντος,

196 277 278 305 debet
294 275 348 302 dux
364 279 466 302 corona
485 271 555 300 facta
572 271 692 307 undique
706 270 783 305 signa
798 269 912 302 inferre,
927 273 954 297 et
964 270 987 297 si

197 329 252 357 qua
271 327 333 354 spes
349 323 401 350 est,
421 318 570 353 peditatum
589 316 692 344 itinere
705 315 829 344 celeriter
845 315 916 343 iacto
930 315 989 350 ipso

197 368 244 395 die
258 365 346 401 praelii
365 364 495 392 advenire
513 370 604 397 posse,
622 362 648 390 id
665 367 694 390 ut
712 362 758 390 llat
780 369 886 390 curare.
910 360 989 395 Quod

197 413 220 440 si
236 411 293 439 tieri
308 418 363 437 non
381 413 471 444 potest
489 414 600 444 propter
614 408 854 443 longinquitatem,
871 407 987 435 idoneos

199 463 232 484 ex
250 454 389 490 equitibus
401 453 567 481 descendere
580 453 614 480 de
630 454 708 487 equis
720 452 862 487 jubeat,et
876 452 990 487 pedibus

198 508 251 528 una
268 508 330 527 eum
350 499 473 534 equitatu
498 498 623 534 praalium
640 505 706 526 eum
722 497 889 526 adversariis
911 499 988 530 inire.

198 546 331 577 arcubus.
359 544 462 575 fundis,
490 544 588 577 hastis,
620 544 706 572 scutis
726 547 847 572 utentes.
878 546 991 579 Oportet

198 598 290 620 autem
305 592 401 619 ducem
417 595 445 618 et
461 590 584 618 sarcinas
601 598 677 623 suas,
703 595 731 618 et
749 590 953 625 itnpedimenta,
968 590 991 618 si

199 638 251 666 sub
266 645 349 665 manu
361 637 426 670 sint,
445 644 539 665 secum
557 636 703 668 adducere.
714 637 882 672 propiusque
897 637 991 665 hostes

199 683 356 717 considere,
374 687 404 711 ut
431 682 606 710 formidinem
634 682 686 710 illis
712 690 746 710 ac
773 683 990 717 desperationem

199 730 282 765 203
296 729 402 757 afferat.
419 729 499 764 Quod
517 729 540 757 si
549 736 583 756 eo
596 729 623 756 in
633 729 694 756 loco
706 729 866 763 aqtuenulla
878 729 992 756 omnino

200 775 316 803 facultas
326 779 377 807 est,
395 774 421 801 id
435 781 546 809 quoque
563 782 617 801 non
633 774 808 802 mediocriter
823 774 930 803 anitnos
943 781 991 802 eo-

199 828 260 848 rum
278 820 447 855 perturbabit
463 829 470 847 :
484 825 511 847 et
534 821 557 847 si
571 827 624 847 non
642 820 768 848 funditus
788 821 850 849 illos
864 820 944 852 delet,
964 824 992 848 at

1042 270 1201 305 παραυτίκα
1227 270 1274 297 καὶ
1291 269 1373 302 αὐτὸς
1395 268 1465 302 μετὰ
1480 269 1535 295 τῶν
1555 269 1688 296 πλειόνων
1708 269 1753 296 τοῦ
1774 271 1814 298 σὺν

1041 317 1117 353 αὐτῷ
1133 317 1198 344 λαοῦ
1220 317 1249 343 ὲν
1266 317 1409 352 ὁρμήματι
1422 315 1596 351 σφοδροτάτῳ
1609 316 1660 350 τὴν
1676 316 1814 352 προσεολὴε·

1038 364 1081 395 ,είς
1103 363 1154 399 τὴν
1179 362 1332 398 παράταξιν
1354 362 1407 389 τῶν
1431 361 1569 396 πολεμίων
1584 361 1710 387 ποιείτω·
1725 362 1814 393 τοὺςδέ

1041 419 1073 445 γε
1084 409 1246 441 ὑπολοίπους
1261 408 1309 436 τοῦ
1325 408 1390 436 λαοῦ
1408 407 1491 434 αὐτοῦ
1504 408 1573 434 κατὰ
1589 406 1676 433 νώτου
1689 407 1740 434 τῶν
1750 407 1815 434 πολε-

1043 456 1112 491 μίων
1126 455 1260 490 γενέσθαι,
1268 455 1315 481 καὶ
1323 453 1440 488 συνάψαι
1453 453 1571 488 πόλεμον
1580 452 1813 488 παρασκευασάτω.

1041 503 1096 532 Καὶ
1104 504 1128 530 εί
1139 503 1176 538 μή
1188 512 1214 529 τι
1227 501 1355 537 ἐμπόδιον
1367 500 1397 532 ἐξ
1405 501 1547 535 ἡμετέρων
1558 499 1702 535 ἁμαρτιῶν
1709 499 1814 533 γένηται,

1040 550 1094 577 τῶν
1123 548 1261 584 πολεμίων
1283 546 1525 584 ὑπερισχύσουσιν.
1545 546 1576 572 El
1600 545 1630 572 δέ
1658 553 1690 579 γε
1715 543 1814 580 ίσχυρῶς

1043 595 1193 632 μαχόμενοι
1203 595 1227 622 oi
1245 594 1370 629 πολόμιοι
1380 594 1517 628 ἀντισχεῖν
1535 592 1685 628 δυνηθῶσι,
1698 592 1743 619 καὶ
1758 591 1814 618 στῶ-

1043 650 1086 669 σιν
1096 642 1125 668 ιν
1141 640 1181 676 τῷ
1203 640 1279 676 αὐτῷ
1295 640 1370 676 τόπῳ
1396 639 1432 666 τὰ
1449 638 1593 674 ἀχθοφόρα
1608 638 1666 670 ζῶα
1685 637 1813 673 ἀποφορτί-

1043 696 1151 720 σαντες,
1178 687 1319 722 ἄπληκτον
1350 686 1432 720 δῆθεν
1457 685 1499 721 [Ρ.
1528 684 1594 721 lu]
1620 684 1767 719 ποιούμενοι
1790 684 1814 710 lx

1043 732 1146 767 πολλῆς
1162 732 1362 767 περιστάσεως,
1378 731 1425 758 καὶ
1445 730 1596 766 πειρῶνται
1612 730 1659 757 τοῦ
1681 730 1814 764 ἀντιπαρα-

1042 777 1186 810 τάξασθαι,
1202 777 1303 813 πολλὴν
1321 778 1353 803 ὲκ
1367 776 1464 803 τούτου
1481 776 1666 811 ὲφευρήσουσι
1683 774 1728 810 τὴν
1737 775 1814 810 δυσχέ-

1044 832 1131 860 ρειαν.
1148 823 1218 850 Ἀλλ’
1230 823 1304 858 ὅμως
1314 822 1366 858 χρὴ
1379 822 1427 848 καὶ
1441 821 1486 848 τὸν
1502 821 1659 857 στρατηγὸν
1672 820 1756 855 κύκλῳ
1767 819 1814 848 κατ’

199 871 273 894 certe
283 866 382 893 multos
394 873 488 894 eorum
502 866 624 901 captivos
639 865 729 899 faciet,
742 866 834 902 plures
844 867 927 894 etiam
938 871 989 894 tum

1045 869 1134 896 αὐτῶν
1150 870 1301 904 ὶπαγαγεῖν
1319 869 1365 896 τὸν
1387 869 1518 904 πόλεμον,
1531 868 1591 901 καὶ,
1606 868 1631 894 εί
1646 866 1759 901 δυνατδν,
1778 867 1814 893 καὶ

198 912 342 940 interﬁeiet
354 917 410 939 tum
419 912 563 945 sauciabit,
576 912 745 948 spiritusque
756 920 850 940 eorum
858 920 993 949 arrogan-

199 963 240 986 tes
253 959 374 994 franget;
386 963 417 986 ut
430 966 484 986 non
494 959 613 994 amplius
624 959 718 987 ausuri
735 959 791 987 sint
804 960 908 994 absque
919 965 992 988 metu

198 1005 226 1032 in
245 1013 329 1040 pagos
345 1005 532 1034 Romanorum
547 1005 721 1033 incursiones
736 1006 835 1034 facere.
853 1006 881 1035 Si
896 1012 990 1035 autem

199 1051 253 1080 dux
265 1051 411 1079 transitum
426 1059 523 1079 eorum
545 1059 561 1080 e
575 1051 676 1080 castris
691 1052 719 1079 in
737 1057 828 1080 castra
852 1053 907 1080 non
924 1061 993 1088 pra:-

198 1097 302 1130 scierit,
313 1097 371 1124 sive
386 1104 420 1125 ex
430 1095 562 1132 perfugis,
576 1101 606 1124 ut
618 1096 685 1129 dixi,
699 1097 756 1125 sive
765 1105 796 1125 ex
811 1098 947 1133 captivis;
964 1102 994 1126 ut

199 1147 282 1170 noctu
301 1143 458 1177 praemissas
477 1143 592 1171 insidias
610 1144 637 1170 in
663 1143 705 1170 via
722 1143 832 1171 illorum
856 1145 992 1173 collocare

198 1189 306 1224 possit:
323 1189 505 1216 nihilominus
523 1189 641 1216 interdiu
668 1189 802 1218 adversus
828 1191 920 1219 hostes
941 1191 993 1219 iter

198 1235 340 1269 ingressos
357 1235 447 1270 palam
475 1235 612 1262 instructo
626 1234 748 1262 exercitu
762 1235 886 1269 praelium
902 1235 991 1263 admi-

200 1281 315 1314 nistret;
330 1285 511 1316 praeterquam
533 1280 556 1307 si
572 1279 721 1307 admodum
743 1280 932 1316 infrequentes
956 1285 994 1309 te-

201 1333 324 1361 nuesque
350 1326 433 1353 habet
446 1326 550 1360 copias.
574 1325 653 1358 Nam,
678 1330 708 1353 ut
736 1326 810 1354 brevi
838 1328 992 1362 expediam,

199 1371 459 1406 impedimentorum
485 1372 638 1407 aggressio,
666 1372 731 1407 quia
755 1373 833 1407 pauci
858 1373 994 1401 duntaxat

197 1417 298 1446 armati
313 1419 418 1454 equites
427 1417 553 1452 praesidio
564 1417 618 1446 illis
634 1418 837 1452 relinquuntur,
850 1427 991 1454 nunquam

198 1463 376 1491 oll‘cnsionem
394 1463 634 1491 incommodumvc
646 1465 779 1491 exercitui
794 1469 890 1492 nostro
905 1465 966 1492 tulit
981 1475 988 1493 :

199 1509 247 1537 sed
264 1509 373 1544 quoties
389 1509 531 1536 dimicatio
545 1509 670 1537 confecta
687 1515 783 1538 contra
795 1510 840 1538 illa
852 1516 905 1543 est,
920 1519 993 1539 sem-

198 1562 247 1590 per
257 1556 395 1583 cxercitus
403 1554 545 1583 Romanus
554 1556 645 1584 hostes
654 1556 720 1584 beur
729 1556 828 1584 multos
838 1564 900 1584 cttm
912 1558 993 1592 cepit,

200 1605 256 1627 tum
270 1600 427 1634 interfecit;
444 1601 569 1636 iumenta
581 1604 608 1628 et
624 1601 711 1628 mulas
726 1607 840 1630 onustas
853 1610 907 1630 non
923 1610 992 1631 unas

199 1647 229 1674 in
247 1652 411 1682 potestatem
427 1648 540 1682 redegit.
558 1647 637 1681 Quod
654 1648 676 1675 si
697 1653 826 1683 praeterea
844 1649 992 1684 peditatus,

198 1698 322 1721 armatus
336 1694 381 1721 ille
392 1694 501 1728 quidem
521 1698 547 1721 et
564 1695 730 1722 exercitatus
750 1695 784 1722 ad
801 1696 990 1730 prreliandum,

199 1739 245 1767 die
255 1740 438 1767 dimicationis
451 1744 549 1774 prtesto
573 1748 633 1768 esse
642 1745 742 1776 potest,
756 1742 782 1769 in
800 1742 986 1776 adversarios,

199 1793 301 1815 corona
321 1786 442 1821 undique
470 1787 589 1819 cinctos,
618 1787 852 1822 impugnationem
873 1789 926 1817 dux
944 1797 992 1824 pro

197 1839 250 1864 suo
264 1831 353 1859 oillcio
368 1831 495 1864 instruat,
513 1839 618 1868 eosque
641 1840 755 1867 prorsus
775 1834 808 1861 ad
826 1834 993 1863 internecio-

200 1885 261 1904 nem
274 1877 390 1913 rcdigat.
401 1877 475 1906 Talia
484 1878 556 1906 enim
575 1887 637 1907 cum
649 1880 783 1908 adversus
796 1881 992 1915 impedimenta

200 1923 332 1955 hostium,
340 1928 396 1951 tum
406 1924 486 1951 etiam
497 1924 629 1952 adversus
637 1929 728 1952 nostra
737 1925 791 1954 illis
800 1926 992 1962 ingruentibus

199 1970 334 2002 evenisse,
351 1970 433 2005 209
447 1978 501 1997 non
516 1970 635 1999 vidimus
652 1971 746 2004 modo,
762 1966 857 2000 verum
874 1973 991 2008 legimus

200 2015 282 2043 etiam
302 2017 374 2051 apud
400 2017 559 2052 scriptores,
577 2021 604 2045 et
619 2025 633 2044 a
652 2018 804 2053 majoribus
835 2019 990 2047 didicimus.

198 2061 316 2097 ideoque
330 2070 429 2098 magno
441 2063 503 2091 usui
518 2069 560 2091 est
575 2064 837 2100 impedimentorum
853 2073 993 2102 oppugna-

200 2108 247 2142 tin,
275 2108 347 2143 quod
375 2108 571 2137 detrimentum
597 2110 840 2139 incontmodumve
878 2112 992 2141 Omnino

1046 914 1159 948 πεζικὸν
1176 915 1241 942 λαδν
1258 916 1291 949 τῇ
1305 915 1374 950 αὐτῇ
1381 914 1428 941 τοῦ
1438 913 1558 949 πολέμου
1569 913 1664 949 ἡμέρᾳ
1673 912 1814 939 καταλαϐεῖν

1044 962 1121 997 τάχει
1134 956 1225 996 πολλῷ
1242 960 1459 996 παραγενέσθαι,
1474 960 1554 986 τοῦτο
1566 958 1777 994 παρασκευάσαι.
1787 957 1812 984 Εἰ

1043 1008 1071 1035 δὲ
1083 1007 1160 1034 τοῦτο
1177 1007 1308 1035 ἀδύνατόν
1324 1008 1393 1040 ἐστι,
1408 1007 1453 1033 διὰ
1462 1006 1493 1033 τὸ
1503 1007 1601 1042 πόρρω
1613 1005 1719 1036 τούτους
1729 1003 1813 1039 τυγχά-

1043 1062 1109 1086 νειν,
1142 1054 1206 1085 τοὺς
1230 1054 1421 1089 προσήκοντας
1447 1053 1502 1079 τῶν
1527 1052 1636 1078 ἱππέων
1661 1051 1714 1078 τῶν
1740 1051 1814 1076 intum

1044 1100 1180 1135 ἀποϐῆναι
1205 1099 1362 1134 διορισάτω,
1374 1100 1422 1126 καὶ
1440 1099 1509 1133 πεζῇ
1526 1099 1584 1130 τοῖς
1605 1096 1738 1132 πολεμίοις
1758 1096 1813 1131 μετὰ

1043 1147 1097 1174 τῶν
1115 1145 1236 1172 ἱπποτῶν
1262 1144 1409 1180 μάχεσθαι,
1422 1143 1511 1176 τόξοις
1533 1143 1581 1170 καὶ
1611 1143 1759 1178 σφενδόναις
1775 1141 1812 1168 χαὶ

1044 1193 1137 1229 δόρασι
1155 1193 1204 1219 σὺν
1214 1192 1311 1220 ἀσπίσι
1323 1192 1493 1227 χρωμένους.
1507 1191 1553 1217 Δεῖ
1564 1187 1614 1217 οὖν
1624 1189 1668 1216 τὸν
1684 1187 1813 1224 στρατηγὸν

1044 1239 1093 1266 καὶ
1107 1239 1155 1274 τὴν
1163 1238 1246 1266 αὐτοῦ
1264 1237 1421 1272 ἀποσκευὴν
1437 1237 1564 1272 ἀγαγεῖν,
1575 1236 1626 1263 καὶ
1639 1235 1670 1262 τδ
1681 1234 1784 1266 τοῦλδον,
1793 1234 1812 1259 εί

1043 1294 1075 1320 γε
1090 1284 1204 1319 πλησίον
1227 1283 1369 1319 τυγχάνει,
1389 1283 1436 1310 καὶ
1466 1282 1604 1316 σύνεγγυς
1623 1281 1676 1308 τῶν
1699 1279 1814 1314 πολεμίαν]

1044 1331 1228 1366 άπληκεῦσαι,
1245 1331 1284 1362 εἰς
1300 1329 1432 1364 ἔκπληξιν
1446 1329 1537 1356 αὐτῶν
1552 1329 1614 1363 καὶ,
1626 1327 1778 1362 ἀπόγνωσιν.
1790 1325 1812 1351 Εἰ

1043 1378 1071 1404 δὲ
1088 1378 1117 1403 ἐν
1128 1376 1204 1412 αὐτῷ
1218 1376 1258 1412 τῷ
1269 1375 1343 1410 τόπῳ
1360 1375 1433 1410 ὓδωρ
1455 1375 1625 1410 τοπαράπαν
1639 1374 1689 1400 οὐκ
1704 1369 1813 1415 ἐστι,ιαὶ

1043 1422 1122 1450 τοῦτο
1148 1422 1250 1457 πολλὴν
1278 1421 1399 1456 ἀθυμίαν
1426 1420 1518 1451 αὐτοῖς
1543 1417 1775 1456 προξενήσειακαὶ
1793 1416 1812 1442 εί

1044 1469 1082 1505 μὴ
1090 1469 1190 1500 τελέως
1202 1469 1314 1499 τούτους
1327 1467 1561 1502 καταγωνίσηται,
1579 1466 1640 1493 ἀλλ’
1654 1463 1698 1492 οὖν
1713 1461 1808 1492 πολλούς

1047 1523 1079 1549 γε
1090 1515 1113 1531 ⁸³
1128 1514 1231 1542 τούτων
1253 1514 1458 1549 ἀνδραποδίσει,
1476 1513 1624 1545 πλείστους
1640 1512 1668 1538 δὲ
1692 1511 1734 1538 καὶ
1748 1509 1813 1535 θανα-

1045 1560 1138 1593 τώσει,
1156 1561 1204 1587 καὶ
1220 1559 1393 1595 τραυματίας
1415 1559 1573 1594 ἐργάσεται,
1595 1557 1685 1586 καὶτὸ
1709 1555 1813 1586 ἀλαζονι-

1045 1607 1093 1634 κὴν
1106 1607 1198 1634 αὐτῶν
1208 1606 1357 1634 καταῦαλεῖ
1373 1605 1513 1641 φρόνημα·
1535 1604 1608 1632 ὥστε
1625 1605 1662 1640 μὴ
1676 1603 1754 1634 ἀδεῶς
1775 1608 1813 1628 κα-

1045 1653 1181 1688 τατολμᾷν
1197 1653 1266 1680 κατὰ
1281 1652 1336 1679 τῶν
1357 1651 1520 1686 Ῥωμαϊκῶν
1533 1651 1644 1687 χωρίων
1657 1650 1705 1681 τὰς
1721 1648 1814 1683 ἐφόδους

1045 1699 1193 1726 ποιεῖσθαι.
1210 1699 1241 1726 El
1255 1698 1284 1725 δὲ
1308 1698 1346 1735 μὴ
1366 1699 1499 1734 πρότερον
1524 1698 1538 1724 ό
1562 1696 1713 1733 στρατηγὸς
1728 1693 1812 1728 ἐπιγνῷ

1044 1745 1095 1780 τὴν
1112 1745 1166 1772 άπὸ
1188 1745 1235 1772 τοῦ
1252 1744 1395 1780 άπλήκτου
1421 1744 1513 1771 αὐτῶν
1533 1745 1564 1771 ὲν
1586 1744 1675 1779 ἑτέρῳ
1703 1742 1814 1776 ἀπλήκτῳ

1045 1791 1207 1827 μετάϐασιν,
1223 1791 1252 1827 ἢ,
1265 1791 1304 1823 ὡς
1319 1791 1399 1825 ἔφην,
1407 1791 1442 1818 δι’
1459 1791 1633 1826 αὐτομόλων,
1646 1789 1716 1826 sats
1726 1789 1816 1822 δεσμω-

1043 1839 1098 1865 τῶν
1107 1845 1114 1853 ·
1134 1838 1209 1870 ὅπως
1225 1839 1255 1866 ὲν
1269 1839 1346 1866 νυκτὶ
1359 1838 1524 1870 ἀποστείλας
1540 1837 1738 1872 παρασκευάσῃ
1752 1836 1776 1861 lv
1788 1833 1813 1868 τῇ

1044 1885 1153 1920 παρόδῳ
1171 1885 1261 1911 αὐτῶν
1287 1884 1322 1911 τὰ
1339 1884 1541 1920 ὲγιρύμματα·
1554 1883 1604 1910 καὶ
1620 1884 1650 1910 ὲν
1663 1883 1748 1918 ἡμέρᾳ
1758 1881 1813 1909 ὁδοι-

1043 1930 1200 1965 πορούντων
1224 1929 1280 1956 τῶν
1306 1929 1446 1965 πολεμίων
1473 1929 1601 1964 φανερῶς
1625 1925 1814 1964 παρασκευασά-

1045 1985 1124 2012 μενος
1139 1976 1186 2002 τὸν
1218 1976 1277 2003 κατ’
1303 1976 1395 2004 αὐτῶν
1418 1975 1546 2010 διάθηται
1562 1975 1681 2010 πόλεμον
1696 1981 1702 1988 ·
1714 1973 1738 1999 εί
1752 1979 1779 2005 γε
1789 1969 1812 1996 οὗ

1043 2022 1132 2057 πάντη
1148 2021 1286 2056 ὀλιγοστὸν
1310 2021 1358 2048 καὶ
1386 2020 1571 2056 εὐαρίθμητον
1587 2021 1716 2055 κέκτηται
1744 2017 1813 2052 στρά-

1042 2076 1144 2102 τευμαο
1164 2066 1194 2093 '0
1219 2067 1274 2101 γὰρ
1305 2066 1379 2093 κατὰ
1402 2067 1432 2093 τὸ
1456 2066 1566 2095 τοῦλδον
1590 2066 1680 2098 αὐτῶν
1705 2063 1812 2096 πόλεμος,

1044 2115 1195 2149 συντόμως,
1207 2113 1335 2140 οὐδέποτε
1351 2112 1510 2139 ἐναντίωσιν
1539 2112 1556 2148 ἢ
1584 2112 1686 2147 βλάϐην
1704 2110 1740 2144 τῷ
1756 2110 1812 2143 ἠμε-

195 2155 316 2188 ,ιιιιιιυιιῃ
326 2154 468 2182 victoriam
477 2160 569 2183 autem
581 2157 752 2192 gloriamque
760 2159 882 2192 apprime
892 2158 989 2186 all‘erre

1043 2160 1115 2195 τέρῳ
1131 2159 1239 2194 στρατῷ
1259 2158 1456 2194 προύξένησεν,
1477 2158 1585 2192 ὀλίγους
1609 2158 1670 2193 ἔχον
1696 2154 1813 2193 μαχίμους

199 2204 298 2234 potest.
328 2200 397 2228 Nam
427 2202 566 2229 exercitus
604 2201 747 2230 Romanus
780 2211 811 2230 ea
848 2204 992 2237 invadens,

199 2245 305 2273 etiamsi
319 2254 376 2273 rem
401 2254 455 2274 non
474 2243 590 2281 obtinet,
608 2253 636 2275 at
652 2253 726 2276 certe
741 2249 834 2276 damni
861 2249 929 2276 nihil
952 2255 994 2278 est

199 2291 336 2319 tacturus.
354 2291 419 2319 Item
432 2292 466 2324 si,
477 2301 532 2328 quo
547 2293 608 2322 loco
619 2294 675 2329 jam
690 2295 874 2323 censederuut
889 2295 991 2329 hostes,

198 2346 232 2365 co
249 2346 279 2366 se
295 2339 446 2371 continent,
470 2347 559 2375 neque
579 2340 614 2367 ob
637 2342 697 2376 ejus
712 2341 912 2369 munimentum
927 2342 992 2375 inde

198 2383 397 2417 digrediuntur,
416 2384 638 2420 praedatorcsque
653 2391 824 2421 exspectant,
849 2387 989 2415 nihilomi-

199 2437 252 2457 nus
268 2428 348 2456 debet
368 2429 421 2456 dux
447 2430 525 2465 signa
553 2430 654 2458 inferre
675 2439 731 2458 :ne
761 2437 906 2460 cunctante
932 2433 988 2466 illo,

199 2475 264 2501 dum
291 2475 429 2509 peditatus
454 2480 649 2511 congregatur,
676 2476 716 2504 vel
742 2477 778 2505 ob
804 2477 886 2506 aliam
908 2486 989 2513 quam

198 2529 321 2555 causam,
335 2521 405 2549 inter
421 2522 480 2549 hac
491 2522 582 2549 omnis
596 2530 695 2549 manus
716 2522 879 2557 praedatoria
897 2531 991 2551 recur-

199 2573 251 2599 rat,
267 2572 409 2602 totumque
429 2568 463 2595 de
486 2568 689 2603 impugnatione
715 2570 862 2597 consilium
883 2571 990 2598 irritum

200 2613 292 2640 l'aciat.
312 2613 358 2641 Sic
375 2619 465 2641 autem
495 2614 576 2642 debet
605 2615 659 2642 dux
687 2623 734 2643 eos
758 2616 880 2651 aggredi.
909 2615 989 2644 Vicos

199 2659 371 2695 propinquos
389 2660 487 2688 castris
508 2661 627 2688 hostium
654 2661 828 2696 snbjacentes
842 2659 891 2698 per
904 2670 990 2689 excu-

199 2705 301 2732 bitores
313 2706 443 2734 dimissos
460 2707 582 2742 exploret
599 2717 605 2735 ε
626 2708 661 2735 ibi
676 2708 782 2743 equites
797 2708 916 2736 delectos
926 2716 989 2736 cum

200 2753 365 2787 peritissimo
379 2761 410 2781 ac
425 2753 488 2782 forti
501 2755 631 2789 praefecto
644 2755 703 2782 loco
715 2761 870 2791 opportuno
884 2755 979 2783 occul-

1041 2206 1138 2239 ηιππεῖς
1156 2206 1196 2236 είς
1219 2205 1345 2241 φυλακὴν
1370 2205 1470 2232 ἑαυτοῦ
1484 2213 1491 2219 ·
1520 2204 1578 2232 ἀλλ’
1592 2204 1690 2240 ¹ὁσάκις
1708 2202 1737 2230 ἂν
1765 2197 1813 2226 κατ’

1043 2252 1132 2279 αὐτῶν
1160 2251 1184 2268 ⁸⁸
1215 2252 1339 2287 συνήφθη
1365 2252 1496 2287 πόλεμος,
1513 2251 1627 2283 πολλοὺς
1642 2249 1727 2278 αὐτῶν
1743 2249 1755 2274 ὁ
1770 2244 1814 2272 τῶν

1049 2297 1191 2332 Ῥωμαίων
1209 2299 1324 2333 στρατὸς
1347 2299 1396 2325 καὶ
1420 2298 1642 2334 ἠνδραποδίσατο
1659 2297 1704 2323 καὶ
1723 2292 1813 2321 ἀνεῖλε”

1041 2344 1089 2371 καὶ
1106 2344 1192 2371 πολλὰ
1204 2344 1259 2371 τῶν
1280 2343 1437 2378 ὑποζυγίων
1454 2345 1502 2370 καὶ
1527 2344 1647 2379 ἡμιόνων
1671 2341 1754 2369 αὐτῶν
1772 2346 1813 2364 πε-

1045 2390 1217 2426 φορτισμένα
1233 2390 1407 2417 ἁνελάὸοντο.
1423 2391 1454 2417 Εἰ
1469 2390 1498 2417 δὲ
1514 2390 1562 2417 καὶ
1577 2390 1607 2416 τὸ
1623 2388 1729 2420 πεζικὸν
1744 2383 1813 2419 στρά-

1043 2444 1133 2471 τευμα
1145 2437 1173 2463 ὲν
1182 2436 1275 2472 ἡμέρᾳ
1287 2437 1406 2471 πολέμου
1422 2436 1502 2472 τύχῃ,
1512 2437 1542 2464 τὸ
1554 2435 1723 2471 ὡπλισμένον
1733 2432 1812 2466 δηλον-

1044 2481 1085 2508 ότι
1113 2481 1160 2507 καὶ
1181 2481 1250 2515 πρὸς
1264 2481 1398 2516 πολέμους
1413 2481 1648 2516 γεγυμνασμένον,
1663 2479 1751 2513 κύκλῳ
1761 2474 1812 2503 κατ’

1045 2524 1133 2551 αὐτῶν
1149 2524 1339 2560 στρατηγικῶς
1358 2525 1558 2562 παρασκευάσῃ
1573 2527 1619 2553 τὸν
1643 2524 1761 2559 πόλεμον,
1773 2519 1811 2547 καὶ

1045 2570 1140 2606 τελείῳ
1154 2571 1418 2607 τούτουςάιρανισμῷ
1429 2572 1553 2608 παραδῷ.
1564 2571 1680 2599 Τοιαῦτα
1692 2570 1740 2605 γὰρ
1747 2565 1809 2602 γενέ-

1044 2617 1105 2644 σθαι
1119 2619 1148 2644 ἐν
1163 2617 1200 2652 τῷ
1217 2617 1318 2653 τούλδῳ
1334 2618 1388 2645 τῶν
1406 2618 1555 2655 πολεμίων,
1574 2618 1641 2646 ἀλλὰ
1653 2617 1698 2645 καὶ
1708 2611 1812 2650 παράὗ’

1043 2664 1132 2690 τῶνὲν
1144 2664 1180 2699 τῷ
1192 2665 1328 2700 ἡμετέρῳ,
1338 2665 1384 2691 καὶ
1396 2664 1579 2700 ἐθεασάμεθα,
1589 2665 1636 2692 καὶ
1645 2665 1672 2691 ὲν
1684 2659 1810 2695 ἱστορικοῖς

1044 2709 1212 2744 ἀνέγνωμεν,
1223 2711 1269 2736 καὶ
1279 2710 1414 2744 παρὰτῶν
1425 2711 1608 2745 ἀρχαιοτέρων
1620 2707 1808 2744 μεμαθήκαμεν-

1044 2756 1094 2782 Διὰ
1105 2756 1191 2782 ταῦτα
1217 2757 1266 2792 μὲν
1294 2754 1340 2783 οὖν
1360 2756 1497 2792 ὠφέλιμος
1512 2758 1526 2784 ό
1552 2756 1623 2784 κατὰ
1645 2754 1691 2782 τοῦ
1715 2749 1808 2778 τούλόου

801 2834 832 2861 C.
850 2834 880 2862 Β.
897 2834 941 2862 llA
947 2833 989 2862 δη
1002 2833 1278 2863 ANNOTATIONES.

240 2890 262 2907 ⁸⁸
279 2889 324 2925 γε]
341 2891 389 2917 καὶ
404 2891 464 2918 cod.
504 2891 526 2907 “
545 2891 645 2927 αὐτῶν]
665 2892 741 2920 Fort.
760 2894 834 2921 αὑτό.
