1913 3068
107 90 160 122 961

721 88 928 119 VELITATIO
938 85 1107 119 BELLI'CA.

1679 93 1733 124 962

107 143 186 172 ΚΕΦ.
205 141 256 170 ΙΔ’.
273 141 341 182 Περὶ
357 140 416 182 ςοῆ
429 141 517 182 ἔνθεν
526 141 664 182 κάκεῖθεν)
673 141 815 169 ἵστασθαι
827 141 897 175 τούς

951 142 1014 170 Car.
1030 141 1076 170 XI.
1094 141 1128 170 In
1142 143 1274 182 angustiis
1291 145 1438 177 peditatum
1459 145 1495 173 ad
1510 150 1648 182 atrumque
1663 149 1734 176 Ιαιιιι

282 176 389 209 πεζοὺς
403 177 439 203 ἐν
449 177 514 209 ταῖς
528 176 721 211 δυσχωρίαις.

143 235 203 271 Χρὴ
220 234 266 261 τὸν
280 233 437 269 στρατηγὸν
461 232 509 260 καὶ
524 232 613 265 ἄλλως
624 233 812 267 ἀγωνίσασθαι
833 233 896 264 τοὺς

107 281 256 316 πολεμίους
271 278 474 315 τροπώσασθαι,
487 279 510 305 εἰ
526 278 574 305 καὶ
595 279 684 313 ὀλίγος
696 278 770 305 its-civ
797 279 810 304 ὁ
832 279 897 314 περὶ

107 327 191 356 αὑτὸν
217 327 292 358 λαός.
309 326 398 352 Τόπον
420 326 659 360 κατασκοπησάτω
673 326 826 361 ἐπιτήδειον
849 326 897 353 καὶ

106 373 292 411 ὀχυρώτατον,
310 372 327 408 ἡ
341 381 368 399 τι
385 372 576 407 παραπλήσιον
591 372 710 407 κὰστρον
724 380 731 387 ·
746 372 784 404 ὡς
805 372 894 398 ἑπιδέ-

107 420 205 455 χεσθαι
229 418 280 454 τὴν
306 417 353 446 τοῦ
385 417 485 453 ὀχυροῦ
509 417 593 444 τόπου
609 418 684 445 Θέσιν
704 419 773 453 μετὰ
805 418 896 449 πεζῶν

107 465 279 501 κρατεῖσθαι,
292 464 339 491 καὶ
356 463 433 490 ἔνθεν
446 463 574 490 κάκεῖθεν
600 463 650 498 τῆς
668 464 731 490 ὀδοῦ
746 464 786 496 εἰς
802 464 896 499 λόχους

106 511 138 538 τὸ
153 510 265 542 πεζικὸν
279 509 472 544 ἀποκρύπτειν
487 509 655 545 στράτευμα.
672 510 726 536 Τοῦ
739 510 768 536 δὲ
783 509 896 542 πεζικοῦ

106 556 222 584 ὄπισθεν
249 557 263 583 ὁ
294 554 448 591 στρατηγὸς
466 554 600 589 σύνεγγυς
624 555 692 590 μετὰ
713 555 761 582 τοῦ
782 555 895 582 ίππικοῖι

107 602 316 638 στρατεύματος
341 602 449 637 στήτω,
478 601 548 628 πάνυ
575 601 630 628 τῶν
653 602 743 634 πεζῶν
771 602 894 636 ἔγγιστα.

108 648 203 682 Ἐχειν
217 655 246 673 τε
258 647 306 673 καὶ
318 646 349 672 τὸ
362 645 474 672 ιππικὺν
490 645 641 680 ἔγκρυμμα
656 646 703 672 καὶ
714 644 813 677 πεζοὺς
828 645 897 680 πληο

108 692 165 719 τίον
181 691 275 724 αὑτοῦ,
301 691 350 718 καὶ¹
377 691 470 725 σχεδὸν
485 690 682 726 συνηνωμένως
707 691 778 717 κατὰ
793 691 823 717 τὸ
837 690 898 717 ὄπι-

108 738 172 764 σθεν
193 738 274 772 μέρος
292 737 422 764 ἱστάσθω.
440 737 690 771 Ἀποσταλήτωσαν
705 737 728 752 ⁸⁷
750 736 777 762 δὲ
795 736 842 763 καὶ
857 737 897 768 είς

107 784 155 817 τὴν
164 783 277 818 ἐνέδραν
292 783 368 818 παρὰ
382 782 429 809 τοῦ
448 781 604 817 στρατηγοῦ
629 781 726 817 ἄνδρες
747 782 895 815 ἐπίλεκτοι,

105 813 154 855 καὶ
171 813 271 860 antu;
286 813 406 864 τραχεῖς,
423 829 446 845 ⁸⁸
469 813 524 864 (i9)
546 813 671 863 ἱχοντες,
681 813 748 866 ’ἄχρι
763 828 816 855 τῶν
832 813 896 854 tam;
909 813 934 843 Β

105 874 163 907 τὸν,
175 875 296 909 ἀρχηγὸν
311 874 418 909 ἔχοντες
433 875 557 909 ἀνδρεῖον
568 875 615 901 καὶ
628 875 836 909 ἐμπειρότατον,
849 874 897 900 καὶ

105 921 275 955 γινώσκοντα
290 921 388 956 χωρίον
401 921 564 956 ἐπιτήδειον,
581 923 610 948 ὲν
623 918 645 955 ᾧ
669 921 760 956 κρύψῃ
774 921 820 947 τὸν
831 920 896 948 ἴδιον

105 966 180 993 λαόν.
197 966 303 998 Νυκτὸς
320 966 348 992 δὲ
363 967 407 993 τὸν
423 966 543 993 τοιοῦτον
558 967 640 993 τόπον
652 966 895 1001 καταλαμόανέτω,

106 1012 152 1038 καὶ
160 1011 253 1044 καλῶς
268 1012 366 1044 αὐτοὺς
383 1012 582 1047 ἀποκρυψάτω.
606 1012 702 1040 Ἦνίκα
711 1013 739 1039 ὁὶ
752 1012 895 1048 διαυγάσῃ,

105 1059 145 1090 είς
161 1058 307 1094 περιωπὴν
330 1058 450 1085 ἀνελθὼν
474 1058 598 1093 βλεπέτω
622 1059 657 1091 ι’,
677 1059 731 1085 τῶν
759 1058 897 1092 πολεμίων

106 1103 343 1139 περιπατούντων,
358 1103 406 1138 τὴν
413 1103 517 1130 τούτων
528 1103 714 1140 διάσασιν.[Ρ.
725 1103 789 1140 138]
811 1104 897 1139 Ὀρῶν

105 1148 133 1176 EE
147 1150 212 1180 τοὺς
224 1149 263 1180 είς
278 1148 353 1175 λείαν
372 1149 552 1184 ὲκτρέχοντας
568 1150 616 1175 καί
631 1150 665 1176 τὰ
689 1150 777 1184 χωρία
791 1150 898 1185 διερευ-

105 1194 222 1227 νῶντας,
249 1194 317 1230 πρὸς
328 1195 360 1221 τὸ
374 1195 588 1229 ἐπισυναγαγεῖν
603 1195 712 1230 λάφυρά
723 1204 752 1221 τε
768 1196 814 1222 καὶ
829 1195 898 1232 χρή-

107 1249 194 1273 ματα,
205 1240 254 1267 καὶ
267 1240 328 1266 εἴτι
340 1240 434 1275 ἕτερον
449 1241 576 1276 ὲφευρείν
596 1241 740 1275 δυνηθῶσι,
760 1250 897 1277 καρτερη-

107 1286 182 1313 σάτω
197 1286 248 1317 ἓως
263 1286 296 1313 ἂν
310 1286 441 1322 θεάσηται
451 1287 550 1318 αὐτοὺς
563 1287 618 1313 τῶν
633 1287 725 1314 ἵππων
739 1288 899 1315 ἀποϐαίνον-

107 1339 165 1362 τας,
181 1332 228 1357 καὶ
237 1331 298 1363 τοὺς
311 1331 411 1363 ἵππους
425 1331 448 1348 ⁵⁸
463 1332 516 1359 τῶν
527 1331 635 1367 χωρίων
651 1333 897 1368 ὰνερευνωμένους.

107 1376 174 1403 Τότε
189 1377 244 1404 τῶν
258 1378 322 1412 μετ’
337 1377 427 1411 Δαὐτοῦ
463 1379 571 1405 ἱππέων
598 1379 653 1405 είτε
677 1380 863 1414 ἐσδομήκοντα
881 1380 897 1415 ἢ

108 1422 253 1458 ἑξήκοντα,
268 1423 378 1456 πλείους
397 1424 518 1459 δηλονότι
546 1424 609 1456 τοὺς
623 1425 740 1456 οἰκείους
751 1425 805 1451 τῶν
819 1425 899 1452 πολι-

1195 179 1243 206 via:
1262 184 1333 207 stare
1354 186 1482 215 oportere.

984 232 1067 260 Debet
1092 231 1146 260 alio
1174 240 1284 268 quoque
1303 235 1384 262 modo
1406 243 1517 271 operam
1537 237 1605 266 dare
1621 238 1676 266 dux
1704 244 1734 267 ut

946 278 1039 306 hostes
1056 277 1164 309 fundat,
1177 278 1199 305 si
1212 279 1317 313 exiguae
1333 280 1405 307 circa
1425 289 1454 308 se
1469 282 1554 316 copiae
1566 288 1640 310 sunt.
1655 283 1734 312 luve-

948 325 1030 359 sliget
1049 324 1138 352 locum
1154 324 1283 351 idoneum
1299 329 1325 351 et
1337 327 1565 359 munitissimum,
1582 330 1622 356 vel
1635 331 1734 357 castel-

948 372 1016 402 lum.
1025 371 1097 406 quod
1110 379 1192 406 prope
1204 372 1256 398 sit:
1272 376 1300 398 ut
1312 372 1391 400 liceat
1404 381 1449 405 per
1459 378 1584 402 naturam
1597 375 1733 403 munitum

953 417 1029 444 illum
1043 417 1132 444 locum
1159 418 1294 452 peditibus
1312 419 1452 452 occupari,
1469 420 1615 455 copiasque
1639 423 1735 455 pedes,-

947 466 1003 489 tres
1021 462 1055 489 ab
1079 466 1194 496 utroque
1218 462 1267 489 via:
1291 463 1376 490 latere
1398 463 1425 490 in
1446 463 1552 492 insidiis
1589 466 1733 494 occultari.

946 505 971 534 Α
988 507 1109 541 peditum
1123 512 1199 540 tergo
1214 507 1269 535 dux
1287 515 1349 535 cum
1366 508 1488 543 equitatu
1506 517 1589 544 quam
1611 511 1735 545 proxime

948 553 1126 581 subsidietur.
1150 554 1198 581 Hae
1223 560 1364 588 equestres
1393 555 1508 586 insidiae,
1535 555 1601 590 ipsa:
1625 563 1735 590 quoque

948 599 1052 634 pedites
1078 607 1161 634 prope
1185 600 1258 634 ipsas
1283 601 1435 633 habentes,
1455 609 1524 636 pene
1546 602 1735 636 contingentes

948 645 1034 672 aciem
1052 649 1116 680 post
1132 646 1208 680 signa
1226 647 1389 674 consistant.
1405 646 1519 681 Oportet
1536 652 1639 680 autem,
1661 652 1691 674 ut
1708 648 1735 676 in

947 692 1063 719 insidias
1075 692 1164 719 mittat
1177 692 1232 720 dux
1247 693 1369 720 homines
1391 693 1485 725 lectos.
1499 694 1580 728 equis
1595 693 1736 721 velocibus

948 736 1111 768 insidentes,
1127 744 1241 764 numero
1253 738 1287 764 ad
1310 744 1430 770 centum,
1445 745 1512 765 cum
1522 738 1650 777 praefecto
1671 738 1736 766 forti

948 787 974 810 et
1003 782 1179 817 peritissimo,
1209 789 1390 817 cognoscente
1421 784 1510 811 locum
1540 789 1736 819 opportunum.

947 835 1002 863 quo
1029 835 1107 855 suam
1131 836 1241 855 manum
1269 829 1397 856 occultet.
1428 828 1505 856 Hunc
1533 829 1624 856 locum
1654 834 1736 856 noctu

947 878 1072 908 occupet,
1089 881 1156 901 suos
1180 873 1249 900 bene
1271 873 1363 900 abdat.
1386 873 1477 900 Prima
1499 874 1559 902 luce
1586 881 1735 903 conscensa

948 920 1069 954 specula,
1085 920 1108 946 si
1133 919 1224 947 hostes
1249 923 1370 951 movent,
1388 927 1442 953 quo
1461 919 1576 947 tendant
1598 920 1736 954 dispiciat.

949 964 976 991 Si
995 964 1145 999 prtedatum
1158 965 1306 999 procedere
1321 965 1407 995 videt,
1419 965 1548 999 vicosque
1561 965 1736 1000 perscrutari,

948 1012 1054 1046 praedae,
1077 1013 1208 1047 pecuniae,
1224 1015 1251 1039 et
1271 1011 1294 1038 si
1318 1011 1382 1046 quid
1408 1011 1491 1047 214
1513 1012 1585 1039 aliud
1613 1012 1737 1039 invenire

948 1058 1064 1092 possint,
1091 1057 1281 1092 comportandi
1306 1065 1402 1090 causa,
1427 1065 1457 1084 se
1476 1058 1626 1091 contineat,
1650 1059 1737 1084 donec

948 1103 1145 1131 descendentes
1166 1111 1197 1130 ex
1214 1104 1293 1138 equis
1310 1103 1433 1137 jumenta
1453 1110 1468 1130 ο
1483 1103 1551 1131 vicis
1573 1105 1737 1138 conquirere

948 1149 1132 1185 conspexerit.
1147 1149 1217 1176 Tum
1245 1157 1279 1176 ex
1299 1149 1448 1184 equitibus,
1469 1149 1519 1183 qui
1544 1149 1646 1175 circum
1672 1155 1734 1176 eum

949 1201 1024 1229 sunt,
1051 1196 1224 1232 septuaginta
1245 1195 1288 1222 vel
1311 1194 1470 1230 sexaginta,
1493 1195 1546 1222 hoc
1570 1199 1622 1227 est,
1644 1194 1737 1228 plures

949 1250 1031 1278 quam
1045 1242 1117 1277 apud
1143 1242 1236 1269 hostes
1261 1250 1323 1270 esse
1347 1246 1456 1270 constat
1475 1241 1643 1277 (necessario
1662 1241 1736 1267 enim

949 1289 1072 1324 equitum
1095 1288 1122 1315 in
1147 1292 1254 1316 caterva
1278 1288 1355 1316 ducis
1385 1295 1517 1315 numerus
1545 1287 1632 1322 major
1653 1295 1736 1322 quam

949 1335 1170 1363 adversariorum
1188 1335 1250 1361 esse
1264 1334 1365 1368 debet),
1383 1335 1432 1361 hos
1444 1333 1538 1368 jubeat
1557 1334 1612 1360 acri
1634 1334 1736 1369 impetu

949 1380 1143 1408 incitatissimo
1176 1387 1311 1414 equorum
1339 1387 1420 1406 cursu
1447 1379 1541 1407 hostes
1568 1378 1684 1412 adoriri,
1709 1383 1738 1407 et

951 1425 1120 1461 sullragante
1132 1425 1245 1453 numine
1264 1432 1319 1452 rem
1331 1425 1399 1452 bene
1411 1429 1498 1458 geret.
1515 1424 1544 1452 Si
1559 1430 1648 1453 tamen
1664 1425 1738 1452 acci-

108 1470 180 1504 μίων
195 1470 274 1502 ὄντας
293 1470 425 1506 (πλείονες
442 1471 496 1507 γὰρ
511 1471 564 1499 τῶν
586 1471 724 1507 πολεμίων
739 1471 778 1507 τῷ
788 1472 896 1507 ἀριθμῷ

951 1472 999 1504 dit,
1012 1476 1040 1498 ut
1061 1472 1095 1498 ab
1114 1470 1280 1499 adversariis
1301 1471 1475 1503 repellantur,
1494 1475 1604 1504 oportet
1614 1472 1657 1499 Itis
1673 1479 1735 1499 cum

108 1512 179 1542 εἶναι
193 1516 346 1550 ὀφείλουσιν
363 1517 388 1543 οἱ
399 1517 447 1543 τοῦ
468 1517 643 1553 στρατηγοῦ),
659 1518 821 1552 διορισάσοω
834 1517 896 1544 τού-

109 1569 170 1593 τους
203 1563 319 1598 ἀνδρείῳ
345 1563 485 1599 ὁρμήματι
513 1564 561 1590 σὺν
589 1564 705 1600 ὀξυτάτῃ
731 1564 785 1591 τῶν
805 1565 897 1591 ἵππων

108 1608 179 1643 ίρμῇ
201 1608 409 1640 ἐπιθέσθαιτοίς
420 1609 588 1642 ἀντιπάλοις,
603 1611 650 1637 καὶ
662 1609 730 1636 Θεοῦ
751 1610 897 1645 συνεργείᾳ

110 1653 316 1689 εὐοδωθήσεται.
343 1654 374 1680 Εί
401 1654 428 1681 δὲ
453 1655 543 1690 συμϐῇ
566 1654 679 1686 τούτους
706 1655 898 1690 ὲπιδιωχθῆναι

111 1700 185 1734 παρὰ
197 1700 252 1726 τῶν
267 1699 414 1734 πολεμίων,
425 1700 484 1728 δέον
496 1702 706 1737 προαπαντῆσαι
721 1702 812 1733 αὐτοῖς
828 1701 898 1736 μετά

110 1746 162 1773 τῶν
172 1746 389 1781 ὑπολειφθέντων
402 1747 476 1782 αὐτῷ
485 1747 701 1781 τεσσαράκοντα,
715 1747 762 1774 καὶ
774 1748 836 1779 τοὺς
849 1747 899 1782 μὲν

111 1792 329 1827 κατασχεθέντας
343 1792 484 1826 δεσμώτας
500 1792 516 1828 ἢ
535 1794 692 1828 ἁναιρῆσαι,
706 1794 723 1828 ἢ
745 1793 899 1828 ἔμπροσθεν

111 1838 282 1870 ἀποστεῖλαι,
299 1838 428 1865 ἀπελθεῖν
439 1839 542 1874 τάχιον,
559 1839 606 1865 καὶ
621 1839 650 1865 τὸ
661 1839 793 1874 ὀχύρωμα
815 1847 899 1865 κατα-

111 1882 214 1910 λαϐεῖν.
231 1884 364 1915 Κάκεῖνος
385 1884 524 1918 ἐμπείρως
543 1883 696 1918 μαχόμενος
716 1884 762 1910 καὶ
775 1883 901 1910 ἀνθιστά-

115 1937 193 1963 μενος
204 1930 261 1960 τοῖς
275 1929 427 1963 πολεμίοις,
445 1929 493 1956 καὶ
504 1929 569 1956 ποτὲ
584 1929 634 1964 μὲν
646 1929 824 1964 ὑποστρέφων
841 1928 900 1956 κατ’

113 1976 214 2008 αὐτῶν,
243 1975 310 2002 ποτὲ
331 1975 359 2002 δὲ
382 1975 556 2010 ὑποφεύγων,
572 1975 691 2011 ὲρεθίσει
713 1975 809 2006 αὐτοὺς
834 1975 902 2011 πρὸς

113 2021 213 2054 δίωξιν.
229 2022 285 2048 Καὶ
303 2023 327 2048 εί
341 2011 405 2058 ἄχρι
421 2022 476 2048 τῶν
486 2022 578 2049 τόπων
587 2021 802 2055 καταδιώξωσιν,
818 2023 846 2048 ὲν
860 2019 902 2053 οἷς

113 2069 137 2094 ot
149 2069 227 2101 πεζοὶ
239 2068 473 2103 ἀποκρύπτονται,
487 2069 534 2095 καὶ
547 2068 658 2100 τούτους
669 2068 742 2099 τινες
760 2067 813 2094 τῶν
825 2067 902 2093 πολε-

116 2114 182 2148 μίων
195 2113 331 2147 διέλθωσι,
346 2113 407 2140 τότε
418 2114 442 2140 ot
458 2114 535 2146 πεζοὶ
547 2113 601 2140 τῶν
612 2113 815 2148 ὲγκρυμμάτων
827 2112 903 2149 ἔξερ-
915 2143 917 2145 _

950 1517 1168 1545 subsidiantibus
1192 1517 1373 1552 quadraginta
1398 1517 1538 1551 equilibus
1554 1517 1661 1544 obviam
1685 1518 1738 1550 ire,

948 1563 1138 1598 captivosque,
1164 1563 1187 1590 si
1216 1570 1285 1598 quos
1311 1562 1421 1594 feceris,
1443 1563 1484 1591 vel
1514 1563 1666 1590 interﬁcere
1694 1564 1736 1590 vel

948 1610 1111 1641 amandare,
1127 1614 1158 1636 ut
1170 1609 1313 1636 confestim
1331 1608 1484 1640 discedant,
1501 1609 1583 1642 inque
1602 1609 1736 1636 munitum

948 1652 1039 1681 locum
1067 1654 1284 1680 introducantur.
1304 1653 1366 1681 Dux
1387 1659 1478 1681 autetn
1507 1653 1592 1688 perite
1619 1661 1737 1689 pugnam

949 1699 1145 1727 administrans
1168 1699 1347 1734 hostibusque
1373 1699 1523 1732 obsistens,
1541 1704 1569 1726 et
1597 1701 1678 1726 modo
1703 1706 1735 1726 se

949 1749 1113 1779 retorquens
1132 1744 1164 1770 ad
1186 1743 1258 1775 illos,
1276 1744 1357 1771 modo
1373 1743 1548 1778 confugiens,
1566 1750 1613 1771 eos
1628 1743 1661 1770 ad
1677 1750 1739 1777 per-

951 1791 1120 1825 sequendum
1143 1789 1270 1816 lacessat.
1285 1788 1362 1821 Quod
1378 1789 1400 1816 si
1425 1789 1458 1816 ad
1479 1790 1536 1816 loca
1553 1796 1641 1823 usque
1657 1788 1738 1815 insti-

950 1835 1042 1868 terint,
1057 1835 1102 1861 ubi
1122 1835 1226 1869 pedites
1248 1835 1342 1866 latent,
1358 1842 1444 1870 eaque
1459 1835 1518 1862 loca
1542 1834 1666 1862 nonnulli
1689 1834 1740 1861 ho~

951 1881 1035 1909 stium
1052 1880 1201 1915 trangressi
1212 1881 1276 1913 sint,
1288 1885 1353 1908 tunc
1367 1881 1470 1915 pedites
1482 1888 1516 1907 ex
1531 1881 1639 1908 insidiis
1651 1881 1739 1908 coorti

953 1926 1118 1954 adtersariis
1137 1926 1344 1961 insequentibus
1360 1930 1516 1958 occurrent,
1536 1933 1639 1961 eosque
1653 1927 1740 1960 repri—

952 1977 1038 1999 ment.
1061 1971 1161 2000 Hostes
1181 1976 1271 1999 autem
1288 1975 1422 2006 quotquot
1441 1976 1523 1999 erunt
1540 1972 1610 1999 ultra
1634 1972 1739 2007 pedites

952 2019 1085 2055 provecti,
1109 2018 1136 2045 in
1158 2018 1272 2047 insidias
1290 2018 1413 2053 equitum
1442 2019 1592 2046 incidentes
1618 2018 1738 2046 universi

952 2065 1229 2093 contrucidabuntur.
1246 2064 1311 2092 Loci
1324 2065 1397 2092 enim
1412 2069 1510 2092 natura
1526 2064 1612 2098 adjuti
1635 2063 1739 2099 pedites

955 2109 1158 2146 introrumpere
1183 2115 1379 2146 persequentes
1399 2118 1456 2138 non
1475 2111 1590 2138 sinent:
1609 2110 1739 2144 ideoque,

116 2159 224 2194 χάμενοι
241 2160 451 2195 ἀντιστήσονται
468 2161 525 2192 τοῖς
545 2159 673 2186 διώκουσι
694 2159 843 2194 πολεμίοις,
856 2159 897 2186 καῖ

955 2157 1111 2185 intermissa
1125 2157 1315 2190 insectatione,
1326 2156 1426 2184 inlecta
1439 2164 1469 2185 re
1478 2156 1618 2184 discedent
1632 2163 1740 2189 omnes,

116 2205 317 2241 ἀπωθήσονται.
332 2206 364 2233 Οἱ
378 2206 407 2232 δὲ
422 2206 485 2237 τοὺς
499 2206 597 2238 πεζοὺς
617 2205 766 2236 διελθόντες
779 2204 903 2240 πολέμιοι

116 2251 348 2287 ἐμπεσοῦνταιτῷ
365 2252 544 2288 ὲγκρύμματι
561 2252 617 2279 τῶν
633 2251 749 2284 ἱππέων,
761 2251 808 2278 καὶ
820 2250 903 2286 ἄρδην

957 2204 1068 2232 amissis
1085 2204 1119 2232 de
1133 2204 1191 2232 suis
1208 2208 1343 2240 quotquot
1358 2203 1429 2230 intra
1445 2203 1586 2239 angustias
1601 2203 1657 2238 jam
1677 2206 1742 2230 sunt

957 2250 1150 2278 circumventi.

117 2301 236 2332 ἅπαντες
252 2299 428 2328 ἀπολοῦνται.
451 2300 519 2326 Ὑπὸ
548 2300 603 2334 γὰρ
617 2299 665 2326 τοῦ
679 2300 763 2326 τόπου
783 2299 808 2325 οἱ
828 2298 906 2330 πεζοὶ
944 2298 1122 2334 βοηθούμενοι
1145 2298 1196 2325 οὐκ
1218 2297 1329 2324 ὲάσουσι
1358 2296 1420 2327 τοὺς
1445 2295 1592 2327 διώκοντας
1606 2293 1720 2321 διελθεῖν
1733 2302 1740 2310 ·

116 2347 183 2375 ἀλλὰ
194 2349 243 2384 τὴν
255 2348 346 2381 δίωξιν
363 2347 558 2382 καταλείψουσι
582 2346 629 2374 καὶ
651 2346 788 2382 ἄπρακτοι
804 2346 905 2377 πάντες
924 2345 946 2361 ⁵³
981 2345 1193 2381 ὑποστρέφουσι,
1228 2344 1291 2376 τοὺς
1315 2343 1366 2380 ἤδη
1391 2342 1664 2380 προκατασχεθέντας
1688 2339 1742 2367 τῶν

117 2394 171 2421 olus
176 2394 222 2422 [ων
233 2395 426 2426 ἀπολέσαντες.

119 2442 196 2470 ΚΕΦ.
212 2441 260 2469 ΙΒ’.
276 2443 346 2476 Περὶ
356 2443 466 2476 ἀθρόας
473 2442 658 2474 ἐξα-πεύσεως
668 2441 727 2468 τῶν
739 2438 900 2475 πολεμίων,

151 2479 208 2521 πρε)
222 2478 274 2505 τοῦ
299 2477 336 2505 τὰ
368 2478 517 2513 Ῥωμαϊκὰ
546 2476 786 2512 ἐπισυναχθῆναι
804 2483 902 2509 ,στρα-

151 2521 290 2547 τευματα.

153 2569 184 2596 Et
200 2569 228 2596 δέ
240 2577 272 2604 γε
286 2569 340 2598 τῶν
355 2569 493 2606 πολεμίων
501 2568 636 2603 ἐξέλευσις
647 2567 734 2604 ἁθρόα
745 2567 793 2595 καὶ
808 2567 902 2594 σύντο-

956 2437 1036 2474 215
1056 2437 1120 2465 CAP.
1136 2436 1248 2475 Xll._D¢
1265 2435 1352 2462 subita
1364 2434 1515 2475 incursione
1529 2432 1742 2475 hostiummme—

1090 2480 1171 2508 quam
1187 2471 1314 2498 Romamn
1327 2471 1409 2504 capite
1432 2471 1488 2504 cogi
1501 2471 1601 2502 pauiu!

994 2564 1022 2592 Si
1039 2563 1068 2592 lit
1081 2563 1172 2592 subita
1184 2566 1211 2590 et
1223 2561 1295 2589 acris
1308 2559 1429 2587 hostium
1441 2557 1572 2591 incursio,
1585 2554 1658 2592 quod
1669 2551 1741 2590 apud

696 2639 728 2666 (λ.
746 2638 776 2664 Β.
793 2636 886 2665 HASII
901 2633 1170 2664 ANNOTATIONES.

154 2711 176 2727 ⁸⁷
194 2712 432 2739 ἅποσταλείτωσαν
444 2710 525 2740 codd.
564 2709 588 2726 “
603 2709 725 2745 τραχεῖς.
763 2707 787 2724 ⁸⁸
803 2706 897 2743 βλεπέτ

963 2706 1115 2742 βλεπόντων
1135 2704 1215 2733 codd.
1233 2709 1340 2731 omnes.
1379 2700 1402 2718 "
1420 2697 1523 2736 ἵππωνῖ
1552 2697 1657 2726 ῑππέων
1678 2696 1740 2726 eod.

121 2747 142 2762 ἰ
158 2746 231 2774 Fort.
246 2749 366 2779 πάντως.

157 2803 211 2840 (l9)
221 2804 284 2832 Sive
300 2805 391 2840 potius
406 2805 509 2840 ταχεῖς.
529 2803 603 2832 Infra
618 2809 729 2839 quoque
744 2801 806 2829 H7.
820 2799 854 2828 Α.
868 2798 897 2826 ἴπ

951 2807 969 2831 ις
981 2797 1083 2834 ταχεῖς.
