1913 3068
219 60 271 91 961

849 56 873 86 N
877 55 936 86 ICE
940 55 1008 85 PHC

1078 55 1209 86 ΡΗΟΕΕ
1758 58 1799 90 968

219 115 295 142 ribus
309 115 443 146 fecerunt,
455 113 476 141 si
489 111 535 148 qui
553 111 704 147 praedatum
719 111 793 139 exire
805 112 910 144 volunt,
926 111 1008 147 219

1060 113 1098 144 εἰς
1108 112 1212 148 κοῦρσα
1224 110 1348 144 ἐξελάσαι
1358 109 1523 146 βουλόμενοι,
1534 110 1612 146 ἡνίκα
1627 112 1687 147 πρὸς
1697 112 1801 148 δυσμὰςι

219 159 277 189 sole
299 161 334 189 ad
369 166 495 187 occasum
524 161 667 193 vergente;
701 157 893 192 impedimenta
911 165 1007 186 eorum

219 207 385 241 calonesque
401 212 508 236 omnes,
532 211 596 231 cum
617 203 738 238 peditatu
761 208 843 238 atque
867 204 1009 238 equitibus

220 252 333 280 armatis
353 251 386 278 ad
410 250 568 286 pratsidium
587 257 683 277 eorum
711 249 825 282 relictis,
849 249 1007 277 constitutis

220 296 404 324 tabernaculis
423 303 500 322 more
513 302 563 322 suo
587 294 740 322 consident.
754 294 806 328 Qui
833 302 898 322 vero
919 294 1008 329 parati

219 347 283 370 sunt
299 342 333 369 ad
359 341 544 368 itteursiouem
567 340 718 368 faciendam
731 360 739 373 ,
759 340 939 375 popularique
962 347 1008 367 re-

219 388 436 421 gionesmostras
446 384 659 416 constituerunt,
674 392 707 411 ne
722 384 809 418 pulvis
827 391 920 411 eorum
930 384 1007 411 cerni

219 433 316 468 possit,
335 432 408 459 circa
425 439 515 459 serum
538 431 590 458 diei
609 431 757 466 praedatum
782 430 1005 465 proficiscuntur.

219 479 301 511 Tum,
323 478 371 513 qui
400 478 591 512 speculaturus
615 481 655 504 est
669 481 758 504 castra
779 475 898 503 hostium
912 495 920 507 ,
949 475 1006 503 sive

219 526 375 553 turmarclta
390 525 435 556 sit,
454 524 512 552 sive
525 523 594 550 alius
607 523 761 558 praefectus,
780 530 841 549 cum
859 530 941 548 tttanu
955 529 1006 549 sua

219 578 394 606 progressus,
411 570 523 605 propius
548 569 677 596 accedere
692 569 771 596 debet
786 569 818 596 ad
844 568 944 600 locum,
961 568 1007 595 ubi

220 618 413 644 consederunt.
427 617 538 648 Postea,
550 615 669 643 tenebris
682 615 738 650 jam
752 615 848 643 offusis
861 635 868 646 ,
884 614 917 642 de
931 622 1007 642 more

220 664 335 691 ulterius
346 664 426 690 etiam
439 662 558 698 provecti
577 662 793 697 appropinquent
807 661 933 688 tentoriis
947 660 1007 687 illo-

220 717 291 742 rum,
307 713 369 744 post
383 709 499 743 primatu
518 708 560 735 vel
577 707 724 734 secuttdam
745 707 840 734 ltoram
856 705 955 734 noctis.
973 706 1007 733 At

221 756 244 783 si
266 755 372 790 equites
393 755 511 782 hostium
534 761 589 781 non
612 753 730 788 amplius
751 756 815 780 sunt
844 752 871 779 in
898 753 1005 784 castris,

1059 157 1135 193 ἥλιος
1145 157 1312 194 καταντήσῃ,
1321 157 1338 191 ἡ
1355 157 1405 191 μὲν
1416 156 1553 192 ἀποσκευὴ
1566 156 1649 183 αὐτῶν
1659 158 1703 184 καὶ
1711 158 1773 187 ἅπαν
1779 161 1802 188 τὸ

1058 203 1225 239 ὑπουργικὺν
1234 203 1282 229 σὺν
1293 202 1332 237 τῷ
1342 201 1418 237 πεζῷ
1431 202 1518 237 τούτῳ
1529 202 1702 237 στρατεύματι
1710 205 1750 230 καὶ
1761 206 1801 237 ml;

1056 249 1099 280 εἰς
1115 247 1239 282 φυλακὴν
1264 247 1354 274 αὐτῶν
1370 247 1647 281 καταλιμπανομένοις
1655 247 1802 282 πολεμισταίς

1060 291 1173 319 ἱππεῦσι
1186 292 1235 323 τὰς
1249 291 1350 327 σκηνὰς
1361 291 1520 326 πηξάμενοι,
1533 290 1569 321 ὡς
1579 290 1635 322 ἒῧος
1644 292 1724 323 αὐτοῖς
1733 293 1803 327 iniq-

1058 337 1195 364 κεύουσιν.
1212 337 1244 364 ()l
1257 337 1286 363 δὲ
1304 337 1344 368 εἰς
1357 336 1471 372 κοῦρσον
1488 335 1696 370 ἐτοιμασθέντες,
1709 336 1748 363 καὶ
1767 338 1803 369 τὰς

1058 383 1195 418 ἡμετέρας
1209 381 1299 417 χώρας
1313 381 1498 416 καταδραμεῖν
1505 380 1666 415 βουλόμενοι,
1678 381 1735 415 πρὸς
1742 382 1767 407 τὸ
1775 382 1803 417 μὴ

1058 427 1195 462 κονιορτὸν
1205 427 1293 453 αὐτῶν
1304 426 1430 461 φανῆναι,
1441 426 1511 460 ἀμφὶ
1518 426 1605 460 δείλην
1614 426 1686 460 ὀψίαν
1693 426 1792 460 πρδςκοῧ

1059 481 1121 508 ρσον
1138 472 1258 508 ὁρμῶσι.
1270 472 1316 507 Τῷ
1325 471 1353 498 δὲ
1370 473 1536 507 παραμεῖναι
1556 472 1681 506 ὀφείλοντι
1691 471 1711 487 ⁸⁴
1722 472 1754 506 τῷ
1765 472 1804 497 τῶν

1058 517 1195 552 πολεμίων
1202 517 1347 552 φωσσάτῳ,
1355 516 1407 542 εἴτε
1416 525 1460 542 του
1464 525 1479 552 ρ
1483 516 1571 550 μάρχη
1578 526 1584 546 ς
1592 516 1660 542 ἐστὶν
1667 515 1698 547 εἴ,
1707 515 1726 541 θ’
1734 515 1804 551 ἕτερος

1059 563 1162 598 ἅρχων,
1178 563 1248 598 μετὰ
1261 562 1307 589 τοῦ
1323 563 1388 589 λαοῦ
1403 562 1485 589 αὑτοῦ
1501 563 1644 598 ἐρχόμενον
1656 563 1703 598 χρὴ
1716 563 1803 598 πλησιά-

1059 617 1103 635 σαι
1120 608 1159 643 τῷ
1183 609 1269 643 τόπῳ,
1287 609 1316 635 ἐν
1329 606 1351 642 ᾧ
1366 608 1530 640 αὐλίζονται.
1551 609 1665 642 Ἐπειδὴ,
1679 609 1721 643 τῆς
1733 609 1804 639 νυκτὸς

1057 650 1334 690 διαταλαμσανούσης,
1357 655 1497 689 ὀφείλουσι
1516 656 1575 682 τότε
1606 655 1671 682 κατὰ
1692 655 1718 682 τὸ
1733 655 1804 686 εἰωθὸς

1058 701 1230 736 είσέρχεσϐαι
1249 701 1274 716 ⁵⁷
1293 702 1342 727 καὶ
1358 701 1518 735 πλησιάζειν
1532 702 1590 731 ταῖς
1609 702 1711 734 σκηναῖς
1727 700 1803 732 αὐτῶν,

1060 747 1129 783 μετὰ
1144 747 1258 782 πρώτην
1274 746 1349 782 ὥραν
1361 747 1378 782 ἢ
1396 747 1443 773 καὶ
1456 747 1583 782 δευτέραν
1599 747 1645 782 τῆς
1659 747 1752 778 νυκτός.
1764 746 1804 773 Καὶ

219 803 331 836 jamque
346 801 470 828 exierunt
484 799 647 835 praedatum,
671 799 728 827 ﬁeri
751 807 817 826 sane
838 807 890 826 non
908 803 1007 833 potest,

1060 794 1107 820 ἐὰν
1121 794 1169 828 οὐχ
1186 793 1342 828 εὐρήσωσιν
1359 794 1388 820 ὲν
1398 792 1436 828 τῷ
1461 793 1591 828 ἀπλὴκτῳ
1604 793 1664 824 τοὺς
1682 793 1729 819 τῶν
1745 792 1803 818 πολε-

222 851 251 873 υι
268 845 400 881 praefecti,
411 844 511 880 quibus
533 844 690 871 observatio
705 843 806 871 credita
828 847 880 875 est,
896 844 921 870 id
936 849 1010 870 recte

221 891 395 926 perspiciam,
409 889 606 924 veritatemque
618 888 681 916 duci
701 888 868 920 renuntient,
879 888 931 915 nisi
947 888 1004 920 illo,

220 943 300 972 quem
317 935 436 968 docebo,
457 934 549 962 modo.
570 933 682 969 Oportet
698 933 744 969 qui
766 933 886 968 quotidie
913 933 944 960 ad
958 933 1009 960 ob-

219 982 401 1010 servationem
420 981 583 1013 mittuntur;
611 985 642 1008 ut
656 987 689 1007 ex
704 980 737 1007 iis
750 999 757 1011 ,
773 980 819 1015 qui
836 980 931 1007 diebus
947 987 1008 1014 pro-

222 1029 294 1056 xime
311 1027 499 1063 superioribus
521 1030 612 1053 castra
648 1026 781 1060 speculati
814 1024 885 1058 sint,
908 1031 1010 1060 perque

222 1074 370 1109 quadrigas
384 1072 570 1104 constiterint,
584 1072 812 1107 quemadmodum
828 1071 953 1106 superius
966 1071 1011 1098 de-

221 1120 446 1152 monstravimus,
465 1118 534 1146 duos
554 1117 737 1153 peritissimos
751 1121 833 1152 atque
844 1117 1011 1145 fortissimos

221 1166 341 1198 illorum,
360 1165 406 1200 qui
424 1164 594 1199 speculatum
616 1164 687 1190 mitti
708 1163 815 1195 solent,
829 1170 845 1191 a
858 1163 927 1190 duce
937 1162 1011 1189 acci-

220 1211 295 1246 piant
311 1219 318 1237 :
335 1217 390 1245 quo
403 1213 529 1236 accurate
550 1209 583 1235 ab
599 1208 640 1235 his
654 1208 836 1240 edoceantur,
851 1208 916 1243 quid
935 1208 1011 1243 quis-

220 1264 273 1292 que
285 1256 361 1291 pritts
376 1256 459 1290 egerit
471 1258 553 1289 atque
568 1254 676 1282 viderit.
693 1253 748 1282 Hos
762 1255 831 1282 duos
846 1254 872 1281 in
889 1254 1009 1288 aliquam

221 1309 254 1329 ex
270 1305 388 1335 quatuor
409 1299 550 1334 quadrigis
577 1303 702 1333 receptos
721 1299 880 1326 turmarcha
897 1298 930 1325 ad
947 1304 1012 1332 spe-

222 1345 368 1372 culandum
397 1344 501 1370 ratione
519 1343 600 1378 220
611 1347 674 1370 ante
683 1343 807 1378 exposita
819 1343 949 1376 dimittat,
970 1347 1010 1374 ut,

221 1392 319 1419 castris
333 1389 594 1425 appropinquantes,
624 1396 706 1416 voces
731 1389 852 1417 hostium
878 1389 1012 1424 jumento-

221 1445 338 1472 rumque
355 1436 490 1464 hinnitum
513 1435 678 1463 ausculteut.
694 1434 732 1462 lbi
758 1434 813 1462 duo
840 1435 878 1462 illi
897 1435 1006 1467 milites,

221 1484 266 1518 qui
281 1483 337 1518 jam
360 1482 436 1517 prius
447 1482 540 1509 hostes
556 1481 582 1508 in
595 1481 656 1508 aliis
666 1481 764 1508 castris
779 1481 1005 1514 observaverunt,

221 1529 356 1556 universis
368 1535 463 1555 eorum
477 1527 564 1561 copiis
594 1534 649 1553 una
671 1527 855 1560 tendentibus,
881 1531 1009 1562 poterunt

220 1582 283 1602 cum
297 1582 330 1601 ex
351 1573 460 1600 fremitu
488 1572 658 1606 strepituque
682 1572 883 1606 multitudinis;
902 1577 958 1600 tttm
974 1581 1008 1601 ex

220 1620 326 1647 hinnitu
337 1626 482 1653 equorum,
499 1622 555 1645 tum
572 1618 688 1653 denique
702 1625 735 1645 ex
753 1618 852 1653 spatio,
866 1619 937 1653 quod
953 1623 1011 1646 ten-

220 1665 298 1692 toriis
324 1668 470 1699 occupant,
503 1663 688 1696 conjecturam
716 1664 794 1691 inire.
813 1664 907 1699 Neque
934 1665 1007 1692 enim

220 1711 324 1739 tertiam
341 1715 444 1745 partem
454 1709 642 1744 amplitudinis
653 1710 803 1744 reperietur
812 1710 910 1738 habere
921 1711 1008 1745 locus,

219 1765 273 1792 qua
285 1761 344 1784 erat
362 1756 550 1790 superioribus
567 1757 674 1789 castris,
693 1760 759 1784 tunc
772 1763 833 1783 eum
848 1764 943 1785 omnes
954 1764 1008 1785 una

219 1802 376 1830 tendebant.
393 1801 469 1829 Unde
489 1801 720 1829 existimationem
743 1801 834 1828 facere
865 1807 946 1837 atque
967 1803 1010 1830 in.

220 1847 351 1882 telligere,
377 1847 456 1878 licet,
481 1847 576 1874 deesse
599 1848 693 1882 copias
724 1847 849 1876 ltostibus
869 1849 915 1876 illo
936 1849 1008 1882 loco,

220 1900 309 1928 neque
337 1900 398 1920 cum
427 1893 480 1920 illis
506 1893 534 1920 in
549 1893 649 1921 castris
679 1893 846 1922 consedisse.
858 1894 910 1927 Qui
935 1895 1010 1922 enim

219 1942 310 1972 potest
325 1937 394 1969 fieri,
424 1941 453 1964 ut
479 1938 507 1964 id
531 1945 584 1964 non
597 1937 825 1970 animadvertant,
837 1939 946 1973 quando
960 1939 1009 1967 lto-

220 1983 325 2010 minuut
340 1984 402 2018 plus
415 1983 508 2010 minus
525 1990 571 2010 sex
591 1983 687 2016 millia,
708 1990 841 2018 equorum
855 1984 889 2011 ad
904 1984 1010 2012 duode-

219 2031 272 2058 citn
285 2039 299 2058 a
314 2031 412 2058 castris
430 2031 538 2064 absunt,
555 2039 615 2066 quat
630 2031 677 2066 qui
689 2039 775 2067 nuper
785 2032 915 2066 speculati
932 2036 1007 2069 sunt,

220 2084 273 2103 una
286 2077 423 2104 tendentia
435 2081 634 2111 conspexerunt
648 2081 675 2104 et
698 2077 943 2112 computaveruut?
959 2077 1009 2105 At-

1061 840 1131 875 μίων
1147 841 1250 873 ἱππεῖς,
1264 840 1306 866 διὰ
1321 839 1352 866 τὸ
1370 840 1422 875 ἤδη
1434 840 1533 872 αὐτοὺς
1547 841 1586 871 είς
1609 839 1714 875 κοῦρσον
1727 847 1804 874 sopiu—

1060 886 1149 921 ϐῆναι,
1167 888 1217 913 οὐκ
1231 887 1288 913 ἐστι
1306 886 1418 913 δυνατὸν
1450 886 1537 917 ἄλλως
1561 886 1676 917 τούτους,
1700 885 1751 916 τοὺς
1769 885 1804 919 τὴν

1060 933 1225 968 παραμονὴν
1237 932 1470 968 πεπιστευμένους
1481 933 1620 968 ἄρχοντας,
1632 932 1703 958 τοῦτο
1712 930 1804 966 ἀκρισῶς

1059 979 1219 1014 διαγνῶναι,
1233 979 1280 1006 καὶ
1294 978 1333 1015 τῷ
1351 979 1497 1015 στρατηγῷ
1513 979 1544 1005 τὺ
1566 977 1660 1013 ἀληθὲς
1683 975 1804 1011 καταμηνύ-

1061 1033 1117 1057 σαι,
1141 1026 1165 1051 εί
1182 1026 1219 1061 μὴ
1240 1024 1328 1058 οὕτως
1354 1026 1391 1057 ὡς
1416 1024 1498 1059 λέξω.
1518 1025 1564 1051 Δεῖ
1580 1024 1668 1051 τοίνυν
1691 1023 1743 1054 τοὺς
1760 1019 1805 1048 καθ’

1060 1071 1178 1106 ἑκάστην
1191 1071 1299 1107 ἡμέραν
1311 1071 1381 1107 πρὸς
1395 1071 1561 1107 παραμονὴν
1580 1068 1801 1103 ἀποστελλομένους,

1060 1117 1093 1143 ὲκ
1105 1117 1160 1144 τῶν
1171 1118 1401 1153 παραμεινάντων
1424 1117 1476 1148 τὰς
1491 1116 1602 1143 δπισθεν
1619 1115 1663 1142 καὶ
1680 1113 1805 1143 διελθούσας

1060 1164 1169 1199 ἡμέρας
1182 1164 1213 1190 τὸ
1231 1163 1384 1198 φωσσάτον,
1401 1163 1448 1189 καὶ
1470 1164 1511 1194 είς
1530 1162 1653 1196 τετράδια
1667 1161 1804 1194 ίσταμένους,

1061 1208 1152 1241 καθὼς
1166 1209 1295 1243 ἀνωτέρω
1314 1209 1477 1243 εἰρήκαμεν,
1494 1207 1542 1234 δύο
1558 1207 1588 1239 ἔξ
1612 1206 1693 1233 αὐτῶν
1705 1205 1805 1239 ἔμπειρο-

1060 1255 1157 1286 τὰτους
1174 1255 1221 1282 καὶ
1233 1254 1371 1289 ἀνδρείους
1385 1253 1439 1280 τῶν
1453 1255 1494 1286 είς
1517 1253 1567 1288 τὴν
1582 1251 1729 1288 παραμονὴν
1741 1251 1804 1283 ἀπερ-

1061 1302 1184 1336 χομένων
1196 1301 1272 1336 παρὰ
1284 1299 1330 1327 τοῦ
1348 1299 1505 1335 στρατηγοῦ
1517 1299 1661 1335 λαμόάνειν
1671 1305 1678 1313 ⁸
1689 1297 1726 1323 ίνα
1738 1294 1804 1325 καλῶς

1061 1346 1127 1381 παρ’
1141 1346 1230 1373 αὐτῶν
1246 1345 1492 1377 ἀναδιδάσκωνται,
1513 1342 1556 1372 οἷα
1575 1344 1700 1379 πρότερον
1711 1341 1804 1368 κάκεῖνοι

1062 1394 1217 1429 ὲνήργησαν
1237 1392 1284 1419 καὶ
1295 1392 1455 1420 ἐθεάσαντο.
1475 1392 1578 1423 Αὐτοὺς
1589 1391 1616 1418 δὲ
1629 1390 1687 1422 τοὺς
1706 1388 1745 1415 δύο
1757 1388 1804 1413 ἀνσ-

1063 1440 1143 1476 μεξας
1159 1440 1199 1465 ἑνὶ
1213 1438 1267 1465 τῶν
1281 1437 1323 1474 [Ρ.
1343 1438 1405 1474 MS]
1421 1438 1564 1474 τεσσάρων
1577 1436 1713 1471 τετραδίων
1724 1436 1804 1467 etcop-

1063 1486 1169 1522 μὰρχης
1191 1485 1378 1513 ἀποστειλάτω
1391 1485 1462 1511 κατὰ
1478 1485 1524 1511 τὸν
1545 1483 1730 1519 προεκτεθέντα
1742 1479 1804 1506 τύπω

1061 1531 1109 1566 τῆς
1143 1531 1317 1566 παραμονῆς,
1348 1530 1456 1564 ιγγίσαι
1479 1530 1520 1566 τῷ
1545 1529 1685 1564 φωσσάτῳ,
1711 1526 1766 1560 πρὶς
1785 1524 1807 1550 *δ

1061 1577 1173 1604 ἀκούειν
1186 1577 1236 1608 τὰς
1261 1578 1355 1611 φωνὰς
1369 1577 1471 1608 αὐτῶν,
1496 1576 1545 1604 καὶ
1566 1577 1627 1607 τοὺς
1644 1570 1809 1610 χρεμετισμοὺς

1061 1622 1116 1649 τῶν
1127 1622 1227 1648 ἵππων.
1243 1623 1275 1649 Oi
1286 1620 1333 1649 οὖν
1345 1622 1392 1649 δύο
1410 1622 1509 1657 ἄνδρες
1524 1623 1547 1648 οἱ
1566 1622 1689 1656 πρότερον
1700 1615 1807 1652 παραμεί-

1061 1677 1156 1700 ναντες
1175 1669 1204 1695 ὲν
1223 1669 1313 1700 ἄλλοις
1329 1669 1479 1704 ἀπλήκτοις
1494 1669 1532 1704 τῷ
1544 1668 1681 1703 φωσσάτῳ,
1698 1666 1735 1693 ὅτε
1744 1663 1781 1690 καὶ
1798 1661 1808 1687 6

1062 1715 1124 1747 λαὸς
1139 1714 1230 1741 αὐτῶν
1245 1716 1317 1747 ἄπας
1330 1715 1412 1750 συνῆν
1430 1715 1476 1742 καὶ
1495 1714 1688 1751 συνηπλήκευε,
1709 1711 1808 1745 δυνήσον’

1061 1769 1106 1788 ται
1123 1760 1305 1796 στοχάσασθαι
1323 1760 1378 1787 ἀπὸ
1393 1768 1422 1788 τε
1446 1760 1498 1795 τῆς
1521 1762 1568 1787 τοῦ
1586 1759 1649 1786 λαοῦ
1670 1753 1808 1793 ὀχλαγωγίας

1061 1807 1108 1832 καὶ
1119 1795 1254 1843 ταραχῆς,
1271 1807 1318 1832 καὶ
1332 1805 1378 1832 τοῦ
1403 1804 1590 1841 χρεμετισμοῦ
1606 1804 1656 1830 τῶν
1671 1803 1759 1830 ἵππων,
1770 1795 1809 1825 ἀπό

1061 1859 1090 1877 τε
1106 1851 1152 1877 τοῦ
1168 1851 1270 1886 χώρου,
1290 1851 1319 1876 ὲν
1333 1847 1355 1883 ᾧ
1370 1850 1419 1881 τὰς
1446 1852 1551 1884 σκηνὰς
1576 1849 1715 1884 ἐπήξαντο.
1727 1845 1758 1873 Οὐ
1768 1843 1808 1877 γὰρ

1061 1896 1237 1931 εὑρεθήσεται
1257 1897 1272 1922 ὁ
1291 1895 1380 1931 χῶρος
1405 1895 1435 1922 τὸ
1456 1896 1550 1931 τρίτον
1566 1895 1645 1930 μέρος
1669 1894 1738 1928 ἔχων,
1751 1890 1774 1916 δν
1789 1889 1810 1913 έν

1061 1943 1117 1973 τοῖς
1133 1942 1244 1968 ὄπισθεν
1259 1941 1409 1977 ἀπλήκτοις
1426 1943 1564 1976 κατεῖχον,
1579 1941 1622 1967 ὅτε
1637 1939 1744 1968 ἅπαντες
1759 1933 1809 1970 ὁμοῦ

1061 1987 1227 2023 ἡπλήκευον.
1241 1983 1296 2014 Καὶ
1309 1988 1340 2013 ὲκ
1352 1987 1446 2014 τούτου
1459 1987 1574 2013 δυνατόν
1589 1987 1644 2012 ἐστι
1661 1980 1810 2019 στοχάσασθαι

1062 2033 1109 2060 καὶ
1126 2033 1305 2068 κατανοῆσαι,
1328 2032 1365 2064 ὥς
1381 2032 1519 2059 ἐπιλείπει
1534 2033 1548 2059 ὁ
1566 2032 1628 2063 λαὸς
1641 2031 1692 2057 τῶν
1702 2025 1810 2062 πολεμίων

1062 2080 1092 2106 ὲν
1109 2079 1206 2114 ἐκείνῳ
1220 2079 1259 2114 τῷ
1274 2079 1368 2114 χώρῳ,
1382 2079 1430 2105 καὶ
1445 2078 1483 2114 μὴ
1500 2076 1575 2105 εἶναι
1595 2078 1642 2104 σὺν
1658 2076 1739 2105 αὐτοῖς
1753 2069 1811 2104 ἔντῷ

221 2127 324 2156 tamen,
353 2127 392 2156 ut,
427 2123 531 2150 sublata
559 2124 632 2151 omni
660 2123 845 2156 dubitatione,
865 2124 1007 2152 veritatem

1062 2126 1206 2162 ἀπλήκτφο
1224 2126 1279 2152 Καὶ
1291 2126 1350 2157 πῶς
1365 2126 1418 2161 γὰρ
1434 2126 1465 2152 οὗ
1484 2125 1596 2152 δυνατὸν
1608 2123 1684 2151 τοῦτο
1704 2118 1812 2155 στοχάσα-

221 2167 368 2202 pcrfectam
384 2167 474 2195 hacin
496 2176 525 2195 re
548 2169 732 2202 speculatores
750 2170 936 2204 perspiciam,
955 2174 1013 2197 tur-

221 2213 333 2240 marclta
347 2214 522 2248 speculatum
542 2214 645 2242 missus
670 2219 767 2249 praeter
784 2215 841 2243 hac
866 2215 913 2242 illa
932 2215 1012 2243 debet

221 2259 375 2288 instituere.
404 2259 515 2294 Equites
545 2266 608 2287 oeto
626 2268 659 2288 ex
675 2262 872 2297 peritissimis,
903 2261 1010 2289 viarum

219 2304 342 2338 apprime
359 2312 470 2339 gnaros.
483 2305 620 2340 disponat,
637 2310 665 2332 ut
689 2306 746 2333 sive
766 2314 781 2334 a
797 2306 892 2334 dextra
915 2307 973 2334 sive
994 2315 1009 2334 a

219 2349 329 2375 sinistra
340 2357 373 2375 ex
390 2349 524 2381 subsidio,
541 2351 584 2376 ubi
603 2350 760 2377 turmareha
775 2351 912 2382 constitit,
932 2355 1008 2378 tratts

219 2399 308 2422 castra
337 2395 455 2422 hostium
486 2403 516 2423 se
541 2395 695 2430 conferant,
722 2396 808 2424 donec
833 2404 849 2424 a
880 2397 1006 2424 tentoriis

219 2441 382 2475 quingentos
396 2449 494 2476 passus
512 2441 605 2470 absint
619 2451 626 2469 :
644 2443 671 2468 itt
686 2442 885 2477 progrediendo
901 2443 1011 2478 diligen-

220 2490 260 2512 ter
284 2487 443 2520 attendanl,
471 2488 529 2515 vias
547 2488 718 2523 perquiraut.
735 2489 812 2522 Quod
827 2489 850 2516 si
870 2489 926 2523 jam
944 2497 1011 2524 prae-

220 2535 332 2561 tervecti
360 2540 426 2562 suttt
455 2535 574 2564 hostium
601 2537 718 2571 equites,
746 2536 912 2572 fueruntque
938 2538 1010 2565 circa

219 2579 362 2613 ducentos,
377 2587 525 2616 cognoscet
537 2587 627 2610 tamen
643 2591 736 2610 eorum
753 2584 899 2611 transitum
916 2584 1008 2618 statio,

219 2626 319 2653 nedum
335 2626 358 2654 si
372 2628 624 2663 exstiteruntzzl
638 2637 724 2665 usque
737 2630 771 2658 ad
788 2630 930 2658 duodecim
942 2631 1006 2657 mil-

1062 2174 1136 2205 σθαι,
1149 2174 1249 2201 ὁπόταν
1266 2172 1296 2205 ἓξ
1311 2173 1430 2208 χιλιάδες
1445 2173 1561 2208 ἀνδρῶν,
1581 2170 1694 2205 πλεῖονῆ
1712 2168 1810 2195 ἔλασσον,

1060 2220 1108 2246 καὶ
1128 2219 1219 2246 ἵππων
1245 2219 1310 2256 ἄχρι
1325 2219 1380 2246 τῶν
1406 2219 1511 2245 δώδεκα
1537 2218 1707 2246 ἐπιλείπωσιν
1726 2215 1753 2240 ὲκ
1775 2208 1809 2236 τοῦ

1060 2265 1212 2301 ἁπλήκτου,
1227 2263 1273 2296 οὓς
1291 2265 1396 2296 πάντας
1420 2264 1490 2300 ὁμοῦ
1514 2262 1584 2291 εἶναι
1598 2264 1623 2290 ot
1639 2261 1726 2298 πρώην
1742 2264 1811 2301 παρο-

1061 2310 1201 2346 μείναντες
1221 2310 1314 2345 ἐώρων
1336 2310 1384 2336 καὶ
1404 2310 1652 2345 κατεστοχάζοντο;
1669 2306 1714 2333 Διὰ
1731 2303 1768 2331 οὖν
1785 2300 1809 2327 τδ

1060 2356 1222 2391 ἀμφίϐολον,
1243 2356 1311 2390 πρὸς
1331 2356 1361 2383 τὸ
1377 2357 1425 2383 καὶ
1440 2356 1547 2383 τελείαν
1572 2355 1662 2382 λαϐεῖν
1673 2353 1728 2383 τοὺς
1742 2355 1811 2382 παρα-

1062 2402 1191 2437 μένοντας
1207 2401 1270 2437 περὶ
1285 2401 1380 2428 τούτου
1395 2402 1444 2436 τῆς
1463 2402 1592 2436 ἀληθείας
1608 2398 1755 2432 κατάληψιν.
1767 2393 1811 2419 δέδν

1059 2447 1106 2473 καὶ
1135 2446 1213 2473 τοῦτο
1242 2447 1288 2472 τὸν
1319 2447 1358 2478 είς
1383 2446 1432 2482 τὴν
1463 2446 1624 2482 παραμονὴν
1655 2440 1811 2471 ἀποσταλέντι

1058 2493 1236 2528 τουρμάρχην
1253 2493 1466 2530 διαπράξασθαι.
1491 2493 1618 2524 Ἱππότας
1632 2490 1709 2522 ὀκτὼ,
1730 2485 1810 2520 ἄνδρκ

1058 2539 1113 2566 τῶν
1134 2540 1341 2576 ὲμπειροτάτων
1358 2540 1467 2572 καὶτὰς
1483 2539 1558 2571 ὁδοὺς
1573 2540 1612 2570 είς
1628 2538 1707 2572 ἄκρον
1719 2532 1812 2576 ἐξησιξτν

1061 2586 1160 2621 μένους
1180 2586 1393 2620 ἀπολεξάμενος,
1423 2585 1606 2622 διορίσασθαι,
1623 2584 1675 2610 εἴτε
1686 2575 1812 2614 δεξιᾷ”ιῖτε

1059 2630 1189 2666 εὐώνυμα
1206 2632 1238 2658 ὲκ
1251 2631 1305 2657 τῶν
1320 2631 1444 2663 ὄπισθεν,
1462 2632 1490 2658 ὲν
1505 2627 1527 2665 ᾦ
1545 2631 1559 2657 ὁ
1575 2628 1739 2666 τουρμάρχης
1754 2623 1811 2648 ἵστα·

780 2706 813 2735 C.
827 2706 858 2736 B.
877 2707 968 2736 HASII
982 2708 1257 2737 ANNOTATIONES.

257 2758 280 2774 "
296 2757 441 2793 ὀφείλοντι.
454 2760 499 2789 Sic
514 2762 593 2790 codd.
609 2769 716 2797 omnes,
730 2763 834 2792 dativo.

884 2765 906 2781 ⁸⁷
922 2764 986 2800 Leg.
1004 2766 1181 2802 ἀπέρχεσθαι,
1206 2767 1247 2795 vel
1267 2766 1476 2802 προσέρχεσθαι.
