1913 3068
86 137 143 171 913

714 136 920 171 VELITATIO
936 136 1106 170 BELLICA.

1667 135 1720 170 θπι

87 192 157 221 υιῶν
167 191 216 219 καὶ
230 190 357 226 ἁρνητῶν
370 190 488 226 Χριστοῦ
502 190 550 218 τοῦ
565 190 635 218 Θεοῦ
650 191 728 227 ἡμῶν
739 200 747 208 ·
764 193 879 228 συμϐαί-

938 194 1032 221 elenim
1062 200 1112 220 usu
1143 192 1226 224 venit,
1254 196 1283 219 ut
1311 188 1421 226 quidam
1438 190 1472 219 de
1499 191 1600 220 nostris
1620 193 1720 227 captivi

81 246 131 272 (vet
155 236 210 272 γὰρ
230 236 440 271 κατασχεθῆναι,
454 236 519 271 παρ’
545 235 637 268 αὐτοῖς
663 236 804 272 δεσμώτας
826 238 879 264 τῶν

88 284 244 320 ἡμετέρων,
263 282 279 317 ἣ
297 283 346 309 καὶ
361 282 528 318 αὐτομόλους
544 282 670 316 γενέσθαι
686 283 733 310 καὶ
747 285 812 319 παρ’
832 285 880 311 αὑ-

89 329 148 356 τῶν
161 328 268 363 μαθεῖν,
281 329 310 355 ἐν
322 327 392 363 ποίῳ
404 327 480 363 τόπῳ
490 327 598 364 αὑλίζῃ.
614 328 662 355 'lv'
674 328 720 356 οὖν
733 329 770 365 μὴ
785 330 881 361 νυκτὸς

89 375 142 406 τὰς
163 373 280 404 ἱππικὰς
297 373 429 408 δυνάμεις
445 374 535 400 αὐτῶν
558 374 716 409 ἀνελόμενοι
734 375 881 408 ἐξελάσωσι

89 418 257 445 ωταλαὸεῖν
274 426 314 450 σε,
330 418 378 444 καὶ
395 419 534 453 ἀδοκήτως
551 419 701 445 ἐπιπέσωσι
713 428 719 435 ·
736 419 780 446 διὰ
795 420 881 446 ταῦτα

89 464 153 490 δέον
178 464 242 495 τοὺς
267 463 493 498 παραμένοντας,
517 463 599 499 ἡνίκα
619 463 670 499 τῆς
691 465 814 500 ταραχῆς
833 465 881 492 τοῦ

89 509 157 536 λαοῦ
172 509 227 536 τῶν
245 509 383 544 πολεμίων
397 510 544 537 αἴσθωνται
560 511 629 547 πρὸς
645 511 768 546 κίνησιν,
782 512 881 544 εὐθέως

90 556 170 591 τάχει
191 555 280 591 πολλῷ
298 556 503 591 καταμηνῦσαι,
515 557 556 583 ὅτι
571 566 601 584 τε
614 558 628 584 ό
643 557 706 589 λαδς
716 557 880 594 διεταράχθη

91 602 162 638 πρὸς
185 601 307 636 κίνημα·
333 602 413 628 πάλιν
433 602 463 628 δὲ
483 602 696 636 άποκινούντων,
721 603 755 630 δι’
774 603 832 635 οῐας
849 603 882 630 ἂν

68 648 73 685 ξ
91 648 154 674 ὀδοῦ
169 647 218 683 τὴν
234 647 347 682 πορείαν
365 648 515 675 ποιῶνται·
531 649 577 675 καὶ
591 647 668 681 αὖθις
683 649 881 685 καταμηνύειν,

60 693 70 727 έ
91 695 105 721 ὃ
127 703 154 720 τι
171 702 202 720 τε
224 693 327 728 πλῆθος
348 693 413 720 λαοῦ
432 694 619 730 ἁπεκίνησαν,
636 696 684 722 καὶ
706 696 740 731 ἥν
756 695 816 722 όδδν
831 704 882 722 πο-

92 739 230 775 ρεύονται,
242 740 297 767 εἴτε
308 739 427 772 ἅπαντες
440 741 489 767 σὺν
501 740 541 776 τῷ
553 741 670 777 πεζικῷ,
685 741 740 769 εἴτε
751 742 775 768 ot
789 743 884 775 ἱππεῖς

92 785 182 820 μόνοι.
207 785 238 812 ⁸0
252 785 281 812 δὲ
307 786 460 821 στρατηγὸς
479 786 516 822 μὴ
533 786 669 822 θαρρείτω
688 787 768 822 μόνον
786 787 826 820 εἰς
849 787 884 814 τὰ

91 831 230 867 ιρχόμενα
253 831 323 867 πρὸς
343 832 425 859 αὐτὸν
451 833 573 868 μανδᾶτα
597 833 652 860 τῶν
669 834 884 870 παραμενόντων

91 877 150 908 τοίς
166 875 319 911 πολεμίοις,
333 876 402 904 ἀλλὰ
415 878 462 903 καὶ
481 876 576 912 βίγλας
595 878 680 913 ἐχέτω
693 868 801 912 διπλᾶς,
817 878 883 912 ὲξώ-
898 868 920 898 Β

92 921 175 955 σιγλα
191 922 239 949 καὶ
261 922 409 957 ὲσώϐιγλα,
428 923 502 950 ἔστιν
515 924 560 951 ὅτε
577 925 625 951 καὶ
640 925 774 961 τριπλᾶς·
789 926 838 953 καὶ
854 926 883 953 ὲν

91 966 171 993 νυκτὶ
197 966 248 1001 μὲν
269 967 320 999 τὰς
343 967 420 999 ὀδοὺς
442 968 603 1002 φυλάττειν,
619 971 667 997 καὶ
689 971 718 998 ὲν
735 967 776 1002 οἷς
790 971 884 1003 τόποις

91 1012 219 1040 διάϐασιν
235 1013 368 1048 ὑφορᾶται
391 1013 546 1049 πολεμίων*
565 1015 594 1042 ιν
610 1015 703 1052 ἡμέρᾳ
718 1016 758 1049 δὲ,
782 1017 819 1051 μὴ
837 1016 885 1052 μέ-

92 1067 139 1085 νον
153 1058 205 1089 τὰς
219 1059 296 1090 ὁδοὺς
309 1059 453 1093 φυλάττειν
477 1060 542 1092 τοὺς
560 1061 734 1096 βιγλάτορας,
753 1062 821 1089 ἀλλὰ
838 1063 884 1089 καὶ

93 1105 135 1136 είς
152 1105 256 1135 τόπους
282 1105 444 1140 ἀνέρχεσθαι
470 1105 671 1140 ὑψηλοτάτους·
690 1107 757 1142 πρὸς
780 1107 810 1134 τὺ
838 1108 883 1135 δύ-

92 1150 195 1178 νασθαι
209 1150 308 1181 αὐτοὺς
328 1150 450 1186 εὐχερῶς
464 1151 531 1186 όρᾷν
551 1152 587 1187 μὴ
606 1152 686 1187 μόνον
703 1154 822 1185 καπνοὺς
839 1155 884 1180 καὶ

93 1199 271 1234 κονιορτοὺς,
298 1199 365 1225 ἀλλὰ
386 1199 433 1225 καὶ
458 1198 540 1230 λαοὺς
555 1199 609 1225 τῶν
630 1199 785 1234 πολεμίων,
806 1200 884 1234 εἴπερ

93 1245 240 1280 ἐρχωνται.
258 1245 387 1277 Πλείονας
402 1245 431 1271 δὲ
450 1243 519 1272 εἶναι
534 1245 584 1277 τὰς
600 1245 694 1280 βίγλας
710 1246 825 1281 ἔφημεν,
842 1246 885 1272 διὰ

92 1291 135 1322 τὺ,
154 1292 183 1318 ετ
202 1299 266 1318 ποτε
283 1291 373 1326 συμϐῇ
396 1291 445 1327 τὴν
464 1290 576 1326 πρώτην
599 1291 651 1318 ὑπὸ
670 1292 724 1318 τῶν
749 1291 886 1326 πολεμίων

94 1336 210 1369 ἁλῶναι,
233 1336 324 1371 ἡμετ¹
338 1336 456 1369 ἐκείνην,
482 1337 545 1368 τοὺς
567 1337 711 1371 πολεμίους
735 1336 885 1372 θεωροῦσα,

93 1382 134 1418 τῷ
151 1382 299 1417 στρατηγῷ
314 1383 363 1417 τὴν
383 1382 438 1409 τῶν
455 1382 561 1417 ὲχορῶν
583 1382 747 1418 καταμηνύῃ
769 1383 884 1409 ἐλευσιν.

94 1429 151 1455 Καὶ
174 1428 219 1459 δὶς
236 1428 264 1454 δὲ
283 1429 311 1454 ὲν
332 1428 410 1454 νυκτὶ
428 1427 647 1463 μεταπληκεύειν
664 1428 705 1454 δεῖ
721 1429 766 1454 τὸν
786 1437 886 1463 στρατ-

95 1475 175 1510 ηγὸν,
189 1475 236 1501 καὶ
247 1475 275 1501 ὲν
287 1474 378 1510 ἡμέρᾳ
389 1473 530 1505 ὡσαύτως.
543 1475 599 1500 Καὶ
612 1474 827 1509 μεταπληκεύων
839 1476 887 1510 μὲν

94 1521 160 1552 τοὺς
181 1520 344 1556 βιγλάτορας
371 1521 428 1556 μετ’
448 1520 531 1547 αὐτοῦ
549 1520 730 1555 λαμεανέτω·
753 1521 886 1556 καταλιμ-

932 239 1007 272 ﬁant,
1023 243 1070 266 aut
1093 237 1286 272 transfugiant,
1305 237 1376 265 unde
1402 237 1562 269 doceantur,
1579 245 1636 273 quo
1660 238 1722 266 loco

932 284 1037 312 tendas.
1054 283 1139 319 Igitur
1165 291 1198 311 ne
1225 287 1307 310 noctu
1331 288 1473 318 assumpto
1498 284 1620 318 equitatu
1640 283 1722 320 225

932 335 1057 357 moveam
1077 329 1109 356 ad
1122 334 1147 356 te
1163 328 1357 361 invadendum,
1373 333 1453 363 teque
1465 329 1614 363 improviso
1627 330 1721 365 oppri-

933 381 1009 402 n-ant
1024 385 1029 403 :
1045 375 1147 403 idcirco
1169 378 1276 409 oportet
1299 374 1495 409 speculatores,
1513 375 1596 402 simul
1613 383 1645 403 ac
1667 375 1722 403 fre-

933 422 1028 449 mitum
1039 421 1201 456 profecturae
1213 419 1395 447 multitudinis
1412 420 1483 455 apud
1493 419 1584 447 hostes
1596 420 1720 453 audiant,

933 467 1076 494 confestim
1105 464 1294 501 properatione
1314 471 1413 500 magna
1428 463 1598 496 renuntiare,
1620 463 1722 491 cooriri

933 512 1026 547 copias
1041 511 1073 538 ad
1087 511 1190 538 abitum
1211 519 1217 538 :
1235 510 1345 543 deinde,
1361 515 1507 545 postquam
1529 509 1632 545 egressi
1656 510 1720 542 sint.

933 565 987 593 qua
1009 557 1054 584 via
1080 557 1132 584 iter
1147 556 1249 584 faciant
1267 566 1274 584 :
1293 555 1411 591 denique
1425 555 1492 584 illud
1509 563 1618 590 quoque
1632 555 1722 583 decla-

933 610 1004 636 rare,
1028 607 1136 638 quantae
1162 601 1246 637 copia:
1273 601 1400 634 exierint,
1431 608 1485 636 qua
1513 606 1602 636 parte,
1630 604 1722 628 utrum

934 649 1054 677 universi
1078 656 1140 677 cum
1165 649 1297 684 peditatu,
1314 655 1349 676 an
1366 647 1474 683 equites
1491 647 1552 675 soli.
1573 645 1667 683 Neque
1682 651 1723 675 ta-

933 702 996 723 men
1024 693 1080 722 dux
1107 694 1174 723 solis
1196 693 1443 729 signiﬁcationibus
1464 700 1480 720 ι
1504 692 1724 729 speculatoribus

935 739 1013 768 factis
1032 739 1112 768 ﬁdem
1137 739 1218 768 debet
1247 739 1376 772 tribuere,
1393 739 1441 767 sed
1459 740 1593 767 stationes
1613 746 1724 775 quoque

935 785 1033 813 habeat
1046 783 1178 821 duplices,
1193 783 1345 812 exteriores
1359 787 1387 812 et
1407 784 1560 816 interiores,
1576 783 1724 819 aliquando

935 831 1018 860 etiam
1030 831 1168 867 triplices:
1184 835 1277 864 noctu,
1296 834 1326 858 ut
1341 830 1401 858 vias
1423 834 1450 857 et
1473 831 1532 858 loca
1556 830 1724 859 custodiant.

935 885 989 913 qua
1022 878 1116 906 hostes
1137 883 1284 913 erupturos
1309 877 1466 913 suspicatur
1494 885 1501 904 :
1532 877 1662 910 interdiu,
1695 881 1725 904 ut

934 923 1108 951 excubitores
1123 930 1177 950 non
1192 923 1279 951 solum
1292 922 1390 950 itinera
1401 922 1558 954 observent,
1572 922 1620 950 sed
1639 921 1724 949 etiam

935 970 962 998 in
974 969 1033 997 loca
1048 967 1201 997 editissima
1215 969 1342 1003 evadant,
1353 969 1425 996 unde
1442 969 1532 997 fumos
1543 973 1571 996 et
1586 970 1724 1003 pulveres.

935 1021 990 1043 tum
1015 1015 1099 1042 etiam
1126 1015 1220 1049 globos
1248 1015 1381 1049 hostium,
1395 1015 1416 1042 si
1431 1015 1477 1050 qui
1494 1015 1615 1048 veniant,
1634 1015 1725 1043 videre

935 1061 1009 1088 nullo
1034 1061 1142 1096 negotio
1165 1061 1281 1096 possint.
1309 1060 1404 1089 Plures
1429 1065 1520 1088 autem
1544 1069 1606 1089 esse
1625 1061 1725 1089 debere

934 1108 1065 1135 excubias
1079 1108 1139 1134 ideo
1157 1107 1289 1139 diximus,
1305 1113 1344 1140 ut,
1367 1108 1389 1134 si
1412 1108 1522 1142 quando
1541 1107 1615 1142 prior
1628 1108 1662 1136 ab
1676 1108 1726 1135 ad-

935 1152 1062 1178 Versm‘iis
1078 1152 1231 1186 intercepta
1252 1152 1298 1184 sit,
1319 1155 1411 1179 tamen
1434 1160 1496 1187 quze
1513 1153 1581 1180 citra
1598 1157 1661 1185 stet,
1677 1153 1727 1180 ho—

935 1201 992 1223 stes
1009 1197 1176 1231 conspicata,
1200 1204 1295 1224 eorum
1319 1197 1464 1224 adventum
1486 1199 1643 1226 renuntiare
1660 1198 1725 1226 duci

935 1243 1031 1277 possit.
1050 1241 1200 1269 Stationem
1220 1243 1261 1269 bis
1277 1242 1398 1278 qualibet
1418 1248 1497 1270 nocte
1519 1247 1625 1272 mutare
1646 1243 1727 1272 debet

936 1288 1001 1319 dux,
1021 1291 1048 1315 et
1066 1288 1146 1314 toties
1163 1288 1259 1323 quovis
1276 1289 1329 1316 die.
1347 1287 1406 1322 Qua
1423 1290 1449 1316 in
1469 1289 1632 1325 migratione
1643 1297 1726 1317 excu-

937 1333 1038 1360 bitores
1060 1341 1152 1361 secum
1179 1334 1361 1362 transducat:
1384 1335 1410 1361 in
1440 1334 1500 1362 loco
1526 1341 1630 1368 autem,
1655 1336 1728 1362 unde

938 1382 1033 1413 movit,
1053 1382 1188 1417 relinquat
1203 1391 1250 1410 sex
1265 1389 1308 1411 aut
1328 1389 1391 1411 octo
1409 1384 1509 1412 milites
1526 1393 1532 1411 :
1548 1391 1619 1419 quos
1640 1384 1727 1420 hypo-

937 1426 1082 1455 docharios
1097 1436 1236 1461 vocamus.
1251 1437 1312 1456 cum
1327 1429 1418 1464 aliquo
1434 1430 1505 1458 bono
1520 1430 1648 1465 praefecto
1670 1439 1677 1458 :
1699 1435 1730 1458 ut

939 1473 1014 1500 missi
1034 1481 1048 1500 ο
1065 1474 1283 1509 speculatoribus
1308 1475 1408 1507 nuntii,
1430 1475 1454 1503 si
1485 1476 1655 1509 advenerim,
1680 1484 1730 1512 per

940 1519 990 1546 hos
1005 1519 1037 1547 ad
1059 1520 1155 1548 ducem
1173 1522 1365 1556 perducantur.
1385 1522 1444 1557 ipse
1457 1522 1523 1555 dux,
1542 1531 1597 1557 quo
1621 1523 1648 1550 in
1668 1523 1730 1550 loco

95 1568 211 1594 πανέτω
235 1567 263 1593 δὲ
281 1567 309 1593 ἐν
324 1564 346 1600 ᾧ
370 1567 445 1602 τόπῳ
465 1567 592 1602 ηὐλίζετο
607 1566 637 1599 ἒξ
654 1566 782 1603 ἄνόραςῆ
799 1567 884 1600 ὀκτὼ,

938 1565 1020 1601 226
1042 1565 1133 1594 denuo
1151 1568 1287 1600 considet,
1303 1568 1364 1595 inde
1383 1577 1478 1597 rursus
1499 1569 1632 1597 stationes
1652 1575 1730 1596 exte-

94 1614 162 1645 τοὺς
190 1613 388 1649 ὗποδοχαρίους
416 1613 617 1648 καλουμένους,
649 1614 717 1648 μετὰ
745 1613 792 1640 καί
816 1622 887 1645 nvo;

94 1660 230 1696 ἄρχοντος
251 1660 306 1686 τῶν
329 1659 491 1696 χρησίμων·
510 1660 553 1687 ἵνα
575 1660 599 1686 οι
619 1660 792 1695 πεμπόμενοι
813 1660 887 1695 παρὰ

93 1707 151 1733 τῶν
174 1707 388 1742 παραμενόντων
403 1707 460 1737 τοῖς
481 1705 588 1741 ἐχθροῖς
607 1706 730 1741 μανδᾶτα
745 1705 884 1741 φέροντες,

936 1612 1022 1640 riores
1041 1613 1169 1641 dimittat.
1199 1614 1259 1641 Sint
1285 1619 1375 1642 autem
1407 1615 1434 1642 in
1466 1615 1587 1650 qualibet
1612 1616 1731 1643 statione

937 1659 1039 1686 milites
1063 1660 1188 1694 quaterni
1212 1669 1218 1687 :
1243 1665 1282 1694 ut,
1309 1661 1380 1688 binis
1409 1666 1492 1689 noctu
1517 1661 1729 1693 dormientibus,

935 1706 991 1734 bini
1010 1706 1122 1741 vigilare
1135 1711 1245 1742 queant.

94 1753 333 1788 προσερχόμενοι,
355 1753 389 1779 δι’
414 1752 504 1780 αὐτῶν
526 1752 564 1787 τῷ
590 1752 735 1788 στρατηγῷ
770 1752 1008 1787 άποκομίζωνται·
1033 1754 1061 1780 ὲν
1080 1751 1102 1787 ᾦ
1118 1754 1147 1780 δὲ
1165 1754 1245 1781 πάλιν
1277 1754 1352 1790 τόπῳ
1378 1756 1391 1782 ό
1418 1757 1569 1791 στρατηγὸς
1592 1755 1732 1790 ἀπληκεύ·

96 1807 157 1829 σει,
192 1799 224 1825 τὰ
244 1798 378 1832 ὲξώὸιγλα
404 1798 602 1825 ἀποστελλέτω.
627 1798 769 1824 Ἔστωσαν
789 1798 817 1824 δὲ
837 1799 888 1825 ἀνά
926 1799 1060 1835 τέσσαρες
1082 1799 1178 1835 ἄνδρες
1202 1802 1231 1827 ἐν
1268 1802 1375 1836 ἑκάστῳ
1402 1803 1518 1838 σταδίῳ·
1540 1804 1599 1834 ἵνα,
1614 1803 1667 1830 τῶν
1685 1801 1733 1829 δὺυ

94 1844 285 1872 καθευδόντων
298 1845 405 1878 νυκτὸς,
418 1845 441 1871 οι
456 1844 503 1871 δύο
517 1844 701 1880 γρηγορῶσιν.

95 1915 148 1951 [Ρ.
187 1914 254 1951 146]
287 1914 366 1942 ΚΕΦ.
401 1914 475 1951 ις’,
496 1915 566 1951 Περὶ
600 1915 802 1950 διαχωρισμοῦ
836 1914 889 1941 τοῦ

425 1950 565 1977 τούλδου.

132 2019 184 2045 Δετ
192 2016 240 2045 οὖν
253 2026 293 2051 σε,
305 2015 328 2044 ὦ
342 2017 490 2053 στρατηγὲ,
502 2016 550 2044 καὶ
565 2017 644 2044 τοῦτο
657 2016 888 2052 παραφυλάττειν,

95 2065 146 2092 καὶ
161 2064 245 2100 ήνίκα
258 2065 408 2100 πλησιάσαι
424 2063 524 2099 μέλλῃς
536 2064 592 2095 τοῖς
608 2063 757 2096 πολεμίοις,
774 2063 804 2089 τὸ
814 2063 890 2089 τοῦλ-

95 2110 144 2136 δον
159 2110 215 2136 ἀπὸ
239 2109 286 2136 σοῦ
300 2109 473 2145 διαχωρίζειν
492 2109 539 2135 καὶ
554 2107 730 2135 ἀποστέλλειν
748 2107 867 2143 μήκοθεν
877 2127 886 2139 ,

95 2156 126 2183 ὲν
139 2155 234 2191 ὀχυρῷ
245 2156 320 2191 τόπῳ
335 2155 352 2191 ἢ
372 2156 400 2182 ὲν
414 2155 536 2191 κάστρῳ,
549 2155 634 2190 ἄνδρα
649 2154 710 2181 τινὰ
723 2153 777 2180 τῶν
792 2154 889 2189 χρησί-

1017 1914 1080 1942 CAP.
1099 1914 1169 1941 XVI.
1188 1914 1225 1941 De
1245 1914 1427 1942 submovendis
1446 1915 1652 1951 impedimentis.

976 2014 1044 2042 illud
1064 2022 1183 2050 quoque,
1210 2023 1227 2043 ο
1254 2014 1320 2049 dux,
1344 2015 1491 2044 observare
1520 2020 1547 2043 te
1569 2021 1687 2052 oportet,
1702 2023 1732 2045 ut

941 2060 1051 2095 quando
1072 2062 1186 2097 propius
1213 2061 1343 2090 accedere
1372 2063 1405 2090 ad
1433 2063 1526 2091 hostes
1546 2063 1624 2095 velis.
1644 2065 1731 2100 impe-

943 2107 1062 2134 dimenta
1083 2107 1132 2135 abs
1157 2111 1184 2135 te
1200 2112 1304 2136 remota
1325 2108 1434 2144 longius
1453 2110 1594 2142 amandes,
1611 2111 1638 2137 in
1656 2119 1754 2138 comw

942 2152 1078 2180 munitum
1098 2152 1189 2180 locum
1204 2153 1245 2180 vel
1265 2153 1406 2189 oppidum,
1421 2154 1519 2182 tradita
1542 2155 1651 2183 illorum
1666 2164 1730 2184 cura

98 2211 161 2236 μων
179 2201 229 2228 καὶ
242 2201 382 2237 ἐμπείρων
393 2201 524 2236 ἑφιστῶν,
541 2201 713 2237 προνοεῖσθαι
726 2199 810 2228 αὑτοῦ
820 2209 828 2216 ·
843 2201 884 2227 και

942 2197 1001 2225 viro
1016 2197 1103 2232 probo
1127 2205 1160 2225 ac
1183 2198 1294 2233 perito:
1313 2199 1355 2227 cui
1383 2200 1449 2227 item
1480 2201 1586 2235 equites
1610 2202 1733 2230 valentes

97 2248 199 2278 ἱππεῖς
214 2247 344 2282 μαχίμων
363 2247 468 2283 ἀνδρῶν
483 2247 591 2281 ὀλίγους
604 2247 681 2278 τινὰς
701 2247 832 2282 παρέχειν
850 2245 889 2281 τῷ

94 2293 213 2328 ἄρχοντι
226 2292 272 2319 τοῦ
293 2292 401 2320 τούλδου
411 2312 419 2325 ,
432 2293 507 2324 ὃπως
521 2293 555 2319 δι’
570 2292 659 2318 αὐτῶν
673 2292 700 2319 at
716 2291 807 2326 βίγλαι
823 2299 891 2326 κρα-

95 2339 201 2367 τῶνται
221 2339 261 2371 εἰς
277 2338 401 2375 φυλακὴν
417 2339 464 2365 τοῦ
488 2338 611 2366 τούλδου.
647 2337 743 2365 Ἦνίκα
760 2338 788 2366 δὲ
809 2338 890 2366 πάλιν

95 2387 126 2412 ὲν
142 2385 228 2421 χρείᾳ
247 2385 344 2412 τούτου
358 2385 485 2421 γένηται,
509 2384 696 2420 καταμηνύειν
713 2384 752 2421 τῷ
773 2386 891 2420 ὲμπεπι-

97 2432 244 2467 στευμένῳ
260 2432 310 2467 τὴν
326 2432 454 2466 πρόνοιαν
467 2431 551 2459 αὑτοῦ
575 2431 698 2468 ἄρχοντι,
720 2431 809 2458 ἔλοείν
824 2432 854 2458 ὲν
868 2426 891 2465 ᾦ

95 2478 178 2513 τόπῳ
193 2477 324 2512 διωρίσθη
340 2477 388 2504 τοῦ
406 2477 541 2513 ἑνωθῆναι
556 2486 608 2505 σοι.
629 2477 683 2505 Τοῦ
707 2477 798 2514 μέντοι
813 2477 892 2504 τούλ-

96 2523 144 2550 δου
170 2522 226 2549 ἀπὸ
243 2523 290 2549 σοῦ
311 2522 541 2558 διαχωριζομένου
554 2543 562 2556 ,
579 2523 782 2559 ἀναλαμϐάνειν
805 2531 835 2550 σε
851 2522 893 2550 δεῖ

95 2570 277 2603 ἐπισιτισμὸν
299 2568 347 2596 τοῦ
370 2569 436 2596 λαοῦ
459 2571 506 2597 καὶ
525 2570 615 2605 ταγὰς
638 2571 693 2597 τῶν
722 2570 828 2603 ἵππων,
845 2569 892 2596 δύο

95 2615 243 2650 ⁴ἡμερῶνῆ
258 2615 355 2650 τριῶν,
371 2615 576 2651 βασταζομένας
593 2618 632 2649 είς
645 2617 737 2652 ταχεῖς
751 2616 890 2652 ἡμιόνους,

95 2661 115 2696 ἢ
131 2661 185 2687 καὶ
200 2660 300 2692 ἵππους
316 2661 345 2687 ὲν
360 2662 414 2692 τοῖς
433 2662 650 2697 σαγμσσελλίοις.
671 2661 768 2688 Ἦνίκα
783 2661 811 2687 δὲ
826 2660 890 2696 μέλ-

96 2706 150 2741 λῃς
170 2705 279 2740 κούρσῳ
290 2706 344 2732 τῶν
355 2706 491 2742 πολεμίων
502 2707 686 2743 ἀκολουθῆσαι
698 2707 807 2738 νυκτὸς,
820 2707 892 2734 am»

96 2751 131 2779 τὸ
150 2751 271 2787 μάχιμον
288 2752 446 2788 στράτευμα
469 2753 707 2789 τεθωρακισμένον
725 2753 813 2784 ἔστω,
829 2752 894 2779 ὲκά-

99 2807 172 2825 στου
186 2798 217 2825 τὸ
230 2798 382 2832 ἐπιτήδειον
398 2799 466 2834 πρὸς
477 2799 507 2826 τὺ
520 2800 647 2834 πολεμεῖν
660 2799 741 2826 ὅπλον
755 2799 784 2825 ἐν
800 2797 894 2833 χερσὶν

99 2844 224 2879 ἔχοντος.
253 2843 334 2871 Ἀλλὰ
349 2845 396 2872 καὶ
410 2845 439 2871 τὺ
457 2845 602 2880 λεγόμενον
620 2845 691 2872 σακα
709 2843 822 2872 δπισθεν
835 2843 892 2879 ἔχε,

942 2243 1045 2278 aliquot
1063 2243 1228 2271 attribuendi
1251 2249 1326 2277 sunt,
1347 2252 1396 2281 per
1414 2253 1485 2281 quos
1504 2246 1626 2274 excubiae
1644 2248 1732 2282 impeo

942 2289 1126 2317 dimentorum
1142 2291 1386 2319 custodiendorum
1401 2299 1486 2320 causa
1501 2292 1577 2320 ﬁant.
1596 2293 1625 2321 Si
1641 2293 1733 2321 denuo

941 2335 990 2363 tibi
1005 2342 1074 2370 opus
1090 2340 1143 2369 est,
1157 2336 1257 2363 manda
1276 2336 1415 2372 praefecto,
1433 2338 1477 2366 cui
1490 2343 1532 2366 est
1546 2339 1653 2367 illorum
1666 2347 1732 2367 cura

942 2381 1058 2415 credita,
1075 2385 1106 2410 ut
1118 2386 1226 2410 moveat
1242 2382 1270 2410 in
1291 2383 1393 2416 locum,
1410 2384 1456 2412 ubi
1468 2392 1497 2413 se
1515 2389 1605 2412 tecum
1618 2386 1732 2421 conjun-

942 2435 1005 2464 gere
1024 2427 1119 2463 jussus
1137 2433 1188 2456 est.
1211 2428 1249 2456 Ita
1266 2433 1357 2457 autem
1378 2429 1508 2464 ahlegans
1526 2430 1732 2465 impedimenta,

943 2474 1025 2503 debes
1039 2479 1130 2502 tecum
1151 2481 1261 2502 sumere
1276 2475 1379 2503 cibaria
1400 2475 1517 2503 militum
1537 2481 1564 2504 et
1577 2476 1676 2511 pabula
1686 2476 1732 2511 ju-

942 2523 1108 2552 mentorum,
1123 2519 1152 2546 in
1174 2519 1243 2547 duos
1261 2519 1321 2547 dies
1337 2519 1379 2547 vel
1401 2524 1468 2552 tres,
1484 2528 1544 2555 quae
1565 2521 1632 2549 vela
1650 2521 1733 2549 mulis

942 2565 1083 2593 velocibus
1100 2565 1246 2598 vehantur,
1261 2565 1304 2592 vel
1320 2565 1402 2592 etiam
1425 2573 1508 2600 supra
1520 2573 1606 2601 equos
1633 2567 1660 2594 in
1687 2574 1734 2594 sa-

943 2612 1075 2647 gimis.At
1088 2613 1198 2646 quando
1212 2612 1380 2647 praedatores
1394 2612 1514 2640 hostium
1528 2613 1633 2647 insequi
1650 2618 1732 2640 noctu

943 2658 1022 2691 velis,
1039 2665 1135 2685 omnes
1154 2658 1265 2690 milites,
1283 2662 1417 2693 quotquot
1429 2659 1543 2686 idoneos
1561 2659 1594 2686 ad
1609 2667 1734 2695 pugnan-

943 2704 1006 2731 dum
1022 2704 1115 2736 habes,
1131 2703 1236 2732 loricati
1250 2712 1311 2732 esse
1329 2705 1439 2739 debent,
1454 2709 1481 2733 et
1499 2705 1582 2733 telum
1603 2705 1638 2733 ad
1663 2713 1734 2740 prae-

945 2749 1066 2777 liandum
1096 2754 1188 2784 aptum
1215 2750 1405 2785 unusquisque
1433 2751 1460 2778 in
1485 2752 1613 2779 manibus
1632 2757 1732 2780 teneat.

945 2795 1020 2822 Habe
1040 2796 1121 2823 etiam
1148 2796 1270 2831 globum,
1285 2804 1367 2832 quem
1385 2804 1448 2825 saca
1467 2805 1608 2831 vocamus,
1623 2805 1638 2825 a
1658 2803 1734 2832 tergo

946 2843 1169 2878 subsequentem.
1185 2843 1212 2871 Si
1229 2851 1276 2878 per
1292 2844 1351 2872 loca
1367 2845 1498 2880 impedita
1518 2847 1612 2873 hostes
1628 2845 1679 2873 iter
1690 2843 1733 2873 Inv
