1913 3068
135 150 193 183 981.

758 145 960 179 VELITATIO
973 146 1141 178 BELLICA.

1708 143 1761 176 £82

135 216 199 239 νους
214 206 331 242 ἔχοντες,
341 206 389 234 καὶ
404 206 598 242 πληττὲτωσαν
610 207 672 238 τοὺς
685 206 835 239 διώκοντας
852 215 859 221 ·
880 205 924 233 ἵνα

977 205 1081 233 insidiis
1109 204 1203 232 eodem
1230 204 1291 232 loco
1319 208 1476 238 occurrant,
1508 203 1615 238 sibique
1635 203 1705 230 inter
1733 210 1762 228 so

133 254 183 282 aut
195 254 259 284 τοὺς
268 253 441 288 τραυματίας
451 252 505 280 τῶν
515 253 587 280 tam
598 253 763 286 διασώσωσι,
775 254 822 280 καὶ
833 253 924 280 ἵππων

134 299 301 327 ἁτονούντων
326 299 342 335 ἢ
364 299 411 326 καὶ
439 299 633 335 πληττομένων
665 300 767 336 ἑτέρων
793 300 924 336 ἐπιϐῆναι

134 347 393 381 παρασκευάσωσιν.
413 343 469 372 Εἴθ’
486 346 572 378 οὕτως
587 345 754 378 ἐπιδιδόντας
768 347 832 378 τοὺς
846 347 923 381 χαλι-

133 391 197 421 νοὺς
213 390 267 416 τῶν
291 390 382 417 ἵππων
401 390 459 426 μετ’
488 391 599 423 ὲλασίας
625 392 803 428 μακρυνθῶσι
827 392 924 427 μικρὸν

131 436 189 463 τῶν
205 435 371 463 διωκόντων·
388 436 430 463 ἴνα
440 437 488 464 καὶ
501 437 548 464 τοῦ
567 437 669 473 βάρους
682 438 729 464 τοῦ
745 439 923 473 ἐπικειμένου

132 483 228 513 αὐτοῖς
246 481 300 508 τῶν
315 481 452 517 πολεμίων
475 482 575 517 μικρὸν
593 483 774 518 κουφισθῶσι,
791 484 924 517 κάκεῖνοι,

132 527 263 563 ὀξύτερον
285 528 348 560 τοὺς
364 528 464 560 ἵππους
482 528 640 561 ἐλαύνοντες
656 529 723 565 πρὸς
740 529 844 562 δίωξιν,
861 530 924 556 ἀτό-

132 583 198 605 νους
214 573 261 600 καὶ
287 573 519 609 λειποψυχοῦντας
541 574 725 610 ἐργάσωνται.
744 575 925 609 Ἑγγιζόντων

132 620 162 646 δὲ
172 619 211 653 τῷ
229 619 407 655 ἐγκρῦμματι
424 620 479 646 τῶν
495 620 668 655 διωκομένων
683 621 730 648 τοῦ
748 621 811 648 λαοῦ
834 622 923 658 ήμῶν,

132 663 191 689 εἴτε
205 664 280 700 δεξιᾷ
305 663 361 690 εἴτε
389 664 516 700 εὐώνυμα
538 665 717 693 διελθέτωσαν
732 675 738 681 ·
757 666 800 693 ἵνα
815 667 862 693 τοῦ
880 668 923 700 ὲγ-

132 709 302 743 κρύμματος
325 708 503 745 ὲξερχομὲνου
518 711 554 746 μὴ
575 711 645 737 κατὰ
660 711 744 738 τόπον
755 712 846 744 αὐτοῖς
862 721 925 738 συν-

133 754 295 789 αντήσωσι,
321 756 368 782 καὶ
401 755 535 792 ἀλλήλους
557 756 769 791 παραϐλάψωσι.
798 758 876 784 Μετὰ
896 757 925 784 δὲ

133 799 224 827 ταῦτα
238 800 292 827 τῶν
314 801 487 837 διωκομένων
504 802 552 829 σὺν
572 803 664 834 αὐτοῖς
677 801 753 830 οὖσιν
767 805 796 831 ἐν
816 804 854 839 τῷ
884 804 926 838 ἔγ-

134 845 293 880 κρύμματι,
308 846 544 882 ὑποστρεφόντων.
561 848 616 874 Καὶ
642 849 674 874 ὲκ
698 848 745 875 δύο
768 848 859 884 μερῶν
875 849 925 883 τῆς

132 890 227 925 ὁρμῆς
247 890 337 918 αὐτῶν
364 891 436 918 κατὰ
462 892 516 918 τῶν
533 893 672 928 πολεμίων
700 895 858 930 γινομένης,
884 896 923 926 εἰς
941 880 963 908 Β

132 936 270 971 ὠφέλειαν
289 938 337 964 καὶ
356 937 436 964 τοῦτο
453 937 499 965 τοῦ
524 939 659 974 ἡμετέρου
683 939 747 966 λαοῦ
768 942 924 975 γενήσεται.

135 984 229 1010 Ἔστω
241 984 270 1010 δὲ
284 985 298 1010 ό
310 985 393 1017 τόπος
407 985 454 1011 τοῦ
473 986 669 1022 ὲγκρύμματος
686 988 839 1023 ἐπιτήδειος
857 990 926 1024 πρὸς

132 1030 164 1056 τε
179 1029 269 1060 καλῶς
278 1030 376 1062 αὐτοὺς
393 1031 598 1066 ἀποκρύπτειντ
614 1032 742 1068 στένωμα
756 1034 782 1059 δὲ
795 1033 810 1068 ἢ
823 1034 927 1069 δυσχω·

135 1077 198 1110 ρίαν
211 1076 249 1106 είς
267 1076 316 1112 τὴν
332 1076 421 1108 ἔξοδον
435 1078 567 1113 μηδαμῶς
595 1080 690 1114 ἐχέτω,
708 1080 766 1106 ἀλλ’
790 1082 926 1115 ἐφόμαὶος

133 1122 206 1149 ἔστω
220 1125 268 1150 καὶ
282 1124 449 1160 εὐρύχωρος,
468 1126 551 1161 μηδὲν
568 1128 780 1162 παρεμποδὶζων
792 1129 840 1164 τὴν
855 1129 926 1156 κατὰ

133 1169 190 1195 τῶν
205 1170 342 1205 πολεμίων
358 1172 449 1198 αὐτῶν
461 1173 549 1207 ὁρμὴν
562 1174 609 1200 καὶ
624 1174 714 1206 ὀξεῖαν
731 1175 865 1209 ἐπίθεσιν,
879 1176 926 1203 καὶ

135 1215 255 1248 μάλιστα.
275 1218 339 1252 περὶ
365 1218 428 1250 coit;
451 1218 601 1254 δισχιλίους
619 1219 641 1235 ⁸⁸
667 1220 764 1248 ὄντων.
787 1221 849 1248 Ἐπὶ.
870 1222 925 1258 γὰρ

133 1261 262 1287 τοσοίτου
272 1261 389 1297 ἀριθμοῦ
402 1263 532 1290 πλατεῖαν
549 1265 595 1291 καὶ.
611 1265 720 1292 εὐθεῖαν
738 1264 808 1293 εἶναι
823 1267 863 1293 δεῖ
877 1267 926 1303 τὴν

134 1305 226 1338 ξξσδον
241 1308 288 1333 τοῦ
306 1309 427 1335 τοιούτου
448 1310 558 1344 χωρίου.
580 1311 633 1337 Καὶ
657 1312 673 1345 ἡ
690 1313 818 1346 περιωπή
840 1313 879 1345 δὲ,
897 1314 926 1340 ἐν

133 1348 151 1387 ᾖ
171 1352 276 1379 ἵσταται
292 1353 400 1388 βλέπων
418 1355 431 1381 ὁ
445 1355 492 1381 τοῦ
510 1355 574 1382 λαοῦ
591 1356 638 1383 τοῦ
653 1358 682 1383 ὲν
695 1357 735 1393 τῷ
748 1357 925 1394 ὲγκρὺμματι

133 1399 268 1432 αρχηγὸς,
285 1399 425 1435 ἐπιτηδεία
442 1400 519 1433 ἔστω,
537 1401 606 1428 ὥστε
623 1403 743 1438 καθορᾷν
758 1403 812 1430 ἀπὸ
827 1405 925 1432 πολλοῦ

133 1443 321 1478 διαστήματος
349 1445 411 1478 τοὺς
439 1445 588 1480 διώκοντας
619 1449 785 1483 πολεμίους,
807 1452 852 1477 καὶ
875 1451 925 1485 τὴν

134 1488 276 1523 ποσότητα
288 1489 335 1515 τοῦ
350 1489 415 1516 λαοῦ
435 1491 525 1518 αὐτῶν
549 1493 739 1527 στοχάζεσθαι,
765 1496 811 1522 καὶ
837 1505 924 1523 κατα-

133 1535 219 1566 νοεῖν,
249 1535 322 1566 am;
337 1537 384 1570 τὴν
396 1536 489 1568 δὶωξιν
516 1538 668 1566 ποιοῦνται.
696 1540 880 1574 Ἐγγισάντων
895 1542 924 1568 δὲ

133 1579 192 1605 τῶν
206 1580 358 1607 διωκόντων
372 1582 417 1608 ἐπὶ
435 1583 473 1618 τῷ
491 1583 679 1619 ὲγκρύμματι,
693 1582 923 1622 ἐπικαλεσάμενοι

133 1624 188 1659 τὴν
201 1624 248 1651 τοῦ
257 1625 324 1651 Θεοῦ
341 1625 478 1661 βοήθειαν,
489 1628 545 1659 όξεί
563 1628 608 1654 καὶ
619 1629 792 1665 σφοδροτάτῳ
807 1633 854 1658 καὶ
876 1633 923 1658 ἀν·

133 1669 220 1704 ὁρείῳ
235 1671 376 1706 ὁρμήματι
391 1672 460 1707 μετὰ
476 1674 600 1709 κραυγῆς
615 1676 661 1702 καὶ
681 1675 840 1711 ἀλαλαγμοῦ
863 1678 924 1705 κατ’

134 1715 229 1742 αὐτῶν
252 1717 463 1752 όρμησάτωσαν.
486 1719 765 1756 ’Υποστρεφέσοωσαν
785 1723 811 1750 δὲ
831 1725 878 1751 καὶ
900 1725 925 1751 oi

133 1762 300 1797 διωκόμενοι
313 1770 319 1777 ·
340 1765 387 1790 καὶ
402 1765 434 1791 ἐκ
448 1764 495 1792 δύο
511 1766 602 1800 μερῶν
625 1766 668 1803 [Ρ.
690 1767 753 1803 151]
774 1769 823 1803 τῆς
837 1770 925 1805 όρμῆς

135 1807 230 1834 αὲτῶν
242 1809 312 1835 κατά
321 1809 375 1835 τῶν
386 1810 524 1845 πολεμίων
535 1813 732 1847 γεγενημένης,
745 1815 784 1845 εἰς
791 1814 926 1849 ὠφέλειαν

135 1855 274 1882 καὶτοῦτο
293 1857 340 1883 τοῦ
365 1858 499 1894 ἡμετέρου
521 1860 637 1893 στρατοῦ
659 1861 812 1895 γενήσεται.
829 1861 885 1887 Καὶ
899 1862 923 1888 εί

135 1901 291 1934 ἀκολούθως
310 1903 399 1930 πάντα
413 1904 483 1931 κατὰ
509 1905 555 1931 τὸν
577 1906 699 1940 παρόντα
726 1906 860 1942 πραχθείη
887 1907 927 1934 δι-

135 1949 253 1984 ορισμὸν
264 1969 271 1981 ,
288 1949 395 1984 ἔχοντες
409 1951 462 1986 πρὸ
475 1951 583 1978 πάντων
594 1952 639 1978 καὶ
652 1952 700 1986 τὴν
714 1953 760 1978 τοῦ
777 1953 844 1979 Θεοῦ
861 1954 926 1989 βοή-

135 1995 214 2021 θειαν
229 1997 472 2032 συνεφαπτομένην
488 1997 590 2029 αὐτοῖς,
610 1998 654 2024 eia.
670 1999 731 2024 τότε
747 2000 925 2035 καταστροφὴ

135 2041 186 2067 καὶ
198 2040 308 2075 δ).εθρος
324 2041 378 2067 τῶν
393 2041 530 2077 πολεμίων
541 2043 698 2077 γενήσεται,
716 2044 740 2069 οἱ
759 2045 856 2080 πεῖραν
870 2044 924 2072 τῶν

135 2085 266 2113 τοιούτων
292 2086 400 2122 ἔχοντες
423 2087 507 2114 ἴσασι.
533 2089 588 2115 Καὶ
611 2088 670 2121 πῶς
696 2089 751 2125 γὰρ
775 2089 839 2126 ἄρα,
869 2090 925 2118 τῶν

135 2133 230 2159 ἳππων
244 2135 276 2169 τῇ
297 2135 392 2170 μακρᾷ
418 2135 466 2161 καὶ
485 2135 602 2170 συντόνῳ
625 2135 716 2169 διώξει
740 2137 924 2172 ἡτονηκότων,

135 2180 248 2206 καὶτῶν
263 2180 369 2216 ἀνδρῶν
382 2180 420 2216 τῷ
430 2181 520 2216 πολλῷ
538 2182 612 2217 πόνῳ
624 2182 674 2217 τῆς
690 2183 782 2218 μάχης
804 2184 925 2212 ἐκλελοι-

976 252 1064 279 fraudi
1084 251 1148 278 sint.
1163 251 1197 278 At
1211 251 1292 286 233
1306 250 1354 278 ubi
1376 250 1512 286 fugientes
1532 257 1562 277 se
1585 257 1647 277 enm
1667 249 1720 276 illis
1735 249 1761 275 in

976 299 1088 326 latibulo
1105 297 1306 330 coniunxerint,
1319 300 1376 324 tum
1396 304 1426 324 se
1443 296 1598 324 obvertant.
1630 293 1664 322 Et
1691 294 1714 322 si
1727 301 1762 322 ex

975 345 1082 373 duabus
1099 344 1220 380 partibus
1234 342 1439 378 impressiOuem
1453 342 1480 369 in
1495 342 1587 369 hostes
1603 340 1717 371 faciunt.
1736 340 1762 366 id

975 399 1086 426 quoque
1100 390 1242 417 utilitatem
1258 388 1359 416 nostris
1375 388 1460 422 copiis
1482 387 1585 415 afferet.
1604 386 1646 414 Sit
1673 390 1763 413 autem
1787 408 1794 414 .

976 438 1053 465 locus
1074 437 1234 464 insidiarum
1259 436 1291 462 ad
1318 442 1366 462 eos
1382 435 1449 461 bene
1471 433 1648 461 occultandos
1664 437 1764 468 aptus:

977 491 1064 517 neque
1089 481 1230 518 angustias
1259 482 1331 508 circa
1357 480 1459 508 exitum
1486 480 1680 514 aspcritatesve
1710 478 1765 505 ullo

978 530 1058 557 modo
1086 529 1195 561 habent,
1223 528 1270 555 sed
1297 528 1393 562 planus
1421 526 1582 562 patulusque
1608 525 1654 558 sit,
1677 533 1766 559 neque

976 583 1070 603 eorum
1088 576 1218 609 impetum
1233 574 1259 601 in
1277 575 1368 601 hostes
1381 572 1600 608 percelcremque
1628 571 1766 598 incitatio-

976 629 1038 648 nem
1056 620 1196 655 impediat,
1217 620 1335 646 maxime
1352 619 1373 646 si
1392 618 1424 645 ad
1441 618 1482 644 bis
1499 617 1571 644 mille
1587 617 1652 644 sint.
1679 615 1768 643 Tanto

975 668 1047 694 enim
1064 674 1176 703 numero
1193 667 1262 693 latus
1280 671 1361 700 atque
1386 671 1478 692 rectus
1504 663 1593 690 exitus
1619 669 1680 689 esse
1690 661 1770 689 debet

976 722 1007 740 ex
1021 713 1081 740 loco
1095 712 1241 747 ejusmodi.
1260 711 1324 739 item
1337 709 1458 745 specula,
1475 710 1520 737 ubi
1533 709 1585 735 dux
1607 707 1767 736 insidiarum

977 759 1101 786 consistit
1117 757 1354 793 circumspiciendi
1368 764 1462 788 causa,
1489 756 1585 782 idonea
1602 755 1646 787 sit,
1667 763 1700 782 ex
1714 762 1767 789 qua

977 813 1058 840 quum
1072 804 1231 839 longissime
1255 804 1347 830 hostes
1369 802 1543 836 insequentes
1556 801 1656 832 ridere,
1673 807 1768 828 nume—

978 859 1062 884 mque
1087 858 1181 878 eorum
1205 850 1349 880 estimato,
1366 855 1420 883 quo
1443 847 1523 874 modo
1551 846 1766 882 persecutioan

978 898 1077 925 faciant
1085 897 1233 931 intelligere
1242 895 1338 930 possit.
1351 894 1547 929 Persequentcs
1558 892 1602 919 ubi
1614 892 1646 918 :td
1655 891 1768 918 insidias

978 943 1207 978 appropinquant,
1227 942 1350 968 invocata
1362 938 1490 966 Numinis
1506 945 1567 972 Ope,
1581 937 1637 964 acri
1650 940 1676 963 et
1688 935 1769 962 vehe-

979 990 1148 1016 mentissimo
1160 993 1241 1022 atquc
1256 992 1366 1014 strenuo
1377 985 1489 1020 impetu,
1501 983 1769 1018 clamorejubilorluc

978 1037 1095 1069 sublato,
1113 1037 1139 1063 in
1156 1036 1216 1063 illos
1229 1043 1258 1063 se
1273 1035 1397 1062 incitent.
1414 1033 1501 1060 Simul
1519 1032 1652 1067 fugientes
1666 1038 1694 1057 se
1704 1037 1769 1056 coa-

978 1089 1082 1111 vcrlant
1099 1094 1106 1111 :
1122 1091 1152 1110 ac
1167 1083 1190 1109 si
1207 1090 1222 1109 e
1241 1081 1347 1108 duabus
1365 1079 1486 1114 partibus
1500 1079 1615 1112 impetus
1632 1076 1666 1104 ab
1680 1075 1768 1102 illisin

978 1133 1070 1159 hostes
1081 1130 1135 1158 ﬁeri
1148 1134 1246 1164 potest,
1265 1127 1329 1154 illud
1339 1134 1448 1162 quoque
1458 1125 1490 1152 ad
1502 1123 1652 1159 iuvandum
1660 1121 1767 1150 exerci-

979 1184 1034 1205 tum
1046 1180 1213 1204 momentum
1227 1173 1343 1201 habebit.
1353 1172 1389 1199 [ta
1399 1177 1562 1206 unaquaque
1571 1177 1599 1196 re
1608 1176 1639 1196 ex
1647 1167 1771 1203 prtescri-

979 1229 1023 1258 pto
1032 1228 1125 1250 nostro
1135 1221 1333 1252 administrata,
1341 1219 1374 1251 si,
1383 1217 1454 1254 quod
1464 1220 1600 1251 caputest,
1612 1214 1657 1242 Dei
1667 1213 1769 1241 auxilio

978 1271 1088 1303 insuper
1116 1267 1305 1298 sublevantur,
1328 1267 1429 1299 quanta
1451 1268 1506 1289 tum
1525 1260 1642 1288 hostium
1665 1263 1769 1293 strages

978 1313 1184 1347 internecioque
1196 1316 1326 1339 eventura
1345 1310 1391 1343 sit,
1406 1309 1453 1344 qui
1468 1307 1565 1334 harum
1583 1312 1768 1333 rerum,usum

978 1360 1088 1392 habent,
1108 1358 1208 1386 sciunt.
1222 1356 1275 1390 Qui
1297 1356 1381 1387 enitn,
1396 1352 1528 1388 iumentis
1542 1352 1622 1386 longa
1637 1355 1664 1378 et
1685 1350 1768 1377 citata

978 1406 1163 1441 persecutione
1180 1403 1347 1437 deiessisque
1361 1399 1441 1436 234
1456 1398 1613 1426 ltOtninibus
1628 1395 1713 1423 multo
1730 1395 1769 1422 la-

977 1453 1044 1480 bore
1069 1459 1166 1487 pugute
1188 1448 1388 1479 deﬁcientibus,
1415 1453 1469 1473 non
1482 1450 1604 1472 extrema
1625 1441 1682 1469 illis
1698 1441 1768 1468 mala

978 1497 1118 1525 accident?
1137 1496 1164 1523 Si
1184 1500 1285 1526 tamen,
1299 1492 1372 1528 quod
1386 1497 1498 1526 prorsus
1514 1487 1694 1524 improbabile
1715 1489 1767 1516 est,

979 1545 1081 1576 hostes,
1097 1541 1225 1569 uuiversa
1237 1546 1330 1567 eorum
1361 1535 1534 1564 multitudine
1554 1535 1582 1561 in
1611 1534 1685 1560 hunc
1705 1539 1769 1559 cou-

978 1589 1082 1617 ﬁietum
1113 1595 1142 1615 se
1170 1585 1340 1617 demittente,
1369 1583 1502 1610 obsistere
1536 1580 1638 1611 valent,
1674 1577 1767 1612 ﬁtquc,

979 1636 1108 1664 omnibus
1123 1634 1232 1662 illorum
1246 1632 1332 1666 copiis
1345 1629 1538 1665 pugnantibus,
1558 1633 1621 1654 aere
1631 1623 1767 1660 praelium.

977 1682 1050 1719 quod
1066 1681 1261 1709 detrimentum
1275 1681 1416 1712 acceptum
1432 1674 1535 1702 sarcire
1545 1673 1668 1703 student,
1693 1670 1768 1698 vidc-

978 1716 1077 1764 turque
1095 1732 1192 1763 praeter
1209 1723 1440 1760 exspectationem
1469 1729 1513 1748 res
1539 1726 1637 1748 casura
1656 1726 1664 1745 :
1688 1716 1768 1744 debet

977 1780 1044 1803 tunc
1078 1774 1134 1801 dux
1165 1771 1303 1800 exercitus
1335 1770 1412 1804 signo
1444 1767 1535 1802 aliquo
1563 1765 1602 1801 ac;
1627 1764 1766 1795 mandato,

977 1827 1078 1856 perque
1109 1819 1202 1846 tubam
1231 1809 1357 1851 receptui
1378 1817 1531 1845 canentem,
1557 1819 1623 1840 suos
1644 1811 1768 1839 cominus

977 1869 1110 1895 instantes
1125 1872 1265 1895 revocare,
1279 1863 1314 1890 ita
1329 1866 1358 1889 ut
1386 1866 1460 1895 terga
1471 1860 1535 1887 dent
1560 1858 1658 1895 (neque
1676 1863 1767 1885 tamen

978 1914 1004 1942 id
1022 1912 1126 1940 cursim
1138 1916 1166 1939 et
1179 1910 1242 1946 fuga
1256 1909 1352 1941 eii'usa,
1372 1908 1421 1936 sed
1448 1906 1594 1941 ordinate).
1621 1905 1767 1939 hostesque

978 1961 1011 1987 ad
1026 1957 1243 1994 persequendum
1255 1956 1374 1983 allicere.
1391 1954 1431 1981 ita
1443 1953 1516 1980 acies
1526 1952 1646 1980 hostium
1661 1951 1768 1978 incum-

978 2007 1072 2034 bentes
1090 2011 1172 2039 seque
1194 2006 1355 2038 prorucntes
1371 1999 1398 2027 in
1417 1999 1536 2033 majores
1564 1996 1678 2025 insidias
1697 1995 1766 2023 inci-

978 2050 1052 2076 dent.
1070 2047 1225 2083 Fugientes,
1243 2046 1276 2073 ab
1290 2052 1344 2073 uno
1360 2045 1442 2072 latere
1459 2042 1577 2076 latibuli,
1603 2040 1682 2069 sicuti
1695 2040 1767 2067 dixi-

977 2102 1050 2126 mus.
1064 2091 1246 2129 praetervecti,
1273 2091 1319 2119 ubi
1342 2091 1370 2119 in
1394 2090 1499 2117 hostem
1526 2087 1644 2123 majores
1661 2084 1766 2113 insidia:

977 2142 1220 2171 consurrexerunt,
1236 2136 1287 2173 ipsi
1299 2143 1407 2173 quoque
1417 2135 1542 2172 protinus
1550 2141 1580 2162 se
1594 2135 1763 2164 convertant,

979 2186 1133 2220 infestaque
1160 2184 1235 2220 signa
1251 2182 1415 2211 adversariis
1434 2182 1562 2218 utrinque
1588 2179 1740 2208 inierentur
1756 2188 1763 2205 :

137 2225 229 2252 πότων
241 2245 249 2258 ,
265 2226 294 2252 οὐ
310 2226 345 2254 τὰ
360 2226 453 2253 κακῶν
475 2226 578 2262 ἔσχατα
601 2228 708 2259 τούτοις
736 2228 924 2264 συμϐήσεταις

977 2232 1048 2269 quod
1063 2238 1162 2267 magno
1176 2230 1333 2266 adjumento
1349 2230 1402 2257 erit
1425 2229 1569 2257 exercitui.
1586 2226 1765 2262 lnseq'uentes

136 2273 160 2298 ει
178 2272 219 2304 δὲ,
245 2273 314 2308 ὅπερ
338 2273 428 2308 πάντη
453 2273 616 2300 ἀνέλπιστόν
629 2275 716 2306 ἐστιν,
737 2275 881 2310 ἰσχύσωσιν
901 2277 927 2303 oi.

138 2318 264 2353 πολέμιοι
277 2319 445 2354 ἀντιστῆναι,
466 2320 557 2355 πάσης
573 2320 663 2347 αὐτῶν
676 2321 726 2356 τῆς
741 2321 882 2357 δυνάμεως
897 2323 927 2350 ἐν

135 2365 176 2400 τῷ
188 2364 303 2399 τοιούτῳ
320 2365 432 2406 πολέμῳ
457 2366 695 2401 παραγενομένης,
722 2368 771 2394 καὶ
802 2367 927 2403 καρτερὰ

138 2411 213 2445 μάχη
228 2411 339 2446 γένηται
359 2413 511 2447 πανστρατὶ
534 2412 624 2439 αὐτῶν
640 2413 813 2448 μαχομένων,
835 2414 879 2441 διὰ
895 2415 926 2441 τὺ

135 2459 187 2493 τὴν
206 2456 290 2494 ἧτταν
301 2458 392 2485 αὐτῶν
409 2458 640 2490 ἀνακαλέσασθαι,
653 2460 698 2485 καὶ
716 2459 786 2486 κατὰ
797 2460 925 2496 δεύτερον

136 2505 217 2538 ὶόγον
240 2504 323 2531 τοῦτο
346 2505 435 2539 συμῢῇ
454 2513 460 2520 ·
476 2504 517 2530 δεῖ
531 2504 577 2530 τὸν
595 2505 642 2531 τοῦ
667 2505 784 2540 στρατοῦ
803 2506 924 2541 ἀρχηγὸν

135 2552 192 2577 ἀπὸ
206 2551 379 2586 «mamma;
392 2559 465 2582 τινος
477 2552 524 2577 καὶ
547 2550 686 2586 διορισμοῦ
704 2552 751 2578 καὶ
774 2552 925 2586 σάλπιγγος

135 2597 324 2631 ὰνακλητικῆς
345 2596 508 2632 διαχωρίσαι
531 2597 595 2628 τοὺς
614 2597 734 2628 οἰκείους
749 2598 798 2633 τῆς
818 2598 850 2624 ἐκ
867 2606 925 2632 χει-

137 2643 193 2678 ρῶν
223 2643 330 2678 μάχης,
354 2642 426 2669 νῶτα
452 2642 576 2669 διδόντων
600 2643 690 2669 αὐτῶν
715 2643 797 2678 (πλὴν
820 2643 856 2678 μὴ
874 2644 922 2670 σὺν

135 2689 234 2724 sicut;
253 2690 300 2716 καὶ
316 2691 388 2724 φυγῇ
403 2688 526 2724 ἀκόσμῳ,
539 2689 596 2715 ἀλλ’
606 2688 773 2724 εὐτάκτως),
789 2689 922 2725 ἐρεθίζειν

138 2743 168 2761 τε
176 2735 239 2767 τοὺς
249 2734 396 2770 πολεμίους
413 2734 481 2770 πρὸς
493 2734 594 2768 δίωξιν.
614 2734 720 2762 Ἐπικιι
725 2734 813 2771 μένων
827 2735 855 2761 δὲ
868 2734 924 2761 τῶν

976 2279 998 2307 si
1012 2285 1099 2313 usque
1112 2277 1144 2304 ad
1155 2276 1269 2304 insidias
1283 2276 1402 2311 provecti
1414 2280 1515 2305 temere
1531 2275 1557 2302 in
1569 2274 1630 2302 illas
1644 2273 1764 2306 irruunt,

975 2324 1072 2356 nostri,
1088 2323 1184 2350 audaci
1204 2327 1286 2357 atque
1305 2327 1416 2349 strenuo
1440 2323 1544 2356 impetu
1555 2327 1592 2348 ex
1611 2319 1722 2347 latebris
1738 2319 1764 2345 in

975 2371 1036 2398 illos
1052 2369 1236 2405 provoluntes.
1252 2367 1355 2396 Christi
1375 2368 1463 2403 gratia
1483 2367 1627 2404 magniﬁca
1642 2366 1702 2394 illos
1714 2373 1764 2393 su-

975 2414 1119 2448 perabunt,
1136 2419 1317 2448 magnamque
1328 2412 1444 2448 gloriam
1459 2416 1670 2447 consequentur.
1686 2410 1764 2444 Quod

977 2459 998 2486 si
1014 2463 1123 2494 propter
1149 2457 1273 2494 quaedam
1299 2462 1388 2485 errata
1414 2457 1522 2492 penitus
1548 2457 1663 2485 fundere
1691 2456 1764 2483 acies

978 2505 1096 2533 hostium
1114 2513 1168 2533 non
1189 2509 1347 2540 potuerunt,
1364 2504 1436 2539 quod
1460 2503 1634 2531 multitudine
1658 2503 1762 2530 inﬁnita

976 2550 1118 2586 copiisque
1134 2550 1262 2578 omnibus
1287 2547 1458 2584 congregatis
1482 2548 1581 2575 acriter
1601 2546 1763 2582 pmliaban-

977 2601 1033 2629 tur,
1059 2601 1160 2628 tamen,
1182 2595 1254 2630 quod
1286 2595 1436 2630 peditatum
1467 2593 1552 2621 habes
1578 2592 1659 2621 simul
1685 2592 1762 2627 signa

977 2641 1150 2674 inferentem,
1167 2641 1266 2669 melius
1284 2646 1310 2668 tu
1325 2648 1406 2676 quam
1431 2640 1470 2667 illi
1485 2647 1543 2667 rem
1570 2647 1657 2675 geres.
1670 2637 1764 2674 Nequa

976 2688 999 2717 si
1015 2696 1129 2724 prorsus
1142 2687 1272 2721 debellas,
1287 2691 1315 2714 at
1333 2686 1448 2721 denique
1458 2685 1540 2721 235
1552 2685 1652 2713 multos
1667 2693 1762 2713 eorum

977 2734 1066 2770 gladio
1080 2734 1219 2768 conﬁcies,
1236 2734 1326 2769 plures
1343 2733 1369 2760 in
1397 2733 1551 2761 servitutem
1572 2732 1687 2768 rcdigcs,
1710 2733 1765 2759 ior-

711 2805 742 2833 C.
762 2804 792 2833 B.
806 2805 897 2835 HAS“
915 2803 1190 2834 ANNOTATIONES.

176 2863 199 2879 “
210 2862 366 2898 δισχιλίους.
381 2862 448 2892 Cod.
466 2863 487 2890 Β
503 2861 661 2898 τριχιλίονς.
