1913 3068
198 135 252 168 987

846 131 1055 162 NICEPHORI
1085 131 1217 164 PHOC'E

1769 131 1828 162 988

201 195 274 215 mum
289 191 425 222 prastent.
445 186 497 214 Sed
513 185 536 213 si
553 186 604 213 sub
621 185 707 220 signis
732 184 785 212 luis
801 190 1000 216 numerantun

1051 187 1186 222 νήσαμεν,
1203 186 1230 214 ετ
1239 195 1270 220 γε
1285 185 1423 221 ὀλιγοστόν
1437 185 1494 213 last
1507 186 1536 213 τὸ
1547 186 1599 213 ὑπὸ
1611 186 1641 213 σὲ
1653 186 1826 222 στράτευμαι

200 243 248 263 sex
262 239 308 261 aut
324 233 444 268 quinque
462 233 545 259 millia
566 236 746 263 armatorum,
761 231 847 267 magis
867 239 882 257 a
896 231 985 258 fronte

201 279 302 308 adoriri
320 279 412 307 hostes
427 279 595 306 contendito.
610 277 642 304 Et
657 277 696 304 sic
706 277 813 305 callidis
827 277 947 305 consiliis
959 283 985 304 et

200 325 375 356 commentis.
407 325 431 352 si
459 331 528 359 opus
559 328 619 355 est,
646 328 702 351 tum
729 324 811 351 etiam
840 323 985 358 insperatis

201 370 464 406 procursatimiibus,
484 373 558 396 recte
577 377 608 396 ac
626 370 712 404 perite
730 369 831 396 bellum
856 369 986 396 adversus

203 425 252 445 eos
279 418 485 450 administrans,
515 417 537 444 si
565 417 647 444 habes
672 418 783 452 insuper
813 416 914 444 Christi
938 416 986 443 Dei

204 463 289 490 nostri
316 462 445 489 invictum
474 461 605 489 auxilium
630 468 678 496 pro
700 466 726 488 te
750 468 937 495 propugnans,
954 468 987 487 ex

205 508 318 535 victoria
344 513 440 535 contra
467 507 560 535 hostes
584 515 681 542 magna
709 507 859 534 constitues
878 511 987 541 tropma.

204 555 365 588 Quanquam
383 553 440 580 ﬁeri
459 561 512 580 non
533 557 631 588 potest,
648 557 677 580 ut
691 553 796 580 caeteris
811 552 891 579 rebus
904 552 990 586 impe-

207 601 307 626 ratorio
330 608 361 626 ac
380 599 497 626 scienter
513 598 546 626 ad
571 599 670 626 bellum
690 603 716 625 te
742 606 830 637 pares,
846 598 898 625 nisi
915 598 990 632 prius

206 645 362 672 exercueris
387 648 469 678 atque
496 643 629 671 erudieris
651 644 745 678 copias
768 648 840 676 tuas,
863 643 993 677 subigens

207 695 288 725 atque
301 689 383 724 239
399 689 500 716 docens
514 689 574 717 illas
589 693 646 716 tum
663 689 811 716 tractandis
823 688 918 720 armis,
934 692 991 715 tum

209 737 236 763 in
268 735 461 763 acerbitatibus
486 743 519 762 ac
546 735 678 762 molestiis
702 735 826 761 laborum
854 741 992 761 aerumna-

208 787 324 815 rumque
344 779 533 815 perferendis:
550 788 583 807 ne
605 780 739 813 mollitiei,
761 780 883 815 ignaviat,
906 783 994 806 temu-

210 827 308 857 lentise.
325 826 449 859 luxuriat,
470 826 582 861 reliquis
598 826 726 861 nequitiis
744 830 814 852 totos
827 833 857 853 se
873 825 993 852 tradant.

210 870 343 898 Convenit
368 871 450 902 item.
476 875 507 898 ut
536 879 619 905 rogas
652 875 733 904 atque
767 869 995 897 frumentationes

210 916 304 951 plenas
317 917 450 951 accipiant
460 925 468 950 ;
478 917 644 952 insuperque
651 916 779 943 donativa
788 920 815 943 et
827 916 995 950 largitiones,

211 962 282 990 ultra
295 967 439 990 consuetas
455 970 486 990 ac
505 963 674 998 pra-scriptas
688 971 694 989 :
711 966 740 989 ut
762 962 802 990 sic
819 961 997 990 necessitates

212 1016 276 1036 suas
292 1009 363 1036 nacti
393 1009 455 1036 inde
480 1013 507 1036 et
530 1016 616 1043 equos
637 1009 755 1043 optimos
775 1012 803 1035 et
828 1014 996 1036 armaturam

212 1054 345 1088 reliquam
369 1061 528 1088 comparare
554 1054 605 1082 sibi
628 1054 744 1089 possint,
769 1059 796 1081 et
818 1053 878 1081 laeta
895 1058 997 1086 mente,

213 1104 308 1135 parato
323 1104 404 1135 atque
420 1106 511 1128 erecto
523 1101 616 1128 animo
631 1108 679 1135 pro
691 1100 777 1128 sacris
789 1100 997 1135 imperatoribus

214 1146 316 1174 nostris
338 1146 522 1181 universaque
544 1146 681 1181 republica
696 1146 850 1174 Christiana
870 1146 998 1182 periculis

214 1191 334 1226 obiicere
350 1199 411 1220 sese
433 1192 525 1219 velint.
544 1190 597 1219 Sed
619 1191 742 1219 omnium
765 1192 897 1226 optimum
918 1195 1000 1226 atque

214 1238 333 1265 maxime
346 1237 542 1270 necessarium,
556 1237 631 1272 quod
649 1237 752 1264 excitat
765 1245 859 1264 eorum
874 1237 1001 1264 alacrita-

215 1289 281 1317 tem,
307 1288 385 1320 auget
405 1283 544 1318 virtutem,
563 1284 687 1311 stimulat
702 1284 824 1317 demum,
839 1289 870 1312 ut
884 1284 927 1312 vel
944 1291 1000 1312 non

215 1331 340 1358 audenda
357 1330 464 1359 eﬂieere
485 1333 631 1364 conentur,
646 1331 712 1358 illud
726 1336 778 1364 est,
795 1335 825 1359 ut
837 1338 893 1358 non
911 1330 999 1359 solum

216 1377 337 1411 ipsorum
356 1382 384 1404 et
397 1377 512 1404 militum
534 1376 587 1405 sibi
602 1375 816 1404 ministrantium
832 1378 940 1410 domus,
953 1376 1001 1404 sed

217 1423 299 1450 etiam
317 1423 437 1450 universi
460 1430 554 1450 eorum
578 1422 738 1453 necessarii.
761 1422 884 1450 omnium
909 1429 1001 1449 rerum

217 1468 416 1495 iuuuunilatem
439 1468 566 1496 habeant.
583 1467 646 1495 Haec
667 1476 681 1495 a
697 1467 832 1503 principio
849 1468 1003 1503 antiquitus

217 1515 378 1543 servabatur
393 1516 466 1543 circa
487 1516 548 1544 illos
562 1515 743 1547 consuetudo,
757 1523 790 1543 ac
798 1516 976 1550 permanebat
992 1523 1000 1543 :
1016 1529 1037 1559 α

221 1562 247 1589 id
261 1562 349 1597 ipsum
372 1569 389 1588 a
407 1561 506 1596 priscis
522 1561 746 1596 imperatoribus,
767 1562 854 1588 sacris
867 1569 899 1589 ac
917 1561 1002 1589 beatis

219 1608 273 1635 illis
283 1607 404 1642 quidem,
420 1612 446 1635 et
462 1608 682 1643 pronuntiatum,
697 1611 725 1634 et
740 1608 766 1634 in
782 1607 859 1635 libris
877 1607 1004 1634 militari-

219 1654 270 1681 bus
287 1661 380 1681 eorum
405 1654 537 1688 scriptum
563 1653 693 1688 reperies.
717 1652 817 1680 Praeter
844 1653 1003 1680 immunita-

220 1703 272 1725 tem
285 1706 354 1732 opus
367 1698 447 1725 etiam
458 1703 509 1730 est,
525 1703 555 1725 ut
565 1698 685 1725 debitum
699 1699 828 1725 honorem
842 1699 1005 1733 percipiant,

220 1752 307 1779 neque
322 1745 472 1779 despicatui
487 1745 552 1777 sint,
568 1749 614 1772 aut
627 1745 752 1780 iujuriam
770 1745 919 1779 patiantur.
935 1744 1003 1771 Nam

220 1790 303 1824 [udet
316 1798 360 1818 me
381 1791 481 1822 dicare.
497 1791 539 1818 vel
553 1791 690 1818 verberari
706 1791 841 1825 ejusmodi
858 1791 943 1822 viros,
958 1791 1005 1826 qui

220 1837 305 1864 vitam
323 1837 409 1872 ipsam
428 1837 542 1865 minoris
554 1837 666 1869 ducant,
685 1836 766 1864 modo
784 1837 872 1864 sacris
887 1836 1006 1870 impera-

221 1883 326 1910 toribus
364 1883 479 1910 oﬂicium
507 1891 586 1910 suum
616 1887 754 1917 pra‘stent,
779 1882 1006 1917 Christianosque

221 1927 337 1956 Iiberent
356 1933 384 1956 et
400 1929 567 1956 ulciscantur
586 1937 592 1956 :
609 1929 690 1963 idque
707 1929 742 1956 ab
766 1928 941 1956 exactoribus
956 1928 1006 1955 mi-

216 1974 308 2008 .scllis,
323 1975 368 2010 qui
385 1975 466 2011 240
480 1975 580 2002 nullam
597 1974 752 2010 reipublicae
771 1974 916 2001 utilitatem
934 1973 1001 2001 ail'e-

222 2024 294 2054 rant,
325 2021 377 2048 nisi
403 2021 476 2056 quod
509 2022 662 2056 exspolient
690 2020 779 2048 solum
807 2024 835 2047 et
863 2023 1008 2047 conteram

222 2071 344 2102 egentes,
363 2075 433 2102 eque
456 2067 564 2102 injuriis
580 2075 612 2094 ac
632 2067 765 2102 sanguine
783 2073 933 2103 pauperum
949 2066 1008 2101 plu-

224 2113 295 2140 rimo
317 2114 420 2148 grande
449 2113 511 2140 auri
535 2113 641 2148 pondus
668 2113 805 2148 redigant.
834 2111 890 2139 Nec
921 2112 1008 2146 magis

224 2163 342 2191 oportet.
358 2164 417 2186 uta
442 2159 580 2194 iudicibus
602 2159 816 2194 provincialibus
840 2157 1009 2186 contumelia

1035 233 1083 260 καὶ
1099 233 1291 269 εὐαρίθμητον,
1311 233 1358 260 καὶ
1374 232 1422 259 τοῦ
1435 232 1489 259 τῶν
1508 232 1645 267 πολεμίων
1660 232 1731 259 πολὺ
1746 232 1826 260 ἐλατ-

1035 277 1177 312 τούμενον.
1191 278 1222 304 Εἰ
1236 277 1264 304 δὲ
1277 277 1341 312 περὶ
1355 277 1405 309 τὰς
1419 276 1448 310 ἐξ
1462 277 1478 312 ἢ
1492 276 1572 304 πέντε
1585 277 1710 312 χιλιάδας
1726 278 1825 312 ἀπαρι-

1037 323 1145 358 θμεῖται
1164 324 1195 350 τὸ
1209 324 1261 350 ὑπὸ
1281 324 1311 351 σὲ
1328 324 1456 359 μάχιμον,
1472 323 1572 359 μᾶλλον
1586 324 1657 351 κατὰ
1678 324 1826 359 πρόσω-ιον

1025 369 1230 415 ’ἀντιτάξασθαι
1248 371 1304 402 τοῖς
1328 370 1469 405 πολεμίοις
1487 369 1639 405 ὲπείχθητι.
1663 370 1719 396 Καὶ
1740 369 1826 402 οὕτως

1037 415 1083 442 διὰ
1109 416 1265 451 μηχανικῶν
1285 415 1522 451 στρατηγημάτων
1545 417 1594 443 καὶ
1613 415 1825 451 ὲπιτηδεύσεων,

1038 462 1063 488 εί
1084 461 1148 498 χρὴ.
1176 463 1222 489 καὶ
1243 462 1382 498 ἀδοκήτων
1396 462 1467 490 κατ’
1491 462 1582 489 αὐτῶν
1602 462 1767 495 ἐπιθέσεων,
1783 463 1828 489 καὶ

1039 509 1096 534 si"
1109 509 1200 540 καλῶς
1213 509 1260 535 καὶ
1273 509 1413 544 ἐμπείρως
1433 508 1478 536 τδν
1493 509 1558 536 κατ’
1569 508 1660 536 αὐτῶν
1678 509 1828 545 μηχανῆς-ῃ

1039 554 1168 589 πόλεμον,
1192 554 1261 590 ἔχων
1275 556 1325 585 τὴν
1341 554 1460 589 Χριστοῦ
1481 554 1529 581 τοῦ
1544 554 1612 581 Θεοῦ
1629 555 1711 590 ἡμῶν
1726 555 1829 581 ἀκατα-

1043 599 1163 634 μάχητον
1189 600 1314 635 βοήθειαν
1343 599 1596 635 συνεπαμύνουσαν,
1626 600 1735 634 μεγάλα
1763 601 1831 626 κατέι

1041 645 1096 672 τῶν
1109 645 1213 681 ἐχθρῶν
1229 645 1307 680 νίκης
1326 646 1432 682 ἐργάσῃ
1444 645 1572 681 τρόπαια.
1587 645 1645 672 οὐκ
1658 644 1719 671 ἐνὸν
1736 644 1766 671 δὲ
1788 645 1831 671 ἀλ-

1041 692 1096 722 λως
1115 691 1304 726 στρατηγικῶς
1325 691 1372 718 καὶ
1398 691 1536 726 ἐμπείρως
1552 690 1622 726 πρδς
1643 690 1689 717 τὸν
1713 690 1831 724 πόλεμον

1044 737 1302 772 παρασκευασθῆναί
1317 745 1358 770 σε,
1373 737 1397 763 εἰ
1413 737 1450 772 μὴ
1465 736 1597 772 πρότερον
1610 735 1772 771 ἐξατκήσῃς
1788 736 1831 762 καὶ

1045 782 1225 818 ὲκπαιδεύσῃς
1243 782 1274 808 τδ
1289 781 1342 809 ὑπὸ
1359 782 1389 808 σὲ
1404 783 1571 818 στράτευμα,
1588 781 1687 814 ἐθίζων
1702 782 1773 808 αὐτὸ
1789 782 1832 807 καὶ

1046 829 1227 866 ἑγγυμνάζων
1247 830 1288 862 είς
1311 837 1340 856 τε
1358 829 1408 865 τὴν
1435 829 1489 856 τῶν
1516 829 1607 856 ὃπλων
1633 828 1830 864 μεταχείρισιν,

1047 877 1094 903 καὶ
1112 875 1202 902 πόνων
1219 875 1268 902 καὶ
1290 874 1484 910 ταλαιπωριῶν
1506 874 1538 901 τὸ
1558 874 1641 910 δριμὺ
1660 883 1691 902 τε
1708 875 1758 901 καὶ
1777 875 1834 901 ἐπί-

1048 931 1128 949 πονον
1152 922 1313 957 καρτερεῖνο
1337 921 1386 948 καὶ
1408 920 1446 956 μὴ
1464 921 1610 956 χαυνότητι
1625 920 1674 948 καὶ
1700 920 1832 956 ρᾳθυμζξ,

1049 968 1118 1004 μέθῃ
1132 975 1164 994 τε
1187 968 1235 994 καὶ
1260 967 1378 1002 τρυφαῖς
1400 966 1448 993 καὶ
1472 967 1532 998 ταῖς
1549 966 1643 998 ἄλλαις
1657 965 1793 996 ἀσωτίαις
1807 965 1833 991 τὸ

1048 1014 1152 1042 ἑαυτῶν
1175 1015 1230 1041 πᾶν
1255 1013 1426 1050 ἐπιτρέπειν.
1444 1013 1582 1049 Προσήκει
1600 1021 1632 1048 γε
1649 1012 1715 1048 μὴν,
1741 1011 1792 1043 τάς
1808 1019 1836 1037 τε

1049 1061 1132 1097 ρόγας
1145 1060 1235 1087 αὐτῶν
1252 1060 1299 1087 καὶ
1315 1059 1460 1095 σιτηρέσια
1474 1059 1629 1090 ἀνελλιπῶςν
1639 1058 1754 1089 τούτους
1767 1057 1835 1091 λαμ·

1050 1106 1158 1133 ϐάνειν·
1180 1105 1262 1138 ἄλλας
1285 1114 1315 1132 τε
1340 1105 1444 1141 δωρεὰς
1460 1106 1508 1132 καὶ
1531 1104 1701 1140 εὐεργεσίας,
1728 1103 1836 1132 πλείους

1049 1152 1103 1178 τῶν
1124 1151 1226 1186 ἑθίμων
1249 1151 1296 1178 καὶ
1312 1151 1574 1186 διατετυπωμένων·
1605 1151 1648 1177 ῐνα
1667 1150 1699 1177 τὺ
1715 1149 1836 1181 ἀνενδεὲς

1050 1197 1157 1233 ἔχοντες
1172 1198 1205 1225 ἐκ
1220 1196 1324 1224 τούτων
1341 1197 1474 1224 δύνωνται
1495 1197 1542 1224 καὶ
1556 1197 1656 1227 ἵππους
1673 1196 1836 1226 καλλίστους

1051 1242 1225 1275 immineat,
1241 1242 1288 1269 καὶ
1311 1241 1362 1273 τὰς
1387 1241 1469 1274 ἄλλας
1495 1241 1586 1268 αὐτῶν
1606 1240 1773 1273 πανοπλίας,
1794 1240 1837 1266 καὶ

1050 1288 1185 1324 χαιρούσῃ
1199 1288 1284 1323 ψυχῇ.
1300 1287 1348 1315 καὶ
1367 1287 1505 1324 προθύμῳ
1516 1287 1564 1314 καὶ⁸
1579 1286 1756 1321 ἀγαλλομένη
1771 1295 1837 1321 καρ-

1050 1334 1095 1370 δίᾳ
1120 1333 1341 1369 προκινδυνεύειν
1367 1333 1497 1369 αἱρῶνται
1521 1332 1576 1360 τῶν
1598 1332 1735 1368 βασιλέων
1763 1331 1839 1367 ἡμῶν

1052 1378 1105 1405 τῶν
1121 1379 1216 1413 ἁγίων,
1235 1379 1282 1405 καὶ
1296 1378 1396 1410 παντὸς
1413 1378 1460 1405 τοῦ
1476 1377 1673 1413 Χριστιανικοῦ
1687 1376 1841 1412 πληρώμαρ

1052 1433 1106 1456 τος.
1119 1425 1156 1451 T6
1166 1424 1194 1451 δὲ
1207 1426 1329 1460 κρεῖττον
1345 1425 1455 1452 πάντων
1464 1424 1514 1451 καὶ
1527 1423 1757 1459 ἀναγκαιότερον,
1774 1423 1843 1457 ὅπερ.

1052 1471 1083 1496 τὸ
1105 1470 1245 1506 πρόθυμον
1273 1469 1365 1497 αὐτῶν
1391 1469 1533 1506 διεγείρει,
1558 1469 1606 1496 καὶ
1635 1468 1685 1503 τὴν
1713 1467 1840 1503 ἀνδρείαν

1053 1516 1141 1549 αὔξει,
1164 1516 1212 1543 καὶ
1232 1516 1286 1544 τῶν
1300 1515 1460 1552 ἀτολμήτων
1476 1515 1593 1551 ὲρεθίζει
1607 1513 1797 1549 κατατολμᾷν,
1813 1512 1840 1539 τὸ

1053 1563 1158 1589 τελείαν
1172 1562 1244 1597 ἐχειν
1259 1561 1416 1596 ἐλευθερίαν
1429 1560 1479 1592 τὰς
1498 1560 1602 1587 ἑαυτῶν
1618 1559 1708 1590 οἰκίας
1725 1559 1775 1585 καὶ
1790 1557 1841 1584 τῶν

1054 1607 1284 1643 ὑπηρετουμένων
1301 1607 1393 1638 αὺτοῖς
1418 1605 1604 1642 στρατιωτῶν,
1631 1605 1679 1632 καὶ
1696 1605 1764 1636 τοὺς
1782 1603 1842 1638 περὶ

1054 1655 1151 1685 αὐτοὺς
1164 1653 1297 1685 ἅπαντας.
1306 1653 1392 1680 Τοῦτο
1403 1653 1458 1688 γὰρ
1469 1652 1588 1689 ἀρχῆθεν
1598 1651 1646 1678 καὶ
1659 1651 1715 1678 ἀπὸ
1727 1649 1842 1677 παλαιοῦ

1055 1702 1095 1733 εἰς
1118 1702 1214 1732 αὐτοὺς
1231 1701 1278 1727 καὶ
1298 1700 1475 1734 συνετηρεὴο
1491 1699 1539 1725 καὶ⁵
1561 1698 1770 1732 διεφυλάττετο·
1799 1696 1844 1723 καὶ

1055 1747 1182 1782 εὑρήσεις
1210 1746 1289 1773 τοῦτο
1313 1745 1562 1780 νενομοθετημένον
1581 1745 1658 1780 παρὰ
1680 1743 1738 1770 τῶν
1763 1743 1844 1770 πάλαι

1056 1793 1142 1826 ἁγίων
1154 1793 1202 1818 καὶ
1220 1791 1362 1827 μακαρίων
1375 1791 1518 1826 βασιλέων,
1533 1789 1581 1816 καὶ
1595 1791 1624 1816 ὲν
1634 1790 1690 1821 τοῖς
1705 1789 1844 1818 τακτικοῖς

1058 1837 1170 1872 βιϐλίοις
1183 1837 1272 1863 αὐτῶν
1287 1837 1523 1871 ὲγγεγραμμίνον.
1542 1836 1613 1870 Πρὸς
1628 1835 1657 1862 δέ
1671 1843 1703 1868 γε
1722 1837 1756 1870 τῇ
1773 1835 1844 1861 ἐλευ-

1057 1882 1136 1917 θερίᾳ
1149 1882 1202 1918 χρὴ
1216 1882 1315 1912 αὐτοὺς
1335 1882 1383 1908 καὶ
1399 1882 1448 1916 τῆς
1460 1881 1574 1916 δεούσης
1588 1880 1739 1907 ἀπολαύειν
1753 1880 1844 1915 τιμῆς,

1058 1930 1105 1956 καὶ
1120 1929 1158 1964 μὴ
1174 1927 1404 1963 καταφρονεῖσθαι
1425 1928 1473 1954 καὶ
1493 1926 1698 1963 ἀτιμοῦσθαι⁷¹.
1716 1927 1845 1961 Δίσχύνο-

1060 1983 1108 2009 μαι
1121 1975 1176 2010 γὰρ
1193 1974 1291 2007 εἰπεῖν,
1315 1975 1363 2001 καὶ
1381 1974 1530 2001 τύπτεσθαι
1552 1974 1616 2005 τοὺς
1633 1973 1776 2004 τοιούτους
1803 1974 1846 2000 ἄνν

1058 2020 1136 2057 δρας.
1158 2020 1222 2052 τοὺς
1243 2020 1282 2055 μὴ
1298 2021 1491 2056 προτιμῶντας
1515 2020 1566 2055 τῆς
1589 2020 1660 2051 ἰδίας
1684 2019 1760 2055 ζωῆς
1780 2019 1847 2053 ὑπὲρ

1060 2067 1207 2102 θεραπείας
1230 2067 1285 2094 τῶν
1300 2067 1385 2101 ἁγίων
1410 2066 1552 2102 βασιλέων.
1575 2066 1620 2103 [Ρ.
1646 2066 1711 2102 I55]
1730 2066 1780 2092 καὶ
1802 2066 1848 2101 τῆς

1059 2113 1114 2140 τῶν
1135 2112 1308 2148 Χριστιανῶν
1327 2112 1486 2148 ἐλευθερίας
1512 2111 1560 2139 καὶ
1585 2111 1771 2148 ἐκδικήσεως·
1804 2111 1849 2138 λαὶ

1059 2158 1147 2186 ταῦτα
1159 2160 1236 2194 παρὰ
1248 2158 1404 2194 φορολόγων
1418 2157 1628 2193 ἀνθρωπαρίων,
1647 2158 1696 2185 καὶ
1711 2157 1851 2193 μηδεμίαν

225 2205 386 2237 adiciantur,
404 2212 601 2240 servorumque
623 2205 710 2233 instar
725 2205 880 2238 trahantur,
899 2203 1000 2238 pulsem

1063 2205 1101 2244 τῷ
1123 2205 1207 2240 κοινῷ
1232 2204 1435 2240 προξενούντων
1465 2203 1612 2240 ὠφέλειαν,
1644 2203 1703 2230 ἀλλ’
1730 2203 1749 2238 ἢ
1771 2203 1848 2238 μόνον

227 2254 281 2282 tur,
296 2250 322 2277 in
337 2249 444 2278 viucula
458 2254 484 2277 et
499 2249 575 2277 boias
589 2249 616 2284 (0
631 2256 688 2277 rem
704 2248 843 2284 odiosam)
859 2247 1012 2282 conjician-

226 2301 271 2323 tur
282 2295 403 2323 vindices
425 2300 460 2328 et,
475 2300 536 2330 post
558 2295 654 2329 Deum,
671 2300 825 2323 servatores
838 2293 1012 2322 Christiano-

227 2350 299 2381 r'um,
312 2348 360 2376 pro
373 2341 459 2368 sacris
472 2340 683 2375 imperatoribus
692 2347 776 2374 prope
789 2339 878 2366 dicam
891 2337 1013 2372 quotidie

227 2387 421 2414 uccttmbentes
453 2397 459 2414 :
489 2386 547 2422 ipsa
569 2386 627 2421 lege
653 2385 787 2420 jubente,
814 2389 843 2412 ut
869 2384 1014 2418 praefectus

226 2438 254 2462 in
280 2441 344 2462 suas
375 2433 489 2468 quisque
518 2433 610 2468 copias
631 2431 776 2465 imperium
801 2431 920 2462 habeat,
948 2438 1008 2457 eas-

226 2488 279 2515 que
317 2479 437 2515 judicet.;
467 2478 499 2506 Et
533 2478 644 2506 cuinam
693 2477 794 2504 milites
830 2475 1012 2511 pravinciales

229 2526 329 2562 proprii
369 2530 452 2558 sunt,
486 2525 540 2553 nisi
568 2524 638 2564 duci~
669 2523 748 2557 soli,
781 2530 862 2558 quem
902 2522 1012 2549 divinus

228 2574 352 2608 princeps
389 2579 420 2599 ea
453 2571 480 2598 in
515 2570 655 2605 provincia
690 2569 852 2597 constituit?
885 2568 1005 2601 Quamo-

229 2621 303 2646 brem
327 2618 407 2645 etiam
431 2617 465 2644 ab
488 2615 685 2651 antiquissimis
707 2615 838 2642 Romanis
852 2614 1004 2642 auctoritas

229 2657 292 2691 duci
308 2663 334 2690 in
354 2670 404 2691 sua
428 2661 567 2697 provincia
582 2661 641 2696 lege
659 2664 718 2688 erat
733 2659 810 2691 data,
824 2664 854 2687 ut
874 2658 1010 2686 actionem

231 2708 401 2735 iutendeutes
411 2707 438 2734 in
448 2706 540 2734 causis
552 2705 715 2733 militaribus
724 2704 869 2739 judicaret,
881 2707 1014 2738 natasque

1061 2249 1243 2282 ἐκπιεζόντων
1258 2249 1306 2276 καὶ
1322 2248 1504 2284 ἑκτριὸόντων
1525 2248 1590 2280 τοὺς
1607 2247 1740 2282 πένητας.
1758 2247 1808 2274 καὶ
1822 2246 1850 2278 εξ

1060 2295 1169 2328 ἀδικίας
1185 2296 1232 2322 καὶ
1248 2295 1353 2322 πολλῶν
1366 2295 1493 2330 αἱμάτων
1503 2295 1630 2330 πενήτων
1642 2293 1752 2326 ἑαυτοῖς
1766 2293 1849 2320 πολλὰ

1061 2342 1181 2369 τάλαντα
1196 2341 1306 2376 χρυσίου
1321 2341 1550 2375 ιπισυναγόντων.
1563 2341 1610 2368 Δεῖ
1622 2339 1650 2366 δὲ
1667 2339 1771 2371 αὐτοὺς
1786 2338 1850 2374 μηᾶ

1062 2387 1138 2422 παρά
1155 2387 1210 2414 τῶν
1233 2387 1390 2422 θεματικῶν
1415 2386 1516 2422 κριτῶν
1541 2385 1719 2422 ἀτιμοῦσθαι,
1746 2385 1798 2412 καὶ
1814 2385 1849 2415 ὡς

1064 2431 1217 2467 ἀνδράποδα
1234 2431 1438 2466 κατασύρεσθαι
1452 2432 1500 2458 καὶ
1514 2430 1704 2466 μαστίζεσθαι,
1720 2430 1810 2465 δεσμά
1822 2437 1849 2454 τε

1062 2479 1109 2506 καὶ
1119 2479 1196 2506 κλοιά
1210 2478 1250 2514 (ὣ
1264 2480 1314 2514 τῆς
1329 2477 1500 2514 συμφορᾶςι)
1517 2476 1704 2514 περιτίθεσθαι
1723 2477 1789 2507 τοὺς
1805 2476 1849 2502 ὲκ-

1061 2525 1152 2556 δίκους
1174 2525 1232 2556 καὶ,
1256 2524 1325 2559 μετὰ
1344 2524 1422 2557 Θεὸν,
1447 2525 1574 2559 σωτῆρας
1599 2522 1788 2559 Χριστιανῶν,
1806 2521 1850 2548 καὶ

1061 2572 1131 2606 ὑπὲρ
1143 2571 1197 2598 τῶν
1215 2571 1300 2604 ἁγίων
1321 2570 1452 2605 βασιλέων
1473 2569 1533 2596 καθ’
1548 2569 1681 2603 ἑκάστην.
1695 2569 1733 2600 ὡς
1752 2568 1847 2596 εἰπεῖν.

1061 2615 1299 2653 ἀποθνήσκοντας·
1324 2616 1407 2644 αὑτοῦ
1434 2615 1481 2642 τοῦ
1499 2615 1583 2650 νόμου
1605 2613 1847 2649 παρακελεύοντος,

1067 2665 1200 2691 Ἐκαστον
1223 2664 1340 2699 ἄρχοντα
1352 2662 1398 2689 τοῦ
1412 2662 1478 2689 ἰδίου
1505 2661 1570 2688 λαοῦ
1600 2658 1779 2692 ὲξουσιάζειν,
1804 2657 1849 2683 καὶ

1068 2710 1177 2742 τούτους
1194 2710 1306 2744 κρίνειν.
1324 2709 1378 2735 Καὶ
1393 2709 1464 2740 τίνος
1486 2707 1579 2743 ἐτέρου
1601 2704 1655 2742 ἀρα
1674 2706 1738 2737 λαὸς
1753 2705 1849 2732 οἰκεῖτε

813 2791 845 2819 C.
862 2791 891 2825 Β,
908 2789 996 2817 HASll
1014 2785 1291 2816 ANNOTATIONES.

272 2851 293 2866 τ’
314 2851 360 2877 καὶ
373 2851 406 2876 εί.
424 2849 470 2878 Sic
484 2850 563 2878 codd.
584 2851 606 2868 "
621 2848 794 2886 ἀτιμοῦσθαι.
811 2849 856 2878 Sic
870 2855 918 2884 pro
933 2847 1000 2883 ἀτιμ

1051 2852 1093 2879 παι,
1115 2849 1144 2872 ιιι
1155 2845 1236 2880 paulo
1251 2849 1311 2879 post
1331 2844 1391 2872 155.
1409 2843 1441 2872 Α.
1458 2843 1506 2872 lin.
1522 2843 1548 2870 9.
