1913 3068
186 162 241 194 995

802 159 1010 190 NICEPIIORI
1026 156 1158 189 PlIOC£

1769 156 1822 190 996

186 217 316 244 obsessos
336 219 516 250 coangustare
530 214 638 247 volunt,
654 214 727 242 circa
742 215 870 250 oppidum
888 216 916 243 in
933 223 978 243 0r-

1033 215 1280 250 περικαθισάντων.
1299 213 1346 241 καὶ
1375 213 1442 249 πρὸς
1462 212 1624 248 πολιορκίαν
1647 213 1821 249 χωρούντων,

186 264 247 290 bam
265 262 457 292 consederunt.
472 269 504 288 ne
516 262 564 296 qui
580 268 612 288 ex
626 261 729 289 nostris
748 269 837 296 neque
857 261 977 289 intrandi

185 315 273 342 neque
290 307 406 334 exeundi
429 306 584 334 facultatem
604 306 746 333 habeant:
764 314 826 334 cum
849 307 904 334 sint
922 307 979 335 fere

183 354 314 388 pleraque
329 353 427 388 oppida
448 357 543 380 nostra
557 353 586 380 in
604 353 672 381 locis
693 354 807 380 munitis
826 358 909 388 atque
929 354 979 380 im-

184 400 283 434 peditis
307 399 455 427 constituta
483 408 490 426 :
514 399 603 432 facile,
631 407 648 426 ο
679 399 745 432 dux,
774 400 876 434 potcris
907 399 977 432 illos,

185 451 287 474 temere
312 447 372 473 sine
398 446 470 473 vallo
495 451 522 472 et
548 446 672 473 custodia
699 446 855 478 tendentes,
888 446 979 481 aliqua

185 497 261 526 parte
287 492 374 520 noctis
391 499 464 519 cum'
479 493 598 526 peditatu
622 492 745 525 adoriri;
763 492 897 527 dabisque
914 500 980 528 0pc-

186 546 256 569 ram,
275 543 304 564 ut
326 538 358 565 ad
391 538 500 573 signum
528 538 706 565 constitutum
736 538 840 566 obsessi
870 546 980 573 quoque

184 584 278 610 eadem
296 583 363 610 liora
384 587 538 618 erumpant,
553 588 578 611 et
597 583 648 618 ipsi
666 585 741 614 item,
758 585 780 611 si
806 584 863 611 fieri
880 588 979 619 potest,

185 628 306 663 praelium
335 636 397 655 cum
431 627 597 656 adversariis
633 629 815 656 committant.
843 629 892 660 Ita.
928 629 980 656 loci

190 679 287 701 natura
304 675 415 709 insuper
439 674 561 709 adjutus,
579 681 627 701 eos
641 674 801 701 debellabis.
819 673 980 709 Quanquam

187 720 239 747 hoc
253 720 362 755 quidem
377 727 410 747 ex
423 719 593 754 providentia
616 719 663 746 Dei
687 720 795 754 pendet.
811 719 839 747 Si
862 727 926 746 vero
946 719 981 747 ob

186 766 372 793 diﬂlcultatem
398 770 480 801 atque
504 766 679 800 asperitatem
698 765 750 793 loci
774 766 815 793 sic
836 766 981 801 dispersim

188 812 214 839 in
226 812 320 839 orbem
338 812 484 839 considere
503 819 557 838 non
575 811 686 844 audent,
702 812 749 839 sed
771 819 867 839 omnes
885 819 980 839 eorum

186 858 272 892 copiae
285 857 325 884 vel
340 857 470 892 bipartito
478 857 519 884 vel
537 865 591 884 uno
605 858 664 885 solo
681 857 741 885 loco
755 858 880 890 tendunt,
894 865 979 892 opor-

188 908 226 930 tet
241 904 330 938 primo
348 903 477 930 alimenta
505 902 647 930 hominum
672 908 700 930 et
724 910 859 937 equorum
886 903 978 930 omnia

187 949 310 976 ¢0niburi
337 949 500 984 penitusque
529 948 624 979 deleri,
658 956 746 983 neque
774 948 920 983 quidquam
952 949 978 975 in

187 996 256 1023 vicis
279 996 320 1022 vel
337 996 448 1030 propius
472 995 508 1022 ab
529 995 628 1029 oppido
655 995 697 1022 vel
721 995 830 1030 longius
850 995 978 1030 relinqui,

187 1041 258 1075 quod
273 1039 404 1074 iumentis
420 1039 612 1067 liominibusvc
633 1040 695 1067 usui
709 1040 754 1067 sit.
775 1040 803 1068 Si
821 1040 892 1075 ligna
914 1041 980 1068 defi‘

186 1086 274 1118 ciunt,
295 1092 382 1119 neque
403 1085 490 1111 saltus
507 1092 538 1112 ea
556 1085 669 1120 regione
688 1086 793 1118 subest,
814 1086 895 1113 etiam
922 1086 979 1120 ipsa

187 1131 364 1159 aedificiorum
380 1130 460 1166 247
475 1135 546 1158 tecta
563 1132 710 1159 cremanda
729 1137 804 1159 sunt.
819 1131 859 1158 lta
874 1129 976 1164 hostes,

187 1183 296 1212 propter
312 1176 494 1204 difﬁcultatem
510 1177 676 1212 lignationis,
689 1178 782 1213 reique
794 1177 980 1206 frumentaria:

188 1223 317 1258 inopiam,
330 1231 442 1250 necesse
455 1228 496 1250 est
511 1224 619 1258 longius
634 1224 734 1250 milites
747 1225 871 1252 emittere
887 1226 918 1250 ad
937 1233 980 1252 res

187 1271 356 1298 necess‘irias
382 1270 604 1304 comportandas.
628 1270 666 1297 lbi
694 1275 739 1303 tu,
765 1279 828 1298 cum
854 1272 940 1306 perite
966 1279 981 1298 c

186 1317 320 1352 ducisque
332 1316 420 1344 ofﬁcio
435 1324 490 1344 rein
509 1316 637 1351 gesseris,
652 1316 754 1351 poteris
767 1316 828 1343 illos
843 1316 980 1343 collocatis

188 1363 295 1390 insidiis
309 1370 407 1390 vexare
431 1369 463 1389 ac
488 1362 622 1390 fundere:
640 1368 670 1389 ut
693 1362 766 1395 ideo,
781 1361 918 1396 simulque
940 1362 981 1388 vi-

187 1413 249 1435 ctus
276 1408 367 1442 inopia
390 1407 489 1439 coacti,
511 1407 684 1434 obsidionem
709 1408 827 1434 solvant.
844 1406 895 1434 Ubi
921 1406 982 1433 illos

188 1455 410 1488 persevcrantius
435 1454 462 1480 in
487 1453 630 1480 obsidione
656 1460 828 1487 permanere,
849 1453 877 1480 in
904 1453 982 1487 oppi-

187 1499 277 1534 doque
291 1507 347 1527 rem
360 1507 421 1526 esse
447 1499 473 1525 in
487 1503 604 1534 augusto
621 1498 708 1530 vides,
728 1498 812 1526 debes
834 1498 867 1525 de
892 1499 981 1525 confe-

1031 261 1055 287 εί
1077 261 1136 295 μὲν,
1157 260 1194 292 ὡς
1209 259 1270 291 ἔθος
1296 260 1355 286 ἐστὶ
1371 261 1427 291 τοῖς
1451 259 1624 295 βουλομένοις
1642 260 1822 294 στενοχωρεῖν

1031 306 1094 337 τοὺς
1116 305 1376 339 πολιορκουμένους,
1402 304 1610 340 ἀπληκεύσουσι
1633 303 1760 339 δηλονότι
1775 304 1820 331 τοῦ

1031 351 1151 387 κάστρου
1165 351 1296 378 κυκλόθεν
1309 351 1330 366 ⁸¹
1350 352 1418 385 προς
1428 351 1458 377 τὸ
1475 351 1513 386 μὴ
1525 350 1658 377 δύνασθαί
1675 359 1755 382 τινας
1770 349 1821 376 τῶν

1031 398 1176 433 ἡμετέρων
1191 399 1258 433 μήτε
1281 396 1454 432 εἰσέρχεσθαι
1475 397 1543 431 μήτε
1563 396 1745 431 ἑξέρχεσθαι“
1766 397 1823 423 ἐπεὶ

1032 445 1060 470 ἐν
1074 445 1183 479 ὀχυροῖς
1196 445 1289 475 τόποις
1307 445 1353 469 καὶ
1372 443 1517 474 ausae-.01;
1543 443 1637 477 σχεδον
1660 442 1696 468 τὸ.
1711 442 1822 468 πλεῖστα

1032 491 1110 526 ἡμῶν
1122 491 1243 526 ἵδρυνται
1254 489 1371 525 κᾶστρα·
1385 489 1504 524 εὐχερῶς
1517 489 1622 520 τούτοις
1631 487 1721 519 οὕτως
1735 488 1822 522 ἀπλη-

1033 537 1171 568 χεύσουσι,
1191 537 1314 572 χάρακος
1329 535 1375 562 καὶ
1391 534 1542 570 ἀσφαλείας
1562 535 1637 567 ἄνευ,
1657 533 1791 568 ἰσχύσεις,
1803 530 1824 560 ὦ

1033 584 1180 618 στρατηγὲ,
1193 583 1253 610 καθ’
1265 583 1294 608 ἓν
1313 582 1395 618 μέρος
1410 581 1506 612 νυκτὸς
1522 582 1590 616 μετᾶ
1605 580 1721 612 πεζικοῦ
1740 589 1823 615 στρα-

1031 631 1167 666 τεύματος
1191 618 1351 656 ὲπιῠέσθαν
1383 629 1430 655 καὶ
1455 628 1524 663 μετὰ
1557 627 1734 662 συνθήματος
1758 626 1823 661 ὁμοῦ

1033 677 1156 707 καὶτοὺς
1173 676 1246 703 ἑνδον
1257 676 1377 709 ἐξελθεῖν
1400 675 1623 710 παρασκευάςεις
1653 674 1683 700 ἐν
1704 673 1777 708 αὐτῇ
1793 674 1824 709 τῇ

1032 723 1102 759 ὥρᾳ,
1123 723 1169 750 καὶ
1185 722 1302 758 συνάψαι
1322 721 1370 748 καὶ
1386 721 1495 753 αὐτοὺς,
1512 721 1536 747 εἰ
1553 719 1677 752 δυνατὸν,
1693 719 1823 754 πόλεμον.

1032 771 1089 797 Καὶ
1099 769 1150 804 τὴν
1162 769 1216 796 ἀπὸ
1230 769 1277 796 τοῦ
1291 769 1374 795 τόπου
1389 767 1458 803 ἔχων
1472 766 1599 802 βοήθειαν
1622 765 1738 795 τούτους
1762 772 1823 790 κατ’

1033 817 1166 852 αγωνίσῃ.
1183 813 1283 851 Ἔργον
1298 815 1326 841 δὲ
1340 813 1419 841 τοῦτο
1440 813 1569 849 προνοίας
1586 811 1666 838 Θεοῦ.
1684 811 1717 838 Ei
1730 811 1761 837 δὲ
1783 809 1824 837 διὰ

1033 862 1082 897 τὴν
1097 860 1143 888 τοῦ
1157 860 1247 896 χώρου
1259 859 1420 895 δυσχέρειαν
1446 857 1495 886 καὶ
1512 857 1687 892 σκληρότητα
1702 854 1734 881 οὗ
1761 855 1824 890 θαρ-

1033 908 1160 944 ρήσουσιν
1177 904 1264 937 οὕτως
1286 905 1416 932 κυκλόθεν
1441 905 1488 932 καὶ
1509 902 1720 938 διεσπαρμένοις
1739 901 1824 935 ἀπλη-

1032 954 1139 986 κεῦσαι,
1157 953 1215 980 ἀλλ’
1239 953 1271 980 ὲκ
1288 952 1335 979 δύο
1353 952 1446 987 μερῶν
1461 950 1478 986 ἢ
1505 950 1535 983 ἐξ
1561 949 1620 980 ὲνδς
1634 948 1710 980 im;
1726 949 1741 974 ὁ
1762 948 1823 978 λαὶς

1031 1000 1122 1027 αὐτῶν
1136 998 1375 1035 στρατοπεδεύσει,
1389 997 1448 1024 δέον
1463 996 1598 1032 πρότερον
1614 994 1708 1021 πᾶσαν
1721 993 1822 1028 τροςὴν

1032 1046 1183 1082 ἀνθρώπων
1199 1053 1227 1071 τε
1253 1046 1300 1071 καὶ
1317 1044 1422 1079 ἀλόγων
1449 1042 1625 1078 πυρπολῆσαι
1645 1041 1691 1067 καὶ
1713 1039 1822 1068 nisi»;

1033 1093 1205 1127 ἐξαφανίσαι,
1223 1091 1270 1119 καὶ
1284 1090 1368 1126 μηδὲν
1380 1091 1419 1122 είς
1438 1089 1534 1125 χρείαν
1555 1087 1662 1121 ἀλόγων
1679 1086 1697 1121 ἦ
1716 1084 1822 1121 ἀνθρώ-

1033 1149 1092 1166 πων
1107 1139 1222 1173 πλησίον
1247 1137 1292 1164 τοῦ
1309 1139 1429 1172 κάστρου
1452 1135 1468 1166 ἣ
1487 1134 1581 1170 πόρρω
1608 1132 1774 1159 καταλιπεῖν
1797 1131 1823 1157 ἐν

1033 1187 1089 1217 τοῖς
1114 1185 1236 1220 χωρίοις.
1260 1183 1292 1210 EE
1321 1182 1349 1208 δὲ
1372 1181 1420 1208 καὶ
1440 1180 1517 1214 ξύλον
1540 1178 1690 1211 ἐπιλείπει,
1718 1176 1767 1203 ἐπὶ
1781 1176 1823 1203 τοῦ

1032 1232 1114 1258 τόπου
1131 1230 1209 1265 ὅρους
1228 1228 1265 1264 μὴ
1282 1228 1368 1260 ὅντος,
1384 1227 1430 1254 καὶ
1446 1226 1515 1253 αὐτὰ
1527 1225 1561 1252 τὰ
1576 1225 1661 1259 στέγη
1678 1223 1736 1250 τῶν
1748 1224 1822 1257 οἰκη‹

1035 1276 1126 1312 μάτων
1142 1274 1328 1310 πυρπολῆσαι.
1345 1273 1376 1300 Εἰ
1394 1273 1448 1308 γὰρ
1463 1272 1509 1299 καί
1532 1270 1618 1304 ξύλων
1636 1272 1668 1296 ὲν
1683 1270 1768 1306 χρείᾳ
1778 1269 1824 1302 γέ-

1033 1330 1132 1349 νωνται
1146 1322 1171 1348 οἱ
1183 1320 1319 1354 πολέμιοι,
1335 1319 1382 1345 καὶ
1396 1317 1504 1354 τροφῶν
1519 1317 1617 1348 ἐνδεεῖς
1627 1313 1822 1348 ὧσιν,ἀν;ἱγκη

1032 1368 1078 1394 τὸν
1093 1366 1156 1393 λαὸν
1171 1366 1263 1392 αὐτῶν
1279 1363 1438 1398 ὲξέρχεσθαι
1455 1362 1627 1398 μακρότερον
1645 1361 1717 1396 πρὸς
1734 1359 1823 1386 συλλο-

1033 1413 1084 1448 γὴν
1101 1412 1155 1439 τῶν
1170 1411 1280 1447 χρειῶν.
1296 1410 1348 1436 Σοῦ
1359 1409 1387 1436 δὲ
1403 1409 1544 1444 ἐμπείρως
1559 1409 1607 1434 καὶ
1629 1406 1823 1442 στρατηγικῶς

1033 1458 1222 1493 διατιθεμένου
1235 1457 1269 1489 ⁸’,
1287 1456 1388 1491 δυνήσῃ
1399 1454 1512 1485 τούτους
1528 1453 1597 1488 μετὰ
1613 1451 1823 1486 ἐγκρυμμίτων

1033 1503 1232 1539 τραυματίζειν
1259 1502 1306 1529 καὶ
1328 1499 1586 1536 κατατροποῦσοαισ
1603 1497 1640 1529 ὡς
1668 1498 1702 1524 ὲκ
1718 1496 1824 1527 τούτου,

189 1545 282 1571 tendis
297 1549 377 1571 nocte
397 1549 455 1571 toto
469 1543 556 1571 Marte
571 1544 658 1578 signis
671 1544 803 1579 cogitare,
818 1544 979 1575 contractis,

1033 1553 1065 1586 τῇ
1080 1551 1135 1577 τῶν
1144 1549 1254 1585 τροφῶν
1263 1548 1352 1583 ἐνδείᾳ
1361 1546 1591 1581 ἀναγκαζόμενοι,
1603 1545 1655 1578 τὴν
1666 1542 1825 1578 πολιορκίαν

189 1598 242 1618 una
260 1597 322 1617 cum
341 1590 476 1625 equitatu,
493 1590 667 1624 pedestribus
679 1589 776 1624 copiis.
788 1589 862 1622 Quas
877 1589 900 1617 si
919 1597 982 1628 con-

188 1636 329 1663 venienter
372 1642 477 1663 natura:
508 1635 561 1662 loci
599 1635 739 1670 equitibus
774 1636 981 1670 interposueris,

189 1681 303 1708 institue
326 1685 409 1708 noctu
429 1681 565 1716 praelium,
579 1681 809 1715 quemadmodum
823 1681 936 1708 inferius
954 1682 982 1708 in

187 1728 278 1762 capite
292 1726 325 1753 de
336 1727 513 1754 dimicatione
539 1732 674 1754 nocturna
693 1727 898 1755 demonstrabo.
927 1727 983 1755 lloc

190 1772 271 1800 modo
285 1771 394 1807 franges
408 1772 481 1805 illos,
497 1779 645 1808 cogesque,
661 1778 690 1800 ut
704 1774 876 1801 obsidionem
890 1774 981 1809 oppidi

189 1818 328 1846 omittaut.
347 1817 375 1844 Si
404 1824 458 1852 qua
481 1822 572 1845 tamen
593 1818 702 1845 obsistit
722 1825 818 1850 causa,
837 1820 983 1853 quominus

190 1864 313 1899 praetium
328 1871 409 1892 noctu
425 1863 482 1896 ﬂat,
500 1865 608 1892 obsessi
631 1870 734 1897 autem,
752 1865 880 1899 quamvis
905 1872 982 1892 com-

189 1915 282 1938 meatu
302 1910 438 1943 instructi,
455 1911 573 1945 praasidii
589 1911 722 1945 indigent,
740 1914 816 1946 potes
833 1910 880 1938 illo
902 1911 984 1938 modo

190 1957 231 1984 vel
260 1961 505 1992 propugnatorum,
537 1956 589 1987 vel,
617 1956 639 1983 si
673 1963 782 1984 annona
811 1961 982 1992 premuntur,

189 2003 357 2030 cibariorum
387 2001 606 2037 supplementum
637 2002 823 2030 introducere.
849 2002 929 2029 Omni
955 2002 983 2030 in

190 2056 275 2076 unum
305 2050 395 2076 locum
423 2052 519 2076 coacto
547 2056 579 2075 ac
598 2048 724 2074 bifariam
741 2048 830 2076 diviso
851 2050 983 2082 exercitu,

190 2094 342 2129 suscipiant
354 2093 467 2121 alterius
492 2093 576 2128 partis
602 2093 701 2120 milites
725 2093 823 2128 singuli
849 2093 876 2120 in
897 2101 984 2129 equos

191 2140 291 2175 quibus
312 2139 452 2167 vehuntur
478 2143 627 2174 quaternos
646 2139 752 2166 modios
779 2139 919 2166 frumenti.
936 2139 984 2167 His

191 2186 328 2213 attribuas
354 2185 424 2213 alios
448 2186 593 2220 expeditos
621 2185 739 2220 equites,
768 2185 836 2212 nihil
867 2185 984 2213 ferentes

192 2236 289 2266 pra-ter
316 2239 402 2264 arma,
420 2231 468 2265 qui
499 2231 631 2258 duntaxat
656 2231 749 2258 alteris
774 2232 899 2266 praesidio
917 2232 981 2260 sint.
999 2227 1021 2254 ί)

192 2276 233 2304 Tu
248 2283 311 2303 vero
328 2284 390 2303 cum
405 2276 511 2309 reliquo
531 2281 637 2315 armato
656 2277 777 2303 excrcitu
798 2276 829 2304 ci:
846 2282 922 2312 parte
942 2277 984 2304 di-

193 2331 270 2351 versa
295 2323 390 2351 eadem
426 2323 513 2354 hora,
538 2331 591 2358 qua
621 2322 791 2350 frumentarii
817 2324 928 2359 propius
952 2325 985 2352 ad

192 2369 321 2404 oppidum
335 2369 473 2396 acccssuri
494 2373 569 2401 sunt,
585 2368 658 2396 circa
674 2369 790 2396 mediam
813 2374 920 2397 noctem
942 2377 986 2397 re-

193 2421 273 2451 pente
300 2414 383 2452 248
413 2422 475 2442 cum
504 2415 623 2442 clamore
646 2415 827 2450 tubarumque
850 2420 984 2442 concentu

192 2469 303 2498 appara,
320 2462 401 2497 quasi
422 2461 536 2496 jamjam
558 2461 681 2496 praelium
703 2461 912 2489 commissurus.
932 2461 982 2495 lta,

191 2508 255 2536 dum
271 2508 362 2536 hostes
377 2508 409 2535 ad
424 2507 625 2535 dimicationem
643 2507 774 2534 adversus
789 2511 815 2534 te
830 2515 860 2535 sc
873 2512 980 2542 parant,

191 2555 294 2589 tibique
311 2555 420 2582 obviam
444 2558 602 2589 properant,
617 2553 663 2588 qui
687 2552 854 2580 frumentum
877 2558 982 2588 gestant

191 2599 348 2628 facultatem
371 2599 445 2628 nacti
471 2600 499 2627 id
521 2599 707 2634 importabunt
733 2598 761 2626 in
788 2599 927 2634 oppidum.
954 2604 982 2627 ct

193 2645 343 2674 incolumes
355 2650 536 2674 revertentur.
550 2645 691 2681 Ejusmodi
705 2651 858 2673 commento
877 2649 903 2672 et
919 2652 983 2680 pro-

193 2697 375 2729 pugnatorum
393 2692 622 2726 additamentum,
637 2697 665 2721 et
685 2696 865 2725 commeatus,
877 2692 901 2720 si
923 2699 983 2718 am-

1033 1597 1170 1624 λύσουσιν.
1188 1597 1218 1622 Et
1242 1595 1270 1621 δὲ
1284 1595 1350 1631 ὁρᾷς
1365 1594 1464 1625 αὐτοὺς
1498 1590 1764 1627 ὲπικαρτεροῧντας,
1780 1587 1826 1615 καὶ

1033 1644 1067 1678 τῇ
1084 1642 1228 1677 πολιορκίᾳ
1239 1640 1429 1676 ἐπιμένοντας,
1445 1638 1494 1666 καὶ
1515 1639 1579 1670 τοὺς
1594 1638 1670 1664 ἔνδον
1690 1644 1824 1671 στενοχω-

1034 1688 1195 1724 ρουμένους,
1209 1687 1268 1713 δέον
1283 1685 1331 1712 καὶ
1346 1685 1415 1721 πρὸς
1438 1684 1659 1718 νυκτοπολέμους
1685 1682 1824 1718 δημοσῖως

1033 1736 1168 1771 χωρῆσαι,
1185 1733 1297 1766 πεζικὸν
1313 1731 1490 1768 συναγηοχὼς
1517 1731 1677 1767 στράτευμα
1706 1730 1768 1764 ἅμα
1782 1729 1825 1754 ir:-

1033 1781 1140 1808 πεῦσιν.
1161 1781 1193 1806 ’Ὀ
1211 1779 1388 1814 ἁρμοζόντως
1409 1778 1479 1805 κατά
1507 1778 1556 1812 τὴν
1575 1776 1622 1803 τοῦ
1647 1776 1734 1803 τόπου
1754 1775 1826 1801 θέσιν

1033 1825 1140 1854 τούτοις
1160 1823 1374 1856 συνταξάμενος,
1390 1823 1436 1849 τὸν
1455 1823 1484 1849 ἐν
1500 1823 1578 1848 νυκτὶ
1594 1821 1714 1854 πόλεμον
1735 1827 1825 1854 παρα-

1035 1869 1178 1899 σκευάσεις
1194 1866 1331 1902 γενέσθαι,
1368 1865 1460 1897 καθὼς
1486 1866 1666 1900 παρακατιὼν
1694 1866 1763 1898 περὶ
1783 1873 1826 1888 νυ-

1035 1914 1204 1950 κτοπολέμου
1224 1914 1347 1948 δηλώσω.
1364 1913 1419 1940 Καὶ
1439 1911 1525 1947 τούτῳ
1541 1906 1684 1947 τῷτρόπῳ
1698 1918 1826 1944 καταγω-

1035 1961 1097 1996 νίσῃ
1124 1961 1232 1993 αὐτοὺς,
1266 1961 1314 1987 καὶ
1339 1958 1508 1993 ἀναγκάσεις
1533 1958 1584 1993 τὴν
1614 1955 1664 1983 τοῦ
1702 1956 1825 1991 κάστρου

1035 2005 1196 2040 πολιορκίαν
1216 2006 1316 2032 λιπεῖν.
1343 2005 1374 2031 Εἰ
1390 2005 1418 2031 δέ
1430 2013 1471 2036 τις
1487 2003 1561 2030 αἰτία
1587 2003 1633 2029 τὸν
1647 2002 1698 2037 τῆς
1729 2001 1826 2032 νυκτδς

1035 2054 1156 2088 πόλεμον
1183 2052 1349 2088 διακωλύσῃ,
1379 2052 1426 2078 καὶ
1443 2052 1468 2078 οἱ
1492 2050 1565 2077 ἔνδον
1596 2048 1826 2084 πολιορκούμενοι

1035 2099 1134 2130 ἐνδεεῖς
1148 2098 1213 2125 λαοῦ
1230 2097 1277 2124 τοῦ
1299 2097 1462 2133 βοηθοῦντος
1474 2098 1540 2130 εἰσι,
1561 2095 1672 2131 τροφῶν
1683 2095 1711 2122 δὲ
1729 2096 1828 2122 σπάνιν

1035 2146 1086 2172 οὐκ
1102 2144 1205 2179 ἔχουσι,
1220 2143 1326 2180 δυνήσῃ
1340 2143 1388 2170 καὶ
1411 2143 1514 2178 ἑτέρων
1540 2141 1648 2176 ἀνδρῶν
1665 2140 1829 2176 προσθήκην

1036 2192 1196 2225 ἐπαγαγεῖν,
1219 2189 1314 2224 ὥσπερ
1344 2189 1392 2216 καὶ
1423 2188 1539 2224 τροφῆς,
1555 2188 1628 2222 εἴγε
1643 2187 1746 2218 ἐνδεεῖς
1765 2184 1828 2218 εἶεν,

1035 2237 1129 2272 τρόπῳ
1150 2235 1256 2270 τοιῷδε·
1278 2235 1322 2271 [Ρ.
1343 2233 1406 2270 160]
1417 2232 1584 2268 Συναγαγὼν
1599 2233 1674 2260 ἅπαν
1687 2232 1719 2259 τὸ
1731 2232 1786 2259 ὑπὸ
1801 2231 1829 2258 σὲ

1036 2282 1194 2318 στράτευμα
1210 2281 1257 2308 καὶ
1277 2280 1338 2316 διχῆ
1358 2279 1459 2311 αὖτοὺς
1480 2279 1588 2311 διελὼν,
1603 2279 1629 2305 οἱ
1646 2278 1697 2313 μὲν
1719 2279 1828 2314 ἡμίσεις

1034 2327 1137 2354 τούτων
1152 2325 1364 2355 ἁναλαὸἐτωσαν
1376 2325 1470 2357 καθεῖς
1483 2324 1536 2352 ἀνὰ
1552 2324 1625 2351 σίτου
1641 2323 1754 2358 μοδίους
1769 2324 1828 2350 τέσ-

1037 2381 1123 2409 σαρας
1135 2375 1174 2406 είς
1188 2373 1235 2405 οὓς
1250 2372 1412 2408 ὕποχοῦνται
1439 2372 1540 2404 ἵππους
1551 2379 1559 2387 ·
1578 2373 1709 2408 παρέχων
1738 2372 1828 2402 αὐτοῖς

1037 2419 1084 2446 καὶ
1095 2418 1229 2451 εὐζώνους
1246 2419 1356 2454 ἐτέρους
1381 2418 1484 2450 ἱππεῖς,
1505 2418 1591 2453 μηδὲν
1610 2417 1827 2453 ἐπιφερομένους

1039 2464 1109 2499 πλὴν
1126 2464 1160 2491 τὰ
1170 2464 1240 2490 ὅπλα
1253 2464 1354 2498 αὐτῶν,
1370 2465 1418 2491 καὶ
1435 2465 1504 2499 πρὸς
1522 2463 1607 2499 μόνην
1622 2463 1714 2490 αὐτῶν
1741 2463 1826 2498 φυλα-

1037 2510 1089 2545 κὴν
1101 2508 1181 2535 εἶναι.
1202 2509 1238 2535 Σὺ
1258 2509 1286 2536 δὲ
1302 2509 1373 2544 μετὰ
1385 2509 1431 2536 τοῦ
1447 2509 1542 2536 λοιποῦ
1556 2509 1678 2544 μαχίμου
1693 2508 1824 2544 στρατεὺ-

1037 2563 1122 2590 ματος
1138 2555 1167 2580 ἐν
1193 2555 1279 2590 ἑτέρῳ
1310 2555 1388 2591 μέρει
1409 2555 1481 2582 κατὰ
1508 2555 1556 2590 τὴν
1578 2555 1664 2590 ῶραν,
1682 2556 1715 2590 ἢν
1739 2555 1766 2581 οἱ
1782 2554 1824 2580 τὸν

1038 2602 1110 2627 σῖτον
1127 2601 1321 2636 ἐπιφερόμενοι
1347 2601 1462 2636 πλησίον
1478 2601 1526 2628 τοῦ
1555 2601 1674 2636 κάστρου
1698 2601 1825 2635 μέλλουσι

1037 2646 1176 2681 γενέσθαι,
1194 2647 1259 2681 περὶ
1273 2646 1361 2682 μέσην
1376 2647 1461 2674 νύκτα
1481 2647 1588 2683 ἀθρόως
1607 2647 1678 2682 μετὰ
1695 2648 1820 2683 κραυγῆς

1037 2693 1087 2720 καὶ
1100 2692 1263 2728 σαλπίγγων
1277 2693 1391 2730 φάνηθι,
1407 2694 1445 2728 ὼς
1458 2694 1510 2731 ἤδη
1535 2693 1702 2730 πολεμήσων
1715 2693 1822 2724 αὐτούς.

787 2783 818 2811 C.
835 2783 866 2810 Β.
886 2781 980 2810 HAS"
998 2781 1278 2827 ,ANNOTATIONES.

243 2851 264 2867 "
283 2850 427 2887 κυκλόθεν]
441 2851 581 2881 κύκλωθεν
601 2853 662 2882 cod.

713 2852 736 2869 ⁸³
750 2851 946 2888 διατιθεμένου.
969 2852 1013 2881 Sic
1027 2851 1106 2880 codd.
