1913 3068
101 154 159 190 ιοθι

712 153 916 184 VELlTATlO
930 152 1099 183 BELLICA.

1653 147 1721 178 10"}

99 214 201 247 στῶμεν
216 211 333 243 ὰκλινῶς
347 211 395 237 καὶ
407 210 521 248 ξδραίως
533 219 539 226 ·
557 211 668 246 στῶμεν
684 211 819 247 ανδρικῶς
835 211 881 238 καὶ

937 212 1003 246 quod
1022 210 1194 238 constiterint
1207 209 1336 236 adversus
1358 207 1430 240 Illos,
1444 208 1488 243 qui
1512 208 1613 235 illaturl
1631 209 1721 242 porius

98 258 236 295 γενναίως.
260 256 397 292 Δείξωμεν
425 256 533 292 ἐχθροῖς
562 257 693 292 βραχίονα
713 257 759 284 καὶ
785 257 882 296 ἱσχύνξ

99 305 236 339 δείξωμεν,
247 304 285 334 ὡς
301 304 369 338 πρὸς
386 304 548 338 κρείσσονας
574 303 624 336 τὴν
647 303 738 338 ὁρμὴν
760 303 879 338 ἔχουσιν,

99 351 136 388 [Ρ.
157 350 218 386 165]
233 349 271 380 ὡς
286 350 354 388 προς
373 349 437 380 τοὺς
455 349 562 383 βάλλειν
588 348 718 383 μᾶλλονῆ
735 349 880 384 βάλλεσθαι

100 397 241 432 μέλλοντας
258 395 490 430 παρατάττονται.
508 395 552 430 Μὴ
573 395 627 430 γὰρ
643 395 716 426 λίθος
733 396 813 429 φύσις
833 395 882 422 αὑ-

98 446 159 474 τοῖς,
174 442 190 478 ἢ
208 442 318 476 χαλκὸς,
337 441 375 472 ὡς
391 441 428 476 μὴ
442 440 588 476 τραύματα
602 441 727 476 δέχεσθαι
741 449 748 457 ·
765 442 834 477 μήτε
850 442 881 468 ἐκ

98 489 204 524 σιδήρου
219 487 249 514 τὸ
271 487 362 521 σῶμα,
393 487 430 518 ὡς
445 487 483 521 μὴ
496 486 536 522 τῷ
556 487 634 522 κόπῳ
662 487 807 514 ἐκλύεσθαι
835 488 882 514 καὶ

98 532 262 566 ἀποναρκᾷν.
284 541 293 557 ι
311 530 430 565 Προσέτι
448 531 556 563 τούτοις
568 531 754 558 ὑποδεικνύων
767 532 814 559 καὶ
833 532 883 568 τὴν

97 577 141 605 τοῦ
157 577 241 604 τόπου
265 577 438 612 δυσχέρειαν,
458 577 486 603 ἐν
509 574 531 611 ᾧ
546 577 674 612 μέλλουσι
701 578 770 613 πρὸς
791 578 881 614 μάχην

98 623 370 658 παρασκευασθῆναι,
382 624 429 650 καὶ
437 624 503 658 ὅσην
511 624 605 656 αὐτοῖς
617 624 733 660 παρέχει
744 625 881 660 βοήθειαν.

97 670 171 697 Μετὰ
186 670 215 695 δὲ
231 670 261 695 τὸ
278 669 369 700 καλῶς
385 669 485 700 αὐτοὺς
501 669 659 704 παραθῆξαι
672 670 719 696 καὶ
736 669 882 705 διεγεῖραι,

98 716 142 742 καὶ
156 715 380 750 προθυμοτέρους
397 715 445 742 καὶ
460 714 684 750 εὺτολμωτέρους
696 715 879 751 ἐργάσασθαι,

97 761 279 795 καταστήσεις
303 760 403 792 αὐτοὺς
429 760 458 787 ὲν
486 757 525 792 οἷς
552 760 645 792 τόποις
667 761 806 795 ὀφείλουσι
826 763 882 792 τοῖς

97 806 202 841 ἐχθροῖς
219 806 366 840 μάχεσθαι.
381 806 437 832 Καὶ
459 805 568 839 πρῶτον
590 805 641 840 μὲν
663 806 698 833 τὰ
714 806 805 842 ὑψηλὰ
827 807 881 833 τῶν

96 853 180 888 ὀρέων
199 852 365 878 καταλαδεῖν
383 851 453 884 δέον,
468 852 515 878 καὶ
532 851 623 883 πάσας
646 852 697 884 τὰς
720 852 797 883 ὁδοὺς
814 861 882 888 κρα-

97 899 175 933 τῆσαι
192 899 239 924 καὶ
252 897 466 932 ἀσφαλίσασθαι.
486 897 530 925 Ἐν
551 895 592 929 οἷς
612 898 640 924 δὲ
661 899 709 925 καὶ
730 899 822 930 ἱππεῖς
842 900 884 933 ἑγ-

97 944 180 979 χωρει
196 944 245 970 σὺν
259 945 316 974 τοῖς
341 942 434 975 πεζοῖς
452 944 599 978 μάχεσθαι,
621 945 806 981 καταστήσεις
837 946 885 972 καὶ

97 990 196 1021 αὐτοὺς
228 989 258 1015 ὲν
285 989 450 1024 ἐπιτηδείοις
474 990 579 1022 τόποις.
604 991 648 1018 'Ev
672 991 773 1023 πάσαις
788 992 816 1018 δέ
836 1001 884 1018 σου

96 1036 156 1066 ταῖς
170 1034 360 1069 παρατάξεσιν
376 1036 516 1070 ἀρχηγοὺς
535 1036 589 1063 τῶν
604 1037 749 1072 χρησίμων
769 1037 884 1073 ὲπίστῆ“

99 1080 143 1106 σαί
158 1089 189 1106 σε
203 1080 253 1113 δεῖ,
277 1080 324 1106 καὶ
344 1078 429 1106 τᾶλλα
447 1081 536 1108 πάντα
554 1081 671 1115 φυλάξαι
697 1083 744 1109 καὶ
768 1083 883 1117 πρᾶξαι,

96 1126 143 1152 ὃσα
161 1127 191 1151 ἐν
204 1126 273 1161 ἀρχῇ
283 1119 334 1152 τοῦ
349 1126 429 1160 λόγου
446 1127 511 1162 περ).
525 1126 584 1158 τοῦ,
601 1127 660 1158 πῶς
680 1127 721 1154 δεῖ
734 1129 790 1159 τοῖς
805 1128 884 1154 πολε-

99 1171 169 1206 μίοις
195 1172 225 1198 ὲν
248 1173 308 1203 ταῖς
323 1171 490 1206 δυσχωρίαις
521 1172 667 1207 μάχεσθαι,
682 1172 831 1208 ἐξεοέμεθα
848 1174 884 1202 ⁸⁸.

97 1215 156 1242 Τῶν
178 1216 210 1242 δὲ
235 1216 374 1251 πολεμίων
398 1216 523 1251 πλησίων
538 1217 814 1252 καταλαμϐανόντων,
838 1220 886 1246 καὶ

96 1261 266 1297 αίσθομὲνων
279 1262 329 1296 τῆς
342 1262 418 1297 παρὰ
443 1261 491 1289 σοῦ
518 1263 668 1298 γενομένης
691 1264 842 1298 ἀσφαλείας
856 1266 885 1291 ὲν

97 1309 127 1344 τῇ
143 1308 208 1342 ὁδῷ,
235 1307 282 1334 καὶ
296 1307 335 1340 ὡς
363 1309 505 1343 ἀμήχανον
529 1308 643 1336 διελθεῖν
666 1310 775 1343 αὐτοὺς,
806 1311 884 1346 εἴπερ

97 1353 330 1388 παραδολώτερον
351 1354 431 1380 τοῦτο
453 1355 619 1390 τολμήσουσι
644 1356 758 1391 πρᾶξαι,
774 1356 824 1383 οὐκ
841 1357 886 1384 εύ-

96 1399 187 1434 τυχῶς
219 1400 310 1431 αὐτοῖς
327 1399 357 1426 τὸ
387 1399 526 1435 βούλευμα
552 1402 770 1436 παραστήσεται.
805 1402 886 1430 Ἀλλὰ

95 1446 172 1479 παρὰ
184 1445 233 1472 τοῦ
250 1446 297 1472 σοῦ
315 1446 380 1472 λαοῦ
396 1446 540 1483 δῃούμενοί
551 1456 580 1474 τε
597 1448 643 1474 καὶ
656 1449 884 1484 συμπνιγόμενοι,

96 1493 142 1520 καὶ
157 1491 273 1523 ἄκοντες
288 1493 322 1519 τὰ
333 1493 406 1519 νῶτα
420 1492 547 1526 δώσουσι,
566 1493 727 1525 σπεύδοντες
739 1494 773 1521 δι’
788 1495 885 1530 ἑτέρας

94 1537 155 1564 ὀδοῦ
185 1539 236 1571 τὴν
262 1537 330 1564 ἰδίαν
359 1538 575 1574 καταλήψεσθαι.
610 1540 720 1567 Τούτων
749 1540 771 1567 δ’
798 1541 885 1573 οὕτως

96 1583 327 1618 ὕποστρεφόντων
341 1584 462 1618 ἀγεννῶς
480 1585 528 1612 καὶ
553 1585 694 1620 ἀκόσμως,
709 1587 722 1613 ό
742 1587 804 1618 λαός
825 1596 884 1622 σου,

93 1629 212 1661 τούτους
232 1629 380 1664 θεώμενος,
403 1631 470 1665 ὅσης
489 1631 577 1666 χαρᾶς
589 1633 636 1659 καὶ
661 1633 793 1670 θυμηδίας
819 1634 888 1670 πλη-

95 1675 259 1712 σθήσονται,
276 1675 348 1711 λόγῳ
365 1678 543 1713 παραστῆσαι
565 1680 645 1705 τοῦτο
666 1680 809 1707 ἀδύνατον.
827 1681 888 1708 Τῶν

95 1720 144 1749 οὖν
159 1721 314 1757 πολεμίων,
335 1722 373 1754 ὡς
398 1723 536 1756 λέλεκται,
563 1725 802 1761 ύποστρεφόντων,
827 1728 888 1754 τότε

94 1767 268 1799 καταδίωξον
279 1767 392 1794 ὄπισθεν
407 1769 508 1802 αὐτῶν,
535 1769 692 1806 ἔμπροσθεν
714 1772 888 1800 ἀποστέλλων

93 1814 192 1845 ἱππεῖς
217 1814 287 1849 μετὰ
311 1814 416 1850 ταχέων
443 1815 548 1849 ψιλῶν·
564 1818 611 1843 καὶ
625 1817 705 1850 αὐτὸς
737 1819 766 1845 δὲ
793 1819 888 1851 ὀξύτε-

95 1868 142 1894 ρον
172 1861 336 1895 περιπατῶν
358 1861 406 1888 τοῦ
431 1862 596 1889 καταλαϐεῖν
613 1864 712 1896 αὐτοὺς
733 1864 886 1900 ὲπείχθητι.

93 1906 126 1932 οι
145 1906 176 1932 δὲ
192 1906 286 1941 ἐχθροὶ
297 1906 341 1933 διὰ
351 1906 398 1933 τὸν
409 1907 522 1942 φεύγειν
536 1909 646 1941 αὐτοὺς,
662 1910 740 1945 τάχει
756 1911 805 1942 τὰς
824 1911 887 1938 δυσ-

92 1951 203 1985 χωρίας
241 1952 354 1979 διελθεῖν
391 1954 437 1979 καὶ
469 1953 515 1980 τὺν
550 1955 579 1980 ὲν
619 1955 713 1986 αὑταῖς
745 1956 888 1990 διαφυγεῖν

93 1998 230 2032 πόλεμον,
244 1998 293 2024 καὶ
311 1998 359 2034 τὴν
372 1999 441 2025 ἰδίαν
456 1999 664 2035 καταλήψεσθαι
676 2008 682 2016 ·
696 2001 758 2027 ἐπεὶ
773 2001 887 2036 πλησίον

91 2043 142 2077 τῆς
167 2043 333 2078 κλεισούρας
357 2044 536 2078 γενήσονται,
571 2044 645 2071 τοῦθ’
675 2045 886 2079 ὑποπτεύοντες,

91 2087 163 2123 πρὸς
184 2089 219 2114 τὸ
236 2088 272 2124 μὴ
299 2089 381 2115 πάλιν
404 2089 559 2125 ἔμπροσθεν
581 2091 673 2118 αὐτῶν
699 2092 748 2123 τὰς
772 2092 887 2125 πεζικὰς

934 258 989 284 sint
1004 255 1084 290 252
1099 255 1167 282 ictus
1186 262 1266 289 quam
1291 254 1408 288 passuri.
1429 254 1488 280 Non
1515 259 1556 282 est
1576 261 1609 281 ex
1635 254 1723 288 lapide

933 307 1030 330 natura
1058 302 1180 331 illorum.
1197 305 1243 327 aut
1271 308 1302 326 ex
1323 308 1387 331 tere,
1413 305 1442 327 ut
1459 301 1570 327 vulnera
1589 296 1722 335 accipere

933 356 986 375 non
1018 347 1123 381 possint
1138 356 1144 373 :
1160 354 1247 380 neque
1268 354 1300 373 ex
1325 345 1398 373 ferro
1416 354 1526 382 corpus,
1541 351 1570 373 nt
1584 347 1723 374 laboribus

933 399 987 419 non
1012 391 1162 426 frangatur,
1193 398 1280 425 neque
1303 395 1417 426 torpeat.
1438 401 1447 416 ›
1474 391 1573 418 Adluec
1600 396 1723 418 monstra

934 438 987 466 illis
1005 438 1138 470 locorum,
1162 437 1207 464 ubi
1234 438 1266 465 ad
1294 438 1416 472 prmlium
1441 437 1656 470 adornabuntnr,
1671 434 1724 464 dif:

934 484 1092 517 (leuitatem,
1110 489 1136 511 et
1158 489 1288 519 quantam
1304 484 1337 511 iis
1351 491 1431 518 opem
1455 483 1542 510 latura
1568 483 1611 510 sit.
1626 483 1662 510 Ita
1679 484 1724 511 ubi

935 531 997 559 illos
1023 532 1106 566 probe
1125 531 1222 558 acuiin
1243 536 1325 564 atque
1351 530 1487 562 exeitasti,
1518 531 1669 565 paratiores
1698 533 1726 558 et

935 577 1109 604 audentiores
1126 576 1210 604 factos
1226 577 1377 603 constitues
1393 576 1419 603 in
1435 576 1534 611 quibus
1550 577 1617 604 locis
1629 577 1727 603 debent

935 630 998 649 cum
1013 622 1137 650 hostibus
1154 622 1310 657 conﬂigere.
1327 622 1366 650 Ac
1382 623 1471 658 primo
1483 622 1594 657 quidem
1616 622 1725 657 fastigia

935 668 1069 695 montium
1094 675 1228 703 occupare
1255 676 1367 696 necesse
1392 673 1442 701 est,
1458 668 1610 703 itineraque
1635 669 1727 695 omnia

935 713 1061 740 obsidere
1082 720 1113 740 ac
1124 714 1245 740 ﬁrmare.
1261 713 1374 747 Equites
1388 713 1524 747 peditibus
1548 713 1656 740 admisti
1675 713 1728 740 sic-

935 759 983 786 ubi
1002 759 1149 794 eonﬂigere
1168 764 1294 794 possunt,
1325 759 1374 787 hos
1396 766 1506 794 quoque
1529 759 1598 787 locis
1621 759 1728 786 idoneis

935 805 1096 832 constitues.
1123 804 1210 832 Debes
1241 804 1359 839 denique
1385 804 1500 839 singulis
1531 804 1585 832 tuis
1614 804 1726 832 aciebus

936 850 1021 878 duces
1047 850 1148 886 probos
1172 850 1322 885 praeﬁcere,
1340 853 1492 885 caulemque
1517 850 1608 877 omnia
1634 850 1728 887 obser-

900 890 999 932 Brare
1022 900 1045 922 et
1075 896 1174 927 facere,
1199 903 1260 930 qua:
1285 902 1300 922 a
1324 895 1459 930 principio
1484 895 1685 927 commentarii,
1699 895 1726 922 in

936 941 1025 976 capite
1053 941 1087 969 de
1116 941 1210 976 prrclio
1235 949 1297 968 cum
1323 941 1449 968 hostibus
1475 941 1502 968 in
1527 941 1594 968 locis
1621 941 1727 975 asperis

936 986 1115 1019 conserendo,
1131 987 1318 1021 exposuimus.
1340 985 1389 1013 Ubi
1417 986 1528 1020 propius
1561 987 1729 1013 accesserint

937 1032 1040 1064 hostes,
1059 1032 1082 1059 si
1102 1031 1136 1059 de
1150 1032 1284 1066 praesidiis
1300 1030 1354 1058 tuis
1370 1032 1395 1058 in
1413 1032 1454 1059 via
1473 1032 1624 1064 collocatis,
1640 1033 1727 1068 dequo

936 1077 1095 1105 dimeultate
1117 1078 1276 1105 transeundi
1299 1079 1429 1106 certiores
1455 1079 1532 1111 facti,
1548 1079 1727 1108 nihilominus

935 1122 1065 1149 audacter
1081 1130 1256 1158 perrumpere
1269 1123 1382 1155 audent,
1400 1131 1494 1157 parum
1515 1132 1647 1159 prospere
1664 1134 1726 1152 sm:-

936 1168 1012 1195 ccdet
1025 1168 1058 1195 iis
1079 1168 1130 1195 hoc
1144 1169 1303 1195 consilium.
1314 1169 1417 1203 Quippe
1429 1169 1539 1197 contriti
1557 1176 1583 1197 et
1595 1171 1728 1205 compulsi

936 1221 951 1241 a
967 1214 1020 1241 tuis
1035 1215 1121 1249 copiis
1135 1215 1177 1241 vel
1193 1215 1268 1242 inviti
1291 1219 1364 1250 terga
1380 1220 1496 1248 vertent,
1512 1217 1620 1252 aliaque
1641 1218 1683 1244 via
1699 1217 1727 1244 in

935 1268 1002 1289 suos
1028 1260 1096 1288 lines
1122 1261 1264 1296 pervenire
1280 1261 1458 1290 festinabnnt.
1476 1261 1550 1295 Quos
1584 1263 1624 1290 sic
1652 1264 1728 1298 igna-

935 1308 1004 1336 viter
1015 1313 1043 1335 et
1055 1308 1181 1335 indecore
1196 1312 1363 1336 revertentes
1379 1309 1402 1336 si
1417 1309 1553 1343 conspicit
1571 1314 1633 1338 tuus
1647 1318 1726 1338 exor-

936 1354 1017 1387 citns,
1035 1355 1128 1382 laetitia
1153 1360 1235 1390 atque
1264 1355 1404 1389 voluptate
1426 1356 1616 1391 complebitnr,
1642 1358 1729 1392 magis

937 1408 1018 1436 quam
1037 1401 1128 1429 verbis
1151 1401 1204 1428 dici
1229 1406 1327 1436 potest.
1344 1401 1383 1429 Tu
1396 1406 1486 1428 autem
1512 1401 1604 1430 hostes
1636 1404 1686 1435 sic,
1699 1410 1730 1430 ut

936 1449 1153 1475 demonstratum
1178 1454 1230 1480 est,
1255 1449 1386 1475 abeuntes
1421 1449 1565 1483 insequere
1595 1457 1609 1477 a
1641 1455 1727 1486 tergo,

937 1494 1017 1530 253
1033 1493 1182 1529 prtemissis
1196 1493 1335 1528 equitibus
1349 1502 1410 1521 cum
1426 1494 1554 1522 velitibus
1569 1496 1702 1531 expeditis
1720 1506 1727 1522 :

937 1541 1047 1574 ipseque
1061 1539 1184 1567 celeriter
1197 1539 1295 1566 itinere
1313 1539 1383 1566 facto
1397 1541 1507 1574 assequi
1525 1541 1584 1568 illos
1601 1549 1727 1576 propr-ra.

939 1585 1094 1612 Adversarii
1113 1585 1158 1620 qui
1173 1584 1291 1620 fugiunt,
1308 1589 1337 1612 ut
1359 1586 1510 1622 angustias,
1529 1587 1612 1614 vitato
1630 1588 1656 1614 in
1674 1587 1728 1614 illis

939 1630 1099 1664 certamine,
1131 1630 1293 1658 festinanter
1322 1632 1521 1664 transmittere,
1550 1631 1576 1658 in
1608 1639 1730 1667 suosque

939 1676 1007 1704 lines
1024 1676 1164 1711 pervenire
1182 1677 1290 1711 possint
1309 1685 1315 1704 :
1331 1684 1392 1703 cum
1418 1678 1528 1712 propius
1551 1679 1583 1705 ad
1610 1680 1729 1708 claustra

938 1728 1126 1755 accesserunt,
1149 1727 1284 1755 verentes,
1299 1731 1334 1750 ne
1358 1723 1454 1750 ίιυτυιη
1476 1732 1504 1751 50
1523 1730 1668 1760 prawertat
1685 1734 1730 1760 pe-

939 1768 1040 1796 ditatus
1060 1773 1163 1801 noster,
1183 1769 1286 1804 iterque
1299 1777 1378 1796 suum
1394 1774 1508 1804 occupet
1526 1779 1533 1798 :
1548 1770 1571 1797 si
1594 1776 1729 1798 conantur

940 1822 1021 1843 noctu
1038 1816 1108 1843 viam
1137 1823 1258 1850 pergere,
1276 1816 1335 1843 sine
1365 1824 1440 1844 mora
1473 1817 1533 1844 illos
1565 1819 1729 1854 assequeris,

939 1862 1017 1897 equis
1027 1869 1121 1890 eorum
1135 1861 1314 1889 diuturnitate
1329 1862 1437 1890 itineris
1458 1864 1559 1890 attritis
1574 1873 1580 1891 :
1601 1865 1729 1900 ipsosque

939 1907 1089 1936 exhaustos
1119 1915 1167 1942 per
1191 1913 1357 1943 noetemque
1380 1909 1552 1936 ambulantes
1579 1911 1729 1945 deprchen-

939 1954 1016 1986 dens,
1033 1954 1070 1987 id,
1087 1962 1103 1981 ο
1118 1954 1184 1986 dux,
1196 1955 1267 1989 quod
1283 1962 1390 1989 semper
1409 1955 1558 1990 qumsivisti
1580 1962 1676 1984 nactus
1687 1965 1726 1985 cs.

941 1999 1030 2035 thue
1059 2000 1177 2034 primum
1198 2008 1245 2028 eos
1269 2005 1412 2028 assecutus
1436 2009 1465 2028 es
1491 2006 1584 2034 noctu,
1599 2002 1730 2038 erestigio

940 2051 1045 2081 oportet
1059 2047 1135 2080 signa
1150 2046 1251 2074 inferre
1273 2047 1398 2081 przesidio
1412 2048 1484 2082 quod
1513 2052 1627 2075 vocatur
1652 2057 1728 2080 sacn,

941 2091 1022 2125 i-lque
1047 2097 1094 2125 per
1122 2090 1235 2125 pedites,
1267 2099 1337 2126 quos
1365 2091 1551 2126 subsequatur
1579 2091 1726 2128 equihtus.

90 2133 190 2166 τάξεις
208 2134 345 2167 γενέσθαι,
362 2136 410 2162 καὶ
425 2136 474 2170 τὴν
494 2136 552 2162 ὁδὸν
565 2136 656 2163 αὐτῶν
673 2140 839 2174 κατασχεῖν·
855 2139 888 2166 ἂν

92 2177 123 2204 ἐν
141 2178 228 2204 νυκτὶ
242 2178 292 2212 τὴν
302 2179 457 2214 ὁδοιπορίαν
471 2180 622 2216 πειραθῶσι
632 2182 808 2218 ποιήσασθαι,
824 2192 888 2210 συν-

940 2135 1014 2163 Alios
1028 2137 1121 2164 velites
1133 2145 1194 2164 cum
1215 2137 1353 2171 equitibus
1369 2138 1500 2172 prfemitte
1518 2146 1565 2173 per
1580 2144 1728 2174 utrumque

939 2182 1011 2210 latus
1028 2183 1087 2215 via},
1103 2183 1149 2218 qui
1162 2183 1287 2210 hostibus
1309 2188 1487 2218 prmcurrant,
1502 2192 1602 2220 eosque
1614 2185 1679 2220 jnbe
1694 2195 1728 2213 ex

90 2223 187 2257 τόμως
202 2223 315 2255 τούτους
328 2225 496 2260 καταλάϐῃς.
513 2226 567 2253 τῶν
583 2227 674 2254 ῑππων
690 2228 782 2255 αὐτῶν
793 2229 883 2264 ἀτονη-

943 2234 1099 2256 transverso
1117 2229 1248 2264 impetum
1266 2229 1365 2257 facere.
1384 2230 1422 2258 Ita
1438 2231 1461 2259 si
1478 2231 1577 2267 egeris,
1600 2233 1728 2260 resistere

90 2269 206 2296 σάντων
215 2268 269 2295 ἀπὸ
281 2270 329 2304 τῆς
345 2271 456 2305 χρονίας
472 2265 636 2307 ὁδοιπορίαςτ
655 2274 702 2300 καὶ
713 2273 767 2301 τῶν
783 2275 883 2310 ἀνδρῶι

941 2284 994 2303 non
1019 2279 1156 2311 poterunt,
1173 2275 1219 2302 sed
1249 2275 1277 2303 in
1303 2275 1395 2312 fugam
1424 2285 1452 2306 se
1467 2265 1623 2312 conjicient.
1649 2279 1728 2312 Quod

89 2315 296 2341 ἐκλελοιπότων
319 2315 462 2352 ἐπιτύχῃς,
479 2318 576 2349 νυκτὸς
594 2319 826 2355 ὁδοιπορούντων*
841 2321 883 2347 xui

939 2323 961 2350 si
976 2327 1057 2350 noctu
1074 2321 1187 2355 faciunt,
1203 2329 1375 2358 persequere,
1397 2329 1424 2351 et
1443 2332 1551 2352 summo
1569 2325 1651 2352 exitio
1667 2325 1729 2353 illos

88 2357 188 2397 εὗρες,
207 2361 355 2396 στρατηγὲ,
372 2362 402 2388 τδ
415 2362 459 2388 ἀεί
471 2371 512 2390 σοι
531 2363 755 2400 ἐπιζητούμενον.
795 2367 886 2394 Κατα-
937 2367 1039 2396 trades.

87 2405 287 2441 λαμϐάνοντάς
305 2415 351 2433 σου
366 2407 395 2434 δὲ
409 2408 520 2440 τούτους
533 2409 640 2443 νυκτὸς,
672 2410 731 2437 δέον
747 2412 907 2446 παραυτίκα
945 2412 1062 2448 πόλεμον
1081 2413 1197 2449 συνάψαι
1239 2415 1279 2446 είς
1303 2414 1332 2441 τὸ
1359 2414 1503 2450 λεγόμενον
1533 2415 1613 2446 seu.
1658 2416 1729 2451 μετὰ

89 2455 206 2488 πεζῶν,
226 2454 270 2491 [P.
300 2454 363 2491 164]
393 2457 698 2485 συνεπακολουθούντων
725 2459 816 2491 αὐτοῖς
839 2460 887 2487 καὶ
907 2461 1023 2489 ἱππέων.
1047 2461 1173 2498 Ἐτέρους
1194 2463 1222 2489 δὲ
1256 2462 1310 2489 τῶν
1330 2462 1416 2497 ψιλῶν
1440 2463 1499 2498 μεθ’
1531 2464 1635 2492 ἱππέων
1650 2464 1726 2492 ἔνθεν

86 2503 229 2530 κάκεῖθεν
250 2504 300 2539 τῆς
314 2503 374 2530 ὁδοῦ
390 2503 546 2540 ἔμπροσθεν
568 2507 693 2540 γενέσθαι
721 2507 774 2534 τῶν
805 2508 944 2544 πολεμίων
975 2510 1147 2543 ἀπόστειλον,
1165 2513 1212 2539 καὶ
1235 2512 1267 2538 ὲκ
1297 2511 1412 2546 πλαγίου
1429 2513 1475 2539 καὶ
1502 2512 1600 2545 αὐτοὺς
1609 2513 1728 2549 πόλεμον

84 2550 267 2598 προσϐαλεῖν
287 2550 449 2598 πρόσταξον.
477 2553 534 2579 Καὶ
552 2552 639 2585 οὕτως
662 2554 803 2587 ποιοῦντός
829 2565 888 2589 σου,
907 2556 936 2582 οὐ
956 2557 1115 2592 δυνήσονται
1150 2559 1320 2594 ἀντιστῆναι,
1343 2559 1412 2586 ἀλλὰ
1436 2560 1504 2594 πρὸς
1538 2561 1627 2597 φυγὴν
1641 2563 1730 2598 ὁρμή-

86 2605 185 2623 σουσι.
206 2595 262 2623 Καὶ
283 2597 307 2623 εί
330 2597 409 2624 τοῦτο
435 2598 532 2630 νυκτὸς
548 2599 693 2634 πράξουσι,
715 2601 881 2634 καταδίωξον
901 2603 1011 2636 αὐτοὺς,
1026 2605 1073 2645 καὶ
1101 2605 1196 2640 τελείῳ
1221 2606 1334 2638 τούτους
1360 2605 1534 2641 παραδώσεις
1567 2608 1726 2643 ἀφανισμῷ.

242 2652 321 2680 ΚΕΦ.
341 2653 403 2682 KA'.
417 2656 487 2689 Περὶ
507 2656 745 2692 νυκτοπολέμου.

122 2709 159 2736 Et
179 2709 214 2735 es
231 2710 271 2740 είς
289 2710 385 2745 ἑτέραν
400 2711 497 2738 ἔλθωσι
511 2712 618 2748 βουλὴν,
639 2715 709 2741 κατὰ
729 2715 759 2742 τὺ
791 2716 888 2743 δοκοῦν

81 2753 200 2787 αὐτοῖς,
233 2754 434 2789 λυσιτελούσαν,
463 2758 510 2784 καὶ
532 2759 612 2794 ἡνίκα
636 2768 665 2786 σε
694 2761 883 2789 καταλαῦόντα

1053 2661 1117 2688 CAP.
1133 2661 1228 2688 XXIV.
1244 2661 1280 2688 De
1300 2662 1470 2689 dimicatione
1482 2667 1620 2691 nocturna.

979 2717 1007 2744 SI
1023 2726 1086 2746 vero
1107 2719 1133 2746 in
1160 2720 1240 2747 aliam
1266 2721 1456 2756 cogitationem
1475 2723 1596 2754 veniunt,
1610 2723 1673 2757 sibi,
1686 2732 1729 2752 se-

935 2764 1057 2791 cundum
1079 2765 1162 2799 ipsos,
1181 2767 1338 2800 salutarem,
1351 2771 1388 2800 et,
1405 2767 1521 2795 adventu
1544 2775 1590 2796 tuo
1602 2770 1725 2806 cognito,

692 2820 723 2848 C.
744 2819 773 2848 Β.
789 2821 880 2850 llASll
896 2821 1172 2852 ANNOTATIONES.

130 2859 157 2876 ³⁸
171 2858 337 2893 ἐξεϐἐμεϐα.
358 2858 420 2887 Vitl.
438 2868 518 2895 supra
533 2862 594 2890 122.

242 2908 281 2935 ΡΑ
289 2915 374 2936 runt.
395 2906 453 2938 Gn.
473 2907 598 2942 CXVII,
1507 2920 1546 2949 32
