1913 3068
157 178 229 211 1003

811 161 1022 194 ΝΙΟΕΡΙΙΟΒΙ
1034 158 1166 191 ΡΗΟΟΕ

1719 151 1789 184 ποθι

159 237 210 264 sub
236 236 342 261 noctem
367 224 553 256 tabernaculis
578 221 687 251 statutis
707 219 859 252 consident,
881 223 946 246 tunc
959 218 972 249 Δ

1024 216 1144 243 ’σθωνται
1158 211 1254 244 νυκτδς
1282 206 1488 246 άπληκεῦσωσι,
1511 208 1559 240 τὰς
1582 206 1685 243 σκηνὰς
1702 207 1791 241 πηξά-

1126 259 1132 264 .
1295 256 1313 264 ιι
1445 255 1466 264 ,I
1486 253 1550 264 "V7,
1568 262 1571 264 .
1587 253 1690 264 ls_.L__
1715 251 1791 264 "‘.L..

161 287 277 318 pugnam
302 280 443 305 nocturam
468 279 530 300 cum
562 269 615 298 illis
637 267 801 296 committes.
820 265 947 292 Pra'lium

160 311 250 355 autem
274 325 410 352 instruere
436 317 518 354 254
549 319 657 351 oportet
681 314 814 341 adversus
831 311 892 339 illas
921 311 949 338 in

161 373 234 400 hunc
253 369 384 397 modum:
404 365 444 392 Tu
463 368 565 397 atcrgo
579 367 641 388 cum
660 357 778 394 pedestri
800 357 859 384 acie
872 356 951 391 signa

162 399 274 444 inferes.
306 412 439 446 ReliquOs
475 407 617 443 pedestres
658 410 787 431 numeros
823 399 952 429 distribui

162 466 268 499 oportet
283 460 310 487 in
323 461 417 494 partes
440 462 499 487 sex,
511 457 621 487 tresque
634 457 681 486 per
704 449 846 484 obliquum
857 454 872 475 e
885 446 953 474 dex-

162 491 206 537 tro
219 509 303 535 latere
324 491 458 534 hostium,
476 503 530 526 tres
553 505 586 525 ex
609 495 723 524 sinistro
736 493 832 527 locari,
852 492 875 520 si
890 491 954 527 qui-

163 555 225 583 dem
237 559 285 580 eos
299 554 397 577 natura
410 545 464 574 loci
480 549 570 572 castra
595 542 624 570 in
647 539 845 576 longitudinem
860 537 953 573 porri-

164 606 228 636 gere
239 595 330 631 coegit
345 603 353 621 :
367 593 469 621 distent
485 594 576 618 autem
592 588 634 616 lue
657 586 731 614 acies
744 585 818 613 inter
829 591 859 612 se
875 583 955 618 quasi

161 631 397 680 *sagittrejactum,
412 641 459 665 aut
480 635 561 671 paulo
584 634 686 666 minus,
700 631 845 666 solamque
873 636 953 664 aper-

162 674 221 720 tam
236 693 262 717 et
275 674 468 715 incustoditam
486 682 643 716 relinquant
663 678 734 706 viam
748 677 834 710 illam,
847 682 901 711 qua
922 674 957 702 ad

165 735 283 773 patriam
301 733 471 765 salutemque
493 725 642 755 adversarii
659 723 802 760 pervenire
830 723 956 757 possint;

167 767 209 814 ut.
221 778 358 808 acerrimo
375 777 477 810 impetu
500 773 527 800 in
547 779 594 799 eos
619 770 700 802 facto,
712 772 739 796 et
751 767 822 794 viam
838 770 958 801 apertam

168 825 318 858 inveniant,
328 828 355 850 et
368 828 415 856 spe
428 819 497 846 falsa
513 816 627 848 inducti.
636 822 666 842 se
675 813 827 842 incolumes
842 817 959 847 pugnam

168 873 287 907 effugere
313 869 480 901 domumque
514 861 659 899 pervenire
680 867 771 896 posse,
799 856 961 885 conscensis

169 904 246 955 equis
259 925 292 945 ea
303 915 372 950 fugae
385 921 415 942 se
438 910 620 942 committant,
640 911 802 942 tantumque
818 912 875 933 sua:
885 904 960 940 quis-

171 949 224 1002 que
244 949 345 992 salutis
372 959 505 987 rationem
536 955 646 983 habeat.
673 952 702 980 Si
735 959 790 980 non
816 951 844 979 in
874 949 963 984 longi-

171 995 294 1041 tludinem
330 1006 512 1042 porrexerunt
540 1005 652 1032 castra,
686 997 734 1026 sed
768 997 892 1024 locorum
926 995 964 1022 si-

172 1064 219 1088 tus
255 1041 408 1083 orbiculata
431 1057 464 1077 ea
489 1047 600 1079 effecit,
630 1047 738 1079 Oportet
768 1047 795 1070 te
823 1041 963 1076 pedestres

175 1105 248 1133 acies
271 1097 450 1129 circumcirca
475 1093 654 1122 collocantem
676 1089 783 1125 jubere,
796 1091 825 1114 ut
853 1086 886 1113 ad
915 1092 965 1120 pu-

176 1130 258 1185 gnam
280 1152 310 1174 se
339 1144 460 1179 parent:
490 1137 580 1166 solum
614 1138 725 1166 autem,
755 1136 786 1159 ut
809 1130 964 1161 docuimus,

260 1193 312 1220 iter
329 1174 445 1217 liberum
462 1189 489 1213 et
512 1186 636 1218 apertum
661 1179 828 1213 relinquere,
846 1176 919 1212 quod
932 1174 967 1202 ad

178 1220 400 1266 adversariorum
416 1231 484 1258 ﬁnes
498 1227 583 1256 ducit.
601 1225 750 1259 Postquam
773 1221 922 1258 peditatum
938 1220 967 1246 in

179 1285 253 1312 hunc
270 1280 380 1310 modum
398 1274 573 1304 instruxeris.
586 1272 652 1308 jube
664 1277 728 1298 eum
756 1276 811 1296 non
826 1266 922 1303 procul
934 1265 967 1292 ab

179 1329 307 1358 hostibus
324 1323 478 1355 considere,
495 1320 627 1355 ignesque
656 1323 756 1352 magno
783 1320 898 1342 numero
924 1319 969 1339 ac-

180 1374 306 1404 cendere.
322 1370 407 1397 Porro
431 1367 458 1394 in
476 1370 641 1400 unaquaque
657 1360 775 1397 pedestri
792 1360 851 1387 acie
875 1357 970 1393 praefe-

181 1427 257 1450 ctum
273 1415 425 1445 constitues
453 1411 569 1447 probum
594 1413 621 1436 et
648 1407 744 1435 fortem
771 1407 860 1433 virum
880 1412 886 1431 :
906 1403 970 1431 item

179 1472 244 1494 cum
259 1463 314 1490 illis
327 1459 433 1495 equites
443 1457 476 1484 ad
489 1455 611 1491 singulas
626 1453 709 1485 acies,
719 1451 766 1487 qui
782 1458 798 1478 a
821 1455 897 1484 tergo
908 1448 973 1477 sub-

183 1513 250 1544 slnt,
261 1509 284 1537 si
300 1514 348 1543 per
363 1506 454 1533 locum
479 1503 553 1534 licet,
568 1507 631 1528 cum
657 1498 773 1526 ducibus
788 1496 906 1524 idoneis.
923 1495 973 1522 His

184 1540 374 1590 obtemperare
397 1549 507 1586 juhebis
532 1553 628 1574 omnes
651 1544 762 1576 milites,
790 1542 873 1570 etiam
892 1540 973 1576 pede-

186 1588 286 1633 strium
299 1601 430 1628 acierum.
447 1595 495 1622 His
505 1594 542 1621 ita
556 1588 856 1623 administratis,deligi
868 1590 975 1623 oportet

185 1650 280 1678 velites
296 1644 376 1682 255
401 1642 486 1670 fortes
512 1644 539 1668 et
561 1636 760 1668 velocissimos,
776 1641 880 1669 eosque
907 1640 976 1668 prae-

188 1695 269 1726 mitti,
284 1679 437 1720 utsilentio
448 1684 585 1722 progressi
600 1690 682 1719 quam
696 1681 819 1717 proxime
836 1680 869 1707 ad
884 1679 977 1706 hostes

190 1724 334 1769 accedant,
348 1736 390 1764 sic
416 1732 518 1764 cdocti,
533 1735 562 1758 ut
584 1730 672 1765 primo
687 1727 734 1763 qui
755 1726 832 1763 juxta
857 1724 976 1752 medium

192 1792 289 1820 agmen
303 1782 370 1813 sint,
385 1781 517 1814 impetum
543 1775 656 1807 faciant,
671 1773 767 1801 deinde
780 1772 827 1807 qui
844 1779 859 1798 ιι
877 1769 977 1798 fronte.

191 1816 270 1865 Quod
287 1829 309 1857 si
325 1835 359 1855 ex
388 1829 504 1859 utroque
518 1823 604 1850 latere
614 1820 704 1849 'locus
726 1818 864 1852 fastigium
884 1816 978 1847 habet,

191 1876 332 1912 pedestres
355 1871 428 1899 acies
448 1870 475 1897 in
489 1869 592 1896 hostes.
612 1886 620 1894 .
641 1886 650 1897 .
670 1863 821 1892 adversarii
843 1861 980 1889 manuali-

192 1907 245 1950 bus
277 1923 305 1947 et
334 1915 492 1945 fundalibus
536 1912 621 1945 saxis,
656 1909 817 1945 sagittisque
851 1907 980 1942 utrinque

190 1975 228 1995 es
244 1965 312 1993 locis
327 1960 514 1998 superioribus
533 1956 656 1993 appetiti,
675 1954 750 1982 nullo
773 1953 882 1988 negotio
903 1951 981 1986 disji-

195 2015 312 2043 eientur.
325 2010 353 2038 Si
363 1997 434 2036 inOn
451 2006 491 2034 sic
506 2012 535 2034 se
550 2004 632 2032 habet
657 2006 780 2030 locorum
795 1999 874 2032 situs,
890 1997 937 2026 sed
949 2005 982 2024 ex

195 2061 279 2088 altera
297 2057 430 2084 duntaxat
443 2056 521 2088 parte
543 2048 682 2085 fastigium
709 2045 841 2078 imminet,
857 2043 983 2071 similiter

195 2106 259 2135 inde
272 2102 382 2145 facilius
395 2107 460 2128 saxa
471 2103 498 2126 et
509 2096 616 2131 sagittas
630 2095 658 2122 in
672 2093 735 2121 illos
746 2090 919 2127 adjicientur.
934 2088 983 2116 Sin

198 2135 289 2180 autem
312 2150 339 2176 in
371 2145 483 2182 planitie
511 2150 556 2170 res
582 2141 696 2176 geritur,
727 2137 825 2173 majori
858 2135 985 2164 cautione

199 2196 318 2226 ineunda
345 2179 435 2229 pugna
462 2194 516 2218 est.
538 2188 638 2215 Hostes
667 2185 691 2213 si
718 2184 814 2212 volunt
827 2179 985 2210 conscensis

199 2242 278 2278 equis
292 2241 320 2267 in
335 2227 445 2266 nostros
460 2236 591 2269 impetum
620 2231 720 2263 facere,
735 2229 864 2257 velitibus
884 2234 901 2254 a
924 2227 984 2254 loco

197 2272 302 2323 adjutis
318 2281 523 2312 incommodum
545 2278 650 2306 nullum
675 2275 802 2308 inferent,
816 2273 862 2302 sed
879 2280 908 2301 se
937 2272 988 2307 ipsi

203 2318 294 2370 potius
309 2337 407 2366 magno
436 2327 556 2355 allicient
574 2324 656 2352 malo.
673 2322 775 2350 Omnes
799 2325 890 2348 autem
909 2318 992 2354 pede-

199 2365 275 2409 stres
299 2365 383 2412 copia:
408 2373 502 2402 eodem
530 2375 652 2406 tempore
680 2369 825 2396 decurrere
854 2365 993 2399 utrimque

203 2426 314 2457 debent,
333 2410 463 2456 tubisque
476 2416 686 2447 concinentibus
701 2414 848 2441 clamorem
871 2414 898 2438 et
929 2410 994 2437 bar-

204 2472 288 2501 ritum
304 2455 561 2499 tollereiDeinceps
578 2462 633 2490 dux
646 2467 754 2496 quoque
769 2466 784 2485 a
800 2462 876 2492 tergo
894 2455 995 2483 acriter

204 2517 328 2553 praelium
355 2511 521 2541 committat.
536 2511 575 2536 Ac
600 2507 624 2535 si
648 2508 826 2541 perseverant
844 2500 994 2529 adversarii

206 2548 295 2598 neque
324 2561 394 2596 fugae
419 2565 449 2586 se
482 2553 686 2586 commendant,
699 2550 818 2586 expediti
845 2548 941 2576 velites
968 2551 996 2574 et

207 2593 341 2646 pra-emissi
357 2593 538 2639 antesignani
563 2601 664 2628 ducum
696 2595 897 2625 hortationibus
927 2593 996 2621 inci-

209 2641 285 2683 tandi
301 2657 375 2685 sunt,
391 2655 420 2678 ut
432 2647 563 2684 usque'ln
579 2643 755 2674 tabernacula
778 2641 896 2670 hostium
913 2646 996 2675 pene-

209 2704 293 2729 trent.
305 2699 333 2726 Id
344 2684 424 2726 facile
438 2696 490 2724 erit
503 2694 589 2726 fectu,
609 2695 720 2727 propter
735 2688 855 2717 salebras
879 2685 941 2714 loci.
955 2684 993 2711 Ita

212 2747 257 2775 ubi
273 2744 428 2779 occeperint
443 2747 540 2769 manus
554 2738 666 2774 injicere
678 2736 769 2772 equis,
783 2733 876 2766 mulis,
895 2731 996 2758 instru-

1002 269 1088 298 μενοι,
1103 259 1164 286 τότε
1184 256 1388 291 νυκτοπόλεμον
1405 255 1466 281 κατ’
1481 253 1572 281 αὐτῶν
1586 253 1704 289 ἐργάσῃ.
1715 251 1791 287 Πλὴν

999 307 1086 339 οὕτως
1103 314 1134 332 σε
1145 305 1190 332 τὸν
1203 304 1264 331 κατ’
1282 302 1372 330 αὐτῶν
1384 301 1438 337 χρὴ
1457 299 1590 327 διαθεῖναι
1601 299 1721 334 πόλεμον
1732 307 1739 313 ·
1754 299 1792 325 Σίι

1003 353 1052 388 μὲν
1074 352 1106 379 ἐκ
1124 351 1178 378 τῶν
1193 348 1304 376 ὄπισθεν
1327 347 1396 383 μετὰ
1409 345 1525 381 πεζικῆς
1543 344 1725 381 παρατάξεως
1742 344 1794 379 τὴν

1001 397 1155 434 προσϐολὴν
1169 396 1304 431 ποιήσεις.
1320 394 1377 424 Τὰς
1396 392 1426 419 δὲ
1441 392 1537 423 λοιπὰς
1553 390 1671 423 πεζικὰς
1698 390 1793 423 τάξεις

1006 444 1105 472 διελεῖν
1122 442 1175 478 χρὴ
1189 443 1228 473 εἱς
1239 441 1270 473 ἓξ
1289 439 1411 476 μερίδας,
1426 438 1475 466 καὶ¹
1494 438 1569 473 τρεῖς
1595 437 1644 472 μὲν
1669 436 1744 463 κατὰ
1764 435 1795 462 τὸ

1002 489 1090 523 δεξιὸν
1102 489 1157 516 τῶν
1168 487 1307 523 πολεμίων
1316 487 1348 513 ὲκ
1356 484 1471 519 πλαγίου
1482 484 1583 518 αὐτῶν,
1593 484 1669 518 τρεῖς
1682 482 1713 509 δὲ
1724 482 1797 509 κατὰ

1003 537 1034 564 τὸ
1045 535 1185 571 εὐώνυμον
1195 533 1377 568 καταστῆσαι,
1393 531 1420 558 εῐ
1428 539 1460 565 γε
1473 530 1514 562 εἰς
1525 530 1613 565 μῆκος
1623 530 1639 564 ή
1650 528 1698 555 τοῦ
1710 528 1796 555 τόπου

1005 583 1078 614 θέσις
1088 582 1119 609 τὸ
1131 580 1235 609 ἑαυτῶν
1245 579 1385 614 ἄπληκτον
1395 576 1567 611 καταστῆσαι
1583 574 1798 610 καταναγκάπ,

1009 627 1168 664 ἀπεχούσας
1191 625 1313 660 ἀλλήλων
1328 624 1396 650 ὡσεὶ
1423 622 1502 655 τόξου
1526 621 1617 658 βολήν,
1642 622 1660 656 ἢ
1680 621 1730 649 καὶ
1751 629 1798 656 μι-

1007 671 1073 706 κρὸν
1105 669 1230 696 ἔλαττον·
1247 668 1332 703 μόνην
1359 665 1538 701 ἀνεῳγμένην
1567 664 1617 691 καὶ
1638 663 1799 698 ἀφύλακτον

1008 715 1264 750 καταλιμπάνονσαι
1281 712 1332 747 τὴν
1347 712 1417 743 ὁδὸν,
1433 711 1483 747 τὴν
1497 710 1566 746 πρὸς
1580 710 1615 736 τὰ
1629 710 1721 736 οἰκεῖα
1736 710 1800 741 τοὺς

1010 761 1157 797 πολεμίους
1177 758 1364 790 διασώζουσαν
1377 765 1384 772 ·
1399 757 1474 788 ὅπως
1493 754 1687 790 σφοδρωτάτου
1708 754 1801 786 αὐτοῖς

1010 806 1185 837 ἐπιτεθέντος
1194 804 1243 831 τοῦ
1259 803 1391 838 πολέμου,
1408 802 1457 829 καὶ.
1475 801 1526 837 τὴν
1539 801 1599 827 ὸδδν
1619 799 1802 836 ἀνεῳγμένην

1012 852 1208 889 ἔφευρίσκωσι,
1234 851 1283 877 καὶ
1310 849 1403 884 ἀπάτῃ
1431 847 1478 874 τοῦ
1501 846 1667 882 διασωθῆναι
1690 846 1739 872 καὶ
1757 845 1803 871 τὸν

975 905 997 933 Β
1012 900 1131 934 πόλεμον
1145 897 1288 931 διαφυγεῖν
1311 895 1360 922 καὶ
1381 894 1432 929 τὴν
1454 893 1522 920 ἰδίαν
1543 892 1722 923 καταλαὸεἴν,
1742 891 1802 917 ἐπι-

1013 945 1080 972 6ὦσι
1093 943 1147 971 τῶν
1157 943 1258 974 ῐππων,
1269 941 1317 968 καὶ
1327 940 1360 967 δι’
1375 940 1458 974 αὐτῆς
1470 938 1538 974 πρὸς
1547 937 1637 973 φυγὴν
1646 938 1803 972 ὁρμήσωσι,

1015 991 1098 1026 μόνην
1109 990 1225 1020 ἕκαστος
1241 987 1290 1023 τὴν
1307 986 1375 1013 ἰδίαν
1393 983 1622 1020 περιποιούμενος
1651 982 1804 1017 σωτηρίαν.

1013 1037 1046 1064 Ei
1056 1035 1083 1062 δὲ
1091 1035 1142 1062 οὐκ
1154 1035 1292 1069 ἐπίμηκες
1302 1032 1489 1067 πεποιήκεσαν
1499 1031 1529 1057 τὸ
1537 1029 1644 1056 ἑαυτῶν
1651 1029 1805 1062 ἄπληκτον,

1014 1083 1072 1111 ἀλλ’
1087 1083 1104 1117 ή
1117 1080 1165 1108 τοῦ
1171 1081 1254 1107 τόπου
1265 1079 1340 1110 θέσις
1351 1077 1515 1112 κυκλοτερὲς
1523 1076 1590 1103 αὐτὸ
1601 1075 1805 1109 ἀπειργάσατο,

1015 1128 1068 1163 χρή
1076 1136 1105 1154 σε
1112 1126 1161 1157 τὰς
1168 1125 1282 1157 πεζικὰς
1290 1123 1402 1151 ἱστάντα
1408 1120 1576 1157 παρατάξεις
1582 1120 1712 1155 γυρόθεν,
1721 1127 1808 1154 παρι-

1017 1172 1201 1207 σκευασθῆναι
1213 1170 1315 1201 ταύτας
1327 1168 1478 1204 προστάξαι
1488 1167 1556 1202 πρὸς
1568 1167 1688 1201 πόλεμον
1697 1174 1705 1181 ·
1722 1166 1808 1200 μόνην

1016 1221 1054 1253 δὲ,
1062 1219 1100 1251 ὡς
1109 1218 1225 1254 ἔφημεν,
1233 1217 1281 1252 τὴν
1290 1216 1348 1243 ὁδὸν
1356 1215 1456 1249 ἄφετον
1468 1214 1514 1240 καὶ
1526 1213 1706 1247 ἀνεῳγμένην
1721 1219 1809 1238 κατα-

1017 1266 1116 1297 λιπεῖν,
1133 1264 1183 1299 τὴν
1202 1263 1271 1298 πρὸς
1286 1262 1319 1289 τὰ
1335 1261 1390 1288 ἴδια
1400 1259 1504 1286 τούτων
1518 1259 1668 1294 φέρουσαν.
1686 1257 1768 1285 Μετὰ
1780 1257 1810 1284 δὲ

1018 1313 1049 1340 τὺ
1077 1309 1255 1343 διατάξασθαι
1276 1309 1340 1340 τοὺς
1371 1306 1472 1339 πεζοὺς
1499 1305 1594 1332 τοῦτον
1622 1304 1669 1331 τὸν
1693 1304 1810 1339 τρόπον,

1020 1355 1254 1392 παραπληκεῢσαι
1262 1356 1319 1385 τοῖς
1330 1352 1472 1388 πολεμίοις
1481 1350 1656 1386 προστάξεις,
1672 1350 1721 1376 καὶ
1735 1349 1814 1384 πυρὰ

1022 1404 1062 1435 εἰς
1081 1402 1183 1437 πλῆθος
1201 1400 1303 1435 ἀνάψαι
1314 1398 1410 1425 πολλά.
1430 1397 1475 1424 Ἐν
1492 1397 1541 1432 μιᾷ
1553 1396 1583 1423 δὲ
1596 1395 1702 1431 ἑκάστῃ
1720 1403 1815 1430 παρτι-

1021 1449 1098 1483 τάξει
1123 1449 1177 1474 τῶν
1208 1446 1300 1478 πεζῶν
1328 1444 1376 1471 καὶ
1403 1443 1522 1478 ἄρχοντα
1547 1441 1730 1476 καταστήσεις
1758 1440 1815 1466 τῶν

1023 1493 1168 1530 χρησίμων
1200 1492 1248 1518 καὶ
1277 1489 1422 1525 ἀνδρείων·
1442 1488 1491 1514 σὺν
1517 1487 1609 1518 αὐτοῖς
1623 1486 1652 1512 δὲ
1673 1487 1769 1517 ἱππεῖς
1786 1486 1816 1512 ἐν

1027 1541 1076 1576 μιᾷ
1090 1539 1192 1574 ἑκάστῃ
1205 1537 1368 1572 παρατάξει,
1389 1536 1421 1561 ὲκ
1433 1534 1487 1560 τῶν
1502 1533 1614 1560 ὖπισθεν
1637 1533 1816 1567 ἱσταμένους,

1026 1585 1142 1624 εἴγε-καὶ
1156 1584 1170 1610 ὁ
1186 1583 1274 1619 χῶρος
1295 1582 1411 1614 δίδωσιν,
1428 1580 1542 1615 ἔχοντας
1559 1579 1700 1614 ἀρχηγοὺς
1714 1578 1819 1613 ἄνδρας

1027 1623 1193 1664 ἀξιολόγους.
1224 1626 1370 1654 Πείθεσθαί
1398 1633 1428 1652 τε
1457 1625 1549 1656 αὐτοῖς
1575 1623 1742 1658 προστάξεις
1770 1624 1820 1650 καὶ

1028 1677 1136 1705 ᾶπαντα
1161 1675 1206 1701 τὸν
1232 1673 1296 1700 λαὸν
1308 1672 1351 1709 [Ρ.
1371 1671 1432 1707 165]
1458 1671 1513 1697 τῶν
1543 1670 1664 1703 πεζικῶν
1697 1671 1817 1703 τάξεων.

1028 1722 1106 1750 Μετὰ
1128 1721 1157 1748 δὲ
1171 1721 1201 1747 τὸ
1229 1719 1316 1750 οὕτως
1341 1716 1615 1753 παρασκευασθῆναι,
1653 1715 1821 1750 δωχωρέσαι

1028 1767 1082 1804 χρὴ
1097 1767 1151 1794 τῶν
1172 1766 1258 1801 ψιλῶν
1282 1764 1422 1800 ἀνδρείους
1440 1763 1487 1790 καὶ
1501 1763 1592 1797 ταχεῖς
1612 1762 1669 1793 τοῖς
1682 1763 1758 1794 ποσὶ,
1774 1762 1822 1789 καὶ

1030 1812 1183 1849 ἔμπροσθεν
1217 1811 1388 1842 ἀποστεῖλαι,
1421 1809 1470 1836 τοῦ
1495 1809 1558 1844 σιγῇ
1592 1808 1748 1839 κατελθεῖν,
1776 1808 1824 1835 καὶ

1030 1861 1144 1895 ἔγγιστα
1160 1858 1214 1886 τῶν
1242 1858 1380 1894 πολεμίων
1403 1855 1540 1891 γενέσθαι,
1572 1855 1617 1882 καὶ
1650 1854 1826 1890 διορίσασθαι

1032 1905 1192 1939 αὐτοῖς,ἴνα
1206 1904 1315 1940 πρῶτον
1336 1903 1387 1938 μιν
1411 1903 1435 1929 οι
1456 1903 1484 1929 ὲν
1512 1900 1551 1936 τῷ
1577 1901 1652 1936 μέσῳ
1682 1900 1824 1934 ἱστάμενοι

1032 1952 1082 1987 τὴν
1096 1949 1249 1986 προσϐολὴν
1263 1948 1443 1983 ποιήσωνται,
1454 1943 1599 1976 εῐθόὗτως
1610 1945 1634 1971 οἱ
1653 1943 1825 1979 ἔμπροσθεν.

1033 1997 1089 2023 Καὶ⁸
1105 1996 1129 2021 ει
1147 1994 1196 2030 μὲν
1228 1993 1257 2025 ἐξ
1270 1992 1433 2027 ἀμφοτέρων
1454 1990 1509 2016 τῶν
1535 1988 1628 2024 μερῶν
1646 1989 1663 2023 ἡ
1676 1988 1727 2014 τοῦ
1739 1988 1825 2014 τόπον

1035 2043 1108 2074 θέσις
1119 2040 1292 2076 ὑψηλοτέρως
1312 2038 1401 2073 φέρει,
1429 2036 1479 2068 τὰς
1505 2035 1622 2067 πεζικὰς
1645 2033 1739 2066 τάξεις
1757 2033 1829 2060 κατὰ

1036 2088 1090 2115 τῶν
1104 2085 1242 2122 πολεμίων
1251 2084 1274 2101 ⁸⁷
1292 2083 1453 2119 βαλλόμενοι
1464 2081 1489 2108 οι
1507 2080 1634 2115 πολέμιοι
1644 2081 1700 2110 τοῖς
1724 2080 1759 2105 ὲκ
1774 2087 1829 2114 χειο

1039 2134 1094 2170 ρῶν
1121 2132 1169 2160 καὶ
1191 2129 1341 2166 σφενδονῶν
1373 2128 1459 2159 λίθοις
1485 2129 1533 2154 καὶ
1552 2125 1640 2158 τόξοις
1670 2125 1778 2152 ἄνωθεν
1800 2124 1828 2157 ἐξ

1039 2169 1188 2214 ἑκατέρων,
1206 2175 1326 2211 εὐχερῶς
1339 2173 1586 2208 καταλυθήσονται.
1604 2170 1674 2197 me:
1691 2170 1732 2205 μὴ
1742 2169 1830 2200 οὕτως

1039 2225 1127 2261 ἐχειή
1146 2222 1193 2250 τοῦ
1223 2223 1306 2249 τόπου
1340 2220 1426 2252 θέσις,
1449 2218 1506 2245 ἀλλ’
1534 2217 1563 2251 εξ
1589 2217 1648 2248 ἑνὸς
1673 2215 1779 2250 μέρους
1800 2215 1830 2241 τὸ

1040 2271 1141 2307 ὑψηλὸν
1159 2269 1330 2304 ὑπέρκειται,
1346 2268 1394 2294 καὶ
1404 2266 1535 2296 ὡσαύτως
1547 2262 1652 2289 ἐκεῖθεν
1667 2262 1829 2297 εὐχερέστε-

1041 2326 1087 2353 ρον
1101 2317 1156 2343 τῶν
1168 2315 1250 2342 λίθων
1281 2314 1328 2341 καὶ
1357 2312 1442 2344 τόξων
1470 2311 1519 2342 τὰς
1549 2309 1629 2345 βολὰς
1651 2309 1714 2335 κατ’
1742 2307 1830 2334 αὐτῶν

1041 2362 1238 2398 πεμπέτωσαν.
1261 2359 1335 2395 Πλὴν
1347 2359 1380 2386 ὲκ
1394 2357 1442 2385 τοῦ
1463 2355 1601 2391 ὲφομάλου
1615 2354 1830 2389 ἐπιμελέστερον

1042 2408 1205 2445 ἔχεσθαιδεῖ
1218 2407 1267 2442 τῆς
1287 2405 1389 2441 μάχης.
1413 2403 1446 2430 El
1461 2402 1490 2429 δὲ
1519 2400 1687 2437 βουληθῶσιν
1705 2400 1734 2426 οἱ
1752 2399 1830 2426 πολέ-

1044 2464 1101 2491 μιοι
1122 2453 1250 2488 ὲπιὸἦναι
1281 2451 1385 2482 ῐππων,
1411 2449 1460 2476 καὶ
1489 2448 1550 2475 κατ’
1580 2446 1671 2474 αὐτῶν
1695 2446 1831 2480 ὁρμῆσαι,

1043 2500 1118 2527 οὐδὲν
1134 2498 1184 2534 μὲν
1201 2499 1256 2530 τοῖς
1269 2497 1357 2532 ψιλοῖς
1378 2494 1465 2522 δεινδν
1489 2493 1665 2530 ἐργάσονται,
1683 2491 1733 2517 τοῦ
1750 2491 1832 2516 τόπου

1045 2544 1204 2581 βοηθοῦντος
1216 2543 1306 2574 αὐτοῖς
1316 2549 1323 2556 ·
1336 2540 1443 2570 έαυτοῖς
1455 2539 1484 2566 δὲ
1506 2537 1606 2573 μᾶλλον
1623 2534 1748 2571 μεγάλην
1768 2541 1833 2568 προ-

1045 2578 1186 2626 ξενήσουσι
1197 2587 1309 2624 βλάϐην.
1318 2584 1573 2620 Συγκαταὸήτωσαν
1581 2582 1610 2608 δὲ
1621 2581 1707 2608 πᾶσαι
1720 2580 1749 2607 αι
1758 2578 1834 2610 πεζι-

1048 2625 1199 2667 καὶτάξεις
1211 2634 1239 2667 ἐξ
1247 2632 1410 2668 ἀμφοτέρων
1422 2629 1476 2657 τῶν
1487 2628 1590 2664 μερῶν,
1601 2627 1649 2654 καὶ
1657 2625 1833 2653 σαλπισάτω-

1050 2690 1100 2709 σαν
1118 2681 1222 2707 ἅπασαι
1238 2678 1309 2714 μετὰ
1322 2676 1447 2712 κραυγῆς
1461 2675 1510 2702 καὶ
1529 2672 1702 2707 ἀλαλαγμοῦ,
1719 2671 1835 2697 Ἔπειτα

1050 2727 1098 2755 καὶ
1106 2726 1121 2752 ὁ
1133 2713 1284 2761 στρατηγὸς
1293 2724 1326 2750 ὲκ
1333 2722 1387 2750 τῶν
1395 2721 1505 2749 δπισθεν
1514 2719 1632 2756 ἰσχυρῶς
1647 2718 1747 2752 suam
1759 2716 1784 2732 ³⁸
1789 2713 1834 2742 τοῦ

1000 2235 1023 2263 ι)

783 2791 816 2819 c.
830 2791 861 2818 B.
881 2787 970 2817 HASII
989 2779 1269 2813 ANNOTATIONES.

249 2863 272 2881 ⁵⁷
290 2862 368 2896 φέρει
380 2876 415 2896 τ
429 2859 576 2896 πολεμιων.
603 2856 623 2884 V

214 2899 239 2916 ι·
259 2892 364 2930 assio.
387 2895 461 2923 Fort.
476 2892 599 2928 άψάσθω,

627 2856 714 2884 idetur
729 2854 827 2881 deesse
852 2849 955 2884 aliquid
969 2857 972 2874 τ

1025 2847 1048 2874 si
1067 2847 1107 2873 vis
1125 2844 1299 2884 epiijnngcre
1317 2842 1422 2884 τάξξιςὶ
1430 2848 1493 2868 cum
1508 2839 1586 2874 φέρει
1597 2842 1623 2865 et
1644 2836 1717 2864 κατὰ
1734 2844 1761 2862 τ.
1774 2831 1834 2860 πολ.

625 2876 832 2923 ἤϊ’-δινεῖῷάτδ,
851 2876 981 2920 sequente
1003 2889 1097 2910 aecus.
1125 2876 1192 2907 Vid.’
1207 2876 1299 2906 tamen
1325 2877 1384 2904 166.
1403 2876 1433 2903 ι).
