1913 3068
125 134 188 166 ιθθὸ

742 129 948 160 VELITATIO
962 129 1132 160 BELLICA.

1671 126 1741 158 1006

122 179 247 213 πολέμου.
262 177 317 204 Καὶ
326 177 350 204 ει
361 177 402 204 ἔτι
416 176 596 212 καρτεροῦσιν
614 175 639 201 οι
658 174 793 210 πολέμιοι,
803 175 852 201 καὶ
864 175 903 210 μὴ

960 178 1048 202 mento
1069 174 1199 205 hostium,
1215 173 1395 209 hominesque
1425 172 1508 208 256
1529 172 1557 200 in
1582 172 1753 210 servitutem

124 225 187 259 πρὸς
201 223 288 259 φυγὴν
319 223 498 258 ὀρμήσουσιν,
518 223 542 248 ni
571 222 664 256 ταχεῖς
691 220 765 255 ψιλοὶ
797 220 845 247 καὶ
878 221 903 247 οἱ

122 268 273 305 ἔμπροσθεν
299 268 499 298 ἀποσταλέντες
535 266 792 302 παρορμηοήτωσαν
828 265 905 301 παρά

122 314 173 342 τῶν
184 313 323 349 ἀρχόντων
338 312 438 344 αὐτῶν,
456 312 529 339 ἔνδον
544 312 584 342 είς
600 312 648 340 τὰς
664 311 765 346 σκηνὰς
779 311 904 347 χωρῆσαι

121 359 172 386 τῶν
185 359 330 394 πολεμίων.
345 358 465 394 Εὑχερὲς
480 358 534 395 γὰρ
549 357 628 384 τοῦτο
647 358 724 384 ἔσται
749 358 840 388 αὐτοῖς
851 357 906 384 ἀπὸ

122 405 168 440 τῆς
182 404 228 432 τοῦ
248 405 333 431 τόπου
360 405 554 441 σκληρότητος.
585 404 641 431 Καὶ
662 403 743 439 ἡνίκα
768 403 905 439 ἄρξωνται

122 450 323 485 ἀναλαμϐάνειν
332 451 432 483 ἵππους
444 451 461 487 ἢ
479 451 609 486 ἡμιόνους
624 451 672 478 καὶ
685 450 837 485 πράγματα
849 450 905 477 τῶν

123 496 268 532 πολεμίων,
293 498 341 524 καὶ
369 497 532 533 ἀνθρώπους
550 495 766 533 άνδραποδίζειν,
779 496 906 532 καὶάρχὴ

121 542 233 578 τοιαύτη
268 542 392 578 γίνηται,
430 544 599 579 όρμὴσουσιν
637 542 759 575 ἅπαντες
793 543 833 574 είς
857 543 907 578 τὴν

121 590 246 626 τοιαύτην
261 590 428 626 διαρπαγὴν,
447 591 495 618 καὶ
507 590 624 625 ἀφειδῶς
652 590 726 617 ἔνδον
751 591 908 626 χωρήσουσι

121 636 173 662 τῶν
188 637 306 672 σκηνῶν.
328 636 401 671 ξίφει
424 637 521 668 αὐτοὺς
536 637 765 668 κατακόπτοντες.
782 637 837 664 Καὶ
846 636 908 664 τότε

122 683 187 718 πρὸς
197 683 286 718 φυγὴν
295 683 464 719 δρμήσουσιν
475 684 605 718 ἅπαντες,
615 684 672 711 ὅσοι
691 684 740 719 μὲν
752 683 908 718 ἰσχύσουσιν

123 728 249 764 ἐπιϐῆναι
281 729 383 762 ἵππων,
415 730 439 756 οἱ
463 730 492 756 δὲ
506 731 553 757 καὶ
566 730 647 766 πεζῇ,
662 730 700 762 ὡς
711 729 744 757 ἂν
758 729 908 765 δυνηθῶσιν

122 775 196 810 δρεσί
204 783 233 801 τε
248 776 295 802 καὶ
303 775 423 810 φάραγξι
432 776 580 812 κρυϐῆναι,
597 777 646 804 καὶ
656 776 795 812 σωτὴρίας
805 777 908 811 τυχεῖν.

121 820 175 846 Καὶ
188 820 213 846 εἰ
227 820 347 848 τοιοῦτον
358 823 391 856 τῇ
414 821 526 858 βοηθείᾳ
538 821 586 849 τοῦ
610 821 678 849 Θεοῦ
694 822 806 856 γένηται
820 821 851 848 τὸ
861 820 909 848 τοῦ

955 219 1088 254 redigere,
1105 218 1245 253 semelque
1265 218 1360 245 harum
1386 225 1478 246 rerum
1507 217 1615 246 initium
1640 218 1759 246 factum‘

954 269 1009 296 est,
1021 271 1116 291 omnes
1129 263 1164 291 ad
1184 263 1318 298 ejusmodi
1343 263 1523 298 direptionem
1546 268 1641 296 ruent,
1655 271 1742 292 οιτοο-

955 319 1009 346 que
1026 311 1127 345 impetu
1146 309 1261 337 tentoria
1278 308 1449 342 invadentes,
1462 309 1625 339 obsistentes
1646 311 1743 346 gladiis

955 356 1110 384 concident.
1123 355 1193 383 Tum
1208 363 1273 383 vero
1286 362 1381 383 omnes
1393 355 1420 382 in
1435 354 1525 390 fugam
1541 363 1571 384 se
1585 357 1742 392 conjicient.

956 402 1058 437 quibus
1072 401 1188 429 facultas
1199 400 1251 429 fuit
1266 401 1293 428 in
1307 408 1393 436 equos
1406 400 1555 434 insiliendi,
1571 401 1616 429 alii
1634 409 1744 437 quoque

956 448 1083 483 pedibus,
1100 451 1181 482 prout
1208 448 1235 475 in
1253 451 1360 475 montes
1379 449 1407 474 et
1431 447 1570 475 convalles
1587 448 1687 476 abdere
1714 457 1744 477 sc

957 495 1075 530 quisque
1107 494 1214 530 poterit,
1240 495 1273 522 ad
1298 494 1469 529 salutemque
1491 494 1641 529 pervenire.
1667 494 1745 528 Quod

958 541 993 573 si,
1006 539 1194 576 Deojuvante,
1208 548 1256 576 per
1271 540 1497 569 intercessionem
1525 540 1751 568 incontaminatis

959 587 1054 614 matris
1065 587 1124 622 ejus
1139 586 1262 622 Deipam
1271 586 1405 622 ejusmodi
1421 586 1502 615 ﬁnem
1518 586 1599 614 habet
1611 587 1745 622 prmlium,

957 638 986 662 et
1015 634 1129 669 gl0riam
1154 633 1242 662 sancti
1273 633 1464 669 imperatores,
1487 638 1515 662 et
1544 634 1746 663 ﬁrmamentum

958 681 1094 708 universa;
1120 679 1309 708 Romanorum
1330 680 1415 716 copiae
1438 685 1620 715 assequentur
1634 689 1642 708 ε
1658 689 1747 717 neque

958 727 1030 754 enim
1047 726 1166 761 amplius
1183 730 1277 754 contra
1302 726 1363 754 illas
1387 730 1460 755 stare
1491 727 1585 756 hostes
1607 732 1745 763 poterunt.

959 771 1038 805 Quod
1068 771 1103 805 si,
1122 771 1243 799 diluculo
1270 771 1448 807 propatulum
1483 772 1574 801 locum
1602 774 1686 808 nacti,
1710 774 1746 801 ibi

960 819 1116 847 constitutis
1139 818 1326 847 tabernaculis
1354 819 1538 851 consederint,
1563 827 1653 855 neque
1679 809 1747 848 adito

122 865 242 901 πολέμου
269 867 355 902 πέρας
383 867 429 894 διά
459 868 612 903 πρεσϐειῶν
638 868 688 903 τῆς
718 867 907 903 παναχράντου

960 865 1077 898 expedit,
1095 863 1123 892 in
1138 863 1272 898 ejusmodi
1288 864 1349 892 loco
1363 864 1568 893 dimicationem
1584 869 1745 893 nocturnam

124 911 225 946 μητρὸς
240 911 322 938 αὐτοῦ
334 913 382 940 καὶ
392 912 535 946 Θεοτόκου,
550 912 630 946 δόξαν
647 912 696 948 μὲν
706 913 731 939 οἱ
741 912 815 946 ἆγιοι
829 912 908 947 βασι-

122 956 176 989 λεῖς
189 957 320 992 λήψονται
338 958 385 985 καὶ
400 958 500 994 κράτος
517 958 590 986 ἅπαν
613 958 644 985 τδ
659 957 814 993 Ῥωμαϊκὸν
824 958 906 994 στρά-

121 1010 210 1038 τευμα
226 1010 233 1017 '
252 1004 353 1037 μηκέτι
369 1003 423 1030 τῶν
439 1003 577 1039 πολεμίων
602 1004 674 1031 κατά
689 1004 837 1039 πρόσωπον
861 1004 911 1030 αὑ-

122 1048 176 1075 τῶν
193 1049 289 1085 στῆναι
303 1049 472 1085 δυναμένων.
488 1051 520 1078 Εἰ
534 1050 563 1077 δέ
586 1058 616 1084 γε
636 1049 738 1086 ὁμαλοῦ
760 1049 910 1084 ἐπιτύχωσι

121 1094 211 1130 χώρου
234 1096 282 1130 τῆς
310 1096 418 1132 ἡμέρας
439 1097 646 1132 ὲπιφαινούσης,
686 1097 734 1124 καὶ
760 1097 801 1128 εἰς
827 1096 909 1123 αὐτὸν

123 1141 309 1174 καταλύσωσι,
329 1142 378 1174 τὰς
394 1143 497 1178 σκηνὰς
512 1142 674 1178 πηξάμενοι,
695 1143 743 1169 καὶ
760 1142 810 1169 οὑκ
827 1142 908 1177 εὐχε-

125 1186 177 1221 ρῶς
189 1187 220 1213 ἐν
232 1186 270 1222 τῷ
283 1187 396 1223 τοιούτῳ
408 1187 484 1224 τόπῳ
498 1188 543 1216 τδν
551 1189 581 1214 ὲν
597 1188 676 1215 νυκτὶ
688 1188 806 1224 πόλεμον
822 1189 910 1224 όιρμὸ⁴

122 1231 162 1264 ζει
194 1232 338 1266 γενέσθαισ
369 1233 409 1260 δεῖ
445 1234 491 1261 τὸν
521 1234 672 1270 στρατηγὸν
712 1234 783 1269 μετὰ
813 1234 912 1262 πασῶν

121 1277 175 1303 τῶν
188 1277 233 1313 [Ρ.
264 1278 325 1314 166]
355 1279 476 1311 πεζικῶν
495 1288 525 1307 τε
545 1280 594 1307 καὶ
619 1280 740 1307 ἱππικῶν
769 1279 911 1315 δυνάμεων

122 1322 280 1360 ἔμπροσθεν
295 1325 377 1352 πάλιν
391 1326 528 1360 γενέσθαι,
552 1326 599 1353 καὶ
615 1326 649 1353 τά
677 1325 831 1361 ὑψηλότερα
857 1326 912 1353 τῶν

121 1369 194 1405 ὀρῶν
215 1373 370 1407 κατασχεῖν,
387 1373 435 1398 καὶ
453 1372 502 1407 τὴν
517 1372 641 1399 διάϐασιν
655 1372 706 1406 τῆς
731 1371 792 1399 ὁδοῦ
807 1372 909 1407 ὁμοίως

122 1416 335 1450 ἀσφαλίσασθαι.
350 1418 406 1444 Καὶ
422 1418 484 1444 ἐπεὶ
500 1418 596 1449 πᾶσαι,
609 1417 646 1449 ὡς
673 1416 790 1453 ἔφημεν,
805 1418 833 1444 αἱ
853 1417 910 1444 ὁδοὶ

960 909 1019 937 ﬁeri
1036 919 1043 938 :
1058 915 1164 945 oportet
1179 910 1277 939 ducem
1292 918 1355 938 cum
1380 911 1550 946 pedestribus
1563 912 1748 947 equestribus-

959 964 1012 992 que
1045 957 1132 992 copiis
1161 957 1290 986 omnibus
1324 957 1417 986 hostes
1450 957 1547 986 iterum
1575 964 1746 994 praevertere,

959 1003 1151 1038 montiumque
1173 1002 1283 1038 fastigia
1306 1010 1452 1038 occupare,
1481 1008 1564 1039 atque
1584 1004 1667 1036 viam,
1692 1012 1746 1040 qua

959 1048 1102 1076 transituri
1115 1049 1181 1081 sint,
1201 1050 1290 1077 denuo
1305 1049 1496 1077 intercludere.
1511 1050 1546 1077 Et
1564 1051 1705 1085 quoniam,
1717 1057 1748 1078 ut

959 1093 1113 1127 docuimus,
1129 1095 1266 1123 universa:
1293 1096 1326 1122 ad
1354 1095 1508 1123 barbariem
1539 1096 1669 1124 ducentes
1688 1097 1748 1132 _vi:e

963 1139 990 1167 in
1019 1141 1146 1169 omnibus
1174 1149 1244 1177 quas
1271 1142 1429 1169 enumeravi
1461 1143 1632 1179 propriisque
1659 1143 1748 1171 oculis

959 1186 1073 1214 lustravi
1105 1187 1262 1223 provinciis,
1295 1187 1417 1215 dilliciles
1449 1192 1514 1216 sunt
1554 1196 1603 1224 per
1638 1196 1746 1218 montes

960 1237 1105 1268 utramque
1118 1233 1256 1269 regionem
1275 1233 1508 1267 disterminantes,
1517 1242 1631 1270 propera
1644 1243 1748 1271 praeoc-

961 1285 1062 1313 cupare
1078 1286 1173 1306 eorum
1198 1279 1357 1312 transitum,
1370 1283 1397 1306 et
1420 1279 1453 1307 ad
1468 1280 1546 1316 signa
1577 1285 1669 1315 aperte
1693 1281 1748 1309 illis

962 1324 1102 1352 inferenda
1131 1323 1245 1352 ﬁdenter
1271 1325 1377 1353 instrue
1403 1326 1506 1360 copias.
1533 1326 1567 1354 Et
1586 1327 1685 1354 Christi
1699 1327 1747 1356 Dci

964 1371 1050 1398 nostri
1066 1370 1150 1406 gratia
1172 1370 1327 1405 superabis,
1344 1370 1459 1406 illosque
1476 1371 1605 1407 disjectas
1626 1377 1748 1401 extremo

965 1416 1056 1444 trades
1068 1415 1162 1443 exitio.

123 1464 151 1490 αἱ
165 1464 236 1499 πρὸς
249 1465 298 1499 τὴν
308 1465 440 1499 πολεμίαν
455 1465 613 1499 εἰσάγουσαι
627 1465 671 1491 διὰ
682 1465 735 1491 τῶν
747 1465 816 1492 ὅλων
834 1465 857 1482 ⁸⁸
885 1462 923 1492 ὧν
958 1463 1200 1498 ἀπηριθμησάμην
1226 1463 1354 1498 θεμάτων
1381 1464 1427 1490 καὶ
1461 1464 1574 1496 οἰκείοις
1598 1464 1748 1502 ὀφθαλμοῖς

123 1511 295 1548 ἐθεασάμην,
315 1512 442 1539 δύσϐατοι
452 1513 632 1548 τυγχάνουσιν
659 1514 688 1539 ὲν
698 1512 774 1548 ὄρεσι
788 1515 844 1545 τοῖς
858 1513 1005 1549 διορίζουσι
1021 1511 1070 1543 τὰς
1084 1511 1167 1546 ἄμφω
1199 1511 1302 1547 χώρας,
1339 1511 1437 1538 σπεῦδε
1457 1511 1676 1546 προκαταλαϐεῖν
1699 1513 1750 1548 τὴν

123 1557 251 1585 διάϐασιν
274 1558 376 1592 αὐτῶν,
405 1558 454 1585 καὶ
480 1559 526 1585 τδν
554 1558 626 1585 κατὰ
648 1559 794 1594 πρόσωπον
819 1559 910 1586 αὐτῶν
929 1558 1100 1589 ἀδιστάκτως
1130 1557 1245 1584 διατίθει
1267 1556 1396 1592 πόλεμον.
1421 1557 1476 1584 Καὶ
1517 1557 1608 1593 χάριτι
1630 1558 1749 1594 Χριστοῦ

122 1604 170 1632 τοῦ
185 1604 254 1631 Θεοῦ
284 1605 362 1640 ἡμῶν
393 1604 587 1640 ὑπερισχύσεις
604 1604 717 1639 αὑτῶν,⁹
727 1606 775 1633 καὶ
799 1605 910 1638 τούτους
927 1604 1090 1633 καταϐαλὼν
1109 1603 1204 1638 τελείῳ
1222 1602 1395 1638 παραδώσεις
1411 1603 1568 1640 ἀφανισμῷ.

125 1659 205 1697 Κεφ.
221 1658 284 1697 K_E’.
300 1657 379 1697 Hegi
390 1657 492 1697 ἐτέρας
512 1658 725 1697 καταᾳχέσίεως
752 1659 834 1697 ᾆδοῦ,
859 1658 907 1693 τῆς

964 1658 1044 1694 257
1063 1658 1127 1687 Ωιι».
1252 1657 1288 1684 De
1316 1657 1474 1697 aliq_modo
1501 1661 1647 1697 occupandi
1669 1663 1748 1697 sicut.

158 1695 204 1725 είς
218 1693 275 1728 τὴν
285 1693 450 1720 κατάϐασιν
463 1693 638 1728 δυσχωρίαν
655 1694 877 1728 ἁποτελούσης.

161 1747 232 1775 Εἰδέ
243 1757 274 1782 γε
284 1749 301 1783 ἡ
311 1749 380 1782 ὁδὸς,
395 1748 426 1785 ἣν
439 1748 668 1784 ὑποστρέφουσιν,
682 1749 780 1785 εὑρεθῇ
796 1750 915 1785 φέρουσα

125 1795 182 1826 τοῖς
200 1794 340 1828 πολεμίοις
354 1796 386 1822 ὲκ
397 1795 451 1822 τῶν
471 1795 586 1827 ἄνωθεν,
606 1795 653 1822 καὶ
685 1795 822 1830 malum;
845 1796 913 1829 ἐστι,

1086 1701 1144 1729 qua:
1158 1694 1184 1720 in
1200 1695 1324 1720 descensu
1338 1693 1519 1728 dilﬁcultalem
1537 1693 1625 1724 habet.

999 1750 1028 1778 Si
1045 1754 1133 1778 autem
1151 1750 1206 1782 via,
1221 1757 1274 1785 qua
1288 1750 1428 1783 recedunt,
1443 1751 1581 1780 invenitur
1603 1760 1748 1782 ascensum

965 1795 1057 1824 hostes
1068 1804 1164 1824 versus
1178 1796 1286 1828 habere,
1308 1803 1424 1830 esseque
1451 1797 1531 1832 plana
1551 1799 1654 1834 alisque
1680 1801 1748 1828 sale-

127 1841 166 1875 μὴ
179 1840 282 1876 ἔχουσα
300 1840 464 1876 δυσχωρίας,
492 1840 538 1867 τοῦ
564 1840 636 1867 κατὰ
651 1840 798 1876 πρόσωπον
824 1841 907 1868 αὺτῶι

964 1841 1032 1874 bris,
1049 1846 1079 1869 ut
1103 1848 1119 1869 a
1134 1841 1224 1868 fronte
1236 1841 1346 1875 aggredi
1372 1841 1434 1870 illos
1463 1851 1585 1878 nequeas
1602 1854 1610 1872 :
1626 1846 1671 1874 ubi
1686 1854 1751 1874 vero

124 1887 286 1921 ἀντιστῆναι
296 1894 304 1902 ⁸
318 1886 376 1913 ἀλλ’
387 1886 470 1921 ἡνίκα.
480 1885 549 1922 πρὸς
562 1886 593 1913 τὸ
601 1886 756 1921 καταφερὲς
770 1886 907 1914 ἐπικλίνει.

965 1886 991 1914 in
1006 1887 1102 1914 vallem
1131 1893 1161 1915 sc
1174 1886 1302 1920 demittit,
1317 1886 1354 1914 ibi
1378 1892 1453 1915 arcta
1470 1892 1553 1923 atque
1578 1897 1674 1925 aspera
1695 1897 1749 1925 est,

125 1931 190 1959 τότε
208 1932 289 1967 στενὴ
304 1932 351 1959 καὶ
360 1931 492 1964 δύσϐατός
506 1933 575 1963 ἐστι,
591 1931 744 1966 συγχέουσα
759 1932 808 1964 τὰς
823 1941 907 1968 παρα-

964 1931 1128 1967 ordinesque
1151 1939 1246 1959 eorum
1275 1932 1429 1965 confundit,
1448 1938 1480 1961 ut
1507 1935 1586 1969 pauci
1618 1936 1752 1965 duntaxat

124 1978 222 2010 τάξεις
232 1977 333 2010 αὐτῶν,
351 1978 398 2004 καὶ
413 1978 519 2012 ὀλίγους
541 1977 697 2013 διέρχεσθαι
711 1978 907 2012 ἀναγκάζουσα

964 1978 1083 2007 transire
1095 1978 1211 2014 possint,
1223 1978 1321 2013 reliqui
1335 1978 1464 2015 deinceps
1478 1980 1555 2016 sequi
1568 1985 1651 2017 atque
1661 1987 1752 2011 trans-

125 2023 175 2050 καὶ
191 2023 256 2055 τοὺς
269 2022 366 2054 ἀλλους
379 2022 481 2058 ὁμοίως
495 2021 701 2058 παρασκευάζει
713 2021 907 2053 ἐπακολουθεῖν

965 2024 1074 2052 mittere
1100 2027 1234 2059 cogantur
1251 2032 1258 2050 :
1278 2023 1305 2051 in
1329 2023 1466 2058 ejusmodi
1486 2026 1619 2061 angustiis
1645 2031 1752 2063 oportet

125 2069 176 2097 καὶ
193 2068 364 2104 διέρχεσθαι·
382 2069 411 2095 ιν
424 2068 539 2100 ἐκείνοις
552 2069 608 2100 τοῖς
629 2068 777 2099 στενωποῖς
790 2067 850 2094 δέον
865 2075 907 2094 πε-

965 2071 1104 2107 pedestres
1114 2072 1187 2099 acies
1209 2069 1242 2099 ad
1259 2075 1405 2107 utrumque
1417 2072 1490 2101 latus
1505 2073 1629 2108 ,hostium
1646 2076 1751 2103 consti-

125 2115 211 2146 ζικάς
224 2115 316 2147 τάξεις
334 2114 506 2149 καταστῆσαι
521 2114 597 2141 ἐνθεν
616 2114 744 2141 κάκεῖθεν
762 2114 818 2140 τῶν
837 2115 907 2141 πόλει

965 2118 1016 2150 tui,
1033 2118 1112 2145 binas
1125 2124 1141 2145 ε
1155 2117 1263 2150 dextra,
1291 2117 1461 2153 totidemque
1474 2119 1551 2153 lava,
1567 2119 1664 2149 relicto
1679 2121 1753 2149 inter

127 2160 213 2195 μίων,
241 2160 291 2187 δύο
312 2160 362 2196 μὲν
389 2160 462 2187 κατά
485 2160 517 2187 τὸ
539 2159 637 2192 δεξιὸν,
667 2158 714 2186 δύο
734 2158 764 2185 δὶ
790 2159 862 2186 κατά
886 2158 907 2186 τὶ

967 2164 1027 2191 illas
1041 2163 1194 2191 intervallo.
1207 2163 1274 2191 Item
1290 2171 1305 2191 a
1332 2168 1407 2200 tergo
1420 2172 1516 2193 eorum
1534 2165 1561 2193 in
1579 2166 1686 2195 insidiis
1696 2168 1753 2195 col-

124 2205 281 2241 εὐώνυμον,
303 2206 351 2232 ἀπ’
376 2205 501 2241 ἀλλήλων
525 2203 749 2240 διακεκριμένας.
766 2204 848 2231 Ἀλλὰ
869 2205 907 2231 κα

967 2209 1024 2237 loca
1039 2209 1143 2245 pedites
1158 2209 1226 2237 bene
1237 2210 1339 2237 multos
1356 2216 1419 2237 cum
1445 2211 1568 2246 equitatu
1586 2217 1666 2248 atque
1685 2214 1754 2242 duce

123 2252 158 2278 ὲκ
175 2251 233 2279 τῶν
247 2251 359 2278 ὖπισθεν
372 2252 412 2283 εις
431 2251 510 2286 λόχον
521 2250 694 2286 καταστῆσαι
715 2249 827 2282 πεζικοῦ
850 2249 907 2276 λαοί

967 2255 1029 2283 forti
1057 2259 1085 2283 et
1113 2255 1279 2290 peritissimo
1309 2254 1462 2291 (siquidem
1491 2257 1647 2292 prmsidium
1680 2259 1753 2294 quod

123 2298 255 2333 δύναμιν,
270 2296 329 2333 μεθ’
353 2297 462 2324 ἱππέων
486 2297 532 2324 καὶ
560 2297 692 2332 ἄρχοντος
715 2295 839 2331 ἀνδρείου
867 2295 907 2323 κσ¹

968 2307 1031 2328 saca
1065 2305 1189 2333 vocatur,
1210 2300 1237 2327 in
1255 2299 1324 2328 locis
1356 2301 1542 2335 superioribus
1570 2303 1752 2339 reliquerunt.

123 2328 204 2380 ὲμπέ
205 2353 212 2370 ι
217 2328 327 2378 ροτάτου
339 2343 430 2379 (εἴπερ
437 2343 467 2370 τὸ
476 2328 621 2378 λεγόμενον
634 2339 705 2369 σάκα
715 2328 803 2369 αὐτῶν
813 2341 907 2369 ἄνωθει

969 2350 998 2373 ιιι
1022 2350 1075 2374 stet
1101 2346 1229 2381 viamque
1257 2345 1393 2382 observet)
1412 2356 1418 2375 :
1436 2354 1525 2384 neque
1553 2328 1643 2377 tamen
1671 2350 1753 2378 nimis

123 2390 287 2423 κατέλιπον,
305 2389 431 2417 ἵστασθαι
449 2389 497 2416 καὶ
511 2389 561 2425 τὴν
573 2389 631 2416 όδδν
656 2388 828 2424 φυλάττειν)·
845 2387 907 2415 ἀλλᾶ

966 2398 1061 2426 prope,
1076 2391 1296 2419 utanimadvcrti
1309 2399 1364 2419 non
1387 2392 1504 2427 possint.
1520 2390 1569 2420 His
1585 2401 1701 2429 superne
1724 2395 1751 2422 in

125 2436 166 2472 μὴ
183 2435 330 2470 σύνεγγυς,
348 2435 417 2470 πρὸς
430 2435 461 2461 τὸ
474 2435 512 2471 μὴ
538 2434 747 2470 διαγνωσθῆναι·
760 2435 807 2460 καὶ
823 2434 848 2460 εἰ
863 2433 907 2468 μὲι

967 2437 1077 2465 latebris
1097 2437 1203 2470 locatis,
1221 2437 1388 2473 intentisque
1404 2438 1437 2465 ad
1463 2438 1585 2474 prmlium
1606 2447 1754 2468 conseren-

123 2481 150 2508 οἱ
173 2482 219 2512 εἰς
244 2480 381 2516 τὸνλόχον
408 2479 549 2514 ίστάμενοι
573 2479 676 2506 ἄνωθεν
702 2477 837 2514 πρόθυμοί
860 2478 907 2505 εισι

968 2481 1046 2514 dum,
1061 2482 1170 2517 quando
1197 2482 1269 2510 acies
1288 2487 1390 2510 nostrae
1418 2482 1532 2510 inferius
1553 2485 1708 2512 constitutas
1725 2486 1752 2513 in

124 2526 325 2562 παρασυνάψαι
338 2526 468 2561 πόλεμον,
486 2525 566 2561 ἡνίκα
578 2525 605 2552 αἱ
616 2524 738 2551 κάτωθεν
753 2523 907 2559 παρατάξειι

967 2533 1065 2560 agmen
1084 2526 1202 2554 hostium
1224 2527 1445 2562 praetereuntium
1470 2526 1602 2563 impetum
1627 2528 1752 2563 fecerint,

123 2572 212 2608 ἡμῶν
228 2572 372 2607 ἱστάμεναι
387 2571 458 2599 κατά
478 2571 533 2598 τῶν
559 2569 715 2607 ἔμπροσθεν
737 2569 907 2605 διερχομένωε

967 2570 1032 2597 item
1045 2570 1091 2605 qui
1110 2570 1136 2597 in
1154 2570 1261 2598 insidiis
1276 2571 1460 2599 subsederunt
1472 2571 1572 2600 milites
1591 2573 1754 2609 equitesque

124 2618 269 2652 πολεμίοιν
285 2617 334 2653 τὴν
344 2617 498 2653 προσϐολὴν
510 2616 687 2652 ποιήσωνται,
708 2614 907 2650 ὲξερχέσθωσαι

967 2615 1064 2648 coorti,
1081 2614 1162 2643 simul
1176 2624 1236 2643 cum
1255 2617 1310 2645 illis
1325 2625 1443 2653 pugnam
1455 2623 1603 2653 capessant
1621 2619 1754 2648 adversus

124 2664 177 2690 καὶ
198 2664 329 2696 οίειςτὺν
344 2663 420 2699 λόχον
434 2663 574 2699 ἱστάμενοι
594 2661 673 2693 πεζοί
696 2669 726 2687 τε
750 2661 798 2687 καὶ
824 2660 907 2687 ίππεῖι

968 2661 1074 2690 hostes.
1090 2661 1168 2695 Quod
1187 2662 1266 2697 siqui
1286 2663 1312 2690 in
1325 2662 1432 2692 insidiis
1443 2665 1636 2699 consederunt,
1648 2666 1711 2694 inde
1725 2674 1755 2694 se

115 2709 175 2736 ’καὶ
203 2710 413 2738 συναπτέτωσαν
437 2709 556 2744 πόλεμον
581 2707 640 2744 μετ’
663 2706 761 2738 αὖτοὺς
777 2706 848 2733 κατὰ
859 2705 907 2733 τῶν

967 2707 1110 2736 demittere
1122 2709 1305 2743 non-nudent,
1317 2709 1381 2745 quia
1396 2716 1459 2739 saca
1475 2710 1502 2739 in
1516 2710 1577 2741 loco
1591 2719 1669 2748 aequo
1684 2719 1753 2741 con-

703 2779 734 2807 C.
751 2779 780 2807 B.
801 2778 891 2806 HAS“
909 2778 1185 2807 ANNOTATIONES.

174 2840 200 2856 "
215 2839 297 2876 ὅλων]
317 2840 409 2868 ὅπλων
421 2840 501 2868 codd.
550 2870 554 2872 ,
