1913 3068
164 121 237 155 ποστ

165 182 246 213 stitit.
261 181 419 209 contineant
446 187 476 208 se
505 180 533 208 in
566 180 679 209 latebris
698 190 705 208 :
723 181 770 209 sed
798 181 908 217 quando
931 183 957 210 id

167 226 309 254 discedere
325 226 359 253 ad
372 233 493 261 suosque
511 233 541 253 se
553 226 675 261 recipere
689 231 804 254 conatur
818 228 873 263 (vix
883 227 956 255 enim

166 271 331 299 credendum
346 275 398 305 est,
415 271 461 299 diu
476 272 680 308 perstiturum),
692 273 774 300 simul
795 281 827 300 ac
849 281 895 308 per
908 273 957 300 cli-

164 325 227 344 vum
244 317 388 345 demittere
403 324 432 344 se
442 317 524 354 258
537 319 662 354 coeperit,
682 320 824 354 provolent
839 319 955 347 insidia-

164 368 237 391 tores
251 371 258 390 :
277 364 376 399 viaque
390 364 502 391 obsessa
519 369 603 400 atque
623 364 690 392 locis
707 365 894 399 superioribus
910 373 957 393 oc-

163 409 279 444 cupatis,
295 410 323 436 in
341 410 402 438 illos
418 410 548 445 impetum
565 410 675 438 faciant.
692 410 779 442 Tunc,
793 417 808 437 a
824 411 956 439 militibus

162 456 225 483 telis
239 456 350 491 appetiti
378 455 487 491 locique
512 456 657 491 iniquitate
674 456 773 491 pressi,
786 456 913 484 resistere
928 461 955 485 et

163 509 316 537 repugnare
336 508 390 529 non
402 505 553 537 poterunt:
571 501 630 534 sed,
643 502 669 528 in
688 502 821 536 angustiis
839 502 873 528 ab
884 502 954 529 acie-

163 548 216 576 bus
232 547 347 582 nostris,
366 555 427 583 qua
444 547 558 575 inferius
582 552 724 581 steterant,
741 547 874 580 alllictati,
888 555 955 575 suos

163 593 272 629 assequi
305 594 500 629 properabant,
529 601 578 628 spe
608 593 768 621 transeundi
786 593 954 628 domumque

155 640 350 675 perveniendi.
377 640 486 668 Atenim
511 640 624 679 minime
646 639 672 668 id
693 640 748 667 illis
771 640 909 671 succedet.
930 639 954 667 si

161 686 273 720 quidem
291 693 325 714 eo
343 693 424 720 quem
436 685 617 721 exposuimus
627 685 708 714 modo
719 686 845 721 praelium
857 685 953 713 adver-

162 739 210 760 sus
223 732 287 760 illos
311 732 531 765 administratur,
548 732 596 760 sed
611 733 740 768 przeclare
755 732 953 767 expugnabitu-

153 783 216 810 κων,
231 785 283 812 ope
310 777 368 805 veri
385 777 433 805 Dei
461 778 571 806 nostri:
591 778 634 805 cui
660 777 744 813 gloria
769 782 796 804 et
819 776 950 812 potentia,

639 124 838 155 EXCERPTA
858 126 906 156 EX
928 126 1125 157 HISTORIIS
1146 128 1305 160 ARABUM

1731 131 1801 163 1003

973 185 999 215 Α
1013 181 1160 218 πολεμίων.
1185 184 1216 210 El
1240 184 1269 211 δὲ
1296 183 1326 210 οὐ
1350 183 1535 219 θαῤῥήσουσιν
1551 185 1575 211 οι
1590 185 1631 217 τις
1652 186 1700 212 τὸν
1720 186 1801 222 λόχον

1010 229 1151 264 ἱστάμενοι
1175 229 1236 256 κατ’
1259 229 1342 257 αὑτοῦ
1364 230 1488 258 ἐπελθεῖν
1511 231 1648 265 κάτωθεν,
1665 233 1738 259 σάκα
1761 234 1801 265 εἰς

1008 275 1146 310 ὲφόμα),ον
1172 276 1254 302 τόπον
1276 276 1433 311 ἱσταμένου,
1462 279 1672 313 κιρτερήσωσιν
1701 281 1742 311 εἰς
1756 279 1802 307 τὸν

1007 321 1094 356 λόχον.
1109 321 1162 348 Καὶ
1175 322 1236 348 ἐπεὶ
1249 322 1315 348 αὐτὸ
1326 322 1441 349 διελθεῖν
1455 324 1655 358 κατεπείγεται
1675 325 1725 352 καὶ
1737 326 1801 357 τοὺς

1008 367 1091 399 ἰδίους
1116 368 1280 395 καταλαϐεῖν
1302 369 1342 404 (οὐ
1358 369 1413 404 γάρ
1442 370 1500 396 ἐστι
1523 370 1577 396 τῶν
1604 371 1801 406 ἐνδεχομένων,

1007 413 1097 439 ἐκεῖσε
1114 414 1160 440 ἐπὶ
1182 414 1249 441 πολὺ
1276 412 1428 448 ἵστασθαι),
1443 414 1487 450 [Ρ.
1510 414 1583 451 167]
1599 416 1683 451 ἡνίκα
1703 418 1755 452 τῆς
1763 419 1802 448 εις

1006 457 1159 484 κατάϐασιν
1182 458 1319 493 φερούσης
1335 457 1395 484 ὁδοῦ
1419 458 1596 494 ἐπιλάϐηται,
1613 460 1660 485 καὶ
1691 459 1802 495 ἐξερχέ-

1008 504 1115 531 σθωσαν
1129 505 1153 530 o!
1170 505 1199 530 ὲν
1214 504 1253 539 τῷ
1278 504 1364 539 λόχῳ·
1390 504 1437 531 καὶ
1451 505 1502 539 τὴν
1532 505 1591 530 ὁδὸν
1617 506 1802 541 κατασχόντες

1005 551 1051 576 καὶ
1071 551 1103 576 ἐκ
1127 550 1183 576 τῶν
1210 551 1314 578 ἄνωθεν
1337 549 1429 576 αὐτῶν
1455 550 1608 584 γενόμενοι,
1627 551 1688 577 κατ’
1709 552 1801 578 αὐτῶν

1005 595 1218 630 ὸρμησάτωσαν.
1243 596 1298 622 Καὶ
1313 595 1344 621 οὐ
1372 595 1534 630 δυνήσονται
1559 597 1724 630 ἀντιστῆναι
1755 598 1801 623 καὶ

1005 641 1173 676 ἀμύνασθαι,
1190 642 1256 676 παρ’
1273 641 1364 668 αὐτῶν
1388 641 1560 676 βαλλόμενοι,
1585 642 1632 668 τοῦ
1650 643 1736 669 τόπου
1753 643 1802 670 ait-

1003 689 1062 719 τοῖς
1090 688 1321 723 ἐναντιουμένου·
1347 687 1416 714 ἀλλὰ
1445 688 1594 714 σπεύσουσι
1614 689 1678 720 τοὺς
1714 689 1799 720 ἰδίους

1004 734 1181 766 καταλαϐεῖν.
1201 733 1401 769 πολεμούμενοι
1415 735 1444 760 ὲν
1463 736 1520 766 τοῖς
1536 735 1694 769 στενώμασι
1722 736 1799 770 παρὰ

1002 780 1058 806 τῶν
1090 780 1213 807 κάτωθεν
1242 780 1322 815 ἡμῶν
1347 780 1500 815 ἱσταμένων
1522 780 1715 815 παρατάξεων,
1754 782 1799 808 ἃττ’

161 829 224 849 cum
251 821 321 850 Filio
341 826 368 850 et
392 821 497 856 Spiritu
524 825 631 856 saneto,
646 830 729 856 nunc,
743 827 769 850 et
789 829 906 857 semper,
926 826 952 849 et

1009 825 1090 852 ἑλπίδι
1103 825 1228 859 διελθεῖν,
1244 826 1292 853 καὶ
1303 826 1353 860 τὴν
1367 826 1435 852 [δίαν
1448 826 1622 853 καταλαϐεῖν,
1631 826 1705 852 Ἀλλ’
1719 827 1801 853 οὐδα-

163 869 192 895 in
203 869 304 896 saecula
316 868 489 896 saeculorum.
501 869 599 896 Amen.
969 861 986 891 Ε

1009 869 1065 904 tu};
1082 869 1178 897 τούτου
1210 870 1388 906 ἐπιτύχωσιν,
1409 870 1492 905 εἰπερ
1506 871 1538 906 δὴ
1563 871 1601 902 ὡς
1620 871 1773 906 ἑξεοέμεθα
1785 873 1800 899 ὁ

154 914 223 942 κατ’
237 915 328 943 αὐτῶν
344 915 560 952 παρασκευασοῇ
574 916 703 951 πόλεμος,
721 915 821 952 μᾶλλον
835 913 863 941 δὲ
875 914 945 941 κατὰ
966 915 1068 950 κράτος
1083 916 1298 951 ἡττηθήσονται,
1332 917 1379 942 ἐπὶ
1409 916 1456 942 τοῦ
1474 916 1604 951 ἀληθινοῦ
1618 917 1687 943 Θεοῦ
1702 918 1796 952 ἡμῶν·

159 959 182 995 ᾧ
195 963 212 997 ή
225 961 288 996 δόξα
298 962 345 989 καὶ
359 967 391 989 τὸ
403 962 513 998 κράτος,
531 963 579 989 σὺν
596 963 643 989 καὶ
650 962 689 998 τῷ
700 962 770 997 ἁγίῳ
787 961 938 998 Πνεύματι,
959 961 1017 994 νῦν,
1037 963 1085 989 καὶ
1097 963 1208 994 denm!
1220 964 1261 994 εἰς
1287 962 1351 993 τοὺς
1370 963 1472 993 αἰῶνας
1484 963 1540 988 τῶν
1559 962 1675 990 αἰώνων.
1696 963 1796 1000 Ἀμήν.

280 1009 366 1037 'Finls
377 1017 438 1037 cum
455 1009 509 1037 Deo
520 1009 582 1037 libri
601 1010 635 1038 de
646 1017 676 1038 re
689 1009 812 1037 militari.

1159 1009 1242 1040 Τέλος
1257 1013 1306 1036 σὺν
1321 1008 1382 1043 Θεῷ
1400 1009 1448 1036 τοῦ
1469 1011 1612 1036 τακτικοῦ.

164 1108 1796 1122 W

778 1192 1164 1252 EXCEBPTA

285 1309 345 1339 EX
364 1306 577 1338 .HlSTORIlS
605 1305 772 1338 ARABUM
800 1306 854 1337 DE
883 1305 1223 1338 EXPEDLTIONIBUS
1250 1305 1432 1337 SYRIACIS
1454 1305 1671 1338 NICEPBORI

663 1387 808 1420 PHOCE
828 1388 881 1419 ET
899 1387 1063 1418 JOANNIS
1085 1387 1292 1419 TZlMlSClS.

847 1469 904 1500 (Ed.
922 1469 1004 1494 Bonn.
1021 1468 1104 1500 1828.)

579 1624 746 1651 Christianus
762 1622 904 1651 Lauenius
920 1622 993 1650 Phil.
1015 1622 1049 1650 D.
1070 1607 1210 1649 lectoribiza
1229 1621 1259 1649 S.
1282 1621 1314 1649 P.
1333 1621 1366 1649 D.

182 1671 310 1706 'ﬁngavit
325 1677 369 1698 me
383 1669 424 1696 vir
438 1668 552 1697 illustris
579 1667 748 1696 Niebuhrius
764 1672 794 1694 ut
825 1667 858 1694 ad
875 1673 984 1698 novam,
1001 1674 1061 1701 quae
1076 1674 1139 1694 mox
1158 1666 1286 1701 prodibit,
1297 1665 1396 1693 Leonis
1416 1665 1528 1693 Diaconi
1545 1665 1695 1694 editionem
1712 1667 1798 1694 ador-

160 1715 279 1743 nandam
292 1721 325 1742 ex
335 1712 461 1741 Arabicis
476 1712 564 1745 libris,
580 1719 696 1747 quorum
709 1710 940 1739 consulendorum
955 1711 981 1737 in
998 1710 1049 1737 hac
1064 1710 1130 1737 urbe
1144 1710 1211 1737 mihi
1225 1709 1341 1737 facultas
1363 1709 1426 1737 data
1442 1714 1524 1740 esset.
1539 1717 1715 1744 cxcerperem
1733 1719 1798 1745 quas

159 1759 194 1787 ad
209 1766 252 1786 res
281 1758 315 1786 ab
333 1756 547 1792 imperatoribus
562 1755 715 1790 Nicephoro
741 1755 836 1782 Phoca
862 1759 888 1781 et
903 1752 1008 1782 Joanne
1019 1754 1159 1782 Tzimisce
1174 1755 1201 1781 in
1215 1754 1326 1782 Oriente
1343 1759 1434 1789 gestas
1463 1755 1641 1782 illustrandas
1658 1755 1795 1783 iacerent.

160 1803 248 1837 Qm
260 1801 435 1830 occasionem
450 1801 485 1829 ad
502 1802 620 1828 istorum
635 1804 788 1834 temporum
805 1799 949 1826 historiam
973 1799 1190 1833 perspiciendam
1220 1799 1323 1834 aliquid
1339 1807 1371 1826 ex
1387 1800 1568 1827 orientalibus
1585 1799 1711 1827 fontibus
1726 1808 1796 1828 con-

159 1848 264 1876 ferendi
278 1851 389 1883 propter
401 1846 501 1874 summi
513 1845 566 1872 viri
582 1845 655 1880 apud
671 1852 713 1871 me
725 1843 917 1871 auctoritatem
929 1848 956 1871 et
970 1843 1104 1878 insignem
1117 1851 1180 1876 erga
1191 1850 1235 1870 me
1248 1843 1464 1870 benevolentiam
1476 1844 1659 1871 libentissime
1675 1845 1795 1878 arripui.

162 1891 311 1928 Diligenter
325 1890 408 1926 igitur
421 1889 469 1925 qui
487 1889 555 1916 mihi
568 1891 668 1924 praesto
681 1892 775 1916 essent
790 1888 911 1915 historiae
930 1887 1073 1915 orientalis
1090 1887 1239 1922 scriptores
1258 1887 1373 1922 perlegi,
1391 1894 1424 1914 ex
1438 1887 1539 1922 quibus
1566 1895 1627 1921 quae
1652 1888 1796 1922 excerpsi.

159 1937 212 1964 hoc
228 1935 324 1964 ordine
340 1935 473 1970 disposui.

194 1981 289 2009 Primo
317 1979 378 2007 loco
392 1977 505 2006 exhibui
520 1981 649 2012 excerpta
663 1983 696 2004 ex
713 1976 908 2011 Abulpharagii
936 1976 994 2003 sive
1020 1974 1175 2002 Barltebraei
1195 1973 1335 2001 Chronico
1360 1973 1580 2009 Syriacopquod
1609 1975 1795 2011 quadraginta

159 2025 259 2053 abhinc
273 2024 355 2051 anuis
371 2022 472 2058 publici
488 2021 558 2057 juris
572 2021 700 2049 fecerunt
719 2019 750 2047 V.
763 2019 798 2047 ιν.
816 2020 849 2048 ῐ).
866 2019 897 2047 D.
915 2020 946 2048 P.
960 2020 979 2047 l.
996 2019 1097 2052 Bruns,
1115 2018 1255 2054 professor
1271 2017 1512 2051 Helmstadiensis,
1532 2022 1560 2045 et
1579 2017 1613 2046 (ἱ.
1627 2018 1661 2045 G.
1681 2018 1796 2052 Kirscb.

159 2072 253 2096 rector
267 2066 406 2094 Hol‘ensis.
421 2067 526 2093 Auctor
543 2064 675 2092 Chronici
686 2064 810 2092 medicus
825 2064 877 2092 fuit
887 2063 1081 2094 Melitenensis.
1093 2063 1225 2098 religione
1236 2063 1430 2095 Christianus;
1443 2062 1586 2090 historiam
1606 2063 1796 2091 univemlem

159 2120 175 2140 ι
194 2112 334 2140 creatione
348 2109 443 2137 mundi
459 2116 545 2144 usque
559 2108 593 2136 ad
607 2107 690 2135 ﬁnem
711 2107 805 2135 surculi
819 2107 920 2134 decimi
937 2107 1011 2134 tertii
1025 2107 1182 2134 summatim
1194 2111 1221 2134 et
1234 2106 1352 2134 breviter
1366 2107 1495 2140 exposuit
1515 2106 1596 2138 libro,
1611 2107 1659 2141 qui
1678 2108 1798 2136 minime

160 2162 202 2185 est
220 2153 450 2184 contemnendus.
465 2153 532 2181 dum
551 2152 721 2187 copiosiores
735 2157 763 2180 et
776 2151 962 2179 accuratiores
976 2151 1123 2179 Orientalis
1149 2150 1270 2178 historia:
1287 2150 1489 2183 commentarii,
1506 2149 1626 2177 Arabica
1640 2151 1795 2178 maximam

158 2203 264 2235 partem
282 2198 433 2232 conscripti
446 2197 551 2232 lingua,
567 2196 677 2225 scriniis
691 2195 791 2230 sepulti
804 2200 833 2223 et
843 2195 1015 2223 curiosorum
1029 2195 1116 2222 oculis
1127 2195 1242 2222 detracti
1256 2195 1361 2230 jaceat.
1379 2194 1410 2221 ln
1425 2194 1506 2226 libro.
1519 2194 1553 2221 de
1569 2202 1624 2229 quo
1639 2194 1667 2220 h.
1686 2195 1709 2222 l.
1723 2196 1797 2223 dici-

159 2249 215 2277 tur,
230 2242 420 2278 componendo
443 2241 536 2277 lingua
553 2248 621 2269 usus
636 2245 677 2269 est
693 2240 913 2274 Abulpharagius
928 2240 967 2275 (in
991 2239 1098 2268 caeteris
1117 2238 1173 2266 fere
1195 2239 1312 2266 Arabice
1332 2239 1464 2273 loquitur)
1479 2238 1603 2273 Syriaca,
1625 2239 1707 2273 cujus
1727 2247 1795 2267 cum

159 2294 274 2323 prorsus
295 2287 354 2314 sim
375 2285 500 2321 ignarus,
515 2285 549 2313 de
573 2283 800 2319 interpretatione
826 2283 931 2310 nullum
955 2291 1039 2318 penes
1054 2290 1098 2310 me
1122 2287 1165 2310 est
1189 2283 1335 2317 judicium,
1351 2290 1521 2318 .quauquam
1544 2287 1699 2316 comparet,
1723 2284 1797 2313 adeo

160 2330 305 2359 verborum
321 2334 431 2357 tenaces
460 2328 547 2356 fuisse
563 2327 740 2362 interpretes,
765 2331 796 2354 ut
811 2333 938 2354 sermone
954 2334 1050 2362 parum
1071 2327 1171 2354 Latino
1200 2327 1243 2354 usi
1284 2327 1361 2360 sint;
1381 2331 1503 2354 attamen
1527 2326 1636 2354 diliicile
1656 2335 1725 2354 sane
1739 2336 1794 2359 est.

157 2374 268 2411 ingenio
291 2374 445 2409 linguarum
467 2371 646 2400 Orientalium
669 2370 879 2399 accommodare
890 2369 1035 2402 Latinam.
1051 2375 1078 2398 ct
1094 2377 1284 2405 saepenumero
1306 2377 1402 2398 vereor
1429 2377 1464 2397 ne
1486 2370 1558 2397 idem
1582 2370 1654 2405 quod
1679 2379 1746 2398 mox
1767 2373 1794 2398 in

159 2419 221 2448 aliis
235 2417 414 2454 castigabam,
431 2417 478 2444 alii
496 2416 523 2443 in
540 2423 584 2444 me
598 2414 759 2451 castigaturi
775 2415 841 2442 sint.

193 2461 428 2498 Abulpbaragium
442 2459 590 2495 excipiunt
604 2463 733 2494 excerpta
758 2466 789 2485 ex
808 2457 960 2485 Annalibus
983 2456 1133 2489 Abulfedm,
1147 2464 1163 2483 a
1179 2455 1295 2484 Reiskio
1310 2456 1405 2484 Latine
1419 2456 1532 2484 redditis
1551 2461 1579 2484 et
1592 2462 1655 2492 post
1672 2463 1794 2485 mortem

159 2507 210 2534 riri
225 2506 377 2535 doctissimi
392 2509 419 2532 et
435 2504 536 2541 lingua}
550 2504 675 2531 Arabicae
689 2502 813 2538 apprime
828 2501 908 2536 periti
932 2501 1049 2528 Arabice
1067 2506 1094 2528 et
1111 2499 1207 2528 Latine
1224 2501 1304 2528 editis
1330 2501 1365 2528 ab
1379 2500 1405 2528 J.
1428 2500 1460 2528 ϐ.
1476 2500 1507 2528 C.
1522 2501 1614 2532 Adler.
1632 2502 1795 2536 professoI-e

159 2550 417 2578 llal'niensi.'}iotus
442 2554 484 2576 est
516 2553 614 2576 auctor
634 2555 724 2582 neque
747 2546 872 2573 instituta
901 2545 934 2572 de
959 2552 992 2571 eo
1011 2545 1196 2580 disputatione
1221 2549 1329 2579 tempus
1356 2544 1488 2572 obsidebo
1514 2545 1634 2572 lectoris.
1656 2545 1696 2572 Ex
1717 2552 1794 2574 nolzs

159 2595 315 2624 lleiskianis
331 2601 378 2622 eas
395 2598 500 2622 tantum
520 2592 632 2624 retinui,
662 2598 724 2627 qua;
752 2589 835 2618 rebus
858 2588 1037 2617 dilucidandis
1065 2589 1247 2621 inservirent,
1276 2588 1392 2621 exteris,
1415 2595 1476 2623 quae
1503 2588 1558 2616 huc
1577 2596 1630 2616 non
1656 2590 1794 2622 facerem,

156 2640 277 2667 omissis.

193 2684 231 2711 Ex
250 2681 383 2710 Elmacini
398 2681 512 2709 historia
528 2679 692 2707 Saracenica
708 2685 768 2713 quae
781 2684 981 2712 excerpscram,
998 2677 1111 2704 omnino
1137 2676 1228 2708 omisi,
1243 2683 1304 2703 cum
1331 2677 1535 2710 comparatione
1556 2676 1625 2703 facta
1647 2677 1793 2708 vidissem,

157 2728 193 2755 nil
209 2727 266 2754 fere
279 2726 315 2753 ab
333 2733 365 2753 eo
382 2725 521 2753 memoria!
537 2723 674 2758 proditum
689 2721 783 2755 fuisse,
799 2721 872 2756 quod
886 2729 940 2748 non
955 2721 1094 2756 copiosius
1109 2725 1136 2747 et
1149 2720 1246 2746 melius
1259 2720 1314 2754 jam
1344 2721 1474 2747 traditum
1488 2721 1524 2747 sit
1538 2720 1571 2747 ab
1586 2720 1793 2755 Abulphamgiu

260 2770 341 2797 ll'eda.

260 2772 281 2797 ll'
295 2772 341 2797 da.

155 2777 182 2799 et
313 2813 431 2847 denique
456 2813 518 2840 loco
544 2811 641 2838 Latine
662 2811 858 2844 interpretatus
881 2817 941 2836 sum
958 2812 1062 2844 partem
1081 2808 1176 2840 libelli,
1194 2813 1257 2835 ante
1273 2808 1323 2836 hos
1338 2813 1401 2835 octo
1413 2816 1499 2835 annos
1518 2808 1583 2835 editi
1598 2816 1613 2834 a
1628 2808 1660 2835 ν.
1679 2808 1790 2836 clariss.

157 2860 189 2887 Ε.
205 2857 248 2885 W.
263 2856 412 2891 Freitagio,
428 2857 511 2890 lingg.
530 2855 646 2882 Orientt.
660 2855 687 2882 in
708 2855 759 2881 hac
773 2853 919 2881 Academia
936 2852 1006 2888 prof.
1026 2853 1103 2888 pubi.
1122 2853 1224 2887 ordin.,
1240 2860 1321 2888 quem
1339 2853 1437 2888 linguae
1453 2853 1574 2880 Arabica:
1589 2859 1791 2888 prmfeptct'ctu

825 2954 929 3033 1
