1913 3068
130 160 201 192 locs
325 140 339 149 ’
504 160 552 190 DE
571 160 789 192 NICEPHORO
808 161 884 192 ι)Ηο

1017 159 1163 191 ΙΟΑΝΝΕ
1183 160 1369 192 TZIMISCE.
1688 161 1757 195 1010

127 217 188 251 ipse
199 221 326 247 veneror,
339 215 391 242 hoc
413 214 465 243 sub
482 216 562 243 titulo
580 226 587 244 :
603 216 748 253 Regierung
768 218 812 244 des
832 216 1064 244 Saahd-Addaula
1076 224 1108 242 zu
1121 215 1227 250 Aleppo.
1248 216 1301 242 Αιιι
1315 216 1387 242 einer
1398 214 1563 242 Arabiae/un
1581 213 1759 250 Haudultﬁft

128 260 338 295 herousgcgeben
350 267 399 286 von
415 259 445 287 ϐ.
466 259 510 287 W.
525 259 641 296 Freitng.
658 261 760 288 Textns
774 261 918 292 Arabicus,
934 260 980 295 qui
1005 259 1049 286 hic
1064 259 1182 293 primum
1200 258 1270 294 typis
1285 259 1438 293 exscriptus
1450 262 1502 291 est,
1518 263 1665 294 excerptus
1679 265 1722 288 est
1741 268 1756 287 ο

126 304 223 331 codice
253 300 369 330 Arabico
394 302 552 336 Parisiensi,
568 304 645 338 cujus
661 311 764 338 partem
779 305 836 339 jatn
860 309 938 331 antea
968 303 1068 338 publici
1084 303 1157 337 juris
1174 302 1275 329 fecerat
1299 302 1370 332 idem
1389 303 1431 329 vir
1443 303 1554 335 doctus,
1574 302 1628 330 hoc
1643 303 1734 331 indice
1751 312 1757 330 ;

130 347 233 376 Selecta
244 355 278 374 ex
291 347 406 374 historia
420 347 514 374 Ilale‘bi
526 368 533 380 ,
550 348 592 375 ed.
608 347 641 374 G.
660 346 704 374 W.
720 347 838 382 Freitag.
856 347 969 375 Lutetiae
983 347 1160 374 Parisiorum.
1185 346 1264 373 1819.
1283 346 1426 373 Praemissa
1446 350 1489 374 est
1510 346 1620 381 copiosa
1635 352 1661 375 et
1681 347 1760 375 home

130 391 218 426 frugis
238 391 317 425 plena
341 391 453 418 editoris
467 391 602 426 praefatio,
617 392 644 418 in
667 399 719 426 qua
744 392 778 418 dc
801 392 922 418 auctoris
932 391 986 419 vita
1006 396 1033 418 et
1049 391 1101 418 fide
1118 391 1187 417 libro
1210 391 1270 424 ejus
1296 390 1420 417 habenda
1445 396 1573 418 accurate
1588 390 1757 425 disputatum

127 439 189 469 est;
208 435 337 462 brevibus
351 435 433 469 igitur
457 435 484 462 h.
501 436 518 462 i.
536 443 592 462 rem
607 435 736 470 expedire
762 442 883 469 possum.
902 435 988 462 Natus
1014 439 1057 462 est
1074 438 1171 461 auctor
1185 440 1258 460 anno
1277 433 1400 461 Arabum
1417 433 1469 460 588
1482 432 1596 466 Haiebi;
1615 442 1714 462 nomen
1731 436 1756 462 ei

127 479 182 506 fuit
196 479 315 506 Olnnaro
329 479 500 507 ben-Ahmcd
517 488 525 512 ;
541 480 699 514 designatur
712 484 801 506 autem
817 479 976 514 plerumque
992 478 1154 512 cognomine
1166 477 1353 505 Cemaieddini
1370 477 1400 512 (Ι.
1418 476 1438 504 l.
1452 484 1478 511 p.
1495 475 1629 511 XXXVI).
1644 476 1694 505 Vir
1711 477 1762 505 fuit

127 530 199 550 rane
220 522 361 556 dactrinaa,
379 523 487 550 eximia:
510 523 671 557 prudentia',
688 523 722 549 ad
737 530 780 550 res
791 523 909 557 agendas
921 527 1001 550 natus
1015 526 1097 557 atque
1111 526 1203 556 aptus,
1213 521 1384 556 summisque
1397 520 1550 549 honoribus
1561 528 1577 548 a
1591 521 1762 556 principibus

129 566 189 594 suis
205 570 336 599 ornatus;
357 566 429 593 diem
445 567 512 594 obiit
524 574 681 602 supremum
695 575 768 594 anno
781 567 834 594 660
848 566 935 599 Iiirzi,
954 567 1056 601 oppido
1071 565 1243 601 Egyptiaco.
1260 565 1410 593 Historiam
1433 565 1529 593 Halebi
1551 565 1613 593 inde
1629 573 1645 593 a
1665 566 1762 601 primis

130 609 208 636 urbis
222 609 308 636 initiis
319 609 462 645 diligenter
479 614 506 636 et
520 615 658 642 accurate,
685 618 754 645 puro
771 615 798 638 et
814 610 932 645 simplici
951 610 1060 638 dicendi
1080 617 1180 645 genere
1202 617 1280 643 usus,
1304 610 1444 637 memoriae
1463 609 1616 641 mandavit,
1635 609 1761 637 veritatis

129 661 187 688 pra!
199 654 305 681 creteris
324 653 484 687 studiosus;
501 661 554 688 qua
571 653 604 681 de
617 661 646 681 re
662 654 784 689 judicent
798 653 914 681 lectores
932 654 994 689 ipsi,
1011 654 1034 681 si
1051 657 1180 689 excerpta
1195 661 1228 681 ex
1245 654 1391 681 annalibus
1403 653 1464 688 ejus
1483 652 1683 681 Halebensibus
1700 661 1763 681 cum

130 697 311 732 scriptoribus
328 705 418 724 rerum
431 697 643 733 Byzantinarunt
657 705 817 732 comparare
831 697 925 725 velint.

167 740 301 776 Excerpta
319 748 352 768 ex
368 741 464 776 quavis
477 746 588 769 auctore
601 742 750 776 separatim
773 741 896 774 exhibui,
913 741 965 769 hoc
979 742 1153 777 potissimum
1177 741 1303 774 consilio,
1317 745 1346 768 ut
1358 740 1466 768 facilius
1490 740 1654 776 intelligeret
1666 740 1763 767 lector-

129 793 193 820 qua:
208 785 241 812 de
256 793 364 820 quaque
379 793 408 813 rc
421 791 496 820 gesta
511 786 628 820 quisque
640 786 739 813 tradat.
749 785 771 812 A
784 786 855 813 notis
867 786 1045 820 supervacuis
1060 785 1192 812 addendis
1205 792 1303 812 manus
1316 784 1452 819 abstinui;
1469 784 1582 812 minime
1597 784 1671 811 enim
1685 789 1764 812 ratus

130 837 205 861 sum,
224 830 295 857 hunc
312 829 378 857 mihi
391 830 483 857 datum
511 837 573 858 esse
587 831 690 862 locum,
717 834 748 859 ut
770 830 952 865 cognitionem
980 830 1131 857 litterarum
1157 828 1338 857 Orientalium
1361 828 1582 864 qualemcunque
1606 828 1763 863 probarem,

131 882 222 909 neque
239 875 318 901 ullam
331 883 393 902 cum
408 875 587 909 scriptoribus
603 875 724 903 historias
744 875 902 911 Byzantina:
918 873 1151 909 comparationem
1171 872 1287 906 institui,
1311 872 1413 908 quippe
1427 872 1512 908 Aquod
1527 872 1596 900 lines
1617 872 1766 908 provincia

131 918 200 944 mihi
214 917 383 945 demandata:
399 919 552 946 excederet.

170 963 274 994 itcstat,
293 969 320 989 ut
336 963 423 990 tribus
439 964 530 991 verbis
544 963 633 991 dicam
652 963 685 991 de
701 963 884 998 Seifeddaula,
901 963 1013 990 domino
1038 961 1144 995 Halebi,
1160 965 1237 996 patre
1252 959 1506 994 Saahd-Addaulae,
1523 961 1604 996 cujus
1621 962 1722 996 saepius
1738 961 1766 989 in

134 1006 212 1034 hisce
228 1007 363 1042 excerptis
381 1007 482 1035 mentio
512 1007 581 1035 facta
608 1013 658 1035 est.
675 1007 814 1036 Oriundus
828 1008 851 1036 is
868 1008 919 1035 fuit
942 1015 976 1034 ex
997 1006 1081 1033 nobili
1099 1005 1201 1032 familia
1216 1004 1460 1038 ilamdanidarum,
1476 1004 1521 1032 cui
1536 1012 1635 1033 nomen
1650 1005 1765 1032 inditum

134 1054 177 1077 est
192 1050 226 1077 ab
236 1055 357 1084 auctore,
376 1049 527 1083 Hamdano,
544 1058 594 1078 avo
612 1051 802 1079 Seifmldaulae.
830 1051 896 1079 Post
914 1050 988 1078 varia
1014 1049 1069 1077 fata
1085 1049 1164 1076 annis
1177 1048 1295 1082 denique
1318 1048 1370 1075 555
1385 1053 1413 1076 et
1437 1048 1500 1081 334‘,
1527 1048 1574 1084 qui
1589 1047 1713 1075 incidunt
1738 1048 1765 1075 in

134 1101 222 1120 annos
236 1101 263 1127 p.
281 1093 347 1120 Chr.
366 1101 393 1120 n.
407 1093 459 1121 9M
473 1098 500 1121 ct
517 1093 579 1127 915,
595 1094 688 1121 Haiebi
706 1095 821 1129 ejusque
830 1093 933 1122 ditione
950 1094 1052 1128 potitus
1064 1096 1106 1120 est
1128 1091 1314 1125 Seifeddauia,
1332 1091 1425 1127 ibique
1448 1100 1562 1127 regnum
1578 1099 1659 1120 suum
1679 1092 1765 1119 stabi-

133 1137 204 1164 livit.
222 1136 275 1171 (Cf.
294 1137 385 1164 Abuif.
404 1142 472 1165 tom.
490 1137 522 1170 ll,
539 1146 565 1171 p.
579 1138 642 1166 453.
660 1137 759 1165 διΙθηι.
771 1146 802 1165 cx
823 1138 887 1165 hist.
905 1137 965 1165 Hal.
986 1144 1014 1172 p.
1029 1137 1061 1164 57
1074 1144 1149 1171 seqq.
1162 1135 1199 1163 cf.
1215 1135 1281 1163 edit.
1296 1139 1354 1162 not.
1367 1135 1404 1163 ad
1419 1136 1446 1163 h.
1476 1135 1507 1171 i.)
1522 1135 1627 1170 Stepius
1643 1135 1766 1170 regiones

133 1177 295 1206 Grazcorum
309 1179 450 1206 lacessivit
465 1180 600 1214 susceptis
613 1180 842 1214 expeditionibus,
857 1188 926 1215 quas
941 1181 1049 1216 longius
1070 1179 1195 1215 persequi
1219 1179 1253 1206 ab
1271 1179 1323 1206 hoc
1340 1179 1401 1208 loco
1428 1179 1546 1207 alienum
1564 1179 1645 1207 foret.
1663 1179 1765 1215 (Abull’.

135 1223 163 1250 1.
178 1223 203 1250 1.
221 1231 248 1257 p.
268 1222 339 1255 457;
357 1223 406 1250 46i
424 1231 431 1256 ;
450 1223 513 1251 467.
528 1223 630 1251 Elmac.
646 1231 673 1258 p.
688 1223 797 1258 275;p.
813 1224 862 1250 177
880 1232 955 1259 seqq.
973 1232 1000 1259 p.
1027 1224 1082 1252 286
1098 1231 1175 1258 seqq.
1191 1222 1341 1258 Abulphar.
1358 1230 1385 1258 p.
1408 1223 1459 1251 195
1475 1224 1565 1260 seqq.)
1578 1223 1711 1258 “Mortuus
1725 1228 1767 1252 est

133 1273 209 1294 anno
224 1266 287 1293 356.
309 1266 412 1303 (Abulf.
430 1275 456 1302 p.
472 1267 535 1295 495.
553 1266 608 1294 Sel.
621 1275 654 1294 ex
671 1267 734 1295 hist.
748 1267 810 1295 Hui.
825 1277 852 1304 p.
868 1268 929 1297 158.
954 1269 1059 1297 Eimac.
1080 1277 1108 1304 p.
1121 1268 1199 1305 280.)

171 1311 337 1338 Mentionem
357 1310 537 1339 Seifeddaulm
554 1311 647 1346 injecit
668 1311 724 1339 Leo
742 1312 816 1348 (libr.
834 1321 864 1346 ιι,
886 1321 945 1349 cap.
966 1313 1037 1348 1-5).
1051 1313 1103 1341 sub
1121 1314 1233 1341 nomine
1245 1312 1428 1344 Chambdani,
1447 1312 1467 1339 i.
1481 1319 1506 1340 e.
1524 1312 1670 1344 llamdani,
1692 1315 1765 1348 quod

135 1361 193 1381 non
211 1354 274 1388 ipsi,
290 1354 337 1381 sed
358 1362 409 1382 avo
433 1362 534 1382 nomen
564 1355 626 1382 fuit.
642 1355 680 1382 Ad
699 1355 909 1390 expeditionem,
922 1357 956 1385 de
975 1365 1029 1392 qua
1044 1357 1062 1384 l.
1080 1357 1099 1384 l.
1114 1357 1181 1384 dicit
1196 1356 1262 1390 Leo,
1276 1356 1454 1384 referendum
1482 1361 1526 1384 est
1555 1361 1712 1391 excerptum
1732 1364 1766 1384 ex

135 1398 352 1434 Abulpharagio,
367 1398 439 1433 quod
453 1399 547 1427 statim
568 1400 603 1426 ab
619 1400 698 1427 initio
711 1400 824 1427 exhibui
837 1409 845 1433 ;
864 1401 960 1428 eamde
971 1409 989 1428 n
1013 1401 1218 1436 expeditionem
1232 1404 1387 1428 memorant
1401 1399 1536 1427 Abulfeda
1550 1404 1577 1428 et
1593 1399 1764 1429 Cemaloddi-

135 1450 202 1474 nus,
220 1450 337 1477 quorum
354 1443 436 1470 verba
447 1443 475 1470 h.
490 1443 508 1470 Ι.
530 1443 619 1478 legere
633 1444 703 1471 haud
722 1445 881 1479 gravabitur
896 1445 991 1472 lector.

173 1486 385 1514 Celuaieddinus
399 1494 425 1521 p.
446 1487 497 1514 154
517 1495 523 1513 :
541 1495 551 1512 ι
570 1487 649 1515 Anno
664 1487 717 1514 518
730 1488 771 1515 rei
786 1488 839 1516 519
855 1487 1030 1516 SeifcddaJla
1043 1489 1170 1524 regiones
1181 1489 1341 1517 Grecorum
1357 1489 1467 1517 invasit.
1483 1488 1566 1521 Cum,
1577 1488 1672 1516 multis
1689 1487 1768 1516 ineo-

136 1530 227 1558 larum
240 1531 350 1563 occisis,
364 1531 512 1566 multisque
528 1532 626 1566 captis.
643 1531 731 1565 paeda
747 1531 860 1566 potitus,
877 1540 924 1566 per
938 1533 1080 1568 angustias
1111 1532 1356 1568 Magham-Mcohl
1373 1532 1463 1560 redire
1488 1532 1582 1560 animo
1608 1532 1722 1560 haberet
1740 1537 1768 1560 et

135 1582 234 1603 versus
252 1583 299 1603 eas
315 1575 366 1603 iter
378 1575 508 1606 ﬂecteret,
521 1574 605 1603 Leoni
621 1575 676 1602 lilio
690 1576 787 1602 Phocce
802 1576 965 1609 domestico,
982 1579 1029 1611 qui
1043 1576 1076 1604 ad
1092 1576 1154 1604 illas
1183 1577 1273 1612 ipsum
1304 1581 1494 1612 praecesserat,
1509 1576 1641 1604 occurrit.
1668 1575 1765 1604 Pratio

135 1619 179 1648 ibi
194 1620 342 1647 commisso
361 1618 533 1647 Seifeddaula
559 1619 688 1647 vincitur.
705 1618 801 1647 Hostes
814 1619 1050 1648 Muhammedanis
1067 1620 1186 1655 prredam
1208 1625 1318 1656 captam
1346 1620 1479 1656 eripiunt,
1504 1620 1634 1649 thesauro
1658 1619 1770 1655 impedi-

137 1665 295 1699 mentisque
304 1663 484 1692 Seifeddaulae
495 1663 644 1698 potiuntur.
656 1662 731 1690 Multi
741 1663 767 1690 in
778 1664 829 1691 hoc
840 1664 933 1698 praelio
943 1664 1026 1691 vitam
1041 1664 1181 1698 amittunt,
1200 1668 1228 1692 et
1244 1663 1438 1692 Abu-Ferasus
1463 1663 1625 1692 Alharetsus
1646 1662 1768 1692 ben-Sa-

138 1707 186 1734 liid
209 1707 398 1734 ben—Iiamdan
428 1707 550 1741 captivus
568 1706 669 1741 iactus,
691 1707 725 1734 ab
739 1707 863 1735 hostibus
871 1707 1039 1736 Carslianam
1057 1709 1176 1736 ducitur.
1193 1708 1259 1737 Inde
1271 1708 1529 1744 Constantinopolin
1543 1708 1660 1737 missum
1695 1715 1769 1736 atino

139 1751 193 1781 554
206 1752 337 1786 patriciis,
352 1760 420 1786 quos
437 1752 559 1786 captivos
570 1752 683 1782 fecerat,
699 1751 780 1785 datis,
798 1751 972 1780 Seifeddaula
985 1760 1048 1780 cum
1063 1760 1125 1780 cum
1139 1753 1201 1781 aliis
1215 1753 1336 1781 redimit.
1358 1762 1368 1779 ι

174 1795 307 1822 Abulfeda
328 1800 393 1823 tom.
410 1795 441 1828 ll,
458 1803 484 1830 p.
501 1796 554 1823 469
571 1804 578 1822 :
596 1806 606 1822 ι
623 1795 725 1823 Eodem
739 1803 813 1823 anno
827 1796 857 1830 (i.
873 1803 897 1823 e.
911 1803 983 1823 anno
1003 1795 1072 1832 fugze
1085 1797 1148 1830 519,
1165 1797 1211 1832 qui
1229 1796 1247 1823 2
1265 1796 1355 1824 Martii
1373 1797 1407 1825 Α.
1421 1796 1453 1824 C.
1467 1796 1520 1825 960
1546 1796 1639 1832 coepit)
1653 1795 1768 1831 impete-

138 1839 188 1867 bat
208 1839 380 1867 Seifeddaula
395 1834 579 1867 lia-mdznidcs
589 1840 739 1867 Romanam
755 1839 887 1867 ditionem
907 1847 975 1867 nova
991 1840 1159 1874 incursione,
1176 1842 1286 1876 ingente
1297 1848 1359 1868 cum
1372 1841 1511 1873 exercitu,
1529 1840 1674 1876 subigebat
1688 1840 1769 1868 urbe:

139 1888 167 1909 rt
183 1891 270 1915 arces,
285 1883 391 1915 urebat,
401 1884 538 1914 vastabat,
553 1884 707 1911 trucidabat
719 1883 855 1917 homines,
869 1891 968 1923 pecora
980 1887 1007 1910 et
1021 1884 1146 1912 homines
1168 1884 1306 1919 abigebat,
1337 1884 1521 1912 Charsianum
1537 1884 1576 1920 (ι)
1596 1892 1682 1919 usque
1701 1891 1767 1919 pro-

139 1925 263 1953 cedebat.
281 1925 333 1952 Sed
350 1926 468 1953 redituro
485 1927 595 1954 donnun
610 1927 821 1961 intereipiebant
837 1926 924 1954 Graeci
941 1926 1013 1954 viam
1025 1934 1072 1962 per
1087 1928 1175 1962 pylas,
1190 1935 1278 1963 eaque
1293 1928 1400 1955 ratione
1417 1935 1473 1955 non
1493 1931 1600 1965 tantm
1620 1935 1671 1955 sua
1688 1935 1769 1954 recu-

140 1970 273 2005 perabant
285 1970 386 2003 omnia,
399 1971 480 1997 etiam
503 1969 590 1997 hostis
604 1971 777 2006 potiebantur
799 1970 1011 2006 impedimentis,
1030 1975 1058 1998 ct
1072 1979 1155 2006 quam
1171 1971 1244 2007 passi
1263 1971 1381 2004 fuerant,
1395 1971 1532 2006 jacturam
1547 1975 1621 1998 tanta
1639 1978 1769 2005 compen-

139 2013 281 2041 sabantin
311 2013 491 2041 Seifeddaulae
512 2015 607 2049 copias
631 2015 703 2042 cdita
730 2020 829 2051 strage,
859 2019 890 2042 ut
903 2015 960 2050 ipse
986 2014 1029 2041 vix
1060 2021 1123 2042 cum
1149 2015 1277 2043 trecentis
1303 2015 1395 2043 salvus
1418 2015 1554 2042 evaderet.
1588 2014 1614 2041 Id
1645 2014 1768 2042 futurum

140 2057 320 2093 pl‘aavideranl
332 2065 421 2084 rerum
439 2058 595 2085 bellicarum
613 2059 783 2094 istorumque
795 2060 918 2086 locorum
933 2066 983 2086 usu
1004 2059 1095 2093 periti,
1109 2064 1306 2094 suaserantque
1319 2063 1462 2095 propterea
1478 2058 1668 2091 Hamdanidte,
1686 2058 1770 2086 nollet

141 2102 195 2133 ria,
209 2109 262 2135 qua
275 2101 351 2134 isset,
366 2101 460 2129 eadem
478 2102 576 2129 redire.
593 2102 640 2130 ille
654 2110 718 2130 vero
736 2110 878 2138 spreverat
891 2103 1049 2138 consilium,
1071 2104 1111 2131 vir
1137 2103 1212 2132 solus
1237 2104 1289 2131 sibi
1313 2104 1434 2139 sapiens,
1468 2104 1652 2132 monitoribus
1675 2111 1766 2138 asper,

140 2144 189 2179 qui
202 2145 292 2171 omnia
302 2152 351 2179 per
363 2152 403 2177 se,
418 2145 527 2172 nemine
543 2146 678 2180 consulto,
695 2154 788 2182 gerere
801 2147 919 2181 volebat,
936 2155 981 2184 ne,
996 2148 1019 2177 si
1040 2148 1107 2184 quid
1118 2148 1156 2175 rei
1173 2154 1303 2186 prospere
1318 2147 1490 2182 succederet,
1507 2148 1534 2176 id
1544 2147 1769 2176 consiliariorum

140 2188 291 2223 sapientia,
307 2196 361 2215 non
376 2196 442 2221 suae,
458 2189 646 2224 imputaretur.
665 2200 675 2217 ι

177 2231 278 2260 Dabam
291 2231 392 2260 Bonna;
407 2233 440 2261 ad
454 2232 581 2261 Rhenum
593 2234 637 2262 die
646 2234 682 2262 23
696 2233 783 2263 Junii.

139 2331 1764 2350 —__—————_————_—-._—.__——-—-

465 2419 506 2463 l.
543 2417 625 2464 EX
662 2418 950 2466 GREGORII
988 2419 1438 2467 ABULPHARAGII

747 2528 953 2560 CHRONICO
972 2529 1157 2561 SYRIACO.

673 2610 718 2643 (Cf.
731 2612 771 2638 ed.
785 2610 880 2638 Brunsii
893 2615 920 2639 et
929 2612 1034 2640 Kirschii
1047 2619 1071 2644 p.
1085 2611 1130 2638 197
1145 2610 1228 2644 seqq.)
1261 2589 1264 2591 Ὗ

176 2760 218 2790 Eo
228 2767 304 2790 anno
318 2762 449 2799 (Arabum
464 2763 528 2799 518)
540 2763 587 2798 qui
608 2763 765 2792 Graecorum
788 2768 831 2792 est
847 2764 926 2797 1272,
981 2764 1131 2797 Romanus.
1145 2763 1192 2798 qui
1213 2769 1338 2792 senatum
1354 2762 1482 2799 virosque
1497 2762 1635 2797 principes
1650 2763 1769 2791 multum

135 2813 252 2836 mortuo
271 2816 334 2844 rege
347 2808 540 2842 Constantino,
554 2817 669 2845 regnare
681 2810 765 2846 ccepit
778 2810 850 2838 illius
864 2810 923 2845 ejus
979 2809 1134 2841 honoravit,
1146 2816 1212 2844 erga
1222 2816 1320 2837 omnes
1331 2812 1420 2837 autent
1447 2807 1637 2844 magnanimus
1650 2807 1713 2835 fuit.
1730 2808 1770 2835 Eo

176 2886 217 2921 (l)
233 2887 252 2916 l.
270 2895 294 2916 e.
317 2887 515 2922 Charshanam,
539 2890 632 2918 urbem
651 2889 762 2919 ditionis
778 2889 878 2918 Greca:
900 2895 983 2924 prope
999 2887 1164 2916 Malathiam.
1186 2887 1264 2915 Lass.

1013 2973 1097 3040 ε.
