1913 3068
175 141 244 175 1011

649 141 848 173 EXCERPTA
866 141 918 172 EX
938 141 1136 172 HISTORIIS
1157 142 1318 172 ARABUM

1739 143 1807 176 10ῗὲ

170 206 244 226 anno
256 197 347 228 Jones,
366 196 412 232 qui
429 196 509 225 etiam
524 196 770 233 Schumuschchig.
785 197 840 225 dux
853 195 961 225 exerci-
975 198 999 227 Α
1015 201 1077 231 post
1092 196 1177 225 festos
1189 196 1248 225 dies
1270 197 1421 225 rediturus.
1436 196 1581 226 Tarsensis
1602 197 1725 227 Arabum
1741 202 1808 230 diu.

170 249 226 276 tus,
236 248 263 271 et
276 242 456 278 Nicephonts.
472 242 651 275 domesticus,
667 243 745 271 missi
757 242 791 270 ab
809 249 842 270 eo
854 242 882 270 in
891 243 962 270 Ara-

170 290 234 317 bum
248 288 326 320 lines,
344 287 482 323 progressi
499 291 563 315 sunt
576 296 663 324 usque
683 288 717 316 ad
735 288 859 319 Abiram.
874 287 959 321 unde,

170 335 270 364 occisis
287 334 339 363 100
355 334 499 367 militibus,
515 338 542 362 et
556 335 676 362 incensis
689 334 823 370 frugibus,
836 341 899 362 cum
914 334 964 361 tri-

170 382 246 416 ginta
261 379 377 416 captivis
393 379 529 408 abierunt.
545 379 847 415 Siphoddaula,llalebi
859 378 962 413 Emira,

171 434 233 454 cum
257 426 329 454 3000
343 432 483 460 egressus,
494 424 676 453 Carsehenam
698 433 760 453 eum
783 426 963 461 pervenisset,

170 479 347 508 permagnam
359 471 476 506 praedam
490 471 554 498 inde
565 470 690 499 abduxit.
702 471 808 506 Redux,
820 478 964 507 propterea

171 517 245 553 quod
265 517 381 545 Romani
393 524 488 545 omnes
504 522 635 552 angustos
647 518 737 546 exitus
751 518 962 553 interceperant,

172 572 236 590 cum
254 563 306 591 100
334 567 439 590 tantum
463 570 496 590 ex
523 563 610 591 servis
630 563 688 592 suis
706 564 801 592 evasit.
827 563 960 599 Reliquos

172 609 289 638 Romani
315 609 414 644 partim
442 607 611 641 occiderunt,
642 609 740 645 partim
773 609 880 637 vinctos
902 616 965 636 cum

172 656 264 690 praeda
281 660 440 690 recuperata
452 656 631 688 reduxerunt,
647 655 740 683 multis
752 655 864 690 insuper
875 655 964 691 equis,

173 701 258 728 armis
275 705 301 728 et
316 701 446 734 nummis,
466 702 512 736 qui
538 700 740 737 Siphoddaulae,
761 701 807 729 lilii
832 700 965 728 ilamdani

174 747 293 778 fuerant,
315 747 404 782 potiti.
434 747 643 782 Nobilium,qui
670 755 732 775 cum
757 755 790 774 eo
817 746 966 779 (militave-

173 793 257 826 rant),
275 790 355 819 simul
382 791 465 820 occisi
491 797 566 826 sunt,
594 791 708 826 Hamed,
739 792 811 820 illius
841 790 965 824 Namusi,

173 837 294 865 Mususia
314 838 389 865 Cban
405 844 432 866 et
443 838 509 865 (Iadi
524 837 717 868 Abu-Hozain.

210 883 288 910 Anno
300 883 353 911 350
369 884 504 918 Arabum,
519 892 617 920 magna
635 885 755 912 Arabum
780 890 901 919 caterva,
915 885 969 913 An-

175 930 278 957 tiochia
302 929 417 958 Tarsum
438 929 571 966 profecta,
592 931 618 958 in
640 930 825 958 Romanorum
854 931 968 959 insidias

174 971 280 1008 incidit,
307 976 353 1011 qui
385 984 418 1004 ex
448 976 481 1005 iis
512 976 619 1013 aliquos
654 977 826 1011 occiderunt,
847 978 969 1012 reliquos

174 1029 302 1058 magnam
344 1023 451 1050 turbam
488 1023 594 1051 vinctos
628 1023 809 1051 abduxerunt.
835 1022 970 1059 lndignati

175 1073 239 1096 sunt
253 1068 369 1102 Arabes,
396 1068 512 1104 ideoque
539 1076 637 1097 servus
662 1069 866 1105 Siphoddaulae,
882 1069 970 1104 Naga,

176 1115 328 1149 irruptione
351 1122 368 1142 a
385 1114 469 1142 latere
486 1113 645 1150 Miphractte
671 1115 698 1143 in
724 1115 911 1143 Romanorum
927 1123 970 1142 re-

175 1162 284 1197 gionem
308 1159 390 1195 facta,
408 1168 535 1196 magnam
565 1163 685 1197 praedam
702 1169 764 1190 cum
785 1161 857 1190 2000
883 1161 970 1189 homi-

176 1215 252 1237 num.
270 1211 297 1234 et
311 1205 339 1234 in
355 1207 398 1234 his
410 1206 445 1234 50
458 1207 565 1236 catenis
578 1207 686 1236 vinctos
703 1207 827 1235 abduxit.

210 1254 288 1280 Anno
301 1252 460 1280 Graecorum
481 1253 562 1285 12⁵14,
575 1253 695 1281 Arabum
711 1253 775 1286 451.
791 1253 966 1289 Nicephorus

175 1298 354 1331 dotnesticus,
365 1306 428 1326 cum
453 1298 571 1332 100,000
584 1299 709 1334 equitum
727 1299 754 1327 in
765 1299 890 1327 Ciliciam
908 1307 971 1334 pro-

177 1342 275 1374 tectus,
290 1342 460 1370 Anazarbam
484 1343 592 1373 obsedit
613 1344 744 1379 gravique
764 1344 836 1372 bello
851 1345 970 1378 vexavit,

176 1389 265 1417 donec
283 1389 331 1424 qui
352 1389 426 1417 intus
443 1395 523 1417 erant
554 1390 669 1423 Arabes,
683 1390 717 1418 de
743 1391 849 1418 auxilio
874 1391 971 1426 despe-

177 1438 280 1465 rantes,
308 1434 391 1468 pacti,
416 1439 447 1462 ut
469 1435 492 1463 si
519 1442 610 1463 arcem
640 1435 791 1468 traderent,
818 1436 970 1465 incolumes

178 1487 241 1507 cum
257 1479 433 1508 facultatibus
445 1480 561 1514 exirent,
578 1480 631 1508 ﬁde
642 1488 657 1508 a
673 1480 827 1515 Nicephoro
847 1485 969 1517 accepta,

178 1526 299 1553 maxime
323 1525 397 1560 quod
428 1525 564 1558 viderent,
593 1525 688 1554 hostes
716 1533 732 1554 a
756 1526 858 1554 montis
884 1526 1007 1567 laterec

179 1578 290 1598 murum
303 1570 380 1598 brevi
405 1575 595 1606 perrupturos,
610 1575 705 1607 portas
733 1578 910 1608 aperuerunt.
927 1573 969 1601 Ni-

178 1615 338 1652 cephorum,
354 1625 417 1645 cum
442 1618 584 1653 ingressus
605 1618 728 1653 vidisset,
739 1626 837 1654 parum
848 1619 970 1647 abfuisse

179 1663 245 1698 quin
273 1663 355 1699 gladii
379 1670 431 1699 ope
464 1664 524 1691 sine
538 1663 673 1692 'molestia
700 1665 819 1700 aperiret
839 1664 968 1700 (urbem),

179 1710 309 1744 paenituit
322 1708 500 1745 promissum.
515 1708 609 1745 Itaque
620 1710 716 1743 edixit,
731 1715 762 1738 ut
776 1710 802 1738 in
818 1711 969 1739 oratorium

181 1757 312 1793 templum
329 1757 419 1785 omnis
431 1757 549 1792 populus
564 1762 778 1794 eongregaretur
793 1763 821 1787 et
847 1760 965 1795 quicun-

180 1810 234 1838 que
266 1810 318 1830 non
345 1802 479 1836 introiret,
502 1803 637 1839 sanguine
657 1811 752 1839 ptenas
783 1803 971 1834 lueret.lnse-

181 1849 275 1883 quenti
293 1848 337 1876 die
350 1848 453 1883 pedites
465 1856 544 1877 mane
554 1849 581 1877 in
592 1849 688 1877 urbem
700 1850 860 1885 intromissi,
873 1859 971 1887 quent-

181 1902 289 1930 cunque
303 1895 476 1928 invenerunt,
489 1896 573 1930 viros,
590 1896 719 1925 mulieres
732 1901 759 1924 et
784 1905 895 1932 pueros,
912 1903 970 1926 tru-

181 1932 404 1968 cidaruntJI‘um
433 1941 600 1976 comportari
625 1949 702 1969 arma
727 1941 754 1969 in
774 1942 842 1970 urbe
869 1948 969 1978 cmpta.

182 1988 295 2014 inventa
311 1989 376 2014 sunt
402 1986 502 2017 40,000
526 1986 672 2014 loricarum
696 1991 796 2022 praeter
826 1988 930 2023 gladios
944 1993 971 2014 et

181 2040 298 2061 arcuum
323 2040 452 2067 magnum
476 2040 632 2060 numerum.
654 2032 809 2065 Palmarum
840 2033 969 2061 arborqu

181 2079 282 2112 40,000
304 2079 409 2107 succisa
440 2082 513 2106 sunt.
526 2079 607 2107 Exire
639 2077 737 2106 deinde
759 2087 865 2112 omnes,
880 2081 927 2114 qui
942 2080 970 2108 in

184 2126 283 2161 templo
308 2129 397 2157 erant,
410 2124 503 2159 jussit,
529 2129 557 2152 et
586 2132 718 2160 quorsum
746 2125 855 2158 vellent,
883 2125 969 2160 abire,

183 2177 299 2200 mortem
311 2172 430 2198 minatus
441 2171 578 2203 omnibus,
592 2171 639 2206 qui
663 2171 697 2199 ad
722 2179 863 2207 vesperam
882 2180 972 2200 rema-

1014 242 1117 270 coactis
1135 243 1216 274 4000,
1230 243 1341 271 adortus
1363 242 1501 272 Romanos
1522 245 1611 272 victus
1633 250 1662 273 et
1680 254 1736 274 non
1752 247 1808 281 ipse

1014 290 1132 319 tantum,
1148 287 1197 315 sed
1217 295 1310 315 omnes
1323 287 1406 315 etiam
1426 287 1531 318 Arabes
1548 294 1575 317 et
1591 289 1678 319 frater
1697 299 1807 328 quoque

1015 332 1161 362 Tarsensis
1185 334 1274 366 ducis,
1288 333 1473 368 Bar-l'tababi,
1484 335 1568 363 occisi
1588 342 1663 364 sunt.
1678 338 1805 372 Romani,

1016 379 1115 407 iterum
1144 379 1268 408 Ciliciam
1284 381 1411 416 ingressi,
1427 388 1620 418 expugnarunt
1643 392 1736 412 arcem
1762 385 1807 413 Ziz

1014 428 1042 452 et
1055 425 1182 460 prasidio
1205 433 1259 453 non
1273 427 1297 454 ei
1312 431 1428 460 tantum,
1442 428 1489 455 sed
1506 428 1618 464 reliquis
1640 430 1724 457 etiam
1739 432 1808 458 arri-

1016 469 1069 498 bus
1089 470 1227 505 imposito,
1245 472 1358 506 protecti
1374 477 1439 500 sunt
1463 472 1611 502 Halebum.
1628 474 1766 510 Opposuit
1781 484 1809 503 se

1018 515 1200 552 Siphoddaula
1226 517 1370 550 Romanis,
1385 519 1431 546 sed
1459 519 1548 547 victus
1570 526 1624 548 est.
1644 521 1809 549 Ceciderunt

1016 561 1099 590 etiam
1123 569 1219 591 omnes
1246 562 1380 591 Hamdani
1403 563 1452 592 ﬁlii
1477 569 1504 592 et
1535 565 1594 600 ipse
1622 566 1809 601 Sipboddanla

1017 614 1080 636 cum
1109 609 1204 644 paucis
1232 613 1339 637 tantum
1367 610 1468 638 eadem
1484 610 1587 647 effugit.
1609 611 1725 647 Subegit
1756 612 1808 639 Do-

1018 654 1149 682 mesticus
1163 654 1253 682 aulam
1268 654 1339 690 ejus.
1358 662 1420 690 quae
1434 660 1511 683 extra
1528 657 1606 685 urbis
1619 665 1732 685 murum
1759 658 1809 685 sila

1018 703 1087 733 erat,
1101 700 1135 727 ab
1147 707 1234 736 eaque
1248 708 1302 728 non
1321 706 1427 730 tantum
1444 703 1496 730 590
1506 704 1612 738 argenti
1632 704 1748 735 talenta,
1765 705 1808 731 sed

1017 746 1099 773 etiam
1116 746 1188 774 2500
1206 747 1295 775 mulos
1311 753 1339 776 et
1353 756 1492 776 armorum
1511 749 1647 776 inﬁnitum
1664 757 1808 777 numerum

1018 793 1196 828 exegit.Aula
1224 793 1346 827 incensa,
1359 794 1453 821 urbem
1477 794 1564 828 ipsam
1588 795 1766 830 oppugnavit,
1784 795 1809 822 in

1019 838 1099 873 cujus
1113 846 1192 866 muro
1208 846 1269 866 cum
1279 844 1433 873 aperturam
1451 839 1569 872 fecisset,
1584 840 1702 867 Romani
1720 844 1810 867 trans-

1021 884 1108 920 gressi
1130 884 1195 912 caedi
1220 892 1274 912 non
1291 885 1367 920 prius
1384 886 1464 912 ﬁnem
1485 885 1617 919 fecerunt,
1636 893 1722 921 quam
1736 885 1812 914 defa-

1021 930 1098 966 tigati
1109 935 1197 959 erant.
1214 931 1381 959 Invenerunt
1404 932 1432 959 in
1449 939 1481 959 ea
1499 932 1569 959 1200
1585 932 1726 960 Romanos
1748 933 1812 959 vin<

1020 981 1091 1009 ctos,
1107 984 1177 1012 quos
1196 977 1223 1004 in
1249 977 1402 1005 libertatem
1428 977 1617 1005 restituerunt.
1641 977 1708 1006 Plus
1731 986 1811 1013 quam

1022 1022 1121 1054 10,000
1135 1030 1284 1059 puerorum
1300 1027 1327 1051 et
1339 1024 1491 1058 puellarum
1517 1024 1690 1052 abduxerunt
1704 1030 1733 1052 et
1748 1034 1813 1060 prie-

1020 1068 1062 1096 da:
1077 1073 1313 1104 tantum,quanto
1332 1068 1445 1097 ferendo
1473 1077 1554 1105 pares
1576 1074 1665 1102 erant,
1691 1077 1814 1105 asporta-

1022 1118 1096 1141 runt.
1112 1114 1192 1148 Quod
1220 1114 1357 1150 reliquum
1375 1122 1445 1149 erat,
1459 1117 1683 1146 combusserunt.
1699 1118 1812 1146 Iuvene-

1021 1157 1168 1185 runtlacus
1183 1158 1243 1186 oleo
1257 1159 1390 1186 olivarum
1402 1160 1508 1194 plenos,
1523 1168 1593 1196 quos
1603 1169 1675 1196 aqua
1684 1163 1815 1197 implet-ev

1020 1207 1095 1236 runt,
1123 1207 1155 1232 ut
1179 1205 1270 1232 oleum
1290 1213 1373 1234 omne
1403 1211 1597 1242 supernataret
1621 1213 1650 1235 et
1671 1208 1773 1236 deinde
1787 1208 1813 1236 in

1022 1253 1122 1277 terram
1138 1249 1255 1279 eﬁ‘usum
1266 1257 1501 1287 corrumperetur.
1512 1252 1626 1289 Templa
1643 1258 1813 1287 everterunt,

1021 1295 1120 1329 quibus
1136 1295 1310 1325 destruendis
1322 1298 1442 1326 Romani
1461 1306 1561 1327 novem
1579 1300 1639 1327 dies
1649 1300 1814 1335 absumpse-

1023 1346 1097 1368 runt.
1112 1339 1181 1368 Cum
1193 1340 1220 1368 in
1235 1348 1268 1369 eo
1289 1347 1393 1374 essent,
1409 1349 1439 1371 ut
1451 1343 1569 1375 abirent.
1584 1345 1694 1372 obstitit
1708 1345 1814 1373 sororis

1022 1385 1095 1413 illius
1108 1386 1183 1421 regis
1194 1386 1323 1421 Romani,
1340 1388 1522 1424 Nicephorum
1539 1390 1567 1417 in
1576 1390 1677 1418 bellum
1688 1396 1814 1423 secutus,

1026 1438 1036 1455 α
1053 1429 1111 1458 Non
1124 1429 1301 1464 discedimus,
1321 1440 1331 1457 ι
1348 1432 1485 1467 inquiens,
1500 1442 1510 1459 ι
1529 1433 1616 1461 donec
1640 1441 1734 1461 arcem
1749 1441 1815 1469 ape-

1023 1477 1170 1505 rueritnus.
1186 1486 1196 1502 ι
1212 1477 1392 1512 Nicephorus,
1405 1479 1453 1513 qui
1470 1479 1610 1507 adversari
1626 1487 1683 1507 non
1699 1486 1815 1515 posset:

1025 1531 1035 1547 ι
1053 1522 1093 1549 En
1113 1532 1122 1548 ι
1139 1523 1239 1555 aiebat,
1259 1533 1269 1549 r
1285 1531 1333 1551 arx
1349 1528 1411 1552 ante
1424 1528 1452 1552 te
1478 1529 1537 1559 est;
1550 1525 1607 1557 abi,
1623 1531 1654 1553 ut
1678 1527 1788 1561 capias.
1805 1536 1814 1553 ι

1023 1567 1073 1595 Hic
1081 1568 1152 1604 regis
1161 1569 1264 1596 sororis
1274 1569 1344 1597 ﬁlius
1353 1570 1396 1597 vix
1406 1571 1570 1606 arcisportte
1579 1572 1818 1606 appropinquare-

1023 1618 1076 1646 rat,
1084 1621 1146 1641 cum
1157 1614 1222 1650 quia
1231 1614 1301 1650 lapis
1307 1622 1340 1642 ex
1352 1622 1479 1650 apertura
1491 1623 1573 1651 super
1582 1617 1653 1644 arcis
1661 1622 1743 1651 porta
1752 1626 1818 1646 con-

1021 1664 1065 1687 tra
1077 1661 1315 1696 illum,projectus
1334 1663 1405 1697 apud
1419 1669 1482 1690 eum
1505 1662 1643 1690 deciderat
1653 1670 1755 1692 aversa
1776 1665 1817 1692 fa-

1022 1706 1064 1735 cie
1071 1706 1149 1742 fugit.
1159 1706 1228 1734 Tum
1235 1712 1329 1743 aperta
1336 1713 1413 1743 porta
1422 1708 1564 1737 Dailamita
1572 1709 1695 1744 quidam,
1703 1712 1818 1738 nomine

1023 1752 1139 1785 Bascha,
1161 1752 1310 1788 fugientem
1330 1759 1452 1787 secutus,
1466 1755 1573 1783 hastam
1593 1755 1664 1783 inter
1683 1756 1817 1784 humeros

1023 1798 1082 1833 ejus
1100 1799 1137 1825 ita
1153 1799 1253 1833 adegit,
1270 1803 1300 1826 ut
1313 1807 1362 1834 per
1381 1804 1476 1835 pectus
1495 1800 1593 1833 exiret,
1607 1805 1635 1828 et
1661 1800 1715 1827 hoc
1734 1801 1818 1828 modo
1845 1833 1849 1835 _

1023 1844 1172 1871 interemit.
1198 1843 1309 1873 Reversl
1321 1845 1382 1880 ejus
1407 1845 1477 1873 socii
1493 1846 1610 1874 cadaver
1626 1846 1659 1874 ad
1675 1845 1818 1882 Nicepho-

1024 1893 1085 1916 rum
1115 1889 1277 1922 retulerunt,
1311 1891 1358 1926 qui
1387 1897 1503 1919 mortem
1536 1891 1584 1919 ﬁlii
1611 1892 1715 1920 sororis
1743 1893 1816 1928 regis

1023 1936 1132 1963 ulturus
1149 1936 1218 1964 i200
1229 1937 1376 1971 Arabibus,
1391 1938 1437 1973 qui
1457 1937 1538 1965 vincti
1550 1938 1621 1972 apud
1636 1945 1699 1966 eum
1717 1944 1818 1967 custo-

1024 1983 1180 2018 diebantur,
1202 1985 1291 2020 capita
1313 1984 1438 2012 abscindi
1464 1983 1565 2019 jussit;
1594 1991 1650 2018 quo
1684 1983 1762 2011 tacto
1789 1984 1815 2011 in

1024 2035 1125 2058 terram
1138 2032 1323 2059 Romanorum
1347 2031 1437 2059 rediit.
1450 2030 1478 2058 In
1494 2031 1563 2058 vicis
1581 2030 1675 2057 Halebi
1698 2033 1817 2057 omnino

1025 2077 1090 2105 nihil
1118 2079 1251 2112 corrupit,
1262 2079 1318 2105 imo
1333 2081 1455 2113 agrestes
1482 2077 1519 2104 ita
1536 2076 1705 2104 commonuit
1720 2085 1728 2103 :
1753 2087 1763 2103 ι
1778 2076 1819 2104 Na

1024 2128 1131 2153 cessate
1139 2123 1173 2151 ab
1183 2122 1396 2158 agricolatione;
1410 2130 1473 2150 nam
1487 2127 1580 2150 nostra
1592 2127 1633 2150 est
1647 2123 1705 2150 haec
1716 2126 1796 2149 terra
1808 2131 1816 2155 ;

1024 2170 1101 2199 brevi
1125 2170 1159 2197 ad
1179 2177 1228 2197 vos
1252 2168 1413 2198 redibimus.
1430 2177 1439 2195 ι
1458 2188 1465 2195 .
1482 2168 1540 2196 Hoc
1563 2173 1685 2204 tempore
1711 2169 1819 2196 iterum

184 2222 291 2245 nerent.
308 2217 446 2245 Excuntes
458 2217 526 2244 adeo
540 2224 570 2244 se
593 2222 829 2252 compresserunt,
843 2222 874 2245 ut
892 2218 970 2247 multi
984 2213 1012 2244 D
1026 2216 1099 2244 mille
1107 2215 1211 2251 pedites
1226 2214 1349 2247 Armeni,
1363 2214 1391 2242 in
1416 2222 1511 2249 agrum
1525 2214 1693 2242 Edessenum
1711 2214 1820 2242 irrum-

184 2272 290 2296 corum,
302 2264 369 2297 viri,
380 2262 509 2290 mulieres
516 2266 542 2290 et
557 2263 635 2290 liberi
644 2270 675 2290 ea
684 2263 887 2298 compressione
900 2264 972 2299 peri-

185 2313 256 2338 rent.
273 2309 350 2337 Multi
361 2310 388 2337 in
401 2309 445 2338 via
458 2309 558 2338 mortui
566 2312 640 2337 sunt.
656 2307 709 2342 Qui
723 2312 814 2336 autem
827 2316 971 2338 remanse-

185 2359 259 2388 runt,
274 2361 407 2389 quorsum
426 2352 578 2385 tenderent,
600 2352 773 2387 ignorabant.
800 2350 973 2386 Nicephoms

186 2400 317 2435 templum
330 2398 427 2427 evertit
438 2402 466 2426 et
475 2398 542 2426 duos
562 2398 638 2425 urbis
658 2404 751 2425 muros
765 2404 816 2425 nec
831 2405 885 2424 non
897 2397 974 2424 aulas

186 2446 332 2474 destruxit.
348 2445 460 2473 Duobus
473 2448 501 2472 et
511 2443 606 2479 viginti
624 2442 729 2476 diebus,
744 2442 844 2478 quibus
859 2443 887 2470 in
908 2442 975 2470 Cili-

188 2494 230 2522 cia
252 2497 438 2521 commoratus
457 2490 709 2525 erat,Nicepborus
741 2489 776 2517 55
798 2496 876 2517 arces
890 2489 973 2525 cepit,

186 2539 286 2575 partim
308 2539 345 2571 vi,
359 2538 459 2574 partim
472 2537 619 2564 deditione.
635 2536 701 2564 Cum
718 2543 752 2563 ex
765 2542 827 2564 arce
843 2535 973 2571 quadam,

188 2591 270 2620 quam
285 2583 389 2612 domini
404 2582 463 2618 ejus
473 2581 525 2609 ﬁde
534 2585 644 2616 accepta
658 2580 836 2614 tradiderant,
848 2580 975 2608 mulieres

188 2630 291 2658 Arabes
315 2628 521 2666 egrederentur,
544 2631 572 2655 et
599 2627 628 2654 in
650 2626 700 2654 has
726 2626 836 2654 Armeni
863 2625 974 2661 quidam

189 2676 335 2709 irruerent,
368 2674 459 2703 mariti
497 2681 592 2702 earum
629 2673 688 2700 zelo
717 2673 846 2705 correpti,
869 2671 976 2707 gladios

189 2721 370 2748 strinxerunt.
402 2719 573 2755 Nicephorus
608 2718 754 2750 Arabibus,
785 2718 832 2752 qui
871 2717 976 2751 gladios

190 2767 367 2799 strinxerant,
382 2765 480 2796 iratus,
494 2764 548 2793 400
562 2764 637 2792 viros
662 2767 690 2791 et
716 2763 844 2790 mulieres
874 2761 976 2789 multas

191 2811 300 2838 occidit.
319 2811 388 2844 Quia
409 2810 544 2845 jejunium
567 2808 802 2845 quadragesimaic
833 2807 976 2843 appropin-

192 2862 332 2892 qnaverat,
359 2856 528 2891 Nicephorus
550 2863 612 2882 cum
638 2855 694 2882 suis
718 2854 870 2882 Caesaream
896 2853 973 2886 abiit,

839 2963 919 3035 ‘l

1024 2268 1130 2299 pentes,
1145 2261 1214 2289 1000
1224 2269 1298 2293 oves,
1315 2260 1367 2288 500
1387 2265 1480 2287 tauros
1504 2265 1531 2287 et
1558 2260 1592 2287 10
1614 2260 1686 2287 viros
1708 2260 1820 2288 Arabes

1024 2309 1207 2336 abduxerunt.
1222 2306 1304 2334 llisee
1320 2306 1490 2341 temporibus
1521 2313 1583 2333 cum
1608 2306 1724 2333 Romani
1747 2307 1820 2334 Ara-

1024 2354 1106 2382 bibus
1134 2353 1310 2387 praevalerent
1341 2357 1368 2380 et
1382 2352 1534 2387 diripienda
1554 2352 1646 2379 omnia
1662 2359 1753 2387 usque
1783 2351 1819 2379 ad

1024 2399 1184 2427 Armeniam
1222 2398 1354 2433 majorem
1397 2397 1596 2432 pervenissent,
1624 2397 1818 2424 Armenorutn

1025 2445 1074 2478 illi,
1093 2444 1139 2480 qui
1168 2448 1252 2475 metu,
1266 2450 1301 2470 ne
1333 2442 1368 2470 ab
1395 2442 1541 2474 Arabibus,
1565 2446 1711 2477 propterea
1742 2442 1819 2476 quod

1026 2489 1176 2518 Christiani
1189 2493 1291 2522 essent,
1310 2493 1484 2520 vexarentur,
1500 2487 1674 2523 autugerant,
1691 2487 1719 2514 in
1746 2488 1821 2515 ﬁnes

1025 2536 1213 2564 Romanorum
1245 2541 1275 2562 se
1311 2534 1493 2562 contulerunt.
1527 2532 1643 2560 Romani
1681 2532 1821 2560 dederunt

1026 2582 1080 2609 illis
1094 2580 1246 2608 Sebastiam
1258 2579 1285 2606 in
1299 2578 1484 2613 Cappadocia,
1496 2577 1581 2609 unde,
1601 2584 1664 2604 cum
1680 2584 1820 2603 numerus

1026 2633 1122 2654 eorum
1152 2625 1230 2652 valde
1245 2628 1341 2651 auctus
1366 2627 1449 2656 esset,
1467 2622 1612 2653 miserunt,
1627 2620 1674 2656 qui
1702 2621 1820 2648 arcibus

1026 2673 1062 2701 ab
1076 2671 1211 2700 Arabibus
1238 2670 1325 2704 captis
1354 2669 1481 2704 praesidio
1510 2672 1612 2696 essent.
1628 2667 1659 2695 in
1685 2668 1822 2695 omnibus

1026 2717 1244 2753 expeditionibus
1261 2716 1288 2742 hi
1299 2723 1407 2750 quoque
1419 2715 1530 2742 Armeni
1547 2715 1651 2748 pedites
1674 2721 1736 2741 cum
1758 2713 1821 2742 Ro-

1027 2761 1118 2788 manis
1140 2762 1278 2791 exierunt,
1301 2767 1433 2795 prospere
1452 2759 1615 2794 plerumque
1642 2759 1817 2794 praeliantes.

1027 2806 1209 2841 Nicephorum
1235 2806 1417 2834 domesticum
1434 2813 1496 2833 cum
1518 2804 1705 2833 Romanorum
1724 2805 1820 2839 copiis

1028 2854 1062 2882 ab
1082 2853 1183 2881 llalebo
1197 2860 1349 2887 reversum,
1362 2860 1424 2880 cum
1439 2851 1614 2880 Simandoam
1632 2851 1818 2886 pervenisset,
