1913 3068
164 100 236 134 1M3

536 101 585 131 DE
603 99 821 132 NICEPHORO
840 99 963 130 PHOCA
980 99 1026 130 ET
1045 99 1192 131 IOANNE
1207 99 1396 131 TZIMISCE-

1722 96 1791 130 10M

164 156 264 184 nuntio
278 155 313 183 de
327 158 415 182 morte
431 154 502 189 regis
517 154 610 186 allato,
626 161 721 182 omnes
737 154 787 181 viri
813 153 949 188 principes
966 157 988 184 Λ
1004 153 1101 188 priscis
1116 154 1176 188 ejus
1190 153 1307 185 civibus,
1317 150 1417 180 reversi
1428 155 1501 184 sunt,
1511 157 1628 186 quorum
1635 150 1793 186 aliquibap-

164 210 229 230 cum
261 201 517 238 Schumusehchigo
553 204 676 231 unanimi
706 211 842 232 consensu
878 210 952 230 anno

164 248 323 276 Graecorum
339 247 409 276 1275
431 250 677 284 pronuntiaverunt
697 257 786 285 regem
800 254 827 277 et
844 255 952 276 servum

165 293 228 328 ejus
240 294 521 330 Schumuschchigum
536 296 723 324 domesticum.
736 295 792 323 Hoc
805 295 839 322 ad
854 294 953 322 bellum

166 349 231 368 cum
255 341 392 368 Arabibus
413 342 560 376 gerendum
574 342 699 374 dimisso.
720 342 778 376 ipse
802 340 956 368 Constanti-

167 386 290 420 nopolim
307 386 447 420 ingressus
464 387 491 413 in
505 394 588 422 regno
601 386 779 414 conﬁrmatus
795 390 847 413 est.
868 385 957 413 Schu-

168 432 332 467 muschchig
365 431 560 467 Mopsuestiam
593 440 642 468 per
667 433 682 459 7
716 432 774 460 dies
799 431 908 459 obsedit
930 435 958 458 et

168 476 295 512 quamvis
311 476 372 511 plus
387 484 471 512 quam
485 478 626 512 sexaginta
643 478 711 506 locis
732 485 844 505 murum
864 477 957 512 perio-

168 523 382 558 disset,iugredi
410 527 501 550 tamen
531 531 586 551 nou
608 524 707 558 potuit.
734 520 830 558 itaque
862 529 959 557 agrum

168 569 232 604 ejus
250 573 276 595 et
286 576 367 602 agros
382 569 483 596 Adaate
499 573 526 596 et
549 568 628 596 Tarsi
643 568 774 596 incendit.
792 568 960 602 ilopsueste-

169 615 215 642 nis
241 614 310 642 5000
335 615 455 641 virorum
487 614 575 642 Tarso
605 615 708 642 auxilio
744 617 888 645 venerunt,
912 613 960 640 sed

171 660 292 688 Romani
316 660 425 688 obviam
454 659 519 688 facti
533 667 582 688 eos
603 667 699 688 omnes
711 659 960 693 occiderunt-,quo

169 706 256 738 facto,
271 706 366 734 relicta
390 707 468 738 urbe,
482 706 678 734 discesserunt.
691 706 720 733 in
745 705 842 733 Cilicia
863 712 961 740 magna

171 751 258 780 {ames
267 755 326 779 orta
333 755 385 784 est,
392 759 475 785 quam
487 752 523 779 ob
530 759 586 778 rem
600 751 726 786 permulti
739 750 842 779 Arabes
851 750 964 778 Damas-

171 803 237 824 cum
256 795 447 831 confugerunt.
464 796 552 824 Etiam
566 797 672 829 llulebi,
692 797 808 824 mirante
816 800 845 824 et
856 796 964 824 Edessa!

1004 200 1078 227 tizati
1087 204 1113 227 et
1121 199 1268 227 Christiani
1281 198 1344 226 facti
1359 202 1433 231 sunt,
1447 197 1543 232 aliqui,
1560 205 1687 232 quorum
1700 201 1790 225 tamen

1005 246 1082 274 liberi
1097 253 1192 274 omnes
1200 244 1416 280 baptizabantur.
1433 244 1460 271 in
1479 244 1530 272 [ide
1541 251 1589 271 sua
1605 244 1793 280 perstiterunt.

1040 292 1119 319 Anno
1135 296 1197 327 post
1219 299 1268 318 rex
1290 290 1457 324 Nicephorus
1477 289 1602 317 Amidam
1627 289 1735 318 obsedit
1755 294 1794 324 et,

1006 345 1069 366 cum
1079 345 1178 372 capere
1191 336 1327 372 nequiret,
1336 336 1509 363 Antiochiam
1523 336 1625 364 multos
1639 337 1696 364 dies
1707 343 1795 371 oppu-

1007 385 1108 420 gnavit,
1124 385 1171 412 sed
1186 384 1311 411 similiter
1327 390 1425 418 capere
1444 390 1503 410 non.
1515 383 1621 418 potuit;
1637 383 1728 419 itaque
1752 383 1796 410 in-

1007 431 1101 458 censis
1109 431 1176 458 vicis
1195 430 1336 464 hortisque
1350 429 1448 456 vicinis
1462 428 1538 456 abiit.

1044 477 1125 504 Anno
1148 475 1305 504 Graecorum
1332 475 1411 508 1279,
1422 474 1543 502 Arabum
1566 474 1629 506 557,
1644 474 1797 503 Chorasani

1010 522 1135 550 nonnulli
1170 529 1232 549 cum
1266 520 1337 548 5000
1362 520 1481 548 Arabum
1510 520 1742 548 Antiochenorum
1769 520 1805 547 iur

1010 569 1208 604 Cappadociam
1226 568 1396 603 irruperunt,
1413 567 1460 595 sed
1475 565 1578 599 40.000
1601 566 1801 599 Romanorum.

1011 616 1058 651 qui
1073 618 1259 647 occurrerant,
1270 613 1421 648 permultos
1430 612 1652 640 Chorasanorum
1665 616 1692 640 et
1703 611 1801 639 Antio-

1012 663 1163 690 chenorum
1180 665 1238 688 tum
1256 659 1464 692 interfecerunt,
1476 663 1534 686 tum
1556 659 1663 686 vinctos
1679 658 1802 685 abduxe-

1013 712 1088 735 runt.
1097 707 1201 735 Arabes
1216 706 1379 734 Antiocheni
1394 705 1578 741 patriarcham
1593 703 1803 732 Chalcedonen-

1014 755 1084 782 sium
1098 753 1256 781 occiderunt
1267 757 1295 780 et
1312 752 1443 780 ecclesias
1459 751 1611 779 Antiochiae
1630 750 1731 778 multas
1757 757 1804 777 va-

1015 803 1135 828 starunt.
1155 799 1272 827 Romani
1292 798 1426 834 Sarugum
1439 796 1554 833 profecti
1567 796 1620 824 500
1645 796 1749 824 Arabes
1777 799 1805 824 et

172 841 266 876 gravis
279 841 364 869 fames
381 840 441 869 fuit.
454 842 534 869 Anno
546 847 606 877 post
615 842 787 870 Domesticos
795 841 965 870 iterumCili-
981 839 1001 867 Β
1016 846 1118 874 mulus
1132 845 1249 881 pecudes
1263 845 1445 872 abduxerunt.

173 887 246 914 ciam
264 887 402 922 ingressus
424 887 618 923 Mopsuestiam
644 888 811 923 oppugnavit
833 894 882 922 per
908 891 966 915 tres

174 942 295 965 menses,
311 933 357 961 sed
366 941 522 968 expugnare
537 941 591 961 non
599 934 696 968 potuit;
707 934 796 968 itaque
804 940 865 961 eum
877 933 967 960 morbi

173 981 358 1016 etpestilentia
372 981 464 1016 copias
470 980 638 1011 infestarent,
647 980 748 1008 tributo
755 980 882 1015 imposito
891 980 966 1008 abiit.

212 1028 292 1052 Anno
311 1025 467 1053 Graacorum
495 1024 575 1057 1276,
589 1025 709 1052 Arabum
738 1024 801 1057 554,
824 1032 886 1051 cum
920 1031 966 1051 rex

176 1071 349 1106 Nicephorus
364 1070 600 1105 Constantinopoli
612 1070 766 1098 Caesaream
789 1070 968 1106 Cappadocia

176 1118 270 1144 sedem
308 1115 503 1148 transtulisset,
528 1115 677 1144 Tarsenses
708 1121 736 1144 et
769 1115 966 1151 Mopsuesteni,

179 1164 266 1191 misso
282 1162 316 1190 ad
343 1170 405 1189 eum
424 1163 523 1197 legato,
544 1162 709 1190 deditionem
735 1162 906 1197 pollicentes.
923 1169 967 1190 re-

179 1216 241 1242 gem
252 1208 287 1235 ab
301 1216 333 1236 eo
344 1208 527 1241 expetierunt.
542 1207 695 1243 Respondit
707 1207 770 1235 ille:
789 1216 799 1233 ι
816 1207 895 1235 Nunc
919 1208 968 1235 de-

179 1261 256 1281 mum
280 1261 342 1281 cum
365 1254 398 1281 de
413 1261 506 1289 regum
525 1259 678 1282 veslrorum
693 1253 796 1281 auxilio
821 1253 968 1288 desperan-

181 1303 225 1327 tes
239 1307 338 1326 cauum
353 1300 532 1327 cadaveribus
548 1299 605 1334 jam
622 1299 763 1327 vescimiui
779 1303 807 1326 et
815 1299 969 1334 pestilentia

181 1353 231 1372 vos
246 1346 378 1378 absumit,
393 1345 459 1372 mihi
475 1353 523 1373 vos
542 1346 696 1380 subjicietis
714 1346 780 1380 (tam
795 1345 842 1373 diu
860 1345 968 1382 nempe)

180 1391 271 1419 donec
285 1391 357 1418 vires
387 1391 623 1426 recuperaveritis,
637 1395 668 1418 ut
689 1391 822 1418 rebellare
844 1391 967 1425 possitis.

185 1437 293 1465 Vobisa
313 1445 355 1465 me
383 1438 421 1465 nil
448 1438 501 1465 nisi
523 1438 631 1473 gladius
657 1437 857 1472 exspectandus
886 1443 938 1465 est.
955 1446 967 1464 ι

1054 892 1110 920 Hoc
1124 899 1207 924 anno,
1219 897 1281 918 orto
1305 893 1376 918 Inter
1390 889 1575 922 Chorasanos,
1585 889 1632 924 qui
1650 887 1804 916 Antiochia:

1017 941 1096 966 erant
1119 942 1147 966 et
1170 938 1274 965 Arabes
1291 935 1475 964 Antiochenos
1496 934 1747 968 dissidio,Romani
1771 942 1806 962 ex

1018 984 1130 1019 regione
1159 983 1329 1010 Antiochena
1357 981 1392 1009 i2
1417 981 1557 1008 hominum
1583 981 1763 1013 millia,viros
1779 985 1808 1008 et

1017 1030 1158 1062 mulieres,
1187 1036 1287 1065 pueros
1321 1028 1493 1063 puellasque,
1517 1027 1697 1056 abduxerunt.
1726 1027 1811 1054 Anno

1018 1081 1089 1113 post,
1102 1076 1120 1103 i.
1130 1084 1155 1103 e.
1177 1075 1246 1103 1280
1271 1074 1440 1106 Graecorum,
1461 1073 1575 1102 Romani
1610 1073 1807 1108 Caphartulam

1018 1120 1133 1157 proiecti
1146 1120 1198 1148 800
1214 1120 1339 1148 homines
1354 1127 1416 1147 cum
1440 1119 1524 1146 multa
1542 1118 1632 1154 praeda
1649 1118 1808 1152 abegerunt.

1018 1167 1087 1195 Cum
1104 1166 1254 1194 Hamadam
1271 1165 1472 1194 habitatoribus
1496 1171 1610 1192 vacuam
1629 1163 1809 1196 invenissent,

1020 1213 1082 1248 igne
1100 1213 1178 1241 tectis
1197 1212 1332 1246 subjecto,
1342 1212 1481 1239 abierunt.

1055 1257 1143 1285 Paulo
1160 1261 1222 1292 post
1238 1255 1422 1291 Nicephorus,
1435 1254 1623 1282 Romanorum
1641 1261 1700 1288 rex,
1713 1253 1810 1281 Antio-

1018 1302 1108 1331 chiam
1124 1302 1231 1330 obsedit
1243 1305 1271 1329 et
1284 1301 1346 1328 inde
1360 1300 1482 1335 Tripolin
1499 1301 1628 1334 perrexit,
1650 1299 1695 1326 ubi
1716 1299 1808 1327 omnia

1019 1347 1133 1376 nidiﬁcia
1150 1352 1228 1375 extra
1249 1354 1358 1374 murum
1377 1346 1430 1373 sita
1450 1345 1612 1373 combussit.
1635 1345 1700 1372 inde
1719 1343 1810 1379 profe-

1018 1399 1082 1423 ctus
1097 1401 1189 1421 arcem
1212 1392 1293 1420 Gaza:
1311 1392 1380 1420 bene
1400 1391 1533 1418 munitam
1551 1391 1624 1425 cepit
1640 1394 1667 1417 et
1683 1397 1811 1425 magnam

1020 1447 1197 1468 nummorum
1212 1439 1266 1466 vim
1284 1445 1318 1466 ex
1330 1445 1362 1466 ea
1378 1437 1488 1473 egessit.
1499 1436 1600 1464 Deinde
1616 1436 1685 1463 inter
1708 1435 1810 1463 Hama-

181 1483 293 1511 Litteris
307 1491 402 1511 eorum
416 1491 499 1518 super
517 1483 596 1519 legati
611 1483 700 1517 capite
712 1483 749 1510 ita
762 1483 926 1516 combustis,
939 1487 969 1511 ut
983 1508 1004 1519 η
1023 1486 1086 1515 dam
1105 1490 1132 1514 et
1148 1485 1280 1513 Halebum
1296 1483 1430 1516 consedit,
1451 1483 1496 1510 ubi
1511 1483 1581 1510 duos
1597 1489 1705 1510 menses
1727 1488 1812 1509 com—

183 1529 267 1563 bujus
280 1537 389 1564 quoque
406 1530 490 1557 barba
510 1530 729 1562 combureretur,
747 1530 864 1566 legatum
878 1530 969 1566 eiecit.

182 1575 252 1603 Tum
272 1576 341 1603 lania
363 1581 405 1603 est
426 1576 550 1611 quotidie
570 1576 623 1604 500
645 1580 818 1604 mortuorum
842 1577 928 1605 lectos
955 1584 972 1605 e

183 1622 272 1649 Tarso
299 1621 386 1649 elatos
413 1629 485 1649 esse.
514 1622 571 1649 Rex
600 1621 771 1657 Nicephorus
806 1627 971 1658 congregato

181 1667 304 1695 exercitu
327 1667 518 1701 Mopsuestiam
552 1667 660 1695 obsedit
699 1673 725 1695 et
760 1673 902 1702 postquam
927 1675 972 1696 ce-

182 1715 223 1748 pit
243 1713 288 1740 die
320 1713 442 1744 Saturni,
466 1712 510 1740 die
543 1712 578 1740 15
606 1713 710 1741 mensis
739 1713 894 1741 lisdschabi
921 1714 973 1742 hu-

179 1759 228 1794 jus
261 1759 346 1790 anni,
368 1766 494 1793 magnam
522 1759 622 1786 eadem
649 1759 676 1786 in
709 1767 742 1787 ea
773 1759 869 1787 edidit.
902 1759 973 1787 Cum

183 1804 307 1837 200,000
324 1805 457 1838 virorum,
469 1804 616 1832 mulierum
631 1809 659 1832 et
673 1804 822 1832 liberorum
838 1804 929 1832 vincta
945 1804 973 1831 in

183 1856 287 1879 terram
311 1851 498 1878 Romanorum
524 1851 656 1882 misisset,
678 1850 714 1878 ad
740 1849 856 1878 Tarsum
885 1857 975 1885 oppu-

185 1897 322 1930 gnandam
347 1896 485 1931 proiectus
499 1900 550 1923 est.
567 1895 652 1930 Cujus
665 1895 740 1923 cives
761 1903 823 1923 cum
839 1896 975 1931 supplices

185 1941 404 1970 incolumitatem
419 1941 455 1969 ab
470 1949 503 1969 eo
518 1945 653 1976 peterent,
666 1941 824 1975 pollicentes
838 1948 868 1968 se
883 1946 975 1976 portas

185 1994 343 2023 aperturos,
360 1987 489 2015 misenus
503 1994 598 2015 eorum
621 1987 758 2022 promisit,
774 1995 804 2015 se
822 1987 904 2015 vitam
921 1987 975 2015 illis

186 2041 308 2068 opesque
329 2037 511 2061 servaturum.
532 2032 676 2067 ingressus
706 2033 800 2060 urbem
836 2032 976 2068 principes

187 2079 293 2107 Arabes
311 2080 424 2107 multum
441 2079 596 2112 honoravit,
609 2086 712 2106 mensae
730 2078 856 2106 adhibuit
873 2082 902 2105 et
913 2077 975 2112 jus-

187 2133 247 2158 sos,
263 2125 394 2160 quidquid
413 2133 494 2160 opum
507 2130 627 2160 possent,
645 2131 737 2152 secum
750 2124 867 2157 auferre,
879 2123 976 2151 Antio-

1023 1537 1146 1560 moratus
1162 1535 1215 1560 est.
1227 1530 1380 1566 Captivanti
1394 1534 1422 1557 et
1434 1529 1571 1564 diripienti
1585 1536 1667 1556 nemo
1679 1533 1748 1562 erat,
1763 1529 1811 1564 qui

1021 1582 1187 1606 occurreret.
1201 1576 1361 1607 Puerorum.
1376 1575 1592 1610 puellarumque,
1601 1574 1647 1610 qui
1662 1574 1732 1609 apud
1747 1582 1810 1602 eum

1021 1623 1106 1650 vincti
1128 1626 1216 1655 erant,
1233 1621 1352 1654 l00,000
1377 1625 1518 1648 numerata
1539 1625 1618 1654 sunt;
1643 1620 1714 1648 inter
1741 1628 1811 1655 quos

1023 1677 1078 1697 non
1106 1673 1165 1696 erat
1181 1668 1222 1695 vir
1242 1675 1324 1695 senex
1356 1671 1404 1694 aut
1426 1674 1509 1694 senex
1535 1665 1652 1696 femina:
1667 1673 1729 1694 nam
1761 1667 1812 1694 hos

1023 1714 1122 1750 partim
1142 1714 1252 1746 occidit,
1261 1713 1478 1748 partinliberos
1500 1712 1613 1740 dimisit.
1627 1711 1686 1740 Nisi
1710 1716 1812 1740 morta-

1023 1761 1085 1788 litas
1102 1759 1242 1787 Romanas
1256 1759 1412 1792 invasisset,
1424 1759 1508 1786 etiam
1524 1758 1661 1786 iialebum.
1671 1763 1699 1787 et
1713 1758 1810 1786 Antio-

1024 1806 1113 1835 chiam
1129 1806 1255 1840 cepisset.
1266 1804 1480 1839 Hierosolymam
1495 1811 1605 1840 quoque
1626 1804 1723 1832 faciem
1746 1812 1813 1832 con-

1024 1855 1154 1884 verterat,
1170 1858 1302 1885 quorsum
1328 1855 1429 1883 tamen,
1450 1850 1513 1885 quia
1535 1850 1635 1878 milites
1656 1850 1716 1885 ejus
1739 1850 1812 1878 caede

1025 1902 1131 1934 patrata
1157 1896 1297 1932 defatigati
1320 1899 1347 1924 et
1373 1896 1467 1931 praeda
1481 1903 1579 1931 magna
1605 1897 1698 1923 onusti
1723 1900 1813 1929 erant,

1025 1944 1102 1972 abire
1117 1951 1170 1972 non
1187 1944 1286 1978 potuit.

1060 1990 1143 2017 Anno
1157 1989 1235 2021 1280,
1249 1989 1295 2024 qui
1322 1993 1364 2017 est
1389 1989 1509 2017 Arabum
1533 1988 1597 2022 359',
1611 1989 1726 2017 Romani
1749 1996 1820 2017 eunt

1025 2035 1190 2065 Christianis
1204 2035 1274 2062 arcis
1288 2034 1368 2062 Luca:
1379 2041 1463 2070 prope
1478 2034 1652 2062 Antiochiam
1675 2035 1734 2062 sitae
1747 2041 1814 2062 con-

1027 2083 1178 2118 spirarunt,
1188 2080 1370 2114 convenitque
1393 2080 1464 2108 inter
1478 2087 1536 2111 eos.
1554 2083 1584 2107 ut
1598 2079 1626 2107 hi
1641 2079 1814 2106 Antiochiam

1025 2128 1243 2163 ingrederentur,
1261 2133 1344 2162 seque
1369 2129 1443 2153 metu
1462 2125 1650 2153 Romanorum
1675 2125 1815 2159 aufugisse

187 2173 280 2200 chiam
313 2172 395 2205 misit,
408 2172 480 2200 facta
506 2171 588 2199 etiam
609 2175 751 2206 potestate,
765 2175 793 2198 ut
819 2167 976 2206 quicunque
992 2180 1016 2210 ι)
1030 2173 1218 2209 signiﬁcarent
1244 2177 1336 2207 atque,
1351 2172 1440 2200 donec
1463 2171 1602 2200 exercitus
1627 2171 1815 2199 Romanorum

188 2227 245 2248 non
261 2218 446 2250 Antiochiam,
464 2217 511 2246 sed
539 2217 565 2245 in
586 2217 654 2244 alias
679 2217 800 2244 Arabum
830 2216 914 2244 urbes
936 2217 976 2244 ire

189 2266 292 2297 mallet,
327 2271 491 2300 quocunque
526 2265 618 2295 vellet,
642 2264 739 2291 abiret.
771 2263 850 2292 Dedit
866 2270 977 2298 quoque

189 2311 319 2339 custodes
338 2315 395 2338 tres
417 2309 557 2345 patricios,
574 2309 622 2345 qui
646 2309 681 2337 ab
699 2309 777 2337 ouum.
801 2316 849 2337 eos
871 2309 975 2344 injuria

188 2357 378 2385 defenderem.
402 2356 531 2384 Armeais
561 2356 737 2390 quibusdam,
761 2356 809 2391 qui
837 2355 979 2384 nonnullis

188 2403 330 2430 Arabibus
345 2409 445 2430 manus
471 2402 630 2434 intulerant,
643 2409 742 2429 manus
769 2408 906 2436 nasusque
917 2409 978 2429 am—

191 2448 308 2484 putavit,
332 2454 474 2482 postquam
502 2447 617 2474 multum
646 2446 761 2482 ﬂagellis
790 2447 854 2475 caesi
875 2451 978 2475 essent.

192 2494 310 2530 Legatos
336 2495 363 2521 in
380 2501 474 2521 omnes
492 2494 550 2521 vias
573 2501 636 2520 cum
660 2493 714 2521 illis
733 2493 808 2521 misit
828 2500 855 2521 et
869 2501 979 2521 omnem

192 2540 267 2567 dedit
280 2547 400 2574 operam,
417 2544 447 2566 ut
459 2539 528 2566 bona
541 2546 602 2566 cum
616 2546 681 2574 pace
702 2539 736 2566 ad
754 2539 868 2571 Arabes,
890 2539 980 2567 socios

194 2593 272 2618 suos,
303 2585 485 2620 pervenirent.
511 2584 656 2619 Templum
683 2583 818 2612 Tarsense
847 2592 980 2620 equorum

193 2632 332 2660 stabulum
344 2631 418 2658 fecit.
434 2631 521 2658 Tarso
543 2631 684 2665 patricium
699 2638 761 2658 eum
776 2630 846 2658 5000
859 2631 980 2665 equitum

195 2678 325 2713 imposuit
338 2677 507 2712 praesidium.
524 2677 611 2704 Etiam
639 2676 761 2704 “assiste
782 2676 864 2703 alium
894 2676 982 2711 patri-

194 2726 268 2753 cium
296 2723 414 2759 reliquit.
443 2723 581 2750 Restituta
610 2722 713 2749 Tarsus
743 2722 858 2749 multum
886 2721 983 2750 ﬂorere

195 2771 289 2805 cmpit.
307 2769 394 2796 Tanta
407 2772 465 2796 erat
483 2769 511 2796 in
523 2776 554 2796 ea
570 2775 687 2796 annonae
709 2768 887 2800 abundantia,
903 2772 933 2795 ut
951 2768 982 2795 Η

194 2816 274 2851 panis
287 2815 354 2843 limo
364 2822 416 2843 una
426 2821 493 2842 zuza
509 2815 700 2842 venderentur.
713 2812 786 2841 Multi
794 2820 825 2841 ex
835 2812 985 2847 Arabibus,

1028 2220 1144 2251 veniret,
1158 2219 1194 2247 ibi
1214 2222 1399 2251 remanerent,
1409 2218 1506 2246 deinde
1521 2218 1554 2245 ad
1576 2218 1671 2245 urbem
1692 2218 1816 2254 aperien-

1028 2265 1091 2293 dam
1108 2272 1206 2292 manus
1233 2264 1397 2292 intrinsecus
1425 2263 1587 2298 praeberent.
1599 2263 1677 2297 Quod
1701 2272 1763 2291 cum
1789 2264 1816 2291 hi

1028 2311 1294 2344 fecissent,duorum
1314 2310 1450 2338 mensium
1473 2310 1617 2338 intervallo
1640 2310 1724 2338 frater
1745 2311 1816 2344 regis

1028 2355 1175 2391 Nicephori
1196 2363 1258 2383 cum
1280 2355 1380 2387 £0,000
1396 2355 1580 2383 Romanorum
1595 2363 1703 2383 murum
1718 2355 1816 2383 Antio-

1029 2403 1099 2430 chiaa
1115 2402 1242 2429 cinxit-let
1262 2406 1320 2429 tum
1337 2401 1502 2430 habitatores
1523 2403 1596 2429 arcis
1615 2401 1694 2429 Lucae
1712 2410 1726 2429 a
1742 2408 1817 2437 parte

1030 2448 1132 2476 montis
1157 2447 1295 2483 adjutores
1317 2447 1435 2480 fuerunt,
1447 2451 1476 2475 ut
1501 2446 1617 2475 Romani
1645 2448 1816 2476 Antiochiam

1031 2494 1176 2521 introirent
1188 2497 1216 2521 et
1229 2497 1368 2528 caperent.
1381 2492 1476 2528 Magna
1493 2493 1530 2521 ibi
1550 2493 1622 2520 uade
1646 2493 1726 2525 facta,
1739 2501 1818 2528 sepa-

1031 2543 1127 2566 rarunt
1143 2539 1215 2566 viros
1238 2538 1408 2573 feminasque
1429 2546 1514 2566 senes
1525 2546 1587 2566 cum
1605 2539 1693 2573 parvis
1715 2544 1818 2567 statura

1031 2591 1143 2620 eosque,
1159 2592 1320 2619 quocunque
1335 2585 1442 2618 vellent,
1457 2585 1596 2612 discedere
1609 2585 1761 2620 jusserunt.
1772 2586 1818 2614 Vi-

1032 2638 1126 2659 rorum
1146 2637 1210 2657 vero
1234 2631 1451 2665 feminarumque
1470 2631 1601 2666 juvenum
1622 2635 1649 2659 et
1669 2639 1817 2666 puerorum

1031 2677 1093 2712 plus
1107 2684 1190 2712 quam
1207 2676 1306 2709 10,000
1319 2677 1345 2703 in
1361 2682 1446 2704 Ierras
1465 2677 1651 2705 Romanorum
1673 2678 1817 2706 miserunt.

1033 2723 1163 2750 llalebum
1181 2723 1262 2750 etiam
1281 2721 1376 2755 10,000
1389 2719 1510 2758 equitum
1528 2731 1590 2750 cum
1604 2724 1753 2756 misissent,
1765 2723 1818 2751 Ha-

1032 2768 1156 2796 lcbeuses
1167 2769 1363 2803 promiserunt,
1371 2777 1400 2796 se
1411 2769 1558 2804 quotannis
1570 2768 1702 2798 Romanis
1713 2775 1819 2798 certum

1033 2813 1170 2848 quoddam
1181 2814 1312 2842 tributum
1326 2814 1462 2843 soluturos
1475 2822 1546 2850 esse,
1558 2815 1584 2842 iu
1597 2815 1675 2851 cujus
1685 2815 1723 2843 rei
1737 2815 1819 2842 [idem

992 2981 1057 3041 τ
