1913 3068
129 100 197 131 1015

602 101 800 132 EXCEIlPTA
819 103 869 132 EX
890 102 1085 132 HISTORIIS
1105 102 1263 134 ARABUM

1679 101 1752 134 1016

127 158 180 186 800
202 158 311 186 obsides
334 158 476 186 dederunt.
495 158 534 185 Eo
556 164 678 194 tempore
703 160 818 187 mullum
841 159 912 186 bello
926 162 948 189 Α
963 159 1096 187 Adierunt
1115 160 1196 187 etiam
1221 160 1354 187 nobilium
1377 159 1486 195 quidam
1508 160 1629 187 Emiram
1653 159 1747 186 ιιιού-

129 203 258 232 inclaruit
273 205 420 238 imperator
443 203 624 239 Nicephorus,
637 205 682 240 qui
698 213 794 233 omnes
810 205 912 233 Ciliciae

127 250 219 283 urbes,
238 250 410 278 Antiochiam
425 255 452 278 et
469 250 574 285 Syriam
597 251 624 277 in
650 256 811 285 potestatem
832 258 910 279 suam

126 296 237 329 redegit,
248 303 328 330 quam
344 295 378 323 ob
390 303 445 323 rem
467 303 563 323 omnes
582 297 703 323 Arabum
726 302 818 330 gentes
837 301 910 324 metu

126 342 256 376 perculsa:
283 347 356 369 sunt.
375 341 468 376 Itaque
484 343 575 370 animo
601 343 689 370 elatus
711 343 910 378 imperatriccm

119 386 340 422 .Tltcopltaniam,
361 387 533 422 imperatoris
558 387 675 416 Romani
701 397 824 422 uxorem,
840 391 911 417 invi-

124 439 179 460 tam
195 438 295 467 tatnen,
307 434 358 462 sibi
375 433 534 468 conjunxit;
552 441 639 468 neque
660 435 711 462 hac
722 443 752 463 re
768 440 911 465 contentus

119 479 194 516 ‘duos
210 479 292 514 hujus
308 479 389 512 IIIIOS,
402 479 532 507 Basilium
545 484 572 507 et
583 480 793 508 Constantinum
806 486 911 509 castra-

125 533 155 553 re
176 525 271 557 voluit,
281 529 311 552 ut
326 532 420 552 corum
439 525 569 560 progenie
583 526 742 561 exstirpata,
755 534 787 554 ex
805 535 834 554 se
852 532 912 555 tan-

118 576 182 609 ‘tutn
200 571 273 606 regia
289 571 381 605 proles
403 570 595 598 deduceretur.
609 571 784 606 Theophanis
808 577 909 607 autem,

125 617 235 651 cognito
249 617 309 651 ejus
326 617 452 647 consilio.
471 617 505 644 de
525 617 586 644 Iiliis
601 618 658 645 suis
675 618 822 646 admodum
837 620 912 647 solli-

124 662 180 689 cita
201 661 379 689 domesticum
399 660 821 697 Sehumuschchigum,quocum
843 671 912 690 con-

124 707 287 742 spiraverat,
300 707 479 736 muliebribus
493 707 618 736 indutum
635 709 758 736 vestibus
771 717 833 736 cum
849 709 912 744 qui-

124 754 240 782 busdam
260 754 321 781 aliis
342 753 471 788 injuriam
487 754 575 789 passis
587 755 614 781 in
628 754 719 790 palatii
731 756 815 782 tndem
830 759 912 783 noctu

124 800 276 828 nativitatis
304 799 458 828 Servatoris
494 800 643 828 introduxit
671 805 698 829 et
727 802 910 836 Nicephorum

124 847 268 874 certiorem
284 846 394 880 fecit,se
409 847 503 882 stirpis
518 855 575 875 sua:
589 847 706 876 feminas
722 849 855 883 quasdam
877 849 910 877 ad

124 900 155 921 se
173 893 200 920 in
217 893 361 920 ecclesiam
381 900 505 926 vocasse,
533 898 563 920 ut
585 901 680 921 earum
698 901 790 922 secum
811 902 911 929 perno-

123 939 257 966 ctantium
273 939 409 973 colloquio
423 943 552 966 uteretur.
566 939 623 967 Hac
638 941 745 968 ratione
757 948 838 976 quam
853 942 910 976 pri-

123 992 198 1011 mum
235 984 428 1019 imperatorem
459 991 557 1013 somno
591 990 733 1021 gravatum
766 987 910 1020 sentiebat,

124 1029 395 1064 Schumuschchigus
412 1035 439 1058 et
458 1031 503 1066 qui
520 1039 580 1058 eum
605 1039 638 1059 eo
659 1033 859 1064 erant,inducti
883 1034 910 1061 in

125 1076 194 1103 lecto
209 1083 270 1102 eum
287 1076 456 1110 occiderunt,
470 1084 632 1112 eorumque,
644 1078 690 1113 qtti
711 1078 804 1113 palatii
818 1084 911 1114 portas

123 1121 324 1154 custodiebant,
345 1121 407 1156 plus
431 1130 514 1156 quam
545 1123 580 1149 70
609 1123 817 1152 interfecerunt.
835 1124 911 1153 Hanc

123 1166 206 1194 caedis
222 1166 368 1202 Nicephori
382 1175 492 1196 causam
509 1168 537 1196 in
554 1169 631 1197 libris
653 1175 779 1198 accurate
801 1171 910 1206 scriptis

123 1212 295 1246 invenimus;
319 1221 351 1241 ea
381 1219 482 1247 autem,
505 1222 586 1249 quam
611 1215 707 1244 beatus
722 1215 909 1245 Mar-Michael

123 1263 252 1293 tauquam
269 1259 305 1287 ab
329 1258 432 1295 lgnatio
455 1260 623 1288 Melitenensi
647 1267 786 1297 acceptam
815 1262 908 1296 refert,

122 1305 243 1332 occisum
257 1312 318 1333 esse
333 1305 393 1333 ideo
414 1307 486 1341 quod
504 1307 529 1333 in
553 1307 681 1343 conjugio
700 1316 796 1343 parum
822 1309 909 1337 ﬁdelis

120 1351 229 1384 fuisset,
245 1352 357 1380 minime
377 1353 433 1380 veri
459 1353 557 1380 similis
580 1359 632 1386 est,
648 1355 722 1389 quia,
743 1362 776 1382 eo
806 1356 908 1388 occiso,

122 1405 210 1432 neque
224 1405 286 1425 cum
302 1397 566 1434 Schumuscheltigo,
579 1400 626 1434 qni
650 1405 711 1435 post
725 1400 909 1436 Nicephorum

122 1442 256 1475 regnavit,
269 1450 358 1477 neque
372 1450 434 1470 cum
450 1443 505 1471 alio
516 1438 654 1479 quoquam
671 1453 727 1472 rem
744 1446 848 1474 habuit.

158 1488 236 1515 Anno
252 1488 304 1515 360
323 1489 454 1522 Arabum,
467 1495 610 1525 propterea
625 1492 698 1526 quod
715 1492 816 1520 inventi
831 1497 910 1520 erant

123 1534 178 1562 duo
207 1534 313 1562 Arabes
340 1539 422 1562 nnctu
459 1535 486 1562 in
521 1536 621 1570 templo
643 1537 721 1572 juxta
753 1537 908 1566 coenobium

124 1579 263 1607 Michaelis
276 1579 500 1608 Nestoriauorum
517 1580 720 1609 Mozalanorum
738 1582 792 1610 situ
813 1583 908 1615 occisi,

123 1626 294 1654 Christianos
308 1626 464 1655 Mozalanos
479 1627 677 1662 Abn-Thagleb
688 1627 761 1656 filius
774 1627 911 1657 Nalerob—

121 1672 211 1700 daulte
226 1672 341 1705 120,000
354 1681 484 1700 zuzarum
502 1673 653 1701 mulctavit.

158 1718 237 1744 Anno
254 1718 307 1745 562
320 1718 440 1746 Arabum
459 1718 627 1747 domesticus
641 1727 703 1747 cum
722 1720 909 1749 Romanorum

123 1764 246 1791 exercitu
275 1763 381 1791 Nisibin
407 1764 544 1798 profectus
572 1773 700 1800 magnam
724 1772 844 1800 stragem
871 1767 909 1795 ibi

122 1809 209 1837 edidit
235 1815 263 1837 et
279 1817 327 1844 per
352 1810 388 1837 22
412 1810 471 1838 dies
503 1811 571 1838 nihil
598 1811 671 1839 aliud
696 1813 763 1848 egit,
781 1821 863 1848 quam
880 1818 910 1841 ut

122 1855 282 1889 eaptivaret,
304 1854 434 1890 diriperet
454 1860 481 1882 et
507 1855 646 1890 regionem
664 1861 793 1885 vastaret.
812 1857 909 1886 Postea

123 1909 185 1928 cuin
199 1900 324 1929 Amidam
353 1901 484 1934 tenderet,
514 1901 596 1936 hujus
617 1903 693 1930 urbis
715 1903 771 1931 dux
793 1904 909 1932 militum

123 1947 280 1982 impetravit
302 1955 317 1975 a
334 1947 444 1975 Mozalzc
472 1947 609 1983 praefecto,
638 1949 863 1983 AbuoTltaglebo.
880 1956 910 1978 ut

121 2001 237 2029 magnas
252 1994 344 2028 copias
361 2002 422 2021 cutn
448 1994 529 2021 fratre
551 2002 601 2022 suo
619 1995 748 2023 mitteret.
771 1995 910 2024 Romanos

122 2040 211 2067 adorti
238 2039 357 2068 virtores
393 2040 498 2068 Arabes
526 2040 638 2068 fuerunt
666 2046 693 2067 et
727 2041 906 2069 domesticum

123 2090 231 2120 captum
244 2087 431 2120 vinctumque.
442 2086 573 2113 Romanis
584 2085 762 2120 fugientibus,
773 2086 903 2114 Mozalam

123 2131 266 2159 miserunt.
288 2131 528 2166 Abn-Thaglehus,
553 2139 608 2167 quo
634 2140 755 2160 amorem
773 2141 835 2161 cum
852 2132 908 2161 Ro-

963 205 1083 237 daulam,
1113 204 1189 232 cura
1219 209 1386 238 versantem,
1420 205 1679 240 sollicitaruntque,
1719 209 1751 232 ut

963 256 1058 279 contra
1075 250 1213 278 Romanos
1233 251 1334 278 milites
1353 251 1483 278 mitteret.
1675 256 1680 262 ‘

997 297 1077 323 Anno
1091 297 1211 324 Arabum
1224 296 1289 328 564,
1300 296 1458 323 Graecorum
1470 296 1549 328 1286,
1559 295 1748 323 Romanorum

962 342 1111 376 imperator
1119 341 1195 374 lvan,
1209 343 1279 369 idem
1291 342 1336 370 ille
1347 342 1626 376 Schumuscltchigus,
1641 341 1748 377 Syriam

964 388 1115 422 ingressus,
1142 387 1292 415 Hamadam
1317 393 1345 415 et
1368 387 1514 415 Balbeeum
1537 388 1610 422 cepit
1635 392 1663 415 et
1686 395 1748 415 cum

964 432 1127 461 Damascum
1147 433 1318 468 profecturus
1330 439 1413 466 esset,
1427 433 1627 466 Bar-Zaecnth,
1650 433 1749 460 nobilis

962 479 1051 507 Arabs
1067 479 1163 515 Syrus,
1180 480 1282 514 scripta
1297 480 1331 506 ad
1348 479 1471 507 Damasci
1488 479 1659 515 praefectum,
1675 479 1749 507 Pha-

963 530 1088 560 tganum,
1116 525 1242 561 epistola,
1271 526 1419 554 consilium
1450 526 1476 553 ei
1499 525 1585 558 dedit,
1616 533 1662 557 ne,
1685 533 1748 553 cum

962 571 1126 600 imbecillior
1162 577 1244 606 esset,
1283 573 1470 601 Romanorum
1505 574 1561 608 regi
1590 574 1748 601 obsisteret.

962 618 1160 653 Obtemperans
1176 618 1222 646 ille
1240 619 1304 646 huic
1330 619 1449 646 consilio
1475 619 1633 653 imperatori
1657 618 1749 646 Schu-

963 664 1141 699 muscltchigo
1152 665 1334 692 obedientiam
1351 670 1378 692 et
1388 664 1506 697 500,000
1521 672 1651 692 xuzarum
1663 665 1752 692 tribu-

963 714 1020 737 tum
1050 709 1187 745 promisit,
1212 717 1268 746 quo
1292 711 1450 745 imperator,
1474 709 1750 743 Scbumuschchigus

962 759 1109 783 contentus
1136 755 1198 783 fuit.
1233 755 1303 783 Huic
1340 755 1473 783 Damasco
1515 756 1748 790 appropinquanti

963 801 1120 836 Phatganus
1134 801 1242 828 obviam
1257 800 1346 828 factus
1361 808 1432 836 equo
1447 800 1585 828 descendit
1600 805 1626 827 et
1649 806 1750 827 terram

965 847 1113 882 aliquoties
1132 847 1274 875 osculatus
1295 851 1347 875 est.
1367 847 1457 875 Laetus
1475 847 1525 874 hac
1549 855 1578 874 re
1602 847 1754 881 imperator

962 901 1062 929 equum
1081 894 1264 921 conscendere
1276 901 1340 920 eum
1363 893 1446 928 jussit
1467 893 1639 927 multumque
1662 893 1753 920 hono-

963 940 1043 968 ravit.
1067 939 1164 967 Jussus
1188 939 1295 972 deinde,
1316 944 1347 966 ut
1371 946 1463 966 coram
1492 946 1525 966 eo
1541 938 1701 966 decurreret
1727 943 1754 965 et

963 985 1066 1012 militiae
1082 985 1221 1019 specimen
1238 985 1337 1017 ederet,
1350 992 1412 1012 cum
1430 985 1609 1015 decurrisset,
1631 984 1752 1017 impera-

963 1032 1030 1059 toris
1046 1030 1125 1058 laude
1139 1035 1230 1058 motus
1245 1031 1341 1058 iterum
1355 1038 1425 1064 equo
1441 1031 1580 1058 descendit
1596 1035 1753 1064 terramque

961 1076 1102 1104 osculatus
1115 1082 1166 1104 est.
1188 1075 1365 1111 Imperatoris
1378 1076 1457 1110 jussu
1472 1083 1573 1110 equum
1588 1075 1752 1103 conscendit

960 1126 1064 1150 etcum
1080 1122 1125 1149 ille
1150 1121 1233 1150 unius
1258 1126 1362 1149 tantum
1388 1122 1453 1148 anni
1471 1121 1602 1149 tributum
1627 1121 1753 1156 exigeret

960 1168 1051 1196 denuo
1080 1167 1231 1200 descendit,
1249 1172 1350 1195 terram
1377 1167 1571 1195 osculaturus.‘
1586 1166 1750 1202 Imperatori

960 1221 1073 1249 equum,
1085 1220 1140 1248 quo
1152 1217 1248 1240 vectus
1260 1212 1430 1244 decurrerat,
1446 1212 1565 1248 gladium
1591 1217 1618 1239 et
1643 1213 1751 1239 hastam

959 1260 1110 1295 posmlanti
1125 1267 1179 1286 non
1192 1260 1249 1287 lnec
1265 1263 1381 1292 tantum,
1392 1259 1441 1286 sed
1453 1259 1615 1286 vestimenta
1631 1265 1752 1292 quoque,

961 1312 1082 1335 aromata
1095 1311 1122 1335 et
1135 1308 1229 1335 decem
1241 1314 1329 1342 equos
1346 1314 1408 1334 cum
1423 1306 1517 1333 multis
1533 1306 1619 1332 hastis
1631 1305 1733 1331 obtulit
1745 1313 1753 1337 ;

960 1354 1008 1381 sed
1023 1353 1171 1388 imperator
1186 1353 1268 1381 istum
1283 1357 1387 1380 tantum
1401 1360 1501 1387 equum
1513 1357 1541 1379 et
1552 1351 1630 1378 istam
1643 1355 1751 1377 tantum

960 1399 1068 1428 hastam
1083 1399 1197 1434 accepit,
1209 1399 1323 1434 reliquis
1338 1399 1463 1431 redditis,
1475 1398 1669 1426 benevolentia
1687 1396 1749 1431 ejus

962 1451 1124 1474 contentus:
1139 1445 1195 1472 imo
1209 1445 1331 1473 amicivit
1342 1445 1512 1480 Phatganum
1536 1442 1686 1478 splendidis
1707 1449 1753 1468 ve-

923 1503 947 1536 c
963 1493 1053 1521 stibus
1060 1497 1087 1520 et
1093 1496 1223 1528 praeterea
1231 1491 1359 1526 operibus
1372 1498 1440 1518 auro
1450 1489 1619 1536 fabrefactis,
1628 1488 1751 1516 vestibus

963 1543 1078 1574 argento
1094 1537 1173 1566 tectis
1187 1543 1215 1565 et
1232 1537 1314 1564 mulis
1325 1536 1446 1564 donavit.
1458 1535 1523 1563 [nde
1537 1535 1668 1562 Sidonem
1684 1540 1750 1568 pro-

962 1584 1052 1612 fectus
1066 1587 1118 1616 est,
1130 1583 1210 1618 cujus
1233 1583 1308 1610 cives
1329 1582 1436 1609 obviam
1453 1580 1556 1616 egressi
1575 1587 1604 1607 se
1626 1579 1753 1613 subjece-

962 1634 1028 1658 runt
1045 1629 1116 1657 dona
1132 1629 1288 1662 offerentes,
1301 1633 1467 1664 quapropter
1492 1627 1526 1653 iis
1550 1626 1652 1653 relictis
1669 1625 1753 1660 Bery-

963 1680 1010 1703 ton
1026 1674 1113 1707 duxit,
1124 1682 1206 1709 quam
1220 1675 1245 1701 vi
1259 1673 1367 1709 aperuit
1389 1678 1417 1700 et
1439 1672 1563 1707 diripuit.
1577 1671 1642 1698 Inde
1660 1671 1753 1699 Gaba-

962 1719 1016 1747 lam
1031 1719 1105 1746 venit
1115 1723 1143 1746 et
1155 1719 1219 1754 quia
1237 1718 1298 1753 ejus
1321 1717 1418 1745 incolae
1433 1716 1605 1748 resistebant,
1621 1716 1646 1742 vi
1668 1715 1752 1742 etiam

962 1765 1139 1800 expugnavit.
1158 1764 1268 1799 Direpta
1291 1771 1323 1791 ea
1346 1763 1452 1791 Tarson
1479 1762 1618 1798 profectus
1638 1766 1690 1792 est,
1705 1761 1753 1788 ubi

962 1810 1146 1846 imperatricis
1159 1809 1342 1844 The0phaniae
1359 1808 1443 1836 frater
1461 1815 1597 1836 venenum
1612 1807 1636 1834 ei
1655 1811 1754 1841 potan-

961 1857 1024 1885 dutn
1038 1856 1164 1892 praebuit,
1173 1859 1338 1891 quapropter
1354 1855 1381 1881 in
1395 1861 1504 1890 gravem
1530 1854 1658 1880 morbum
1684 1853 1754 1880 inci-

961 1903 1002 1930 dit
1019 1907 1047 1930 et
1062 1903 1089 1930 in
1101 1903 1196 1929 urbem
1209 1902 1310 1937 regiam
1326 1908 1452 1928 reversus
1465 1904 1589 1928 mortuus
1599 1903 1653 1931 est,
1673 1903 1754 1934 post-

962 1956 1044 1984 quam
1073 1954 1192 1983 quatuor
1213 1954 1302 1974 annos
1334 1948 1506 1981 regnaverat.
1521 1943 1572 1972 Hic
1598 1945 1625 1970 in
1644 1944 1752 1978 agendo

962 1999 1103 2026 strenuus,
1118 2000 1234 2028 corpore
1247 1992 1366 2025 validus,
1383 1991 1476 2019 animo
1497 1990 1585 2023 fortis,
1598 1990 1670 2017 bello
1686 1989 1752 2016 felix

962 2040 1136 2068 erat.Statim
1149 2046 1164 2066 a
1178 2039 1253 2074 regni
1267 2038 1345 2066 initio
1358 2045 1422 2072 erga
1436 2044 1532 2064 omnes
1543 2035 1751 2071 magnanimum

962 2094 991 2114 se
1024 2085 1148 2121 praebuit,
1169 2085 1349 2120 captivosque
1379 2083 1494 2110 dimisit.
1513 2082 1753 2116 Constantinopoli

962 2139 1089 2166 magnam
1106 2130 1247 2159 ecclesiam
1261 2129 1414 2162 aedificavit,
1427 2129 1525 2156 multas
1535 2129 1615 2155 urbes
1637 2128 1755 2155 multas-

124 2177 213 2204 manis
226 2177 410 2208 eonfitmarct,
441 2178 638 2212 benignissime
658 2179 755 2206 habuit
779 2179 909 2207 domesti-
924 2173 948 2202 Ι)
963 2186 1016 2214 que
1030 2179 1154 2214 regiones
1169 2178 1285 2213 subegit.
1298 2177 1436 2204 Mortuum
1451 2175 1587 2211 principes
1602 2179 1630 2202 et
1659 2175 1752 2209 plebes

122 2230 196 2253 cum,
212 2222 258 2256 qui
279 2226 368 2250 tamen
385 2223 476 2249 cancri
491 2223 585 2250 morbo
602 2223 638 2250 ibi
653 2224 731 2252 obiit.

159 2266 215 2294 lluc
242 2275 315 2294 anno
343 2267 460 2302 populus
485 2267 710 2302 Bagdalenensis,
739 2269 785 2304 qui
807 2270 907 2300 multos

121 2313 267 2341 Nisibenos
282 2314 308 2340 in
321 2314 506 2348 captivitatem
524 2315 664 2347 incidisse,
686 2317 788 2344 multos
801 2318 908 2346 occisos

122 2369 183 2388 esse
215 2360 373 2391 audivisset,
410 2359 445 2387 ad
484 2360 550 2386 iram
584 2361 739 2388 concitatus
777 2370 907 2397 maguum

122 2408 256 2436 adversus
284 2405 418 2434 Cltalifatn
458 2404 590 2439 Metium,
622 2406 742 2434 ludibrio
771 2407 905 2442 habitum,

123 2453 271 2480 tumultum
301 2451 440 2482 excitavit,
464 2450 539 2486 quod
565 2457 614 2484 pro
635 2450 770 2479 Arabibus
801 2457 907 2480 certare

123 2499 221 2532 nollet,
238 2498 307 2526 etin
329 2497 388 2532 ejus
412 2497 501 2524 aulam
523 2497 681 2532 amicosque
706 2498 759 2525 tela
777 2497 904 2533 conjecit.

963 2226 1063 2253 mirum
1078 2225 1105 2252 in
1127 2225 1238 2252 modum
1257 2224 1396 2252 luxerunt.
1408 2222 1472 2250 Post
1493 2229 1556 2249 eutn
1573 2220 1751 2256 imperatoris

963 2270 1079 2299 Romani
1090 2270 1149 2302 ﬁlii.
1160 2270 1277 2298 Basilius
1295 2274 1322 2298 et
1335 2268 1542 2301 Constantinus,
1554 2275 1602 2302 per
1617 2267 1652 2293 35
1664 2273 1752 2293 annos

962 2318 1108 2353 imperium
1122 2317 1300 2345 obtinuerunt
1314 2323 1380 2344 vero
1393 2323 1485 2343 amore
1499 2323 1529 2343 se
1545 2314 1660 2341 invicem
1675 2321 1752 2340 com-

959 2363 1041 2398 plexi.
1064 2362 1192 2396 Basilius,
1203 2362 1268 2397 quia
1293 2361 1447 2389 bellicosior
1477 2364 1548 2392 erat,
1567 2358 1750 2386 Constantino

959 2407 1044 2435 fratre
1057 2407 1084 2435 in
1101 2407 1170 2436 urbe
1187 2408 1262 2444 regia
1276 2407 1384 2440 relicto,
1396 2405 1528 2435 continuo
1538 2412 1599 2434 cum
1613 2404 1748 2432 Arabibus

958 2453 1028 2482 bella
1039 2453 1134 2489 gessit.
