1913 3068
205 121 274 155 1019

677 117 873 148 EXCERPTA
892 117 944 148 EX
962 117 1160 148 HIS’l‘ORlIS
1179 117 1338 147 ARABUM

1757 115 1827 148 i020

242 178 342 206 Eodem
361 175 491 203 liberabat
501 173 674 202 Seifeddaula
691 181 770 201 suum
783 173 900 204 aliiuem,
917 173 990 200 Abu-
1005 177 1028 203 Α
1043 174 1069 199 in
1085 173 1214 201 sacellum
1227 172 1346 208 aliquod.
1359 171 1503 207 Nicephori
1518 170 1645 200 cubiculo
1657 172 1828 206 proximum,

205 225 336 252 Ferasum
353 220 564 252 llamdanidam,
582 227 597 247 e
616 219 744 252 vinculis,
770 219 842 245 facta
867 219 991 252 captivo.

205 277 266 298 rum
293 267 502 304 permutatione,
524 274 572 301 per
587 272 668 300 quam
688 264 880 292 Muslemorum
896 264 991 299 ingens

207 313 354 342 multitudo
367 313 520 341 libertatem
538 310 720 346 recuperavit.

523 358 541 385 l.
558 358 576 384 ι.
593 365 621 392 p.
637 357 700 384 505.

242 406 348 432 Interea
364 405 428 431 dum
449 401 654 435 Mesopotamiae
677 400 780 428 domini
803 399 915 427 httnc'tn
935 406 993 426 mo-

206 451 271 478 dum
288 450 425 478 intestinis
445 449 523 476 bellis
538 447 589 482 ipsi
606 454 665 473 sese
680 446 810 478 lacerant,
825 445 868 472 via
884 445 993 479 patebat

207 496 338 524 Romanis
361 503 409 530 per
424 494 529 529 Syriam
557 499 643 527 usque
667 491 701 518 ad
728 490 861 526 Tripolin.
894 489 994 517 Arcem

206 541 295 569 Erach
308 539 482 574 expugnabat
497 545 591 565 eorum
615 537 773 572 imperator.
788 536 851 562 Inde
867 535 994 562 tendebat

209 587 361 617 Emessam,
376 592 458 619 quam
490 583 588 611 incolis
613 590 726 610 vacuam
754 581 881 609 facillime
897 585 995 608 nactus

211 631 391 667 (advenientis
420 635 523 657 terrore
538 629 654 664 patriam
670 628 868 662 deseruerant),
887 626 994 661 injectis

209 677 319 710 ignibus
341 675 522 712 pervastabat.
548 675 589 702 Ab
604 682 636 701 ea
652 673 813 702 excursione
830 673 934 700 redibat
959 671 993 699 ad

209 728 326 750 tractum
338 723 515 753 maritimum,
526 729 606 755 quem
622 720 726 754 rapinis
737 724 762 746 ct
775 718 995 754 populationibus

210 769 360 799 desolabnt,
376 774 402 795 et
415 767 567 795 octodecim
586 770 732 800 suggestus
755 766 780 800 (e
795 765 905 792 totidem
923 763 994 791 fanis

210 814 372 849 majoribus)
395 813 529 849 ejiciebat.
550 811 699 846 Postquam
713 811 766 838 duo
793 817 900 837 menses
915 810 993 835 incu-

210 861 315 888 buisset
328 860 424 895 Syriae.
441 858 534 886 abibat
549 859 661 885 domum
679 856 768 892 praeda
790 855 881 890 gravis
903 859 930 882 et
945 862 993 882 ca-

207 905 290 940 ptivis
302 912 415 931 numero
431 903 502 931 haud
518 903 597 930 facile
612 901 835 936 complectendis.

245 950 326 978 Anno
343 948 468 977 CCCLlX
482 949 540 985 (qui
552 948 597 976 die
608 948 641 975 l5
657 947 726 975 Nov.
748 948 780 974 A.
794 947 860 974 Chr.
873 946 924 974 969
936 952 995 972 coe-

211 996 261 1031 pii)
273 1003 369 1024 rursus
382 995 546 1023 invadebant
558 994 674 1022 Romani
685 993 803 1029 Syriam,
812 997 839 1020 et
851 992 996 1020 Antiochia

211 1042 345 1069 violenter
364 1046 519 1077 expugnata
534 1041 708 1075 aedibusque
722 1043 749 1066 et
772 1038 874 1073 rapinis
897 1045 995 1073 perva-

211 1092 293 1119 stata,
307 1087 439 1115 Halehum
455 1087 596 1122 petebant,
620 1093 702 1121 quam
721 1085 845 1112 Corubeh
872 1084 910 1118 (5)
932 1088 997 1110 tttnc

211 1133 332 1163 tenebat.
350 1132 529 1160 Seifeddaulac
546 1132 725 1167 mancipium,
744 1130 803 1157 heri
821 1129 889 1162 lilio,
901 1129 996 1156 Abu‘l-

211 1177 310 1205 Manlio
329 1177 454 1205 Scltarifo
468 1181 616 1209 extortam,
644 1180 674 1204 ut
702 1174 783 1202 modo
799 1174 928 1202 diximus.
948 1173 997 1201 Hic

213 1224 242 1251 in
257 1231 347 1251 arcem
365 1232 394 1251 se
407 1226 557 1258 receperat,
574 1223 642 1250 urbe
660 1221 733 1249 hosti
754 1221 900 1257 permissa.
917 1219 994 1247 Obsi-

209 1268 292 1296 dione
310 1269 343 1296 ad
359 1269 488 1303 temporis
500 1268 609 1303 aliquod
620 1267 743 1299 tolerata,
761 1272 854 1301 pactus
870 1265 996 1293 Corubeh

210 1319 315 1342 certum
330 1323 450 1342 anttuum
467 1315 597 1342 tributum
616 1321 665 1349 pro
681 1313 781 1341 llalebo
793 1317 820 1341 et
833 1320 898 1348 agro
912 1313 996 1345 circa,

211 1359 352 1388 Romanos
369 1360 517 1393 avertebat,
533 1360 650 1395 sumptis
668 1367 760 1387 secum
778 1359 919 1387 obsidibus
950 1358 998 1385 ab-

211 1412 320 1434 euntes.
335 1406 373 1434 Ita
384 1407 461 1434 locus
476 1406 564 1434 fartus
581 1405 720 1433 Muslemis
730 1405 762 1432 ad
774 1404 902 1440 pristinas
918 1403 997 1432 sedes

211 1452 423 1479 revertentibus.
450 1451 524 1479 Juris
547 1451 707 1478 llalebeusis
731 1455 820 1477 autem
839 1454 896 1476 tum
920 1453 998 1476 erant

213 1498 254 1524 ha:
272 1503 406 1532 praeturae,
430 1496 556 1529 llamata,
570 1497 693 1529 Emessa,
703 1495 867 1528 Cafar-Tab,
881 1494 996 1527 Mam-ra,

210 1543 341 1578 Apamea,
357 1542 488 1570 Schaizar
502 1547 528 1570 et
543 1543 585 1570 his
599 1542 738 1575 interiecta
753 1542 823 1569 inca.

247 1589 276 1616 In
290 1589 416 1616 Armenia
429 1596 539 1624 quoque
560 1588 647 1616 Graeci
674 1587 870 1615 Malazcardam
897 1585 934 1622 (6)
950 1594 999 1621 op-

210 1635 422 1671 pugnabant.Ut
440 1635 534 1671 paucis
550 1635 727 1670 complectar.
746 1638 819 1661 totus
836 1633 879 1660 ille
894 1637 998 1660 tractus

212 1681 296 1716 Syria
312 1681 475 1712 maritimus,
491 1685 517 1708 ct
529 1680 667 1716 quaacirca
684 1679 852 1714 Euphraten,
868 1678 999 1714 patebant
1032 1693 1043 1696 —

213 1726 370 1753 Graecorum
386 1726 495 1753 libidini
510 1746 517 1760 ,
535 1727 643 1753 nemine
657 1733 745 1760 neque
757 1725 862 1752 hostem
879 1729 998 1757 arcente,

214 1779 301 1807 ucque
314 1776 402 1799 terras
414 1776 515 1805 tuente,
529 1771 665 1806 praesidiis
676 1775 703 1798 et
715 1774 822 1798 rectore
834 1769 961 1796 nudatas.

515 1817 705 1852 [ιμωῑ
957 1820 961 1824 ·

249 1863 321 1891 Deus
336 1868 425 1892 tamen
451 1863 556 1891 afﬂictis
571 1863 712 1891 Muslemis
731 1864 886 1899 praesidium
906 1865 1001 1893 aderat

212 1915 239 1937 et
254 1910 383 1937 liberator
396 1917 411 1937 e
426 1910 508 1937 tantis
519 1910 664 1945 angustiis.
680 1909 727 1936 Ille
738 1911 810 1937 enitn
828 1910 886 1944 ipse
898 1910 1000 1938 Roma-

212 1964 265 1984 ntts
280 1956 439 1991 imperator,
458 1963 539 1991 quem
558 1956 689 1983 hactenus
707 1956 732 1983 in
753 1955 941 1984 Muslemicam
959 1957 1000 1984 di-

212 2003 316 2030 tionem
341 2003 408 2030 adeo
438 2002 593 2031 saevientem
613 2002 743 2036 vidimus,
769 2003 817 2037 qui
842 2011 891 2038 spc
917 2009 999 2038 atque

212 2049 340 2084 cupidine
360 2053 442 2076 totam
458 2048 565 2083 Syriam
576 2048 631 2081 jam
644 2048 833 2081 devoraverat,
845 2048 891 2082 qui
906 2049 1000 2077 orbant

212 2094 320 2121 fidelem
350 2098 453 2121 terrore
484 2093 527 2121 sui
552 2092 745 2127 compleverat,
777 2094 828 2120 hoc
844 2093 902 2128 ipso
928 2102 1000 2122 anno

215 2140 396 2167 muliebribus
406 2139 514 2167 insidiis
526 2138 667 2166 occubuit.
681 2138 750 2166 'Erat
763 2139 807 2166 ille
823 2139 999 2175 Nicephorus,

212 2186 259 2220 qui
273 2185 380 2213 sublato
389 2185 545 2218 decessore}
560 2192 611 2212 suo
644 2192 717 2220 rege,
740 2193 853 2212 uxorem
881 2186 940 2220 ejus
966 2187 993 2213 in
1015 2198 1036 2226 ι)

214 2230 420 2258 matrimonium
435 2231 550 2258 duxerat
568 2231 654 2265 stirpe
666 2235 742 2258 ortus
753 2239 807 2258 non
820 2232 904 2266 regia,
918 2231 1000 2266 idque

214 2278 307 2304 animo
319 2277 450 2311 agitabat,
462 2281 492 2303 ut
507 2277 658 2311 superioris
675 2277 747 2304 tho‘ri
765 2277 915 2304 tnaseulam
932 2285 998 2312 pro-

214 2324 265 2351 lem
281 2328 431 2354 exsecaret,
452 2330 506 2358 quo
522 2330 579 2350 suae
605 2323 707 2358 regiam
729 2323 888 2358 dignitatem
905 2332 1001 2359 perpe-

215 2375 288 2397 tuum
297 2373 443 2396 assereret.
458 2368 511 2397 Sed
524 2369 665 2404 indignum
678 2369 883 2396 etintolerabile
894 2369 1001 2398 facinus

213 2415 346 2443 detestata
369 2418 396 2442 et
417 2414 548 2449 impedire
565 2416 655 2442 nitens
670 2421 817 2449 puerorum
832 2419 921 2442 mater
933 2423 1002 2443 con-

215 2461 336 2496 spirabat
348 2468 410 2488 cum
430 2460 584 2488 Domestica
610 2460 636 2486 in
652 2459 703 2486 viri
718 2460 830 2492 caedem,
852 2465 956 2489 structo
973 2461 1002 2489 in

215 2507 288 2535 hunc
303 2506 413 2534 modum
429 2506 503 2534 dolo.
521 2505 663 2538 Conscios,
683 2504 868 2533 Domesticum
882 2511 948 2541 puta
974 2511 1002 2534 et

213 2553 272 2588 ejus
285 2553 399 2585 nauticos,
417 2551 511 2579 habitu
528 2550 654 2578 muliebri
671 2550 850 2586 deformatos,
867 2552 902 2580 de
918 2557 998 2581 nocte

251 2619 333 2654 (5)1u
346 2618 482 2652 exaerplis
495 2625 527 2645 ex
543 2617 658 2645 historia
674 2616 769 2645 Halebi
786 2617 856 2646 infra
872 2618 1003 2646 exhiben-

215 2655 256 2692 tlis
269 2653 398 2682 scribitur
410 2653 462 2692 hoc
484 2660 583 2692 nomen
597 2653 770 2692 Qargbujah;
786 2654 868 2692 quod,
888 2654 1004 2692 nisifnl—

216 2689 268 2720 lor,
283 2693 355 2716 recte
369 2696 398 2716 se
411 2688 491 2715 habet
502 2696 509 2720 ;
521 2688 632 2715 omissis
640 2689 712 2715 enim
729 2689 835 2723 punctis
843 2690 1002 2723 dincriticis,

215 2725 315 2763 quibus
328 2724 535 2763 distinguuntur
549 2723 645 2763 littera:
660 2722 745 2751 Ghaiu
762 2728 788 2750 et
801 2723 842 2763 Xo
912 2724 967 2763 Ain
977 2722 1004 2752 et

217 2758 373 2820 licﬁdfac'ile
399 2758 536 2793 corrumpi
560 2759 647 2793 potuit
671 2767 770 2786 notnen
799 2760 866 2786 illud
891 2759 918 2786 iu
948 2759 1004 2787 Co—

217 2801 249 2820 ru
297 2803 314 2820 I.
359 2812 366 2820 .

217 2801 485 2864 rugf'llltlazcarda:
501 2830 727 2864 oppugnationem
743 2828 899 2857 Elmaciuus
915 2838 938 2863 ι).
951 2830 1003 2857 230

1044 217 1249 248 introducebat;
1278 221 1306 244 et
1331 222 1448 252 tyranno
1484 216 1650 251 profundum
1684 221 1827 251 stertente,

1044 262 1203 297 foribusque
1213 263 1359 294 obseratis,
1379 263 1437 294 ipsa
1456 269 1571 296 surgens
1591 269 1639 296 per
1654 269 1714 289 eam
1730 266 1827 297 portu-

1043 309 1097 336 lam
1112 308 1310 336 intromittebat
1320 315 1507 343 percussores,
1520 315 1570 342 per
1581 315 1663 342 quant
1673 315 1690 335 e
1699 308 1826 335 cubiculo

1044 346 1135 382 aditus
1157 355 1190 382 ad
1212 353 1341 381 sacellum
1358 353 1477 388 patebat.
1492 352 1586 387 Itaque
1602 360 1749 388 aggressus
1766 353 1828 380 dor-

1044 401 1174 427 mientem
1189 398 1371 434 Nicephorum
1387 399 1529 434 jugulabat
1545 398 1731 432 Domesticus,
1759 398 1831 426 Deus

1044 451 1134 473 autem
1151 445 1212 480 ejus
1223 445 1375 472 ministerio
1388 445 1507 480 quietem
1529 445 1630 480 populo
1645 452 1697 472 suo
1711 453 1727 472 a
1745 445 1828 472 mole-

1044 490 1168 518 stissimo
1182 495 1310 517 vexatore
1323 489 1479 524 praestabat.
1491 490 1660 518 Domesticus
1670 489 1734 517 inde
1744 498 1830 517 unum

1044 543 1077 564 ex
1092 536 1273 570 imperatricis
1291 535 1366 568 ﬁliis,
1382 543 1398 563 e
1416 536 1508 570 priore
1522 536 1712 569 matrinmnio,
1729 540 1758 563 et
1784 544 1828 572 ge-

1044 581 1131 609 nuino
1143 582 1276 616 sanguine
1288 581 1363 616 regio
1376 581 1677 617 creatum.fAug_ustum
1691 590 1828 617 nuncupa-

1045 627 1102 655 bat.
1119 627 1156 655 De
1170 633 1270 655 caetero
1297 627 1468 656 Domesticus
1490 628 1513 655 is
1537 628 1702 662 appellatur,
1720 629 1767 663 qui
1790 636 1830 656 re-

1044 674 1155 709 gionum
1168 673 1378 709 Bylaltlillarllm
1391 674 1432 702 eis
1443 673 1649 709 Hellespontum
1661 675 1689 702 iu
1700 674 1831 702 orientem

1045 723 1231 755 porrectarum
1245 727 1340 747 curam
1361 721 1442 755 gerit.

1344 780 1530 816 LLpﬂL

1007 845 1031 876 Β
1080 838 1159 864 Anno
1174 836 1298 865 CCCLXI
1317 837 1375 873 (qui
1389 838 1434 865 die
1449 838 1486 865 25
1503 838 1563 866 Oct.
1576 838 1608 865 Α.
1624 838 1690 866 Chr.
1708 839 1758 867 9'”
1778 847 1832 868 em-

1046 883 1095 919 pit)
1122 883 1288 911 invadebant
1314 883 1400 911 Graeci
1428 883 1563 919 Djeziram
1588 884 1620 919 (i.
1636 884 1830 920 e.Mesopota-

1046 927 1140 962 iniam)
1154 927 1296 960 Edessam,
1307 927 1468 959 Nisibinam,
1478 928 1652 963 caedibusque
1668 930 1831 963 grassaban-

1047 976 1091 1000 tur
1101 978 1130 999 et
1146 972 1268 1007 rapinis;
1286 977 1382 1000 contra
1408 980 1478 1008 quos
1500 973 1631 1012 auxilium
1656 974 1832 1009 implorantes

1047 1017 1203 1052 Bagdadum
1221 1017 1537 1046 conﬂuebant‘extorres
1553 1018 1689 1047 Muslemi.
1707 1019 1787 1053 Quod
1806 1021 1831 1048 in

1052 1064 1197 1091 tumultum
1220 1064 1326 1098 plebem
1352 1063 1531 1099 Bagdadicam
1558 1066 1727 1093 concitabat.
1744 1065 1832 1094 Perfe-

1047 1114 1147 1136 runtur
1168 1109 1328 1136 miserorum
1354 1110 1532 1145 querimonia:
1559 1110 1592 1138 ad
1626 1110 1828 1145 Boehteiarum,

1048 1155 1165 1189 Bagdadi
1181 1163 1340 1190 supremum
1365 1155 1500 1188 Emirum,
1528 1157 1674 1185 venatione
1690 1162 1752 1186 tum
1769 1163 1832 1186 tem-

1048 1200 1123 1235 poris
1143 1204 1323 1234 occupatum;
1358 1199 1405 1234 qui
1430 1204 1584 1234 promptam
1611 1200 1725 1236 quidem
1760 1209 1832 1236 opem

1048 1247 1179 1279 laturum,
1191 1251 1217 1274 et
1233 1247 1326 1274 hostes
1341 1246 1443 1274 ﬁnibus
1457 1252 1619 1274 exacturum
1639 1249 1832 1283 promittebat;

1049 1293 1164 1328 ideoque
1175 1291 1289 1320 Chalifaz
1301 1293 1473 1321 necessarios
1489 1293 1657 1321 instruendae
1669 1294 1834 1328 expeditioni

1049 1345 1174 1374 sumptus
1184 1339 1305 1374 rogabat,
1316 1339 1464 1366 etinvitum
1474 1340 1643 1374 multumque
1650 1340 1832 1367 obluctantem

1048 1385 1146 1420 opibus
1162 1382 1232 1412 haud
1244 1384 1452 1412 contemnendis
1467 1385 1640 1420 emungebat.
1656 1384 1736 1413 Vana
1750 1390 1834 1412 tamen

1049 1430 1100 1458 ista
1116 1430 1208 1457 omnia
1224 1435 1250 1458 et
1264 1430 1297 1457 ad
1313 1430 1432 1465 speciem
1451 1430 1656 1466 ludibriumque
1673 1432 1833 1467 composita.

1050 1475 1131 1508 Queri
1149 1476 1258 1511 quidem
1273 1476 1373 1504 Metius
1384 1477 1528 1511 pecuniam
1553 1477 1605 1504 sibi
1626 1477 1734 1504 nullam
1761 1485 1833 1509 esse;

1012 1522 1034 1552 ο
1053 1522 1159 1555 mirari,
1175 1529 1261 1557 quare
1281 1530 1409 1550 nummos
1426 1529 1442 1550 a
1457 1530 1487 1550 se
1503 1524 1655 1558 requirant,
1681 1524 1730 1551 cui
1745 1528 1836 1559 praaler

1050 1568 1168 1596 nominis
1182 1569 1295 1603 gloriam
1310 1573 1336 1595 et
1356 1568 1498 1604 dignitatis
1521 1569 1549 1596 in
1577 1569 1695 1604 publicis
1714 1570 1835 1605 precibus

1050 1615 1180 1648 speciem,
1201 1614 1229 1641 in
1257 1614 1432 1642 facultatibus
1458 1619 1486 1642 et
1512 1615 1677 1642 auctoritate
1703 1616 1835 1650 reliquum

1051 1660 1119 1687 nihil
1138 1660 1262 1688 fecerint.
1285 1659 1314 1686 Si
1331 1664 1422 1687 tamett
1439 1659 1533 1694 inique
1545 1667 1637 1687 secum
1653 1668 1739 1695 agere
1751 1663 1836 1688 decre-

1051 1706 1165 1738 vissent,
1179 1706 1259 1733 malle
1270 1705 1437 1733 Chalifatum
1452 1705 1573 1741 ejurare.
1590 1707 1626 1733 At
1640 1707 1738 1735 ridens
1754 1707 1836 1734 Boch-

1050 1753 1117 1780 teiar
1125 1751 1249 1785 frigidam
1259 1751 1473 1783 excusationem,
1481 1753 1605 1786 graviora
1612 1756 1639 1779 et
1647 1753 1836 1780 necessitatum

1051 1797 1243 1832 tergiversanti
1267 1798 1465 1825 admovendant
1486 1798 1653 1825 minabatur.
1668 1798 1838 1834 Quapropter

1050 1848 1162 1871 coactus
1183 1843 1289 1871 Cbalifa
1315 1844 1450 1872 vendebat
1480 1844 1689 1879 supellectilem,
1725 1845 1838 1880 indeque

1050 1894 1174 1917 coactum
1200 1897 1236 1917 aes
1259 1889 1292 1917 ad
1319 1890 1500 1925 quadraginta
1531 1890 1616 1917 millia
1644 1890 1837 1918 drachmarum

1051 1936 1174 1963 mittebat
1186 1935 1288 1963 Buidae.
1302 1935 1349 1963 ille
1360 1941 1449 1963 autem
1463 1941 1567 1964 tantttm
1578 1937 1680 1970 aberat,
1691 1941 1725 1964 ut
1734 1945 1777 1970 eo,
1789 1945 1838 1972 quo

1051 1981 1195 2016 flagitarat,
1224 1981 1401 2016 impenderet,
1413 1986 1456 2014 ut,
1467 1982 1514 2016 qui
1527 1983 1730 2017 expeditionem
1749 1988 1838 2010 contra

1051 2027 1160 2055 Graec05
1186 2027 1227 2054 vel
1244 2027 1325 2055 fando
1343 2028 1507 2060 nominaret,
1537 2028 1647 2056 auditus
1663 2036 1748 2056 nemo
1765 2037 1797 2056 ex
1809 2036 1838 2055 eo

1051 2077 1172 2108 tempore
1185 2073 1276 2104 fuerit,
1289 2074 1336 2102 scd
1346 2074 1371 2100 in
1384 2075 1592 2102 necessitatibus
1606 2075 1771 2110 deliciisque
1785 2074 1839 2102 suis

1052 2120 1190 2154 perdebat.
1206 2118 1269 2146 lude
1282 2119 1414 2154 jactatum
1439 2119 1554 2154 Bagdadi
1572 2120 1623 2147 fuit
1646 2120 1763 2155 vulgare
1777 2120 1838 2147 iltud

1053 2173 1186 2198 scomma,
1201 2166 1344 2193 multatum
1359 2165 1492 2193 Chalilam
1515 2173 1531 2193 a
1560 2165 1728 2194 Bocltteiaro
1757 2166 1838 2193 fuisse

1053 2211 1194 2246 (tanquam
1211 2210 1369 2238 inferiorem
1384 2219 1399 2238 a
1414 2211 1532 2246 potiore,
1547 2214 1594 2238 aut
1609 2217 1719 2239 sontem
1734 2220 1750 2240 a
1773 2219 1839 2247 prte-

1054 2257 1134 2292 tore).

1356 2313 1528 2349 nmen

1087 2367 1166 2396 Anno
1174 2367 1311 2396 CCCLXll
1323 2368 1380 2403 (qui
1389 2368 1432 2396 die
1444 2369 1473 2396 il
1488 2368 1548 2396 Oct.
1559 2368 1591 2396 A.
1603 2369 1670 2398 Chr.
1681 2371 1738 2398 972
1750 2371 1839 2407 carpit)

1052 2413 1217 2440 excurrebat
1236 2412 1406 2441 Domesticus
1433 2414 1459 2441 in
1485 2419 1601 2442 tractum
1626 2415 1840 2450 Majafarekina,

1051 2467 1134 2495 quem
1156 2459 1373 2494 depraedabatur.
1395 2459 1463 2487 Huic
1480 2459 1628 2489 Muslemos
1652 2463 1840 2490 contemnenti

1053 2509 1081 2532 et
1094 2504 1204 2533 incauto
1219 2505 1382 2532 immittebat
1394 2505 1575 2541 Abu-Taglab
1601 2508 1757 2535 exercitum
1781 2516 1840 2535 cutn

1054 2549 1150 2584 fratre,
1187 2550 1337 2583 Hebatalla,
1372 2551 1421 2586 qui
1445 2552 1540 2587 praelia
1571 2560 1742 2587 congressus
1775 2554 1841 2581 fudit

1054 2619 1087 2647 ad
1103 2627 1207 2656 annum
1222 2619 1281 2656 3557
1299 2619 1393 2646 refert.
1412 2618 1480 2647 Nam
1497 2620 1577 2656 quod
1606 2620 1643 2647 ibi
1672 2621 1717 2648 bis
1745 2621 1841 2656 legitur

1054 2655 1125 2690 regio
1138 2655 1243 2686 Kerdtr,
1258 2655 1384 2681 vitiosum
1398 2659 1441 2682 est
1454 2660 1481 2682 et
1496 2655 1629 2682 Hal-116:"
1643 2655 1839 2690 reponendum.

1054 2689 1136 2716 Forte
1155 2690 1294 2716 conciliari
1311 2692 1415 2724 possint
1440 2690 1466 2716 hi
1490 2689 1545 2717 duo
1567 2689 1706 2723 auctores,
1724 2692 1750 2718 si
1767 2692 1841 2718 dicas

1055 2725 1192 2752 Romanos
1208 2725 1280 2761 hanc
1299 2732 1401 2756 arcent,
1424 2732 1506 2761 quam
1532 2733 1604 2753 anno
1630 2725 1683 2753 353
1700 2730 1841 2761 ceperant,

1055 2760 1182 2822 deinec};
1197 2760 1332 2792 amisisse,
1348 2764 1375 2788 et
1392 2761 1442 2788 hoc
1465 2760 1576 2788 demum
1603 2768 1700 2790 rursus
1730 2760 1841 2796 recupe-

1056 2802 1139 2822 russe.
1183 2814 1188 2821 .

1056 2802 1139 2822 russe.
1156 2802 1188 2822 Ιί.
