1913 3068
143 141 211 174 1021

517 145 565 175 DE
585 144 804 177 NICEPHOBO
819 147 941 178 PllOCA
961 149 1009 179 ET
1025 148 1171 180 JOANNE
1192 150 1379 182 TZIMISCE.

1699 153 1766 185 102?.

141 201 263 233 Graecos,
289 199 434 236 ipsumque
461 201 534 236 cepit
562 201 764 236 Domesticum;
797 211 878 239 quem
900 204 926 231 in
948 201 1187 233 ADomesticusin
1205 207 1338 239 morbum.
1353 207 1423 235 unde
1437 207 1525 243 periit,
1544 209 1662 237 invalida
1678 213 1766 238 ichi-

142 246 262 275 vinculis
277 246 312 273 ad
322 245 435 273 fratrem
450 246 540 274 misit.
553 246 590 274 Ea
612 247 640 275 in
657 248 781 276 custodia
797 249 933 277 incidebat

985 252 1058 284 cina,
1077 259 1159 287 quam
1176 251 1350 288 Abu-Taglab
1366 254 1418 289 ipsi
1433 254 1590 283 adhibebat.

144 345 1750 362 Μ

182 428 275 471 Ill.
315 427 397 472 EX
432 428 849 475 CEMALEDDINI
890 430 1228 477 ANNALIBUS
1262 432 1733 481 HALEBENSIBUS.

182 594 240 622 Hoc
250 601 321 622 anno
332 593 362 630 (i.
375 602 401 622 e.
413 602 485 622 anno
498 593 567 630 fugae
583 594 646 630 357)
661 596 822 624 excurrebat
835 604 932 632 agmen

145 641 346 673 Romanorum,
362 644 418 667 tum
438 641 570 675 peditum.
591 645 648 668 tum
665 642 799 677 equitum,
823 651 856 671 ex
881 643 933 677 eis,

145 688 195 722 qui
210 687 312 714 llnibus
327 687 433 722 imperii
462 687 571 715 tuendis
586 687 673 714 relicti
699 693 793 722 erant;
820 695 934 715 numero

146 733 254 761 erantV
265 733 360 760 millia.
372 732 493 760 Primum
507 741 601 768 agrum
610 733 786 762 llalebensem
798 735 934 769 petebant.

146 779 224 812 Quos
237 786 299 806 cum
313 785 459 814 aggressus
473 783 547 806 esset
561 778 720 814 Karghujah
737 787 798 807 cum
811 780 934 808 exercitu

146 825 304 857 lialebensi,
334 827 431 859 captus
456 828 516 857 est;
542 824 600 859 ipse
623 825 733 859 quidem
763 825 845 860 paulo
874 830 936 861 post

146 870 245 903 evasit,
269 870 354 904 copiae
376 873 467 897 autem
486 869 547 905 ejus
561 869 660 905 fugata:
684 875 758 903 sunt,
785 870 878 899 multis
901 879 936 900 ex

147 916 316 944 satellitibus
332 915 511 943 Seil'eddaula:
530 923 546 943 a
562 914 696 944 Romanis
716 917 816 951 captis.
834 918 936 946 Deinde

145 963 296 996 imperator
305 961 490 989 Romanorum
501 961 842 990 Maahrra-Alnohmanam
853 963 935 991 ador-

147 1013 195 1035 tus
206 1011 259 1040 est,
273 1007 431 1042 oppidoque
441 1007 556 1042 potitus,
569 1006 661 1034 l‘auum
674 1007 822 1035 maximum
839 1012 867 1036 et
878 1016 936 1036 ma-

144 1054 234 1088 jorem
251 1053 426 1081 aediﬁciorum
442 1059 545 1088 partem
555 1053 625 1080 dirui
637 1053 730 1089 jussit.
745 1052 846 1082 Eodem
857 1054 937 1082 modo

146 1101 178 1128 in
191 1099 480 1127 Maahrra-Mazrinam
494 1099 634 1133 szeviebat,
658 1101 720 1128 vitae
747 1105 840 1128 tamen
860 1101 937 1129 inco-

148 1147 249 1177 larum,
270 1153 386 1180 quorum
409 1145 478 1173 MCC
501 1149 591 1178 erant,
620 1146 751 1180 pepercit.
777 1153 881 1181 eosque
909 1146 936 1173 in

148 1191 281 1219 ditionem
297 1191 448 1219 Romanam
465 1191 588 1225 captivos
611 1191 791 1219 abducendos
818 1192 934 1219 curavit.

148 1236 222 1264 Tum
249 1244 393 1273 aggressus
420 1241 462 1265 est
485 1236 677 1265 Caferthabam
699 1242 727 1265 et
747 1237 934 1270 Schaizaram,

147 1283 230 1317 cujus
243 1283 371 1318 templum
388 1283 551 1313 combussit.
570 1289 661 1318 neque
688 1283 767 1311 aliter
791 1282 936 1311 Hamatam

149 1329 298 1361 tractavit;
315 1327 411 1356 Ilmza
434 1327 532 1356 deinde
546 1333 710 1364 expugnata,
728 1335 824 1357 omnes
840 1329 886 1365 qui
904 1336 938 1357 eo

148 1373 333 1409 confugerant
344 1373 466 1407 captivos
483 1373 558 1401 fecit.
575 1373 643 1401 Tum
660 1373 775 1401 lrcatam
792 1374 938 1409 impugna~

147 1419 202 1451 vit,
232 1427 286 1454 qua
318 1418 385 1446 urbe
413 1423 492 1454 capta
518 1419 670 1454 incolisque
698 1419 726 1446 in
751 1419 937 1454 captivitatem

150 1465 288 1497 redactis,
310 1465 342 1492 ad
363 1463 485 1499 Tripolin
514 1472 602 1499 usque
624 1471 788 1499 progressus
813 1468 875 1498 est;
891 1465 938 1492 sed

149 1517 215 1538 eum
241 1510 363 1541 vidisset,
390 1509 519 1538 suburbia
535 1510 569 1536 ab
581 1510 680 1537 incolis
692 1510 749 1544 jam
764 1509 850 1538 fuisse
861 1517 937 1537 com-

150 1556 243 1588 busta,
261 1555 400 1590 Djabalam
413 1563 442 1583 se
458 1555 604 1587 convertit,
623 1563 677 1590 qua
692 1556 806 1590 potitus.
833 1555 935 1584 Laodi-

149 1608 229 1628 ceam
243 1600 331 1627 duxit.
344 1599 478 1628 Convenit
488 1608 550 1628 eum
560 1600 795 1629 Abu‘l-Hosainus
808 1601 939 1629 AlivBcn-

151 1645 612 1680 lbrahim-Ben-Jusul-Allusaiz,
641 1648 752 1683 quicum
785 1648 939 1683 pactionem

151 1691 219 1719 fecit
242 1699 274 1719 ea
294 1692 465 1724 conditione,
481 1696 512 1719 ut
529 1691 640 1719 obsides
663 1700 698 1719 ex
717 1691 784 1719 urbe
805 1692 858 1719 sibi
885 1697 941 1720 tra-

152 1738 303 1771 derentur;
320 1738 541 1766 asseruitautem
561 1737 617 1770 ille,
642 1738 816 1772 imperatoris
832 1745 862 1766 se
879 1745 941 1765 esse

151 1787 297 1817 cognatum
319 1787 347 1811 et.
364 1789 427 1810 eum
449 1782 590 1810 Romanus
616 1783 736 1818 majores
767 1783 827 1818 ejus
854 1791 941 1819 agno—

152 1829 248 1862 visset,
280 1827 449 1863 Sardeghum
469 1827 646 1864 (Strategum)
669 1837 731 1856 eum
757 1828 874 1862 creavit;
891 1829 942 1856 hac

150 1876 246 1910 itaque
256 1876 361 1903 ratione
369 1875 521 1902 incolumes
531 1879 676 1902 evaserunt
686 1873 826 1901 Laodiceae
835 1873 942 1902 incolae.

151 1921 220 1950 Inde
233 1921 403 1948 Antiochiam
430 1921 534 1948 ducens
561 1920 587 1947 in
609 1924 743 1955 potestate
771 1927 821 1947 sua
854 1919 942 1947 tenuit

152 1967 272 1999 100,000
285 1967 466 2002 captivorum,
488 1973 652 2000 puerorum,
677 1965 842 2001 puellarum,
860 1965 941 2000 juve-

153 2022 294 2049 numque;
314 2021 377 2040 nam
391 2013 441 2040 hos
466 2012 540 2040 solos
564 2012 686 2046 captivos
709 2010 821 2045 fecerat,
837 2011 904 2038 viris
916 2015 943 2039 et

154 2061 265 2088 feminis
280 2059 460 2095 provectioris
472 2058 572 2089 aetatis,
595 2062 676 2092 atque
691 2057 803 2084 senibus
831 2061 879 2084 aut
895 2057 939 2084 in-

154 2105 276 2133 terfectis
293 2110 340 2133 aut
350 2104 484 2132 dimissis.
500 2104 604 2131 Dicitur
617 2103 729 2131 omnino
755 2103 781 2130 in
795 2103 847 2131 hac
858 2109 942 2138 expe-

151 2152 258 2179 ditione
269 2151 302 2179 l8
313 2151 447 2186 suggestis
459 2150 497 2186 (7)
510 2149 612 2184 potitus
622 2156 684 2177 esse
695 2157 703 2181 ;
717 2148 840 2175 vicorum
851 2152 942 2176 autem

151 2206 223 2235 quos
235 2197 346 2232 diripuit
361 2202 387 2225 et
395 2196 559 2229 combussit,
573 2203 705 2224 numerus
719 2195 826 2222 deliniri
837 2195 942 2230 nequit.

188 2243 292 2270 Castris
304 2246 368 2269 ante
381 2241 555 2270 Antiochiam
576 2241 685 2276 positis,
712 2247 801 2275 neque
817 2247 880 2267 cum
895 2240 941 2267 in-

151 2288 223 2316 colis
238 2294 349 2314 manunt
364 2286 514 2319 conseruit,
540 2293 629 2320 neque
645 2285 759 2312 omnino
774 2285 892 2319 legatum
903 2284 938 2312 ad

148 2341 202 2362 eos
216 2332 298 2365 misit,
314 2331 361 2359 sed
384 2331 528 2359 castellum
543 2338 559 2358 e
574 2330 684 2365 regione
708 2330 860 2358 Antiochiae
890 2337 943 2358 ex-

153 2377 266 2408 struxit,
282 2377 361 2411 eique
383 2376 531 2411 praeposuit
553 2373 712 2403 Michaelem
726 2376 846 2412 Albordji
862 2376 944 2411 (Bur-

153 2423 252 2457 tzam),
264 2422 340 2458 cujus
353 2422 428 2449 dicto
451 2421 594 2449 audientes
606 2429 668 2450 esse
689 2421 758 2457 jussi
783 2427 847 2450 sunt
860 2423 944 2451 duces

151 2467 298 2495 limitanei.
310 2467 379 2494 Cum
391 2474 484 2494 rumor
498 2466 569 2494 inter
586 2466 711 2494 homines
733 2467 943 2501 percrebuisset,

153 2512 182 2539 id
203 2511 310 2548 consilii
327 2511 452 2538 Romano
477 2518 549 2542 esse,
572 2515 602 2538 ut
619 2516 702 2538 totam
720 2511 835 2540 hiemem
848 2512 945 2539 Antio-

154 2557 245 2584 chiam
262 2556 405 2584 obsidione
422 2556 539 2584 cinctam
554 2560 669 2588 teneret,
684 2557 807 2591 aliasque
822 2557 944 2585 mitteret

985 598 1201 635 Karghnjahum,
1221 598 1268 634 qui
1297 598 1440 634 ﬂadjibus,
1468 599 1487 628 i.
1509 607 1535 628 e.
1561 607 1655 628 comes
1678 601 1770 636 palatii

986 645 1201 674 Saahdaddaula’.
1214 649 1284 676 erat,
1300 652 1436 673 summam
1454 653 1546 673 rerum
1571 645 1770 674 llalebensium

985 693 1036 720 sibi
1051 699 1204 726 arrogasse,
1217 691 1368 726 urbemque
1388 691 1531 726 Halebum,
1545 700 1608 720 arce
1620 698 1775 725 exstructa,

985 738 1126 772 murisque
1137 737 1256 770 refectis,
1267 738 1428 771 munivisse,
1438 738 1512 766 socio
1524 740 1601 774 regni
1618 740 1690 766 facto
1703 739 1772 767 Bac-

985 783 1074 817 djuro,
1090 783 1135 811 cui
1150 790 1249 809 nomen
1260 782 1345 810 Emiri
1365 783 1481 810 inditum
1499 784 1552 817 sit;
1574 784 1768 818 imperatorem

986 834 1075 857 autem
1088 828 1353 862 Bomanorum,hoc
1375 829 1482 861 audito,
1496 829 1609 857 domum
1626 837 1769 858 reversum

985 881 1064 907 esse;
1079 873 1181 901 factum
1194 873 1319 901 essehoc
1337 881 1411 900 anno
1423 874 1475 901 558
1494 881 1588 902 mense
1595 875 1772 907 Multarrem;

986 919 1083 948 deinde
1103 919 1356 952 Saahdaddaulam,
1374 919 1514 947 sociorum
1542 927 1625 947 manu
1648 921 1773 952 collecta,

987 972 1081 992 mense
1095 964 1274 992 Ramadhano
1291 964 1424 991 Halebum
1440 972 1613 1000 oppugnasse
1621 969 1648 993 et
1664 973 1773 992 Itlallum

987 1017 1050 1038 cum
1063 1009 1222 1044 Kargbujah
1240 1014 1267 1036 et
1281 1009 1417 1043 Bacdjuro
1430 1011 1620 1044 conseruisse;
1642 1015 1699 1038 tum
1716 1018 1775 1046 per-

987 1055 1026 1090 git
1043 1056 1069 1089 :)
1083 1054 1198 1090 Scripsit
1213 1055 1312 1082 deinde
1338 1054 1497 1090 Karghujah
1522 1056 1555 1083 ad
1586 1055 1726 1082 Romanos
1748 1059 1775 1082 et

987 1100 1137 1128 Patricium
1164 1100 1322 1135 quemdam,
1340 1101 1387 1135 qui
1409 1100 1435 1127 in
1464 1100 1562 1128 ﬁnibus
1585 1101 1699 1128 ditionis
1721 1099 1777 1128 Ro-

988 1154 1075 1174 mana:
1085 1146 1258 1179 versabatur,
1282 1146 1398 1181 rogavit,
1416 1151 1445 1173 ut
1467 1147 1518 1173 sibi
1541 1147 1644 1174 auxilio
1660 1146 1775 1174 veniret.

989 1191 1051 1223 llic,
1073 1199 1143 1218 unus
1168 1191 1358 1218 cunuchorum
1382 1189 1539 1226 Nicephori,
1559 1191 1669 1219 nomine
1688 1190 1777 1218 Thor-

990 1237 1059 1268 basi,
1082 1237 1175 1271 copias
1203 1236 1307 1269 eduxit,
1335 1240 1392 1263 tum
1415 1241 1505 1263 autem
1529 1237 1582 1264 iter
1602 1237 1777 1264 Antiochiam

990 1290 1084 1310 versus
1100 1281 1210 1309 deﬂexit
1235 1286 1348 1316 propter
1371 1281 1442 1309 hanc
1464 1289 1588 1314 causam,
1605 1282 1678 1317 quod
1708 1282 1778 1309 inter

989 1328 1180 1363 imperatorem
1209 1328 1409 1360 Romanorum,
1424 1335 1488 1355 cum
1504 1328 1538 1360 is,
1555 1336 1648 1356 secum
1674 1328 1779 1356 ducens

989 1370 1112 1406 captivos
1125 1375 1152 1398 et
1177 1372 1307 1406 praedam,
1333 1375 1364 1399 ut
1387 1379 1470 1407 supra
1488 1373 1620 1400 traditum
1644 1377 1696 1406 est,
1720 1373 1777 1400 Bu-

989 1416 1032 1444 kz
1051 1416 1090 1452 (9)
1116 1420 1284 1449 versaretur,
1304 1421 1332 1444 et
1361 1417 1467 1445 incolas
1501 1417 1584 1452 hujus
1621 1418 1710 1451 urbis,
1732 1418 1780 1454 qui

989 1462 1140 1490 Christiani
1166 1466 1255 1495 erant,
1281 1463 1471 1495 convenisset,
1489 1468 1519 1490 ut
1551 1463 1578 1490 bi
1605 1463 1778 1492 Antiochiam

991 1508 1151 1544 migrarent,
1168 1508 1329 1536 simulantes
1342 1516 1372 1536 se
1387 1514 1459 1536 metu
1485 1510 1671 1537 Romanorum
1688 1509 1779 1536 domi«

991 1554 1054 1581 cilia
1079 1554 1238 1589 reliquisse,
1264 1554 1301 1581 ita
1321 1558 1351 1582 ut
1371 1554 1434 1582 istic
1456 1555 1611 1584 habitantes
1647 1554 1781 1583 Romanis

992 1600 1168 1628 Antiochiam
1186 1600 1329 1628 obsidione
1351 1601 1508 1635 petentibus
1522 1601 1555 1628 ad
1578 1602 1672 1629 urbem
1694 1609 1781 1636 expu-

992 1644 1130 1680 gnandam
1158 1646 1291 1672 auxilium
1307 1647 1420 1674 ferrent.
1443 1645 1504 1679 Quo
1533 1645 1607 1674 facto
1632 1647 1779 1674 consilium

991 1699 1054 1719 cum
1068 1691 1233 1719 Christianis
1261 1690 1414 1719 Antiochia:
1439 1692 1538 1719 incolis
1563 1692 1733 1727 conjunxere
1750 1697 1778 1720 et

991 1737 1173 1765 Thorbasium
1188 1738 1334 1765 certiorem
1351 1737 1452 1771 fecere,
1466 1746 1580 1766 vacuam
1603 1746 1665 1767 esse
1684 1739 1780 1766 urbem

991 1787 1018 1811 et
1032 1783 1160 1818 prtefecto
1171 1783 1340 1811 destitutam.
1356 1782 1454 1812 incolae
1467 1790 1557 1812 autem
1569 1785 1645 1812 urbis
1657 1784 1779 1812 Multam<

995 1827 1103 1855 medani
1121 1835 1216 1854 muros
1230 1828 1410 1854 deseruerant
1424 1832 1451 1854 et
1465 1828 1674 1863 negligentiores
1699 1832 1779 1854 erant

997 1873 1023 1900 in
1046 1873 1115 1900 urbe
1137 1872 1327 1905 custodicnda,
1342 1880 1405 1899 cum
1430 1874 1569 1900 exercitus
1591 1873 1732 1901 Romanus
1747 1872 1782 1900 ad

994 1918 1041 1945 XL
1054 1918 1150 1949 millia,
1167 1918 1281 1945 ducibus
1295 1917 1447 1946 Thorbasio
1467 1922 1495 1945 et
1514 1918 1782 1947 .lasino-ben-Scho-

996 1965 1146 1997 mescbkik,
1170 1965 1364 2000 aggrederetur
1382 1969 1410 1991 et
1434 1965 1608 1992 Antiochiam
1636 1965 1782 1992 obsidione

994 2011 1126 2046 cingeret.
1139 2010 1236 2037 Incolae
1251 2009 1332 2037 Bttk.e
1342 2010 1376 2037 ab
1385 2017 1416 2037 ea
1429 2018 1509 2045 quam
1523 2015 1669 2037 tenuerunt
1681 2011 1781 2038 sumini

993 2056 1063 2083 muri
1086 2061 1162 2090 parte
1183 2055 1388 2083 descenderunt
1413 2061 1440 2083 et
1469 2055 1570 2084 muenia
1595 2057 1671 2084 urbis
1692 2065 1777 2084 vacua

993 2101 1179 2136 reliquerunt;
1212 2105 1268 2127 tum
1301 2101 1484 2128 ascenderunt
1506 2101 1623 2128 Romani
1655 2105 1682 2128 et
1711 2103 1782 2129 urbe

992 2147 1070 2182 potiti
1092 2151 1164 2174 sunt.
1203 2145 1315 2174 Factum
1356 2147 1407 2174 hoc
1440 2151 1482 2174 est
1511 2152 1591 2174 nocte
1621 2147 1655 2174 15
1680 2147 1782 2175 mensis

993 2191 1174 2228 Dsulhidjdja:
1185 2192 1249 2219 anni
1265 2192 1329 2220 558.
1355 2190 1535 2220 Penetrarun't
1550 2192 1667 2219 Romani
1686 2192 1712 2219 iu
1733 2200 1783 2219 ur~

992 2238 1066 2270 hem,
1080 2239 1292 2266 combusserunt
1305 2244 1333 2266 et
1341 2239 1463 2273 captivos
1477 2238 1611 2270 fecerunt,
1628 2238 1676 2265 fuit
1690 2242 1780 2265 autem

993 2292 1045 2312 nos
1059 2283 1223 2312 Nativitatis.
1240 2284 1307 2311 Cum
1325 2285 1441 2312 Romani
1457 2289 1577 2312 montem
1595 2283 1672 2311 urbis
1682 2291 1780 2310 ascen-

993 2330 1108 2362 dissent,
1140 2331 1345 2365 prehenderunt
1364 2331 1493 2358 custodes
1512 2334 1539 2357 et
1564 2330 1604 2357 eis
1630 2330 1753 2356 dixerunt
1773 2337 1781 2355 :

996 2385 1006 2402 1
1026 2376 1147 2404 Laudato
1158 2380 1186 2404 et
1203 2377 1349 2412 prazrlieate
1371 2377 1455 2405 Deum
1479 2384 1639 2412 magnum.»
1663 2375 1714 2408 Qui
1731 2375 1782 2401 hoc

994 2430 1050 2449 non
1078 2422 1181 2455 fecerit,
1201 2423 1274 2450 hunc
1298 2422 1504 2450 interfecerunt.
1535 2421 1668 2449 Custodes
1690 2421 1782 2454 itaque

995 2467 1201 2502 proclamarunt
1216 2475 1223 2494 :
1243 2476 1253 2492 ι
1268 2466 1380 2502 Magnus
1399 2472 1440 2494 est
1457 2466 1528 2494 Deus
1549 2473 1636 2500 neque
1654 2464 1725 2491 Deus
1740 2468 1782 2491 est

994 2517 1092 2548 praeter
1103 2520 1177 2540 eum.
1192 2521 1202 2538 ›
1217 2512 1275 2545 Qua
1290 2512 1400 2546 quidem
1412 2519 1441 2538 re
1457 2510 1579 2546 impediti
1598 2516 1663 2537 sunt
1674 2510 1780 2541 incolas,

995 2565 1050 2593 quo
1067 2559 1157 2586 minus
1176 2565 1270 2585 verum
1282 2565 1374 2585 rerum
1396 2561 1497 2584 statum
1520 2556 1779 2587 animadverterent,

153 2603 259 2637 copias,
282 2602 414 2630 Halebum
438 2606 636 2637 oppugnatum,
667 2601 823 2638 Karghujah
855 2603 1081 2642 Saah-Ddonec
1095 2603 1210 2631 Romani
1227 2603 1356 2631 omnibus
1383 2603 1505 2630 turribus
1531 2602 1609 2637 potiti
1629 2601 1731 2628 luerim
1754 2605 1781 2628 et

156 2649 300 2677 daddaula
329 2648 368 2684 (8)
384 2649 532 2683 persuasit,
554 2653 585 2675 ut
606 2647 737 2676 Halebum
763 2649 941 2683 relinqueret,

157 2702 194 2723 ne
215 2695 243 2721 in
271 2694 341 2722 urbe
370 2693 553 2737 obsideretur.
573 2693 684 2729 (Narrat
714 2694 811 2722 deinde
835 2699 941 2728 auctor,

193 2774 232 2806 (7)
247 2774 267 2800 l.
284 2781 309 2801 e.
323 2774 447 2806 urbibus,
464 2774 510 2801 ubi
521 2772 629 2801 condita
654 2777 732 2799 erant
747 2773 856 2806 templa.
871 2771 902 2801 L.

192 2810 229 2843 (8)
245 2809 314 2870 llilio
330 2809 518 2843 Scil'eddaulae,
543 2807 577 2835 de
596 2814 651 2843 quo
677 2815 759 2842 supra
774 2808 856 2836 verba
872 2808 936 2836 l'eci-

156 2853 227 2873 Hills.
273 2864 278 2870 .

995 2657 1091 2677 omnes
1116 2658 1169 2677 una
1191 2650 1339 2677 clamorem
1370 2647 1515 2676 ediderint.
1531 2646 1643 2678 Omnes,
1673 2646 1720 2680 qui
1746 2645 1781 2673 ad

996 2701 1102 2731 portam
1118 2695 1251 2730 Aldjenan
1265 2694 1398 2731 (hortum)
1414 2694 1517 2722 dictam
1544 2692 1685 2728 pervenire
1711 2699 1778 2726 pro-

1028 2772 1067 2806 (9)
1084 2773 1120 2800 Ex
1136 2773 1188 2800 huc
1212 2773 1274 2811 loco
1288 2776 1401 2811 apparet
1421 2771 1560 2811 mendose
1572 2777 1670 2811 nomen
1691 2768 1778 2811 scrip-

994 2803 1124 2869 (nmrsse
1138 2816 1182 2844 ap.
1207 2803 1379 2843 Abupharag.
1397 2815 1424 2843 p.
1450 2807 1514 2841 205,
1536 2806 1581 2834 ubi
1611 2805 1683 2832 Lura
1711 2803 1777 2837 lesi-

1006 2851 1047 2869 ur.
1073 2859 1091 2870 4.
