1913 3068
173 132 242 166 1023

644 137 841 168 EXCERPTA
860 138 911 168 ΕΧ
931 138 1130 169 HISTORIIS
1149 138 1308 169 ARABUM

1735 134 1744 166 i
1751 133 1800 167 025

171 191 314 227 perabattt,
328 189 428 226 captivi
450 190 512 218 facti
529 195 602 219 sunt.
623 192 741 220 Caterva
767 197 869 226 autem,
896 201 957 228 quae
975 197 997 225 Α
1018 202 1075 221 rant
1093 193 1387 221 Muhamntedanornm
1403 191 1542 229 suscipere
1562 191 1589 219 in
1610 192 1704 219 animo
1720 192 1802 219 habe-

173 238 206 264 ιδ
222 243 328 272 portam
344 237 429 264 maris
443 244 472 265 se
485 241 709 273 congregaverat.
725 239 853 274 repagula
870 247 960 268 remo-

172 282 211 309 vit
224 286 252 309 et
268 282 318 309 hoc
329 283 410 310 modo
426 283 573 311 incolumis
586 284 681 315 evasit,

209 328 325 355 Romani
342 328 369 355 in
394 333 486 356 monte
514 330 589 357 urbis
606 337 696 356 arcem
720 335 915 359 exstruxerunt
929 337 959 361 et

172 375 322 402 maximum
339 375 432 402 fanum
451 377 520 403 suile
532 376 665 409 fecerunt,
685 378 798 411 posthac
812 383 900 406 tamen
915 388 963 415 pa-

173 421 292 448 triarclta
323 429 357 448 eo
385 422 444 448 loco
464 430 514 456 pro
542 423 620 450 horto
648 431 714 450 usus
737 428 789 451 est.
807 424 872 451 Dein
897 433 960 454 cum

173 466 344 494 Thorhasins
368 467 499 494 liait-bum
524 468 644 502 duceret,
668 474 697 495 ttt
723 469 854 497 auxilium
870 471 963 504 {ferret

174 512 332 547 Kargitujztlt
346 518 373 540 et
384 514 515 548 iiacdjuro
532 516 577 549 qtti
593 516 626 542 ab
641 515 839 544 Abn'lmaahlio
857 517 964 552 (Saait-

174 558 325 592 tiaddaula)
345 560 547 594 oppugnatione
570 561 773 595 premebantur,
789 561 964 590 Abu'lmaalt—

173 604 238 635 lius.
252 604 394 631 obsidione
414 605 518 635 relicta,
529 606 645 639 primum
664 606 854 638 Cituttazerclt,
867 607 965 634 deinde

174 649 299 676 Maaltrra
330 649 472 676 Cnohman
505 650 643 684 profectus
667 655 727 685 est;
755 651 865 679 Grtecos
897 659 964 679 vero

175 696 248 730 cepit
271 695 370 730 cupido
410 695 503 723 iiaiebi
536 698 722 731 occupandae;
752 699 846 726 urbem
873 699 965 734 itaque

175 748 368 776 oppugnarunt
382 747 409 769 et
423 750 436 768 a
450 747 526 777 parte
538 744 743 776 septentrionali
757 749 964 780 expugnarunt;

177 795 234 822 qtto
265 786 338 814 facto
366 795 456 814 arcem
485 788 730 817 circumsederunt.
759 789 829 817 Tum
859 798 904 818 res
931 790 964 816 ad

176 834 328 868 pactionem
346 835 430 866 venit.
450 835 524 862 hisce
541 835 754 868 conditionibus,
778 841 808 863 ut
832 844 879 871 pro
897 843 966 863 uno-

175 887 285 914 quoque
299 880 432 913 locorttm,
450 889 611 916 magnorum
627 887 708 916 atque
729 890 886 916 parvorum,
904 891 963 917 quae

176 930 255 958 pacto
279 925 384 952 inclusa
401 930 503 956 essent.
528 927 680 954 solveretur
695 928 825 954 tributum
848 928 963 961 denarii,

176 970 211 998 16
237 971 383 999 dracbntas
405 972 544 1000 isiamicas
565 974 652 1007 pretio
675 973 825 1007 :equantis;
846 978 872 1000 et
895 981 964 1008 prr-

176 1022 249 1044 tcrea
294 1024 308 1044 e
345 1018 503 1052 regionibus
544 1019 670 1052 pactione
704 1019 965 1053 comprehendendis

177 1062 294 1094 700,000
326 1063 517 1090 drachmarum
553 1065 701 1099 quotannis
737 1057 867 1092 Romanis
899 1073 966 1100 pen-

175 1109 316 1136 derentur.
348 1109 433 1137 Urbes
462 1111 550 1142 llimz,
572 1111 718 1145 Dsnsijjalt.
744 1111 885 1146 Saimijjait
911 1111 964 1138 Ila-

177 1157 252 1186 mali,
280 1155 420 1188 Scliaizar,
438 1155 595 1190 Caiertitab,
620 1157 767 1191 Aiamijjait
791 1157 964 1192 (Apamea),

176 1199 454 1233 Maaitrra‘lnoltman,
468 1201 610 1232 "ait‘bilm.
621 1203 831 1237 Djebialsumait,
842 1203 967 1230 Maaitra-

179 1246 293 1278 Mazrin,
317 1246 474 1279 Kennisrin,
494 1248 610 1274 Atsareb
630 1255 717 1282 usque
732 1249 765 1275 ad
781 1248 893 1275 limitem
915 1256 965 1283 pa-

178 1293 248 1323 latii,
266 1294 338 1328 qttod
365 1294 527 1321 Atsarebum
552 1294 660 1329 attingit
676 1301 701 1322 et
720 1295 827 1322 tinuum
842 1296 964 1328 vocatur,

179 1339 261 1372 (tum
290 1339 418 1366 universa
442 1340 516 1372 regio
538 1348 598 1374 qttre
625 1340 796 1376 porrigitur)
822 1341 966 1376 usqtteiad

175 1384 279 1415 At'ltai).
299 1383 435 1416 Masui'an,
447 1384 538 1411 Cimar
554 1385 621 1419 (I0),
646 1385 757 1419 Barzaja
774 1390 800 1412 et
827 1393 965 1420 campum,

182 1431 228 1464 qui
249 1437 332 1464 prepe
346 1430 430 1457 Ahi‘as
449 1435 500 1462 est,
528 1438 541 1457 ιι
558 1431 667 1457 dextera
682 1437 757 1464 parte
775 1431 869 1458 limitis
886 1440 893 1458 :
911 1431 968 1458 haec

180 1476 272 1503 omnia
283 1482 492 1509 pertitanserunt
509 1476 620 1503 domino
639 1476 743 1509 ilalebi,
756 1482 856 1504 cmtera
865 1477 967 1505 Graecis

179 1522 334 1555 adjudicata
365 1526 429 1549 Sunt
460 1522 611 1558 (nimirum
640 1527 695 1549 tota
723 1522 833 1558 regio),
857 1531 917 1557 qua:
951 1533 966 1551 a

180 1568 291 1602 Barzaja
314 1569 445 1595 orientem
470 1576 566 1596 versus
581 1568 735 1596 extettditur
753 1577 840 1604 usque
859 1571 891 1597 ad
917 1570 967 1598 ﬂu-

180 1615 253 1641 t'iunt
272 1614 486 1642 AliuoSoIaiutau
516 1619 543 1642 et
568 1617 644 1650 pylas
671 1615 773 1648 Snnjab
794 1615 891 1647 dictas,
910 1621 966 1643 tum

181 1663 213 1688 ad
242 1661 401 1695 Naiudsam,
430 1663 559 1688 Awanam
575 1666 602 1688 ct
626 1661 785 1688 Tei-liamid
800 1665 825 1688 et
842 1661 966 1688 dextram

182 1708 289 1742 δειλῇιιιὶ
313 1708 397 1742 ripaut
416 1713 442 1734 et
459 1708 568 1742 quidem
591 1715 676 1742 usque
694 1708 726 1734 ad
751 1707 857 1734 alveum
882 1707 966 1741 ﬂuvii,

182 1753 227 1780 tibi
245 1754 271 1780 itt
290 1754 446 1788 Euphraten
461 1761 520 1780 sese
531 1758 669 1781 exonerat.
687 1753 796 1780 Caetera:
810 1754 884 1788 pacis
903 1761 969 1781 con-

181 1799 299 1825 ditiones
314 1799 353 1825 itte
373 1799 468 1826 fuere:

218 1845 386 1880 Karghnjab,
414 1847 483 1873 duce
507 1847 642 1883 (Emiro)
665 1846 967 1880 Muhammedanorum.

183 1891 227 1926 qui
249 1892 275 1918 itt
297 1895 346 1919 hac
369 1893 498 1926 dignitate
517 1900 676 1927 permanere
702 1892 823 1926 deberet,
849 1899 968 1925 mortuo,

183 1945 226 1964 res
242 1939 386 1965 tradendus
399 1947 459 1965 esse
474 1938 618 1974 Baedjuro,
644 1947 699 1974 quo
718 1939 847 1966 defuncto
867 1939 901 1966 ab
918 1939 969 1966 int-

183 1990 308 2018 pcratore
326 1986 450 2012 liotnano
465 1986 619 2020 eligendum
636 1993 696 2013 esse
711 1986 806 2013 ducem
824 1993 857 2013 ex
873 1986 969 2013 incolis

183 2028 276 2057 lialebi
291 2038 298 2062 ;
315 2029 455 2058 Musletnis
469 2035 559 2057 autem
578 2038 631 2057 non
646 2038 707 2057 esse
719 2030 764 2065 jus
785 2031 904 2066 cujusvis
920 2031 971 2058 du-

184 2077 223 2103 cis
241 2078 437 2104 constituendi.
453 2078 474 2103 A
491 2076 657 2104 Christianis
680 2078 785 2104 nullum
801 2085 849 2112 per
867 2077 970 2106 hancce

181 2123 311 2150 ditionem
326 2123 456 2150 tributunt
472 2131 531 2150 esse
543 2123 717 2157 exigendum.
734 2124 767 2151 iis
783 2123 970 2151 tantummodo

181 2170 312 2203 exceptis,
327 2170 374 2204 qui
391 2169 428 2196 ibi
441 2169 551 2196 dontutn
565 2175 612 2196 aut
627 2170 719 2196 villam
737 2170 927 2204 possiderent;
945 2170 968 2197 si

183 2215 322 2241 adveniret
348 2215 485 2242 exercitus
512 2214 698 2249 Musiemicus,
718 2216 919 2251 expeditionem
940 2216 969 2243 in

183 2268 281 2287 nomen
308 2261 461 2288 Romanum
486 2261 617 2294 facturus,
644 2261 844 2289 defendentium
870 2270 930 2290 esse
954 2270 969 2289 a

183 2308 340 2343 Karghnjah
358 2308 433 2336 hisce
457 2308 546 2336 verbis
564 2317 570 2335 :
603 2317 612 2334 ι
627 2308 685 2335 Duc
700 2316 748 2343 per
761 2309 828 2335 alias
843 2309 969 2344 regiones

183 2361 216 2380 ac
237 2358 359 2386 nostras;
385 2361 420 2380 ne
449 2353 533 2381 intres
552 2353 682 2381 ditionem
709 2353 859 2388 pactionis;
891 2362 900 2378 ι
927 2353 970 2380 siti

184 2400 237 2426 dux
259 2400 356 2426 harum
387 2399 536 2434 copiarum}
551 2399 624 2426 haud
651 2403 767 2433 pareret.
796 2398 880 2425 artnis
909 2405 970 2426 esse

185 2447 329 2480 petendum
348 2451 375 2473 et
392 2446 416 2472 \i
434 2446 620 2481 repellendum
639 2453 646 2477 ;
665 2445 745 2479 cujus
759 2445 796 2470 rei
813 2445 854 2471 sin
879 2444 970 2471 minus

183 2493 254 2526 potis
278 2497 350 2520 esset
373 2492 529 2527 Karghnjah
549 2492 616 2526 ipse.
632 2490 728 2518 litteris
748 2490 886 2518 adeundos
910 2497 971 2517 esse

185 2538 375 2573 imperatorem
401 2539 557 2566 Graecorum
577 2543 604 2565 et
618 2536 812 2568 Tltorbasium,
828 2542 859 2564 ut
878 2537 971 2571 copias

185 2586 325 2613 mitterent
340 2585 465 2614 hostibus
484 2578 648 2620 repellendis
664 2591 754 2618 pares.
774 2583 802 2611 Si
819 2583 883 2618 quid
897 2590 971 2610 com-

184 2632 320 2666 perissent
353 2631 477 2660 Muslemi
508 2632 541 2659 de
570 2632 687 2658 adventu
713 2630 803 2666 magni
833 2629 970 2658 exercitus

185 2678 318 2712 (hostilis)
338 2697 346 2710 ,
374 2678 548 2706 scribendum
573 2685 633 2706 esse
660 2677 693 2704 ad
725 2677 915 2712 imperatorem
943 2679 970 2703 et

184 2724 281 2751 ducent
301 2724 455 2759 copiarum.
471 2729 501 2752 ut
515 2725 552 2757 hi,
566 2724 599 2752 de
613 2731 642 2752 re
653 2724 784 2752 certiores
799 2722 873 2754 facti,
889 2722 969 2749 rebus

182 2769 241 2796 suis
263 2771 450 2799 consulerent.
471 2771 520 2798 Sin
535 2774 626 2799 autent
647 2770 848 2806 expeditionem
873 2770 900 2796 in
917 2773 970 2796 ter-

1014 244 1073 267 rent
1088 240 1234 274 imperator
1252 244 1279 267 et
1294 239 1349 267 dux
1374 239 1514 273 copiarum
1533 238 1736 269 Romanorum,
1753 238 1802 265 ob-

1012 286 1084 313 viam
1111 286 1230 314 eundum
1249 293 1310 313 esse
1336 293 1351 313 a
1373 285 1508 319 Bacdjuro
1533 292 1620 319 usque
1636 284 1670 311 ad
1698 284 1800 314 locum.

1015 332 1061 359 ubi
1088 332 1251 366 imperatum
1267 331 1291 358 ei
1305 331 1423 360 fuisset:
1441 335 1524 366 atque
1546 330 1681 365 Bacdjuro
1704 329 1804 357 Bouia-

1013 384 1077 403 nutn
1093 384 1141 411 per
1156 377 1287 403 ditionem
1304 376 1380 410 pacis
1394 375 1552 407 comitante.
1572 382 1626 402 non
1643 374 1803 410 fugiendum

1012 430 1073 450 esse
1090 423 1123 450 ab
1148 422 1244 450 incolis
1269 422 1404 455 vicorum;
1428 421 1465 449 ita
1489 426 1517 449 ιιι
1532 426 1635 448 emeret
1662 422 1802 449 exercitus

1013 468 1154 495 Romanus
1181 476 1236 502 quo
1252 475 1319 502 optts
1333 468 1358 495 ei
1381 472 1464 499 esset,
1488 471 1585 501 praeter
1609 472 1804 501 stramentum,

1013 514 1086 548 quod
1105 521 1154 548 pro
1173 521 1249 540 more
1265 513 1362 540 bellico
1377 513 1449 540 nulla
1464 513 1602 540 solutione
1619 513 1692 540 facta
1706 521 1805 548 suppe-

1015 560 1157 587 ditandum
1175 564 1247 587 esset
1261 567 1269 592 ;
1286 567 1301 586 a
1317 559 1386 586 duce
1402 558 1697 586 Iluhammedanorum
1718 566 1804 594 usque

1015 605 1047 631 ad
1075 604 1142 631 ﬁnes
1168 605 1276 632 obviam
1293 611 1355 631 esse
1369 604 1487 631 euttdum
1505 603 1594 638 copiis
1618 603 1764 636 Romanis,
1780 610 1806 631 ut

1014 651 1054 678 eis
1080 654 1178 684 praesto
1195 654 1292 683 esset;
1317 657 1378 684 qua:
1401 657 1463 677 cum
1491 654 1567 677 extra
1596 649 1664 677 ﬁnes
1690 657 1806 684 egressae

1014 700 1116 727 essent,
1128 696 1231 722 licitum
1243 703 1303 722 esse
1315 694 1407 721 Emiro
1423 694 1449 721 in
1462 694 1593 721 ditionem
1605 702 1684 721 suant
1698 696 1805 722 reretti.

1017 740 1044 767 Si
1062 741 1262 776 expeditionem
1277 740 1396 767 iacerent
1411 739 1526 766 Romani
1539 744 1635 767 contra
1654 745 1761 768 sectam
1772 741 1804 767 ab

1015 786 1116 814 lslamo
1142 787 1288 815 diversam.
1317 785 1535 820 conjungendum
1565 793 1625 812 esse
1654 787 1805 814 exercitum

1016 832 1100 859 Emiri
1118 839 1179 859 cum
1198 832 1323 858 Romano
1340 836 1367 858 et
1388 831 1554 858 eonsociatis
1569 832 1653 859 armis
1671 832 1806 859 dimican-

978 871 1002 900 Β
1016 879 1090 910 dum,
1110 883 1170 906 utut
1183 879 1278 913 jttssus
1291 878 1372 905 luerit
1387 877 1505 905 Emirus.
1521 876 1548 904 Si
1569 877 1659 912 quivis
1678 885 1714 904 ex
1734 877 1806 906 Mus-

1017 925 1098 952 letnis
1122 925 1279 959 religionem
1313 923 1499 951 Cltristiattam
1527 924 1670 958 amplexus
1697 923 1805 955 fuisset.

1016 971 1053 997 nil
1073 975 1168 997 contra
1194 977 1256 996 eum
1279 969 1444 1004 permissum
1461 975 1521 996 esse
1538 967 1689 1001 Musletnis,
1720 977 1806 1004 neque

1016 1017 1179 1044 Christianis
1198 1016 1363 1051 permissunt
1383 1023 1443 1042 esse
1460 1015 1524 1050 quid
1542 1020 1638 1042 contra
1656 1017 1807 1051 quemlibet

1016 1064 1233 1091 Christianorum
1264 1063 1310 1098 qui
1328 1063 1354 1089 in
1379 1062 1565 1090 Musiemicam
1591 1064 1733 1091 transierit
1765 1071 1806 1091 se-

1017 1115 1100 1138 ctam.
1119 1109 1147 1137 Si
1165 1117 1271 1142 servus,
1287 1109 1461 1138 Christianus
1477 1119 1524 1138 seu
1549 1111 1740 1145 Muslemicus,
1768 1112 1806 1139 vir

1017 1157 1073 1183 sive
1089 1155 1198 1185 femina.
1216 1156 1242 1182 in
1257 1163 1317 1182 eam
1330 1163 1413 1190 quant
1429 1156 1603 1184 deiinivimus
1618 1158 1759 1192 regionem
1774 1166 1806 1185 ex

1017 1201 1069 1228 alia
1099 1201 1260 1236 aufugisset,
1278 1201 1351 1228 haud
1372 1201 1515 1229 celandum
1540 1210 1603 1230 esse
1617 1210 1632 1229 a
1653 1203 1805 1236 Musletnis,

1017 1248 1063 1275 sed
1082 1247 1257 1274 indicandum
1282 1256 1290 1280 ;
1307 1251 1363 1274 tum
1389 1248 1551 1276 solvendum
1578 1256 1640 1276 esse
1657 1257 1672 1276 a
1692 1250 1804 1276 domino

1017 1293 1131 1328 pretium
1147 1293 1181 1320 56
1197 1293 1371 1320 denariorum
1388 1301 1438 1328 pro
1452 1301 1496 1328 eo,
1510 1295 1532 1321 si
1549 1295 1589 1322 rir
1607 1300 1692 1327 esset,
1706 1304 1757 1330 pro
1770 1295 1805 1322 i'e-

1018 1339 1091 1366 mina
1111 1339 1146 1366 20
1162 1339 1291 1366 denarios
1307 1338 1458 1373 Romanos,
1475 1348 1526 1375 pro
1540 1349 1624 1376 puero
1639 1342 1698 1368 sire
1720 1342 1804 1376 puella

1019 1385 1052 1412 £6
1067 1393 1074 1418 ;
1090 1385 1132 1411 sin
1148 1390 1238 1412 autent
1271 1393 1324 1412 non
1338 1385 1490 1420 possideret
1506 1386 1655 1421 (dominus)
1681 1394 1738 1421 quo
1753 1387 1806 1414 sol-

1017 1436 1093 1458 veret
1107 1431 1222 1465 pretium
1239 1430 1418 1463 liberationis,
1434 1439 1449 1458 a
1463 1431 1573 1459 domitto
1589 1433 1736 1460 solrendos
1748 1439 1807 1460 esse

1019 1482 1075 1505 tres
1090 1477 1228 1510 denarios,
1241 1478 1342 1512 quibus
1358 1479 1393 1505 ab
1412 1478 1499 1505 emiro
1508 1479 1636 1513 acceptis.
1652 1480 1801 1506 restituen-

981 1540 1003 1569 ο
1020 1524 1084 1551 dum
1115 1531 1175 1551 esse
1204 1532 1324 1551 servum.
1344 1524 1372 1551 Si
1391 1523 1544 1558 baptizatus
1561 1529 1644 1556 esset,
1666 1525 1714 1559 qtti
1729 1525 1806 1551 auiu-

1020 1569 1114 1604 gisset,
1141 1567 1212 1595 haud
1243 1569 1325 1595 licere
1351 1568 1491 1596 Musletnis
1509 1574 1577 1601 ;eutn
1605 1569 1735 1602 retinere.
1762 1570 1807 1597 sed

1019 1614 1188 1648 pendendum
1209 1621 1269 1640 esse
1284 1613 1378 1640 Emiro
1393 1621 1408 1641 a
1424 1614 1544 1645 dotttitto,
1574 1614 1646 1649 qttod
1671 1615 1809 1642 sancitum

1019 1660 1112 1694 fuerit,
1139 1667 1194 1695 quo
1221 1659 1305 1691 iacto.
1331 1660 1528 1687 restituendum
1553 1668 1614 1688 esse
1641 1668 1765 1688 servum.
1781 1660 1809 1688 Si

1019 1706 1084 1741 quid
1108 1714 1140 1733 cx
1160 1706 1263 1733 dilionc
1288 1705 1411 1733 Romana
1430 1706 1473 1733 i'ur
1489 1707 1627 1741 rapuisset
1641 1712 1667 1735 et
1690 1707 1755 1742 iuga
1781 1715 1810 1735 se

1020 1744 1213 1783 subtraxisset,
1231 1752 1394 1779 mittendum
1413 1760 1474 1780 esse
1490 1753 1524 1779 ah
1541 1752 1633 1780 Entiro
1653 1754 1686 1780 ad
1711 1753 1810 1781 ducem

1020 1797 1157 1824 exercitus
1171 1796 1294 1829 Romani.
1318 1802 1348 1824 ut
1364 1805 1458 1832 poenas
1485 1798 1583 1825 lueret.
1613 1797 1642 1825 Si
1667 1798 1810 1826 Romanus

1020 1842 1149 1876 regiones
1167 1840 1344 1868 Mttsiemicas
1361 1842 1495 1872 t'isitarct.
1512 1843 1584 1870 haud
1602 1843 1807 1877 impediendum

1019 1894 1080 1914 esse
1092 1894 1106 1913 a
1122 1887 1231 1922 negotio
1247 1894 1307 1914 suo.
1325 1887 1353 1913 Si
1370 1887 1526 1921 speculator
1541 1896 1574 1915 ex
1591 1889 1696 1916 ditinne
1711 1888 1811 1916 Musle-

1021 1932 1091 1959 miea
1107 1931 1259 1958 Romanam
1274 1932 1377 1959 intrare
1391 1933 1481 1965 vellet,
1497 1933 1683 1968 arripiendum
1707 1942 1771 1961 esse
1785 1939 1810 1961 et

1021 1975 1049 2002 in
1065 1976 1173 2003 vincula
1197 1976 1408 2011 conjiciendum.
1431 1977 1507 2004 liaud
1522 1978 1701 2005 excidendam
1718 1987 1779 2006 esse
1796 1987 1810 2006 a

1021 2021 1161 2050 Musletnis
1178 2030 1278 2055 arcem,
1296 2030 1346 2051 nec
1374 2031 1472 2050 novam
1497 2025 1712 2058 exstruendam;
1739 2025 1809 2059 quod

1022 2075 1110 2098 autent
1127 2071 1247 2097 excisum
1263 2070 1369 2104 fuisset,
1385 2072 1595 2099 restaurandum
1611 2079 1683 2099 esse.
1701 2071 1808 2099 Nullum

1021 2115 1139 2143 cmirutn
1166 2115 1355 2144 Muslemicunt
1387 2123 1438 2143 nec
1477 2116 1663 2151 recipiendum
1703 2123 1767 2143 esse
1795 2124 1810 2143 a

1023 2161 1162 2189 Musletnis
1175 2169 1264 2197 neque
1288 2162 1322 2188 ab
1338 2162 1393 2188 ttlio
1418 2169 1512 2189 eorum
1528 2167 1625 2196 prmter
1643 2162 1808 2196 Bacdjnrnm

982 2205 1049 2236 Det
1070 2207 1228 2243 Karghujalt
1256 2207 1356 2236 litteris
1386 2215 1446 2235 esse
1471 2207 1637 2235 adeundum.
1663 2207 1712 2234 llis
1733 2208 1811 2242 (Kar-

1020 2255 1120 2291 gltujalt
1136 2259 1163 2281 et
1178 2254 1312 2289 Bacdjnro
1326 2255 1335 2287 )
1353 2254 1469 2283 mortuis
1485 2254 1556 2281 baud
1572 2254 1656 2281 licere
1668 2253 1809 2281 Musletnis

1019 2302 1136 2330 etnirum
1154 2309 1170 2329 e
1191 2302 1301 2336 regione
1319 2300 1475 2328 Mttslemica
1497 2308 1637 2328 arcessere
1663 2307 1756 2335 neque
1780 2299 1810 2326 ab

1020 2349 1029 2384 (
1044 2348 1115 2383 aliis)
1134 2347 1272 2376 iiiusientis
1287 2348 1420 2374 auxilium
1438 2352 1540 2382 petere,
1556 2346 1605 2374 sed
1621 2345 1807 2380 recipiendum

1019 2402 1079 2422 esse
1096 2402 1170 2426 eum,
1196 2394 1241 2429 qui
1259 2393 1294 2421 ab
1320 2394 1482 2427 imperatore
1497 2392 1622 2420 Romano
1646 2400 1680 2419 ex
1707 2392 1810 2419 ditioua

1021 2441 1097 2476 pacis
1116 2441 1218 2467 electus
1242 2439 1336 2466 fuerit.
1362 2438 1429 2466 Post
1455 2443 1569 2467 mortem
1597 2438 1758 2473 Kargltujah
1785 2441 1809 2464 et

1021 2485 1147 2520 Bacdjttri
1159 2485 1380 2513 constituendum
1395 2492 1455 2512 esse
1470 2485 1505 2511 ab
1516 2485 1681 2519 itttperatore
1689 2484 1807 2518 judicent

1021 2532 1031 2568 (
1045 2531 1130 2559 Kaditi
1147 2530 1156 2567 )
1172 2540 1186 2559 e
1201 2531 1351 2563 Musletnis.
1369 2531 1416 2564 qui
1444 2532 1597 2558 secundum
1621 2530 1696 2566 leges
1712 2537 1807 2558 eorum

1018 2579 1066 2614 jtts
1080 2578 1192 2606 diceret.
1212 2578 1314 2606 Graecis
1329 2578 1411 2605 licere
1433 2577 1589 2605 destructas
1603 2576 1631 2603 itt
1658 2575 1702 2602 his
1720 2576 1809 2610 regio-

1022 2625 1103 2652 nibus
1118 2624 1247 2652 ccclesias
1261 2630 1415 2652 restaurare
1431 2633 1438 2656 ;
1458 2623 1590 2658 patricios
1605 2626 1632 2649 et
1650 2622 1806 2656 episeopos.

1021 2671 1069 2707 qui
1092 2670 1125 2697 ad
1149 2669 1295 2698 Musletnos
1319 2670 1504 2705 pervenirent,
1521 2677 1570 2704 pro
1597 2667 1732 2702 dignitate
1749 2672 1808 2693 esse

1022 2717 1206 2753 accipiendos.
1218 2716 1297 2750 Quod
1316 2723 1407 2743 autem
1427 2715 1525 2743 attinet
1544 2715 1578 2742 ad
1599 2715 1754 2750 portorium
1774 2718 1807 2738 cx

1022 2766 1126 2793 (titione
1139 2766 1260 2792 Romana
1274 2763 1449 2798 exigendum,
1465 2764 1591 2802 paetionp
1605 2761 1739 2791 sancitum
1754 2764 1811 2794 est,

219 2872 275 2906 (l0)
292 2870 396 2899 Nomen
414 2872 440 2899 in
472 2872 564 2900 codice
578 2871 685 2906 punctis
710 2871 858 2899 dinrt‘ilitiis
884 2873 966 2899 vat-vt,
987 2868 1100 2903 ilenque
1117 2866 1225 2894 incerte
1243 2869 1285 2893 est
1301 2865 1454 2900 scriptura.
