1913 3068
82 136 142 169 it?!)

770 128 1013 161 FRAGMENTA.

1625 128 1695 161 1030

120 193 174 219 Ἐπὶ
188 189 342 224 Αὐγούστου
359 187 393 223 βα
400 187 491 218 πλέως
503 186 667 222 γεγέννηται
683 186 712 212 ὲν
729 185 855 222 σπηλαίῳ

945 187 1000 214 Sub
1014 188 1136 222 Augusto
1153 187 1318 222 imperatore
1332 190 1415 214 natus
1434 191 1477 214 est
1501 186 1529 214 in
1553 188 1695 221 spelunca,

87 239 160 276 μηνὸς
173 234 337 271 Δεκεμϐρίου
355 233 405 261 κε’.

121 283 181 311 uno
198 282 282 317 Ἀδὰμ
298 281 379 316 μέχρι
397 279 458 306 Νῶε
474 279 521 313 ἐτη
535 278 626 314 βσμβ’.

114 329 163 358 Καὶ
178 328 230 355 ἀπδ
247 327 295 354 τοῦ
312 327 373 354 Νῶε
387 326 440 358 ἕως
453 324 500 352 τοῦ
522 324 649 360 Ἀϐραὰμ
667 323 717 360 ἐτη
732 326 801 360 apo’.

115 375 164 402 Καὶ
177 373 230 400 ἀπὸ
249 371 374 408 ’Δόραὰμ
387 371 439 400 ἕως
452 370 572 402 Μωσέως
590 369 636 405 ἔτη
658 369 728 404 υμᾶ.

115 421 163 448 Καὶ
175 418 225 446 ἀπὸ
240 417 363 448 Μωσέως
377 416 429 447 ἕως
446 415 528 442 Δαὸὶδ
542 415 589 450 ἔτη
606 413 682 448 φςίν.

114 466 164 493 Καὶ
181 465 233 492 ἀπὺ
257 462 340 490 Δαόὶδ
359 462 412 494 ἕως
426 461 474 489 τοῦ
494 459 613 497 Χριστοῦ
638 459 687 495 ἐτη
703 457 775 495 αμέ,
800 458 859 494 αμα

84 513 124 540 ἐτη
137 514 184 540 ω’.

195 554 224 581 δὲ
245 553 296 587 τῆς
317 550 553 586 ὲνανῡρωπήσεως
569 549 617 577 τοῦ
637 548 758 586 Χριστοῦ
777 549 860 586 μέχρι

84 602 127 637 τῆς
142 600 193 627 τῶν
208 599 312 633 Μάγων
327 596 480 633 παρουσίας
495 594 528 631 β’.

116 647 150 683 (ί)
162 646 213 672 Καὶ
221 644 275 672 ἀπὸ
287 644 336 679 τῆς
349 645 388 674 είς
400 642 539 676 Αιγυπτον
551 641 702 676 φυγαδείας
715 640 796 677 μέχρι
809 640 859 675 τῆς

85 693 203 727 τελευτῆς
225 690 346 726 Ἡρώδου
368 688 426 716 υίοῦ
454 687 633 722 Ἀντιπάτρου
653 688 701 722 ἐτη
717 689 752 721 γ’.

116 737 282 774 Παρῲκησαν
298 736 328 762 ὲν
342 734 473 769 Αἰγύπτῳ
496 734 525 760 ἐν
550 732 722 760 Ἡλιουπόλει
739 734 772 768 τῇ
790 731 861 759 κατὰ

84 783 186 819 Μέμφιν
201 782 250 817 ἐτη
267 784 302 815 γ’.

120 830 182 856 ’Δπδ
202 829 233 855 δὲ
254 828 304 863 τῆς
328 826 397 862 πρὸς
412 826 558 854 Γαλιλαίαν
581 825 622 857 είς
645 823 680 851 τὰ
701 824 755 851 ἴδια
772 822 863 851 αὐτῶν

85 875 202 903 ἐπάνοδον
219 874 301 910 μέχρι
317 873 367 907 τῆς
380 872 509 906 τελευτῆς
528 869 677 906 ’Δρχελάου
691 870 739 904 ἐτη
753 868 796 897 t0'.

116 921 163 947 Σὺν
177 919 215 955 τῷ
238 919 376 955 Ἀρχελάῳ
386 917 500 953 τελευτᾷ
513 917 560 944 καὶ
573 915 728 951 Αῠγουστος
742 916 789 951 ἔτη
806 914 862 950 πη’,

86 966 239 1002 βασιλεύσας
257 965 293 1001 (2)
308 964 356 1000 ἔτη
372 963 428 995 νς¹.

121 1012 183 1038 Ἀπὸ
198 1012 228 1038 δὲ
249 1010 379 1046 τελευτῆς
403 1009 552 1045 ’Δρχελάου
571 1007 653 1044 μέχρι
676 1006 864 1043 βαπτίσματος

85 1058 126 1085 τοῦ
142 1056 260 1093 Χριστοῦ
276 1057 323 1092 ἐτη
335 1055 372 1091 γ’,
384 1055 452 1090 ὁμοῦ
465 1055 513 1090 ἐτη
528 1054 561 1081 λ’.

122 1103 183 1130 ’Δπὺ
198 1103 228 1130 δὲ
241 1102 289 1129 τοῦ
308 1102 498 1137 βαπτίσματος
513 1099 560 1126 τοῦ
579 1097 699 1135 Χριστοῦ
717 1097 798 1134 μέχρι
815 1097 864 1131 τῆς

85 1149 125 1176 τοῦ
140 1149 275 1184 Ζαχαρίου
288 1147 439 1178 λιϐοὸολίας
453 1147 512 1178 ἔτος
529 1144 565 1174 α’.

118 1195 152 1230 (5)
172 1195 239 1221 Ἀπὸ
252 1194 281 1221 δὲ
294 1194 345 1229 τῆς
359 1192 487 1228 τελευτῆς
497 1191 594 1218 τούτου
612 1191 694 1227 μέχρι
710 1190 758 1225 τῆς
776 1188 866 1215 Ἰωάν-

87 1250 127 1268 νου
141 1240 196 1268 υἱοῦ
211 1240 296 1267 αὑτοῦ
313 1241 364 1274 τῆς
379 1239 427 1266 ἐπὶ
449 1238 570 1274 Ἡρώδου
585 1237 633 1264 τοῦ
655 1236 789 1272 νεωτέρου
806 1233 866 1261 υἱοῦ

91 1287 231 1322 Ἀρχελάου
248 1288 278 1313 ἐν
289 1287 322 1322 τῇ
333 1285 442 1321 φρουρᾷ
455 1283 600 1319 γεγονυίας
612 1282 672 1315 ἔτος
688 1281 723 1309 α’.

118 1333 169 1358 Καὶ
185 1333 240 1359 ἀπὸ
254 1331 384 1366 τελευτῆς
405 1330 529 1357 Ἰωάννου
555 1329 637 1364 μέχρι
658 1326 706 1354 τοῦ
731 1325 866 1362 σωτηρίου

88 1377 182 1409 πάθους
196 1378 286 1412 μῆνας
299 1376 337 1409 ς’.
801 1404 803 1406 ,

119 1423 214 1458 Ἐζησε
227 1423 284 1459 γὰρ
303 1422 429 1458 Ἰωάννης
445 1421 459 1448 ὸ
473 1420 626 1455 Βαπτιστὴς
643 1419 690 1454 ἔτη
708 1418 748 1453 λγ¹
765 1417 816 1453 (4)·
833 1417 868 1444 τὰ

89 1467 133 1501 μὲν
145 1467 175 1494 λ’·
194 1468 347 1504 ὑποχωρῶν
371 1469 400 1495 ἐν
415 1469 472 1499 τοίς
493 1467 607 1502 ἐρήμοις
620 1486 627 1497 ,
642 1466 676 1492 τὰ
693 1464 722 1491 δὲ
738 1464 801 1498 τρία
818 1463 868 1498 βα-

89 1513 183 1546 πτίζων
218 1516 248 1541 ὲν
284 1514 431 1549 Ἰωρδὰνη,
462 1513 510 1540 καὶ
536 1509 680 1547 κηρύττων
710 1511 866 1546 μετάνοιαν.

94 1559 223 1592 Ὡσαύτως
243 1560 292 1586 καὶ
309 1560 323 1586 ὁ
338 1559 441 1595 Κύριος
454 1557 533 1593 ἡμῶν
549 1556 653 1592 Ἰησοῦς
667 1556 786 1592 Χριστὸς
807 1562 868 1590 τρι-

89 1604 183 1632 άκοντα
194 1606 242 1641 ἐτη
259 1607 289 1633 ἑν
302 1607 358 1637 τοῖς
371 1604 507 1635 παιδικοῖς
521 1603 607 1638 διῆξε.

120 1651 193 1677 Μετὰ
213 1651 242 1678 δὲ
265 1652 296 1678 τὸ
325 1651 467 1686 βάπτισμα
490 1649 637 1682 ἐπελέξατο
654 1648 719 1679 τοὺς
745 1646 870 1683 μαθητὰς

90 1696 231 1731 κηρύσσειν
248 1698 299 1733 τὴν
319 1697 401 1724 αὐτοῦ
417 1695 556 1732 βασιλείαν
571 1695 624 1726 ἕως
641 1693 760 1729 σταυροῦ
773 1692 821 1728 ἐτη
833 1695 867 1726 γ’.

120 1745 198 1773 Ὅθεν
212 1747 238 1773 οἱ
254 1745 284 1770 ὲν
307 1743 409 1778 Νικαία
432 1742 553 1777 Πατέρες
572 1740 739 1773 διετάξαντο,
760 1740 796 1774 μή
811 1747 870 1774 χει-

91 1794 199 1826 ροτονεῖν
220 1790 408 1827 πρεσϐύτερον
424 1789 477 1824 πρὸ
492 1787 560 1815 ὲτῶν
575 1786 721 1822 τριάκοντα
731 1805 737 1817 ,
751 1784 868 1820 ἀρκετὸν

89 1838 203 1870 εἰπόντες
215 1838 255 1873 τῷ
267 1836 376 1872 μαθητῇ
388 1835 417 1862 τὺ
428 1834 474 1861 τοῦ
486 1832 659 1864 διδασκάλου,
671 1831 719 1858 καὶ
734 1830 774 1866 τῷ
786 1829 871 1865 δούλῳ

89 1883 116 1909 τὸ
129 1884 173 1910 τοῦ
189 1884 286 1920 κυρίου
302 1881 396 1909 αὑτοῦ.

125 1929 188 1955 ’Δπδ
200 1928 229 1955 δὲ
241 1927 290 1954 τοῦ
306 1925 441 1961 σωτηρίου
457 1923 571 1956 πάθους,
584 1922 632 1950 καὶ
646 1922 697 1957 τῆς
712 1920 872 1956 ἀναλήψεως

89 1973 148 2008 ἄχρι
163 1975 212 2009 τῆς
228 1973 277 2000 τοῦ
299 1972 437 2007 Στεφάνου
456 1969 609 2000 λιθοϐολίας
630 1967 678 2002 ἐτη
695 1966 728 1999 ζ’,
748 1967 796 1993 καὶ
818 1965 874 1992 ἀπὸ

89 2019 184 2054 ταύτης
197 2020 279 2055 μέχρι
290 2018 339 2045 τοῦ
351 2017 480 2052 φανέντος
489 2015 528 2051 τῷ
539 2015 632 2050 Σαύλῳ
641 2013 730 2048 φωτὸς
741 2012 825 2048 μῆνες
835 2009 872 2043 ς’.

121 2065 173 2091 Καὶ
194 2065 249 2092 άπὸ
271 2064 464 2100 βαπτίσματος
491 2062 539 2089 καὶ
561 2061 740 2097 κηρύγματος
764 2059 873 2086 Παύλου

91 2109 167 2145 μέχρι
181 2111 342 2146 ἀναλήψεως
356 2110 407 2144 τῆς
424 2109 572 2143 Δεσποίνης
589 2107 668 2143 ἡμῶν
685 2104 873 2142 ὑπεραμὼμου

91 2153 133 2190 ἔτη
149 2157 222 2191 τρία,
234 2156 303 2192 ὁμοῦ
319 2155 367 2191 ἔτη
383 2155 434 2191 μδ’.

906 240 999 261 mense
1014 232 1169 260 Decembris
1182 232 1226 259 die
1238 232 1283 259 25.

943 279 984 306 Ab
999 279 1085 306 Adam
1099 285 1186 312 usque
1204 277 1237 304 ad
1252 277 1308 305 Noe
1321 279 1384 304 anni
1398 278 1480 305 22H.

944 323 976 350 Et
992 331 1008 350 a
1024 322 1080 350 Noe
1093 329 1181 357 usque
1195 323 1227 348 ad
1236 322 1375 349 Abraham
1395 324 1460 350 anni
1474 324 1552 352 H70.

944 369 977 396 Et
992 369 1026 396 ab
1041 369 1178 396 Abraham
1192 375 1279 403 uSque
1299 368 1332 395 ad
1349 368 1466 404 Moysem
1483 371 1547 397 anni
1559 370 1622 397 444.

943 415 977 442 Et
991 422 1005 442 a
1023 414 1113 449 Moyse
1128 421 1214 449 usque
1227 414 1260 441 ad
1276 414 1360 441 David
1378 415 1441 441 anni
1459 415 1520 443 599.

944 460 978 488 Et
993 468 1008 488 a
1028 460 1113 488 David
1130 467 1218 495 usque
1232 459 1265 487 ad
1286 459 1426 487 Christum
1445 462 1508 488 anni
1523 461 1603 494 1οη,
1615 462 1697 489 simul

909 507 973 534 anni
990 507 1071 534 5500.

946 554 969 579 A
984 553 1084 581 Christi
1099 553 1287 582 incarnatione
1303 559 1392 582 autem
1409 561 1496 589 usque
1508 554 1542 581 ad
1557 553 1698 590 Magorum

911 597 1061 626 adventum
1073 599 1136 626 anui
1155 599 1221 627 duo.

948 644 981 671 Et
991 652 1006 672 a
1018 644 1081 678 iuga
1095 644 1122 671 in
1134 644 1280 679 Egyptum
1296 653 1383 681 usque
1400 645 1434 673 ad
1448 650 1564 673 mortem
1587 645 1702 673 Herodis

913 691 961 719 ﬁlii
974 691 1110 725 Antipatri
1124 692 1188 718 anni
1208 696 1274 719 tres.

948 737 1112 765 Habitarunt
1130 737 1156 764 in
1171 736 1290 772 Egyplo
1318 737 1450 772 llcliopoii
1465 739 1544 772 juxta
1563 737 1701 772 Memphin

856 806 860 810 .
913 783 992 811 anuis
1009 784 1035 811 5.

949 830 971 856 A
991 837 1117 864 regressu
1135 836 1201 856 vero
1227 829 1349 864 ipsorum
1375 830 1408 857 ad
1431 829 1540 864 propria
1570 829 1597 855 in
1626 828 1703 856 Gali-

914 875 1002 908 laeam,
1020 883 1106 909 usque
1121 875 1153 902 ad
1171 881 1286 902 mortem
1301 875 1428 903 Archelai
1453 875 1517 902 anni
1534 874 1576 901 l9.

949 920 1017 948 Cum
1043 921 1176 948 Archelao
1203 921 1321 948 moritur
1350 924 1378 948 et
1405 921 1546 955 Augustus
1568 926 1641 946 anno
1657 918 1702 951 88,

913 966 990 1001 regni
1005 965 1049 993 56.

949 1012 973 1038 A
994 1015 1082 1040 morte
1107 1019 1174 1040 vero
1204 1011 1330 1039 Archelai
1360 1018 1447 1047 usque
1476 1011 1510 1039 ad
1537 1011 1704 1047 baptismum

913 1056 1015 1084 Christi
1033 1065 1078 1086 an.
1089 1057 1116 1089 3,
1127 1057 1208 1084 simul
1223 1065 1268 1084 an.
1280 1056 1324 1084 50.

950 1103 973 1130 A
993 1104 1157 1138 baptismate
1171 1109 1262 1132 autem
1279 1103 1381 1131 Christi
1406 1111 1492 1139 usque
1508 1103 1541 1131 ad
1560 1103 1705 1139 lapidatio-

916 1157 977 1177 nem
991 1149 1130 1177 Zacharirc
1145 1157 1191 1177 an.
1206 1158 1289 1177 unus.

953 1196 973 1222 A
999 1200 1085 1223 morte
1114 1203 1179 1223 vero
1203 1195 1342 1223 Zachariae
1365 1202 1453 1230 usque
1475 1196 1507 1222 ad
1525 1195 1639 1222 Joannis
1659 1195 1705 1222 lilii

918 1240 1004 1275 ipsius
1017 1246 1147 1273 mortem,
1162 1241 1214 1268 sub
1226 1239 1331 1268 Herode
1342 1239 1454 1274 juniore
1466 1240 1593 1267 Archelai
1609 1240 1665 1266 tilio
1679 1240 1705 1266 iu

917 1294 1027 1314 carcere
1040 1291 1174 1321 patratam
1188 1294 1234 1313 an.
1245 1294 1326 1314 unus.

955 1331 987 1359 Et
1011 1339 1026 1359 a
1050 1335 1138 1359 morte
1154 1330 1268 1359 Joannis
1279 1338 1366 1366 usque
1377 1332 1412 1358 ad
1436 1331 1585 1359 salviﬁcam
1601 1331 1706 1367 passio-

920 1386 982 1405 nem
999 1386 1106 1406 menses
1121 1378 1149 1405 6.

956 1423 1029 1450 Vixit
1050 1423 1124 1451 enim
1139 1423 1260 1452 Joannes
1286 1423 1406 1458 Baptista
1433 1423 1514 1451 annis
1529 1423 1575 1456 55.
1596 1423 1707 1458 triginta

920 1470 1029 1503 quidem
1053 1469 1080 1496 in
1097 1477 1208 1501 eremo;
1228 1470 1316 1497 tribus
1333 1477 1397 1496 vero
1416 1470 1497 1496 anuis
1517 1469 1665 1503 baptizavit
1680 1470 1707 1496 in

881 1525 903 1554 ο
918 1512 1038 1541 Jordane
1064 1515 1216 1549 praedicans
1231 1514 1432 1550 penitentiam.
1453 1514 1553 1548 Sicque
1578 1513 1710 1542 Dominus

921 1564 1015 1587 noster
1033 1558 1114 1588 Jesus
1139 1560 1266 1588 Christus
1291 1559 1402 1595 triginta
1422 1560 1504 1588 annis
1525 1559 1553 1587 in
1565 1559 1710 1595 iuventute

920 1604 997 1632 vixit.

955 1652 1022 1679 Post
1036 1650 1203 1686 baptismum
1220 1658 1284 1678 vero
1297 1650 1379 1686 elegit
1391 1651 1552 1686 discipulos,
1568 1656 1598 1679 ut
1612 1650 1712 1686 pradi-

921 1701 1015 1724 carent
1028 1703 1140 1731 regnum
1156 1704 1248 1729 suum,
1263 1704 1350 1732 usque
1363 1697 1396 1724 ad
1411 1704 1521 1725 crucem
1537 1697 1616 1724 annis
1629 1697 1656 1724 5.

958 1742 1035 1770 Unde
1062 1741 1158 1770 Patres
1178 1743 1205 1770 in
1225 1741 1332 1770 Nicaana
1357 1744 1461 1779 synodo
1487 1747 1652 1775 statuerunt,
1683 1747 1714 1771 ut

922 1796 977 1816 non
1008 1789 1201 1817 ordinarentur
1216 1790 1367 1825 presbyteri
1388 1793 1451 1818 ante
1481 1789 1592 1825 triginta
1612 1798 1712 1821 annos.

922 1835 1105 1870 dixeruntque
1117 1835 1241 1863 subicere
1261 1836 1414 1871 discipulo,
1431 1842 1458 1864 ut
1478 1837 1513 1864 sit
1532 1838 1604 1864 sicut
1627 1837 1715 1871 mugi-

922 1886 978 1908 stcr
992 1889 1000 1914 ;
1018 1885 1044 1908 ct
1060 1888 1151 1913 servo,
1168 1885 1198 1908 ut
1213 1881 1249 1909 sit
1261 1882 1331 1908 sicut
1346 1881 1476 1910 dominus
1494 1882 1565 1916 ejus.

957 1926 980 1952 A
1001 1925 1120 1952 salvitica
1146 1933 1211 1953 vero
1231 1926 1370 1961 passione,
1388 1930 1415 1954 et
1436 1927 1611 1960 ascensione,
1624 1935 1716 1962 usque

923 1970 956 1998 ad
974 1970 1106 2005 Stephani
1135 1970 1331 2005 lapidationem
1347 1972 1412 1998 anui
1431 1972 1457 2005 7,
1472 1973 1549 1999 etab
1565 1973 1609 2000 illa
1627 1981 1714 2008 usque

923 2014 956 2042 ad
977 2015 1076 2047 lucem,
1092 2022 1153 2050 qua:
1163 2014 1247 2042 Paulo
1264 2016 1390 2051 apparuit
1404 2036 1412 2048 ,
1434 2024 1543 2044 menses
1561 2024 1623 2044 sex.

927 2089 932 2092 _
959 2059 991 2088 Et
1006 2068 1021 2088 a
1035 2060 1112 2088 Pauli
1128 2061 1292 2096 baptismate
1307 2068 1340 2088 ac
1364 2062 1558 2096 praedicatione
1578 2070 1667 2098 usque
1677 2063 1713 2091 ad

923 2106 1046 2134 Dominae.
1073 2112 1173 2135 nostra:
1192 2115 1322 2142 perquam
1340 2108 1522 2137 immaculata
1545 2110 1714 2145 assumptio-

925 2161 987 2181 ncm
1003 2158 1067 2181 sunt
1082 2154 1145 2181 auiti
1159 2154 1393 2187 tres,simulanni
1410 2155 1456 2182 44.

121 2202 222 2238 Ἐζησε
234 2201 291 2238 γὰρ
307 2202 358 2229 σὺν
371 2202 405 2237 τῇ
421 2201 612 2237 ὰνθρωπότητι
627 2201 644 2236 ἡ
656 2200 794 2235 πάναγνος
807 2200 868 2227 Θεο-

961 2200 1033 2228 Vixit
1049 2199 1122 2228 enim
1143 2201 1213 2227 inter
1238 2200 1363 2228 homines
1389 2201 1536 2236 purissima
1555 2201 1671 2237 Deipara
1685 2202 1715 2230 in

91 2245 163 2278 τόκος
176 2248 204 2273 ἐν
217 2247 258 2280 τῷ
269 2246 325 2282 ναῷ
336 2246 384 2283 ἐτη
397 2246 439 2279 ιδ’,
451 2247 480 2273 ὲν
492 2245 531 2281 τῷ
541 2246 606 2281 οῐκῳ
626 2246 727 2281 Ἰωσὴφ
742 2247 830 2281 μῆνας
840 2245 873 2278 δ’,

89 2291 133 2318 καὶ
145 2291 328 2327 εὐηγγελίσθη
339 2311 346 2324 ,
365 2291 411 2319 καὶ
424 2290 594 2318 συλλαϐοῦσα
616 2290 693 2317 ἔτεκε
709 2291 756 2318 τδν
771 2290 873 2326 Κύριον

90 2335 162 2370 ἡμῶν
184 2337 291 2373 Ἰησοῦν
305 2336 432 2372 Χριστὸν,
447 2335 514 2372 ὁμοῦ
529 2335 576 2372 ἔτη
593 2335 634 2363 ια’.

89 2465 102 2492 ι
128 2421 193 2448 ’Λπὺ
207 2422 237 2449 δὲ
254 2423 305 2458 τῆς
321 2423 555 2460 ὲνανῢρωπήσεως
572 2423 619 2450 τοῦ
641 2423 760 2460 Χριστοῦ
776 2423 874 2460 ἔζησεν

106 2475 132 2492 :n
144 2467 192 2492 λιν.

106 2475 132 2496 τη
144 2475 192 2496 ΛΥ.

144 2471 156 2494 λ
183 2487 192 2496 ο

117 2471 263 2550 ῗῦἷἝως
283 2516 446 2552 ἀναλήψεως
468 2516 516 2544 τοῦ
539 2516 659 2552 Χριστοῦ
684 2517 714 2544 ἒν
739 2515 779 2553 τῷ
806 2516 875 2552 οἴκῳ

95 2558 215 2589 Ἰωάννου
232 2562 282 2597 ἐτη
299 2565 345 2589 ια’.

93 2649 348 2696 ρ-(ίλείὶὶοιξρσξρὶι
364 2650 548 2687 fragmentum
571 2651 707 2688 Hippolyti
722 2652 845 2681 Thebani
862 2661 877 2681 a

94 2687 198 2712 lianisio
213 2687 328 2713 editum.

125 2720 163 2757 (ἓ)
178 2720 242 2757 llaec
259 2721 369 2749 omnino
384 2721 464 2749 aliter
478 2721 613 2749 habentur
626 2722 697 2757 apud
721 2722 874 2751 Canisium.

93 2756 163 2816 si}?
184 2756 235 2783 Hic
258 2757 389 2784 nonnulla
408 2757 462 2784 alia
477 2756 679 2785 interseruntur
701 2759 771 2793 apud
793 2759 875 2787 Cani—

127 2825 164 2860 (4)
175 2825 254 2862 Legit
267 2827 392 2855 Canlsius
405 2825 450 2860 λς’
466 2835 515 2855 seu
539 2827 585 2861 56,
609 2827 655 2856 sed
677 2835 802 2861 crrouce,
821 2837 875 2857 non

927 2245 1028 2280 templo
1043 2245 1123 2273 annis
1152 2247 1195 2277 14,
1214 2246 1241 2273 in
1255 2246 1338 2274 domo
1358 2245 1462 2282 Joseph
1487 2247 1626 2276 mensibus
1642 2248 1670 2281 4,
1687 2253 1715 2276 et

927 2291 1099 2318 annuntiatio
1130 2291 1156 2318 ei
1180 2291 1252 2318 facta
1269 2296 1321 2324 est,
1343 2297 1369 2319 ct
1395 2292 1530 2327 concepit,
1558 2294 1718 2329 peperitque

928 2335 1072 2363 Dominum
1090 2341 1213 2364 n0strum
1237 2336 1331 2365 Jesum
1357 2337 1517 2372 Christum,
1533 2338 1615 2366 simul
1636 2340 1720 2366 annis

931 2382 972 2409 I5.

966 2428 1203 2456 Abincarnatione
1218 2437 1285 2457 vero
1302 2429 1403 2457 Christi
1421 2429 1488 2457 vixit
1500 2428 1588 2457 annos
1600 2430 1646 2457 55.

964 2516 1057 2552 Usque
1068 2517 1101 2545 ad
1113 2518 1330 2554 assumptionem
1351 2518 1454 2546 Christi
1475 2517 1502 2545 in
1509 2517 1591 2545 domo
1603 2515 1719 2545 Joannis

927 2563 992 2590 anni
1010 2563 1052 2591 11.

927 2655 999 2696 enim
1013 2654 1084 2696 vixit
1111 2653 1181 2682 ultra
1196 2653 1233 2683 53
1249 2661 1346 2688 annos,
1362 2654 1436 2682 unde
1456 2657 1551 2681 nostra
1577 2652 1656 2681 lectio
1675 2660 1718 2681 re-

926 2689 1106 2760 mislidxliter
1121 2724 1182 2753 haec
1202 2725 1282 2752 habet
1297 2724 1364 2752 Can.
1386 2723 1423 2751 ita
1446 2724 1538 2760 legens
1549 2732 1563 2760 ﬂ:
1579 2723 1634 2760 Rati:
1650 2723 1720 2757 peri:

924 2758 974 2794 τὴν
992 2759 1127 2795 ᾲνάὶηψιν
1141 2761 1191 2786 τοῦ
1207 2761 1320 2794 Κυρίου,
1339 2759 1436 2795 ἔζησεν
1452 2758 1573 2795 σῦνγτοῖς
1584 2758 1719 2795 μαθηταζς

924 2791 1006 2831 αρτοῦ
1022 2795 1051 2821 ὲν
1118 2795 1161 2831 ei):
1167 2804 1189 2831 ῳ
1201 2791 1324 2822 Ἰωάννου
1340 2791 1387 2821 τοῦ
1398 2791 1596 2831 Εὑαγγελιστοῦ
1672 2791 1718 2831 ια’.

929 2828 964 2855 Et
988 2834 1045 2863 post
1068 2828 1182 2858 Domina"
1198 2831 1406 2864 assumptiouem
1428 2838 1486 2856 cum
1504 2828 1641 2863 discipulit
1660 2829 1718 2862 ejus
