  <div class='ocr_page' id='page_1' title='image "/cluster/home/n/w/nwhite01/storage/ocr_20150623/117/njp.32101010943940/630.png"; bbox 0 0 1913 3068; ppageno 0'>
   <div class='ocr_carea' id='block_1_1' title="bbox 100 91 160 124">
    <p class='ocr_par' dir='ltr' id='par_1_1' title="bbox 100 91 160 124">
     <span class='ocr_line' id='line_1_1' title="bbox 100 91 160 124; baseline -0.017 0"><span class='ocrx_word' id='word_1_1' title='bbox 100 91 160 124; x_wconf 67' lang='grc'><strong>1019</strong></span> 
     </span>
    </p>
   </div>
   <div class='ocr_carea' id='block_1_2' title="bbox 783 95 1024 127">
    <p class='ocr_par' dir='ltr' id='par_1_2' title="bbox 783 95 1024 127">
     <span class='ocr_line' id='line_1_2' title="bbox 783 95 1024 127; baseline 0.017 -4"><span class='ocrx_word' id='word_1_2' title='bbox 783 95 1024 127; x_wconf 74' lang='lat' dir='ltr'><strong>FRAGMENTA.</strong></span> 
     </span>
    </p>
   </div>
   <div class='ocr_carea' id='block_1_3' title="bbox 1653 100 1722 133">
    <p class='ocr_par' dir='ltr' id='par_1_3' title="bbox 1653 100 1722 133">
     <span class='ocr_line' id='line_1_3' title="bbox 1653 100 1722 133; baseline -0.014 0"><span class='ocrx_word' id='word_1_3' title='bbox 1653 100 1722 133; x_wconf 77' lang='lat'><strong>1050</strong></span> 
     </span>
    </p>
   </div>
   <div class='ocr_carea' id='block_1_4' title="bbox 134 148 885 198">
    <p class='ocr_par' dir='ltr' id='par_1_4' title="bbox 134 148 880 188">
     <span class='ocr_line' id='line_1_4' title="bbox 134 148 880 188; baseline 0.005 -13"><span class='ocrx_word' id='word_1_4' title='bbox 134 149 198 176; x_wconf 63' lang='lat' dir='ltr'><strong>‘Aat‘:</strong></span> <span class='ocrx_word' id='word_1_5' title='bbox 213 149 240 175; x_wconf 83' lang='grc' dir='ltr'><strong>δὲ</strong></span> <span class='ocrx_word' id='word_1_6' title='bbox 251 148 298 176; x_wconf 71' lang='grc' dir='ltr'>τοῦ</span> <span class='ocrx_word' id='word_1_7' title='bbox 311 149 506 184; x_wconf 69' lang='grc' dir='ltr'><strong>κατακλυσμοῦ</strong></span> <span class='ocrx_word' id='word_1_8' title='bbox 527 150 578 183; x_wconf 68' lang='grc' dir='ltr'>ἕως</span> <span class='ocrx_word' id='word_1_9' title='bbox 599 150 737 187; x_wconf 73' lang='grc' dir='ltr'>Ἀϐραὰμ,</span> <span class='ocrx_word' id='word_1_10' title='bbox 754 152 798 179; x_wconf 81' lang='grc' dir='ltr'>ὅτε</span> <span class='ocrx_word' id='word_1_11' title='bbox 815 161 880 188; x_wconf 80' lang='grc' dir='ltr'>μετ-</span> 
     </span>
    </p>
   </div>
   <div class='ocr_carea' id='block_1_5' title="bbox 942 148 1724 198">
    <p class='ocr_par' dir='ltr' id='par_1_5' title="bbox 970 155 1724 192">
     <span class='ocr_line' id='line_1_5' title="bbox 970 155 1724 192; baseline 0.004 -11"><span class='ocrx_word' id='word_1_12' title='bbox 970 155 989 181; x_wconf 87' lang='lat' dir='ltr'><strong>A</strong></span> <span class='ocrx_word' id='word_1_13' title='bbox 1005 155 1107 182; x_wconf 74' lang='lat' dir='ltr'><strong>diluvio</strong></span> <span class='ocrx_word' id='word_1_14' title='bbox 1119 163 1204 190; x_wconf 83' lang='lat' dir='ltr'><strong>usque</strong></span> <span class='ocrx_word' id='word_1_15' title='bbox 1216 156 1249 183; x_wconf 91' lang='lat' dir='ltr'><strong>ad</strong></span> <span class='ocrx_word' id='word_1_16' title='bbox 1261 157 1410 191; x_wconf 78' lang='lat' dir='ltr'><strong>Abraham,</strong></span> <span class='ocrx_word' id='word_1_17' title='bbox 1421 158 1531 192; x_wconf 87' lang='lat' dir='ltr'><strong>quando</strong></span> <span class='ocrx_word' id='word_1_18' title='bbox 1543 158 1724 192; x_wconf 74' lang='lat' dir='ltr'><strong>transmigra-</strong></span> 
     </span>
    </p>
   </div>
   <div class='ocr_carea' id='block_1_6' title="bbox 107 195 881 233">
    <p class='ocr_par' dir='ltr' id='par_1_6' title="bbox 107 195 881 233">
     <span class='ocr_line' id='line_1_6' title="bbox 107 195 881 233; baseline 0.003 -10"><span class='ocrx_word' id='word_1_19' title='bbox 107 198 207 233; x_wconf 65' lang='grc' dir='ltr'>[ξικησεν</span> <span class='ocrx_word' id='word_1_20' title='bbox 228 196 269 227; x_wconf 77' lang='grc' dir='ltr'><strong>είς</strong></span> <span class='ocrx_word' id='word_1_21' title='bbox 304 195 357 230; x_wconf 82' lang='grc' dir='ltr'>γῆν</span> <span class='ocrx_word' id='word_1_22' title='bbox 385 195 498 222; x_wconf 83' lang='grc' dir='ltr'>Χαναὰν</span> <span class='ocrx_word' id='word_1_23' title='bbox 521 196 553 223; x_wconf 84' lang='grc' dir='ltr'>ὲκ</span> <span class='ocrx_word' id='word_1_24' title='bbox 580 197 629 231; x_wconf 84' lang='grc' dir='ltr'>τῆς</span> <span class='ocrx_word' id='word_1_25' title='bbox 657 197 881 232; x_wconf 79' lang='grc' dir='ltr'><strong>Μεσοποταμίας,</strong></span> 
     </span>
    </p>
   </div>
   <div class='ocr_carea' id='block_1_7' title="bbox 106 241 884 279">
    <p class='ocr_par' dir='ltr' id='par_1_7' title="bbox 106 241 884 279">
     <span class='ocr_line' id='line_1_7' title="bbox 106 241 884 279; baseline 0.004 -10"><span class='ocrx_word' id='word_1_26' title='bbox 106 244 191 278; x_wconf 74' lang='grc' dir='ltr'>γενεαὶ</span> <span class='ocrx_word' id='word_1_27' title='bbox 215 245 241 274; x_wconf 87' lang='grc' dir='ltr'><strong>ι’,</strong></span> <span class='ocrx_word' id='word_1_28' title='bbox 258 243 306 277; x_wconf 78' lang='grc' dir='ltr'><strong>ἔτη</strong></span> <span class='ocrx_word' id='word_1_29' title='bbox 322 242 412 278; x_wconf 87' lang='grc' dir='ltr'>αρκα’.</span> <span class='ocrx_word' id='word_1_30' title='bbox 427 241 554 279; x_wconf 73' lang='grc' dir='ltr'>Ἀϐραὰμ</span> <span class='ocrx_word' id='word_1_31' title='bbox 566 243 595 269; x_wconf 81' lang='grc' dir='ltr'><strong>δὲ</strong></span> <span class='ocrx_word' id='word_1_32' title='bbox 622 241 656 278; x_wconf 79' lang='grc' dir='ltr'>ἦν</span> <span class='ocrx_word' id='word_1_33' title='bbox 682 244 751 271; x_wconf 82' lang='grc' dir='ltr'><strong>ὲτῶν</strong></span> <span class='ocrx_word' id='word_1_34' title='bbox 772 245 818 278; x_wconf 89' lang='grc' dir='ltr'>οε’,</span> <span class='ocrx_word' id='word_1_35' title='bbox 837 246 884 272; x_wconf 75' lang='grc' dir='ltr'><strong>καὶ</strong></span> 
     </span>
    </p>
   </div>
   <div class='ocr_carea' id='block_1_8' title="bbox 104 288 884 324">
    <p class='ocr_par' dir='ltr' id='par_1_8' title="bbox 104 288 884 324">
     <span class='ocr_line' id='line_1_8' title="bbox 104 288 884 324; baseline 0.003 -8"><span class='ocrx_word' id='word_1_36' title='bbox 104 289 232 324; x_wconf 74' lang='grc' dir='ltr'><strong>διέτριψεν</strong></span> <span class='ocrx_word' id='word_1_37' title='bbox 248 288 277 315; x_wconf 76' lang='grc' dir='ltr'>ὲν</span> <span class='ocrx_word' id='word_1_38' title='bbox 301 290 337 324; x_wconf 80' lang='grc' dir='ltr'>γῇ</span> <span class='ocrx_word' id='word_1_39' title='bbox 353 289 465 316; x_wconf 79' lang='grc' dir='ltr'>Χαναὰν</span> <span class='ocrx_word' id='word_1_40' title='bbox 490 289 537 324; x_wconf 78' lang='grc' dir='ltr'>ἐτη</span> <span class='ocrx_word' id='word_1_41' title='bbox 565 289 614 317; x_wconf 88' lang='grc' dir='ltr'>κε’.</span> <span class='ocrx_word' id='word_1_42' title='bbox 632 290 687 316; x_wconf 70' lang='grc' dir='ltr'><strong>Καὶ</strong></span> <span class='ocrx_word' id='word_1_43' title='bbox 716 289 809 317; x_wconf 69' lang='grc' dir='ltr'>ἔτεκεν</span> <span class='ocrx_word' id='word_1_44' title='bbox 838 291 884 318; x_wconf 77' lang='grc' dir='ltr'>τὸν</span> 
     </span>
    </p>
   </div>
   <div class='ocr_carea' id='block_1_9' title="bbox 105 335 885 372">
    <p class='ocr_par' dir='ltr' id='par_1_9' title="bbox 105 335 885 372">
     <span class='ocr_line' id='line_1_9' title="bbox 105 335 885 372; baseline 0 -8"><span class='ocrx_word' id='word_1_45' title='bbox 105 337 199 364; x_wconf 81' lang='grc' dir='ltr'>Ἰσαάκ.</span> <span class='ocrx_word' id='word_1_46' title='bbox 222 336 248 363; x_wconf 90' lang='grc' dir='ltr'><strong>Ξ¹</strong></span> <span class='ocrx_word' id='word_1_47' title='bbox 273 335 301 363; x_wconf 82' lang='grc' dir='ltr'><strong>δὲ</strong></span> <span class='ocrx_word' id='word_1_48' title='bbox 320 336 416 371; x_wconf 86' lang='grc' dir='ltr'>χρόνον</span> <span class='ocrx_word' id='word_1_49' title='bbox 440 335 541 371; x_wconf 78' lang='grc' dir='ltr'><strong>βιώσας</strong></span> <span class='ocrx_word' id='word_1_50' title='bbox 559 335 663 369; x_wconf 83' lang='grc' dir='ltr'>Ἰσαὰκ,</span> <span class='ocrx_word' id='word_1_51' title='bbox 680 337 761 372; x_wconf 79' lang='grc' dir='ltr'>γεννᾷ</span> <span class='ocrx_word' id='word_1_52' title='bbox 788 338 885 369; x_wconf 80' lang='grc' dir='ltr'>παῖδας</span> 
     </span>
    </p>
   </div>
   <div class='ocr_carea' id='block_1_10' title="bbox 104 381 508 414">
    <p class='ocr_par' dir='ltr' id='par_1_10' title="bbox 104 381 508 414">
     <span class='ocr_line' id='line_1_10' title="bbox 104 381 508 414; baseline 0 -5"><span class='ocrx_word' id='word_1_53' title='bbox 104 383 157 414; x_wconf 70' lang='grc' dir='ltr'><strong>δύο.</strong></span> <span class='ocrx_word' id='word_1_54' title='bbox 169 382 213 409; x_wconf 75' lang='grc' dir='ltr'><strong>τὸν</strong></span> <span class='ocrx_word' id='word_1_55' title='bbox 235 381 320 409; x_wconf 82' lang='grc' dir='ltr'>Ἠσαῦ</span> <span class='ocrx_word' id='word_1_56' title='bbox 337 382 384 408; x_wconf 73' lang='grc' dir='ltr'>καὶ</span> <span class='ocrx_word' id='word_1_57' title='bbox 400 381 508 409; x_wconf 79' lang='grc' dir='ltr'>Ἰακώϐ.</span> 
     </span>
    </p>
   </div>
   <div class='ocr_carea' id='block_1_11' title="bbox 136 427 884 464">
    <p class='ocr_par' dir='ltr' id='par_1_11' title="bbox 136 427 884 464">
     <span class='ocr_line' id='line_1_11' title="bbox 136 427 884 464; baseline 0.003 -10"><span class='ocrx_word' id='word_1_58' title='bbox 136 428 282 463; x_wconf 81' lang='grc' dir='ltr'><strong>Γενόμενος</strong></span> <span class='ocrx_word' id='word_1_59' title='bbox 304 428 333 454; x_wconf 78' lang='grc' dir='ltr'><strong>δὲ</strong></span> <span class='ocrx_word' id='word_1_60' title='bbox 367 427 466 455; x_wconf 81' lang='grc' dir='ltr'>Ἰακὼὸ</span> <span class='ocrx_word' id='word_1_61' title='bbox 489 428 594 463; x_wconf 84' lang='grc' dir='ltr'>χρόνων</span> <span class='ocrx_word' id='word_1_62' title='bbox 623 428 673 464; x_wconf 87' lang='grc' dir='ltr'>ρλ¹,</span> <span class='ocrx_word' id='word_1_63' title='bbox 690 429 823 463; x_wconf 79' lang='grc' dir='ltr'>κατῆλθεν</span> <span class='ocrx_word' id='word_1_64' title='bbox 845 429 884 461; x_wconf 83' lang='grc' dir='ltr'><strong>είς</strong></span> 
     </span>
    </p>
   </div>
   <div class='ocr_carea' id='block_1_12' title="bbox 105 474 885 508">
    <p class='ocr_par' dir='ltr' id='par_1_12' title="bbox 105 474 885 508">
     <span class='ocr_line' id='line_1_12' title="bbox 105 474 885 508; baseline -0.001 -7"><span class='ocrx_word' id='word_1_65' title='bbox 105 474 319 508; x_wconf 75' lang='grc' dir='ltr'>Αίγυπτον.ᾶμα</span> <span class='ocrx_word' id='word_1_66' title='bbox 344 475 401 506; x_wconf 82' lang='grc' dir='ltr'>τοῖς</span> <span class='ocrx_word' id='word_1_67' title='bbox 428 474 534 502; x_wconf 84' lang='grc' dir='ltr'>δώδεκα</span> <span class='ocrx_word' id='word_1_68' title='bbox 557 475 626 506; x_wconf 84' lang='grc' dir='ltr'>υῑοῖς</span> <span class='ocrx_word' id='word_1_69' title='bbox 652 474 747 507; x_wconf 83' lang='grc' dir='ltr'>αὐτοῦ,</span> <span class='ocrx_word' id='word_1_70' title='bbox 763 475 810 501; x_wconf 81' lang='grc' dir='ltr'>καὶ</span> <span class='ocrx_word' id='word_1_71' title='bbox 828 476 885 506; x_wconf 82' lang='grc' dir='ltr'>τοῖς</span> 
     </span>
    </p>
   </div>
   <div class='ocr_carea' id='block_1_13' title="bbox 105 519 885 555">
    <p class='ocr_par' dir='ltr' id='par_1_13' title="bbox 105 519 885 555">
     <span class='ocr_line' id='line_1_13' title="bbox 105 519 885 555; baseline 0 -9"><span class='ocrx_word' id='word_1_72' title='bbox 105 519 222 554; x_wconf 76' lang='grc' dir='ltr'><strong>ἐγγόνοις</strong></span> <span class='ocrx_word' id='word_1_73' title='bbox 245 519 327 546; x_wconf 79' lang='grc' dir='ltr'>αὑτοῦ</span> <span class='ocrx_word' id='word_1_74' title='bbox 341 539 349 552; x_wconf 93' lang='grc'><strong>,</strong></span> <span class='ocrx_word' id='word_1_75' title='bbox 377 519 423 546; x_wconf 82' lang='grc' dir='ltr'>τὸν</span> <span class='ocrx_word' id='word_1_76' title='bbox 449 519 565 555; x_wconf 76' lang='grc' dir='ltr'>ἀριθμὸν</span> <span class='ocrx_word' id='word_1_77' title='bbox 592 522 639 551; x_wconf 82' lang='grc' dir='ltr'>οε¹,</span> <span class='ocrx_word' id='word_1_78' title='bbox 664 519 828 554; x_wconf 79' lang='grc' dir='ltr'><strong>παρῴκησεν</strong></span> <span class='ocrx_word' id='word_1_79' title='bbox 857 519 885 546; x_wconf 82' lang='grc' dir='ltr'><strong>δὲ</strong></span> 
     </span>
    </p>
   </div>
   <div class='ocr_carea' id='block_1_14' title="bbox 103 562 884 601">
    <p class='ocr_par' dir='ltr' id='par_1_14' title="bbox 103 562 884 601">
     <span class='ocr_line' id='line_1_14' title="bbox 103 562 884 601; baseline -0.003 -8"><span class='ocrx_word' id='word_1_80' title='bbox 103 565 196 593; x_wconf 82' lang='grc' dir='ltr'>Ἰακὼὸ</span> <span class='ocrx_word' id='word_1_81' title='bbox 210 567 238 592; x_wconf 81' lang='grc' dir='ltr'>ὲν</span> <span class='ocrx_word' id='word_1_82' title='bbox 255 565 386 601; x_wconf 81' lang='grc' dir='ltr'>Αίγύπτῳ</span> <span class='ocrx_word' id='word_1_83' title='bbox 399 565 446 600; x_wconf 74' lang='grc' dir='ltr'>ἐτη</span> <span class='ocrx_word' id='word_1_84' title='bbox 468 569 502 597; x_wconf 85' lang='grc' dir='ltr'>υ¹,</span> <span class='ocrx_word' id='word_1_85' title='bbox 518 562 548 592; x_wconf 76' lang='grc' dir='ltr'><strong>οὗ</strong></span> <span class='ocrx_word' id='word_1_86' title='bbox 568 565 598 591; x_wconf 80' lang='grc' dir='ltr'><strong>τὸ</strong></span> <span class='ocrx_word' id='word_1_87' title='bbox 619 565 696 599; x_wconf 73' lang='grc' dir='ltr'>γένος</span> <span class='ocrx_word' id='word_1_88' title='bbox 723 565 884 600; x_wconf 81' lang='grc' dir='ltr'>πληθυνθὲν,</span> 
     </span>
    </p>
   </div>
   <div class='ocr_carea' id='block_1_15' title="bbox 104 609 884 646">
    <p class='ocr_par' dir='ltr' id='par_1_15' title="bbox 104 609 884 646">
     <span class='ocr_line' id='line_1_15' title="bbox 104 609 884 646; baseline -0.001 -9"><span class='ocrx_word' id='word_1_89' title='bbox 104 612 140 642; x_wconf 79' lang='grc' dir='ltr'><strong>είς</strong></span> <span class='ocrx_word' id='word_1_90' title='bbox 154 610 255 637; x_wconf 86' lang='grc' dir='ltr'>δώδεκα</span> <span class='ocrx_word' id='word_1_91' title='bbox 268 610 354 646; x_wconf 76' lang='grc' dir='ltr'>φυλὰς</span> <span class='ocrx_word' id='word_1_92' title='bbox 367 609 506 645; x_wconf 76' lang='grc' dir='ltr'><strong>ἐλογίσθη,</strong></span> <span class='ocrx_word' id='word_1_93' title='bbox 525 610 571 637; x_wconf 71' lang='grc' dir='ltr'>καὶ</span> <span class='ocrx_word' id='word_1_94' title='bbox 591 610 621 637; x_wconf 74' lang='grc' dir='ltr'>τὸ</span> <span class='ocrx_word' id='word_1_95' title='bbox 635 609 737 646; x_wconf 80' lang='grc' dir='ltr'>πλῆθος</span> <span class='ocrx_word' id='word_1_96' title='bbox 749 610 797 636; x_wconf 81' lang='grc' dir='ltr'><strong>τοῦ</strong></span> <span class='ocrx_word' id='word_1_97' title='bbox 819 609 884 636; x_wconf 84' lang='grc' dir='ltr'>λαοῦ</span> 
     </span>
    </p>
   </div>
   <div class='ocr_carea' id='block_1_16' title="bbox 103 656 441 692">
    <p class='ocr_par' dir='ltr' id='par_1_16' title="bbox 103 656 441 692">
     <span class='ocr_line' id='line_1_16' title="bbox 103 656 441 692; baseline -0.003 -8"><span class='ocrx_word' id='word_1_98' title='bbox 103 657 139 689; x_wconf 83' lang='grc' dir='ltr'><strong>είς</strong></span> <span class='ocrx_word' id='word_1_99' title='bbox 147 656 290 688; x_wconf 73' lang='grc' dir='ltr'><strong>ἑξακοσίας</strong></span> <span class='ocrx_word' id='word_1_100' title='bbox 307 656 441 692; x_wconf 76' lang='grc' dir='ltr'>χιλιάδας.</span> 
     </span>
    </p>
   </div>
   <div class='ocr_carea' id='block_1_17' title="bbox 135 699 883 736">
    <p class='ocr_par' dir='ltr' id='par_1_17' title="bbox 135 699 883 736">
     <span class='ocr_line' id='line_1_17' title="bbox 135 699 883 736; baseline -0.001 -8"><span class='ocrx_word' id='word_1_101' title='bbox 135 701 188 728; x_wconf 77' lang='grc' dir='ltr'><strong>Καὶ</strong></span> <span class='ocrx_word' id='word_1_102' title='bbox 201 700 240 735; x_wconf 85' lang='grc' dir='ltr'><strong>τῷ</strong></span> <span class='ocrx_word' id='word_1_103' title='bbox 257 701 306 736; x_wconf 78' lang='grc' dir='ltr'><strong>μὲν</strong></span> <span class='ocrx_word' id='word_1_104' title='bbox 321 700 388 727; x_wconf 77' lang='grc' dir='ltr'><strong>Λευῖ</strong></span> <span class='ocrx_word' id='word_1_105' title='bbox 397 700 526 734; x_wconf 83' lang='grc' dir='ltr'>ἀπόγονοι</span> <span class='ocrx_word' id='word_1_106' title='bbox 539 709 545 716; x_wconf 95' lang='grc'><strong>·</strong></span> <span class='ocrx_word' id='word_1_107' title='bbox 562 700 682 734; x_wconf 82' lang='grc' dir='ltr'><strong>Μωῦσῆς</strong></span> <span class='ocrx_word' id='word_1_108' title='bbox 697 701 743 727; x_wconf 68' lang='grc' dir='ltr'><strong>καὶ</strong></span> <span class='ocrx_word' id='word_1_109' title='bbox 765 699 883 735; x_wconf 84' lang='grc' dir='ltr'>Ἀαρών.</span> 
     </span>
    </p>
   </div>
   <div class='ocr_carea' id='block_1_18' title="bbox 105 745 887 781">
    <p class='ocr_par' dir='ltr' id='par_1_18' title="bbox 105 745 887 781">
     <span class='ocr_line' id='line_1_18' title="bbox 105 745 887 781; baseline 0 -9"><span class='ocrx_word' id='word_1_110' title='bbox 105 747 153 773; x_wconf 78' lang='grc' dir='ltr'>Καὶ</span> <span class='ocrx_word' id='word_1_111' title='bbox 167 747 181 772; x_wconf 83' lang='grc' dir='ltr'>ὁ</span> <span class='ocrx_word' id='word_1_112' title='bbox 193 746 243 780; x_wconf 82' lang='grc' dir='ltr'>μὲν</span> <span class='ocrx_word' id='word_1_113' title='bbox 254 745 300 772; x_wconf 76' lang='grc' dir='ltr'>τοῦ</span> <span class='ocrx_word' id='word_1_114' title='bbox 315 745 465 781; x_wconf 81' lang='grc' dir='ltr'><strong>ἱερατεύειν</strong></span> <span class='ocrx_word' id='word_1_115' title='bbox 478 746 603 779; x_wconf 76' lang='grc' dir='ltr'>ἠξίωται,</span> <span class='ocrx_word' id='word_1_116' title='bbox 622 747 636 772; x_wconf 82' lang='grc' dir='ltr'><strong>ό</strong></span> <span class='ocrx_word' id='word_1_117' title='bbox 653 746 682 772; x_wconf 67' lang='grc' dir='ltr'><strong>δι</strong></span> <span class='ocrx_word' id='word_1_118' title='bbox 701 746 768 780; x_wconf 75' lang='grc' dir='ltr'>πρὸς</span> <span class='ocrx_word' id='word_1_119' title='bbox 795 745 824 772; x_wconf 83' lang='grc' dir='ltr'>τὸ</span> <span class='ocrx_word' id='word_1_120' title='bbox 837 746 887 780; x_wconf 81' lang='grc' dir='ltr'><strong>ἄρ-</strong></span> 
     </span>
    </p>
   </div>
   <div class='ocr_carea' id='block_1_19' title="bbox 103 791 884 827">
    <p class='ocr_par' dir='ltr' id='par_1_19' title="bbox 103 791 884 827">
     <span class='ocr_line' id='line_1_19' title="bbox 103 791 884 827; baseline -0.001 -9"><span class='ocrx_word' id='word_1_121' title='bbox 103 792 351 827; x_wconf 80' lang='grc' dir='ltr'>χειν-καθίσταται.</span> <span class='ocrx_word' id='word_1_122' title='bbox 376 791 420 823; x_wconf 76' lang='grc' dir='ltr'>Ὠς</span> <span class='ocrx_word' id='word_1_123' title='bbox 445 792 474 818; x_wconf 87' lang='grc' dir='ltr'>ὲν</span> <span class='ocrx_word' id='word_1_124' title='bbox 498 791 538 826; x_wconf 79' lang='grc' dir='ltr'>τῷ</span> <span class='ocrx_word' id='word_1_125' title='bbox 565 791 736 826; x_wconf 76' lang='grc' dir='ltr'><strong>ὀγδοηκοστῷ</strong></span> <span class='ocrx_word' id='word_1_126' title='bbox 758 791 812 818; x_wconf 74' lang='grc' dir='ltr'>ἔτει</span> <span class='ocrx_word' id='word_1_127' title='bbox 837 792 884 824; x_wconf 79' lang='grc' dir='ltr'>τῆς</span> 
     </span>
    </p>
   </div>
   <div class='ocr_carea' id='block_1_20' title="bbox 936 200 1722 238">
    <p class='ocr_par' dir='ltr' id='par_1_20' title="bbox 936 200 1722 238">
     <span class='ocr_line' id='line_1_20' title="bbox 936 200 1722 238; baseline 0.004 -11"><span class='ocrx_word' id='word_1_128' title='bbox 936 200 973 227; x_wconf 88' lang='lat' dir='ltr'><strong>vit</strong></span> <span class='ocrx_word' id='word_1_129' title='bbox 1003 200 1030 227; x_wconf 93' lang='lat' dir='ltr'><strong>in</strong></span> <span class='ocrx_word' id='word_1_130' title='bbox 1061 206 1161 228; x_wconf 90' lang='lat' dir='ltr'><strong>terram</strong></span> <span class='ocrx_word' id='word_1_131' title='bbox 1191 201 1320 229; x_wconf 75' lang='lat' dir='ltr'><strong>Chanaan</strong></span> <span class='ocrx_word' id='word_1_132' title='bbox 1349 203 1382 230; x_wconf 93' lang='lat' dir='ltr'><strong>de</strong></span> <span class='ocrx_word' id='word_1_133' title='bbox 1411 203 1628 238; x_wconf 78' lang='lat' dir='ltr'><strong>Mesopotamia,</strong></span> <span class='ocrx_word' id='word_1_134' title='bbox 1656 208 1722 230; x_wconf 87' lang='lat' dir='ltr'><strong>sunt</strong></span> 
     </span>
    </p>
   </div>
   <div class='ocr_carea' id='block_1_21' title="bbox 935 247 1721 282">
    <p class='ocr_par' dir='ltr' id='par_1_21' title="bbox 935 247 1721 282">
     <span class='ocr_line' id='line_1_21' title="bbox 935 247 1721 282; baseline 0.003 -9"><span class='ocrx_word' id='word_1_135' title='bbox 935 247 1122 282; x_wconf 82' lang='lat' dir='ltr'><strong>generationes</strong></span> <span class='ocrx_word' id='word_1_136' title='bbox 1134 247 1165 274; x_wconf 82' lang='grc'><strong>10</strong></span> <span class='ocrx_word' id='word_1_137' title='bbox 1175 247 1215 274; x_wconf 79' lang='lat' dir='ltr'><strong>vel</strong></span> <span class='ocrx_word' id='word_1_138' title='bbox 1232 248 1295 274; x_wconf 82' lang='lat' dir='ltr'><strong>anni</strong></span> <span class='ocrx_word' id='word_1_139' title='bbox 1318 249 1394 275; x_wconf 74' lang='grc'><strong>1121.</strong></span> <span class='ocrx_word' id='word_1_140' title='bbox 1414 249 1473 276; x_wconf 86' lang='lat' dir='ltr'><strong>Erat</strong></span> <span class='ocrx_word' id='word_1_141' title='bbox 1490 254 1555 277; x_wconf 88' lang='lat' dir='ltr'><strong>tunc</strong></span> <span class='ocrx_word' id='word_1_142' title='bbox 1572 249 1721 279; x_wconf 81' lang='lat' dir='ltr'><strong>Abraham.</strong></span> 
     </span>
    </p>
   </div>
   <div class='ocr_carea' id='block_1_22' title="bbox 935 290 1722 325">
    <p class='ocr_par' dir='ltr' id='par_1_22' title="bbox 935 290 1722 325">
     <span class='ocr_line' id='line_1_22' title="bbox 935 290 1722 325; baseline 0.005 -10"><span class='ocrx_word' id='word_1_143' title='bbox 935 297 1068 316; x_wconf 82' lang='lat' dir='ltr'><strong>annorum</strong></span> <span class='ocrx_word' id='word_1_144' title='bbox 1087 290 1132 322; x_wconf 85' lang='grc'><strong>75,</strong></span> <span class='ocrx_word' id='word_1_145' title='bbox 1150 290 1317 325; x_wconf 85' lang='lat' dir='ltr'><strong>incoluilque</strong></span> <span class='ocrx_word' id='word_1_146' title='bbox 1329 291 1508 318; x_wconf 66' lang='lat' dir='ltr'><strong>Chananazam</strong></span> <span class='ocrx_word' id='word_1_147' title='bbox 1525 297 1624 319; x_wconf 89' lang='lat' dir='ltr'><strong>terram</strong></span> <span class='ocrx_word' id='word_1_148' title='bbox 1636 300 1722 319; x_wconf 86' lang='lat' dir='ltr'><strong>annos</strong></span> 
     </span>
    </p>
   </div>
   <div class='ocr_carea' id='block_1_23' title="bbox 935 335 1723 373">
    <p class='ocr_par' dir='ltr' id='par_1_23' title="bbox 935 335 1723 373">
     <span class='ocr_line' id='line_1_23' title="bbox 935 335 1723 373; baseline 0.004 -11"><span class='ocrx_word' id='word_1_149' title='bbox 935 335 981 368; x_wconf 75' lang='lat'><strong>25,</strong></span> <span class='ocrx_word' id='word_1_150' title='bbox 999 341 1025 364; x_wconf 88' lang='lat' dir='ltr'><strong>et</strong></span> <span class='ocrx_word' id='word_1_151' title='bbox 1039 336 1133 370; x_wconf 74' lang='lat' dir='ltr'><strong>genuit</strong></span> <span class='ocrx_word' id='word_1_152' title='bbox 1148 336 1234 364; x_wconf 82' lang='lat' dir='ltr'><strong>Isaac.</strong></span> <span class='ocrx_word' id='word_1_153' title='bbox 1255 336 1330 365; x_wconf 83' lang='lat' dir='ltr'><strong>Isaac</strong></span> <span class='ocrx_word' id='word_1_154' title='bbox 1347 345 1409 364; x_wconf 90' lang='lat' dir='ltr'><strong>vero</strong></span> <span class='ocrx_word' id='word_1_155' title='bbox 1425 343 1504 365; x_wconf 81' lang='lat' dir='ltr'><strong>natus</strong></span> <span class='ocrx_word' id='word_1_156' title='bbox 1522 346 1608 365; x_wconf 89' lang='lat' dir='ltr'><strong>annos</strong></span> <span class='ocrx_word' id='word_1_157' title='bbox 1624 345 1657 365; x_wconf 76' lang='lat' dir='ltr'><strong>Ls</strong></span> <span class='ocrx_word' id='word_1_158' title='bbox 1675 345 1723 373; x_wconf 84' lang='lat' dir='ltr'><strong>ge-</strong></span> 
     </span>
    </p>
   </div>
   <div class='ocr_carea' id='block_1_24' title="bbox 936 381 1416 415">
    <p class='ocr_par' dir='ltr' id='par_1_24' title="bbox 936 381 1416 415">
     <span class='ocr_line' id='line_1_24' title="bbox 936 381 1416 415; baseline 0.004 -7"><span class='ocrx_word' id='word_1_159' title='bbox 936 382 995 409; x_wconf 96' lang='lat' dir='ltr'><strong>nuit</strong></span> <span class='ocrx_word' id='word_1_160' title='bbox 1008 382 1078 410; x_wconf 89' lang='lat' dir='ltr'><strong>duos</strong></span> <span class='ocrx_word' id='word_1_161' title='bbox 1096 383 1177 415; x_wconf 78' lang='lat' dir='ltr'><strong>ﬁlios,</strong></span> <span class='ocrx_word' id='word_1_162' title='bbox 1192 381 1264 410; x_wconf 87' lang='lat' dir='ltr'><strong>Esau</strong></span> <span class='ocrx_word' id='word_1_163' title='bbox 1280 388 1308 409; x_wconf 86' lang='lat' dir='ltr'><strong>et</strong></span> <span class='ocrx_word' id='word_1_164' title='bbox 1322 381 1416 410; x_wconf 82' lang='lat' dir='ltr'><strong>Jacob.</strong></span> 
     </span>
    </p>
   </div>
   <div class='ocr_carea' id='block_1_25' title="bbox 972 426 1723 459">
    <p class='ocr_par' dir='ltr' id='par_1_25' title="bbox 972 426 1723 459">
     <span class='ocr_line' id='line_1_25' title="bbox 972 426 1723 459; baseline 0 -5"><span class='ocrx_word' id='word_1_165' title='bbox 972 426 1068 459; x_wconf 57' lang='lat' dir='ltr'><strong>Jacob,</strong></span> <span class='ocrx_word' id='word_1_166' title='bbox 1099 434 1159 454; x_wconf 90' lang='lat' dir='ltr'><strong>cum</strong></span> <span class='ocrx_word' id='word_1_167' title='bbox 1177 432 1250 455; x_wconf 83' lang='lat' dir='ltr'><strong>esset</strong></span> <span class='ocrx_word' id='word_1_168' title='bbox 1276 434 1411 454; x_wconf 84' lang='lat' dir='ltr'><strong>annorum</strong></span> <span class='ocrx_word' id='word_1_169' title='bbox 1444 426 1506 459; x_wconf 80' lang='grc'><strong>150,</strong></span> <span class='ocrx_word' id='word_1_170' title='bbox 1527 427 1665 454; x_wconf 78' lang='lat' dir='ltr'><strong>descendit</strong></span> <span class='ocrx_word' id='word_1_171' title='bbox 1695 428 1723 454; x_wconf 91' lang='lat' dir='ltr'><strong>in</strong></span> 
     </span>
    </p>
   </div>
   <div class='ocr_carea' id='block_1_26' title="bbox 936 471 1724 507">
    <p class='ocr_par' dir='ltr' id='par_1_26' title="bbox 936 471 1724 507">
     <span class='ocr_line' id='line_1_26' title="bbox 936 471 1724 507; baseline -0.001 -8"><span class='ocrx_word' id='word_1_172' title='bbox 936 472 1086 507; x_wconf 62' lang='lat' dir='ltr'><strong>[Egyptum</strong></span> <span class='ocrx_word' id='word_1_173' title='bbox 1099 480 1151 499; x_wconf 87' lang='lat' dir='ltr'><strong>una</strong></span> <span class='ocrx_word' id='word_1_174' title='bbox 1164 479 1226 500; x_wconf 90' lang='lat' dir='ltr'><strong>cum</strong></span> <span class='ocrx_word' id='word_1_175' title='bbox 1237 472 1380 500; x_wconf 79' lang='lat' dir='ltr'><strong>duodecim</strong></span> <span class='ocrx_word' id='word_1_176' title='bbox 1393 471 1455 499; x_wconf 81' lang='lat' dir='ltr'><strong>ﬁliis</strong></span> <span class='ocrx_word' id='word_1_177' title='bbox 1470 472 1527 498; x_wconf 86' lang='lat' dir='ltr'><strong>suis</strong></span> <span class='ocrx_word' id='word_1_178' title='bbox 1546 471 1724 506; x_wconf 84' lang='lat' dir='ltr'><strong>ctnepotihus</strong></span> 
     </span>
    </p>
   </div>
   <div class='ocr_carea' id='block_1_27' title="bbox 936 514 1724 550">
    <p class='ocr_par' dir='ltr' id='par_1_27' title="bbox 936 514 1724 550">
     <span class='ocr_line' id='line_1_27' title="bbox 936 514 1724 550; baseline -0.001 -7"><span class='ocrx_word' id='word_1_179' title='bbox 936 515 1007 550; x_wconf 82' lang='lat' dir='ltr'><strong>ejus,</strong></span> <span class='ocrx_word' id='word_1_180' title='bbox 1020 523 1134 543; x_wconf 87' lang='lat' dir='ltr'><strong>numero</strong></span> <span class='ocrx_word' id='word_1_181' title='bbox 1149 516 1184 543; x_wconf 82' lang='lat'><strong>75</strong></span> <span class='ocrx_word' id='word_1_182' title='bbox 1206 515 1359 550; x_wconf 87' lang='lat' dir='ltr'><strong>mansitque</strong></span> <span class='ocrx_word' id='word_1_183' title='bbox 1370 514 1455 542; x_wconf 75' lang='lat' dir='ltr'><strong>Iacob</strong></span> <span class='ocrx_word' id='word_1_184' title='bbox 1469 515 1494 541; x_wconf 93' lang='lat' dir='ltr'><strong>in</strong></span> <span class='ocrx_word' id='word_1_185' title='bbox 1508 514 1625 550; x_wconf 68' lang='lat' dir='ltr'><strong>Egypto</strong></span> <span class='ocrx_word' id='word_1_186' title='bbox 1637 522 1724 542; x_wconf 87' lang='lat' dir='ltr'><strong>annos</strong></span> 
     </span>
    </p>
   </div>
   <div class='ocr_carea' id='block_1_28' title="bbox 936 563 1724 598">
    <p class='ocr_par' dir='ltr' id='par_1_28' title="bbox 936 563 1724 598">
     <span class='ocr_line' id='line_1_28' title="bbox 936 563 1724 598; baseline 0 -8"><span class='ocrx_word' id='word_1_187' title='bbox 936 563 998 595; x_wconf 65' lang='grc'><strong>400,</strong></span> <span class='ocrx_word' id='word_1_188' title='bbox 1020 563 1100 598; x_wconf 88' lang='lat' dir='ltr'><strong>cujus</strong></span> <span class='ocrx_word' id='word_1_189' title='bbox 1127 563 1236 591; x_wconf 82' lang='lat' dir='ltr'><strong>soboles</strong></span> <span class='ocrx_word' id='word_1_190' title='bbox 1264 563 1455 597; x_wconf 86' lang='lat' dir='ltr'><strong>multiplicata,</strong></span> <span class='ocrx_word' id='word_1_191' title='bbox 1477 567 1599 597; x_wconf 87' lang='lat' dir='ltr'><strong>rcputata</strong></span> <span class='ocrx_word' id='word_1_192' title='bbox 1628 568 1670 590; x_wconf 83' lang='lat' dir='ltr'><strong>est</strong></span> <span class='ocrx_word' id='word_1_193' title='bbox 1696 563 1724 590; x_wconf 91' lang='lat' dir='ltr'><strong>in</strong></span> 
     </span>
    </p>
   </div>
   <div class='ocr_carea' id='block_1_29' title="bbox 936 609 1725 644">
    <p class='ocr_par' dir='ltr' id='par_1_29' title="bbox 936 609 1725 644">
     <span class='ocr_line' id='line_1_29' title="bbox 936 609 1725 644; baseline 0 -8"><span class='ocrx_word' id='word_1_194' title='bbox 936 609 1079 636; x_wconf 87' lang='lat' dir='ltr'><strong>duodecim</strong></span> <span class='ocrx_word' id='word_1_195' title='bbox 1101 609 1207 642; x_wconf 88' lang='lat' dir='ltr'><strong>tribus,</strong></span> <span class='ocrx_word' id='word_1_196' title='bbox 1227 613 1254 636; x_wconf 89' lang='lat' dir='ltr'><strong>et</strong></span> <span class='ocrx_word' id='word_1_197' title='bbox 1274 609 1421 637; x_wconf 80' lang='lat' dir='ltr'><strong>multitudo</strong></span> <span class='ocrx_word' id='word_1_198' title='bbox 1440 609 1532 644; x_wconf 89' lang='lat' dir='ltr'><strong>populi</strong></span> <span class='ocrx_word' id='word_1_199' title='bbox 1551 609 1578 636; x_wconf 92' lang='lat' dir='ltr'><strong>in</strong></span> <span class='ocrx_word' id='word_1_200' title='bbox 1598 613 1725 636; x_wconf 80' lang='lat' dir='ltr'><strong>sexcenta</strong></span> 
     </span>
    </p>
   </div>
   <div class='ocr_carea' id='block_1_30' title="bbox 936 655 1031 682">
    <p class='ocr_par' dir='ltr' id='par_1_30' title="bbox 936 655 1031 682">
     <span class='ocr_line' id='line_1_30' title="bbox 936 655 1031 682; baseline -0.011 0"><span class='ocrx_word' id='word_1_201' title='bbox 936 655 1031 682; x_wconf 89' lang='lat' dir='ltr'><strong>millia.</strong></span> 
     </span>
    </p>
   </div>
   <div class='ocr_carea' id='block_1_31' title="bbox 972 700 1726 736">
    <p class='ocr_par' dir='ltr' id='par_1_31' title="bbox 972 700 1726 736">
     <span class='ocr_line' id='line_1_31' title="bbox 972 700 1726 736; baseline -0.001 -8"><span class='ocrx_word' id='word_1_202' title='bbox 972 701 1035 728; x_wconf 85' lang='lat' dir='ltr'><strong>Levi</strong></span> <span class='ocrx_word' id='word_1_203' title='bbox 1049 701 1147 736; x_wconf 85' lang='lat' dir='ltr'><strong>posteri</strong></span> <span class='ocrx_word' id='word_1_204' title='bbox 1162 700 1238 727; x_wconf 80' lang='lat' dir='ltr'><strong>fuere</strong></span> <span class='ocrx_word' id='word_1_205' title='bbox 1249 700 1354 736; x_wconf 78' lang='lat' dir='ltr'><strong>Moyses</strong></span> <span class='ocrx_word' id='word_1_206' title='bbox 1363 705 1390 728; x_wconf 89' lang='lat' dir='ltr'><strong>et</strong></span> <span class='ocrx_word' id='word_1_207' title='bbox 1402 702 1503 728; x_wconf 80' lang='lat' dir='ltr'><strong>Aaron.</strong></span> <span class='ocrx_word' id='word_1_208' title='bbox 1515 700 1563 729; x_wconf 92' lang='lat' dir='ltr'><strong>llic</strong></span> <span class='ocrx_word' id='word_1_209' title='bbox 1572 700 1726 728; x_wconf 83' lang='lat' dir='ltr'><strong>sacerdotio</strong></span> 
     </span>
    </p>
   </div>
   <div class='ocr_carea' id='block_1_32' title="bbox 936 746 1725 782">
    <p class='ocr_par' dir='ltr' id='par_1_32' title="bbox 936 746 1725 782">
     <span class='ocr_line' id='line_1_32' title="bbox 936 746 1725 782; baseline -0.001 -8"><span class='ocrx_word' id='word_1_210' title='bbox 936 747 1080 774; x_wconf 84' lang='lat' dir='ltr'><strong>decoratus</strong></span> <span class='ocrx_word' id='word_1_211' title='bbox 1100 751 1152 778; x_wconf 85' lang='lat' dir='ltr'><strong>est,</strong></span> <span class='ocrx_word' id='word_1_212' title='bbox 1170 747 1214 774; x_wconf 86' lang='lat' dir='ltr'><strong>ille</strong></span> <span class='ocrx_word' id='word_1_213' title='bbox 1239 747 1364 782; x_wconf 63' lang='lat' dir='ltr'><strong>regimini</strong></span> <span class='ocrx_word' id='word_1_214' title='bbox 1389 747 1477 780; x_wconf 78' lang='lat' dir='ltr'><strong>gentis</strong></span> <span class='ocrx_word' id='word_1_215' title='bbox 1497 747 1652 781; x_wconf 67' lang='lat' dir='ltr'><strong>prmlicitur.</strong></span> <span class='ocrx_word' id='word_1_216' title='bbox 1669 746 1725 774; x_wconf 86' lang='lat' dir='ltr'><strong>Ita-</strong></span> 
     </span>
    </p>
   </div>
   <div class='ocr_carea' id='block_1_33' title="bbox 937 790 1725 826">
    <p class='ocr_par' dir='ltr' id='par_1_33' title="bbox 937 790 1725 826">
     <span class='ocr_line' id='line_1_33' title="bbox 937 790 1725 826; baseline -0.001 -8"><span class='ocrx_word' id='word_1_217' title='bbox 937 799 989 826; x_wconf 86' lang='lat' dir='ltr'><strong>que</strong></span> <span class='ocrx_word' id='word_1_218' title='bbox 1014 798 1086 818; x_wconf 84' lang='lat' dir='ltr'><strong>anno</strong></span> <span class='ocrx_word' id='word_1_219' title='bbox 1110 791 1170 818; x_wconf 76' lang='lat' dir='ltr'><strong>vita:</strong></span> <span class='ocrx_word' id='word_1_220' title='bbox 1193 799 1249 819; x_wconf 62' lang='lat' dir='ltr'><strong>suae</strong></span> <span class='ocrx_word' id='word_1_221' title='bbox 1272 791 1439 825; x_wconf 83' lang='lat' dir='ltr'><strong>octogesimo</strong></span> <span class='ocrx_word' id='word_1_222' title='bbox 1461 791 1549 818; x_wconf 87' lang='lat' dir='ltr'><strong>calcat</strong></span> <span class='ocrx_word' id='word_1_223' title='bbox 1572 798 1647 818; x_wconf 86' lang='lat' dir='ltr'><strong>mare</strong></span> <span class='ocrx_word' id='word_1_224' title='bbox 1667 790 1725 817; x_wconf 80' lang='lat' dir='ltr'><strong>Ru-</strong></span> 
     </span>
    </p>
   </div>
   <div class='ocr_carea' id='block_1_34' title="bbox 103 835 885 873">
    <p class='ocr_par' dir='ltr' id='par_1_34' title="bbox 103 836 884 873">
     <span class='ocr_line' id='line_1_34' title="bbox 103 836 884 873; baseline -0.003 -8"><span class='ocrx_word' id='word_1_225' title='bbox 103 838 170 873; x_wconf 82' lang='grc' dir='ltr'><strong>ζωῆς</strong></span> <span class='ocrx_word' id='word_1_226' title='bbox 185 838 279 870; x_wconf 71' lang='grc' dir='ltr'>αὑτοῦ,</span> <span class='ocrx_word' id='word_1_227' title='bbox 298 839 378 864; x_wconf 83' lang='grc' dir='ltr'>πατεί</span> <span class='ocrx_word' id='word_1_228' title='bbox 406 837 455 872; x_wconf 82' lang='grc' dir='ltr'>τὴν</span> <span class='ocrx_word' id='word_1_229' title='bbox 481 836 616 872; x_wconf 70' lang='grc' dir='ltr'>Ἐρυθρὰν</span> <span class='ocrx_word' id='word_1_230' title='bbox 632 837 782 864; x_wconf 76' lang='grc' dir='ltr'>θάλασσαν.</span> <span class='ocrx_word' id='word_1_231' title='bbox 802 837 834 863; x_wconf 85' lang='grc' dir='ltr'><em>Ἡ</em></span> <span class='ocrx_word' id='word_1_232' title='bbox 857 837 884 864; x_wconf 79' lang='grc' dir='ltr'><strong>δὲ</strong></span> 
     </span>
    </p>
   </div>
   <div class='ocr_carea' id='block_1_35' title="bbox 942 835 1726 873">
    <p class='ocr_par' dir='ltr' id='par_1_35' title="bbox 942 835 1726 871">
     <span class='ocr_line' id='line_1_35' title="bbox 942 835 1726 871; baseline 0.003 -9"><span class='ocrx_word' id='word_1_233' title='bbox 942 844 1025 863; x_wconf 72' lang='grc' dir='ltr'>ιιι-ιιιιι.</span> <span class='ocrx_word' id='word_1_234' title='bbox 1043 836 1144 871; x_wconf 81' lang='lat' dir='ltr'><strong>Legum</strong></span> <span class='ocrx_word' id='word_1_235' title='bbox 1169 837 1234 863; x_wconf 88' lang='lat' dir='ltr'><strong>latio</strong></span> <span class='ocrx_word' id='word_1_236' title='bbox 1256 837 1338 870; x_wconf 85' lang='lat' dir='ltr'><strong>coepit</strong></span> <span class='ocrx_word' id='word_1_237' title='bbox 1354 836 1444 863; x_wconf 89' lang='lat' dir='ltr'><strong>triduo</strong></span> <span class='ocrx_word' id='word_1_238' title='bbox 1461 842 1522 870; x_wconf 87' lang='lat' dir='ltr'><strong>post</strong></span> <span class='ocrx_word' id='word_1_239' title='bbox 1536 843 1675 870; x_wconf 82' lang='lat' dir='ltr'><strong>egressum</strong></span> <span class='ocrx_word' id='word_1_240' title='bbox 1691 835 1726 864; x_wconf 86' lang='lat' dir='ltr'><strong>de</strong></span> 
     </span>
    </p>
   </div>
   <div class='ocr_carea' id='block_1_36' title="bbox 105 882 885 919">
    <p class='ocr_par' dir='ltr' id='par_1_36' title="bbox 105 882 885 919">
     <span class='ocr_line' id='line_1_36' title="bbox 105 882 885 919; baseline -0.001 -9"><span class='ocrx_word' id='word_1_241' title='bbox 105 883 246 919; x_wconf 78' lang='grc' dir='ltr'>νομοθεσία</span> <span class='ocrx_word' id='word_1_242' title='bbox 258 883 329 918; x_wconf 72' lang='grc' dir='ltr'>μετὰ</span> <span class='ocrx_word' id='word_1_243' title='bbox 341 884 416 918; x_wconf 81' lang='grc' dir='ltr'><strong>τρεῖς</strong></span> <span class='ocrx_word' id='word_1_244' title='bbox 427 883 533 917; x_wconf 80' lang='grc' dir='ltr'>ἡμέρας</span> <span class='ocrx_word' id='word_1_245' title='bbox 551 883 599 918; x_wconf 86' lang='grc' dir='ltr'>τῆς</span> <span class='ocrx_word' id='word_1_246' title='bbox 616 882 730 918; x_wconf 72' lang='grc' dir='ltr'><strong>[ἐξόδου]</strong></span> <span class='ocrx_word' id='word_1_247' title='bbox 746 883 775 916; x_wconf 76' lang='grc' dir='ltr'>ἐξ</span> <span class='ocrx_word' id='word_1_248' title='bbox 800 883 885 916; x_wconf 82' lang='grc' dir='ltr'>Αίγύ-</span> 
     </span>
    </p>
   </div>
   <div class='ocr_carea' id='block_1_37' title="bbox 104 927 692 965">
    <p class='ocr_par' dir='ltr' id='par_1_37' title="bbox 104 927 692 965">
     <span class='ocr_line' id='line_1_37' title="bbox 104 927 692 965; baseline 0 -9"><span class='ocrx_word' id='word_1_249' title='bbox 104 938 166 957; x_wconf 78' lang='grc' dir='ltr'>πτου</span> <span class='ocrx_word' id='word_1_250' title='bbox 177 937 183 944; x_wconf 93' lang='grc'><strong>·</strong></span> <span class='ocrx_word' id='word_1_251' title='bbox 195 929 338 965; x_wconf 79' lang='grc' dir='ltr'>διέτριψαν</span> <span class='ocrx_word' id='word_1_252' title='bbox 353 929 380 956; x_wconf 80' lang='grc' dir='ltr'><strong>δὲ</strong></span> <span class='ocrx_word' id='word_1_253' title='bbox 392 930 420 955; x_wconf 80' lang='grc' dir='ltr'>ἐν</span> <span class='ocrx_word' id='word_1_254' title='bbox 431 930 463 963; x_wconf 84' lang='grc' dir='ltr'>τῇ</span> <span class='ocrx_word' id='word_1_255' title='bbox 476 929 573 964; x_wconf 76' lang='grc' dir='ltr'>ἐρήμῳ</span> <span class='ocrx_word' id='word_1_256' title='bbox 588 928 634 964; x_wconf 78' lang='grc' dir='ltr'>ἔτη</span> <span class='ocrx_word' id='word_1_257' title='bbox 654 927 692 963; x_wconf 91' lang='grc' dir='ltr'><strong>μ’.</strong></span> 
     </span>
    </p>
   </div>
   <div class='ocr_carea' id='block_1_38' title="bbox 140 973 886 1009">
    <p class='ocr_par' dir='ltr' id='par_1_38' title="bbox 140 973 886 1009">
     <span class='ocr_line' id='line_1_38' title="bbox 140 973 886 1009; baseline -0.003 -8"><span class='ocrx_word' id='word_1_258' title='bbox 140 975 207 1001; x_wconf 77' lang='grc' dir='ltr'><strong>Ὑπὸ</strong></span> <span class='ocrx_word' id='word_1_259' title='bbox 222 975 250 1001; x_wconf 76' lang='grc' dir='ltr'><strong>δὲ</strong></span> <span class='ocrx_word' id='word_1_260' title='bbox 272 974 358 1009; x_wconf 81' lang='grc' dir='ltr'>Ἰησοῦ</span> <span class='ocrx_word' id='word_1_261' title='bbox 374 973 420 1000; x_wconf 80' lang='grc' dir='ltr'>τοῦ</span> <span class='ocrx_word' id='word_1_262' title='bbox 436 973 506 1000; x_wconf 63' lang='lat' dir='ltr'><strong>Nato?</strong></span> <span class='ocrx_word' id='word_1_263' title='bbox 522 974 669 1008; x_wconf 69' lang='grc' dir='ltr'>ἀρχόμενοι</span> <span class='ocrx_word' id='word_1_264' title='bbox 690 973 736 1008; x_wconf 79' lang='grc' dir='ltr'>ἔτη</span> <span class='ocrx_word' id='word_1_265' title='bbox 753 976 802 1005; x_wconf 81' lang='grc' dir='ltr'>κε’,</span> <span class='ocrx_word' id='word_1_266' title='bbox 831 973 886 1000; x_wconf 74' lang='grc' dir='ltr'><strong>ὑπὸ</strong></span> 
     </span>
    </p>
   </div>
   <div class='ocr_carea' id='block_1_39' title="bbox 102 1018 885 1055">
    <p class='ocr_par' dir='ltr' id='par_1_39' title="bbox 102 1018 885 1055">
     <span class='ocr_line' id='line_1_39' title="bbox 102 1018 885 1055; baseline 0 -9"><span class='ocrx_word' id='word_1_267' title='bbox 102 1019 128 1047; x_wconf 71' lang='grc' dir='ltr'><strong>δι</strong></span> <span class='ocrx_word' id='word_1_268' title='bbox 141 1020 193 1047; x_wconf 88' lang='grc' dir='ltr'><strong>τῶν</strong></span> <span class='ocrx_word' id='word_1_269' title='bbox 209 1020 320 1055; x_wconf 81' lang='grc' dir='ltr'>Κριτῶν</span> <span class='ocrx_word' id='word_1_270' title='bbox 335 1020 382 1054; x_wconf 78' lang='grc' dir='ltr'>ἔτη</span> <span class='ocrx_word' id='word_1_271' title='bbox 400 1018 448 1052; x_wconf 88' lang='grc' dir='ltr'>υν’,</span> <span class='ocrx_word' id='word_1_272' title='bbox 463 1020 544 1054; x_wconf 77' lang='grc' dir='ltr'>μέχρι</span> <span class='ocrx_word' id='word_1_273' title='bbox 562 1019 610 1055; x_wconf 79' lang='grc' dir='ltr'>τῆς</span> <span class='ocrx_word' id='word_1_274' title='bbox 631 1019 768 1054; x_wconf 82' lang='grc' dir='ltr'>βασιλείας</span> <span class='ocrx_word' id='word_1_275' title='bbox 790 1020 885 1048; x_wconf 85' lang='grc' dir='ltr'>Σαούλ.</span> 
     </span>
    </p>
   </div>
   <div class='ocr_carea' id='block_1_40' title="bbox 103 1064 888 1102">
    <p class='ocr_par' dir='ltr' id='par_1_40' title="bbox 103 1064 888 1102">
     <span class='ocr_line' id='line_1_40' title="bbox 103 1064 888 1102; baseline -0.001 -9"><span class='ocrx_word' id='word_1_276' title='bbox 103 1066 155 1093; x_wconf 71' lang='grc' dir='ltr'><strong>Εἶθ’</strong></span> <span class='ocrx_word' id='word_1_277' title='bbox 181 1066 270 1099; x_wconf 80' lang='grc' dir='ltr'>οὕτως</span> <span class='ocrx_word' id='word_1_278' title='bbox 292 1064 373 1102; x_wconf 79' lang='grc' dir='ltr'>ἦλθεν</span> <span class='ocrx_word' id='word_1_279' title='bbox 401 1065 481 1092; x_wconf 72' lang='grc' dir='ltr'><strong>Δαὸὶδ</strong></span> <span class='ocrx_word' id='word_1_280' title='bbox 508 1067 521 1092; x_wconf 88' lang='grc' dir='ltr'><strong>ό</strong></span> <span class='ocrx_word' id='word_1_281' title='bbox 558 1066 684 1101; x_wconf 75' lang='grc' dir='ltr'>γαμϐρὸς</span> <span class='ocrx_word' id='word_1_282' title='bbox 710 1065 803 1092; x_wconf 80' lang='grc' dir='ltr'>αὑτοῦ.</span> <span class='ocrx_word' id='word_1_283' title='bbox 832 1065 888 1092; x_wconf 78' lang='grc' dir='ltr'><strong>Καὶ</strong></span> 
     </span>
    </p>
   </div>
   <div class='ocr_carea' id='block_1_41' title="bbox 103 1110 885 1148">
    <p class='ocr_par' dir='ltr' id='par_1_41' title="bbox 103 1110 885 1148">
     <span class='ocr_line' id='line_1_41' title="bbox 103 1110 885 1148; baseline -0.003 -9"><span class='ocrx_word' id='word_1_284' title='bbox 103 1113 207 1148; x_wconf 77' lang='grc' dir='ltr'>γέγονεν</span> <span class='ocrx_word' id='word_1_285' title='bbox 235 1113 288 1139; x_wconf 78' lang='grc' dir='ltr'><strong>ἀπὸ</strong></span> <span class='ocrx_word' id='word_1_286' title='bbox 318 1111 444 1147; x_wconf 73' lang='grc' dir='ltr'><strong>’Δϐραᾶιμ</strong></span> <span class='ocrx_word' id='word_1_287' title='bbox 464 1111 517 1143; x_wconf 72' lang='grc' dir='ltr'>ἕως</span> <span class='ocrx_word' id='word_1_288' title='bbox 549 1110 631 1138; x_wconf 78' lang='grc' dir='ltr'><strong>Δαϐὶδ</strong></span> <span class='ocrx_word' id='word_1_289' title='bbox 655 1111 747 1145; x_wconf 75' lang='grc' dir='ltr'>γενεαὶ</span> <span class='ocrx_word' id='word_1_290' title='bbox 772 1111 813 1144; x_wconf 87' lang='grc' dir='ltr'>ιδ’,</span> <span class='ocrx_word' id='word_1_291' title='bbox 839 1110 885 1146; x_wconf 70' lang='grc' dir='ltr'>ἐτη</span> 
     </span>
    </p>
   </div>
   <div class='ocr_carea' id='block_1_42' title="bbox 104 1156 887 1196">
    <p class='ocr_par' dir='ltr' id='par_1_42' title="bbox 104 1156 887 1196">
     <span class='ocr_line' id='line_1_42' title="bbox 104 1156 887 1196; baseline -0.004 -11"><span class='ocrx_word' id='word_1_292' title='bbox 104 1157 178 1196; x_wconf 62' lang='grc' dir='ltr'>ᾳκό,</span> <span class='ocrx_word' id='word_1_293' title='bbox 201 1158 252 1184; x_wconf 80' lang='grc' dir='ltr'>καὶ</span> <span class='ocrx_word' id='word_1_294' title='bbox 278 1158 332 1184; x_wconf 81' lang='grc' dir='ltr'><strong>ἀπὸ</strong></span> <span class='ocrx_word' id='word_1_295' title='bbox 364 1157 446 1184; x_wconf 77' lang='grc' dir='ltr'>Δαειδ</span> <span class='ocrx_word' id='word_1_296' title='bbox 467 1157 520 1188; x_wconf 70' lang='grc' dir='ltr'>ἕως</span> <span class='ocrx_word' id='word_1_297' title='bbox 545 1158 595 1192; x_wconf 80' lang='grc' dir='ltr'>τῆς</span> <span class='ocrx_word' id='word_1_298' title='bbox 626 1157 800 1192; x_wconf 81' lang='grc' dir='ltr'>μετοικησίας</span> <span class='ocrx_word' id='word_1_299' title='bbox 834 1156 887 1182; x_wconf 88' lang='grc' dir='ltr'><strong>Βα-</strong></span> 
     </span>
    </p>
   </div>
   <div class='ocr_carea' id='block_1_43' title="bbox 103 1201 887 1238">
    <p class='ocr_par' dir='ltr' id='par_1_43' title="bbox 103 1201 887 1238">
     <span class='ocr_line' id='line_1_43' title="bbox 103 1201 887 1238; baseline -0.004 -7"><span class='ocrx_word' id='word_1_300' title='bbox 103 1204 227 1236; x_wconf 77' lang='grc' dir='ltr'>ϐυλῶνος,</span> <span class='ocrx_word' id='word_1_301' title='bbox 255 1204 350 1238; x_wconf 71' lang='grc' dir='ltr'>γενεαὶ</span> <span class='ocrx_word' id='word_1_302' title='bbox 363 1203 402 1235; x_wconf 85' lang='grc' dir='ltr'><strong>ιδ’,</strong></span> <span class='ocrx_word' id='word_1_303' title='bbox 419 1203 467 1237; x_wconf 76' lang='grc' dir='ltr'><strong>ἐτη</strong></span> <span class='ocrx_word' id='word_1_304' title='bbox 502 1202 553 1236; x_wconf 81' lang='grc' dir='ltr'>φδ’,</span> <span class='ocrx_word' id='word_1_305' title='bbox 571 1202 639 1237; x_wconf 83' lang='grc' dir='ltr'>ὁμοῦ</span> <span class='ocrx_word' id='word_1_306' title='bbox 660 1201 887 1237; x_wconf 78' lang='grc' dir='ltr'>συμψηφίσαντες</span> 
     </span>
    </p>
   </div>
   <div class='ocr_carea' id='block_1_44' title="bbox 103 1247 885 1286">
    <p class='ocr_par' dir='ltr' id='par_1_44' title="bbox 103 1247 885 1286">
     <span class='ocr_line' id='line_1_44' title="bbox 103 1247 885 1286; baseline -0.003 -10"><span class='ocrx_word' id='word_1_307' title='bbox 103 1250 226 1286; x_wconf 70' lang='grc' dir='ltr'>εὕρομεν,</span> <span class='ocrx_word' id='word_1_308' title='bbox 252 1250 293 1276; x_wconf 84' lang='grc' dir='ltr'>ὅτι</span> <span class='ocrx_word' id='word_1_309' title='bbox 319 1249 373 1276; x_wconf 78' lang='grc' dir='ltr'><strong>ἀπὸ</strong></span> <span class='ocrx_word' id='word_1_310' title='bbox 389 1248 475 1283; x_wconf 76' lang='grc' dir='ltr'>Ἀδὰμ</span> <span class='ocrx_word' id='word_1_311' title='bbox 488 1249 541 1280; x_wconf 77' lang='grc' dir='ltr'>ἕως</span> <span class='ocrx_word' id='word_1_312' title='bbox 554 1248 684 1284; x_wconf 74' lang='grc' dir='ltr'>Χριστοῦ,</span> <span class='ocrx_word' id='word_1_313' title='bbox 705 1248 752 1283; x_wconf 81' lang='grc' dir='ltr'>ἐτη</span> <span class='ocrx_word' id='word_1_314' title='bbox 765 1247 805 1282; x_wconf 81' lang='grc' dir='ltr'>εφ¹</span> <span class='ocrx_word' id='word_1_315' title='bbox 817 1247 885 1283; x_wconf 74' lang='grc'>(62).</span> 
     </span>
    </p>
   </div>
   <div class='ocr_carea' id='block_1_45' title="bbox 139 1292 886 1330">
    <p class='ocr_par' dir='ltr' id='par_1_45' title="bbox 139 1292 886 1330">
     <span class='ocr_line' id='line_1_45' title="bbox 139 1292 886 1330; baseline -0.007 -7"><span class='ocrx_word' id='word_1_316' title='bbox 139 1297 168 1322; x_wconf 90' lang='lat'><strong>&#39;0</strong></span> <span class='ocrx_word' id='word_1_317' title='bbox 177 1296 205 1323; x_wconf 78' lang='grc' dir='ltr'><strong>δὲ</strong></span> <span class='ocrx_word' id='word_1_318' title='bbox 223 1294 343 1330; x_wconf 81' lang='grc' dir='ltr'>Χριστὸς</span> <span class='ocrx_word' id='word_1_319' title='bbox 368 1295 496 1328; x_wconf 82' lang='grc' dir='ltr'>γεννᾶται</span> <span class='ocrx_word' id='word_1_320' title='bbox 521 1294 548 1320; x_wconf 81' lang='grc' dir='ltr'>ὲν</span> <span class='ocrx_word' id='word_1_321' title='bbox 567 1294 607 1329; x_wconf 87' lang='grc' dir='ltr'><strong>τῷ</strong></span> <span class='ocrx_word' id='word_1_322' title='bbox 628 1293 837 1328; x_wconf 76' lang='grc' dir='ltr'>τεσσαρακοστῷ</span> <span class='ocrx_word' id='word_1_323' title='bbox 864 1292 886 1326; x_wconf 85' lang='grc' dir='ltr'><strong>β’</strong></span> 
     </span>
    </p>
   </div>
   <div class='ocr_carea' id='block_1_46' title="bbox 103 1339 887 1375">
    <p class='ocr_par' dir='ltr' id='par_1_46' title="bbox 103 1339 887 1375">
     <span class='ocr_line' id='line_1_46' title="bbox 103 1339 887 1375; baseline -0.005 -6"><span class='ocrx_word' id='word_1_324' title='bbox 103 1342 154 1369; x_wconf 75' lang='grc' dir='ltr'>ιτει</span> <span class='ocrx_word' id='word_1_325' title='bbox 167 1341 325 1375; x_wconf 79' lang='grc' dir='ltr'>Αὐγούστου</span> <span class='ocrx_word' id='word_1_326' title='bbox 353 1340 400 1367; x_wconf 82' lang='grc' dir='ltr'>τοῦ</span> <span class='ocrx_word' id='word_1_327' title='bbox 417 1340 559 1375; x_wconf 83' lang='grc' dir='ltr'>βασιλέως,</span> <span class='ocrx_word' id='word_1_328' title='bbox 591 1339 639 1366; x_wconf 88' lang='grc' dir='ltr'>ίνδ.</span> <span class='ocrx_word' id='word_1_329' title='bbox 657 1339 683 1372; x_wconf 82' lang='grc' dir='ltr'><strong>ι’,</strong></span> <span class='ocrx_word' id='word_1_330' title='bbox 696 1339 788 1375; x_wconf 76' lang='grc' dir='ltr'>ἡμέρᾳ</span> <span class='ocrx_word' id='word_1_331' title='bbox 801 1339 834 1372; x_wconf 77' lang='grc' dir='ltr'><strong>ζ’,</strong></span> <span class='ocrx_word' id='word_1_332' title='bbox 855 1339 887 1365; x_wconf 81' lang='grc' dir='ltr'>ὲκ</span> 
     </span>
    </p>
   </div>
   <div class='ocr_carea' id='block_1_47' title="bbox 103 1385 885 1422">
    <p class='ocr_par' dir='ltr' id='par_1_47' title="bbox 103 1385 885 1422">
     <span class='ocr_line' id='line_1_47' title="bbox 103 1385 885 1422; baseline -0.005 -7"><span class='ocrx_word' id='word_1_333' title='bbox 103 1388 184 1422; x_wconf 77' lang='grc' dir='ltr'>φυλῆς</span> <span class='ocrx_word' id='word_1_334' title='bbox 201 1387 301 1418; x_wconf 83' lang='grc' dir='ltr'><strong>Ἰούδα,</strong></span> <span class='ocrx_word' id='word_1_335' title='bbox 323 1387 355 1413; x_wconf 81' lang='grc' dir='ltr'>ὲκ</span> <span class='ocrx_word' id='word_1_336' title='bbox 369 1386 525 1421; x_wconf 80' lang='grc' dir='ltr'>σπέρματος</span> <span class='ocrx_word' id='word_1_337' title='bbox 538 1385 622 1412; x_wconf 77' lang='grc' dir='ltr'><strong>Δαὸὶδ</strong></span> <span class='ocrx_word' id='word_1_338' title='bbox 636 1385 666 1411; x_wconf 77' lang='grc' dir='ltr'><strong>τὸ</strong></span> <span class='ocrx_word' id='word_1_339' title='bbox 682 1386 753 1412; x_wconf 72' lang='grc' dir='ltr'>κατὰ</span> <span class='ocrx_word' id='word_1_340' title='bbox 773 1385 863 1420; x_wconf 80' lang='grc' dir='ltr'>σάρκα</span> <span class='ocrx_word' id='word_1_341' title='bbox 877 1391 885 1399; x_wconf 82' lang='grc'><strong>⁸</strong></span> 
     </span>
    </p>
   </div>
   <div class='ocr_carea' id='block_1_48' title="bbox 103 1430 886 1467">
    <p class='ocr_par' dir='ltr' id='par_1_48' title="bbox 103 1430 886 1467">
     <span class='ocr_line' id='line_1_48' title="bbox 103 1430 886 1467; baseline -0.006 -6"><span class='ocrx_word' id='word_1_342' title='bbox 103 1435 146 1461; x_wconf 77' lang='grc' dir='ltr'>καὶ</span> <span class='ocrx_word' id='word_1_343' title='bbox 159 1433 295 1460; x_wconf 70' lang='grc' dir='ltr'>τοσοῦ-των</span> <span class='ocrx_word' id='word_1_344' title='bbox 310 1432 394 1459; x_wconf 76' lang='grc' dir='ltr'>δϊτων</span> <span class='ocrx_word' id='word_1_345' title='bbox 413 1431 467 1458; x_wconf 82' lang='grc' dir='ltr'>τῶν</span> <span class='ocrx_word' id='word_1_346' title='bbox 483 1432 596 1467; x_wconf 85' lang='grc' dir='ltr'>χρόνων,</span> <span class='ocrx_word' id='word_1_347' title='bbox 611 1432 669 1462; x_wconf 80' lang='grc' dir='ltr'>πῶς</span> <span class='ocrx_word' id='word_1_348' title='bbox 685 1431 735 1458; x_wconf 81' lang='grc' dir='ltr'>οὐκ</span> <span class='ocrx_word' id='word_1_349' title='bbox 759 1430 886 1465; x_wconf 81' lang='grc' dir='ltr'>αίσχυνε-</span> 
     </span>
    </p>
   </div>
   <div class='ocr_carea' id='block_1_49' title="bbox 103 1476 884 1513">
    <p class='ocr_par' dir='ltr' id='par_1_49' title="bbox 103 1476 884 1513">
     <span class='ocr_line' id='line_1_49' title="bbox 103 1476 884 1513; baseline -0.006 -6"><span class='ocrx_word' id='word_1_350' title='bbox 103 1489 143 1507; x_wconf 79' lang='grc' dir='ltr'><strong>ται</strong></span> <span class='ocrx_word' id='word_1_351' title='bbox 170 1480 287 1507; x_wconf 78' lang='grc' dir='ltr'>Πλάτων</span> <span class='ocrx_word' id='word_1_352' title='bbox 303 1479 368 1513; x_wconf 81' lang='grc' dir='ltr'>περὶ</span> <span class='ocrx_word' id='word_1_353' title='bbox 390 1477 585 1512; x_wconf 82' lang='grc' dir='ltr'>κατακλυσμοῦ</span> <span class='ocrx_word' id='word_1_354' title='bbox 601 1476 712 1511; x_wconf 84' lang='grc' dir='ltr'>πρώτου</span> <span class='ocrx_word' id='word_1_355' title='bbox 726 1476 774 1503; x_wconf 80' lang='grc' dir='ltr'>καὶ</span> <span class='ocrx_word' id='word_1_356' title='bbox 792 1476 884 1502; x_wconf 79' lang='grc' dir='ltr'>δευτέ-</span> 
     </span>
    </p>
   </div>
   <div class='ocr_carea' id='block_1_50' title="bbox 104 1524 357 1561">
    <p class='ocr_par' dir='ltr' id='par_1_50' title="bbox 104 1524 357 1561">
     <span class='ocr_line' id='line_1_50' title="bbox 104 1524 357 1561; baseline 0 -12"><span class='ocrx_word' id='word_1_357' title='bbox 104 1534 147 1561; x_wconf 61' lang='grc' dir='ltr'>ρῠυ</span> <span class='ocrx_word' id='word_1_358' title='bbox 160 1524 357 1560; x_wconf 72' lang='grc' dir='ltr'>διηγούμενοςς</span> 
     </span>
    </p>
   </div>
   <div class='ocr_carea' id='block_1_51' title="bbox 937 876 1525 918">
    <p class='ocr_par' dir='ltr' id='par_1_51' title="bbox 937 876 1525 918">
     <span class='ocr_line' id='line_1_51' title="bbox 937 876 1525 918; baseline 0 -9"><span class='ocrx_word' id='word_1_359' title='bbox 937 881 1064 918; x_wconf 67' lang='lat' dir='ltr'><strong>Aﬁgypto.</strong></span> <span class='ocrx_word' id='word_1_360' title='bbox 1077 882 1198 910; x_wconf 84' lang='lat' dir='ltr'><strong>Manserc</strong></span> <span class='ocrx_word' id='word_1_361' title='bbox 1214 883 1240 909; x_wconf 90' lang='lat' dir='ltr'><strong>in</strong></span> <span class='ocrx_word' id='word_1_362' title='bbox 1256 876 1365 910; x_wconf 81' lang='lat' dir='ltr'><strong>deserto</strong></span> <span class='ocrx_word' id='word_1_363' title='bbox 1382 890 1469 909; x_wconf 88' lang='lat' dir='ltr'><strong>annos</strong></span> <span class='ocrx_word' id='word_1_364' title='bbox 1480 882 1525 909; x_wconf 69' lang='grc'><strong>40.</strong></span> 
     </span>
    </p>
   </div>
   <div class='ocr_carea' id='block_1_52' title="bbox 973 976 1726 1012">
    <p class='ocr_par' dir='ltr' id='par_1_52' title="bbox 973 976 1726 1012">
     <span class='ocr_line' id='line_1_52' title="bbox 973 976 1726 1012; baseline 0.003 -9"><span class='ocrx_word' id='word_1_365' title='bbox 973 976 1113 1012; x_wconf 77' lang='lat' dir='ltr'><strong>Reguntur</strong></span> <span class='ocrx_word' id='word_1_366' title='bbox 1127 984 1141 1004; x_wconf 92' lang='lat' dir='ltr'><strong>a</strong></span> <span class='ocrx_word' id='word_1_367' title='bbox 1157 976 1221 1004; x_wconf 81' lang='lat' dir='ltr'><strong>Jcsu</strong></span> <span class='ocrx_word' id='word_1_368' title='bbox 1247 976 1321 1004; x_wconf 77' lang='lat' dir='ltr'><strong>Nave</strong></span> <span class='ocrx_word' id='word_1_369' title='bbox 1349 985 1435 1004; x_wconf 88' lang='lat' dir='ltr'><strong>annos</strong></span> <span class='ocrx_word' id='word_1_370' title='bbox 1458 977 1503 1009; x_wconf 78' lang='grc'>25,</span> <span class='ocrx_word' id='word_1_371' title='bbox 1525 977 1559 1004; x_wconf 91' lang='lat' dir='ltr'><strong>ah</strong></span> <span class='ocrx_word' id='word_1_372' title='bbox 1582 976 1726 1005; x_wconf 69' lang='lat' dir='ltr'><strong>Iudicibus</strong></span> 
     </span>
    </p>
   </div>
   <div class='ocr_carea' id='block_1_53' title="bbox 937 1022 1727 1058">
    <p class='ocr_par' dir='ltr' id='par_1_53' title="bbox 937 1022 1727 1058">
     <span class='ocr_line' id='line_1_53' title="bbox 937 1022 1727 1058; baseline 0.004 -11"><span class='ocrx_word' id='word_1_373' title='bbox 937 1028 1024 1048; x_wconf 89' lang='lat' dir='ltr'><strong>annos</strong></span> <span class='ocrx_word' id='word_1_374' title='bbox 1044 1022 1097 1048; x_wconf 69' lang='grc'><strong>450</strong></span> <span class='ocrx_word' id='word_1_375' title='bbox 1111 1030 1196 1057; x_wconf 89' lang='lat' dir='ltr'><strong>usque</strong></span> <span class='ocrx_word' id='word_1_376' title='bbox 1216 1023 1248 1049; x_wconf 89' lang='lat' dir='ltr'><strong>ad</strong></span> <span class='ocrx_word' id='word_1_377' title='bbox 1272 1030 1383 1058; x_wconf 78' lang='lat' dir='ltr'><strong>regnum</strong></span> <span class='ocrx_word' id='word_1_378' title='bbox 1412 1023 1488 1051; x_wconf 90' lang='lat' dir='ltr'><strong>Saul.</strong></span> <span class='ocrx_word' id='word_1_379' title='bbox 1506 1023 1638 1058; x_wconf 79' lang='lat' dir='ltr'><strong>Deinceps</strong></span> <span class='ocrx_word' id='word_1_380' title='bbox 1654 1023 1727 1050; x_wconf 82' lang='lat' dir='ltr'><strong>venit</strong></span> 
     </span>
    </p>
   </div>
   <div class='ocr_carea' id='block_1_54' title="bbox 938 1067 1725 1103">
    <p class='ocr_par' dir='ltr' id='par_1_54' title="bbox 938 1067 1725 1103">
     <span class='ocr_line' id='line_1_54' title="bbox 938 1067 1725 1103; baseline 0.001 -10"><span class='ocrx_word' id='word_1_381' title='bbox 938 1067 1021 1093; x_wconf 81' lang='lat' dir='ltr'><strong>David</strong></span> <span class='ocrx_word' id='word_1_382' title='bbox 1049 1075 1128 1095; x_wconf 86' lang='lat' dir='ltr'><strong>socer</strong></span> <span class='ocrx_word' id='word_1_383' title='bbox 1154 1068 1237 1095; x_wconf 88' lang='lat' dir='ltr'><strong>illius.</strong></span> <span class='ocrx_word' id='word_1_384' title='bbox 1259 1068 1435 1103; x_wconf 87' lang='lat' dir='ltr'><strong>Fueruntque</strong></span> <span class='ocrx_word' id='word_1_385' title='bbox 1461 1068 1495 1095; x_wconf 82' lang='lat' dir='ltr'><strong>ab</strong></span> <span class='ocrx_word' id='word_1_386' title='bbox 1524 1068 1661 1095; x_wconf 83' lang='lat' dir='ltr'><strong>Abraham</strong></span> <span class='ocrx_word' id='word_1_387' title='bbox 1691 1068 1725 1095; x_wconf 86' lang='lat' dir='ltr'><strong>ad</strong></span> 
     </span>
    </p>
   </div>
   <div class='ocr_carea' id='block_1_55' title="bbox 938 1113 1725 1149">
    <p class='ocr_par' dir='ltr' id='par_1_55' title="bbox 938 1113 1725 1149">
     <span class='ocr_line' id='line_1_55' title="bbox 938 1113 1725 1149; baseline 0.001 -10"><span class='ocrx_word' id='word_1_388' title='bbox 938 1113 1022 1140; x_wconf 81' lang='lat' dir='ltr'><strong>David</strong></span> <span class='ocrx_word' id='word_1_389' title='bbox 1037 1114 1227 1149; x_wconf 75' lang='lat' dir='ltr'><strong>generationes</strong></span> <span class='ocrx_word' id='word_1_390' title='bbox 1245 1115 1276 1142; x_wconf 77' lang='grc'><strong>14</strong></span> <span class='ocrx_word' id='word_1_391' title='bbox 1291 1115 1332 1142; x_wconf 84' lang='lat' dir='ltr'><strong>vel</strong></span> <span class='ocrx_word' id='word_1_392' title='bbox 1348 1114 1413 1141; x_wconf 93' lang='lat' dir='ltr'><strong>anni</strong></span> <span class='ocrx_word' id='word_1_393' title='bbox 1430 1114 1509 1142; x_wconf 65' lang='grc'><strong>1021.</strong></span> <span class='ocrx_word' id='word_1_394' title='bbox 1520 1114 1552 1141; x_wconf 88' lang='grc' dir='ltr'>Ει</span> <span class='ocrx_word' id='word_1_395' title='bbox 1563 1122 1577 1140; x_wconf 90' lang='lat' dir='ltr'><strong>a</strong></span> <span class='ocrx_word' id='word_1_396' title='bbox 1590 1113 1675 1141; x_wconf 84' lang='lat' dir='ltr'><strong>David</strong></span> <span class='ocrx_word' id='word_1_397' title='bbox 1691 1113 1725 1141; x_wconf 89' lang='lat' dir='ltr'><strong>ad</strong></span> 
     </span>
    </p>
   </div>
   <div class='ocr_carea' id='block_1_56' title="bbox 938 1159 1726 1195">
    <p class='ocr_par' dir='ltr' id='par_1_56' title="bbox 938 1159 1726 1195">
     <span class='ocr_line' id='line_1_56' title="bbox 938 1159 1726 1195; baseline 0.001 -10"><span class='ocrx_word' id='word_1_398' title='bbox 938 1159 1206 1193; x_wconf 73' lang='lat' dir='ltr'><strong>transmigrationcm</strong></span> <span class='ocrx_word' id='word_1_399' title='bbox 1232 1160 1388 1195; x_wconf 85' lang='lat' dir='ltr'><strong>Babylonis,</strong></span> <span class='ocrx_word' id='word_1_400' title='bbox 1407 1160 1597 1195; x_wconf 71' lang='lat' dir='ltr'><strong>generationes</strong></span> <span class='ocrx_word' id='word_1_401' title='bbox 1621 1159 1654 1186; x_wconf 77' lang='lat' dir='ltr'><strong>H</strong></span> <span class='ocrx_word' id='word_1_402' title='bbox 1684 1159 1726 1186; x_wconf 89' lang='lat' dir='ltr'><strong>vel</strong></span> 
     </span>
    </p>
   </div>
   <div class='ocr_carea' id='block_1_57' title="bbox 938 1203 1727 1240">
    <p class='ocr_par' dir='ltr' id='par_1_57' title="bbox 938 1203 1727 1240">
     <span class='ocr_line' id='line_1_57' title="bbox 938 1203 1727 1240; baseline 0.004 -10"><span class='ocrx_word' id='word_1_403' title='bbox 938 1204 1002 1231; x_wconf 90' lang='lat' dir='ltr'><strong>anni</strong></span> <span class='ocrx_word' id='word_1_404' title='bbox 1031 1203 1093 1236; x_wconf 75' lang='grc'><strong>504,</strong></span> <span class='ocrx_word' id='word_1_405' title='bbox 1113 1205 1259 1232; x_wconf 77' lang='lat' dir='ltr'><strong>universim</strong></span> <span class='ocrx_word' id='word_1_406' title='bbox 1295 1206 1362 1234; x_wconf 90' lang='lat' dir='ltr'><strong>inito</strong></span> <span class='ocrx_word' id='word_1_407' title='bbox 1385 1205 1491 1233; x_wconf 85' lang='lat' dir='ltr'><strong>calculo</strong></span> <span class='ocrx_word' id='word_1_408' title='bbox 1516 1206 1667 1240; x_wconf 89' lang='lat' dir='ltr'><strong>reperimus</strong></span> <span class='ocrx_word' id='word_1_409' title='bbox 1691 1205 1727 1233; x_wconf 85' lang='lat' dir='ltr'><strong>ab</strong></span> 
     </span>
    </p>
   </div>
   <div class='ocr_carea' id='block_1_58' title="bbox 938 1249 1427 1279">
    <p class='ocr_par' dir='ltr' id='par_1_58' title="bbox 938 1249 1427 1279">
     <span class='ocr_line' id='line_1_58' title="bbox 938 1249 1427 1279; baseline 0.002 -3"><span class='ocrx_word' id='word_1_410' title='bbox 938 1249 1022 1276; x_wconf 87' lang='lat' dir='ltr'><strong>Adam</strong></span> <span class='ocrx_word' id='word_1_411' title='bbox 1041 1249 1074 1276; x_wconf 86' lang='lat' dir='ltr'><strong>ad</strong></span> <span class='ocrx_word' id='word_1_412' title='bbox 1089 1249 1227 1277; x_wconf 86' lang='lat' dir='ltr'><strong>Christum</strong></span> <span class='ocrx_word' id='word_1_413' title='bbox 1246 1258 1332 1278; x_wconf 86' lang='lat' dir='ltr'><strong>annos</strong></span> <span class='ocrx_word' id='word_1_414' title='bbox 1348 1258 1427 1279; x_wconf 71' lang='lat' dir='ltr'><strong>tanta.</strong></span> 
     </span>
    </p>
   </div>
   <div class='ocr_carea' id='block_1_59' title="bbox 973 1295 1727 1331">
    <p class='ocr_par' dir='ltr' id='par_1_59' title="bbox 973 1295 1727 1331">
     <span class='ocr_line' id='line_1_59' title="bbox 973 1295 1727 1331; baseline 0 -9"><span class='ocrx_word' id='word_1_415' title='bbox 973 1295 1099 1322; x_wconf 85' lang='lat' dir='ltr'><strong>Christus</strong></span> <span class='ocrx_word' id='word_1_416' title='bbox 1127 1296 1249 1323; x_wconf 86' lang='lat' dir='ltr'><strong>nascitur</strong></span> <span class='ocrx_word' id='word_1_417' title='bbox 1276 1297 1486 1331; x_wconf 77' lang='lat' dir='ltr'><strong>quadragesimo</strong></span> <span class='ocrx_word' id='word_1_418' title='bbox 1511 1296 1631 1324; x_wconf 85' lang='lat' dir='ltr'><strong>secundo</strong></span> <span class='ocrx_word' id='word_1_419' title='bbox 1654 1303 1727 1323; x_wconf 86' lang='lat' dir='ltr'><strong>anno</strong></span> 
     </span>
    </p>
   </div>
   <div class='ocr_carea' id='block_1_60' title="bbox 937 1340 1726 1375">
    <p class='ocr_par' dir='ltr' id='par_1_60' title="bbox 937 1340 1726 1375">
     <span class='ocr_line' id='line_1_60' title="bbox 937 1340 1726 1375; baseline 0 -7"><span class='ocrx_word' id='word_1_420' title='bbox 937 1341 1051 1375; x_wconf 79' lang='lat' dir='ltr'><strong>Augusti</strong></span> <span class='ocrx_word' id='word_1_421' title='bbox 1064 1340 1251 1375; x_wconf 87' lang='lat' dir='ltr'><strong>imperatoris,</strong></span> <span class='ocrx_word' id='word_1_422' title='bbox 1267 1341 1415 1369; x_wconf 90' lang='lat' dir='ltr'><strong>indictione</strong></span> <span class='ocrx_word' id='word_1_423' title='bbox 1428 1342 1470 1374; x_wconf 87' lang='grc'><strong>10,</strong></span> <span class='ocrx_word' id='word_1_424' title='bbox 1485 1341 1552 1369; x_wconf 84' lang='lat' dir='ltr'><strong>feria</strong></span> <span class='ocrx_word' id='word_1_425' title='bbox 1566 1342 1593 1375; x_wconf 85' lang='lat'><strong>7,</strong></span> <span class='ocrx_word' id='word_1_426' title='bbox 1605 1348 1637 1368; x_wconf 81' lang='lat' dir='ltr'><strong>ex</strong></span> <span class='ocrx_word' id='word_1_427' title='bbox 1652 1340 1726 1368; x_wconf 85' lang='lat' dir='ltr'><strong>tribu</strong></span> 
     </span>
    </p>
   </div>
   <div class='ocr_carea' id='block_1_61' title="bbox 937 1386 1725 1416">
    <p class='ocr_par' dir='ltr' id='par_1_61' title="bbox 937 1386 1725 1416">
     <span class='ocr_line' id='line_1_61' title="bbox 937 1386 1725 1416; baseline -0.001 -2"><span class='ocrx_word' id='word_1_428' title='bbox 937 1386 1006 1414; x_wconf 79' lang='lat' dir='ltr'><strong>Juda</strong></span> <span class='ocrx_word' id='word_1_429' title='bbox 1031 1394 1064 1414; x_wconf 78' lang='lat' dir='ltr'><strong>ex</strong></span> <span class='ocrx_word' id='word_1_430' title='bbox 1091 1387 1195 1414; x_wconf 87' lang='lat' dir='ltr'><strong>semine</strong></span> <span class='ocrx_word' id='word_1_431' title='bbox 1227 1387 1309 1414; x_wconf 82' lang='lat' dir='ltr'><strong>David</strong></span> <span class='ocrx_word' id='word_1_432' title='bbox 1337 1389 1487 1416; x_wconf 86' lang='lat' dir='ltr'><strong>secundum</strong></span> <span class='ocrx_word' id='word_1_433' title='bbox 1515 1395 1636 1415; x_wconf 87' lang='lat' dir='ltr'><strong>carnem.</strong></span> <span class='ocrx_word' id='word_1_434' title='bbox 1656 1387 1725 1415; x_wconf 87' lang='lat' dir='ltr'><strong>Cum</strong></span> 
     </span>
    </p>
   </div>
   <div class='ocr_carea' id='block_1_62' title="bbox 938 1432 1726 1467">
    <p class='ocr_par' dir='ltr' id='par_1_62' title="bbox 938 1432 1726 1467">
     <span class='ocr_line' id='line_1_62' title="bbox 938 1432 1726 1467; baseline 0 -8"><span class='ocrx_word' id='word_1_435' title='bbox 938 1439 1021 1467; x_wconf 89' lang='lat' dir='ltr'><strong>porro</strong></span> <span class='ocrx_word' id='word_1_436' title='bbox 1039 1435 1078 1459; x_wconf 88' lang='lat' dir='ltr'><strong>tot</strong></span> <span class='ocrx_word' id='word_1_437' title='bbox 1092 1432 1155 1465; x_wconf 73' lang='lat' dir='ltr'><strong>sint</strong></span> <span class='ocrx_word' id='word_1_438' title='bbox 1169 1433 1244 1465; x_wconf 79' lang='lat' dir='ltr'><strong>armi,</strong></span> <span class='ocrx_word' id='word_1_439' title='bbox 1259 1433 1397 1467; x_wconf 85' lang='lat' dir='ltr'><strong>quomodo</strong></span> <span class='ocrx_word' id='word_1_440' title='bbox 1417 1441 1471 1460; x_wconf 92' lang='lat' dir='ltr'><strong>non</strong></span> <span class='ocrx_word' id='word_1_441' title='bbox 1489 1434 1571 1467; x_wconf 87' lang='lat' dir='ltr'><strong>pudet</strong></span> <span class='ocrx_word' id='word_1_442' title='bbox 1585 1433 1726 1461; x_wconf 88' lang='lat' dir='ltr'><strong>Platonem</strong></span> 
     </span>
    </p>
   </div>
   <div class='ocr_carea' id='block_1_63' title="bbox 939 1476 1578 1512">
    <p class='ocr_par' dir='ltr' id='par_1_63' title="bbox 939 1476 1578 1512">
     <span class='ocr_line' id='line_1_63' title="bbox 939 1476 1578 1512; baseline 0.003 -9"><span class='ocrx_word' id='word_1_443' title='bbox 939 1476 1114 1504; x_wconf 76' lang='lat' dir='ltr'><strong>disserentem</strong></span> <span class='ocrx_word' id='word_1_444' title='bbox 1129 1476 1163 1504; x_wconf 87' lang='lat' dir='ltr'><strong>de</strong></span> <span class='ocrx_word' id='word_1_445' title='bbox 1177 1477 1281 1504; x_wconf 81' lang='lat' dir='ltr'><strong>diluvio</strong></span> <span class='ocrx_word' id='word_1_446' title='bbox 1295 1477 1385 1512; x_wconf 90' lang='lat' dir='ltr'><strong>primo</strong></span> <span class='ocrx_word' id='word_1_447' title='bbox 1399 1483 1425 1505; x_wconf 87' lang='lat' dir='ltr'><strong>et</strong></span> <span class='ocrx_word' id='word_1_448' title='bbox 1437 1477 1578 1505; x_wconf 77' lang='lat' dir='ltr'><strong>secundo?</strong></span> 
     </span>
    </p>
   </div>
   <div class='ocr_carea' id='block_1_64' title="bbox 140 1565 885 1604">
    <p class='ocr_par' dir='ltr' id='par_1_64' title="bbox 140 1567 876 1604">
     <span class='ocr_line' id='line_1_64' title="bbox 140 1567 876 1604; baseline -0.005 -8"><span class='ocrx_word' id='word_1_449' title='bbox 140 1570 205 1598; x_wconf 68' lang='grc' dir='ltr'><strong>Ἀπὸ</strong></span> <span class='ocrx_word' id='word_1_450' title='bbox 219 1567 533 1604; x_wconf 31' lang='grc' dir='ltr'><strong>τῆςᾉὲλανθρωπὴσεως1</strong></span> <span class='ocrx_word' id='word_1_451' title='bbox 558 1572 610 1595; x_wconf 85' lang='lat' dir='ltr'><strong>etc.</strong></span> <span class='ocrx_word' id='word_1_452' title='bbox 629 1572 751 1604; x_wconf 19' lang='lat' dir='ltr'><strong>utrsupfa</strong></span> <span class='ocrx_word' id='word_1_453' title='bbox 778 1567 876 1602; x_wconf 80' lang='lat' dir='ltr'><strong>fragm.</strong></span> 
     </span>
    </p>
   </div>
   <div class='ocr_carea' id='block_1_65' title="bbox 942 1565 1727 1604">
    <p class='ocr_par' dir='ltr' id='par_1_65' title="bbox 951 1566 1727 1603">
     <span class='ocr_line' id='line_1_65' title="bbox 951 1566 1727 1603; baseline 0.004 -11"><span class='ocrx_word' id='word_1_454' title='bbox 951 1574 1023 1593; x_wconf 86' lang='lat' dir='ltr'><strong>num.</strong></span> <span class='ocrx_word' id='word_1_455' title='bbox 1040 1566 1066 1599; x_wconf 80' lang='grc'><strong>1,</strong></span> <span class='ocrx_word' id='word_1_456' title='bbox 1083 1574 1142 1593; x_wconf 82' lang='lat' dir='ltr'><strong>cum</strong></span> <span class='ocrx_word' id='word_1_457' title='bbox 1166 1568 1269 1594; x_wconf 82' lang='lat' dir='ltr'><strong>modico</strong></span> <span class='ocrx_word' id='word_1_458' title='bbox 1285 1567 1454 1603; x_wconf 80' lang='lat' dir='ltr'><strong>_discrimine.</strong></span> <span class='ocrx_word' id='word_1_459' title='bbox 1471 1568 1503 1595; x_wconf 83' lang='lat' dir='ltr'><strong>At</strong></span> <span class='ocrx_word' id='word_1_460' title='bbox 1519 1576 1578 1603; x_wconf 70' lang='lat' dir='ltr'><strong>qua:</strong></span> <span class='ocrx_word' id='word_1_461' title='bbox 1593 1572 1727 1602; x_wconf 65' lang='lat' dir='ltr'><strong>ponuntur</strong></span> 
     </span>
    </p>
   </div>
   <div class='ocr_carea' id='block_1_66' title="bbox 102 1602 861 1638">
    <p class='ocr_par' dir='ltr' id='par_1_66' title="bbox 102 1602 861 1638">
     <span class='ocr_line' id='line_1_66' title="bbox 102 1602 861 1638; baseline -0.009 -3"><span class='ocrx_word' id='word_1_462' title='bbox 102 1608 146 1635; x_wconf 76' lang='lat' dir='ltr'><strong>sub</strong></span> <span class='ocrx_word' id='word_1_463' title='bbox 160 1613 231 1632; x_wconf 86' lang='lat' dir='ltr'><strong>num.</strong></span> <span class='ocrx_word' id='word_1_464' title='bbox 248 1602 295 1635; x_wconf 80' lang='grc' dir='ltr'><strong>Π,</strong></span> <span class='ocrx_word' id='word_1_465' title='bbox 314 1604 375 1638; x_wconf 83' lang='lat' dir='ltr'><strong>quia</strong></span> <span class='ocrx_word' id='word_1_466' title='bbox 395 1603 507 1629; x_wconf 82' lang='lat' dir='ltr'><strong>multum</strong></span> <span class='ocrx_word' id='word_1_467' title='bbox 523 1603 640 1636; x_wconf 78' lang='lat' dir='ltr'><strong>variant,</strong></span> <span class='ocrx_word' id='word_1_468' title='bbox 653 1603 694 1628; x_wconf 78' lang='lat' dir='ltr'><strong>hic</strong></span> <span class='ocrx_word' id='word_1_469' title='bbox 711 1603 861 1636; x_wconf 73' lang='lat' dir='ltr'><strong>a/Ieremus.</strong></span> 
     </span>
    </p>
   </div>
   <div class='ocr_carea' id='block_1_67' title="bbox 141 1647 885 1689">
    <p class='ocr_par' dir='ltr' id='par_1_67' title="bbox 141 1647 885 1689">
     <span class='ocr_line' id='line_1_67' title="bbox 141 1647 885 1689; baseline -0.015 -4"><span class='ocrx_word' id='word_1_470' title='bbox 141 1657 204 1684; x_wconf 79' lang='grc' dir='ltr'><strong>’Δπδ</strong></span> <span class='ocrx_word' id='word_1_471' title='bbox 232 1657 262 1684; x_wconf 76' lang='grc' dir='ltr'><strong>δὲ</strong></span> <span class='ocrx_word' id='word_1_472' title='bbox 289 1656 336 1682; x_wconf 76' lang='grc' dir='ltr'><strong>τοῦ</strong></span> <span class='ocrx_word' id='word_1_473' title='bbox 365 1653 498 1689; x_wconf 83' lang='grc' dir='ltr'>σωτηρίου</span> <span class='ocrx_word' id='word_1_474' title='bbox 521 1651 625 1682; x_wconf 79' lang='grc' dir='ltr'>πάθους</span> <span class='ocrx_word' id='word_1_475' title='bbox 647 1651 694 1677; x_wconf 73' lang='grc' dir='ltr'>καὶ</span> <span class='ocrx_word' id='word_1_476' title='bbox 711 1650 761 1684; x_wconf 85' lang='grc' dir='ltr'>τῆς</span> <span class='ocrx_word' id='word_1_477' title='bbox 785 1647 885 1684; x_wconf 82' lang='grc' dir='ltr'>ἀναλή-</span> 
     </span>
    </p>
   </div>
   <div class='ocr_carea' id='block_1_68' title="bbox 103 1693 886 1736">
    <p class='ocr_par' dir='ltr' id='par_1_68' title="bbox 103 1693 886 1736">
     <span class='ocr_line' id='line_1_68' title="bbox 103 1693 886 1736; baseline -0.011 -8"><span class='ocrx_word' id='word_1_478' title='bbox 103 1703 171 1736; x_wconf 70' lang='grc' dir='ltr'>ψεως</span> <span class='ocrx_word' id='word_1_479' title='bbox 198 1701 296 1733; x_wconf 78' lang='grc' dir='ltr'>αὐτοῦ,</span> <span class='ocrx_word' id='word_1_480' title='bbox 311 1701 392 1736; x_wconf 82' lang='grc' dir='ltr'>μέχρι</span> <span class='ocrx_word' id='word_1_481' title='bbox 408 1699 457 1734; x_wconf 81' lang='grc' dir='ltr'>τῆς</span> <span class='ocrx_word' id='word_1_482' title='bbox 473 1696 627 1728; x_wconf 82' lang='grc' dir='ltr'>λιθοϐολίας</span> <span class='ocrx_word' id='word_1_483' title='bbox 651 1695 699 1722; x_wconf 79' lang='grc' dir='ltr'>τοῦ</span> <span class='ocrx_word' id='word_1_484' title='bbox 719 1693 886 1730; x_wconf 82' lang='grc' dir='ltr'>πρωτομάρ-</span> 
     </span>
    </p>
   </div>
   <div class='ocr_carea' id='block_1_69' title="bbox 102 1739 886 1783">
    <p class='ocr_par' dir='ltr' id='par_1_69' title="bbox 102 1739 886 1783">
     <span class='ocr_line' id='line_1_69' title="bbox 102 1739 886 1783; baseline -0.014 -8"><span class='ocrx_word' id='word_1_485' title='bbox 102 1757 178 1783; x_wconf 82' lang='grc' dir='ltr'>τυρος</span> <span class='ocrx_word' id='word_1_486' title='bbox 187 1748 340 1782; x_wconf 78' lang='grc' dir='ltr'>Στεφάνου,</span> <span class='ocrx_word' id='word_1_487' title='bbox 356 1746 404 1780; x_wconf 78' lang='grc' dir='ltr'>ἐτη</span> <span class='ocrx_word' id='word_1_488' title='bbox 418 1745 452 1777; x_wconf 82' lang='grc' dir='ltr'><strong>ζ’,</strong></span> <span class='ocrx_word' id='word_1_489' title='bbox 464 1743 517 1773; x_wconf 71' lang='grc' dir='ltr'>ἀπὸ</span> <span class='ocrx_word' id='word_1_490' title='bbox 532 1742 561 1769; x_wconf 80' lang='grc' dir='ltr'><strong>δὲ</strong></span> <span class='ocrx_word' id='word_1_491' title='bbox 587 1742 637 1776; x_wconf 83' lang='grc' dir='ltr'>τῆς</span> <span class='ocrx_word' id='word_1_492' title='bbox 654 1740 808 1776; x_wconf 86' lang='grc' dir='ltr'>μαρτυρίας</span> <span class='ocrx_word' id='word_1_493' title='bbox 824 1739 886 1765; x_wconf 87' lang='grc' dir='ltr'>Στε-</span> 
     </span>
    </p>
   </div>
   <div class='ocr_carea' id='block_1_70' title="bbox 103 1784 888 1829">
    <p class='ocr_par' dir='ltr' id='par_1_70' title="bbox 103 1784 888 1829">
     <span class='ocr_line' id='line_1_70' title="bbox 103 1784 888 1829; baseline -0.014 -8"><span class='ocrx_word' id='word_1_494' title='bbox 103 1795 183 1828; x_wconf 69' lang='grc' dir='ltr'>φάνου</span> <span class='ocrx_word' id='word_1_495' title='bbox 199 1794 284 1829; x_wconf 82' lang='grc' dir='ltr'>μέχρι</span> <span class='ocrx_word' id='word_1_496' title='bbox 296 1791 344 1818; x_wconf 82' lang='grc' dir='ltr'>τοῦ</span> <span class='ocrx_word' id='word_1_497' title='bbox 360 1791 490 1825; x_wconf 84' lang='grc' dir='ltr'>φανέντος</span> <span class='ocrx_word' id='word_1_498' title='bbox 512 1789 552 1823; x_wconf 84' lang='grc' dir='ltr'>τῷ</span> <span class='ocrx_word' id='word_1_499' title='bbox 577 1787 675 1821; x_wconf 85' lang='grc' dir='ltr'>Παύλῳ</span> <span class='ocrx_word' id='word_1_500' title='bbox 706 1786 804 1820; x_wconf 82' lang='grc' dir='ltr'>φωτὸς,</span> <span class='ocrx_word' id='word_1_501' title='bbox 838 1784 888 1820; x_wconf 86' lang='grc' dir='ltr'><strong>βα-</strong></span> 
     </span>
    </p>
   </div>
   <div class='ocr_carea' id='block_1_71' title="bbox 104 1829 887 1873">
    <p class='ocr_par' dir='ltr' id='par_1_71' title="bbox 104 1829 887 1873">
     <span class='ocr_line' id='line_1_71' title="bbox 104 1829 887 1873; baseline -0.013 -8"><span class='ocrx_word' id='word_1_502' title='bbox 104 1829 252 1873; x_wconf 77' lang='grc' dir='ltr'>πτίσματός</span> <span class='ocrx_word' id='word_1_503' title='bbox 268 1846 299 1864; x_wconf 85' lang='grc' dir='ltr'><strong>τε</strong></span> <span class='ocrx_word' id='word_1_504' title='bbox 312 1835 395 1863; x_wconf 78' lang='grc' dir='ltr'>αὑτοῦ</span> <span class='ocrx_word' id='word_1_505' title='bbox 412 1835 460 1862; x_wconf 76' lang='grc' dir='ltr'>καὶ</span> <span class='ocrx_word' id='word_1_506' title='bbox 473 1833 662 1868; x_wconf 79' lang='grc' dir='ltr'>κηρύγματος,</span> <span class='ocrx_word' id='word_1_507' title='bbox 677 1832 723 1858; x_wconf 78' lang='grc' dir='ltr'><strong>καὶ</strong></span> <span class='ocrx_word' id='word_1_508' title='bbox 740 1830 821 1866; x_wconf 83' lang='grc' dir='ltr'>μέχρι</span> <span class='ocrx_word' id='word_1_509' title='bbox 838 1830 887 1864; x_wconf 82' lang='grc' dir='ltr'>τῆς</span> 
     </span>
    </p>
   </div>
   <div class='ocr_carea' id='block_1_72' title="bbox 103 1875 872 1918">
    <p class='ocr_par' dir='ltr' id='par_1_72' title="bbox 103 1875 872 1918">
     <span class='ocr_line' id='line_1_72' title="bbox 103 1875 872 1918; baseline -0.012 -8"><span class='ocrx_word' id='word_1_510' title='bbox 103 1883 260 1918; x_wconf 78' lang='grc' dir='ltr'>ἀναλήψεως</span> <span class='ocrx_word' id='word_1_511' title='bbox 275 1883 325 1917; x_wconf 83' lang='grc' dir='ltr'>τῆς</span> <span class='ocrx_word' id='word_1_512' title='bbox 340 1881 420 1915; x_wconf 83' lang='grc' dir='ltr'>ἁγίας</span> <span class='ocrx_word' id='word_1_513' title='bbox 443 1879 581 1914; x_wconf 79' lang='grc' dir='ltr'>Παρθένου</span> <span class='ocrx_word' id='word_1_514' title='bbox 598 1878 644 1904; x_wconf 76' lang='grc' dir='ltr'>καὶ</span> <span class='ocrx_word' id='word_1_515' title='bbox 667 1876 798 1903; x_wconf 81' lang='grc' dir='ltr'>Θεοτόκου</span> <span class='ocrx_word' id='word_1_516' title='bbox 825 1875 872 1902; x_wconf 87' lang='grc' dir='ltr'>Μα</span> 
     </span>
    </p>
   </div>
   <div class='ocr_carea' id='block_1_73' title="bbox 105 1919 887 1964">
    <p class='ocr_par' dir='ltr' id='par_1_73' title="bbox 105 1919 887 1964">
     <span class='ocr_line' id='line_1_73' title="bbox 105 1919 887 1964; baseline -0.01 -9"><span class='ocrx_word' id='word_1_517' title='bbox 105 1929 171 1964; x_wconf 81' lang='grc' dir='ltr'>ρίας,</span> <span class='ocrx_word' id='word_1_518' title='bbox 195 1928 242 1964; x_wconf 78' lang='grc' dir='ltr'>ἐτη</span> <span class='ocrx_word' id='word_1_519' title='bbox 270 1930 306 1962; x_wconf 88' lang='grc' dir='ltr'>γ’,</span> <span class='ocrx_word' id='word_1_520' title='bbox 340 1927 388 1954; x_wconf 72' lang='grc' dir='ltr'><strong>καὶ</strong></span> <span class='ocrx_word' id='word_1_521' title='bbox 417 1925 486 1961; x_wconf 77' lang='grc' dir='ltr'>ὁμοῦ</span> <span class='ocrx_word' id='word_1_522' title='bbox 515 1924 563 1960; x_wconf 79' lang='grc' dir='ltr'>ἐτη</span> <span class='ocrx_word' id='word_1_523' title='bbox 588 1924 645 1958; x_wconf 85' lang='grc' dir='ltr'>μδ’,</span> <span class='ocrx_word' id='word_1_524' title='bbox 669 1919 750 1958; x_wconf 75' lang='grc' dir='ltr'>ἔζηᾶε</span> <span class='ocrx_word' id='word_1_525' title='bbox 774 1922 828 1956; x_wconf 87' lang='grc' dir='ltr'><strong>γὰρ</strong></span> <span class='ocrx_word' id='word_1_526' title='bbox 854 1922 887 1956; x_wconf 82' lang='grc' dir='ltr'>τῇ</span> 
     </span>
    </p>
   </div>
   <div class='ocr_carea' id='block_1_74' title="bbox 103 1966 888 2010">
    <p class='ocr_par' dir='ltr' id='par_1_74' title="bbox 103 1966 888 2010">
     <span class='ocr_line' id='line_1_74' title="bbox 103 1966 888 2010; baseline -0.011 -8"><span class='ocrx_word' id='word_1_527' title='bbox 103 1974 291 2010; x_wconf 82' lang='grc' dir='ltr'>ἁνθρωπότητι</span> <span class='ocrx_word' id='word_1_528' title='bbox 307 1973 324 2008; x_wconf 75' lang='grc' dir='ltr'>ἡ</span> <span class='ocrx_word' id='word_1_529' title='bbox 344 1971 475 2003; x_wconf 88' lang='grc' dir='ltr'>Θεοτόκος</span> <span class='ocrx_word' id='word_1_530' title='bbox 505 1970 553 2006; x_wconf 74' lang='grc' dir='ltr'>ἐτη</span> <span class='ocrx_word' id='word_1_531' title='bbox 582 1969 620 1997; x_wconf 84' lang='lat' dir='ltr'><strong>v0’</strong></span> <span class='ocrx_word' id='word_1_532' title='bbox 633 1990 641 2002; x_wconf 93' lang='lat'><strong>,</strong></span> <span class='ocrx_word' id='word_1_533' title='bbox 656 1969 742 2000; x_wconf 77' lang='grc' dir='ltr'>οὕτως</span> <span class='ocrx_word' id='word_1_534' title='bbox 754 1976 761 1982; x_wconf 91' lang='grc'><strong>·</strong></span> <span class='ocrx_word' id='word_1_535' title='bbox 785 1968 829 1994; x_wconf 86' lang='grc' dir='ltr'>Ἐν</span> <span class='ocrx_word' id='word_1_536' title='bbox 849 1966 888 1999; x_wconf 86' lang='grc' dir='ltr'>τῷ</span> 
     </span>
    </p>
   </div>
   <div class='ocr_carea' id='block_1_75' title="bbox 103 2013 889 2056">
    <p class='ocr_par' dir='ltr' id='par_1_75' title="bbox 103 2013 889 2056">
     <span class='ocr_line' id='line_1_75' title="bbox 103 2013 889 2056; baseline -0.01 -9"><span class='ocrx_word' id='word_1_537' title='bbox 103 2019 155 2055; x_wconf 80' lang='grc' dir='ltr'>ναῷ</span> <span class='ocrx_word' id='word_1_538' title='bbox 172 2019 219 2056; x_wconf 80' lang='grc' dir='ltr'><strong>ἐτη</strong></span> <span class='ocrx_word' id='word_1_539' title='bbox 232 2020 274 2051; x_wconf 78' lang='grc' dir='ltr'>ιδ’,</span> <span class='ocrx_word' id='word_1_540' title='bbox 289 2019 336 2045; x_wconf 57' lang='grc' dir='ltr'><strong>καὶ¹</strong></span> <span class='ocrx_word' id='word_1_541' title='bbox 347 2019 376 2044; x_wconf 78' lang='grc' dir='ltr'>ὲν</span> <span class='ocrx_word' id='word_1_542' title='bbox 394 2017 434 2052; x_wconf 85' lang='grc' dir='ltr'>τῷ</span> <span class='ocrx_word' id='word_1_543' title='bbox 459 2017 526 2051; x_wconf 76' lang='grc' dir='ltr'>οἴκῳ</span> <span class='ocrx_word' id='word_1_544' title='bbox 551 2015 651 2050; x_wconf 80' lang='grc' dir='ltr'>Ἰωσὴφ</span> <span class='ocrx_word' id='word_1_545' title='bbox 683 2015 770 2050; x_wconf 85' lang='grc' dir='ltr'>μῆνας</span> <span class='ocrx_word' id='word_1_546' title='bbox 788 2016 825 2046; x_wconf 81' lang='grc' dir='ltr'>ς’,</span> <span class='ocrx_word' id='word_1_547' title='bbox 841 2013 889 2039; x_wconf 79' lang='grc' dir='ltr'>καὶ</span> 
     </span>
    </p>
   </div>
   <div class='ocr_carea' id='block_1_76' title="bbox 104 2059 887 2101">
    <p class='ocr_par' dir='ltr' id='par_1_76' title="bbox 104 2059 887 2101">
     <span class='ocr_line' id='line_1_76' title="bbox 104 2059 887 2101; baseline -0.008 -9"><span class='ocrx_word' id='word_1_548' title='bbox 104 2066 199 2097; x_wconf 68' lang='grc' dir='ltr'>εὐθέως</span> <span class='ocrx_word' id='word_1_549' title='bbox 224 2064 407 2101; x_wconf 77' lang='grc' dir='ltr'>εὐηγγελίσθη</span> <span class='ocrx_word' id='word_1_550' title='bbox 431 2063 482 2090; x_wconf 82' lang='grc' dir='ltr'><strong>ὑπὸ</strong></span> <span class='ocrx_word' id='word_1_551' title='bbox 494 2062 541 2089; x_wconf 77' lang='grc' dir='ltr'><strong>τοῦ</strong></span> <span class='ocrx_word' id='word_1_552' title='bbox 561 2061 690 2097; x_wconf 77' lang='grc' dir='ltr'>Γαϐριὴλ,</span> <span class='ocrx_word' id='word_1_553' title='bbox 715 2061 762 2087; x_wconf 78' lang='grc' dir='ltr'><strong>καὶ</strong></span> <span class='ocrx_word' id='word_1_554' title='bbox 788 2059 887 2086; x_wconf 80' lang='grc' dir='ltr'>συλλα-</span> 
     </span>
    </p>
   </div>
   <div class='ocr_carea' id='block_1_77' title="bbox 103 2104 886 2144">
    <p class='ocr_par' dir='ltr' id='par_1_77' title="bbox 103 2104 886 2144">
     <span class='ocr_line' id='line_1_77' title="bbox 103 2104 886 2144; baseline -0.009 -8"><span class='ocrx_word' id='word_1_555' title='bbox 103 2110 185 2138; x_wconf 70' lang='grc' dir='ltr'>ϐοῦσα</span> <span class='ocrx_word' id='word_1_556' title='bbox 209 2111 305 2137; x_wconf 74' lang='grc' dir='ltr'>ἔτεκεν</span> <span class='ocrx_word' id='word_1_557' title='bbox 324 2110 370 2136; x_wconf 72' lang='grc' dir='ltr'><strong>τὸν</strong></span> <span class='ocrx_word' id='word_1_558' title='bbox 391 2108 493 2144; x_wconf 82' lang='grc' dir='ltr'>Κύριον</span> <span class='ocrx_word' id='word_1_559' title='bbox 524 2106 603 2143; x_wconf 82' lang='grc' dir='ltr'>ἡμῶν</span> <span class='ocrx_word' id='word_1_560' title='bbox 639 2105 741 2141; x_wconf 75' lang='grc' dir='ltr'>Ἰησοῦν</span> <span class='ocrx_word' id='word_1_561' title='bbox 758 2104 886 2140; x_wconf 78' lang='grc' dir='ltr'>Χριστὸν,</span> 
     </span>
    </p>
   </div>
   <div class='ocr_carea' id='block_1_78' title="bbox 972 1646 1761 1687">
    <p class='ocr_par' dir='ltr' id='par_1_78' title="bbox 972 1646 1761 1687">
     <span class='ocr_line' id='line_1_78' title="bbox 972 1646 1761 1687; baseline 0.004 -12"><span class='ocrx_word' id='word_1_562' title='bbox 972 1649 995 1675; x_wconf 86' lang='lat' dir='ltr'><strong>A</strong></span> <span class='ocrx_word' id='word_1_563' title='bbox 1008 1649 1120 1676; x_wconf 88' lang='lat' dir='ltr'><strong>salutari</strong></span> <span class='ocrx_word' id='word_1_564' title='bbox 1132 1657 1197 1677; x_wconf 84' lang='lat' dir='ltr'><strong>vero</strong></span> <span class='ocrx_word' id='word_1_565' title='bbox 1207 1649 1334 1684; x_wconf 85' lang='lat' dir='ltr'><strong>passione</strong></span> <span class='ocrx_word' id='word_1_566' title='bbox 1345 1656 1371 1678; x_wconf 91' lang='lat' dir='ltr'><strong>et</strong></span> <span class='ocrx_word' id='word_1_567' title='bbox 1384 1652 1571 1687; x_wconf 84' lang='lat' dir='ltr'><strong>assumptione</strong></span> <span class='ocrx_word' id='word_1_568' title='bbox 1584 1650 1726 1678; x_wconf 85' lang='lat' dir='ltr'><strong>Christiad</strong></span> <span class='ocrx_word' id='word_1_569' title='bbox 1752 1646 1761 1650; x_wconf 61' lang='grc'><strong><em>’</em></strong></span> 
     </span>
    </p>
   </div>
   <div class='ocr_carea' id='block_1_79' title="bbox 937 1693 1729 1731">
    <p class='ocr_par' dir='ltr' id='par_1_79' title="bbox 937 1693 1729 1731">
     <span class='ocr_line' id='line_1_79' title="bbox 937 1693 1729 1731; baseline 0.003 -11"><span class='ocrx_word' id='word_1_570' title='bbox 937 1693 1128 1728; x_wconf 84' lang='lat' dir='ltr'><strong>lapidationem</strong></span> <span class='ocrx_word' id='word_1_571' title='bbox 1152 1695 1362 1730; x_wconf 87' lang='lat' dir='ltr'><strong>protomartyris</strong></span> <span class='ocrx_word' id='word_1_572' title='bbox 1387 1696 1530 1731; x_wconf 86' lang='lat' dir='ltr'><strong>Stephani,</strong></span> <span class='ocrx_word' id='word_1_573' title='bbox 1545 1695 1609 1723; x_wconf 88' lang='lat' dir='ltr'><strong>anni</strong></span> <span class='ocrx_word' id='word_1_574' title='bbox 1627 1703 1677 1722; x_wconf 87' lang='lat' dir='ltr'><strong>vn.</strong></span> <span class='ocrx_word' id='word_1_575' title='bbox 1694 1695 1729 1722; x_wconf 85' lang='lat' dir='ltr'><strong>Et</strong></span> 
     </span>
    </p>
   </div>
   <div class='ocr_carea' id='block_1_80' title="bbox 938 1739 1726 1778">
    <p class='ocr_par' dir='ltr' id='par_1_80' title="bbox 938 1739 1726 1778">
     <span class='ocr_line' id='line_1_80' title="bbox 938 1739 1726 1778; baseline 0.005 -13"><span class='ocrx_word' id='word_1_576' title='bbox 938 1745 953 1765; x_wconf 82' lang='lat' dir='ltr'><strong>a</strong></span> <span class='ocrx_word' id='word_1_577' title='bbox 975 1739 1107 1774; x_wconf 83' lang='lat' dir='ltr'><strong>martyrio</strong></span> <span class='ocrx_word' id='word_1_578' title='bbox 1135 1739 1276 1775; x_wconf 85' lang='lat' dir='ltr'><strong>Stephani,</strong></span> <span class='ocrx_word' id='word_1_579' title='bbox 1294 1748 1382 1776; x_wconf 88' lang='lat' dir='ltr'><strong>usque</strong></span> <span class='ocrx_word' id='word_1_580' title='bbox 1397 1741 1430 1769; x_wconf 91' lang='lat' dir='ltr'><strong>ad</strong></span> <span class='ocrx_word' id='word_1_581' title='bbox 1445 1742 1533 1769; x_wconf 86' lang='lat' dir='ltr'><strong>lucem</strong></span> <span class='ocrx_word' id='word_1_582' title='bbox 1556 1749 1616 1778; x_wconf 73' lang='lat' dir='ltr'><strong>qua:</strong></span> <span class='ocrx_word' id='word_1_583' title='bbox 1641 1741 1726 1768; x_wconf 83' lang='lat' dir='ltr'><strong>l’aulo</strong></span> 
     </span>
    </p>
   </div>
   <div class='ocr_carea' id='block_1_81' title="bbox 939 1785 1729 1822">
    <p class='ocr_par' dir='ltr' id='par_1_81' title="bbox 939 1785 1729 1822">
     <span class='ocr_line' id='line_1_81' title="bbox 939 1785 1729 1822; baseline 0.001 -10"><span class='ocrx_word' id='word_1_584' title='bbox 939 1785 1076 1820; x_wconf 88' lang='lat' dir='ltr'><strong>apparuit,</strong></span> <span class='ocrx_word' id='word_1_585' title='bbox 1090 1790 1117 1813; x_wconf 89' lang='lat' dir='ltr'><strong>et</strong></span> <span class='ocrx_word' id='word_1_586' title='bbox 1143 1786 1311 1821; x_wconf 87' lang='lat' dir='ltr'><strong>baptismum</strong></span> <span class='ocrx_word' id='word_1_587' title='bbox 1325 1794 1356 1814; x_wconf 87' lang='lat' dir='ltr'><strong>ac</strong></span> <span class='ocrx_word' id='word_1_588' title='bbox 1369 1787 1592 1822; x_wconf 63' lang='lat' dir='ltr'><strong>praedicationem</strong></span> <span class='ocrx_word' id='word_1_589' title='bbox 1616 1786 1729 1821; x_wconf 84' lang='lat' dir='ltr'><strong>ejus,-et</strong></span> 
     </span>
    </p>
   </div>
   <div class='ocr_carea' id='block_1_82' title="bbox 939 1831 1728 1868">
    <p class='ocr_par' dir='ltr' id='par_1_82' title="bbox 939 1831 1728 1868">
     <span class='ocr_line' id='line_1_82' title="bbox 939 1831 1728 1868; baseline 0.003 -10"><span class='ocrx_word' id='word_1_590' title='bbox 939 1838 1026 1866; x_wconf 90' lang='lat' dir='ltr'><strong>usque</strong></span> <span class='ocrx_word' id='word_1_591' title='bbox 1040 1831 1073 1858; x_wconf 89' lang='lat' dir='ltr'><strong>ad</strong></span> <span class='ocrx_word' id='word_1_592' title='bbox 1088 1832 1302 1866; x_wconf 90' lang='lat' dir='ltr'><strong>assumptionem</strong></span> <span class='ocrx_word' id='word_1_593' title='bbox 1316 1837 1418 1860; x_wconf 71' lang='lat' dir='ltr'><strong>sanctm</strong></span> <span class='ocrx_word' id='word_1_594' title='bbox 1429 1833 1550 1868; x_wconf 74' lang='lat' dir='ltr'><strong>Virginis</strong></span> <span class='ocrx_word' id='word_1_595' title='bbox 1563 1838 1590 1861; x_wconf 88' lang='lat' dir='ltr'><strong>et</strong></span> <span class='ocrx_word' id='word_1_596' title='bbox 1604 1833 1728 1868; x_wconf 65' lang='lat' dir='ltr'><strong>Deiparae</strong></span> 
     </span>
    </p>
   </div>
   <div class='ocr_carea' id='block_1_83' title="bbox 939 1875 1727 1909">
    <p class='ocr_par' dir='ltr' id='par_1_83' title="bbox 939 1875 1727 1909">
     <span class='ocr_line' id='line_1_83' title="bbox 939 1875 1727 1909; baseline 0.003 -6"><span class='ocrx_word' id='word_1_597' title='bbox 939 1875 1045 1909; x_wconf 73' lang='lat' dir='ltr'><strong>Mariae,</strong></span> <span class='ocrx_word' id='word_1_598' title='bbox 1061 1877 1124 1903; x_wconf 89' lang='lat' dir='ltr'><strong>anni</strong></span> <span class='ocrx_word' id='word_1_599' title='bbox 1149 1877 1166 1904; x_wconf 79' lang='grc'><strong>5</strong></span> <span class='ocrx_word' id='word_1_600' title='bbox 1184 1882 1211 1904; x_wconf 85' lang='lat' dir='ltr'><strong>et</strong></span> <span class='ocrx_word' id='word_1_601' title='bbox 1235 1877 1384 1906; x_wconf 86' lang='lat' dir='ltr'><strong>universim</strong></span> <span class='ocrx_word' id='word_1_602' title='bbox 1409 1879 1474 1906; x_wconf 85' lang='lat' dir='ltr'><strong>anui</strong></span> <span class='ocrx_word' id='word_1_603' title='bbox 1500 1879 1544 1906; x_wconf 72' lang='lat' dir='ltr'><strong>M.</strong></span> <span class='ocrx_word' id='word_1_604' title='bbox 1561 1878 1633 1905; x_wconf 75' lang='lat' dir='ltr'><strong>Vixit</strong></span> <span class='ocrx_word' id='word_1_605' title='bbox 1653 1879 1727 1905; x_wconf 91' lang='lat' dir='ltr'><strong>enim</strong></span> 
     </span>
    </p>
   </div>
   <div class='ocr_carea' id='block_1_84' title="bbox 940 1922 1727 1958">
    <p class='ocr_par' dir='ltr' id='par_1_84' title="bbox 940 1922 1727 1958">
     <span class='ocr_line' id='line_1_84' title="bbox 940 1922 1727 1958; baseline 0.003 -9"><span class='ocrx_word' id='word_1_606' title='bbox 940 1922 1010 1949; x_wconf 86' lang='lat' dir='ltr'><strong>inter</strong></span> <span class='ocrx_word' id='word_1_607' title='bbox 1036 1922 1162 1950; x_wconf 86' lang='lat' dir='ltr'><strong>homines</strong></span> <span class='ocrx_word' id='word_1_608' title='bbox 1186 1923 1234 1950; x_wconf 90' lang='lat' dir='ltr'><strong>Dei</strong></span> <span class='ocrx_word' id='word_1_609' title='bbox 1252 1923 1339 1951; x_wconf 83' lang='lat' dir='ltr'><strong>Mater</strong></span> <span class='ocrx_word' id='word_1_610' title='bbox 1368 1931 1456 1951; x_wconf 80' lang='lat' dir='ltr'><strong>annos</strong></span> <span class='ocrx_word' id='word_1_611' title='bbox 1473 1925 1519 1958; x_wconf 84' lang='lat'><strong>59;</strong></span> <span class='ocrx_word' id='word_1_612' title='bbox 1547 1925 1599 1952; x_wconf 85' lang='lat' dir='ltr'><strong>hoc</strong></span> <span class='ocrx_word' id='word_1_613' title='bbox 1624 1924 1727 1951; x_wconf 87' lang='lat' dir='ltr'><strong>modo:</strong></span> 
     </span>
    </p>
   </div>
   <div class='ocr_carea' id='block_1_85' title="bbox 940 1967 1727 2005">
    <p class='ocr_par' dir='ltr' id='par_1_85' title="bbox 940 1967 1727 2005">
     <span class='ocr_line' id='line_1_85' title="bbox 940 1967 1727 2005; baseline 0.003 -10"><span class='ocrx_word' id='word_1_614' title='bbox 940 1967 968 1995; x_wconf 94' lang='lat' dir='ltr'><strong>In</strong></span> <span class='ocrx_word' id='word_1_615' title='bbox 993 1969 1092 2003; x_wconf 89' lang='lat' dir='ltr'><strong>templo</strong></span> <span class='ocrx_word' id='word_1_616' title='bbox 1112 1976 1199 2001; x_wconf 85' lang='lat' dir='ltr'><strong>annos</strong></span> <span class='ocrx_word' id='word_1_617' title='bbox 1217 1969 1264 2002; x_wconf 73' lang='grc'><strong>14,</strong></span> <span class='ocrx_word' id='word_1_618' title='bbox 1281 1973 1309 1997; x_wconf 88' lang='lat' dir='ltr'><strong>et</strong></span> <span class='ocrx_word' id='word_1_619' title='bbox 1325 1969 1351 1996; x_wconf 92' lang='lat' dir='ltr'><strong>in</strong></span> <span class='ocrx_word' id='word_1_620' title='bbox 1363 1969 1445 1997; x_wconf 90' lang='lat' dir='ltr'><strong>domo</strong></span> <span class='ocrx_word' id='word_1_621' title='bbox 1462 1969 1562 2005; x_wconf 80' lang='lat' dir='ltr'><strong>Joscph</strong></span> <span class='ocrx_word' id='word_1_622' title='bbox 1573 1978 1680 1998; x_wconf 89' lang='lat' dir='ltr'><strong>menses</strong></span> <span class='ocrx_word' id='word_1_623' title='bbox 1699 1970 1727 2002; x_wconf 84' lang='lat'><strong>6,</strong></span> 
     </span>
    </p>
   </div>
   <div class='ocr_carea' id='block_1_86' title="bbox 939 2014 1728 2050">
    <p class='ocr_par' dir='ltr' id='par_1_86' title="bbox 939 2014 1728 2050">
     <span class='ocr_line' id='line_1_86' title="bbox 939 2014 1728 2050; baseline 0.003 -9"><span class='ocrx_word' id='word_1_624' title='bbox 939 2019 1020 2048; x_wconf 80' lang='lat' dir='ltr'><strong>atque</strong></span> <span class='ocrx_word' id='word_1_625' title='bbox 1036 2021 1098 2041; x_wconf 81' lang='lat' dir='ltr'><strong>mox</strong></span> <span class='ocrx_word' id='word_1_626' title='bbox 1122 2014 1156 2042; x_wconf 91' lang='lat' dir='ltr'><strong>ab</strong></span> <span class='ocrx_word' id='word_1_627' title='bbox 1172 2015 1281 2043; x_wconf 82' lang='lat' dir='ltr'><strong>Gabriel</strong></span> <span class='ocrx_word' id='word_1_628' title='bbox 1300 2015 1426 2043; x_wconf 90' lang='lat' dir='ltr'><strong>nuntium</strong></span> <span class='ocrx_word' id='word_1_629' title='bbox 1452 2016 1566 2050; x_wconf 86' lang='lat' dir='ltr'><strong>accepit.</strong></span> <span class='ocrx_word' id='word_1_630' title='bbox 1590 2019 1617 2042; x_wconf 85' lang='lat' dir='ltr'><strong>et</strong></span> <span class='ocrx_word' id='word_1_631' title='bbox 1633 2016 1728 2043; x_wconf 89' lang='lat' dir='ltr'><strong>conci-</strong></span> 
     </span>
    </p>
   </div>
   <div class='ocr_carea' id='block_1_87' title="bbox 941 2059 1728 2095">
    <p class='ocr_par' dir='ltr' id='par_1_87' title="bbox 941 2059 1728 2095">
     <span class='ocr_line' id='line_1_87' title="bbox 941 2059 1728 2095; baseline 0.001 -8"><span class='ocrx_word' id='word_1_632' title='bbox 941 2060 1017 2095; x_wconf 89' lang='lat' dir='ltr'><strong>piens</strong></span> <span class='ocrx_word' id='word_1_633' title='bbox 1024 2060 1127 2095; x_wconf 86' lang='lat' dir='ltr'><strong>peperit</strong></span> <span class='ocrx_word' id='word_1_634' title='bbox 1135 2060 1279 2088; x_wconf 89' lang='lat' dir='ltr'><strong>Dominum</strong></span> <span class='ocrx_word' id='word_1_635' title='bbox 1293 2065 1416 2088; x_wconf 86' lang='lat' dir='ltr'><strong>nostrum</strong></span> <span class='ocrx_word' id='word_1_636' title='bbox 1426 2059 1518 2089; x_wconf 82' lang='lat' dir='ltr'><strong>Jesum</strong></span> <span class='ocrx_word' id='word_1_637' title='bbox 1528 2061 1669 2088; x_wconf 87' lang='lat' dir='ltr'><strong>Christum</strong></span> <span class='ocrx_word' id='word_1_638' title='bbox 1684 2061 1728 2088; x_wconf 89' lang='lat' dir='ltr'><strong>die</strong></span> 
     </span>
    </p>
   </div>
   <div class='ocr_carea' id='block_1_88' title="bbox 941 2106 1727 2141">
    <p class='ocr_par' dir='ltr' id='par_1_88' title="bbox 941 2106 1727 2141">
     <span class='ocr_line' id='line_1_88' title="bbox 941 2106 1727 2141; baseline 0.001 -8"><span class='ocrx_word' id='word_1_639' title='bbox 941 2106 1070 2134; x_wconf 86' lang='lat' dir='ltr'><strong>vicesima</strong></span> <span class='ocrx_word' id='word_1_640' title='bbox 1081 2106 1176 2141; x_wconf 89' lang='lat' dir='ltr'><strong>quinta</strong></span> <span class='ocrx_word' id='word_1_641' title='bbox 1190 2106 1348 2135; x_wconf 81' lang='lat' dir='ltr'><strong>Decembris</strong></span> <span class='ocrx_word' id='word_1_642' title='bbox 1361 2107 1474 2135; x_wconf 85' lang='lat' dir='ltr'><strong>mensis.</strong></span> <span class='ocrx_word' id='word_1_643' title='bbox 1489 2107 1559 2134; x_wconf 90' lang='lat' dir='ltr'><strong>Sunt</strong></span> <span class='ocrx_word' id='word_1_644' title='bbox 1573 2107 1654 2134; x_wconf 90' lang='lat' dir='ltr'><strong>simul</strong></span> <span class='ocrx_word' id='word_1_645' title='bbox 1663 2108 1727 2134; x_wconf 90' lang='lat' dir='ltr'><strong>anni</strong></span> 
     </span>
    </p>
   </div>
   <div class='ocr_carea' id='block_1_89' title="bbox 104 2148 885 2190">
    <p class='ocr_par' dir='ltr' id='par_1_89' title="bbox 104 2148 885 2190">
     <span class='ocr_line' id='line_1_89' title="bbox 104 2148 885 2190; baseline -0.006 -10"><span class='ocrx_word' id='word_1_646' title='bbox 104 2156 132 2190; x_wconf 81' lang='grc' dir='ltr'>τῇ</span> <span class='ocrx_word' id='word_1_647' title='bbox 156 2155 244 2182; x_wconf 77' lang='grc' dir='ltr'>εἰκάδι</span> <span class='ocrx_word' id='word_1_648' title='bbox 267 2154 380 2190; x_wconf 78' lang='grc' dir='ltr'>πέμπτῃ</span> <span class='ocrx_word' id='word_1_649' title='bbox 401 2153 447 2180; x_wconf 78' lang='grc' dir='ltr'>τοῦ</span> <span class='ocrx_word' id='word_1_650' title='bbox 479 2151 648 2187; x_wconf 74' lang='grc' dir='ltr'>Δεκεμϐρίου</span> <span class='ocrx_word' id='word_1_651' title='bbox 677 2149 772 2185; x_wconf 82' lang='grc' dir='ltr'>μηνός.</span> <span class='ocrx_word' id='word_1_652' title='bbox 805 2148 885 2184; x_wconf 77' lang='grc' dir='ltr'><strong>Ὀμοῆ</strong></span> 
     </span>
    </p>
   </div>
   <div class='ocr_carea' id='block_1_90' title="bbox 942 2148 1729 2190">
    <p class='ocr_par' dir='ltr' id='par_1_90' title="bbox 942 2151 1729 2186">
     <span class='ocr_line' id='line_1_90' title="bbox 942 2151 1729 2186; baseline 0.001 -8"><span class='ocrx_word' id='word_1_653' title='bbox 942 2151 987 2183; x_wconf 81' lang='grc'><strong>15,</strong></span> <span class='ocrx_word' id='word_1_654' title='bbox 995 2156 1022 2179; x_wconf 87' lang='lat' dir='ltr'><strong>et</strong></span> <span class='ocrx_word' id='word_1_655' title='bbox 1030 2151 1097 2178; x_wconf 77' lang='lat' dir='ltr'><strong>vixit</strong></span> <span class='ocrx_word' id='word_1_656' title='bbox 1109 2159 1171 2179; x_wconf 90' lang='lat' dir='ltr'><strong>cum</strong></span> <span class='ocrx_word' id='word_1_657' title='bbox 1186 2151 1328 2180; x_wconf 89' lang='lat' dir='ltr'><strong>incarnato</strong></span> <span class='ocrx_word' id='word_1_658' title='bbox 1340 2151 1457 2179; x_wconf 88' lang='lat' dir='ltr'><strong>Domino</strong></span> <span class='ocrx_word' id='word_1_659' title='bbox 1469 2159 1556 2180; x_wconf 91' lang='lat' dir='ltr'><strong>annos</strong></span> <span class='ocrx_word' id='word_1_660' title='bbox 1570 2152 1615 2183; x_wconf 79' lang='grc'>55,</span> <span class='ocrx_word' id='word_1_661' title='bbox 1627 2156 1654 2179; x_wconf 90' lang='lat' dir='ltr'><strong>et</strong></span> <span class='ocrx_word' id='word_1_662' title='bbox 1668 2155 1729 2186; x_wconf 86' lang='lat' dir='ltr'><strong>post</strong></span> 
     </span>
    </p>
   </div>
   <div class='ocr_carea' id='block_1_91' title="bbox 103 2194 887 2232">
    <p class='ocr_par' dir='ltr' id='par_1_91' title="bbox 103 2194 887 2232">
     <span class='ocr_line' id='line_1_91' title="bbox 103 2194 887 2232; baseline -0.005 -8"><span class='ocrx_word' id='word_1_663' title='bbox 103 2198 148 2232; x_wconf 79' lang='grc' dir='ltr'>ἔτη</span> <span class='ocrx_word' id='word_1_664' title='bbox 182 2197 223 2230; x_wconf 81' lang='grc' dir='ltr'>ιε’,</span> <span class='ocrx_word' id='word_1_665' title='bbox 241 2198 292 2224; x_wconf 76' lang='grc' dir='ltr'>καὶ</span> <span class='ocrx_word' id='word_1_666' title='bbox 314 2197 411 2232; x_wconf 72' lang='grc' dir='ltr'>ἔζησεν</span> <span class='ocrx_word' id='word_1_667' title='bbox 443 2196 490 2223; x_wconf 73' lang='grc' dir='ltr'><strong>ἐπὶ</strong></span> <span class='ocrx_word' id='word_1_668' title='bbox 511 2196 559 2230; x_wconf 84' lang='grc' dir='ltr'>τῆς</span> <span class='ocrx_word' id='word_1_669' title='bbox 580 2195 814 2230; x_wconf 81' lang='grc' dir='ltr'>ὲνανθρωπήσεως</span> <span class='ocrx_word' id='word_1_670' title='bbox 840 2194 887 2221; x_wconf 80' lang='grc' dir='ltr'>τοῦ</span> 
     </span>
    </p>
   </div>
   <div class='ocr_carea' id='block_1_92' title="bbox 103 2239 888 2279">
    <p class='ocr_par' dir='ltr' id='par_1_92' title="bbox 103 2239 888 2279">
     <span class='ocr_line' id='line_1_92' title="bbox 103 2239 888 2279; baseline -0.005 -9"><span class='ocrx_word' id='word_1_671' title='bbox 103 2243 202 2278; x_wconf 82' lang='grc' dir='ltr'>Κυρίου</span> <span class='ocrx_word' id='word_1_672' title='bbox 217 2244 266 2279; x_wconf 76' lang='grc' dir='ltr'>ἐτη</span> <span class='ocrx_word' id='word_1_673' title='bbox 288 2243 339 2277; x_wconf 91' lang='grc' dir='ltr'>λγ’,</span> <span class='ocrx_word' id='word_1_674' title='bbox 356 2243 402 2269; x_wconf 78' lang='grc' dir='ltr'>καὶ</span> <span class='ocrx_word' id='word_1_675' title='bbox 420 2242 490 2277; x_wconf 76' lang='grc' dir='ltr'>μετὰ</span> <span class='ocrx_word' id='word_1_676' title='bbox 504 2241 553 2277; x_wconf 82' lang='grc' dir='ltr'>τὴν</span> <span class='ocrx_word' id='word_1_677' title='bbox 576 2241 710 2276; x_wconf 81' lang='grc' dir='ltr'>ἀνάληψιν</span> <span class='ocrx_word' id='word_1_678' title='bbox 723 2240 769 2267; x_wconf 80' lang='grc' dir='ltr'><strong>τοῦ</strong></span> <span class='ocrx_word' id='word_1_679' title='bbox 785 2239 888 2276; x_wconf 83' lang='grc' dir='ltr'>Κυρίου</span> 
     </span>
    </p>
   </div>
   <div class='ocr_carea' id='block_1_93' title="bbox 103 2285 889 2325">
    <p class='ocr_par' dir='ltr' id='par_1_93' title="bbox 103 2285 889 2325">
     <span class='ocr_line' id='line_1_93' title="bbox 103 2285 889 2325; baseline -0.003 -11"><span class='ocrx_word' id='word_1_680' title='bbox 103 2290 149 2316; x_wconf 65' lang='grc' dir='ltr'>σὺν</span> <span class='ocrx_word' id='word_1_681' title='bbox 161 2291 223 2323; x_wconf 72' lang='grc' dir='ltr'><strong>τοῖςξ</strong></span> <span class='ocrx_word' id='word_1_682' title='bbox 238 2289 372 2325; x_wconf 65' lang='grc' dir='ltr'>μαθηταῖς</span> <span class='ocrx_word' id='word_1_683' title='bbox 387 2289 415 2314; x_wconf 82' lang='grc' dir='ltr'>ὲν</span> <span class='ocrx_word' id='word_1_684' title='bbox 436 2288 474 2323; x_wconf 84' lang='grc' dir='ltr'>τῷ</span> <span class='ocrx_word' id='word_1_685' title='bbox 486 2288 551 2321; x_wconf 81' lang='grc' dir='ltr'>οἴκῳ</span> <span class='ocrx_word' id='word_1_686' title='bbox 571 2287 694 2314; x_wconf 77' lang='grc' dir='ltr'>Ἰωάννου</span> <span class='ocrx_word' id='word_1_687' title='bbox 721 2285 769 2313; x_wconf 80' lang='grc' dir='ltr'>τοῦ</span> <span class='ocrx_word' id='word_1_688' title='bbox 799 2285 889 2319; x_wconf 76' lang='grc' dir='ltr'>Εὐαγ-</span> 
     </span>
    </p>
   </div>
   <div class='ocr_carea' id='block_1_94' title="bbox 102 2331 889 2370">
    <p class='ocr_par' dir='ltr' id='par_1_94' title="bbox 102 2331 889 2370">
     <span class='ocr_line' id='line_1_94' title="bbox 102 2331 889 2370; baseline -0.004 -9"><span class='ocrx_word' id='word_1_689' title='bbox 102 2335 224 2369; x_wconf 81' lang='grc' dir='ltr'>γελιστοῦ</span> <span class='ocrx_word' id='word_1_690' title='bbox 244 2335 292 2369; x_wconf 71' lang='grc' dir='ltr'>ἔτη</span> <span class='ocrx_word' id='word_1_691' title='bbox 318 2333 362 2367; x_wconf 85' lang='grc' dir='ltr'>ια’,</span> <span class='ocrx_word' id='word_1_692' title='bbox 385 2334 452 2370; x_wconf 83' lang='grc' dir='ltr'>ὁμοῦ</span> <span class='ocrx_word' id='word_1_693' title='bbox 481 2334 600 2368; x_wconf 82' lang='grc' dir='ltr'>γίνονται</span> <span class='ocrx_word' id='word_1_694' title='bbox 616 2333 650 2360; x_wconf 82' lang='grc' dir='ltr'>τὰ</span> <span class='ocrx_word' id='word_1_695' title='bbox 677 2332 724 2368; x_wconf 76' lang='grc' dir='ltr'>ἐτη</span> <span class='ocrx_word' id='word_1_696' title='bbox 739 2333 788 2367; x_wconf 80' lang='grc' dir='ltr'>τῆς</span> <span class='ocrx_word' id='word_1_697' title='bbox 816 2331 889 2365; x_wconf 60' lang='grc' dir='ltr'>ζωῆς</span> 
     </span>
    </p>
   </div>
   <div class='ocr_carea' id='block_1_95' title="bbox 103 2377 887 2416">
    <p class='ocr_par' dir='ltr' id='par_1_95' title="bbox 103 2377 887 2416">
     <span class='ocr_line' id='line_1_95' title="bbox 103 2377 887 2416; baseline -0.004 -9"><span class='ocrx_word' id='word_1_698' title='bbox 103 2382 184 2416; x_wconf 75' lang='grc' dir='ltr'>αὐτῆς</span> <span class='ocrx_word' id='word_1_699' title='bbox 205 2381 258 2409; x_wconf 77' lang='grc' dir='ltr'><strong>νϐ’.</strong></span> <span class='ocrx_word' id='word_1_700' title='bbox 277 2377 362 2413; x_wconf 77' lang='grc' dir='ltr'>Οὗτος</span> <span class='ocrx_word' id='word_1_701' title='bbox 390 2381 418 2407; x_wconf 82' lang='grc' dir='ltr'><strong>δέ</strong></span> <span class='ocrx_word' id='word_1_702' title='bbox 435 2382 508 2407; x_wconf 77' lang='grc' dir='ltr'>ἐστιν</span> <span class='ocrx_word' id='word_1_703' title='bbox 530 2380 666 2414; x_wconf 87' lang='grc' dir='ltr'>Ἰωάννης,</span> <span class='ocrx_word' id='word_1_704' title='bbox 688 2379 718 2405; x_wconf 81' lang='grc' dir='ltr'>ὃν</span> <span class='ocrx_word' id='word_1_705' title='bbox 743 2379 887 2414; x_wconf 77' lang='grc' dir='ltr'>ἠγάπησεν</span> 
     </span>
    </p>
   </div>
   <div class='ocr_carea' id='block_1_96' title="bbox 102 2423 888 2462">
    <p class='ocr_par' dir='ltr' id='par_1_96' title="bbox 102 2423 888 2462">
     <span class='ocr_line' id='line_1_96' title="bbox 102 2423 888 2462; baseline -0.003 -11"><span class='ocrx_word' id='word_1_706' title='bbox 102 2427 115 2451; x_wconf 78' lang='grc' dir='ltr'><strong>ὁ</strong></span> <span class='ocrx_word' id='word_1_707' title='bbox 146 2427 260 2462; x_wconf 79' lang='grc' dir='ltr'>Κύριος,</span> <span class='ocrx_word' id='word_1_708' title='bbox 285 2427 300 2453; x_wconf 83' lang='grc' dir='ltr'><strong>ὁ</strong></span> <span class='ocrx_word' id='word_1_709' title='bbox 330 2427 377 2453; x_wconf 70' lang='grc' dir='ltr'>καὶ</span> <span class='ocrx_word' id='word_1_710' title='bbox 400 2425 546 2459; x_wconf 80' lang='grc' dir='ltr'>παρθένος,</span> <span class='ocrx_word' id='word_1_711' title='bbox 566 2425 640 2455; x_wconf 79' lang='grc' dir='ltr'>ὅστις</span> <span class='ocrx_word' id='word_1_712' title='bbox 667 2425 712 2451; x_wconf 73' lang='grc' dir='ltr'>καὶ</span> <span class='ocrx_word' id='word_1_713' title='bbox 736 2423 832 2458; x_wconf 77' lang='grc' dir='ltr'>ἔμενεν</span> <span class='ocrx_word' id='word_1_714' title='bbox 860 2425 888 2450; x_wconf 83' lang='grc' dir='ltr'>ὲν</span> 
     </span>
    </p>
   </div>
   <div class='ocr_carea' id='block_1_97' title="bbox 106 2470 890 2507">
    <p class='ocr_par' dir='ltr' id='par_1_97' title="bbox 106 2470 890 2507">
     <span class='ocr_line' id='line_1_97' title="bbox 106 2470 890 2507; baseline -0.003 -9"><span class='ocrx_word' id='word_1_715' title='bbox 106 2470 300 2507; x_wconf 76' lang='grc' dir='ltr'>Ἰεροσολύμοις</span> <span class='ocrx_word' id='word_1_716' title='bbox 326 2473 365 2504; x_wconf 87' lang='grc' dir='ltr'>εὶς</span> <span class='ocrx_word' id='word_1_717' title='bbox 399 2473 447 2507; x_wconf 80' lang='grc' dir='ltr'>τὴν</span> <span class='ocrx_word' id='word_1_718' title='bbox 469 2471 550 2504; x_wconf 83' lang='grc' dir='ltr'>ἁγίαν</span> <span class='ocrx_word' id='word_1_719' title='bbox 576 2470 663 2504; x_wconf 82' lang='grc' dir='ltr'>Σιὼν,</span> <span class='ocrx_word' id='word_1_720' title='bbox 693 2470 741 2506; x_wconf 82' lang='grc' dir='ltr'>τὴν</span> <span class='ocrx_word' id='word_1_721' title='bbox 757 2470 810 2497; x_wconf 85' lang='grc' dir='ltr'><strong>τῶν</strong></span> <span class='ocrx_word' id='word_1_722' title='bbox 827 2470 890 2496; x_wconf 80' lang='grc' dir='ltr'><strong>Ἐκ-</strong></span> 
     </span>
    </p>
   </div>
   <div class='ocr_carea' id='block_1_98' title="bbox 103 2516 890 2554">
    <p class='ocr_par' dir='ltr' id='par_1_98' title="bbox 103 2516 890 2554">
     <span class='ocr_line' id='line_1_98' title="bbox 103 2516 890 2554; baseline -0.004 -9"><span class='ocrx_word' id='word_1_723' title='bbox 103 2518 218 2553; x_wconf 82' lang='grc' dir='ltr'>κλησιῶν</span> <span class='ocrx_word' id='word_1_724' title='bbox 246 2519 363 2554; x_wconf 81' lang='grc' dir='ltr'>μητέρα.</span> <span class='ocrx_word' id='word_1_725' title='bbox 382 2518 455 2544; x_wconf 83' lang='grc' dir='ltr'>Ἐκεῖ</span> <span class='ocrx_word' id='word_1_726' title='bbox 491 2518 590 2552; x_wconf 77' lang='grc' dir='ltr'>ἔφυγον</span> <span class='ocrx_word' id='word_1_727' title='bbox 617 2518 641 2543; x_wconf 79' lang='grc' dir='ltr'>οἱ</span> <span class='ocrx_word' id='word_1_728' title='bbox 666 2517 811 2543; x_wconf 71' lang='grc' dir='ltr'>ἀπόστολοι</span> <span class='ocrx_word' id='word_1_729' title='bbox 845 2516 890 2543; x_wconf 74' lang='grc' dir='ltr'><strong>διὰ</strong></span> 
     </span>
    </p>
   </div>
   <div class='ocr_carea' id='block_1_99' title="bbox 101 2564 888 2600">
    <p class='ocr_par' dir='ltr' id='par_1_99' title="bbox 101 2564 888 2600">
     <span class='ocr_line' id='line_1_99' title="bbox 101 2564 888 2600; baseline 0 -9"><span class='ocrx_word' id='word_1_730' title='bbox 101 2566 143 2591; x_wconf 67' lang='grc' dir='ltr'>τὸν</span> <span class='ocrx_word' id='word_1_731' title='bbox 156 2567 240 2600; x_wconf 73' lang='grc' dir='ltr'>φόϐον</span> <span class='ocrx_word' id='word_1_732' title='bbox 256 2566 310 2593; x_wconf 79' lang='grc' dir='ltr'>τῶν</span> <span class='ocrx_word' id='word_1_733' title='bbox 327 2566 472 2592; x_wconf 72' lang='grc' dir='ltr'>Ἰουδαίων.</span> <span class='ocrx_word' id='word_1_734' title='bbox 487 2566 562 2591; x_wconf 82' lang='grc' dir='ltr'>Ἐκεῖ</span> <span class='ocrx_word' id='word_1_735' title='bbox 577 2566 633 2596; x_wconf 86' lang='grc' dir='ltr'>τοῖς</span> <span class='ocrx_word' id='word_1_736' title='bbox 645 2565 780 2600; x_wconf 83' lang='grc' dir='ltr'>μαθηταῖς</span> <span class='ocrx_word' id='word_1_737' title='bbox 801 2564 888 2599; x_wconf 70' lang='grc' dir='ltr'>ἐφάνη</span> 
     </span>
    </p>
   </div>
   <div class='ocr_carea' id='block_1_100' title="bbox 101 2611 889 2646">
    <p class='ocr_par' dir='ltr' id='par_1_100' title="bbox 101 2611 889 2646">
     <span class='ocr_line' id='line_1_100' title="bbox 101 2611 889 2646; baseline 0 -9"><span class='ocrx_word' id='word_1_738' title='bbox 101 2611 115 2637; x_wconf 82' lang='grc' dir='ltr'><strong><em>ὸ</em></strong></span> <span class='ocrx_word' id='word_1_739' title='bbox 140 2612 242 2646; x_wconf 81' lang='grc' dir='ltr'>Κύριος</span> <span class='ocrx_word' id='word_1_740' title='bbox 278 2612 346 2646; x_wconf 81' lang='grc' dir='ltr'>μετὰ</span> <span class='ocrx_word' id='word_1_741' title='bbox 372 2612 403 2638; x_wconf 79' lang='grc' dir='ltr'>τὸ</span> <span class='ocrx_word' id='word_1_742' title='bbox 431 2611 580 2646; x_wconf 75' lang='grc' dir='ltr'>ἀναστῆναι</span> <span class='ocrx_word' id='word_1_743' title='bbox 605 2611 697 2643; x_wconf 74' lang='grc' dir='ltr'>αὐτὸν,</span> <span class='ocrx_word' id='word_1_744' title='bbox 715 2612 770 2637; x_wconf 84' lang='grc' dir='ltr'>τῶν</span> <span class='ocrx_word' id='word_1_745' title='bbox 799 2611 889 2646; x_wconf 87' lang='grc' dir='ltr'>θυρῶν</span> 
     </span>
    </p>
   </div>
   <div class='ocr_carea' id='block_1_101' title="bbox 99 2656 886 2692">
    <p class='ocr_par' dir='ltr' id='par_1_101' title="bbox 99 2656 886 2692">
     <span class='ocr_line' id='line_1_101' title="bbox 99 2656 886 2692; baseline 0.001 -9"><span class='ocrx_word' id='word_1_746' title='bbox 99 2658 311 2692; x_wconf 75' lang='grc' dir='ltr'>κεκλεισμένων,</span> <span class='ocrx_word' id='word_1_747' title='bbox 343 2657 391 2684; x_wconf 82' lang='grc' dir='ltr'>καὶ</span> <span class='ocrx_word' id='word_1_748' title='bbox 408 2657 509 2684; x_wconf 74' lang='grc' dir='ltr'>ἔδωκεν</span> <span class='ocrx_word' id='word_1_749' title='bbox 536 2657 628 2688; x_wconf 81' lang='grc' dir='ltr'>αὐτοῖς</span> <span class='ocrx_word' id='word_1_750' title='bbox 656 2656 767 2691; x_wconf 67' lang='grc' dir='ltr'>Πνεῦμα</span> <span class='ocrx_word' id='word_1_751' title='bbox 799 2657 886 2690; x_wconf 68' lang='grc' dir='ltr'>ἅγιον.</span> 
     </span>
    </p>
   </div>
   <div class='ocr_carea' id='block_1_102' title="bbox 108 2703 885 2739">
    <p class='ocr_par' dir='ltr' id='par_1_102' title="bbox 108 2703 885 2739">
     <span class='ocr_line' id='line_1_102' title="bbox 108 2703 885 2739; baseline 0 -10"><span class='ocrx_word' id='word_1_752' title='bbox 108 2703 178 2730; x_wconf 85' lang='grc' dir='ltr'>Ἐκεῖ</span> <span class='ocrx_word' id='word_1_753' title='bbox 193 2705 227 2739; x_wconf 82' lang='grc' dir='ltr'><strong>τῇ</strong></span> <span class='ocrx_word' id='word_1_754' title='bbox 255 2703 335 2739; x_wconf 80' lang='grc' dir='ltr'>ὀγδόῃ</span> <span class='ocrx_word' id='word_1_755' title='bbox 351 2704 443 2739; x_wconf 72' lang='grc' dir='ltr'>ἡμέρᾳ</span> <span class='ocrx_word' id='word_1_756' title='bbox 465 2704 688 2738; x_wconf 75' lang='grc' dir='ltr'>ὲπληροιρόρησεν</span> <span class='ocrx_word' id='word_1_757' title='bbox 708 2703 753 2730; x_wconf 73' lang='grc' dir='ltr'>τὸν</span> <span class='ocrx_word' id='word_1_758' title='bbox 775 2703 885 2738; x_wconf 76' lang='grc' dir='ltr'>θωμᾶν,</span> 
     </span>
    </p>
   </div>
   <div class='ocr_carea' id='block_1_103' title="bbox 941 2196 1730 2232">
    <p class='ocr_par' dir='ltr' id='par_1_103' title="bbox 941 2196 1730 2232">
     <span class='ocr_line' id='line_1_103' title="bbox 941 2196 1730 2232; baseline 0 -8"><span class='ocrx_word' id='word_1_759' title='bbox 941 2196 1156 2230; x_wconf 76' lang='lat' dir='ltr'><strong>sssumptionem</strong></span> <span class='ocrx_word' id='word_1_760' title='bbox 1172 2196 1292 2228; x_wconf 89' lang='lat' dir='ltr'><strong>Domini,</strong></span> <span class='ocrx_word' id='word_1_761' title='bbox 1306 2204 1367 2224; x_wconf 92' lang='lat' dir='ltr'><strong>cum</strong></span> <span class='ocrx_word' id='word_1_762' title='bbox 1377 2196 1551 2232; x_wconf 85' lang='lat' dir='ltr'><strong>discipulisin</strong></span> <span class='ocrx_word' id='word_1_763' title='bbox 1562 2196 1730 2224; x_wconf 83' lang='lat' dir='ltr'><strong>domoJoan-</strong></span> 
     </span>
    </p>
   </div>
   <div class='ocr_carea' id='block_1_104' title="bbox 941 2240 1729 2276">
    <p class='ocr_par' dir='ltr' id='par_1_104' title="bbox 941 2240 1729 2276">
     <span class='ocr_line' id='line_1_104' title="bbox 941 2240 1729 2276; baseline 0 -9"><span class='ocrx_word' id='word_1_764' title='bbox 941 2240 985 2268; x_wconf 90' lang='lat' dir='ltr'><strong>nis</strong></span> <span class='ocrx_word' id='word_1_765' title='bbox 1003 2240 1181 2276; x_wconf 73' lang='lat' dir='ltr'><strong>Evangelistaa</strong></span> <span class='ocrx_word' id='word_1_766' title='bbox 1196 2248 1282 2268; x_wconf 89' lang='lat' dir='ltr'><strong>annos</strong></span> <span class='ocrx_word' id='word_1_767' title='bbox 1296 2241 1339 2274; x_wconf 86' lang='grc'><strong>11,</strong></span> <span class='ocrx_word' id='word_1_768' title='bbox 1359 2241 1481 2276; x_wconf 73' lang='lat' dir='ltr'><strong>fiuntque</strong></span> <span class='ocrx_word' id='word_1_769' title='bbox 1499 2241 1648 2268; x_wconf 88' lang='lat' dir='ltr'><strong>universim</strong></span> <span class='ocrx_word' id='word_1_770' title='bbox 1665 2241 1729 2268; x_wconf 90' lang='lat' dir='ltr'><strong>anni</strong></span> 
     </span>
    </p>
   </div>
   <div class='ocr_carea' id='block_1_105' title="bbox 944 2286 1731 2323">
    <p class='ocr_par' dir='ltr' id='par_1_105' title="bbox 944 2286 1731 2323">
     <span class='ocr_line' id='line_1_105' title="bbox 944 2286 1731 2323; baseline -0.001 -9"><span class='ocrx_word' id='word_1_771' title='bbox 944 2287 1005 2314; x_wconf 65' lang='lat' dir='ltr'><strong>vita:</strong></span> <span class='ocrx_word' id='word_1_772' title='bbox 1024 2287 1084 2322; x_wconf 85' lang='lat' dir='ltr'><strong>ejus</strong></span> <span class='ocrx_word' id='word_1_773' title='bbox 1105 2287 1150 2316; x_wconf 83' lang='lat'><strong>56.</strong></span> <span class='ocrx_word' id='word_1_774' title='bbox 1166 2287 1217 2314; x_wconf 87' lang='lat' dir='ltr'><strong>Hic</strong></span> <span class='ocrx_word' id='word_1_775' title='bbox 1233 2295 1315 2323; x_wconf 89' lang='lat' dir='ltr'><strong>porro</strong></span> <span class='ocrx_word' id='word_1_776' title='bbox 1329 2291 1372 2315; x_wconf 88' lang='lat' dir='ltr'><strong>est</strong></span> <span class='ocrx_word' id='word_1_777' title='bbox 1385 2286 1520 2319; x_wconf 83' lang='lat' dir='ltr'><strong>Joannes,</strong></span> <span class='ocrx_word' id='word_1_778' title='bbox 1534 2295 1614 2321; x_wconf 83' lang='lat' dir='ltr'><strong>quem</strong></span> <span class='ocrx_word' id='word_1_779' title='bbox 1636 2287 1731 2314; x_wconf 84' lang='lat' dir='ltr'><strong>dilexit</strong></span> 
     </span>
    </p>
   </div>
   <div class='ocr_carea' id='block_1_106' title="bbox 945 2331 1728 2367">
    <p class='ocr_par' dir='ltr' id='par_1_106' title="bbox 945 2331 1728 2367">
     <span class='ocr_line' id='line_1_106' title="bbox 945 2331 1728 2367; baseline -0.004 -7"><span class='ocrx_word' id='word_1_780' title='bbox 945 2332 1094 2365; x_wconf 89' lang='lat' dir='ltr'><strong>Dominus,</strong></span> <span class='ocrx_word' id='word_1_781' title='bbox 1110 2337 1137 2360; x_wconf 89' lang='lat' dir='ltr'><strong>et</strong></span> <span class='ocrx_word' id='word_1_782' title='bbox 1163 2337 1223 2360; x_wconf 87' lang='lat' dir='ltr'><strong>erat</strong></span> <span class='ocrx_word' id='word_1_783' title='bbox 1247 2332 1360 2365; x_wconf 66' lang='lat' dir='ltr'><strong>caelebs,</strong></span> <span class='ocrx_word' id='word_1_784' title='bbox 1376 2336 1404 2359; x_wconf 89' lang='lat' dir='ltr'><strong>et</strong></span> <span class='ocrx_word' id='word_1_785' title='bbox 1427 2332 1536 2367; x_wconf 85' lang='lat' dir='ltr'><strong>scripsit</strong></span> <span class='ocrx_word' id='word_1_786' title='bbox 1552 2331 1728 2366; x_wconf 76' lang='lat' dir='ltr'><strong>Evangelium</strong></span> 
     </span>
    </p>
   </div>
   <div class='ocr_carea' id='block_1_107' title="bbox 942 2375 1728 2412">
    <p class='ocr_par' dir='ltr' id='par_1_107' title="bbox 942 2375 1728 2412">
     <span class='ocr_line' id='line_1_107' title="bbox 942 2375 1728 2412; baseline -0.003 -8"><span class='ocrx_word' id='word_1_787' title='bbox 942 2385 1033 2409; x_wconf 85' lang='lat' dir='ltr'><strong>suum,</strong></span> <span class='ocrx_word' id='word_1_788' title='bbox 1053 2377 1234 2412; x_wconf 78' lang='lat' dir='ltr'><strong>manebatque</strong></span> <span class='ocrx_word' id='word_1_789' title='bbox 1258 2376 1455 2412; x_wconf 85' lang='lat' dir='ltr'><strong>Hierosolymis</strong></span> <span class='ocrx_word' id='word_1_790' title='bbox 1482 2377 1509 2403; x_wconf 94' lang='lat' dir='ltr'><strong>in</strong></span> <span class='ocrx_word' id='word_1_791' title='bbox 1528 2382 1623 2403; x_wconf 84' lang='lat' dir='ltr'><strong>sancta</strong></span> <span class='ocrx_word' id='word_1_792' title='bbox 1651 2375 1728 2407; x_wconf 87' lang='lat' dir='ltr'><strong>Sion,</strong></span> 
     </span>
    </p>
   </div>
   <div class='ocr_carea' id='block_1_108' title="bbox 943 2422 1751 2458">
    <p class='ocr_par' dir='ltr' id='par_1_108' title="bbox 943 2422 1751 2458">
     <span class='ocr_line' id='line_1_108' title="bbox 943 2422 1751 2458; baseline -0.006 -7"><span class='ocrx_word' id='word_1_793' title='bbox 943 2428 1030 2451; x_wconf 88' lang='lat' dir='ltr'><strong>matre</strong></span> <span class='ocrx_word' id='word_1_794' title='bbox 1042 2423 1239 2452; x_wconf 85' lang='lat' dir='ltr'><strong>Ecclesiarum.</strong></span> <span class='ocrx_word' id='word_1_795' title='bbox 1251 2423 1289 2450; x_wconf 86' lang='lat' dir='ltr'><strong>Eo</strong></span> <span class='ocrx_word' id='word_1_796' title='bbox 1304 2423 1483 2458; x_wconf 78' lang='lat' dir='ltr'><strong>confugerant</strong></span> <span class='ocrx_word' id='word_1_797' title='bbox 1496 2422 1610 2457; x_wconf 85' lang='lat' dir='ltr'><strong>apostoli</strong></span> <span class='ocrx_word' id='word_1_798' title='bbox 1622 2425 1730 2456; x_wconf 88' lang='lat' dir='ltr'><strong>propter</strong></span> <span class='ocrx_word' id='word_1_799' title='bbox 1749 2427 1751 2429; x_wconf 79' lang='lat'>‘</span> 
     </span>
    </p>
   </div>
   <div class='ocr_carea' id='block_1_109' title="bbox 944 2467 1731 2504">
    <p class='ocr_par' dir='ltr' id='par_1_109' title="bbox 944 2467 1731 2504">
     <span class='ocr_line' id='line_1_109' title="bbox 944 2467 1731 2504; baseline -0.005 -7"><span class='ocrx_word' id='word_1_800' title='bbox 944 2474 1045 2497; x_wconf 88' lang='lat' dir='ltr'><strong>metum</strong></span> <span class='ocrx_word' id='word_1_801' title='bbox 1062 2469 1229 2497; x_wconf 71' lang='lat' dir='ltr'><strong>.ludzeorum.</strong></span> <span class='ocrx_word' id='word_1_802' title='bbox 1244 2469 1283 2496; x_wconf 88' lang='lat' dir='ltr'><strong>lbi</strong></span> <span class='ocrx_word' id='word_1_803' title='bbox 1298 2468 1442 2504; x_wconf 86' lang='lat' dir='ltr'><strong>discipulis</strong></span> <span class='ocrx_word' id='word_1_804' title='bbox 1457 2468 1584 2503; x_wconf 88' lang='lat' dir='ltr'><strong>apparuit</strong></span> <span class='ocrx_word' id='word_1_805' title='bbox 1598 2467 1731 2494; x_wconf 88' lang='lat' dir='ltr'><strong>Dominus</strong></span> 
     </span>
    </p>
   </div>
   <div class='ocr_carea' id='block_1_110' title="bbox 944 2513 1731 2551">
    <p class='ocr_par' dir='ltr' id='par_1_110' title="bbox 944 2513 1731 2551">
     <span class='ocr_line' id='line_1_110' title="bbox 944 2513 1731 2551; baseline -0.005 -8"><span class='ocrx_word' id='word_1_806' title='bbox 944 2522 1005 2551; x_wconf 87' lang='lat' dir='ltr'><strong>post</strong></span> <span class='ocrx_word' id='word_1_807' title='bbox 1023 2516 1248 2544; x_wconf 86' lang='lat' dir='ltr'><strong>resurrectionem</strong></span> <span class='ocrx_word' id='word_1_808' title='bbox 1263 2523 1341 2543; x_wconf 91' lang='lat' dir='ltr'><strong>suam</strong></span> <span class='ocrx_word' id='word_1_809' title='bbox 1361 2515 1453 2550; x_wconf 86' lang='lat' dir='ltr'><strong>jauuis</strong></span> <span class='ocrx_word' id='word_1_810' title='bbox 1476 2514 1586 2547; x_wconf 86' lang='lat' dir='ltr'><strong>clausis,</strong></span> <span class='ocrx_word' id='word_1_811' title='bbox 1602 2513 1731 2548; x_wconf 85' lang='lat' dir='ltr'><strong>deditque</strong></span> 
     </span>
    </p>
   </div>
   <div class='ocr_carea' id='block_1_111' title="bbox 941 2560 1729 2597">
    <p class='ocr_par' dir='ltr' id='par_1_111' title="bbox 941 2560 1729 2597">
     <span class='ocr_line' id='line_1_111' title="bbox 941 2560 1729 2597; baseline -0.005 -7"><span class='ocrx_word' id='word_1_812' title='bbox 941 2563 982 2590; x_wconf 87' lang='lat' dir='ltr'><strong>eis</strong></span> <span class='ocrx_word' id='word_1_813' title='bbox 1013 2562 1145 2597; x_wconf 89' lang='lat' dir='ltr'><strong>Spiritum</strong></span> <span class='ocrx_word' id='word_1_814' title='bbox 1174 2566 1312 2590; x_wconf 84' lang='lat' dir='ltr'><strong>sanctum.</strong></span> <span class='ocrx_word' id='word_1_815' title='bbox 1329 2561 1369 2589; x_wconf 84' lang='lat' dir='ltr'><strong>Ibi</strong></span> <span class='ocrx_word' id='word_1_816' title='bbox 1395 2561 1440 2589; x_wconf 87' lang='lat' dir='ltr'><strong>die</strong></span> <span class='ocrx_word' id='word_1_817' title='bbox 1466 2565 1561 2589; x_wconf 87' lang='lat' dir='ltr'><strong>octava</strong></span> <span class='ocrx_word' id='word_1_818' title='bbox 1585 2560 1729 2588; x_wconf 87' lang='lat' dir='ltr'><strong>certiorem</strong></span> 
     </span>
    </p>
   </div>
   <div class='ocr_carea' id='block_1_112' title="bbox 940 2607 1726 2642">
    <p class='ocr_par' dir='ltr' id='par_1_112' title="bbox 940 2607 1726 2642">
     <span class='ocr_line' id='line_1_112' title="bbox 940 2607 1726 2642; baseline -0.003 -6"><span class='ocrx_word' id='word_1_819' title='bbox 940 2609 1030 2637; x_wconf 84' lang='lat' dir='ltr'><strong>cil‘ecit</strong></span> <span class='ocrx_word' id='word_1_820' title='bbox 1055 2608 1199 2641; x_wconf 87' lang='lat' dir='ltr'><strong>Thomam,</strong></span> <span class='ocrx_word' id='word_1_821' title='bbox 1216 2608 1364 2636; x_wconf 84' lang='lat' dir='ltr'><strong>ostendens</strong></span> <span class='ocrx_word' id='word_1_822' title='bbox 1387 2607 1425 2634; x_wconf 90' lang='lat' dir='ltr'><strong>illi</strong></span> <span class='ocrx_word' id='word_1_823' title='bbox 1445 2608 1555 2642; x_wconf 84' lang='lat' dir='ltr'><strong>signum</strong></span> <span class='ocrx_word' id='word_1_824' title='bbox 1575 2607 1726 2634; x_wconf 89' lang='lat' dir='ltr'><strong>clavorum.</strong></span> 
     </span>
    </p>
   </div>
   <div class='ocr_carea' id='block_1_113' title="bbox 942 2651 1728 2690">
    <p class='ocr_par' dir='ltr' id='par_1_113' title="bbox 942 2651 1728 2690">
     <span class='ocr_line' id='line_1_113' title="bbox 942 2651 1728 2690; baseline -0.005 -8"><span class='ocrx_word' id='word_1_825' title='bbox 942 2655 980 2683; x_wconf 90' lang='lat' dir='ltr'><strong>lbi</strong></span> <span class='ocrx_word' id='word_1_826' title='bbox 996 2659 1121 2690; x_wconf 82' lang='lat' dir='ltr'><strong>paratum</strong></span> <span class='ocrx_word' id='word_1_827' title='bbox 1147 2654 1199 2681; x_wconf 83' lang='lat' dir='ltr'><strong>fuit</strong></span> <span class='ocrx_word' id='word_1_828' title='bbox 1218 2654 1362 2682; x_wconf 86' lang='lat' dir='ltr'><strong>comedere</strong></span> <span class='ocrx_word' id='word_1_829' title='bbox 1375 2653 1479 2681; x_wconf 81' lang='lat' dir='ltr'><strong>Pascha</strong></span> <span class='ocrx_word' id='word_1_830' title='bbox 1497 2660 1559 2681; x_wconf 91' lang='lat' dir='ltr'><strong>cum</strong></span> <span class='ocrx_word' id='word_1_831' title='bbox 1575 2651 1728 2687; x_wconf 88' lang='lat' dir='ltr'><strong>discipulis.</strong></span> 
     </span>
    </p>
   </div>
   <div class='ocr_carea' id='block_1_114' title="bbox 942 2697 1731 2737">
    <p class='ocr_par' dir='ltr' id='par_1_114' title="bbox 942 2697 1731 2737">
     <span class='ocr_line' id='line_1_114' title="bbox 942 2697 1731 2737; baseline -0.003 -9"><span class='ocrx_word' id='word_1_832' title='bbox 942 2701 1007 2729; x_wconf 85' lang='lat' dir='ltr'><strong>inde</strong></span> <span class='ocrx_word' id='word_1_833' title='bbox 1022 2701 1103 2729; x_wconf 89' lang='lat' dir='ltr'><strong>etiam</strong></span> <span class='ocrx_word' id='word_1_834' title='bbox 1121 2701 1221 2737; x_wconf 91' lang='lat' dir='ltr'><strong>hymno</strong></span> <span class='ocrx_word' id='word_1_835' title='bbox 1236 2700 1308 2729; x_wconf 87' lang='lat' dir='ltr'><strong>dicto</strong></span> <span class='ocrx_word' id='word_1_836' title='bbox 1324 2699 1449 2728; x_wconf 84' lang='lat' dir='ltr'><strong>exierunt</strong></span> <span class='ocrx_word' id='word_1_837' title='bbox 1463 2699 1489 2726; x_wconf 94' lang='lat' dir='ltr'><strong>in</strong></span> <span class='ocrx_word' id='word_1_838' title='bbox 1507 2703 1626 2726; x_wconf 87' lang='lat' dir='ltr'><strong>montem</strong></span> <span class='ocrx_word' id='word_1_839' title='bbox 1643 2697 1731 2726; x_wconf 79' lang='lat' dir='ltr'><strong>Oliva.</strong></span> 
     </span>
    </p>
   </div>
   <div class='ocr_carea' id='block_1_115' title="bbox 138 2793 990 2830">
    <p class='ocr_par' dir='ltr' id='par_1_115' title="bbox 138 2793 990 2830">
     <span class='ocr_line' id='line_1_115' title="bbox 138 2793 990 2830; baseline -0.002 -8"><span class='ocrx_word' id='word_1_840' title='bbox 138 2795 193 2830; x_wconf 78' lang='grc'>(62)</span> <span class='ocrx_word' id='word_1_841' title='bbox 222 2795 260 2823; x_wconf 80' lang='lat' dir='ltr'><strong>Ex</strong></span> <span class='ocrx_word' id='word_1_842' title='bbox 285 2795 372 2823; x_wconf 85' lang='lat' dir='ltr'><strong>allatis</strong></span> <span class='ocrx_word' id='word_1_843' title='bbox 407 2795 526 2822; x_wconf 73' lang='lat' dir='ltr'><strong>numeris</strong></span> <span class='ocrx_word' id='word_1_844' title='bbox 555 2802 606 2821; x_wconf 81' lang='lat' dir='ltr'><strong>non</strong></span> <span class='ocrx_word' id='word_1_845' title='bbox 636 2794 799 2829; x_wconf 58' lang='lat' dir='ltr'><strong>colliguntur</strong></span> <span class='ocrx_word' id='word_1_846' title='bbox 830 2794 898 2821; x_wconf 65' lang='lat' dir='ltr'><strong>55$th</strong></span> <span class='ocrx_word' id='word_1_847' title='bbox 916 2793 990 2820; x_wconf 88' lang='lat' dir='ltr'><strong>anni.</strong></span> 
     </span>
    </p>
   </div>
  </div>
