  <div class='ocr_page' id='page_1' title='image "/cluster/home/n/w/nwhite01/storage/ocr_20150623/117/njp.32101010943940/633.png"; bbox 0 0 1913 3068; ppageno 0'>
   <div class='ocr_carea' id='block_1_1' title="bbox 184 140 256 174">
    <p class='ocr_par' dir='ltr' id='par_1_1' title="bbox 184 140 256 174">
     <span class='ocr_line' id='line_1_1' title="bbox 184 140 256 174; baseline -0.028 0"><span class='ocrx_word' id='word_1_1' title='bbox 184 140 256 174; x_wconf 66' lang='lat' dir='ltr'><strong>MSS</strong></span> 
     </span>
    </p>
   </div>
   <div class='ocr_carea' id='block_1_2' title="bbox 789 140 1191 171">
    <p class='ocr_par' dir='ltr' id='par_1_2' title="bbox 789 140 1191 171">
     <span class='ocr_line' id='line_1_2' title="bbox 789 140 1191 171; baseline 0 -1"><span class='ocrx_word' id='word_1_2' title='bbox 789 140 999 170; x_wconf 78' lang='lat' dir='ltr'><strong>GEORGIDIS</strong></span> <span class='ocrx_word' id='word_1_3' title='bbox 1018 140 1191 171; x_wconf 67' lang='lat' dir='ltr'><strong>MONACIII</strong></span> 
     </span>
    </p>
   </div>
   <div class='ocr_carea' id='block_1_3' title="bbox 1751 139 1818 171">
    <p class='ocr_par' dir='ltr' id='par_1_3' title="bbox 1751 139 1818 171">
     <span class='ocr_line' id='line_1_3' title="bbox 1751 139 1818 171; baseline -0.015 0"><span class='ocrx_word' id='word_1_4' title='bbox 1751 139 1818 171; x_wconf 78' lang='grc'><strong>1056</strong></span> 
     </span>
    </p>
   </div>
   <div class='ocr_carea' id='block_1_4' title="bbox 183 196 979 233">
    <p class='ocr_par' dir='ltr' id='par_1_4' title="bbox 183 196 975 233">
     <span class='ocr_line' id='line_1_4' title="bbox 183 196 975 233; baseline -0.004 -7"><span class='ocrx_word' id='word_1_5' title='bbox 183 199 322 227; x_wconf 80' lang='lat' dir='ltr'><strong>Genitricc</strong></span> <span class='ocrx_word' id='word_1_6' title='bbox 335 206 496 233; x_wconf 82' lang='lat' dir='ltr'><strong>semperque</strong></span> <span class='ocrx_word' id='word_1_7' title='bbox 511 197 622 233; x_wconf 82' lang='lat' dir='ltr'><strong>Virgine</strong></span> <span class='ocrx_word' id='word_1_8' title='bbox 632 196 727 231; x_wconf 81' lang='lat' dir='ltr'><strong>Maria,</strong></span> <span class='ocrx_word' id='word_1_9' title='bbox 741 204 813 224; x_wconf 89' lang='lat' dir='ltr'><strong>anno</strong></span> <span class='ocrx_word' id='word_1_10' title='bbox 828 204 906 230; x_wconf 68' lang='lat' dir='ltr'><strong>mare,</strong></span> <span class='ocrx_word' id='word_1_11' title='bbox 921 197 975 223; x_wconf 84' lang='lat' dir='ltr'><strong>Au-</strong></span> 
     </span>
    </p>
   </div>
   <div class='ocr_carea' id='block_1_5' title="bbox 1032 196 1812 233">
    <p class='ocr_par' dir='ltr' id='par_1_5' title="bbox 1032 196 1812 233">
     <span class='ocr_line' id='line_1_5' title="bbox 1032 196 1812 233; baseline -0.001 -9"><span class='ocrx_word' id='word_1_12' title='bbox 1032 199 1158 226; x_wconf 72' lang='grc' dir='ltr'><strong>Βεοτόκου</strong></span> <span class='ocrx_word' id='word_1_13' title='bbox 1176 200 1223 226; x_wconf 78' lang='grc' dir='ltr'><strong>καὶ</strong></span> <span class='ocrx_word' id='word_1_14' title='bbox 1247 197 1442 233; x_wconf 73' lang='grc' dir='ltr'><strong>’Λειπαρθένου</strong></span> <span class='ocrx_word' id='word_1_15' title='bbox 1458 197 1585 232; x_wconf 81' lang='grc' dir='ltr'><strong>Μαρίας,</strong></span> <span class='ocrx_word' id='word_1_16' title='bbox 1603 196 1682 228; x_wconf 75' lang='grc' dir='ltr'>ἔτους</span> <span class='ocrx_word' id='word_1_17' title='bbox 1697 200 1753 231; x_wconf 52' lang='lat' dir='ltr'><strong>se&#39;,</strong></span> <span class='ocrx_word' id='word_1_18' title='bbox 1774 207 1812 232; x_wconf 79' lang='grc' dir='ltr'><strong>μγ</strong></span> 
     </span>
    </p>
   </div>
   <div class='ocr_carea' id='block_1_6' title="bbox 182 242 974 280">
    <p class='ocr_par' dir='ltr' id='par_1_6' title="bbox 182 242 974 280">
     <span class='ocr_line' id='line_1_6' title="bbox 182 242 974 280; baseline -0.004 -7"><span class='ocrx_word' id='word_1_19' title='bbox 182 245 254 280; x_wconf 81' lang='lat' dir='ltr'><strong>gusti</strong></span> <span class='ocrx_word' id='word_1_20' title='bbox 277 244 391 273; x_wconf 67' lang='lat' dir='ltr'><strong>Caesaris</strong></span> <span class='ocrx_word' id='word_1_21' title='bbox 413 252 485 272; x_wconf 90' lang='lat' dir='ltr'><strong>anno</strong></span> <span class='ocrx_word' id='word_1_22' title='bbox 498 245 569 272; x_wconf 71' lang='lat' dir='ltr'><strong>43in</strong></span> <span class='ocrx_word' id='word_1_23' title='bbox 593 243 749 271; x_wconf 81' lang='lat' dir='ltr'><strong>Bcthlebem</strong></span> <span class='ocrx_word' id='word_1_24' title='bbox 772 242 900 270; x_wconf 62' lang='lat' dir='ltr'><strong>Judaeae8</strong></span> <span class='ocrx_word' id='word_1_25' title='bbox 914 242 974 270; x_wconf 82' lang='lat' dir='ltr'><strong>Kal.</strong></span> 
     </span>
    </p>
   </div>
   <div class='ocr_carea' id='block_1_7' title="bbox 182 289 974 325">
    <p class='ocr_par' dir='ltr' id='par_1_7' title="bbox 182 289 974 325">
     <span class='ocr_line' id='line_1_7' title="bbox 182 289 974 325; baseline -0.003 -7"><span class='ocrx_word' id='word_1_26' title='bbox 182 291 329 319; x_wconf 75' lang='lat' dir='ltr'><strong>Januarias</strong></span> <span class='ocrx_word' id='word_1_27' title='bbox 351 291 429 325; x_wconf 84' lang='lat' dir='ltr'><strong>juxta</strong></span> <span class='ocrx_word' id='word_1_28' title='bbox 454 290 603 322; x_wconf 82' lang='lat' dir='ltr'><strong>Romanos.</strong></span> <span class='ocrx_word' id='word_1_29' title='bbox 619 290 671 317; x_wconf 88' lang='lat' dir='ltr'><strong>hoc</strong></span> <span class='ocrx_word' id='word_1_30' title='bbox 685 294 726 318; x_wconf 88' lang='lat' dir='ltr'><strong>est</strong></span> <span class='ocrx_word' id='word_1_31' title='bbox 751 290 907 317; x_wconf 82' lang='lat' dir='ltr'><strong>Decembris</strong></span> <span class='ocrx_word' id='word_1_32' title='bbox 928 289 974 316; x_wconf 76' lang='grc'><strong>25.</strong></span> 
     </span>
    </p>
   </div>
   <div class='ocr_carea' id='block_1_8' title="bbox 183 336 977 371">
    <p class='ocr_par' dir='ltr' id='par_1_8' title="bbox 183 336 977 371">
     <span class='ocr_line' id='line_1_8' title="bbox 183 336 977 371; baseline -0.001 -7"><span class='ocrx_word' id='word_1_33' title='bbox 183 336 341 371; x_wconf 75' lang='lat' dir='ltr'><strong>Baptizatus</strong></span> <span class='ocrx_word' id='word_1_34' title='bbox 358 341 399 364; x_wconf 89' lang='lat' dir='ltr'><strong>est</strong></span> <span class='ocrx_word' id='word_1_35' title='bbox 416 336 451 363; x_wconf 78' lang='grc'><strong>50</strong></span> <span class='ocrx_word' id='word_1_36' title='bbox 468 344 554 363; x_wconf 78' lang='lat' dir='ltr'><strong>annos</strong></span> <span class='ocrx_word' id='word_1_37' title='bbox 572 344 667 371; x_wconf 78' lang='lat' dir='ltr'><strong>agens.</strong></span> <span class='ocrx_word' id='word_1_38' title='bbox 684 344 756 364; x_wconf 89' lang='lat' dir='ltr'><strong>anno</strong></span> <span class='ocrx_word' id='word_1_39' title='bbox 774 336 977 371; x_wconf 90' lang='lat' dir='ltr'><strong>quintodecimo</strong></span> 
     </span>
    </p>
   </div>
   <div class='ocr_carea' id='block_1_9' title="bbox 184 380 977 416">
    <p class='ocr_par' dir='ltr' id='par_1_9' title="bbox 184 380 977 416">
     <span class='ocr_line' id='line_1_9' title="bbox 184 380 977 416; baseline -0.003 -7"><span class='ocrx_word' id='word_1_40' title='bbox 184 381 285 409; x_wconf 83' lang='lat' dir='ltr'><strong>Tiberii</strong></span> <span class='ocrx_word' id='word_1_41' title='bbox 310 382 436 414; x_wconf 60' lang='lat' dir='ltr'><strong>Caesaris,</strong></span> <span class='ocrx_word' id='word_1_42' title='bbox 450 382 537 416; x_wconf 85' lang='lat' dir='ltr'><strong>pridie</strong></span> <span class='ocrx_word' id='word_1_43' title='bbox 561 382 598 408; x_wconf 74' lang='grc' dir='ltr'>ιιι.</span> <span class='ocrx_word' id='word_1_44' title='bbox 613 381 728 408; x_wconf 80' lang='lat' dir='ltr'><strong>Januar.</strong></span> <span class='ocrx_word' id='word_1_45' title='bbox 744 381 895 408; x_wconf 85' lang='lat' dir='ltr'><strong>secundum</strong></span> <span class='ocrx_word' id='word_1_46' title='bbox 921 380 977 408; x_wconf 81' lang='lat' dir='ltr'><strong>Ro-</strong></span> 
     </span>
    </p>
   </div>
   <div class='ocr_carea' id='block_1_10' title="bbox 183 426 976 462">
    <p class='ocr_par' dir='ltr' id='par_1_10' title="bbox 183 426 976 462">
     <span class='ocr_line' id='line_1_10' title="bbox 183 426 976 462; baseline 0 -8"><span class='ocrx_word' id='word_1_47' title='bbox 183 434 292 459; x_wconf 87' lang='lat' dir='ltr'><strong>manos.</strong></span> <span class='ocrx_word' id='word_1_48' title='bbox 314 427 367 455; x_wconf 90' lang='lat' dir='ltr'><strong>hoc</strong></span> <span class='ocrx_word' id='word_1_49' title='bbox 393 432 435 454; x_wconf 81' lang='lat' dir='ltr'><strong>est</strong></span> <span class='ocrx_word' id='word_1_50' title='bbox 459 426 570 454; x_wconf 88' lang='lat' dir='ltr'><strong>Januar.</strong></span> <span class='ocrx_word' id='word_1_51' title='bbox 591 427 616 454; x_wconf 89' lang='lat'><strong>6.</strong></span> <span class='ocrx_word' id='word_1_52' title='bbox 634 426 746 462; x_wconf 76' lang='lat' dir='ltr'><strong>Oportet</strong></span> <span class='ocrx_word' id='word_1_53' title='bbox 774 432 864 455; x_wconf 88' lang='lat' dir='ltr'><strong>autem</strong></span> <span class='ocrx_word' id='word_1_54' title='bbox 895 428 976 460; x_wconf 86' lang='lat' dir='ltr'><strong>scire,</strong></span> 
     </span>
    </p>
   </div>
   <div class='ocr_carea' id='block_1_11' title="bbox 186 472 977 508">
    <p class='ocr_par' dir='ltr' id='par_1_11' title="bbox 186 472 977 508">
     <span class='ocr_line' id='line_1_11' title="bbox 186 472 977 508; baseline 0 -8"><span class='ocrx_word' id='word_1_55' title='bbox 186 473 260 508; x_wconf 87' lang='lat' dir='ltr'><strong>quod</strong></span> <span class='ocrx_word' id='word_1_56' title='bbox 283 473 377 508; x_wconf 76' lang='lat' dir='ltr'><strong>genuit</strong></span> <span class='ocrx_word' id='word_1_57' title='bbox 393 472 469 500; x_wconf 92' lang='lat' dir='ltr'><strong>illum</strong></span> <span class='ocrx_word' id='word_1_58' title='bbox 487 473 636 500; x_wconf 89' lang='lat' dir='ltr'><strong>secundum</strong></span> <span class='ocrx_word' id='word_1_59' title='bbox 653 481 761 500; x_wconf 86' lang='lat' dir='ltr'><strong>carnem</strong></span> <span class='ocrx_word' id='word_1_60' title='bbox 779 473 875 500; x_wconf 88' lang='lat' dir='ltr'><strong>civitas</strong></span> <span class='ocrx_word' id='word_1_61' title='bbox 894 474 977 501; x_wconf 83' lang='lat' dir='ltr'><strong>Beth—</strong></span> 
     </span>
    </p>
   </div>
   <div class='ocr_carea' id='block_1_12' title="bbox 186 517 977 551">
    <p class='ocr_par' dir='ltr' id='par_1_12' title="bbox 186 517 977 551">
     <span class='ocr_line' id='line_1_12' title="bbox 186 517 977 551; baseline 0.001 -6"><span class='ocrx_word' id='word_1_62' title='bbox 186 519 287 550; x_wconf 78' lang='lat' dir='ltr'><strong>leliem,</strong></span> <span class='ocrx_word' id='word_1_63' title='bbox 300 518 431 546; x_wconf 86' lang='lat' dir='ltr'><strong>enutrivit</strong></span> <span class='ocrx_word' id='word_1_64' title='bbox 454 518 519 546; x_wconf 85' lang='lat' dir='ltr'><strong>urbs</strong></span> <span class='ocrx_word' id='word_1_65' title='bbox 535 517 680 551; x_wconf 85' lang='lat' dir='ltr'><strong>Nazaretb,</strong></span> <span class='ocrx_word' id='word_1_66' title='bbox 697 518 730 546; x_wconf 90' lang='lat' dir='ltr'><strong>ad</strong></span> <span class='ocrx_word' id='word_1_67' title='bbox 751 519 857 546; x_wconf 79' lang='lat' dir='ltr'><strong>virilem</strong></span> <span class='ocrx_word' id='word_1_68' title='bbox 870 524 977 546; x_wconf 65' lang='lat' dir='ltr'><strong>aetatem</strong></span> 
     </span>
    </p>
   </div>
   <div class='ocr_carea' id='block_1_13' title="bbox 184 564 978 600">
    <p class='ocr_par' dir='ltr' id='par_1_13' title="bbox 184 564 978 600">
     <span class='ocr_line' id='line_1_13' title="bbox 184 564 978 600; baseline 0.001 -9"><span class='ocrx_word' id='word_1_69' title='bbox 184 565 313 599; x_wconf 80' lang='lat' dir='ltr'><strong>perduxit</strong></span> <span class='ocrx_word' id='word_1_70' title='bbox 335 564 501 600; x_wconf 88' lang='lat' dir='ltr'><strong>retinuitque</strong></span> <span class='ocrx_word' id='word_1_71' title='bbox 523 565 556 592; x_wconf 91' lang='lat' dir='ltr'><strong>ad</strong></span> <span class='ocrx_word' id='word_1_72' title='bbox 580 571 666 592; x_wconf 88' lang='lat' dir='ltr'><strong>annos</strong></span> <span class='ocrx_word' id='word_1_73' title='bbox 689 565 724 592; x_wconf 75' lang='grc'><strong>50</strong></span> <span class='ocrx_word' id='word_1_74' title='bbox 755 565 852 592; x_wconf 80' lang='lat' dir='ltr'><strong>civitas</strong></span> <span class='ocrx_word' id='word_1_75' title='bbox 876 565 978 600; x_wconf 72' lang='lat' dir='ltr'><strong>Ca‘per-</strong></span> 
     </span>
    </p>
   </div>
   <div class='ocr_carea' id='block_1_14' title="bbox 185 609 979 646">
    <p class='ocr_par' dir='ltr' id='par_1_14' title="bbox 185 609 979 646">
     <span class='ocr_line' id='line_1_14' title="bbox 185 609 979 646; baseline 0.003 -10"><span class='ocrx_word' id='word_1_76' title='bbox 185 617 278 637; x_wconf 90' lang='lat' dir='ltr'><strong>naum.</strong></span> <span class='ocrx_word' id='word_1_77' title='bbox 296 609 404 644; x_wconf 78' lang='lat' dir='ltr'><strong>Efﬁgies</strong></span> <span class='ocrx_word' id='word_1_78' title='bbox 425 609 519 637; x_wconf 64' lang='lat' dir='ltr'><strong>formae</strong></span> <span class='ocrx_word' id='word_1_79' title='bbox 538 610 611 638; x_wconf 90' lang='lat' dir='ltr'><strong>illius</strong></span> <span class='ocrx_word' id='word_1_80' title='bbox 621 614 682 638; x_wconf 86' lang='lat' dir='ltr'><strong>erat</strong></span> <span class='ocrx_word' id='word_1_81' title='bbox 699 610 855 645; x_wconf 75' lang='lat' dir='ltr'><strong>huiusmodi</strong></span> <span class='ocrx_word' id='word_1_82' title='bbox 878 620 884 638; x_wconf 90' lang='lat'><strong>:</strong></span> <span class='ocrx_word' id='word_1_83' title='bbox 905 611 979 646; x_wconf 79' lang='lat' dir='ltr'><strong>Mag-</strong></span> 
     </span>
    </p>
   </div>
   <div class='ocr_carea' id='block_1_15' title="bbox 186 655 979 691">
    <p class='ocr_par' dir='ltr' id='par_1_15' title="bbox 186 655 979 691">
     <span class='ocr_line' id='line_1_15' title="bbox 186 655 979 691; baseline 0.001 -9"><span class='ocrx_word' id='word_1_84' title='bbox 186 655 284 682; x_wconf 89' lang='lat' dir='ltr'><strong>nitudo</strong></span> <span class='ocrx_word' id='word_1_85' title='bbox 310 660 421 682; x_wconf 60' lang='lat' dir='ltr'><strong>statura!</strong></span> <span class='ocrx_word' id='word_1_86' title='bbox 450 655 523 682; x_wconf 81' lang='lat' dir='ltr'><strong>illius</strong></span> <span class='ocrx_word' id='word_1_87' title='bbox 546 655 613 690; x_wconf 87' lang='lat' dir='ltr'><strong>justi</strong></span> <span class='ocrx_word' id='word_1_88' title='bbox 642 656 763 683; x_wconf 89' lang='lat' dir='ltr'><strong>hominis</strong></span> <span class='ocrx_word' id='word_1_89' title='bbox 790 660 865 688; x_wconf 86' lang='lat' dir='ltr'><strong>erat,</strong></span> <span class='ocrx_word' id='word_1_90' title='bbox 891 663 979 691; x_wconf 90' lang='lat' dir='ltr'><strong>neque</strong></span> 
     </span>
    </p>
   </div>
   <div class='ocr_carea' id='block_1_16' title="bbox 186 702 978 736">
    <p class='ocr_par' dir='ltr' id='par_1_16' title="bbox 186 702 978 736">
     <span class='ocr_line' id='line_1_16' title="bbox 186 702 978 736; baseline 0.004 -10"><span class='ocrx_word' id='word_1_91' title='bbox 186 708 346 728; x_wconf 83' lang='lat' dir='ltr'><strong>mensuram</strong></span> <span class='ocrx_word' id='word_1_92' title='bbox 364 708 508 736; x_wconf 83' lang='lat' dir='ltr'><strong>superans,</strong></span> <span class='ocrx_word' id='word_1_93' title='bbox 521 702 644 736; x_wconf 88' lang='lat' dir='ltr'><strong>nequein</strong></span> <span class='ocrx_word' id='word_1_94' title='bbox 661 702 829 729; x_wconf 85' lang='lat' dir='ltr'><strong>contrarium</strong></span> <span class='ocrx_word' id='word_1_95' title='bbox 840 702 978 734; x_wconf 87' lang='lat' dir='ltr'><strong>deﬁciens,</strong></span> 
     </span>
    </p>
   </div>
   <div class='ocr_carea' id='block_1_17' title="bbox 187 747 979 782">
    <p class='ocr_par' dir='ltr' id='par_1_17' title="bbox 187 747 979 782">
     <span class='ocr_line' id='line_1_17' title="bbox 187 747 979 782; baseline 0.001 -9"><span class='ocrx_word' id='word_1_96' title='bbox 187 747 300 774; x_wconf 86' lang='lat' dir='ltr'><strong>minime</strong></span> <span class='ocrx_word' id='word_1_97' title='bbox 324 747 494 774; x_wconf 88' lang='lat' dir='ltr'><strong>redundabat</strong></span> <span class='ocrx_word' id='word_1_98' title='bbox 521 747 668 780; x_wconf 83' lang='lat' dir='ltr'><strong>carnibus;</strong></span> <span class='ocrx_word' id='word_1_99' title='bbox 688 755 785 782; x_wconf 82' lang='lat' dir='ltr'><strong>magna</strong></span> <span class='ocrx_word' id='word_1_100' title='bbox 814 751 873 775; x_wconf 86' lang='lat' dir='ltr'><strong>erat</strong></span> <span class='ocrx_word' id='word_1_101' title='bbox 899 755 979 775; x_wconf 90' lang='lat' dir='ltr'><strong>coma</strong></span> 
     </span>
    </p>
   </div>
   <div class='ocr_carea' id='block_1_18' title="bbox 189 790 980 826">
    <p class='ocr_par' dir='ltr' id='par_1_18' title="bbox 189 790 980 826">
     <span class='ocr_line' id='line_1_18' title="bbox 189 790 980 826; baseline 0.003 -9"><span class='ocrx_word' id='word_1_102' title='bbox 189 795 297 825; x_wconf 86' lang='lat' dir='ltr'><strong>totaque</strong></span> <span class='ocrx_word' id='word_1_103' title='bbox 311 790 483 823; x_wconf 86' lang='lat' dir='ltr'><strong>cincinnata,</strong></span> <span class='ocrx_word' id='word_1_104' title='bbox 499 790 525 818; x_wconf 87' lang='lat' dir='ltr'><strong>id</strong></span> <span class='ocrx_word' id='word_1_105' title='bbox 542 795 594 822; x_wconf 88' lang='lat' dir='ltr'><strong>est,</strong></span> <span class='ocrx_word' id='word_1_106' title='bbox 612 791 742 819; x_wconf 87' lang='lat' dir='ltr'><strong>revolutis</strong></span> <span class='ocrx_word' id='word_1_107' title='bbox 759 792 883 826; x_wconf 83' lang='lat' dir='ltr'><strong>capillis;</strong></span> <span class='ocrx_word' id='word_1_108' title='bbox 895 792 980 820; x_wconf 83' lang='lat' dir='ltr'><strong>inton-</strong></span> 
     </span>
    </p>
   </div>
   <div class='ocr_carea' id='block_1_19' title="bbox 189 836 980 873">
    <p class='ocr_par' dir='ltr' id='par_1_19' title="bbox 189 836 980 873">
     <span class='ocr_line' id='line_1_19' title="bbox 189 836 980 873; baseline 0.004 -11"><span class='ocrx_word' id='word_1_109' title='bbox 189 844 247 867; x_wconf 84' lang='lat' dir='ltr'><strong>sus,</strong></span> <span class='ocrx_word' id='word_1_110' title='bbox 264 836 398 863; x_wconf 88' lang='lat' dir='ltr'><strong>inﬁnitam</strong></span> <span class='ocrx_word' id='word_1_111' title='bbox 413 844 508 871; x_wconf 84' lang='lat' dir='ltr'><strong>nempe</strong></span> <span class='ocrx_word' id='word_1_112' title='bbox 517 838 654 865; x_wconf 66' lang='lat' dir='ltr'><strong>caesariem</strong></span> <span class='ocrx_word' id='word_1_113' title='bbox 667 837 781 868; x_wconf 83' lang='lat' dir='ltr'><strong>habens.</strong></span> <span class='ocrx_word' id='word_1_114' title='bbox 794 838 850 865; x_wconf 88' lang='lat' dir='ltr'><strong>sive</strong></span> <span class='ocrx_word' id='word_1_115' title='bbox 860 839 980 873; x_wconf 88' lang='lat' dir='ltr'><strong>promis-</strong></span> 
     </span>
    </p>
   </div>
   <div class='ocr_carea' id='block_1_20' title="bbox 1028 243 1818 280">
    <p class='ocr_par' dir='ltr' id='par_1_20' title="bbox 1028 243 1818 280">
     <span class='ocr_line' id='line_1_20' title="bbox 1028 243 1818 280; baseline -0.003 -8"><span class='ocrx_word' id='word_1_116' title='bbox 1028 246 1082 271; x_wconf 78' lang='grc' dir='ltr'>ἔτει</span> <span class='ocrx_word' id='word_1_117' title='bbox 1098 245 1254 280; x_wconf 72' lang='grc' dir='ltr'>Αὕγούστου</span> <span class='ocrx_word' id='word_1_118' title='bbox 1268 245 1417 279; x_wconf 75' lang='grc' dir='ltr'>Καίσαρος,</span> <span class='ocrx_word' id='word_1_119' title='bbox 1433 245 1462 270; x_wconf 82' lang='grc' dir='ltr'>ὲν</span> <span class='ocrx_word' id='word_1_120' title='bbox 1478 243 1602 278; x_wconf 74' lang='grc' dir='ltr'><strong>Βηθλεὲμ</strong></span> <span class='ocrx_word' id='word_1_121' title='bbox 1616 244 1666 278; x_wconf 78' lang='grc' dir='ltr'><strong>τῆς</strong></span> <span class='ocrx_word' id='word_1_122' title='bbox 1674 243 1818 275; x_wconf 73' lang='grc' dir='ltr'><strong>Ἰουδαίας,</strong></span> 
     </span>
    </p>
   </div>
   <div class='ocr_carea' id='block_1_21' title="bbox 1028 289 1818 326">
    <p class='ocr_par' dir='ltr' id='par_1_21' title="bbox 1028 289 1818 326">
     <span class='ocr_line' id='line_1_21' title="bbox 1028 289 1818 326; baseline -0.005 -8"><span class='ocrx_word' id='word_1_123' title='bbox 1028 291 1081 326; x_wconf 74' lang='grc' dir='ltr'><strong>πρὸ</strong></span> <span class='ocrx_word' id='word_1_124' title='bbox 1104 290 1176 318; x_wconf 78' lang='grc' dir='ltr'>ὀκτὼ</span> <span class='ocrx_word' id='word_1_125' title='bbox 1202 290 1347 318; x_wconf 78' lang='grc' dir='ltr'><strong>Καλανδῶν</strong></span> <span class='ocrx_word' id='word_1_126' title='bbox 1368 289 1541 324; x_wconf 75' lang='grc' dir='ltr'><strong>Ἰανουαρίων</strong></span> <span class='ocrx_word' id='word_1_127' title='bbox 1560 289 1631 316; x_wconf 76' lang='grc' dir='ltr'>κατὰ</span> <span class='ocrx_word' id='word_1_128' title='bbox 1653 289 1818 324; x_wconf 58' lang='grc' dir='ltr'><strong>Ῥωμαίοπ,</strong></span> 
     </span>
    </p>
   </div>
   <div class='ocr_carea' id='block_1_22' title="bbox 1027 334 1818 371">
    <p class='ocr_par' dir='ltr' id='par_1_22' title="bbox 1027 334 1818 371">
     <span class='ocr_line' id='line_1_22' title="bbox 1027 334 1818 371; baseline -0.003 -9"><span class='ocrx_word' id='word_1_129' title='bbox 1027 336 1150 362; x_wconf 73' lang='grc' dir='ltr'><strong>τουτέστι</strong></span> <span class='ocrx_word' id='word_1_130' title='bbox 1164 335 1325 371; x_wconf 82' lang='grc' dir='ltr'>Δεκεμὸρίῳ</span> <span class='ocrx_word' id='word_1_131' title='bbox 1339 334 1387 362; x_wconf 82' lang='grc' dir='ltr'>κε’.</span> <span class='ocrx_word' id='word_1_132' title='bbox 1399 335 1567 369; x_wconf 78' lang='grc' dir='ltr'><strong>Ἐὃαπτίσθη</strong></span> <span class='ocrx_word' id='word_1_133' title='bbox 1583 334 1645 361; x_wconf 83' lang='grc' dir='ltr'><strong>δὲ’λ’</strong></span> <span class='ocrx_word' id='word_1_134' title='bbox 1661 334 1720 365; x_wconf 74' lang='grc' dir='ltr'><strong>ἔτος</strong></span> <span class='ocrx_word' id='word_1_135' title='bbox 1733 335 1818 368; x_wconf 77' lang='grc' dir='ltr'>ἄγων,</span> 
     </span>
    </p>
   </div>
   <div class='ocr_carea' id='block_1_23' title="bbox 1027 379 1820 416">
    <p class='ocr_par' dir='ltr' id='par_1_23' title="bbox 1027 379 1820 416">
     <span class='ocr_line' id='line_1_23' title="bbox 1027 379 1820 416; baseline -0.001 -9"><span class='ocrx_word' id='word_1_136' title='bbox 1027 381 1105 413; x_wconf 77' lang='grc' dir='ltr'>ἔτους</span> <span class='ocrx_word' id='word_1_137' title='bbox 1119 382 1362 408; x_wconf 79' lang='grc' dir='ltr'><strong>πεντεκαιδεκάτου</strong></span> <span class='ocrx_word' id='word_1_138' title='bbox 1377 380 1504 416; x_wconf 75' lang='grc' dir='ltr'>Τιϐερίου</span> <span class='ocrx_word' id='word_1_139' title='bbox 1515 380 1666 415; x_wconf 78' lang='grc' dir='ltr'><strong>Καίσαρος,</strong></span> <span class='ocrx_word' id='word_1_140' title='bbox 1680 380 1733 416; x_wconf 72' lang='grc' dir='ltr'><strong>πρὸ</strong></span> <span class='ocrx_word' id='word_1_141' title='bbox 1746 379 1820 406; x_wconf 74' lang='grc' dir='ltr'>Ίδῶν</span> 
     </span>
    </p>
   </div>
   <div class='ocr_carea' id='block_1_24' title="bbox 1027 424 1818 459">
    <p class='ocr_par' dir='ltr' id='par_1_24' title="bbox 1027 424 1818 459">
     <span class='ocr_line' id='line_1_24' title="bbox 1027 424 1818 459; baseline 0 -8"><span class='ocrx_word' id='word_1_142' title='bbox 1027 424 1201 459; x_wconf 74' lang='grc' dir='ltr'><strong>Ἰανουαρίων</strong></span> <span class='ocrx_word' id='word_1_143' title='bbox 1232 425 1304 452; x_wconf 79' lang='grc' dir='ltr'>κατὰ</span> <span class='ocrx_word' id='word_1_144' title='bbox 1325 425 1488 459; x_wconf 76' lang='grc' dir='ltr'><strong>Ῥωμαίους,</strong></span> <span class='ocrx_word' id='word_1_145' title='bbox 1503 425 1516 450; x_wconf 77' lang='grc' dir='ltr'>ὅ</span> <span class='ocrx_word' id='word_1_146' title='bbox 1529 425 1603 451; x_wconf 73' lang='grc' dir='ltr'>ἐστιν</span> <span class='ocrx_word' id='word_1_147' title='bbox 1625 424 1761 459; x_wconf 75' lang='grc' dir='ltr'><strong>Ὶανουαρ.</strong></span> <span class='ocrx_word' id='word_1_148' title='bbox 1779 424 1818 456; x_wconf 81' lang='grc' dir='ltr'><strong>ς’.</strong></span> 
     </span>
    </p>
   </div>
   <div class='ocr_carea' id='block_1_25' title="bbox 1029 469 1821 504">
    <p class='ocr_par' dir='ltr' id='par_1_25' title="bbox 1029 469 1821 504">
     <span class='ocr_line' id='line_1_25' title="bbox 1029 469 1821 504; baseline -0.001 -8"><span class='ocrx_word' id='word_1_149' title='bbox 1029 471 1075 496; x_wconf 87' lang='grc' dir='ltr'>Δεῖ</span> <span class='ocrx_word' id='word_1_150' title='bbox 1089 470 1117 496; x_wconf 72' lang='grc' dir='ltr'><strong>δὲ</strong></span> <span class='ocrx_word' id='word_1_151' title='bbox 1133 470 1278 504; x_wconf 82' lang='grc' dir='ltr'><strong>γινώσκειν</strong></span> <span class='ocrx_word' id='word_1_152' title='bbox 1293 471 1334 496; x_wconf 82' lang='grc' dir='ltr'><strong>ὅτι</strong></span> <span class='ocrx_word' id='word_1_153' title='bbox 1351 469 1468 504; x_wconf 77' lang='grc' dir='ltr'>ἐκύησεν</span> <span class='ocrx_word' id='word_1_154' title='bbox 1496 469 1579 496; x_wconf 76' lang='grc' dir='ltr'>αὑτὸν</span> <span class='ocrx_word' id='word_1_155' title='bbox 1595 469 1625 495; x_wconf 82' lang='grc' dir='ltr'><strong>τὺ</strong></span> <span class='ocrx_word' id='word_1_156' title='bbox 1643 469 1715 495; x_wconf 75' lang='grc' dir='ltr'>κατᾶ</span> <span class='ocrx_word' id='word_1_157' title='bbox 1731 469 1821 504; x_wconf 73' lang='grc' dir='ltr'>σάρκα</span> 
     </span>
    </p>
   </div>
   <div class='ocr_carea' id='block_1_26' title="bbox 1029 514 1820 551">
    <p class='ocr_par' dir='ltr' id='par_1_26' title="bbox 1029 514 1820 551">
     <span class='ocr_line' id='line_1_26' title="bbox 1029 514 1820 551; baseline 0 -10"><span class='ocrx_word' id='word_1_158' title='bbox 1029 516 1138 550; x_wconf 78' lang='grc' dir='ltr'><strong>ἡπόλις</strong></span> <span class='ocrx_word' id='word_1_159' title='bbox 1166 516 1300 551; x_wconf 71' lang='grc' dir='ltr'><strong>Βηθλεὲμ,</strong></span> <span class='ocrx_word' id='word_1_160' title='bbox 1326 515 1462 551; x_wconf 67' lang='grc' dir='ltr'><strong>ἐθρέψατο</strong></span> <span class='ocrx_word' id='word_1_161' title='bbox 1487 515 1515 541; x_wconf 79' lang='grc' dir='ltr'><strong>δὲ</strong></span> <span class='ocrx_word' id='word_1_162' title='bbox 1537 515 1553 550; x_wconf 81' lang='grc' dir='ltr'><strong>ἡ</strong></span> <span class='ocrx_word' id='word_1_163' title='bbox 1576 515 1654 546; x_wconf 75' lang='grc' dir='ltr'>πόλις</span> <span class='ocrx_word' id='word_1_164' title='bbox 1682 514 1820 550; x_wconf 74' lang='grc' dir='ltr'><strong>Ναζαρὲτ,</strong></span> 
     </span>
    </p>
   </div>
   <div class='ocr_carea' id='block_1_27' title="bbox 1029 561 1823 597">
    <p class='ocr_par' dir='ltr' id='par_1_27' title="bbox 1029 561 1823 597">
     <span class='ocr_line' id='line_1_27' title="bbox 1029 561 1823 597; baseline -0.001 -10"><span class='ocrx_word' id='word_1_165' title='bbox 1029 561 1151 597; x_wconf 81' lang='grc' dir='ltr'>ἤνδρωσε</span> <span class='ocrx_word' id='word_1_166' title='bbox 1168 562 1196 588; x_wconf 76' lang='grc' dir='ltr'><strong>δὲ</strong></span> <span class='ocrx_word' id='word_1_167' title='bbox 1220 562 1267 589; x_wconf 81' lang='grc' dir='ltr'><strong>καὶ</strong></span> <span class='ocrx_word' id='word_1_168' title='bbox 1291 562 1418 596; x_wconf 80' lang='grc' dir='ltr'>κατεῖχεν</span> <span class='ocrx_word' id='word_1_169' title='bbox 1449 561 1495 588; x_wconf 69' lang='grc' dir='ltr'><strong>ἐπὶ</strong></span> <span class='ocrx_word' id='word_1_170' title='bbox 1521 561 1635 596; x_wconf 77' lang='grc' dir='ltr'>χρόνους</span> <span class='ocrx_word' id='word_1_171' title='bbox 1658 561 1680 587; x_wconf 90' lang='grc' dir='ltr'>λ’</span> <span class='ocrx_word' id='word_1_172' title='bbox 1701 562 1719 596; x_wconf 85' lang='grc' dir='ltr'><strong>ή</strong></span> <span class='ocrx_word' id='word_1_173' title='bbox 1744 561 1823 592; x_wconf 69' lang='grc' dir='ltr'>πόλις</span> 
     </span>
    </p>
   </div>
   <div class='ocr_carea' id='block_1_28' title="bbox 1030 606 1822 643">
    <p class='ocr_par' dir='ltr' id='par_1_28' title="bbox 1030 606 1822 643">
     <span class='ocr_line' id='line_1_28' title="bbox 1030 606 1822 643; baseline 0 -9"><span class='ocrx_word' id='word_1_174' title='bbox 1030 608 1231 643; x_wconf 80' lang='grc' dir='ltr'>Καπερναούμ.</span> <span class='ocrx_word' id='word_1_175' title='bbox 1258 607 1290 634; x_wconf 84' lang='grc' dir='ltr'><strong>ῚΙ</strong></span> <span class='ocrx_word' id='word_1_176' title='bbox 1313 607 1341 633; x_wconf 80' lang='grc' dir='ltr'>δὲ</span> <span class='ocrx_word' id='word_1_177' title='bbox 1365 607 1415 642; x_wconf 73' lang='grc' dir='ltr'><strong>τῆς</strong></span> <span class='ocrx_word' id='word_1_178' title='bbox 1440 607 1550 642; x_wconf 75' lang='grc' dir='ltr'><strong>μορφῆς</strong></span> <span class='ocrx_word' id='word_1_179' title='bbox 1574 606 1657 633; x_wconf 73' lang='grc' dir='ltr'><strong>αὐτοῦ</strong></span> <span class='ocrx_word' id='word_1_180' title='bbox 1686 607 1822 641; x_wconf 67' lang='grc' dir='ltr'><strong>ὲμφέρειι</strong></span> 
     </span>
    </p>
   </div>
   <div class='ocr_carea' id='block_1_29' title="bbox 1029 652 1820 689">
    <p class='ocr_par' dir='ltr' id='par_1_29' title="bbox 1029 652 1820 689">
     <span class='ocr_line' id='line_1_29' title="bbox 1029 652 1820 689; baseline -0.001 -10"><span class='ocrx_word' id='word_1_181' title='bbox 1029 654 1116 681; x_wconf 77' lang='grc' dir='ltr'>τοιάδε</span> <span class='ocrx_word' id='word_1_182' title='bbox 1126 652 1169 689; x_wconf 77' lang='grc' dir='ltr'><strong>ἦν·</strong></span> <span class='ocrx_word' id='word_1_183' title='bbox 1184 654 1221 680; x_wconf 80' lang='grc' dir='ltr'><strong>Τὺ</strong></span> <span class='ocrx_word' id='word_1_184' title='bbox 1235 654 1284 688; x_wconf 79' lang='grc' dir='ltr'><strong>μὲν</strong></span> <span class='ocrx_word' id='word_1_185' title='bbox 1297 653 1348 688; x_wconf 78' lang='grc' dir='ltr'><strong>τῆς</strong></span> <span class='ocrx_word' id='word_1_186' title='bbox 1363 653 1470 688; x_wconf 80' lang='grc' dir='ltr'><strong>ἡλικίας</strong></span> <span class='ocrx_word' id='word_1_187' title='bbox 1481 652 1563 680; x_wconf 79' lang='grc' dir='ltr'>αὑτοῦ</span> <span class='ocrx_word' id='word_1_188' title='bbox 1581 653 1706 687; x_wconf 71' lang='grc' dir='ltr'><strong>μέγεθος,</strong></span> <span class='ocrx_word' id='word_1_189' title='bbox 1718 653 1820 683; x_wconf 80' lang='grc' dir='ltr'>τέλειος</span> 
     </span>
    </p>
   </div>
   <div class='ocr_carea' id='block_1_30' title="bbox 1030 698 1823 736">
    <p class='ocr_par' dir='ltr' id='par_1_30' title="bbox 1030 698 1823 736">
     <span class='ocr_line' id='line_1_30' title="bbox 1030 698 1823 736; baseline -0.001 -10"><span class='ocrx_word' id='word_1_190' title='bbox 1030 700 1110 735; x_wconf 76' lang='grc' dir='ltr'>ἀνὴρ.</span> <span class='ocrx_word' id='word_1_191' title='bbox 1127 700 1187 726; x_wconf 70' lang='grc' dir='ltr'>οὔτε</span> <span class='ocrx_word' id='word_1_192' title='bbox 1201 700 1231 726; x_wconf 76' lang='grc' dir='ltr'><strong>τὸ</strong></span> <span class='ocrx_word' id='word_1_193' title='bbox 1246 699 1344 736; x_wconf 76' lang='grc' dir='ltr'>μέτρον</span> <span class='ocrx_word' id='word_1_194' title='bbox 1359 699 1534 735; x_wconf 76' lang='grc' dir='ltr'><strong>ὑπερϐαῖνον,</strong></span> <span class='ocrx_word' id='word_1_195' title='bbox 1547 698 1609 725; x_wconf 73' lang='grc' dir='ltr'><strong>οὔτε</strong></span> <span class='ocrx_word' id='word_1_196' title='bbox 1626 699 1698 734; x_wconf 72' lang='grc' dir='ltr'>πρὸς</span> <span class='ocrx_word' id='word_1_197' title='bbox 1710 699 1823 725; x_wconf 71' lang='grc' dir='ltr'>τούναν-</span> 
     </span>
    </p>
   </div>
   <div class='ocr_carea' id='block_1_31' title="bbox 1032 745 1822 781">
    <p class='ocr_par' dir='ltr' id='par_1_31' title="bbox 1032 745 1822 781">
     <span class='ocr_line' id='line_1_31' title="bbox 1032 745 1822 781; baseline -0.003 -9"><span class='ocrx_word' id='word_1_198' title='bbox 1032 747 1090 773; x_wconf 77' lang='grc' dir='ltr'>τίον</span> <span class='ocrx_word' id='word_1_199' title='bbox 1105 746 1341 781; x_wconf 79' lang='grc' dir='ltr'>κατεσπασμένος,</span> <span class='ocrx_word' id='word_1_200' title='bbox 1359 746 1505 781; x_wconf 79' lang='grc' dir='ltr'><strong>ἀπέριττος</strong></span> <span class='ocrx_word' id='word_1_201' title='bbox 1521 746 1581 777; x_wconf 80' lang='grc' dir='ltr'><strong>ταῖς</strong></span> <span class='ocrx_word' id='word_1_202' title='bbox 1602 745 1697 780; x_wconf 74' lang='grc' dir='ltr'>σαρξὶν</span> <span class='ocrx_word' id='word_1_203' title='bbox 1721 745 1822 780; x_wconf 75' lang='grc' dir='ltr'>ὑπόκῃ,</span> 
     </span>
    </p>
   </div>
   <div class='ocr_carea' id='block_1_32' title="bbox 1031 790 1822 827">
    <p class='ocr_par' dir='ltr' id='par_1_32' title="bbox 1031 790 1822 827">
     <span class='ocr_line' id='line_1_32' title="bbox 1031 790 1822 827; baseline 0.004 0"><span class='ocrx_word' id='word_1_204' title='bbox 1031 791 1114 827; x_wconf 56' lang='lat' dir='ltr'><strong>[fort</strong></span> <span class='ocrx_word' id='word_1_205' title='bbox 1143 791 1270 827; x_wconf 77' lang='grc' dir='ltr'>ὑπῆρχε]</span> <span class='ocrx_word' id='word_1_206' title='bbox 1288 791 1336 827; x_wconf 85' lang='grc' dir='ltr'><strong>τὴν</strong></span> <span class='ocrx_word' id='word_1_207' title='bbox 1361 791 1451 826; x_wconf 84' lang='grc' dir='ltr'>κόμην</span> <span class='ocrx_word' id='word_1_208' title='bbox 1476 791 1572 826; x_wconf 68' lang='grc' dir='ltr'><strong>μέγαςι</strong></span> <span class='ocrx_word' id='word_1_209' title='bbox 1594 791 1674 822; x_wconf 72' lang='grc' dir='ltr'>δλους</span> <span class='ocrx_word' id='word_1_210' title='bbox 1697 790 1759 821; x_wconf 63' lang='grc' dir='ltr'><strong>τοὺς</strong></span> <span class='ocrx_word' id='word_1_211' title='bbox 1779 790 1822 825; x_wconf 74' lang='grc' dir='ltr'><strong>βο·</strong></span> 
     </span>
    </p>
   </div>
   <div class='ocr_carea' id='block_1_33' title="bbox 1032 835 1824 873">
    <p class='ocr_par' dir='ltr' id='par_1_33' title="bbox 1032 835 1824 873">
     <span class='ocr_line' id='line_1_33' title="bbox 1032 835 1824 873; baseline -0.003 -10"><span class='ocrx_word' id='word_1_212' title='bbox 1032 837 1273 873; x_wconf 76' lang='grc' dir='ltr'>στρύχου;,ήγουν</span> <span class='ocrx_word' id='word_1_213' title='bbox 1299 837 1540 873; x_wconf 80' lang='grc' dir='ltr'>συνεστραμμένος</span> <span class='ocrx_word' id='word_1_214' title='bbox 1568 835 1640 872; x_wconf 76' lang='grc' dir='ltr'>θρὶξ.</span> <span class='ocrx_word' id='word_1_215' title='bbox 1672 836 1824 871; x_wconf 71' lang='grc' dir='ltr'><strong>ἀκερσοχό-</strong></span> 
     </span>
    </p>
   </div>
   <div class='ocr_carea' id='block_1_34' title="bbox 190 881 979 919">
    <p class='ocr_par' dir='ltr' id='par_1_34' title="bbox 190 881 978 915">
     <span class='ocr_line' id='line_1_34' title="bbox 190 881 978 915; baseline 0.004 -7"><span class='ocrx_word' id='word_1_216' title='bbox 190 881 228 908; x_wconf 83' lang='lat' dir='ltr'><strong>sis</strong></span> <span class='ocrx_word' id='word_1_217' title='bbox 252 881 368 915; x_wconf 87' lang='lat' dir='ltr'><strong>capillis,</strong></span> <span class='ocrx_word' id='word_1_218' title='bbox 389 881 516 909; x_wconf 77' lang='lat' dir='ltr'><strong>bifariam</strong></span> <span class='ocrx_word' id='word_1_219' title='bbox 531 887 596 910; x_wconf 82' lang='lat' dir='ltr'><strong>ante</strong></span> <span class='ocrx_word' id='word_1_220' title='bbox 621 882 739 910; x_wconf 80' lang='lat' dir='ltr'><strong>frontem</strong></span> <span class='ocrx_word' id='word_1_221' title='bbox 770 883 978 911; x_wconf 88' lang='lat' dir='ltr'><strong>discriminatus</strong></span> 
     </span>
    </p>
   </div>
   <div class='ocr_carea' id='block_1_35' title="bbox 1032 881 1819 919">
    <p class='ocr_par' dir='ltr' id='par_1_35' title="bbox 1032 882 1819 919">
     <span class='ocr_line' id='line_1_35' title="bbox 1032 882 1819 919; baseline -0.013 -2"><span class='ocrx_word' id='word_1_222' title='bbox 1032 892 1094 918; x_wconf 78' lang='grc' dir='ltr'><strong>μης.</strong></span> <span class='ocrx_word' id='word_1_223' title='bbox 1116 883 1165 918; x_wconf 83' lang='grc' dir='ltr'>τὴν</span> <span class='ocrx_word' id='word_1_224' title='bbox 1182 883 1271 919; x_wconf 64' lang='grc' dir='ltr'>κόμην</span> <span class='ocrx_word' id='word_1_225' title='bbox 1294 883 1408 919; x_wconf 75' lang='grc' dir='ltr'>ἄπειρον</span> <span class='ocrx_word' id='word_1_226' title='bbox 1430 883 1511 918; x_wconf 77' lang='grc' dir='ltr'>ἔχων,</span> <span class='ocrx_word' id='word_1_227' title='bbox 1535 883 1620 918; x_wconf 72' lang='grc' dir='ltr'>ἤγουν</span> <span class='ocrx_word' id='word_1_228' title='bbox 1639 882 1819 917; x_wconf 76' lang='grc' dir='ltr'><strong>ἀκούρευτον,</strong></span> 
     </span>
    </p>
   </div>
   <div class='ocr_carea' id='block_1_36' title="bbox 189 927 979 964">
    <p class='ocr_par' dir='ltr' id='par_1_36' title="bbox 189 927 979 964">
     <span class='ocr_line' id='line_1_36' title="bbox 189 927 979 964; baseline 0.004 -11"><span class='ocrx_word' id='word_1_229' title='bbox 189 927 342 960; x_wconf 90' lang='lat' dir='ltr'><strong>cincinnos,</strong></span> <span class='ocrx_word' id='word_1_230' title='bbox 365 932 491 960; x_wconf 87' lang='lat' dir='ltr'><strong>nasutus,</strong></span> <span class='ocrx_word' id='word_1_231' title='bbox 503 928 653 961; x_wconf 87' lang='lat' dir='ltr'><strong>subﬁavus,</strong></span> <span class='ocrx_word' id='word_1_232' title='bbox 669 929 753 964; x_wconf 78' lang='lat' dir='ltr'><strong>nigris</strong></span> <span class='ocrx_word' id='word_1_233' title='bbox 777 929 918 956; x_wconf 89' lang='lat' dir='ltr'><strong>oculorum</strong></span> <span class='ocrx_word' id='word_1_234' title='bbox 929 937 979 964; x_wconf 91' lang='lat' dir='ltr'><strong>pu-</strong></span> 
     </span>
    </p>
   </div>
   <div class='ocr_carea' id='block_1_37' title="bbox 189 973 979 1011">
    <p class='ocr_par' dir='ltr' id='par_1_37' title="bbox 189 973 979 1011">
     <span class='ocr_line' id='line_1_37' title="bbox 189 973 979 1011; baseline 0.006 -12"><span class='ocrx_word' id='word_1_235' title='bbox 189 973 273 1008; x_wconf 78' lang='lat' dir='ltr'><strong>pillis,</strong></span> <span class='ocrx_word' id='word_1_236' title='bbox 291 973 378 1008; x_wconf 78' lang='lat' dir='ltr'><strong>longis</strong></span> <span class='ocrx_word' id='word_1_237' title='bbox 397 974 504 1009; x_wconf 76' lang='lat' dir='ltr'><strong>digitis,</strong></span> <span class='ocrx_word' id='word_1_238' title='bbox 523 975 654 1003; x_wconf 86' lang='lat' dir='ltr'><strong>mediocri</strong></span> <span class='ocrx_word' id='word_1_239' title='bbox 674 976 806 1011; x_wconf 76' lang='lat' dir='ltr'><strong>mystacio</strong></span> <span class='ocrx_word' id='word_1_240' title='bbox 825 983 875 1004; x_wconf 88' lang='lat' dir='ltr'><strong>seu</strong></span> <span class='ocrx_word' id='word_1_241' title='bbox 892 975 979 1004; x_wconf 80' lang='lat' dir='ltr'><strong>labio-</strong></span> 
     </span>
    </p>
   </div>
   <div class='ocr_carea' id='block_1_38' title="bbox 190 1018 980 1057">
    <p class='ocr_par' dir='ltr' id='par_1_38' title="bbox 190 1018 980 1057">
     <span class='ocr_line' id='line_1_38' title="bbox 190 1018 980 1057; baseline 0.004 -12"><span class='ocrx_word' id='word_1_242' title='bbox 190 1026 253 1045; x_wconf 83' lang='lat' dir='ltr'><strong>rum</strong></span> <span class='ocrx_word' id='word_1_243' title='bbox 266 1018 360 1052; x_wconf 87' lang='lat' dir='ltr'><strong>barba,</strong></span> <span class='ocrx_word' id='word_1_244' title='bbox 375 1027 429 1047; x_wconf 91' lang='lat' dir='ltr'><strong>non</strong></span> <span class='ocrx_word' id='word_1_245' title='bbox 451 1020 617 1047; x_wconf 84' lang='lat' dir='ltr'><strong>demissione</strong></span> <span class='ocrx_word' id='word_1_246' title='bbox 635 1021 752 1054; x_wconf 87' lang='lat' dir='ltr'><strong>pilorum</strong></span> <span class='ocrx_word' id='word_1_247' title='bbox 774 1022 845 1049; x_wconf 90' lang='lat' dir='ltr'><strong>hanc</strong></span> <span class='ocrx_word' id='word_1_248' title='bbox 864 1021 980 1057; x_wconf 90' lang='lat' dir='ltr'><strong>promit-</strong></span> 
     </span>
    </p>
   </div>
   <div class='ocr_carea' id='block_1_39' title="bbox 193 1065 980 1097">
    <p class='ocr_par' dir='ltr' id='par_1_39' title="bbox 193 1065 980 1097">
     <span class='ocr_line' id='line_1_39' title="bbox 193 1065 980 1097; baseline 0.005 -7"><span class='ocrx_word' id='word_1_249' title='bbox 193 1069 265 1097; x_wconf 87' lang='lat' dir='ltr'><strong>tens,</strong></span> <span class='ocrx_word' id='word_1_250' title='bbox 282 1066 328 1092; x_wconf 85' lang='lat' dir='ltr'><strong>sed</strong></span> <span class='ocrx_word' id='word_1_251' title='bbox 346 1065 446 1093; x_wconf 86' lang='lat' dir='ltr'><strong>decora</strong></span> <span class='ocrx_word' id='word_1_252' title='bbox 471 1066 651 1094; x_wconf 80' lang='lat' dir='ltr'><strong>conversione</strong></span> <span class='ocrx_word' id='word_1_253' title='bbox 674 1067 849 1095; x_wconf 85' lang='lat' dir='ltr'><strong>venerabilis.</strong></span> <span class='ocrx_word' id='word_1_254' title='bbox 864 1067 930 1095; x_wconf 86' lang='lat' dir='ltr'><strong>Post</strong></span> <span class='ocrx_word' id='word_1_255' title='bbox 946 1067 980 1094; x_wconf 77' lang='grc'><strong>50</strong></span> 
     </span>
    </p>
   </div>
   <div class='ocr_carea' id='block_1_40' title="bbox 193 1111 980 1148">
    <p class='ocr_par' dir='ltr' id='par_1_40' title="bbox 193 1111 980 1148">
     <span class='ocr_line' id='line_1_40' title="bbox 193 1111 980 1148; baseline 0.005 -11"><span class='ocrx_word' id='word_1_256' title='bbox 193 1117 280 1138; x_wconf 92' lang='lat' dir='ltr'><strong>annos</strong></span> <span class='ocrx_word' id='word_1_257' title='bbox 289 1119 353 1138; x_wconf 86' lang='lat' dir='ltr'><strong>vero</strong></span> <span class='ocrx_word' id='word_1_258' title='bbox 359 1119 421 1139; x_wconf 92' lang='lat' dir='ltr'><strong>cum</strong></span> <span class='ocrx_word' id='word_1_259' title='bbox 431 1111 578 1147; x_wconf 82' lang='lat' dir='ltr'><strong>discipulos</strong></span> <span class='ocrx_word' id='word_1_260' title='bbox 587 1113 723 1148; x_wconf 81' lang='lat' dir='ltr'><strong>elegisset,</strong></span> <span class='ocrx_word' id='word_1_261' title='bbox 735 1121 767 1140; x_wconf 90' lang='lat' dir='ltr'><strong>ac</strong></span> <span class='ocrx_word' id='word_1_262' title='bbox 776 1121 824 1148; x_wconf 90' lang='lat' dir='ltr'><strong>per</strong></span> <span class='ocrx_word' id='word_1_263' title='bbox 832 1113 980 1141; x_wconf 89' lang='lat' dir='ltr'><strong>triennium</strong></span> 
     </span>
    </p>
   </div>
   <div class='ocr_carea' id='block_1_41' title="bbox 193 1156 978 1194">
    <p class='ocr_par' dir='ltr' id='par_1_41' title="bbox 193 1156 978 1194">
     <span class='ocr_line' id='line_1_41' title="bbox 193 1156 978 1194; baseline 0.005 -11"><span class='ocrx_word' id='word_1_264' title='bbox 193 1156 369 1190; x_wconf 69' lang='lat' dir='ltr'><strong>praedicasset</strong></span> <span class='ocrx_word' id='word_1_265' title='bbox 383 1157 503 1185; x_wconf 86' lang='lat' dir='ltr'><strong>divinum</strong></span> <span class='ocrx_word' id='word_1_266' title='bbox 517 1162 698 1194; x_wconf 84' lang='lat' dir='ltr'><strong>sanctumque</strong></span> <span class='ocrx_word' id='word_1_267' title='bbox 710 1159 898 1194; x_wconf 81' lang='lat' dir='ltr'><strong>Evangelium,</strong></span> <span class='ocrx_word' id='word_1_268' title='bbox 913 1164 978 1187; x_wconf 88' lang='lat' dir='ltr'><strong>tunc</strong></span> 
     </span>
    </p>
   </div>
   <div class='ocr_carea' id='block_1_42' title="bbox 193 1201 982 1240">
    <p class='ocr_par' dir='ltr' id='par_1_42' title="bbox 193 1201 982 1240">
     <span class='ocr_line' id='line_1_42' title="bbox 193 1201 982 1240; baseline 0.006 -12"><span class='ocrx_word' id='word_1_269' title='bbox 193 1201 304 1229; x_wconf 70' lang='lat' dir='ltr'><strong>demum</strong></span> <span class='ocrx_word' id='word_1_270' title='bbox 330 1203 406 1230; x_wconf 86' lang='lat' dir='ltr'><strong>cruci</strong></span> <span class='ocrx_word' id='word_1_271' title='bbox 436 1203 551 1232; x_wconf 82' lang='lat' dir='ltr'><strong>sufﬁxus</strong></span> <span class='ocrx_word' id='word_1_272' title='bbox 571 1209 612 1232; x_wconf 79' lang='lat' dir='ltr'><strong>est</strong></span> <span class='ocrx_word' id='word_1_273' title='bbox 632 1209 728 1240; x_wconf 88' lang='lat' dir='ltr'><strong>sponte</strong></span> <span class='ocrx_word' id='word_1_274' title='bbox 755 1213 803 1240; x_wconf 92' lang='lat' dir='ltr'><strong>pro</strong></span> <span class='ocrx_word' id='word_1_275' title='bbox 829 1206 908 1233; x_wconf 90' lang='lat' dir='ltr'><strong>nobis</strong></span> <span class='ocrx_word' id='word_1_276' title='bbox 932 1206 982 1234; x_wconf 90' lang='lat' dir='ltr'><strong>sub</strong></span> 
     </span>
    </p>
   </div>
   <div class='ocr_carea' id='block_1_43' title="bbox 193 1247 982 1284">
    <p class='ocr_par' dir='ltr' id='par_1_43' title="bbox 193 1247 982 1284">
     <span class='ocr_line' id='line_1_43' title="bbox 193 1247 982 1284; baseline 0.006 -10"><span class='ocrx_word' id='word_1_277' title='bbox 193 1247 292 1276; x_wconf 88' lang='lat' dir='ltr'><strong>Pontio</strong></span> <span class='ocrx_word' id='word_1_278' title='bbox 307 1249 401 1279; x_wconf 76' lang='lat' dir='ltr'><strong>Pilato,</strong></span> <span class='ocrx_word' id='word_1_279' title='bbox 415 1257 486 1278; x_wconf 89' lang='lat' dir='ltr'><strong>anno</strong></span> <span class='ocrx_word' id='word_1_280' title='bbox 498 1251 531 1278; x_wconf 81' lang='grc'><strong>19</strong></span> <span class='ocrx_word' id='word_1_281' title='bbox 544 1250 645 1278; x_wconf 79' lang='lat' dir='ltr'><strong>Tiberii</strong></span> <span class='ocrx_word' id='word_1_282' title='bbox 660 1252 786 1284; x_wconf 66' lang='lat' dir='ltr'><strong>Caesaris,</strong></span> <span class='ocrx_word' id='word_1_283' title='bbox 798 1253 906 1279; x_wconf 84' lang='lat' dir='ltr'><strong>decimo</strong></span> <span class='ocrx_word' id='word_1_284' title='bbox 918 1253 982 1280; x_wconf 88' lang='lat' dir='ltr'><strong>Kal.</strong></span> 
     </span>
    </p>
   </div>
   <div class='ocr_carea' id='block_1_44' title="bbox 192 1294 982 1330">
    <p class='ocr_par' dir='ltr' id='par_1_44' title="bbox 192 1294 982 1330">
     <span class='ocr_line' id='line_1_44' title="bbox 192 1294 982 1330; baseline 0.006 -10"><span class='ocrx_word' id='word_1_285' title='bbox 192 1294 279 1328; x_wconf 88' lang='lat' dir='ltr'><strong>April.</strong></span> <span class='ocrx_word' id='word_1_286' title='bbox 293 1295 371 1330; x_wconf 78' lang='lat' dir='ltr'><strong>juxta</strong></span> <span class='ocrx_word' id='word_1_287' title='bbox 389 1295 528 1325; x_wconf 79' lang='lat' dir='ltr'><strong>Romanos</strong></span> <span class='ocrx_word' id='word_1_288' title='bbox 539 1317 546 1329; x_wconf 93' lang='lat'><strong>,</strong></span> <span class='ocrx_word' id='word_1_289' title='bbox 562 1297 587 1324; x_wconf 88' lang='lat' dir='ltr'><strong>id</strong></span> <span class='ocrx_word' id='word_1_290' title='bbox 603 1303 643 1325; x_wconf 89' lang='lat' dir='ltr'><strong>est</strong></span> <span class='ocrx_word' id='word_1_291' title='bbox 658 1297 748 1325; x_wconf 82' lang='lat' dir='ltr'><strong>Martii</strong></span> <span class='ocrx_word' id='word_1_292' title='bbox 764 1298 806 1325; x_wconf 88' lang='lat' dir='ltr'><strong>die</strong></span> <span class='ocrx_word' id='word_1_293' title='bbox 821 1298 856 1325; x_wconf 67' lang='lat'><strong>‘25</strong></span> <span class='ocrx_word' id='word_1_294' title='bbox 870 1298 936 1325; x_wconf 86' lang='lat' dir='ltr'><strong>feria</strong></span> <span class='ocrx_word' id='word_1_295' title='bbox 955 1297 982 1325; x_wconf 84' lang='lat'><strong>6.</strong></span> 
     </span>
    </p>
   </div>
   <div class='ocr_carea' id='block_1_45' title="bbox 193 1338 984 1379">
    <p class='ocr_par' dir='ltr' id='par_1_45' title="bbox 193 1338 984 1379">
     <span class='ocr_line' id='line_1_45' title="bbox 193 1338 984 1379; baseline 0.008 -13"><span class='ocrx_word' id='word_1_296' title='bbox 193 1338 227 1366; x_wconf 87' lang='lat' dir='ltr'><strong>Et</strong></span> <span class='ocrx_word' id='word_1_297' title='bbox 249 1348 311 1368; x_wconf 93' lang='lat' dir='ltr'><strong>cum</strong></span> <span class='ocrx_word' id='word_1_298' title='bbox 336 1344 531 1371; x_wconf 80' lang='lat' dir='ltr'><strong>resurrexisset</strong></span> <span class='ocrx_word' id='word_1_299' title='bbox 545 1350 683 1377; x_wconf 87' lang='lat' dir='ltr'><strong>manc,....</strong></span> <span class='ocrx_word' id='word_1_300' title='bbox 701 1344 759 1371; x_wconf 85' lang='lat' dir='ltr'><strong>Kal.</strong></span> <span class='ocrx_word' id='word_1_301' title='bbox 774 1344 885 1379; x_wconf 82' lang='lat' dir='ltr'><strong>Aprilis,</strong></span> <span class='ocrx_word' id='word_1_302' title='bbox 901 1344 927 1372; x_wconf 87' lang='lat' dir='ltr'><strong>id</strong></span> <span class='ocrx_word' id='word_1_303' title='bbox 943 1349 984 1372; x_wconf 86' lang='lat' dir='ltr'><strong>est</strong></span> 
     </span>
    </p>
   </div>
   <div class='ocr_carea' id='block_1_46' title="bbox 193 1383 982 1423">
    <p class='ocr_par' dir='ltr' id='par_1_46' title="bbox 193 1383 982 1423">
     <span class='ocr_line' id='line_1_46' title="bbox 193 1383 982 1423; baseline 0.008 -11"><span class='ocrx_word' id='word_1_304' title='bbox 193 1383 282 1413; x_wconf 82' lang='lat' dir='ltr'><strong>Martii</strong></span> <span class='ocrx_word' id='word_1_305' title='bbox 299 1387 344 1419; x_wconf 73' lang='lat'><strong>25,</strong></span> <span class='ocrx_word' id='word_1_306' title='bbox 360 1387 427 1415; x_wconf 88' lang='lat' dir='ltr'><strong>feria</strong></span> <span class='ocrx_word' id='word_1_307' title='bbox 444 1389 469 1421; x_wconf 79' lang='lat' dir='ltr'><strong>l,</strong></span> <span class='ocrx_word' id='word_1_308' title='bbox 491 1389 573 1416; x_wconf 87' lang='lat' dir='ltr'><strong>etiam</strong></span> <span class='ocrx_word' id='word_1_309' title='bbox 594 1395 751 1423; x_wconf 80' lang='lat' dir='ltr'><strong>assumptus</strong></span> <span class='ocrx_word' id='word_1_310' title='bbox 771 1390 868 1416; x_wconf 83' lang='lat' dir='ltr'><strong>iterum</strong></span> <span class='ocrx_word' id='word_1_311' title='bbox 891 1394 933 1418; x_wconf 88' lang='lat' dir='ltr'><strong>est</strong></span> <span class='ocrx_word' id='word_1_312' title='bbox 949 1397 982 1417; x_wconf 88' lang='lat' dir='ltr'><strong>eo</strong></span> 
     </span>
    </p>
   </div>
   <div class='ocr_carea' id='block_1_47' title="bbox 195 1431 825 1469">
    <p class='ocr_par' dir='ltr' id='par_1_47' title="bbox 195 1431 825 1469">
     <span class='ocr_line' id='line_1_47' title="bbox 195 1431 825 1469; baseline 0.005 -11"><span class='ocrx_word' id='word_1_313' title='bbox 195 1431 267 1459; x_wconf 86' lang='lat' dir='ltr'><strong>unde</strong></span> <span class='ocrx_word' id='word_1_314' title='bbox 282 1433 470 1467; x_wconf 84' lang='lat' dir='ltr'><strong>descenderat,</strong></span> <span class='ocrx_word' id='word_1_315' title='bbox 485 1433 529 1462; x_wconf 82' lang='lat' dir='ltr'><strong>die</strong></span> <span class='ocrx_word' id='word_1_316' title='bbox 547 1435 624 1463; x_wconf 85' lang='lat' dir='ltr'><strong>tertia</strong></span> <span class='ocrx_word' id='word_1_317' title='bbox 640 1434 703 1469; x_wconf 87' lang='lat' dir='ltr'><strong>Mai,</strong></span> <span class='ocrx_word' id='word_1_318' title='bbox 715 1435 783 1462; x_wconf 84' lang='lat' dir='ltr'><strong>feria</strong></span> <span class='ocrx_word' id='word_1_319' title='bbox 799 1443 825 1463; x_wconf 82' lang='grc' dir='ltr'><strong>ν.</strong></span> 
     </span>
    </p>
   </div>
   <div class='ocr_carea' id='block_1_48' title="bbox 1033 927 1824 964">
    <p class='ocr_par' dir='ltr' id='par_1_48' title="bbox 1033 927 1824 964">
     <span class='ocr_line' id='line_1_48' title="bbox 1033 927 1824 964; baseline -0.003 -9"><span class='ocrx_word' id='word_1_320' title='bbox 1033 929 1092 964; x_wconf 79' lang='grc' dir='ltr'>διχῇ</span> <span class='ocrx_word' id='word_1_321' title='bbox 1112 929 1179 964; x_wconf 78' lang='grc' dir='ltr'><strong>πρὸς</strong></span> <span class='ocrx_word' id='word_1_322' title='bbox 1194 929 1224 956; x_wconf 82' lang='grc' dir='ltr'>τὸ</span> <span class='ocrx_word' id='word_1_323' title='bbox 1242 929 1367 964; x_wconf 74' lang='grc' dir='ltr'>μέτωπον</span> <span class='ocrx_word' id='word_1_324' title='bbox 1382 930 1445 961; x_wconf 68' lang='grc' dir='ltr'>τοὺς</span> <span class='ocrx_word' id='word_1_325' title='bbox 1460 928 1618 963; x_wconf 80' lang='grc' dir='ltr'>πλοκάμους</span> <span class='ocrx_word' id='word_1_326' title='bbox 1635 927 1824 963; x_wconf 73' lang='grc' dir='ltr'><strong>διεστραμμέ-</strong></span> 
     </span>
    </p>
   </div>
   <div class='ocr_carea' id='block_1_49' title="bbox 1034 973 1824 1010">
    <p class='ocr_par' dir='ltr' id='par_1_49' title="bbox 1034 973 1824 1010">
     <span class='ocr_line' id='line_1_49' title="bbox 1034 973 1824 1010; baseline -0.003 -9"><span class='ocrx_word' id='word_1_327' title='bbox 1034 983 1091 1006; x_wconf 86' lang='grc' dir='ltr'>νος.</span> <span class='ocrx_word' id='word_1_328' title='bbox 1109 975 1258 1010; x_wconf 73' lang='grc' dir='ltr'>ὲπίρῤινος,</span> <span class='ocrx_word' id='word_1_329' title='bbox 1275 975 1472 1008; x_wconf 79' lang='grc' dir='ltr'><strong>ὑποξανθίζων,</strong></span> <span class='ocrx_word' id='word_1_330' title='bbox 1492 975 1542 1006; x_wconf 78' lang='grc' dir='ltr'><strong>τὰς</strong></span> <span class='ocrx_word' id='word_1_331' title='bbox 1556 975 1641 1010; x_wconf 83' lang='grc' dir='ltr'><strong>κόρας</strong></span> <span class='ocrx_word' id='word_1_332' title='bbox 1657 974 1710 1000; x_wconf 85' lang='grc' dir='ltr'><strong>τῶν</strong></span> <span class='ocrx_word' id='word_1_333' title='bbox 1724 973 1824 1008; x_wconf 61' lang='grc' dir='ltr'><strong>ὀφθαλ-</strong></span> 
     </span>
    </p>
   </div>
   <div class='ocr_carea' id='block_1_50' title="bbox 1036 1019 1824 1057">
    <p class='ocr_par' dir='ltr' id='par_1_50' title="bbox 1036 1019 1824 1057">
     <span class='ocr_line' id='line_1_50' title="bbox 1036 1019 1824 1057; baseline -0.001 -11"><span class='ocrx_word' id='word_1_334' title='bbox 1036 1020 1094 1055; x_wconf 87' lang='grc' dir='ltr'>μῶν</span> <span class='ocrx_word' id='word_1_335' title='bbox 1109 1021 1262 1057; x_wconf 68' lang='grc' dir='ltr'><strong>μελά-(ρους</strong></span> <span class='ocrx_word' id='word_1_336' title='bbox 1276 1020 1287 1057; x_wconf 92' lang='grc'>[</span> <span class='ocrx_word' id='word_1_337' title='bbox 1295 1021 1362 1055; x_wconf 80' lang='lat' dir='ltr'><strong>fort.</strong></span> <span class='ocrx_word' id='word_1_338' title='bbox 1377 1020 1576 1057; x_wconf 80' lang='grc' dir='ltr'><strong>μελάγχρους],</strong></span> <span class='ocrx_word' id='word_1_339' title='bbox 1590 1019 1824 1055; x_wconf 72' lang='grc' dir='ltr'><strong>μακροοδάκτυλος,</strong></span> 
     </span>
    </p>
   </div>
   <div class='ocr_carea' id='block_1_51' title="bbox 1039 1065 1826 1103">
    <p class='ocr_par' dir='ltr' id='par_1_51' title="bbox 1039 1065 1826 1103">
     <span class='ocr_line' id='line_1_51' title="bbox 1039 1065 1826 1103; baseline -0.003 -10"><span class='ocrx_word' id='word_1_340' title='bbox 1039 1066 1149 1102; x_wconf 82' lang='grc' dir='ltr'><strong>μέτριος</strong></span> <span class='ocrx_word' id='word_1_341' title='bbox 1161 1067 1212 1103; x_wconf 81' lang='grc' dir='ltr'><strong>τὴν</strong></span> <span class='ocrx_word' id='word_1_342' title='bbox 1231 1068 1349 1102; x_wconf 84' lang='grc' dir='ltr'><strong>ὑπήνην,</strong></span> <span class='ocrx_word' id='word_1_343' title='bbox 1377 1068 1461 1101; x_wconf 76' lang='grc' dir='ltr'>ἤγουν</span> <span class='ocrx_word' id='word_1_344' title='bbox 1477 1067 1526 1097; x_wconf 75' lang='grc' dir='ltr'>τὴν</span> <span class='ocrx_word' id='word_1_345' title='bbox 1544 1066 1682 1100; x_wconf 81' lang='grc' dir='ltr'>γενειάδα,</span> <span class='ocrx_word' id='word_1_346' title='bbox 1698 1065 1761 1092; x_wconf 69' lang='grc' dir='ltr'>οὔτε</span> <span class='ocrx_word' id='word_1_347' title='bbox 1779 1074 1826 1091; x_wconf 74' lang='grc' dir='ltr'><strong>τα-</strong></span> 
     </span>
    </p>
   </div>
   <div class='ocr_carea' id='block_1_52' title="bbox 1035 1111 1826 1149">
    <p class='ocr_par' dir='ltr' id='par_1_52' title="bbox 1035 1111 1826 1149">
     <span class='ocr_line' id='line_1_52' title="bbox 1035 1111 1826 1149; baseline -0.003 -10"><span class='ocrx_word' id='word_1_348' title='bbox 1035 1113 1125 1149; x_wconf 75' lang='grc' dir='ltr'><strong>νότητι</strong></span> <span class='ocrx_word' id='word_1_349' title='bbox 1151 1113 1205 1140; x_wconf 87' lang='grc' dir='ltr'><strong>τῶν</strong></span> <span class='ocrx_word' id='word_1_350' title='bbox 1235 1113 1337 1149; x_wconf 76' lang='grc' dir='ltr'>τριχῶν</span> <span class='ocrx_word' id='word_1_351' title='bbox 1365 1113 1469 1148; x_wconf 83' lang='grc' dir='ltr'>ταύτην</span> <span class='ocrx_word' id='word_1_352' title='bbox 1499 1112 1730 1146; x_wconf 82' lang='grc' dir='ltr'><strong>ὲπεσπασμὲνος,</strong></span> <span class='ocrx_word' id='word_1_353' title='bbox 1759 1111 1826 1138; x_wconf 70' lang='grc' dir='ltr'>ἀλλὰ</span> 
     </span>
    </p>
   </div>
   <div class='ocr_carea' id='block_1_53' title="bbox 1032 1158 1825 1194">
    <p class='ocr_par' dir='ltr' id='par_1_53' title="bbox 1032 1158 1825 1194">
     <span class='ocr_line' id='line_1_53' title="bbox 1032 1158 1825 1194; baseline -0.003 -9"><span class='ocrx_word' id='word_1_354' title='bbox 1032 1160 1171 1194; x_wconf 77' lang='grc' dir='ltr'><strong>συστροφῇ</strong></span> <span class='ocrx_word' id='word_1_355' title='bbox 1201 1160 1380 1194; x_wconf 66' lang='grc' dir='ltr'><strong>κοσμιότητος</strong></span> <span class='ocrx_word' id='word_1_356' title='bbox 1406 1159 1616 1194; x_wconf 77' lang='grc' dir='ltr'><strong>σεμνυνόμενος.</strong></span> <span class='ocrx_word' id='word_1_357' title='bbox 1645 1158 1724 1184; x_wconf 71' lang='grc' dir='ltr'><strong>Μετὰ</strong></span> <span class='ocrx_word' id='word_1_358' title='bbox 1747 1158 1776 1184; x_wconf 76' lang='grc' dir='ltr'><strong>δὲ</strong></span> <span class='ocrx_word' id='word_1_359' title='bbox 1806 1158 1825 1183; x_wconf 83' lang='grc' dir='ltr'>λ’</span> 
     </span>
    </p>
   </div>
   <div class='ocr_carea' id='block_1_54' title="bbox 1031 1203 1826 1240">
    <p class='ocr_par' dir='ltr' id='par_1_54' title="bbox 1031 1203 1826 1240">
     <span class='ocr_line' id='line_1_54' title="bbox 1031 1203 1826 1240; baseline -0.003 -9"><span class='ocrx_word' id='word_1_360' title='bbox 1031 1204 1134 1240; x_wconf 81' lang='grc' dir='ltr'>χρόνων</span> <span class='ocrx_word' id='word_1_361' title='bbox 1160 1204 1342 1240; x_wconf 80' lang='grc' dir='ltr'><strong>ἀλλεξάμενος</strong></span> <span class='ocrx_word' id='word_1_362' title='bbox 1361 1205 1496 1240; x_wconf 73' lang='grc' dir='ltr'><strong>μαθητὰς,</strong></span> <span class='ocrx_word' id='word_1_363' title='bbox 1513 1205 1559 1231; x_wconf 73' lang='grc' dir='ltr'>καὶ</span> <span class='ocrx_word' id='word_1_364' title='bbox 1581 1203 1706 1239; x_wconf 67' lang='grc' dir='ltr'><strong>κηρύξας</strong></span> <span class='ocrx_word' id='word_1_365' title='bbox 1730 1203 1826 1238; x_wconf 76' lang='grc' dir='ltr'>τριετῆ</span> 
     </span>
    </p>
   </div>
   <div class='ocr_carea' id='block_1_55' title="bbox 1031 1249 1826 1286">
    <p class='ocr_par' dir='ltr' id='par_1_55' title="bbox 1031 1249 1826 1286">
     <span class='ocr_line' id='line_1_55' title="bbox 1031 1249 1826 1286; baseline -0.001 -10"><span class='ocrx_word' id='word_1_366' title='bbox 1031 1250 1061 1276; x_wconf 85' lang='grc' dir='ltr'><strong>τδ</strong></span> <span class='ocrx_word' id='word_1_367' title='bbox 1076 1250 1147 1277; x_wconf 81' lang='grc' dir='ltr'>θεῖον</span> <span class='ocrx_word' id='word_1_368' title='bbox 1167 1251 1213 1277; x_wconf 74' lang='grc' dir='ltr'><strong>καὶ</strong></span> <span class='ocrx_word' id='word_1_369' title='bbox 1237 1251 1309 1286; x_wconf 71' lang='grc' dir='ltr'>ἱερὸν</span> <span class='ocrx_word' id='word_1_370' title='bbox 1337 1251 1523 1285; x_wconf 77' lang='grc' dir='ltr'><strong>Εὑαγγέλιον,</strong></span> <span class='ocrx_word' id='word_1_371' title='bbox 1550 1249 1637 1281; x_wconf 81' lang='grc' dir='ltr'>οὓτως</span> <span class='ocrx_word' id='word_1_372' title='bbox 1663 1249 1826 1284; x_wconf 77' lang='grc' dir='ltr'><strong>ἐσταυρώθη</strong></span> 
     </span>
    </p>
   </div>
   <div class='ocr_carea' id='block_1_56' title="bbox 1038 1293 1825 1332">
    <p class='ocr_par' dir='ltr' id='par_1_56' title="bbox 1038 1293 1825 1332">
     <span class='ocr_line' id='line_1_56' title="bbox 1038 1293 1825 1332; baseline -0.003 -10"><span class='ocrx_word' id='word_1_373' title='bbox 1038 1296 1170 1328; x_wconf 77' lang='grc' dir='ltr'>ἑκουσίως</span> <span class='ocrx_word' id='word_1_374' title='bbox 1187 1297 1258 1331; x_wconf 81' lang='grc' dir='ltr'>ὑπὲρ</span> <span class='ocrx_word' id='word_1_375' title='bbox 1269 1296 1347 1332; x_wconf 80' lang='grc' dir='ltr'>ἡμῶν</span> <span class='ocrx_word' id='word_1_376' title='bbox 1361 1297 1407 1323; x_wconf 73' lang='grc' dir='ltr'><strong>ἐπὶ</strong></span> <span class='ocrx_word' id='word_1_377' title='bbox 1418 1296 1532 1324; x_wconf 77' lang='grc' dir='ltr'>Ποντίου</span> <span class='ocrx_word' id='word_1_378' title='bbox 1546 1295 1676 1328; x_wconf 71' lang='grc' dir='ltr'>Πιλάτου,</span> <span class='ocrx_word' id='word_1_379' title='bbox 1694 1294 1773 1323; x_wconf 74' lang='grc' dir='ltr'>ἔτους</span> <span class='ocrx_word' id='word_1_380' title='bbox 1796 1293 1825 1320; x_wconf 66' lang='grc' dir='ltr'>ια</span> 
     </span>
    </p>
   </div>
   <div class='ocr_carea' id='block_1_57' title="bbox 1036 1340 1824 1378">
    <p class='ocr_par' dir='ltr' id='par_1_57' title="bbox 1036 1340 1824 1378">
     <span class='ocr_line' id='line_1_57' title="bbox 1036 1340 1824 1378; baseline -0.001 -9"><span class='ocrx_word' id='word_1_381' title='bbox 1036 1342 1164 1378; x_wconf 73' lang='grc' dir='ltr'>Τιόερίου</span> <span class='ocrx_word' id='word_1_382' title='bbox 1191 1343 1341 1377; x_wconf 80' lang='grc' dir='ltr'>Καίσαρος,</span> <span class='ocrx_word' id='word_1_383' title='bbox 1372 1342 1426 1377; x_wconf 67' lang='grc' dir='ltr'><strong>πρὸ</strong></span> <span class='ocrx_word' id='word_1_384' title='bbox 1451 1342 1518 1368; x_wconf 77' lang='grc' dir='ltr'>δέκα</span> <span class='ocrx_word' id='word_1_385' title='bbox 1532 1341 1683 1369; x_wconf 78' lang='grc' dir='ltr'>Καλανδῶν</span> <span class='ocrx_word' id='word_1_386' title='bbox 1698 1340 1824 1375; x_wconf 65' lang='grc' dir='ltr'><strong>’Δειτριλλ⁵</strong></span> 
     </span>
    </p>
   </div>
   <div class='ocr_carea' id='block_1_58' title="bbox 1037 1386 1826 1424">
    <p class='ocr_par' dir='ltr' id='par_1_58' title="bbox 1037 1386 1826 1424">
     <span class='ocr_line' id='line_1_58' title="bbox 1037 1386 1826 1424; baseline -0.003 -9"><span class='ocrx_word' id='word_1_387' title='bbox 1037 1389 1106 1415; x_wconf 81' lang='grc' dir='ltr'>κατὰ</span> <span class='ocrx_word' id='word_1_388' title='bbox 1114 1389 1274 1422; x_wconf 82' lang='grc' dir='ltr'>Ῥωμαίους,</span> <span class='ocrx_word' id='word_1_389' title='bbox 1291 1389 1304 1415; x_wconf 86' lang='grc' dir='ltr'><strong>ὅ</strong></span> <span class='ocrx_word' id='word_1_390' title='bbox 1315 1389 1373 1415; x_wconf 76' lang='grc' dir='ltr'>ἐστι</span> <span class='ocrx_word' id='word_1_391' title='bbox 1385 1389 1476 1424; x_wconf 81' lang='grc' dir='ltr'><strong>Μαρτ.</strong></span> <span class='ocrx_word' id='word_1_392' title='bbox 1487 1387 1541 1423; x_wconf 84' lang='grc' dir='ltr'><strong>κγ’,</strong></span> <span class='ocrx_word' id='word_1_393' title='bbox 1553 1387 1646 1423; x_wconf 81' lang='grc' dir='ltr'>ἡμέρα</span> <span class='ocrx_word' id='word_1_394' title='bbox 1659 1386 1697 1419; x_wconf 85' lang='grc' dir='ltr'><strong>ς’·</strong></span> <span class='ocrx_word' id='word_1_395' title='bbox 1708 1386 1826 1418; x_wconf 68' lang='grc' dir='ltr'><strong>ἀναστὰς</strong></span> 
     </span>
    </p>
   </div>
   <div class='ocr_carea' id='block_1_59' title="bbox 1036 1433 1826 1471">
    <p class='ocr_par' dir='ltr' id='par_1_59' title="bbox 1036 1433 1826 1471">
     <span class='ocr_line' id='line_1_59' title="bbox 1036 1433 1826 1471; baseline -0.005 -9"><span class='ocrx_word' id='word_1_396' title='bbox 1036 1436 1064 1462; x_wconf 80' lang='grc' dir='ltr'><strong>δὲ</strong></span> <span class='ocrx_word' id='word_1_397' title='bbox 1081 1435 1154 1471; x_wconf 83' lang='grc' dir='ltr'>πρωῒ</span> <span class='ocrx_word' id='word_1_398' title='bbox 1173 1436 1256 1471; x_wconf 68' lang='lat' dir='ltr'><strong>Hart.</strong></span> <span class='ocrx_word' id='word_1_399' title='bbox 1281 1436 1354 1471; x_wconf 80' lang='grc' dir='ltr'><strong>πρὸ]</strong></span> <span class='ocrx_word' id='word_1_400' title='bbox 1369 1435 1519 1462; x_wconf 83' lang='grc' dir='ltr'>Καλανδῶν</span> <span class='ocrx_word' id='word_1_401' title='bbox 1537 1433 1677 1469; x_wconf 73' lang='grc' dir='ltr'><strong>’Δπριλλ.,</strong></span> <span class='ocrx_word' id='word_1_402' title='bbox 1702 1434 1826 1460; x_wconf 78' lang='grc' dir='ltr'><strong>τουτέστι</strong></span> 
     </span>
    </p>
   </div>
   <div class='ocr_carea' id='block_1_60' title="bbox 1038 1479 1827 1518">
    <p class='ocr_par' dir='ltr' id='par_1_60' title="bbox 1038 1479 1827 1518">
     <span class='ocr_line' id='line_1_60' title="bbox 1038 1479 1827 1518; baseline -0.008 -8"><span class='ocrx_word' id='word_1_403' title='bbox 1038 1483 1128 1518; x_wconf 51' lang='lat' dir='ltr'><strong>Maps.</strong></span> <span class='ocrx_word' id='word_1_404' title='bbox 1138 1491 1180 1514; x_wconf 87' lang='grc' dir='ltr'>κε,</span> <span class='ocrx_word' id='word_1_405' title='bbox 1190 1483 1282 1518; x_wconf 79' lang='grc' dir='ltr'><strong>ἡμέρᾳ</strong></span> <span class='ocrx_word' id='word_1_406' title='bbox 1291 1483 1326 1514; x_wconf 88' lang='grc' dir='ltr'><strong>α’,</strong></span> <span class='ocrx_word' id='word_1_407' title='bbox 1337 1482 1383 1510; x_wconf 78' lang='grc' dir='ltr'><strong>καὶ</strong></span> <span class='ocrx_word' id='word_1_408' title='bbox 1391 1481 1529 1516; x_wconf 80' lang='grc' dir='ltr'><strong>ἀνελήφθη</strong></span> <span class='ocrx_word' id='word_1_409' title='bbox 1541 1480 1622 1508; x_wconf 82' lang='grc' dir='ltr'>πάλιν</span> <span class='ocrx_word' id='word_1_410' title='bbox 1630 1479 1827 1515; x_wconf 81' lang='grc' dir='ltr'><strong>ὅθενκατῆλθε,</strong></span> 
     </span>
    </p>
   </div>
   <div class='ocr_carea' id='block_1_61' title="bbox 1040 1528 1317 1565">
    <p class='ocr_par' dir='ltr' id='par_1_61' title="bbox 1040 1528 1317 1565">
     <span class='ocr_line' id='line_1_61' title="bbox 1040 1528 1317 1565; baseline 0 -10"><span class='ocrx_word' id='word_1_411' title='bbox 1040 1529 1121 1565; x_wconf 78' lang='grc' dir='ltr'><strong>Μαΐῳ</strong></span> <span class='ocrx_word' id='word_1_412' title='bbox 1134 1532 1169 1564; x_wconf 74' lang='grc' dir='ltr'><strong>γ’,</strong></span> <span class='ocrx_word' id='word_1_413' title='bbox 1182 1529 1274 1565; x_wconf 67' lang='grc' dir='ltr'>ἡμέρᾳ</span> <span class='ocrx_word' id='word_1_414' title='bbox 1287 1528 1317 1556; x_wconf 85' lang='grc' dir='ltr'><strong>ε’.</strong></span> 
     </span>
    </p>
   </div>
   <div class='ocr_carea' id='block_1_62' title="bbox 200 1639 1818 1663">
    <p class='ocr_par' dir='ltr' id='par_1_62' title="bbox 200 1639 1818 1663">
     <span class='ocr_line' id='line_1_62' title="bbox 200 1639 1818 1663; baseline 0 -1"><span class='ocrx_word' id='word_1_415' title='bbox 200 1639 1818 1663; x_wconf 50' lang='lat' dir='ltr'><strong>em</strong></span> 
     </span>
    </p>
   </div>
   <div class='ocr_carea' id='block_1_63' title="bbox 889 1751 1134 1775">
    <p class='ocr_par' dir='ltr' id='par_1_63' title="bbox 889 1751 1134 1775">
     <span class='ocr_line' id='line_1_63' title="bbox 889 1751 1134 1775; baseline 0.008 -3"><span class='ocrx_word' id='word_1_416' title='bbox 889 1751 973 1773; x_wconf 72' lang='lat' dir='ltr'><strong>ANNO</strong></span> <span class='ocrx_word' id='word_1_417' title='bbox 996 1752 1134 1775; x_wconf 73' lang='lat' dir='ltr'><strong>INCEBTO</strong></span> 
     </span>
    </p>
   </div>
   <div class='ocr_carea' id='block_1_64' title="bbox 366 1865 986 1958">
    <p class='ocr_par' dir='ltr' id='par_1_64' title="bbox 366 1865 986 1958">
     <span class='ocr_line' id='line_1_64' title="bbox 366 1865 986 1958; baseline 0.002 -1"><span class='ocrx_word' id='word_1_418' title='bbox 366 1865 986 1958; x_wconf 78' lang='lat' dir='ltr'><strong>GEORGIDES</strong></span> 
     </span>
    </p>
   </div>
   <div class='ocr_carea' id='block_1_65' title="bbox 1053 1867 1658 1959">
    <p class='ocr_par' dir='ltr' id='par_1_65' title="bbox 1053 1867 1658 1959">
     <span class='ocr_line' id='line_1_65' title="bbox 1053 1867 1658 1959; baseline 0.003 -3"><span class='ocrx_word' id='word_1_419' title='bbox 1053 1867 1658 1959; x_wconf 86' lang='lat' dir='ltr'><strong>MONACHUS</strong></span> 
     </span>
    </p>
   </div>
   <div class='ocr_carea' id='block_1_66' title="bbox 769 2142 1254 2174">
    <p class='ocr_par' dir='ltr' id='par_1_66' title="bbox 769 2142 1254 2174">
     <span class='ocr_line' id='line_1_66' title="bbox 769 2142 1254 2174; baseline 0.002 -2"><span class='ocrx_word' id='word_1_420' title='bbox 769 2142 983 2173; x_wconf 83' lang='lat' dir='ltr'><strong>EDITORUM</strong></span> <span class='ocrx_word' id='word_1_421' title='bbox 1009 2143 1254 2174; x_wconf 76' lang='lat' dir='ltr'><strong>ADMONITIO.</strong></span> 
     </span>
    </p>
   </div>
   <div class='ocr_carea' id='block_1_67' title="bbox 230 2236 1824 2279">
    <p class='ocr_par' dir='ltr' id='par_1_67' title="bbox 230 2236 1824 2279">
     <span class='ocr_line' id='line_1_67' title="bbox 230 2236 1824 2279; baseline 0.001 -14"><span class='ocrx_word' id='word_1_422' title='bbox 230 2236 382 2271; x_wconf 78' lang='lat' dir='ltr'><strong>Georgidis,</strong></span> <span class='ocrx_word' id='word_1_423' title='bbox 394 2237 513 2265; x_wconf 86' lang='lat' dir='ltr'><strong>auctoris</strong></span> <span class='ocrx_word' id='word_1_424' title='bbox 526 2237 747 2279; x_wconf 49' lang='lat' dir='ltr'><strong>incertae‘aetatis,</strong></span> <span class='ocrx_word' id='word_1_425' title='bbox 760 2246 841 2274; x_wconf 86' lang='lat' dir='ltr'><strong>quem</strong></span> <span class='ocrx_word' id='word_1_426' title='bbox 858 2243 948 2266; x_wconf 87' lang='lat' dir='ltr'><strong>tamen</strong></span> <span class='ocrx_word' id='word_1_427' title='bbox 968 2239 1068 2266; x_wconf 80' lang='lat' dir='ltr'><strong>saeculo</strong></span> <span class='ocrx_word' id='word_1_428' title='bbox 1082 2247 1108 2266; x_wconf 81' lang='lat' dir='ltr'><strong>xl</strong></span> <span class='ocrx_word' id='word_1_429' title='bbox 1120 2239 1159 2266; x_wconf 80' lang='lat' dir='ltr'><strong>vel</strong></span> <span class='ocrx_word' id='word_1_430' title='bbox 1176 2247 1214 2267; x_wconf 75' lang='grc' dir='ltr'><strong>ιιι</strong></span> <span class='ocrx_word' id='word_1_431' title='bbox 1229 2239 1372 2274; x_wconf 85' lang='lat' dir='ltr'><strong>scripsisse</strong></span> <span class='ocrx_word' id='word_1_432' title='bbox 1386 2239 1504 2268; x_wconf 86' lang='lat' dir='ltr'><strong>fortasse</strong></span> <span class='ocrx_word' id='word_1_433' title='bbox 1519 2240 1582 2275; x_wconf 91' lang='lat' dir='ltr'><strong>quis</strong></span> <span class='ocrx_word' id='word_1_434' title='bbox 1598 2239 1741 2275; x_wconf 83' lang='lat' dir='ltr'><strong>conjiciet,</strong></span> <span class='ocrx_word' id='word_1_435' title='bbox 1758 2240 1824 2267; x_wconf 75' lang='lat' dir='ltr'><strong>liber</strong></span> 
     </span>
    </p>
   </div>
   <div class='ocr_carea' id='block_1_68' title="bbox 195 2281 1823 2318">
    <p class='ocr_par' dir='ltr' id='par_1_68' title="bbox 195 2281 1823 2318">
     <span class='ocr_line' id='line_1_68' title="bbox 195 2281 1823 2318; baseline 0.002 -11"><span class='ocrx_word' id='word_1_436' title='bbox 195 2281 224 2308; x_wconf 88' lang='lat' dir='ltr'><strong>in</strong></span> <span class='ocrx_word' id='word_1_437' title='bbox 253 2281 406 2315; x_wconf 73' lang='lat' dir='ltr'><strong>exemplum</strong></span> <span class='ocrx_word' id='word_1_438' title='bbox 437 2287 497 2309; x_wconf 88' lang='lat' dir='ltr'><strong>esse</strong></span> <span class='ocrx_word' id='word_1_439' title='bbox 518 2285 607 2316; x_wconf 82' lang='lat' dir='ltr'><strong>potest</strong></span> <span class='ocrx_word' id='word_1_440' title='bbox 632 2282 770 2310; x_wconf 84' lang='lat' dir='ltr'><strong>scribendi</strong></span> <span class='ocrx_word' id='word_1_441' title='bbox 795 2282 868 2310; x_wconf 90' lang='lat' dir='ltr'><strong>illius</strong></span> <span class='ocrx_word' id='word_1_442' title='bbox 897 2283 1008 2318; x_wconf 77' lang='lat' dir='ltr'><strong>generis</strong></span> <span class='ocrx_word' id='word_1_443' title='bbox 1037 2284 1109 2318; x_wconf 83' lang='lat' dir='ltr'><strong>quod</strong></span> <span class='ocrx_word' id='word_1_444' title='bbox 1138 2283 1164 2310; x_wconf 88' lang='lat' dir='ltr'><strong>in</strong></span> <span class='ocrx_word' id='word_1_445' title='bbox 1187 2282 1351 2311; x_wconf 85' lang='lat' dir='ltr'><strong>deﬁorandis</strong></span> <span class='ocrx_word' id='word_1_446' title='bbox 1378 2283 1486 2318; x_wconf 87' lang='lat' dir='ltr'><strong>scriptis</strong></span> <span class='ocrx_word' id='word_1_447' title='bbox 1509 2284 1623 2311; x_wconf 84' lang='lat' dir='ltr'><strong>Patrum</strong></span> <span class='ocrx_word' id='word_1_448' title='bbox 1650 2284 1741 2311; x_wconf 88' lang='lat' dir='ltr'><strong>medio</strong></span> <span class='ocrx_word' id='word_1_449' title='bbox 1758 2291 1823 2314; x_wconf 68' lang='lat' dir='ltr'><strong>aevo.</strong></span> 
     </span>
    </p>
   </div>
   <div class='ocr_carea' id='block_1_69' title="bbox 196 2324 1822 2362">
    <p class='ocr_par' dir='ltr' id='par_1_69' title="bbox 196 2324 1822 2362">
     <span class='ocr_line' id='line_1_69' title="bbox 196 2324 1822 2362; baseline 0.001 -11"><span class='ocrx_word' id='word_1_450' title='bbox 196 2330 251 2352; x_wconf 87' lang='lat' dir='ltr'><strong>tam</strong></span> <span class='ocrx_word' id='word_1_451' title='bbox 271 2325 298 2351; x_wconf 91' lang='lat' dir='ltr'><strong>in</strong></span> <span class='ocrx_word' id='word_1_452' title='bbox 325 2324 434 2352; x_wconf 83' lang='lat' dir='ltr'><strong>Oriente</strong></span> <span class='ocrx_word' id='word_1_453' title='bbox 450 2332 532 2360; x_wconf 88' lang='lat' dir='ltr'><strong>quam</strong></span> <span class='ocrx_word' id='word_1_454' title='bbox 549 2325 576 2352; x_wconf 93' lang='lat' dir='ltr'><strong>in</strong></span> <span class='ocrx_word' id='word_1_455' title='bbox 593 2326 740 2353; x_wconf 83' lang='lat' dir='ltr'><strong>Occidente</strong></span> <span class='ocrx_word' id='word_1_456' title='bbox 764 2326 896 2354; x_wconf 86' lang='lat' dir='ltr'><strong>constitit.</strong></span> <span class='ocrx_word' id='word_1_457' title='bbox 922 2328 1049 2361; x_wconf 84' lang='lat' dir='ltr'><strong>Insuper,</strong></span> <span class='ocrx_word' id='word_1_458' title='bbox 1067 2326 1130 2360; x_wconf 86' lang='lat' dir='ltr'><strong>quia</strong></span> <span class='ocrx_word' id='word_1_459' title='bbox 1153 2326 1306 2361; x_wconf 78' lang='lat' dir='ltr'><strong>fragmenta</strong></span> <span class='ocrx_word' id='word_1_460' title='bbox 1324 2331 1452 2362; x_wconf 78' lang='lat' dir='ltr'><strong>excerpta</strong></span> <span class='ocrx_word' id='word_1_461' title='bbox 1477 2334 1528 2354; x_wconf 90' lang='lat' dir='ltr'><strong>suo</strong></span> <span class='ocrx_word' id='word_1_462' title='bbox 1545 2327 1651 2354; x_wconf 87' lang='lat' dir='ltr'><strong>auctori</strong></span> <span class='ocrx_word' id='word_1_463' title='bbox 1668 2326 1822 2354; x_wconf 84' lang='lat' dir='ltr'><strong>inscribun-</strong></span> 
     </span>
    </p>
   </div>
   <div class='ocr_carea' id='block_1_70' title="bbox 195 2367 1826 2406">
    <p class='ocr_par' dir='ltr' id='par_1_70' title="bbox 195 2367 1826 2406">
     <span class='ocr_line' id='line_1_70' title="bbox 195 2367 1826 2406; baseline 0.001 -10"><span class='ocrx_word' id='word_1_464' title='bbox 195 2373 251 2400; x_wconf 84' lang='lat' dir='ltr'><strong>tur,</strong></span> <span class='ocrx_word' id='word_1_465' title='bbox 272 2367 388 2395; x_wconf 82' lang='lat' dir='ltr'><strong>fortasse</strong></span> <span class='ocrx_word' id='word_1_466' title='bbox 404 2368 553 2396; x_wconf 85' lang='lat' dir='ltr'><strong>inservient</strong></span> <span class='ocrx_word' id='word_1_467' title='bbox 568 2369 715 2403; x_wconf 84' lang='lat' dir='ltr'><strong>aliquando</strong></span> <span class='ocrx_word' id='word_1_468' title='bbox 741 2371 774 2396; x_wconf 88' lang='lat' dir='ltr'><strong>ad</strong></span> <span class='ocrx_word' id='word_1_469' title='bbox 789 2370 976 2405; x_wconf 75' lang='lat' dir='ltr'><strong>agnoscendos</strong></span> <span class='ocrx_word' id='word_1_470' title='bbox 1001 2375 1127 2397; x_wconf 84' lang='lat' dir='ltr'><strong>auctores</strong></span> <span class='ocrx_word' id='word_1_471' title='bbox 1147 2377 1263 2405; x_wconf 89' lang='lat' dir='ltr'><strong>quorum</strong></span> <span class='ocrx_word' id='word_1_472' title='bbox 1289 2371 1392 2404; x_wconf 84' lang='lat' dir='ltr'><strong>scripta</strong></span> <span class='ocrx_word' id='word_1_473' title='bbox 1415 2378 1552 2406; x_wconf 86' lang='lat' dir='ltr'><strong>anonyma</strong></span> <span class='ocrx_word' id='word_1_474' title='bbox 1576 2371 1671 2406; x_wconf 72' lang='lat' dir='ltr'><strong>iacent</strong></span> <span class='ocrx_word' id='word_1_475' title='bbox 1686 2371 1715 2398; x_wconf 89' lang='lat' dir='ltr'><strong>in</strong></span> <span class='ocrx_word' id='word_1_476' title='bbox 1728 2370 1826 2398; x_wconf 84' lang='lat' dir='ltr'><strong>codici-</strong></span> 
     </span>
    </p>
   </div>
   <div class='ocr_carea' id='block_1_71' title="bbox 195 2411 1824 2450">
    <p class='ocr_par' dir='ltr' id='par_1_71' title="bbox 195 2411 1824 2450">
     <span class='ocr_line' id='line_1_71' title="bbox 195 2411 1824 2450; baseline 0.001 -11"><span class='ocrx_word' id='word_1_477' title='bbox 195 2411 247 2439; x_wconf 89' lang='lat' dir='ltr'><strong>bus</strong></span> <span class='ocrx_word' id='word_1_478' title='bbox 266 2412 470 2447; x_wconf 83' lang='lat' dir='ltr'><strong>manuscriptis.</strong></span> <span class='ocrx_word' id='word_1_479' title='bbox 491 2412 572 2440; x_wconf 87' lang='lat' dir='ltr'><strong>Card.</strong></span> <span class='ocrx_word' id='word_1_480' title='bbox 593 2413 664 2447; x_wconf 78' lang='lat' dir='ltr'><strong>Ang.</strong></span> <span class='ocrx_word' id='word_1_481' title='bbox 681 2412 734 2440; x_wconf 84' lang='lat' dir='ltr'><strong>Mai</strong></span> <span class='ocrx_word' id='word_1_482' title='bbox 749 2413 880 2440; x_wconf 90' lang='lat' dir='ltr'><strong>nonnulla</strong></span> <span class='ocrx_word' id='word_1_483' title='bbox 898 2414 1051 2449; x_wconf 65' lang='lat' dir='ltr'><strong>fragmenta</strong></span> <span class='ocrx_word' id='word_1_484' title='bbox 1069 2414 1131 2441; x_wconf 90' lang='lat' dir='ltr'><strong>libri</strong></span> <span class='ocrx_word' id='word_1_485' title='bbox 1148 2414 1301 2449; x_wconf 75' lang='lat' dir='ltr'><strong>Georgidis,</strong></span> <span class='ocrx_word' id='word_1_486' title='bbox 1324 2414 1483 2450; x_wconf 81' lang='lat' dir='ltr'><strong>spcciminis</strong></span> <span class='ocrx_word' id='word_1_487' title='bbox 1500 2415 1597 2450; x_wconf 83' lang='lat' dir='ltr'><strong>gratia,</strong></span> <span class='ocrx_word' id='word_1_488' title='bbox 1625 2414 1758 2449; x_wconf 82' lang='lat' dir='ltr'><strong>protulit;</strong></span> <span class='ocrx_word' id='word_1_489' title='bbox 1776 2420 1824 2441; x_wconf 89' lang='lat' dir='ltr'><strong>nos</strong></span> 
     </span>
    </p>
   </div>
   <div class='ocr_carea' id='block_1_72' title="bbox 196 2456 896 2492">
    <p class='ocr_par' dir='ltr' id='par_1_72' title="bbox 196 2456 896 2492">
     <span class='ocr_line' id='line_1_72' title="bbox 196 2456 896 2492; baseline 0.004 -9"><span class='ocrx_word' id='word_1_490' title='bbox 196 2456 334 2492; x_wconf 75' lang='lat' dir='ltr'><strong>integrum</strong></span> <span class='ocrx_word' id='word_1_491' title='bbox 350 2456 449 2484; x_wconf 86' lang='lat' dir='ltr'><strong>librum</strong></span> <span class='ocrx_word' id='word_1_492' title='bbox 470 2461 530 2492; x_wconf 87' lang='lat' dir='ltr'><strong>post</strong></span> <span class='ocrx_word' id='word_1_493' title='bbox 546 2456 578 2484; x_wconf 88' lang='lat' dir='ltr'><strong>D.</strong></span> <span class='ocrx_word' id='word_1_494' title='bbox 598 2456 766 2485; x_wconf 87' lang='lat' dir='ltr'><strong>Boissonade</strong></span> <span class='ocrx_word' id='word_1_495' title='bbox 780 2457 896 2486; x_wconf 87' lang='lat' dir='ltr'><strong>edimus.</strong></span> 
     </span>
    </p>
   </div>
  </div>
