1913 3068
72 126 142 157 1057

77 204 227 211 -——_—-—.

750 129 971 159 GNOMOLOGI
977 130 1030 159 ΠΜ
1034 152 1041 160 .

794 405 874 429 ΣΥΛΛ
878 405 1004 429 ΕΓΕΙΣΑῘ

467 484 588 528 ΥΠΟ
624 482 877 528 ΙΩΑΝΝΟΥ
913 483 1319 535 ΜΟΝΑΖΟΝΤΟΣ,

701 576 762 602 ΊῸΥ
780 577 847 604 ΚΛΙ
864 575 1089 604 ΓΕΩΡΓῘΔΗ”.

663 741 1132 807 SENTENTUE

814 870 984 892 COLLECTE

521 953 552 997 Α
596 951 878 999 JOANNE

931 949 1302 997 MONACHO.

687 1048 762 1087 QUI
780 1049 838 1079 ΕΤ
858 1047 1110 1079 GEORGIDES.

133 1215 158 1249 ι
182 1213 254 1240 Ἰδὼν
267 1213 306 1249 (1)
321 1212 417 1244 κάλλος
434 1207 485 1239 ωε
500 1211 554 1238 τῶν
567 1211 771 1247 γεγραμμένων

137 1305 260 1340 Ὠραῒον,
276 1303 312 1335 ὡς
326 1302 495 1338 θαυμαστὸν,
512 1301 549 1333 ὡς
563 1301 663 1336 γνῶσιν
681 1300 778 1336 γέμον,

140 1349 362 1383 Ἀνεμποδίστως
377 1347 552 1383 προσλαϐὼν,
569 1347 627 1383 χρῶ
643 1346 815 1382 προφρόνως.

132 1394 209 1421 Νοῦν
223 1394 276 1430 γὰρ
293 1393 412 1420 πιαίνειν
427 1393 468 1425 εἰς
485 1392 576 1419 καλῶν
590 1392 703 1428 ὁδηγίαν

131 1441 227 1476 Νόμος
243 1440 376 1472 διδάσκει,
394 1440 452 1472 καὶ,
471 1439 525 1474 πρὸ
539 1438 588 1465 τοῦ
605 1439 698 1473 νόμον,
717 1438 798 1472 φύσις
812 1446 818 1453 ι

134 1487 220 1513 Ὅθεν
238 1487 388 1522 προσῆκεν,
406 1485 444 1518 ὡς
461 1485 533 1520 μέλι,
551 1484 756 1520 γλυκασμάτων
767 1484 805 1520 (2)

138 1529 307 1567 ’Υπερφυῶς
319 1532 374 1559 τῶν
394 1531 456 1567 τῇδε
472 1530 623 1566 λαμϐάνειν
642 1531 721 1565 μέτα.

118 1578 176 1605 Τοῦ
191 1578 277 1612 ἁγίου
290 1578 463 1606 Βασίλειον.
482 1591 517 1597 —-
531 1577 661 1612 Ἀριστον
679 1577 716 1611 (5)
737 1575 874 1612 ἀνθρώπῳ

71 1623 171 1659 δῶρον
181 1624 196 1650 ό
210 1623 327 1654 θάνατος
341 1631 352 1654 ·,
361 1623 463 1659 ἠρεμεῖ
473 1622 527 1658 γὰρ
540 1622 569 1655 ἐξ
581 1620 619 1648 ὧν
632 1621 729 1657 ἔμελλε
742 1622 874 1657 πράττειν

74 1670 191 1697 κακῶν.

116 1716 144 1750 2
167 1715 276 1750 ’Δγαοῷ
295 1715 333 1751 (ί)
351 1715 415 1750 περ).
432 1715 540 1746 οὐδενὸς
557 1713 589 1742 ἂν
605 1714 712 1749 γένοιτο
722 1714 831 1749 φθόνος.

124 1761 269 1788 Ἀδύνατον
286 1761 315 1787 ἐν
332 1760 494 1796 ἀνθρωπίνῃ
512 1759 590 1794 φύσει
607 1760 644 1795 μὴ
658 1759 728 1787 εἶναι
743 1760 772 1786 ἓν
786 1759 875 1786 τιτῶν

75 1807 190 1840 παθῶν,
203 1807 220 1842 ἤ
236 1806 336 1842 μικρὸν
352 1807 368 1842 ἢ
386 1806 489 1841 μεῖζον.

126 1854 233 1888 Ἀργία,
249 1852 421 1888 κακουργίας
439 1852 509 1888 ἀρχή
525 1852 574 1886 (5)-

125 1900 256 1934 Ἀκαίρου
275 1899 312 1935 (6)
331 1897 418 1934 θυμοῦ
432 1898 464 1925 τὸ
479 1898 575 1934 κέρδος
591 1898 697 1928 πτῶσις
712 1898 761 1932 (7).

125 1945 251 1981 Ἀκρισία
258 1946 346 1981 δήμου
355 1944 400 1971 τὸν
414 1945 552 1980 χείριστον
562 1945 603 1976 είς
616 1943 704 1979 ἀρχὴν
719 1944 876 1979 προΐστατο.

124 2040 226 2076 ’Δρετὴ
245 2039 324 2073 λόγον
338 2038 444 2072 ὑγιείας
457 2037 551 2073 ἐπέχει
567 2037 606 2072 (8)
617 2045 624 2051 '
643 2036 730 2064 κακία
742 2036 770 2063 δὲ
787 2032 878 2071 ψυχῆς

79 2086 240 2123 ἀρρωστία.
271 2086 381 2120 Ὑγίεια
408 2085 437 2111 δέ
456 2085 530 2111 ἐστιν
549 2083 696 2111 εὐστάθεια
725 2082 780 2110 τῶν
805 2083 877 2109 κατὰ

79 2133 170 2169 φύσιν
186 2132 346 2168 ἐνεργειῶν.

125 2179 253 2215 ’Δνδρεία
271 2179 317 2205 καὶ
332 2177 506 2214 σωφροσύνη,
528 2176 689 2212 δικαιοσύνη
711 2176 759 2202 καὶ
779 2177 880 2211 φρόνη-

81 2235 138 2259 σις,
160 2225 388 2261 περισπούδαστα
412 2226 444 2260 τῇ
473 2223 547 2258 ψυχῇ
569 2222 672 2258 μᾶλλον
695 2222 711 2257 ἢ
735 2222 825 2256 ὑγίεια
841 2222 880 2257 τῷ

82 2273 207 2309 σώματι.

119 2351 129 2361 ⁸
144 2350 217 2378 Cod.
232 2349 374 2384 Γεωργίδι.
398 2348 599 2376 Laurentianus
617 2349 643 2375 in
659 2347 784 2375 Bandinii
801 2347 884 2384 Cata-

85 2386 160 2422 Iogo,
177 2390 206 2412 et
218 2384 344 2422 Venetus
363 2384 393 2422 in
412 2383 513 2411 Morelli
540 2384 684 2422 Ilibl_ioth.,
709 2383 882 2422 Γεωργιδίου.

86 2417 182 2448 codex
199 2420 234 2446 ah
251 2419 351 2446 Allatio
364 2418 436 2446 Diss.
454 2424 576 2446 extrema
589 2419 622 2446 de
637 2417 881 2453 Genrgiis'memo-

86 2460 176 2487 ratus,
196 2455 372 2488 Γεωργιδὶου.
392 2454 439 2481 Est
454 2458 481 2481 et
503 2454 603 2481 ibidem
622 2461 653 2480 ex
673 2454 726 2480 alio
747 2453 881 2488 Iihroﬁap-

86 2492 209 2524 positum
227 2487 325 2516 nomen
348 2488 512 2523 Γεωργίδου.
536 2488 604 2524 Vide
628 2488 796 2524 Fabricium,
811 2487 881 2515 Bibl.

87 2523 133 2553 Cr.
153 2530 174 2552 ι.
198 2524 245 2556 IX,
276 2533 301 2559 p.
328 2524 398 2557 758;
423 2529 441 2551 ι.
459 2523 504 2555 XI,

86 2560 223 2595 Γεωργίδι
243 2560 374 2586 mutanda
389 2559 441 2586 fuit
456 2560 483 2586 iu
499 2559 649 2595 Γεωργίὸη.

124 2593 164 2629 (1⁷)
182 2594 238 2622 llos
266 2602 362 2621 versus
381 2595 495 2628 protulit
516 2594 667 2621 Bandinius
693 2594 720 2620 in
749 2594 809 2620 Cat.
824 2593 881 2629 ει,

90 2638 115 2663 p.
129 2627 195 2661 23-2,
213 2630 258 2657 sed
277 2635 307 2656 ut
325 2627 434 2664 prosam
458 2629 611 2656 orationem
627 2637 634 2656 :
660 2634 724 2656 sunt
743 2628 810 2655 etin
829 2627 882 2655 Ve-

90 2670 153 2691 Itrlt)
166 2666 244 2692 libro.
263 2664 348 2692 Versu
359 2665 386 2697 2,
401 2665 462 2692 eod.
472 2664 577 2699 γέμων,
589 2668 617 2691 et
631 2664 657 2696 5,
672 2664 785 2690 Bandin.
800 2671 883 2698 προσ-

87 2709 176 2726 Λαὺίι),

128 2736 164 2770 (2)
181 2734 338 2763 Meminisse
353 2735 458 2762 videtur
471 2734 550 2762 Prov.
567 2735 671 2762 Salom.
688 2742 744 2765 xw,
757 2733 791 2770 234
805 2743 810 2760 :
825 2735 882 2769 Κη-

91 2769 140 2804 ρῖα.
156 2770 263 2804 μέλιτος
281 2770 355 2805 λόγοι
385 2771 473 2802 καλοὶ,
491 2770 639 2805 γλύκασμα
657 2769 686 2796 δὲ
704 2769 786 2796 αὑτοῦ
810 2770 880 2801 ἴασις

90 2805 194 2839 ψυχῆς.
210 2805 300 2833 Codex
317 2813 391 2838 mox,
410 2806 491 2840 μέγα.

129 2841 166 2874 (5)
197 2842 320 2873 Quatuor
349 2839 452 2876 primas
469 2840 616 2868 sententias
638 2848 654 2869 e
671 2840 730 2868 cod.
756 2839 879 2867 Lauren-

522 2531 548 2558 p.
574 2523 636 2551 627.
667 2523 760 2551 Lectio
781 2517 884 2550 codicis
902 2517 923 2543 D

891 1213 912 1240 Α
928 1209 1049 1236 Cernens
1082 1207 1312 1242 pulchritudinem
1337 1215 1432 1236 eorum
1457 1216 1518 1244 qut:
1544 1209 1589 1237 hic
1615 1210 1718 1246 scripta

1609 1260 1671 1283 Slllll.

1470 1265 1475 1271 -
1609 1260 1671 1283 sunt

921 1300 1114 1335 Conspicuam,
1132 1299 1295 1334 mirabilem,
1311 1300 1442 1329 doctrina:
1456 1302 1576 1337 plenam,
1597 1255 1607 1292 [
1674 1274 1683 1289 '

921 1345 1020 1374 Libens
1033 1345 1128 1380 excipe
1143 1351 1169 1373 et
1179 1351 1276 1380 sponte
1294 1352 1380 1374 utere.

922 1390 1038 1418 Mentem
1054 1391 1127 1418 enim
1141 1391 1274 1426 prolicere
1289 1399 1351 1419 cum
1365 1400 1379 1419 a
1399 1393 1479 1421 bonis
1501 1393 1638 1430 dirigitur,

923 1437 977 1464 Lex
990 1437 1080 1469 docet,
1095 1441 1120 1464 et
1134 1442 1197 1465 ante
1215 1438 1300 1473 legem
1317 1443 1432 1472 natura;

925 1483 1000 1511 Unde
1013 1483 1140 1511 convenit
1154 1491 1211 1516 eas,
1227 1484 1301 1512 velut
1317 1484 1383 1518 mel,

924 1528 1021 1557 Dulces
1044 1529 1143 1556 mirum
1165 1531 1192 1556 in
1209 1530 1320 1557 modum
1345 1537 1422 1558 escas
1436 1530 1481 1558 hic
1504 1531 1719 1566 apprehendere.

960 1575 1055 1603 Sancti
1070 1575 1177 1603 Basilii.
1194 1592 1229 1596 —
1241 1576 1380 1610 Optimum
1404 1577 1509 1605 homini
1522 1578 1624 1605 donum
1644 1586 1720 1607 mors

924 1627 982 1656 est;
1001 1623 1099 1650 liberat
1112 1623 1184 1650 enim
1199 1630 1232 1650 ex
1252 1623 1294 1651 his
1307 1631 1368 1658 quat
1378 1624 1495 1652 debebat
1511 1631 1591 1660 agere
1607 1625 1698 1653 malis.

962 1716 1038 1744 Bouo
1054 1724 1103 1752 pro
1116 1717 1202 1744 nihilo
1218 1718 1369 1752 reputanda
1387 1721 1429 1746 est
1446 1717 1559 1746 invidia.

962 1762 1135 1798 Impossibile
1163 1767 1206 1790 est
1238 1763 1365 1791 humanae
1394 1768 1501 1792 natura:
1531 1772 1587 1792 non
1622 1763 1707 1791 haber

927 1809 1028 1843 aliquid
1046 1809 1118 1836 unde
1133 1809 1263 1844 patiatur,
1284 1817 1397 1843 parvum
1415 1809 1457 1837 vel
1472 1809 1572 1844 majus.

964 1855 1056 1882 Otium
1071 1853 1129 1882 vitii
1145 1855 1321 1889 principium.

892 1887 913 1915 Β
964 1900 1070 1928 Inutilis
1083 1887 1166 1927 animi
1179 1887 1286 1927 lucrum
1301 1900 1390 1935 culpa.

963 1945 1082 1973 Pravum
1106 1946 1179 1981 vulgi
1194 1946 1327 1981 judicium
1354 1945 1475 1980 pessimo
1492 1945 1635 1981 imperium
1652 1955 1720 1976 cen-

928 1993 1000 2021 tulit.

964 2038 1058 2066 Virtus
1079 2038 1205 2066 sanitatis
1228 2037 1363 2065 rationem
1390 2042 1491 2070 servat,
1512 2038 1606 2065 vitium
1631 2044 1723 2067 autem

929 2085 1030 2113 mentis
1042 2086 1155 2112 morbus
1166 2090 1218 2112 est.
1235 2084 1346 2112 Sanitas
1363 2092 1427 2112 vero
1442 2090 1484 2112 est
1500 2084 1659 2112 facultatum
1673 2094 1724 2112 ua-

932 2139 1000 2160 turat
1017 2131 1088 2159 bona
1104 2130 1279 2166 compositio.

968 2177 1112 2205 Fortitudo
1143 2183 1169 2205 et
1207 2177 1353 2212 sapientia,
1384 2177 1493 2213 justitia
1520 2182 1547 2205 et
1580 2177 1724 2212 prudentia

934 2224 1017 2251 menti
1035 2223 1210 2258 pretiosiores
1223 2227 1287 2251 sunt
1305 2231 1388 2259 quam
1402 2224 1511 2259 corpori
1527 2224 1642 2252 sanitas.

939 2348 1014 2376 tiano
1026 2348 1139 2383 protulit
1155 2348 1316 2380 Bandinius,
1329 2356 1345 2376 a
1361 2353 1455 2376 nostra
1472 2349 1587 2376 lectione
1603 2356 1655 2376 non
1669 2349 1726 2377 dis-

936 2389 1088 2418 crepantes.
1118 2383 1146 2411 In
1171 2383 1283 2416 Veneto,
1312 2388 1381 2411 teste
1405 2383 1529 2416 Morcllo,
1546 2384 1633 2418 prima
1659 2392 1726 2412 ano-

935 2426 1016 2446 nvmu
1034 2424 1085 2446 est.

956 2426 1105 2488 Υξιιῖἲῖῗῗεξίο
1133 2453 1204 2481 Tim.
1226 2454 1301 2489 p.29
1317 2454 1357 2481 D:
1380 2453 1495 2487 ’Λγαθδς
1518 2450 1564 2488 ἦν,
1589 2454 1684 2488 ἀγαθῷ
1698 2455 1726 2481 δὲ

935 2489 1021 2520 οὐδεὶς
1036 2489 1101 2524 περὶ
1116 2489 1222 2520 οὐδενὸς
1241 2490 1370 2516 οὐδέποτε
1386 2489 1541 2524 ἐγγίγνεται
1561 2489 1667 2522 φθόνος.
1684 2490 1724 2516 ω’.

937 2525 1013 2552 Stob.
1033 2522 1079 2556 58,
1095 2524 1148 2557 55;
1164 2524 1248 2551 Notit.
1269 2532 1334 2552 mss.
1352 2529 1372 2551 t.
1387 2522 1444 2555 XII,
1458 2531 1488 2554 ιι,
1504 2531 1531 2557 p.
1548 2524 1598 2556 It);
1614 2524 1724 2552 Bceckh.

938 2560 964 2586 in
979 2559 1046 2586 Plat.
1064 2561 1131 2587 Mrn.
1148 2567 1176 2594 p.
1194 2559 1239 2587 58,
1256 2559 1320 2587 Vide
1338 2559 1409 2585 iul'ra
1422 2567 1448 2593 p.
1465 2558 1529 2594 t05.

973 2595 1010 2629 (5)
1028 2593 1161 2622 Libauius
1182 2599 1200 2621 ι.
1228 2594 1259 2625 II,
1277 2603 1303 2629 p.
1324 2595 1376 2622 505
1398 2593 1573 2621 Reiskianazz
1599 2593 1662 2620 Ἐπὶ
1676 2593 1726 2628 τὴν

938 2630 1043 2666 μυρίων
1061 2630 1168 2666 μητέρα
1189 2630 1283 2656 κακῶν
1296 2629 1421 2661 νωθείαν,
1440 2630 1486 2655 καὶ
1511 2629 1659 2662 μαλακίαν,
1678 2637 1726 2655 κε-

954 2665 1103 2693 ωρήκασιν,

936 2673 1103 2700 χωρηκασιν,

972 2700 1008 2734 (6)
1027 2700 1046 2725 Ε
1067 2699 1166 2727 Basilio
1180 2698 1260 2727 Hom.
1278 2707 1348 2727 mor.
1368 2698 1404 2726 De
1418 2697 1545 2732 imperio,
1565 2697 1626 2725 init.

972 2735 1010 2770 (7)
1025 2735 1127 2763 Cout‘cr
1149 2736 1219 2762 inl'ra
1235 2736 1261 2762 in
1273 2736 1291 2761 Z
1307 2743 1312 2760 :
1326 2735 1402 2769 Ζωῆς
1413 2734 1604 2795 ἀκαίρου...δ).
1622 2733 1726 2773 57,.10.

972 2771 1009 2795 ιδ)
1025 2770 1108 2795 anil.
1142 2769 1221 2795 IIom.
1251 2778 1320 2795 mor.
1345 2768 1383 2795 De
1397 2769 1487 2795 anima
1502 2776 1530 2795 υ.
1550 2768 1567 2795 4
1587 2767 1613 2795 8.
1638 2775 1726 2795 prima

972 2767 1009 2806 (8)
1025 2770 1108 2798 Basil.
1142 2769 1221 2797 Ilom.
1251 2778 1320 2798 mor.
1345 2767 1385 2797 De
1397 2767 1487 2797 anima
1502 2776 1530 2804 p.
1550 2767 1613 2802 408,
1638 2768 1727 2803 prima

936 2806 993 2833 haec
1011 2806 1092 2834 verba
1105 2806 1195 2834 habet.
