1912 3072
206 123 273 157 1121

805 122 1017 154 GEORGIDIS
1037 110 1211 154 nomen!

1767 121 1830 154 “23

204 183 313 216 credet;
329 181 374 216 qui
388 185 479 208 autem
496 185 623 216 expertus
641 185 683 207 est
698 179 731 206 ad
748 186 893 206 assensum
914 186 992 213 para-

1081 187 1118 205 ιεν
1135 187 1142 194 ι
1163 180 1178 206 6
1194 179 1222 206 δὲ
1240 178 1334 206 παθὼν
1345 204 1353 212 ,
1372 179 1411 210 είς
1427 177 1626 212 συγκατάθεσιν
1650 175 1829 212 ιτοιμότιρος.

206 230 258 257 tior
272 229 312 256 ﬁt.

241 274 300 302 Non
316 279 403 301 tutum
416 279 458 302 est
472 280 535 301 cum
552 277 625 300 veste
638 276 743 305 natare,
755 278 843 306 neque
852 271 995 305 passiones

205 320 313 348 habenti
333 319 475 355 theologia:
490 326 520 346 se
530 318 678 352 applicare.

240 366 315 393 Nihil
331 366 495 393 imbecillius
510 364 621 391 horuine
635 367 704 390 terra
716 362 850 397 producit.

239 411 345 446 σιμ-ἰαί.
362 426 397 431 —-
411 411 482 438 Deus
507 409 668 444 magniﬁcus
691 413 732 435 cst
748 409 775 435 in
798 406 994 438 beneﬁcentia;

203 463 342 492 exspectat
358 464 423 484 vero
435 456 570 491 cujusque
586 455 733 490 legitimam
745 454 924 480 voluntatem.

241 503 326 530 Sexti.
343 517 376 523 —-
391 501 450 530 Non
463 502 508 537 qui
527 501 604 529 dives
620 505 673 534 est,
689 500 736 528 sed
751 500 798 536 qui
816 507 870 526 non
893 498 996 533 indiget

203 550 318 581 divitiis,
334 549 378 576 ille
393 549 490 576 beatus
502 552 554 575 cst.

238 595 297 623 Non
323 595 383 622 vitae
408 595 528 622 brevitas
542 594 669 621 luctuosa
689 597 742 626 est,
757 591 805 620 sed
827 590 912 626 quod,
930 597 994 618 cum

203 642 294 669 brevis
308 642 354 673 sit,
372 642 465 669 varias
482 641 563 668 habet
577 647 670 668 curas.

239 686 312 714 Nihil
328 687 364 714 ita
378 687 411 714 ad
426 687 600 714 dilectionem
619 686 742 718 adducit,
759 689 787 712 ut
803 684 922 719 aliquem
939 690 994 710 non

204 733 278 768 parvi
296 732 395 760 faecre.

240 778 404 806 Salomonis.
421 792 457 798 —
473 777 550 805 Oculi
564 778 604 804 tui
625 782 701 804 recta
722 775 843 809 videant,
862 775 992 811 quoniam

205 832 297 852 coram
311 825 400 852 oculis
416 824 463 852 Dei
484 829 559 852 sunt.

241 870 282 898 lra
296 871 430 905 disperdit
445 871 485 898 vel
497 871 645 905 sapientes.

247 917 300 950 Qui
339 917 410 944 celat
445 917 587 948 delictum,
619 915 717 950 quaerit
756 914 920 947 amicitiam;
950 914 998 949 qui

205 969 296 990 autem
326 963 417 991 celare
442 962 708 998 recusat,disjungit
732 962 835 989 amicos
859 964 886 988 et
915 960 997 988 fami-

206 1009 298 1036 liares.

241 1054 325 1081 Sexti.
346 1069 379 1075 —
394 1052 468 1081 Nihil
492 1053 563 1081 inter
589 1053 734 1089 praesentia
758 1052 922 1088 jucundum,
945 1054 998 1082 nisi

207 1100 279 1134 quod
296 1107 403 1135 semper
418 1103 520 1126 manet.

243 1144 337 1179 Neque
350 1145 505 1172 convivium
521 1145 582 1172 sine
597 1145 757 1176 concordia,
778 1151 869 1179 neque
895 1144 998 1173 divitiae

207 1191 502 1227 δὶιιονίμιιιισκξυεςιηι.

244 1248 405 1277 Salomonis.
419 1265 453 1270 —
467 1248 523 1283 Qui
542 1247 645 1276 revelat
658 1247 819 1283 mysterium
842 1247 921 1275 ﬁdem
936 1254 998 1283 pcr-

207 1296 283 1324 didii.

243 1341 295 1375 Qui
309 1349 372 1369 cum
397 1341 489 1369 cordis
519 1340 619 1368 iiducia
642 1340 740 1373 credit,
760 1341 860 1368 stultus
873 1343 916 1368 est
932 1347 940 1372 ;
955 1346 1001 1368 sa-

207 1388 313 1423 pientes
327 1392 417 1414 autem
431 1386 601 1415 abscondent
617 1387 794 1414 sententiam.

244 1432 296 1466 Qui
311 1432 430 1460 custodit
446 1440 478 1459 os
497 1439 589 1464 suum,
605 1435 695 1459 servat
707 1431 826 1458 animam
843 1438 938 1464 suam;
953 1430 1000 1466 qui

208 1483 299 1507 autem
314 1483 457 1514 promptus
469 1482 511 1505 est
524 1477 605 1505 labiis
621 1477 743 1512 seipsum
760 1477 882 1505 terrebit.

244 1570 296 1604 Qui
319 1569 460 1605 jucundus
490 1573 533 1597 est
559 1569 586 1597 in
609 1570 664 1597 vini
694 1569 944 1605 compotationibus
969 1569 997 1596 in

208 1618 265 1645 suis
282 1616 460 1644 munimentis
471 1616 606 1651 relinquet
620 1616 749 1644 dedecus.

243 1663 295 1697 Qui
321 1664 468 1699 respondet
488 1665 602 1690 verbum
622 1662 781 1699 priusquam
811 1663 913 1696 audiat,
930 1663 1000 1690 stul-

209 1710 269 1738 titia
287 1710 325 1737 illi
342 1714 384 1737 est
399 1715 424 1737 et
437 1709 574 1736 confusio.

244 1755 338 1782 Nullus
353 1756 405 1783 erit
420 1755 528 1782 bibendi
542 1762 650 1788 amans,
662 1754 684 1783 si
696 1762 751 1790 pra
761 1754 848 1782 oculis
860 1755 998 1783 ebriorum

209 1801 337 1830 indecora
356 1801 492 1829 habuerit.

244 1847 297 1880 Qui
309 1847 336 1874 in
354 1848 438 1875 verbo
453 1850 597 1882 promptus
611 1851 653 1875 est
664 1846 727 1874 odio
741 1847 894 1875 habebitur.

244 1893 349 1929 Lapsus
363 1901 378 1921 a
394 1893 654 1929 pavimento.potius
667 1901 750 1929 quam
766 1902 779 1921 a
796 1894 900 1930 lingua.

243 1985 295 2019 Qui
307 1986 403 2014 nititur
419 1984 579 2018 mendaciis,
597 1984 642 2012 ille
654 1989 748 2012 ventos
761 1989 864 2020 pascet.

243 2080 295 2114 Qui
309 2079 401 2108 educit
416 2079 547 2108 eximium
572 2087 606 2107 ex
631 2078 754 2114 indigno,
767 2078 839 2106 velut
853 2085 885 2106 os
907 2086 997 2107 meum

206 2129 268 2155 erit.

247 2173 314 2202 Post
340 2173 576 2209 concupiscentias
607 2176 667 2200 tuas
698 2179 752 2199 non
767 2179 826 2204 eas,
842 2175 869 2199 et
891 2179 907 2199 a
929 2179 996 2199 con-

1083 273 1140 300 Οὐκ
1157 272 1277 307 ἀσφαλὲς
1302 272 1360 308 μετ’
1381 272 1493 307 ὲσοῆτος
1508 270 1649 307 νήχεσθαι,
1664 269 1727 297 οὐδὲ
1750 269 1832 301 πάθος

1047 318 1135 353 ἔχοντι
1155 318 1294 351 θεολογίας
1313 317 1459 344 ἅπτεσθαι.

1082 364 1167 391 Οὐδὲν
1181 364 1219 398 (5)
1234 364 1406 399 ἀκιδνότερον
1425 363 1459 398 γῆ
1478 362 1605 398 ἐκτρέφει
1623 361 1788 396 ἀνθρώποιο.

1085 410 1248 444 Κινρίλλου.
1261 424 1297 429 —-
1318 409 1347 435 ὐ
1361 408 1426 439 θεὸς
1440 407 1556 442 δαψιλής
1574 408 1649 433 ἐστιν
1671 406 1713 437 εἰς
1726 407 1831 441 εὐεργιο

1048 455 1108 482 σίαν
1119 463 1127 470 ·
1142 454 1285 490 περιμένει
1299 454 1327 481 δὲ
1342 455 1458 481 ἑκάστου
1470 453 1518 489 τὴν
1530 453 1647 488 γνησίαν
1662 452 1829 487 προαίρεσιν.

1082 499 1229 528 Σέκστου.
1247 515 1284 521 ——
1298 502 1355 536 Οὐχ
1371 500 1409 535 (tl)
1421 500 1435 526 6
1454 499 1589 535 πλουτῶν,
1609 498 1668 524 ἀλλ’
1687 499 1701 525 6
1717 498 1756 533 μὴ
1768 498 1830 533 χρῄ-

1047 546 1101 578 ζων
1116 546 1241 578 πλούτου,
1257 546 1402 581 μακάριος.

1082 592 1158 627 Οὑξτδ
1172 592 1303 627 σύντομον
1313 591 1360 618 τοῦ
1373 591 1431 627 βίου
1441 590 1536 622 δεινὸν,
1546 590 1604 617 ἀλλ’
1617 590 1670 623 ὅτι,
1683 587 1828 625 βραχὺίβ)

1047 637 1187 672 πεφυκὼς,
1201 638 1326 669 ποικίλας
1342 637 1399 672 ἔχει
1415 637 1570 671 φροντίδας.

1083 683 1165 710 Οὐδὲν
1177 682 1264 715 οὕτως
1276 684 1416 717 εὐάγωγον
1426 684 1465 715 εἰς
1475 683 1595 718 ἀγάπην,
1606 682 1644 715 ὡς
1657 682 1688 709 τὸ
1701 682 1739 718 μὴ
1752 691 1829 709 κατα-

1047 728 1193 764 γινώσκειν
1210 729 1274 757 τινί.

1081 768 1283 809 Σολομῶνξος.
1299 790 1335 795 -
1346 775 1379 802 0t
1394 775 1432 811 (6)
1448 774 1583 810 ὀφθαλμοί
1599 783 1645 802 σου
1657 774 1726 810 ὀρθὰ
1742 774 1829 809 βλεπέ-

1046 829 1148 854 τωσαν,
1167 822 1210 848 ὅτι
1224 821 1339 848 ἐνώπιόν
1353 822 1407 848 εισι
1423 821 1477 848 τῶν
1490 821 1538 848 τοῦ
1551 821 1620 848 Θεοῦ
1632 821 1789 856 ὀφθαλμῶν.

1013 861 1037 892 Β
1086 867 1137 902 71
1160 868 1244 903 Ὀργὴ
1259 867 1297 903 (7)
1316 867 1447 894 ἀπόλλυσι
1461 868 1509 894 καὶ
1526 867 1687 903 φρονίμους.

1087 915 1136 947 ⁸ος
1149 915 1189 950 (8)
1207 914 1323 949 κρύπτει
1337 915 1469 950 ἀδίκημα,
1486 915 1564 950 ζητεῖ
1581 914 1673 948 φιλίαν
1683 922 1690 928 ·
1702 913 1732 945 ὃς
1747 913 1774 940 δὲ
1790 922 1828 948 μι-

1050 962 1093 988 σεῖ
1107 961 1250 996 κρύπτειν,
1268 961 1385 995 διίστησι
1400 961 1493 995 φίλους
1510 962 1556 987 καὶ
1572 959 1701 991 οἰκείους.

1085 1054 1230 1082 Σέκστου.
1248 1067 1281 1074 -—
1295 1053 1377 1080 Οὐδὲν
1394 1052 1449 1079 τῶν
1467 1052 1610 1087 παρόντων
1630 1052 1690 1078 ἐστὶ
1710 1051 1827 1087 τερπνὸν,

1049 1103 1073 1129 εί
1092 1101 1130 1137 μὴ
1144 1101 1175 1128 τδ
1190 1100 1269 1135 μένον
1284 1099 1338 1127 ἀεί.

1084 1147 1154 1174 Οὔτε
1168 1146 1207 1181 (9)
1227 1145 1377 1180 συμπόσιον
1397 1144 1462 1172 ἄνευ
1480 1144 1617 1180 ὁμονοίας,
1640 1143 1704 1170 οὔτε
1722 1143 1829 1175 πλοῦτος

1049 1194 1111 1229 δίχα
1123 1194 1224 1230 ἀρετῆς
1239 1192 1336 1228 ἡδονὴν
1351 1191 1419 1227 ἔχει.

1085 1250 1288 1285 Σολομῶντος.
1302 1263 1338 1269 --
1360 1249 1388 1276 '0
1407 1248 1463 1285 (l0)
1487 1239 1668 1283 ἀποκαλύψας
1687 1248 1828 1284 μυστήριον

1049 1296 1175 1324 ἀπώλεσε
1192 1296 1294 1324 πίστιν.

1088 1344 1136 1374 ὐς
1154 1343 1210 1378 (11)
1226 1341 1356 1369 πέποιθεν
1381 1342 1428 1369 ἐπὶ
1449 1342 1545 1378 θράσει
1568 1341 1695 1378 καρδίας,
1720 1342 1810 1377 ἄφρων
1823 1349 1829 1356 ·

1051 1389 1128 1424 σοφοὶ
1142 1389 1171 1416 δὲ
1188 1389 1243 1424 (12)
1260 1388 1410 1423 κρύψουσιν
1430 1387 1566 1424 αἴσθησιν.

1089 1436 1137 1467 ’ος
1152 1435 1207 1470 (15)
1228 1435 1358 1470 φυλάσσει
1370 1435 1400 1461 τὺ
1417 1435 1504 1470 στόμα
1519 1434 1602 1462 αὑτοῦ
1615 1437 1698 1471 τηρεῖ
1710 1435 1760 1471 τὴν
1773 1436 1831 1462 ἐαυ-

1050 1482 1097 1509 τοῦ
1130 1481 1234 1517 ψυχήν
1262 1482 1277 1508 6
1306 1481 1336 1508 δὲ
1364 1482 1506 1517 προπετὴς
1536 1482 1565 1508 ἐν
1590 1482 1693 1517 χείλεσι
1723 1483 1832 1518 πτοήσει

1012 1534 1035 1565 c
1050 1527 1157 1556 ἑαυτόν.

1087 1575 1136 1606 ’ος
1152 1574 1208 1610 (11)
1223 1575 1298 1602 ἐστιν
1324 1575 1390 1610 ἡδὺς
1413 1575 1443 1602 ὲν
1459 1575 1539 1602 οἴνων
1561 1574 1714 1611 διατριϐαῖς
1733 1574 1763 1600 ὲν
1780 1575 1832 1606 τοῖς

1050 1620 1147 1648 ἑαυτοῦ
1162 1621 1322 1657 ὀχυρώμασι
1338 1621 1496 1656 καταλείψει
1509 1621 1633 1656 ἀτιμίαν.

1088 1668 1136 1699 "O;
1152 1667 1207 1702 (15)
1222 1668 1399 1702 ἀποκρίνεται
1414 1668 1493 1702 λόγον
1515 1669 1579 1704 πρὶν
1599 1668 1727 1701 ἀκοῦσαι,
1750 1669 1834 1704 ἀφραι-

1051 1713 1117 1749 σύνη
1133 1713 1208 1748 αὐτῷ
1223 1715 1297 1740 ἐστιν
1315 1715 1362 1740 καὶ
1376 1714 1488 1746 ὄνειδος.

1085 1759 1180 1791 οὐδεὶς
1196 1759 1251 1795 (16)
1267 1758 1343 1785 ἔσται
1354 1759 1511 1795 φιλοπότης,
1524 1759 1549 1785 εί
1563 1760 1617 1795 πρὸ
1630 1760 1777 1796 ὀφθαλμῶν
1787 1759 1834 1791 τὰς

1049 1804 1103 1832 τῶν
1121 1805 1275 1840 μεθυόντων
1294 1804 1487 1840 ἀσχημοσύνας
1502 1807 1569 1842 ἔχει.

1090 1851 1120 1877 '0
1141 1850 1197 1886 (l7)
1216 1850 1354 1885 προπετὴς
1370 1851 1400 1876 ὲν
1416 1851 1487 1886 λόγῳ
1508 1852 1702 1888 μισηθήσεται.

1090 1897 1240 1932 ὀλίσθημα
1256 1897 1312 1932 (18)
1327 1896 1382 1924 ἀπὸ
1395 1897 1510 1933 ἐδάφους
1528 1898 1628 1934 μᾶλλον
1644 1899 1662 1934 ἢ
1676 1898 1732 1926 ἀπὸ
1748 1898 1833 1933 γλώσ-

1049 1952 1109 1978 σης.

1085 1989 1140 2025 72
1154 1990 1202 2022 Ὃς
1214 1990 1269 2026 (19)
1285 1991 1419 2026 ἐρείδεται
1431 1991 1479 2018 ἐπὶ
1493 1990 1630 2026 ψεύδεσιν,
1649 2000 1727 2023 ουτος
1738 1999 1831 2026 ποιμα-

1050 2035 1091 2062 νεῖ
1105 2035 1233 2070 ἀνέμους.

1091 2081 1121 2108 '0
1135 2081 1240 2117 ἐξάγων
1254 2082 1344 2118 τίμιον
1358 2082 1387 2116 ἐξ
1399 2082 1520 2116 ἀναξίου,
1531 2083 1568 2116 ὡς
1584 2084 1673 2119 στόμα
1683 2093 1736 2119 μου
1748 2084 1830 2111 ἔσται.

1093 2174 1197 2201 Ὀπίσω
1215 2173 1272 2209 (20)
1289 2174 1343 2201 τῶν
1358 2174 1510 2210 ἐπιθυμιῶν
1530 2183 1577 2202 σου
1592 2175 1630 2210 μὴ
1644 2176 1772 2210 πορεύου,
1786 2176 1830 2203 καὶ

208 2221 278 2248 siliis
295 2220 349 2248 tuis
361 2224 503 2251 avertere;
520 2226 554 2246 ne
571 2217 713 2246 oblectet-is
727 2219 755 2245 in
771 2217 864 2245 multis
881 2217 994 2250 deliciis,

1081 2219 1105 2245 τὺ
1117 2219 1172 2245 τῶν
1186 2218 1301 2254 ὸρέξεών
1312 2228 1358 2246 σου
1372 2220 1478 2247 κωλύου
1491 2228 1498 2235 ·
1510 2220 1557 2247 καὶ
1570 2220 1608 2256 μὴ
1619 2221 1764 2256 εὐφραίνου
1778 2222 1828 2256 (il)

236 2310 285 2345 ,(5)
301 2309 436 2345 Corrupit
445 2315 554 2345 versum
575 2307 683 2336 Homeri
704 2307 755 2336 Od.
773 2317 848 2342 xvur,
863 2308 898 2336 50
913 2317 919 2335 :
935 2309 998 2336 Οὐδ.

209 2343 296 2372 ακιδν.
311 2345 375 2378 γαῖα
389 2343 486 2378 τρέφει
503 2343 582 2378 map.

245 2379 283 2415 (4)
301 2379 333 2406 Et
348 2379 418 2413 apud
440 2381 503 2415 Ant.
525 2378 694 2415 SermLHO,
709 2386 736 2413 p.
758 2378 821 2411 220,
840 2378 885 2406 ubi
903 2379 998 2415 δχρῄ·

211 2414 278 2447 ζων,
306 2415 378 2449 quod
406 2414 522 2448 pessime
549 2414 667 2441 reddidit
690 2415 835 2448 interpres,
861 2422 870 2438 σ
898 2414 999 2442 divitiis

210 2454 309 2477 utens:
327 2458 337 2474 ι
363 2449 501 2476 inseratur
526 2449 574 2484 μὴ,
595 2453 621 2475 et
633 2454 705 2475 verte
720 2457 727 2475 :
742 2457 751 2474 ι
765 2449 812 2476 sed
828 2449 872 2484 qui
887 2456 940 2476 non
957 2450 999 2476 in-

208 2485 281 2520 diget
296 2484 408 2517 divitiis,
427 2484 524 2520 beatus
539 2484 583 2511 ille
602 2489 652 2511 est.
675 2493 684 2509 ι

244 2519 283 2555 (5)
303 2520 405 2555 Codex,
421 2519 520 2555 βραχύ.

245 2556 283 2591 (6)
300 2554 385 2591 Prov.
398 2563 434 2587 ιν,
449 2554 500 2591 25;
517 2559 544 2582 et
559 2562 587 2586 v,
602 2554 647 2581 21.

243 2592 281 2625 (7)
299 2590 377 2617 Prov.
394 2598 438 2620 xv,
456 2590 481 2616 1.

255 2627 282 2659 8)
299 2626 378 2653 Prov.
395 2633 461 2656 xvii,
478 2625 504 2657 9,
520 2625 565 2652 ubi
580 2624 746 2659 ἀδικήματα.

255 2628 282 2659 8)
299 2628 378 2653 Prov.
395 2633 461 2656 xvii,
478 2628 504 2657 9,
520 2628 565 2652 ubi
580 2628 746 2659 ἀδικήματα.

243 2628 283 2698 (9)
302 2662 380 2696 Apud
391 2662 492 2698 Anton.
505 2661 594 2698 Serm.
607 2660 668 2698 141),
685 2668 746 2698 pag.
766 2660 830 2694 220,
843 2669 904 2698 curn
922 2665 996 2688 nota-

211 2695 260 2725 bili
275 2695 414 2733 varietate
438 2695 546 2733 ὁμιλίας
560 2703 609 2731 pro
637 2696 774 2733 ῥμονοίας.
790 2703 816 2733 et
840 2696 935 2733 χωρὶς
947 2704 995 2731 pro

207 2733 292 2794 itide:
311 2740 380 2767 quas
406 2732 535 2759 lectiones
558 2732 646 2766 reperi
667 2736 692 2759 et
719 2732 745 2758 in
761 2732 854 2775 codice
874 2732 952 2764 1168,
966 2739 992 2767 p.

230 2771 255 2799 1,
268 2769 295 2794 2.
771 2769 774 2775 ¹

244 2802 302 2872 (1190‘)
319 2801 427 2830 Sirach.
452 2802 538 2836 xxvri,
557 2801 600 2836 l6,
618 2801 665 2830 ubi
683 2802 698 2829 6
717 2801 918 2830 ἀποκαλύπτων
943 2811 996 2837 μυ-

291 2846 342 2865 α...

210 2844 316 2871 στηρια,
323 2856 342 2864 ..

1088 2309 1144 2344 (ll)
1158 2309 1238 2336 Prov.
1255 2317 1350 2342 xxvm,
1362 2309 1407 2343 26,
1420 2309 1466 2338 ubi
1477 2309 1590 2346 θρασείᾳ.
1604 2311 1714 2346 καρδίᾳ,
1725 2312 1739 2338 6
1752 2310 1826 2338 τοιοῦ-

1050 2345 1236 2414 "Edidit.
1254 2387 1282 2411 χ,
1300 2380 1342 2408 ιι.

1086 2414 1238 2452 (15)(ΑΡτον.
1259 2423 1318 2448 xm,
1333 2415 1360 2450 3,
1376 2416 1423 2444 ubi
1439 2416 1469 2443 τὸ
1484 2416 1582 2444 ἑαυτοῦ
1596 2416 1716 2452 πόμα...
1730 2423 1822 2452 προπι-

1048 2450 1097 2485 τὴς
1108 2450 1175 2484 χείλ.

1085 2486 1140 2522 (lt)
1157 2486 1304 2522 l'rovaxu,
1322 2487 1366 2514 11.
1382 2486 1428 2514 Est
1441 2492 1468 2514 et
1481 2487 1552 2522 apud
1568 2487 1668 2515 Anton.
1685 2488 1766 2516 Serm.
1779 2485 1818 2518 68,

1048 2528 1075 2556 p.
1089 2521 1211 2557 111.ρὅ
1226 2521 1271 2547 ubi
1288 2524 1358 2548 male
1372 2522 1445 2557 οίνῳ.

1085 2555 1142 2590 (15)
1155 2555 1235 2582 Prov.
1249 2564 1326 2588 xvm,
1343 2557 1387 2584 15.

1087 2591 1143 2629 (lii)
1159 2591 1235 2625 Apud
1250 2591 1350 2618 Anton.
1365 2591 1453 2629 Serm.
1466 2592 1510 2629 68,
1523 2600 1551 2628 ρ.
1565 2593 1626 2626 116,
1637 2593 1682 2628 59,
1695 2591 1761 2629 σοφῷ
1771 2589 1816 2617 τινὶ

1050 2626 1189 2656 tribuitur,
1204 2631 1230 2652 et
1244 2633 1305 2653 cum
1326 2627 1454 2654 varietate
1467 2627 1505 2655 ibi
1520 2626 1645 2657 videnda.

1086 2662 1141 2695 (17)
1158 2661 1264 2688 Sirach.
1283 2669 1321 2693 Ix,
1339 2662 1382 2689 18.

1086 2697 1142 2732 (18)
1161 2696 1268 2723 Siracli.
1286 2704 1333 2729 xx,
1349 2697 1392 2724 18.

1087 2733 1141 2767 (19)
1161 2731 1243 2768 ljrov.
1254 2739 1280 2764 ι,
1296 2731 1323 2764 5,
1340 2732 1385 2759 ubi
1402 2733 1551 2768 ποιμαίνει.

1088 2768 1143 2803 ('20)
1158 2766 1265 2803 Sirach.
1284 2775 1360 2799 xvrn,
1376 2768 1420 2795 50.

1087 2802 1143 2838 (21)
1161 2802 1267 2830 Siracb.
1287 2810 1364 2836 xvtn,
1383 2803 1427 2831 32.
