  <div class='ocr_page' id='page_1' title='image "/cluster/home/n/w/nwhite01/storage/ocr_20150623/117/njp.32101010943940/739.png"; bbox 0 0 1912 3072; ppageno 0'>
   <div class='ocr_carea' id='block_1_1' title="bbox 188 160 254 194">
    <p class='ocr_par' dir='ltr' id='par_1_1' title="bbox 188 160 254 194">
     <span class='ocr_line' id='line_1_1' title="bbox 188 160 254 194; baseline 0.03 -2"><span class='ocrx_word' id='word_1_1' title='bbox 188 160 254 194; x_wconf 72' lang='lat' dir='ltr'><strong>i211</strong></span> 
     </span>
    </p>
   </div>
   <div class='ocr_carea' id='block_1_2' title="bbox 827 156 1200 190">
    <p class='ocr_par' dir='ltr' id='par_1_2' title="bbox 827 156 1200 190">
     <span class='ocr_line' id='line_1_2' title="bbox 827 156 1200 190; baseline -0.005 -1"><span class='ocrx_word' id='word_1_2' title='bbox 827 158 976 190; x_wconf 78' lang='lat' dir='ltr'><strong>SUIDAS.</strong></span> <span class='ocrx_word' id='word_1_3' title='bbox 988 171 1021 176; x_wconf 85' lang='lat'><strong>—</strong></span> <span class='ocrx_word' id='word_1_4' title='bbox 1031 156 1200 188; x_wconf 78' lang='lat' dir='ltr'><strong>NOTlTlA.</strong></span> 
     </span>
    </p>
   </div>
   <div class='ocr_carea' id='block_1_3' title="bbox 1754 146 1823 179">
    <p class='ocr_par' dir='ltr' id='par_1_3' title="bbox 1754 146 1823 179">
     <span class='ocr_line' id='line_1_3' title="bbox 1754 146 1823 179; baseline -0.029 0"><span class='ocrx_word' id='word_1_5' title='bbox 1754 146 1823 179; x_wconf 77' lang='grc' dir='ltr'><strong>ῙΞῙΞ</strong></span> 
     </span>
    </p>
   </div>
   <div class='ocr_carea' id='block_1_4' title="bbox 189 203 1820 252">
    <p class='ocr_par' dir='ltr' id='par_1_4' title="bbox 189 203 1820 252">
     <span class='ocr_line' id='line_1_4' title="bbox 189 203 1820 252; baseline -0.009 -8"><span class='ocrx_word' id='word_1_6' title='bbox 189 217 333 252; x_wconf 78' lang='lat' dir='ltr'><strong>Hesychia,</strong></span> <span class='ocrx_word' id='word_1_7' title='bbox 357 223 432 252; x_wconf 70' lang='lat' dir='ltr'><strong>quam</strong></span> <span class='ocrx_word' id='word_1_8' title='bbox 455 216 643 251; x_wconf 80' lang='lat' dir='ltr'><strong>compilabant,</strong></span> <span class='ocrx_word' id='word_1_9' title='bbox 669 215 710 242; x_wconf 81' lang='lat' dir='ltr'><strong>vel</strong></span> <span class='ocrx_word' id='word_1_10' title='bbox 738 215 799 243; x_wconf 86' lang='lat' dir='ltr'><strong>aliis</strong></span> <span class='ocrx_word' id='word_1_11' title='bbox 827 213 977 250; x_wconf 68' lang='lat' dir='ltr'><strong>glossariis.</strong></span> <span class='ocrx_word' id='word_1_12' title='bbox 994 216 1015 244; x_wconf 75' lang='grc' dir='ltr'>Α</span> <span class='ocrx_word' id='word_1_13' title='bbox 1030 212 1204 246; x_wconf 84' lang='lat' dir='ltr'><strong>dilucideque</strong></span> <span class='ocrx_word' id='word_1_14' title='bbox 1220 208 1346 246; x_wconf 81' lang='lat' dir='ltr'><strong>patefecit</strong></span> <span class='ocrx_word' id='word_1_15' title='bbox 1361 208 1397 236; x_wconf 84' lang='lat' dir='ltr'><strong>cl.</strong></span> <span class='ocrx_word' id='word_1_16' title='bbox 1411 206 1551 238; x_wconf 77' lang='lat' dir='ltr'><strong>Mt&#39;tllerus,</strong></span> <span class='ocrx_word' id='word_1_17' title='bbox 1567 208 1659 232; x_wconf 84' lang='lat' dir='ltr'><strong>rector</strong></span> <span class='ocrx_word' id='word_1_18' title='bbox 1674 203 1820 233; x_wconf 77' lang='lat' dir='ltr'><strong>Citzensis.</strong></span> 
     </span>
    </p>
   </div>
   <div class='ocr_carea' id='block_1_5' title="bbox 188 260 974 296">
    <p class='ocr_par' dir='ltr' id='par_1_5' title="bbox 188 260 974 296">
     <span class='ocr_line' id='line_1_5' title="bbox 188 260 974 296; baseline -0.005 -7"><span class='ocrx_word' id='word_1_19' title='bbox 188 270 262 290; x_wconf 84' lang='lat' dir='ltr'><strong>nunc</strong></span> <span class='ocrx_word' id='word_1_20' title='bbox 277 261 354 289; x_wconf 86' lang='lat' dir='ltr'><strong>nobis</strong></span> <span class='ocrx_word' id='word_1_21' title='bbox 379 261 491 296; x_wconf 75' lang='lat' dir='ltr'><strong>ignotis,</strong></span> <span class='ocrx_word' id='word_1_22' title='bbox 509 261 620 294; x_wconf 84' lang='lat' dir='ltr'><strong>debere,</strong></span> <span class='ocrx_word' id='word_1_23' title='bbox 641 261 682 288; x_wconf 80' lang='lat' dir='ltr'><strong>vel</strong></span> <span class='ocrx_word' id='word_1_24' title='bbox 702 260 814 295; x_wconf 90' lang='lat' dir='ltr'><strong>proprio</strong></span> <span class='ocrx_word' id='word_1_25' title='bbox 836 260 926 286; x_wconf 86' lang='lat' dir='ltr'><strong>studio</strong></span> <span class='ocrx_word' id='word_1_26' title='bbox 942 266 974 285; x_wconf 66' lang='lat' dir='ltr'><strong>es</strong></span> 
     </span>
    </p>
   </div>
   <div class='ocr_carea' id='block_1_6' title="bbox 189 306 975 342">
    <p class='ocr_par' dir='ltr' id='par_1_6' title="bbox 189 306 975 342">
     <span class='ocr_line' id='line_1_6' title="bbox 189 306 975 342; baseline -0.005 -7"><span class='ocrx_word' id='word_1_27' title='bbox 189 313 309 335; x_wconf 73' lang='lat' dir='ltr'><strong>veterum</strong></span> <span class='ocrx_word' id='word_1_28' title='bbox 334 308 498 342; x_wconf 87' lang='lat' dir='ltr'><strong>scriptorum</strong></span> <span class='ocrx_word' id='word_1_29' title='bbox 527 307 730 334; x_wconf 71' lang='lat' dir='ltr'><strong>commentariis</strong></span> <span class='ocrx_word' id='word_1_30' title='bbox 750 313 776 334; x_wconf 89' lang='lat' dir='ltr'><strong>et</strong></span> <span class='ocrx_word' id='word_1_31' title='bbox 798 306 909 333; x_wconf 84' lang='lat' dir='ltr'><strong>scltnliis</strong></span> <span class='ocrx_word' id='word_1_32' title='bbox 927 313 975 332; x_wconf 73' lang='lat' dir='ltr'><strong>ex-</strong></span> 
     </span>
    </p>
   </div>
   <div class='ocr_carea' id='block_1_7' title="bbox 187 352 976 388">
    <p class='ocr_par' dir='ltr' id='par_1_7' title="bbox 187 352 976 388">
     <span class='ocr_line' id='line_1_7' title="bbox 187 352 976 388; baseline -0.004 -7"><span class='ocrx_word' id='word_1_33' title='bbox 187 354 339 388; x_wconf 66' lang='lat' dir='ltr'><strong>ecrpsisse;</strong></span> <span class='ocrx_word' id='word_1_34' title='bbox 365 353 398 380; x_wconf 88' lang='lat' dir='ltr'><strong>de</strong></span> <span class='ocrx_word' id='word_1_35' title='bbox 418 353 517 388; x_wconf 80' lang='lat' dir='ltr'><strong>glossis</strong></span> <span class='ocrx_word' id='word_1_36' title='bbox 535 353 619 380; x_wconf 88' lang='lat' dir='ltr'><strong>sacris</strong></span> <span class='ocrx_word' id='word_1_37' title='bbox 644 352 822 388; x_wconf 75' lang='lat' dir='ltr'><strong>llesychianis</strong></span> <span class='ocrx_word' id='word_1_38' title='bbox 849 353 912 387; x_wconf 90' lang='lat' dir='ltr'><strong>quid</strong></span> <span class='ocrx_word' id='word_1_39' title='bbox 931 352 976 379; x_wconf 60' lang='lat' dir='ltr'><strong>alii</strong></span> 
     </span>
    </p>
   </div>
   <div class='ocr_carea' id='block_1_8' title="bbox 187 398 975 433">
    <p class='ocr_par' dir='ltr' id='par_1_8' title="bbox 187 398 975 433">
     <span class='ocr_line' id='line_1_8' title="bbox 187 398 975 433; baseline -0.004 -7"><span class='ocrx_word' id='word_1_40' title='bbox 187 399 239 426; x_wconf 85' lang='lat' dir='ltr'><strong>viri</strong></span> <span class='ocrx_word' id='word_1_41' title='bbox 253 398 325 425; x_wconf 88' lang='lat' dir='ltr'><strong>docti</strong></span> <span class='ocrx_word' id='word_1_42' title='bbox 340 398 474 432; x_wconf 80' lang='lat' dir='ltr'><strong>judicent,</strong></span> <span class='ocrx_word' id='word_1_43' title='bbox 490 398 546 432; x_wconf 90' lang='lat' dir='ltr'><strong>jam</strong></span> <span class='ocrx_word' id='word_1_44' title='bbox 561 399 678 425; x_wconf 78' lang='lat' dir='ltr'><strong>vidimus</strong></span> <span class='ocrx_word' id='word_1_45' title='bbox 695 399 720 424; x_wconf 91' lang='lat' dir='ltr'><strong>in</strong></span> <span class='ocrx_word' id='word_1_46' title='bbox 738 398 826 432; x_wconf 84' lang='lat' dir='ltr'><strong>capite</strong></span> <span class='ocrx_word' id='word_1_47' title='bbox 842 398 875 424; x_wconf 85' lang='lat' dir='ltr'><strong>de</strong></span> <span class='ocrx_word' id='word_1_48' title='bbox 891 398 975 433; x_wconf 69' lang='lat' dir='ltr'><strong>lL-sy.</strong></span> 
     </span>
    </p>
   </div>
   <div class='ocr_carea' id='block_1_9' title="bbox 189 437 976 479">
    <p class='ocr_par' dir='ltr' id='par_1_9' title="bbox 189 437 976 479">
     <span class='ocr_line' id='line_1_9' title="bbox 189 437 976 479; baseline -0.001 -8"><span class='ocrx_word' id='word_1_49' title='bbox 189 445 267 477; x_wconf 86' lang='lat' dir='ltr'><strong>chio;</strong></span> <span class='ocrx_word' id='word_1_50' title='bbox 282 443 394 471; x_wconf 84' lang='lat' dir='ltr'><strong>Suidam</strong></span> <span class='ocrx_word' id='word_1_51' title='bbox 412 448 502 471; x_wconf 85' lang='lat' dir='ltr'><strong>autem</strong></span> <span class='ocrx_word' id='word_1_52' title='bbox 525 453 556 471; x_wconf 78' lang='lat' dir='ltr'><strong>cx</strong></span> <span class='ocrx_word' id='word_1_53' title='bbox 570 445 630 471; x_wconf 79' lang='lat' dir='ltr'><strong>aliis</strong></span> <span class='ocrx_word' id='word_1_54' title='bbox 651 437 824 479; x_wconf 61' lang='lat' dir='ltr'><strong>p&#39;utissimnm</strong></span> <span class='ocrx_word' id='word_1_55' title='bbox 844 445 976 474; x_wconf 79' lang='lat' dir='ltr'><strong>fontibus.</strong></span> 
     </span>
    </p>
   </div>
   <div class='ocr_carea' id='block_1_10' title="bbox 190 489 977 526">
    <p class='ocr_par' dir='ltr' id='par_1_10' title="bbox 190 489 977 526">
     <span class='ocr_line' id='line_1_10' title="bbox 190 489 977 526; baseline -0.005 -8"><span class='ocrx_word' id='word_1_56' title='bbox 190 491 271 518; x_wconf 78' lang='lat' dir='ltr'><strong>hodie</strong></span> <span class='ocrx_word' id='word_1_57' title='bbox 297 490 442 517; x_wconf 66' lang='lat' dir='ltr'><strong>maximam</strong></span> <span class='ocrx_word' id='word_1_58' title='bbox 469 496 571 525; x_wconf 84' lang='lat' dir='ltr'><strong>partem</strong></span> <span class='ocrx_word' id='word_1_59' title='bbox 598 491 668 518; x_wconf 88' lang='lat' dir='ltr'><strong>haud</strong></span> <span class='ocrx_word' id='word_1_60' title='bbox 695 491 811 526; x_wconf 78' lang='lat' dir='ltr'><strong>ignotis.</strong></span> <span class='ocrx_word' id='word_1_61' title='bbox 842 489 977 519; x_wconf 67' lang='lat' dir='ltr'><strong>hauSisso,</strong></span> 
     </span>
    </p>
   </div>
   <div class='ocr_carea' id='block_1_11' title="bbox 190 535 977 569">
    <p class='ocr_par' dir='ltr' id='par_1_11' title="bbox 190 535 977 569">
     <span class='ocr_line' id='line_1_11' title="bbox 190 535 977 569; baseline -0.004 -6"><span class='ocrx_word' id='word_1_62' title='bbox 190 536 284 563; x_wconf 75' lang='lat' dir='ltr'><strong>itidem</strong></span> <span class='ocrx_word' id='word_1_63' title='bbox 300 536 326 562; x_wconf 89' lang='lat' dir='ltr'><strong>in</strong></span> <span class='ocrx_word' id='word_1_64' title='bbox 346 537 396 562; x_wconf 89' lang='lat' dir='ltr'><strong>hoc</strong></span> <span class='ocrx_word' id='word_1_65' title='bbox 415 536 504 569; x_wconf 77' lang='lat' dir='ltr'><strong>capite</strong></span> <span class='ocrx_word' id='word_1_66' title='bbox 520 537 720 562; x_wconf 84' lang='lat' dir='ltr'><strong>adnotavimus.</strong></span> <span class='ocrx_word' id='word_1_67' title='bbox 735 551 771 556; x_wconf 92' lang='lat'><strong><em>—</em></strong></span> <span class='ocrx_word' id='word_1_68' title='bbox 785 535 842 562; x_wconf 82' lang='lat' dir='ltr'><strong>Cel.</strong></span> <span class='ocrx_word' id='word_1_69' title='bbox 858 535 977 562; x_wconf 75' lang='lat' dir='ltr'><strong>Scltttlzti</strong></span> 
     </span>
    </p>
   </div>
   <div class='ocr_carea' id='block_1_12' title="bbox 189 579 976 616">
    <p class='ocr_par' dir='ltr' id='par_1_12' title="bbox 189 579 976 616">
     <span class='ocr_line' id='line_1_12' title="bbox 189 579 976 616; baseline -0.001 -9"><span class='ocrx_word' id='word_1_70' title='bbox 189 581 327 616; x_wconf 81' lang='lat' dir='ltr'><strong>specimen</strong></span> <span class='ocrx_word' id='word_1_71' title='bbox 348 579 503 608; x_wconf 69' lang='lat' dir='ltr'><strong>Obset&#39;vatt.</strong></span> <span class='ocrx_word' id='word_1_72' title='bbox 522 582 636 608; x_wconf 81' lang='lat' dir='ltr'><strong>miseell.</strong></span> <span class='ocrx_word' id='word_1_73' title='bbox 653 581 678 608; x_wconf 88' lang='lat' dir='ltr'><strong>in</strong></span> <span class='ocrx_word' id='word_1_74' title='bbox 695 581 806 608; x_wconf 81' lang='lat' dir='ltr'><strong>Suidam</strong></span> <span class='ocrx_word' id='word_1_75' title='bbox 821 580 877 616; x_wconf 83' lang='lat' dir='ltr'><strong>jam</strong></span> <span class='ocrx_word' id='word_1_76' title='bbox 894 588 976 615; x_wconf 82' lang='lat' dir='ltr'><strong>supra</strong></span> 
     </span>
    </p>
   </div>
   <div class='ocr_carea' id='block_1_13' title="bbox 190 627 979 662">
    <p class='ocr_par' dir='ltr' id='par_1_13' title="bbox 190 627 979 662">
     <span class='ocr_line' id='line_1_13' title="bbox 190 627 979 662; baseline 0 -8"><span class='ocrx_word' id='word_1_77' title='bbox 190 627 372 655; x_wconf 85' lang='lat' dir='ltr'><strong>laudavimus.</strong></span> <span class='ocrx_word' id='word_1_78' title='bbox 395 627 443 654; x_wconf 80' lang='lat' dir='ltr'><strong>Vir</strong></span> <span class='ocrx_word' id='word_1_79' title='bbox 468 633 559 655; x_wconf 87' lang='lat' dir='ltr'><strong>autem</strong></span> <span class='ocrx_word' id='word_1_80' title='bbox 592 627 665 656; x_wconf 87' lang='lat' dir='ltr'><strong>doct.</strong></span> <span class='ocrx_word' id='word_1_81' title='bbox 697 629 869 662; x_wconf 75' lang='lat' dir='ltr'><strong>persequitur</strong></span> <span class='ocrx_word' id='word_1_82' title='bbox 895 629 979 654; x_wconf 88' lang='lat' dir='ltr'><strong>multa</strong></span> 
     </span>
    </p>
   </div>
   <div class='ocr_carea' id='block_1_14' title="bbox 192 673 981 708">
    <p class='ocr_par' dir='ltr' id='par_1_14' title="bbox 192 673 981 708">
     <span class='ocr_line' id='line_1_14' title="bbox 192 673 981 708; baseline -0.001 -8"><span class='ocrx_word' id='word_1_83' title='bbox 192 674 282 700; x_wconf 68' lang='lat' dir='ltr'><strong>Suidte</strong></span> <span class='ocrx_word' id='word_1_84' title='bbox 311 674 369 700; x_wconf 86' lang='lat' dir='ltr'><strong>loca</strong></span> <span class='ocrx_word' id='word_1_85' title='bbox 396 674 430 701; x_wconf 90' lang='lat' dir='ltr'><strong>ab</strong></span> <span class='ocrx_word' id='word_1_86' title='bbox 457 674 556 705; x_wconf 78' lang='grc' dir='ltr'><strong>Ἀατος</strong></span> <span class='ocrx_word' id='word_1_87' title='bbox 581 682 669 708; x_wconf 85' lang='lat' dir='ltr'><strong>usque</strong></span> <span class='ocrx_word' id='word_1_88' title='bbox 694 674 725 700; x_wconf 89' lang='lat' dir='ltr'><strong>ad</strong></span> <span class='ocrx_word' id='word_1_89' title='bbox 746 673 879 708; x_wconf 57' lang='lat' dir='ltr'><strong>’Eapaoi,</strong></span> <span class='ocrx_word' id='word_1_90' title='bbox 896 681 981 707; x_wconf 83' lang='lat' dir='ltr'><strong>caque</strong></span> 
     </span>
    </p>
   </div>
   <div class='ocr_carea' id='block_1_15' title="bbox 191 719 979 753">
    <p class='ocr_par' dir='ltr' id='par_1_15' title="bbox 191 719 979 753">
     <span class='ocr_line' id='line_1_15' title="bbox 191 719 979 753; baseline -0.003 -7"><span class='ocrx_word' id='word_1_91' title='bbox 191 719 274 747; x_wconf 83' lang='lat' dir='ltr'><strong>modo</strong></span> <span class='ocrx_word' id='word_1_92' title='bbox 303 719 361 746; x_wconf 84' lang='lat' dir='ltr'><strong>face</strong></span> <span class='ocrx_word' id='word_1_93' title='bbox 385 719 480 746; x_wconf 79' lang='lat' dir='ltr'><strong>eritica</strong></span> <span class='ocrx_word' id='word_1_94' title='bbox 510 719 636 751; x_wconf 83' lang='lat' dir='ltr'><strong>illustrat,</strong></span> <span class='ocrx_word' id='word_1_95' title='bbox 664 720 743 746; x_wconf 85' lang='lat' dir='ltr'><strong>modo</strong></span> <span class='ocrx_word' id='word_1_96' title='bbox 768 719 856 746; x_wconf 79' lang='lat' dir='ltr'><strong>fontes</strong></span> <span class='ocrx_word' id='word_1_97' title='bbox 883 719 979 753; x_wconf 82' lang='lat' dir='ltr'><strong>aperit.</strong></span> 
     </span>
    </p>
   </div>
   <div class='ocr_carea' id='block_1_16' title="bbox 191 764 982 798">
    <p class='ocr_par' dir='ltr' id='par_1_16' title="bbox 191 764 982 798">
     <span class='ocr_line' id='line_1_16' title="bbox 191 764 982 798; baseline -0.005 -6"><span class='ocrx_word' id='word_1_98' title='bbox 191 764 265 793; x_wconf 84' lang='lat' dir='ltr'><strong>unde</strong></span> <span class='ocrx_word' id='word_1_99' title='bbox 282 764 401 792; x_wconf 83' lang='lat' dir='ltr'><strong>hauserit</strong></span> <span class='ocrx_word' id='word_1_100' title='bbox 414 764 523 796; x_wconf 86' lang='lat' dir='ltr'><strong>Suidas,</strong></span> <span class='ocrx_word' id='word_1_101' title='bbox 542 765 624 792; x_wconf 90' lang='lat' dir='ltr'><strong>modo</strong></span> <span class='ocrx_word' id='word_1_102' title='bbox 639 772 682 791; x_wconf 84' lang='lat' dir='ltr'><strong>res</strong></span> <span class='ocrx_word' id='word_1_103' title='bbox 697 765 832 798; x_wconf 82' lang='lat' dir='ltr'><strong>verbaque</strong></span> <span class='ocrx_word' id='word_1_104' title='bbox 845 770 982 798; x_wconf 76' lang='lat' dir='ltr'><strong>gramma-</strong></span> 
     </span>
    </p>
   </div>
   <div class='ocr_carea' id='block_1_17' title="bbox 191 810 982 846">
    <p class='ocr_par' dir='ltr' id='par_1_17' title="bbox 191 810 982 846">
     <span class='ocr_line' id='line_1_17' title="bbox 191 810 982 846; baseline -0.005 -7"><span class='ocrx_word' id='word_1_105' title='bbox 191 813 308 840; x_wconf 77' lang='lat' dir='ltr'><strong>ticorum</strong></span> <span class='ocrx_word' id='word_1_106' title='bbox 325 819 401 840; x_wconf 87' lang='lat' dir='ltr'><strong>more</strong></span> <span class='ocrx_word' id='word_1_107' title='bbox 423 812 551 846; x_wconf 73' lang='lat' dir='ltr'><strong>explicat.</strong></span> <span class='ocrx_word' id='word_1_108' title='bbox 577 827 611 831; x_wconf 95' lang='lat'><strong>—</strong></span> <span class='ocrx_word' id='word_1_109' title='bbox 637 812 738 838; x_wconf 86' lang='lat' dir='ltr'><strong>Locum</strong></span> <span class='ocrx_word' id='word_1_110' title='bbox 764 811 855 837; x_wconf 62' lang='lat' dir='ltr'><strong>Suitla:</strong></span> <span class='ocrx_word' id='word_1_111' title='bbox 880 810 982 843; x_wconf 77' lang='grc' dir='ltr'><strong>Πτερο-</strong></span> 
     </span>
    </p>
   </div>
   <div class='ocr_carea' id='block_1_18' title="bbox 192 855 983 894">
    <p class='ocr_par' dir='ltr' id='par_1_18' title="bbox 192 855 983 894">
     <span class='ocr_line' id='line_1_18' title="bbox 192 855 983 894; baseline -0.005 -9"><span class='ocrx_word' id='word_1_112' title='bbox 192 859 307 894; x_wconf 76' lang='grc' dir='ltr'><strong>φοῖτωρ,</strong></span> <span class='ocrx_word' id='word_1_113' title='bbox 323 863 375 886; x_wconf 87' lang='lat' dir='ltr'><strong>etc.</strong></span> <span class='ocrx_word' id='word_1_114' title='bbox 392 859 537 886; x_wconf 86' lang='lat' dir='ltr'><strong>emendare</strong></span> <span class='ocrx_word' id='word_1_115' title='bbox 559 859 736 886; x_wconf 86' lang='lat' dir='ltr'><strong>instituerunt</strong></span> <span class='ocrx_word' id='word_1_116' title='bbox 755 856 872 884; x_wconf 83' lang='lat' dir='ltr'><strong>Brucker</strong></span> <span class='ocrx_word' id='word_1_117' title='bbox 888 861 915 883; x_wconf 89' lang='lat' dir='ltr'><strong>et</strong></span> <span class='ocrx_word' id='word_1_118' title='bbox 933 855 983 881; x_wconf 83' lang='lat' dir='ltr'><strong>Fa-</strong></span> 
     </span>
    </p>
   </div>
   <div class='ocr_carea' id='block_1_19' title="bbox 191 902 981 942">
    <p class='ocr_par' dir='ltr' id='par_1_19' title="bbox 191 902 981 942">
     <span class='ocr_line' id='line_1_19' title="bbox 191 902 981 942; baseline -0.006 -9"><span class='ocrx_word' id='word_1_119' title='bbox 191 906 295 934; x_wconf 89' lang='lat' dir='ltr'><strong>bricius</strong></span> <span class='ocrx_word' id='word_1_120' title='bbox 313 907 339 933; x_wconf 92' lang='lat' dir='ltr'><strong>in</strong></span> <span class='ocrx_word' id='word_1_121' title='bbox 358 907 460 933; x_wconf 85' lang='lat' dir='ltr'><strong>mutuis</strong></span> <span class='ocrx_word' id='word_1_122' title='bbox 484 907 619 942; x_wconf 84' lang='lat' dir='ltr'><strong>epistolis.</strong></span> <span class='ocrx_word' id='word_1_123' title='bbox 641 905 773 939; x_wconf 84' lang='lat' dir='ltr'><strong>subjectis</strong></span> <span class='ocrx_word' id='word_1_124' title='bbox 797 903 926 935; x_wconf 79' lang='lat' dir='ltr'><strong>Reitrari,</strong></span> <span class='ocrx_word' id='word_1_125' title='bbox 943 902 981 929; x_wconf 85' lang='lat' dir='ltr'><strong>De</strong></span> 
     </span>
    </p>
   </div>
   <div class='ocr_carea' id='block_1_20' title="bbox 193 948 980 986">
    <p class='ocr_par' dir='ltr' id='par_1_20' title="bbox 193 948 980 986">
     <span class='ocr_line' id='line_1_20' title="bbox 193 948 980 986; baseline -0.005 -8"><span class='ocrx_word' id='word_1_126' title='bbox 193 952 256 979; x_wconf 80' lang='lat' dir='ltr'><strong>vita.</strong></span> <span class='ocrx_word' id='word_1_127' title='bbox 265 951 435 979; x_wconf 79' lang='lat' dir='ltr'><strong>etc.Fabricii</strong></span> <span class='ocrx_word' id='word_1_128' title='bbox 445 952 643 982; x_wconf 77' lang='lat' dir='ltr'><strong>commentario.</strong></span> <span class='ocrx_word' id='word_1_129' title='bbox 654 959 713 986; x_wconf 79' lang='lat' dir='ltr'><strong>pag.</strong></span> <span class='ocrx_word' id='word_1_130' title='bbox 724 950 778 978; x_wconf 70' lang='lat'><strong>2&#39;25</strong></span> <span class='ocrx_word' id='word_1_131' title='bbox 787 948 980 983; x_wconf 89' lang='lat' dir='ltr'><strong>sq.——-Suidam</strong></span> 
     </span>
    </p>
   </div>
   <div class='ocr_carea' id='block_1_21' title="bbox 193 993 980 1032">
    <p class='ocr_par' dir='ltr' id='par_1_21' title="bbox 193 993 980 1032">
     <span class='ocr_line' id='line_1_21' title="bbox 193 993 980 1032; baseline -0.005 -8"><span class='ocrx_word' id='word_1_132' title='bbox 193 997 339 1031; x_wconf 80' lang='lat' dir='ltr'><strong>aliquoties</strong></span> <span class='ocrx_word' id='word_1_133' title='bbox 355 997 619 1032; x_wconf 75' lang='lat' dir='ltr'><strong>emendavit&#39;l&#39;aylor</strong></span> <span class='ocrx_word' id='word_1_134' title='bbox 631 997 656 1023; x_wconf 93' lang='lat' dir='ltr'><strong>in</strong></span> <span class='ocrx_word' id='word_1_135' title='bbox 674 995 836 1023; x_wconf 82' lang='lat' dir='ltr'><strong>lectionibus</strong></span> <span class='ocrx_word' id='word_1_136' title='bbox 849 993 980 1030; x_wconf 72' lang='lat' dir='ltr'><strong>Lysial-is,</strong></span> 
     </span>
    </p>
   </div>
   <div class='ocr_carea' id='block_1_22' title="bbox 193 1041 980 1079">
    <p class='ocr_par' dir='ltr' id='par_1_22' title="bbox 193 1041 980 1079">
     <span class='ocr_line' id='line_1_22' title="bbox 193 1041 980 1079; baseline -0.005 -9"><span class='ocrx_word' id='word_1_137' title='bbox 193 1043 270 1078; x_wconf 70' lang='lat' dir='ltr'><strong>prmi&quot;.</strong></span> <span class='ocrx_word' id='word_1_138' title='bbox 287 1043 359 1071; x_wconf 85' lang='lat' dir='ltr'><strong>illius</strong></span> <span class='ocrx_word' id='word_1_139' title='bbox 374 1044 485 1071; x_wconf 84' lang='lat' dir='ltr'><strong>editioni</strong></span> <span class='ocrx_word' id='word_1_140' title='bbox 498 1043 595 1079; x_wconf 63' lang='lat' dir='ltr'><strong>Lysim,</strong></span> <span class='ocrx_word' id='word_1_141' title='bbox 613 1042 728 1070; x_wconf 87' lang='lat' dir='ltr'><strong>Londini</strong></span> <span class='ocrx_word' id='word_1_142' title='bbox 746 1042 825 1072; x_wconf 65' lang='lat'><strong>“59,</strong></span> <span class='ocrx_word' id='word_1_143' title='bbox 837 1042 864 1073; x_wconf 71' lang='grc' dir='ltr'><strong>ιι,</strong></span> <span class='ocrx_word' id='word_1_144' title='bbox 883 1049 942 1075; x_wconf 79' lang='lat' dir='ltr'><strong>cap.</strong></span> <span class='ocrx_word' id='word_1_145' title='bbox 955 1041 980 1067; x_wconf 80' lang='lat'><strong>3.</strong></span> 
     </span>
    </p>
   </div>
   <div class='ocr_carea' id='block_1_23' title="bbox 193 1088 982 1125">
    <p class='ocr_par' dir='ltr' id='par_1_23' title="bbox 193 1088 982 1125">
     <span class='ocr_line' id='line_1_23' title="bbox 193 1088 982 1125; baseline -0.004 -8"><span class='ocrx_word' id='word_1_146' title='bbox 193 1089 264 1117; x_wconf 84' lang='lat' dir='ltr'><strong>Num</strong></span> <span class='ocrx_word' id='word_1_147' title='bbox 294 1095 385 1117; x_wconf 88' lang='lat' dir='ltr'><strong>autem</strong></span> <span class='ocrx_word' id='word_1_148' title='bbox 415 1090 458 1118; x_wconf 88' lang='lat' dir='ltr'><strong>.lo.</strong></span> <span class='ocrx_word' id='word_1_149' title='bbox 487 1090 596 1125; x_wconf 80' lang='lat' dir='ltr'><strong>Taylori</strong></span> <span class='ocrx_word' id='word_1_150' title='bbox 631 1089 766 1124; x_wconf 82' lang='lat' dir='ltr'><strong>appendix</strong></span> <span class='ocrx_word' id='word_1_151' title='bbox 797 1093 924 1115; x_wconf 83' lang='lat' dir='ltr'><strong>notarum</strong></span> <span class='ocrx_word' id='word_1_152' title='bbox 955 1088 982 1114; x_wconf 93' lang='lat' dir='ltr'><strong>in</strong></span> 
     </span>
    </p>
   </div>
   <div class='ocr_carea' id='block_1_24' title="bbox 195 1132 983 1170">
    <p class='ocr_par' dir='ltr' id='par_1_24' title="bbox 195 1132 983 1170">
     <span class='ocr_line' id='line_1_24' title="bbox 195 1132 983 1170; baseline -0.006 -7"><span class='ocrx_word' id='word_1_153' title='bbox 195 1135 287 1163; x_wconf 65' lang='lat' dir='ltr'><strong>Suidm</strong></span> <span class='ocrx_word' id='word_1_154' title='bbox 302 1135 419 1163; x_wconf 75' lang='lat' dir='ltr'><strong>Lexicon</strong></span> <span class='ocrx_word' id='word_1_155' title='bbox 436 1138 474 1170; x_wconf 79' lang='grc' dir='ltr'><strong>(ν.</strong></span> <span class='ocrx_word' id='word_1_156' title='bbox 488 1135 675 1170; x_wconf 65' lang='lat' dir='ltr'><strong>Britggemann</strong></span> <span class='ocrx_word' id='word_1_157' title='bbox 697 1133 762 1160; x_wconf 85' lang='lat' dir='ltr'><strong>View</strong></span> <span class='ocrx_word' id='word_1_158' title='bbox 778 1133 809 1169; x_wconf 78' lang='lat' dir='ltr'><strong>of</strong></span> <span class='ocrx_word' id='word_1_159' title='bbox 821 1134 861 1160; x_wconf 84' lang='lat' dir='ltr'><strong>tlte</strong></span> <span class='ocrx_word' id='word_1_160' title='bbox 876 1132 983 1167; x_wconf 77' lang='lat' dir='ltr'><strong>English</strong></span> 
     </span>
    </p>
   </div>
   <div class='ocr_carea' id='block_1_25' title="bbox 195 1179 983 1218">
    <p class='ocr_par' dir='ltr' id='par_1_25' title="bbox 195 1179 983 1218">
     <span class='ocr_line' id='line_1_25' title="bbox 195 1179 983 1218; baseline -0.005 -9"><span class='ocrx_word' id='word_1_161' title='bbox 195 1181 330 1215; x_wconf 78' lang='lat' dir='ltr'><strong>Editians,</strong></span> <span class='ocrx_word' id='word_1_162' title='bbox 346 1187 411 1215; x_wconf 82' lang='lat' dir='ltr'><strong>etc...</strong></span> <span class='ocrx_word' id='word_1_163' title='bbox 440 1190 492 1218; x_wconf 74' lang='lat' dir='ltr'><strong>pag</strong></span> <span class='ocrx_word' id='word_1_164' title='bbox 518 1182 593 1215; x_wconf 70' lang='grc'><strong>448),</strong></span> <span class='ocrx_word' id='word_1_165' title='bbox 617 1181 704 1209; x_wconf 87' lang='lat' dir='ltr'><strong>lucem</strong></span> <span class='ocrx_word' id='word_1_166' title='bbox 731 1181 840 1211; x_wconf 82' lang='lat' dir='ltr'><strong>viderit,</strong></span> <span class='ocrx_word' id='word_1_167' title='bbox 857 1179 983 1213; x_wconf 84' lang='lat' dir='ltr'><strong>equidem</strong></span> 
     </span>
    </p>
   </div>
   <div class='ocr_carea' id='block_1_26' title="bbox 195 1225 985 1262">
    <p class='ocr_par' dir='ltr' id='par_1_26' title="bbox 195 1225 985 1262">
     <span class='ocr_line' id='line_1_26' title="bbox 195 1225 985 1262; baseline -0.005 -7"><span class='ocrx_word' id='word_1_168' title='bbox 195 1229 300 1256; x_wconf 86' lang='lat' dir='ltr'><strong>nescio.</strong></span> <span class='ocrx_word' id='word_1_169' title='bbox 319 1227 449 1262; x_wconf 89' lang='lat' dir='ltr'><strong>Villoison</strong></span> <span class='ocrx_word' id='word_1_170' title='bbox 463 1228 489 1254; x_wconf 92' lang='lat' dir='ltr'><strong>in</strong></span> <span class='ocrx_word' id='word_1_171' title='bbox 508 1227 607 1254; x_wconf 77' lang='lat' dir='ltr'><strong>Anccd.</strong></span> <span class='ocrx_word' id='word_1_172' title='bbox 621 1226 658 1254; x_wconf 83' lang='lat' dir='ltr'><strong>Gr</strong></span> <span class='ocrx_word' id='word_1_173' title='bbox 685 1227 717 1259; x_wconf 87' lang='lat' dir='ltr'><strong>ll,</strong></span> <span class='ocrx_word' id='word_1_174' title='bbox 736 1234 796 1261; x_wconf 74' lang='lat' dir='ltr'><strong>pag.</strong></span> <span class='ocrx_word' id='word_1_175' title='bbox 812 1226 856 1257; x_wconf 81' lang='grc'><strong>51,</strong></span> <span class='ocrx_word' id='word_1_176' title='bbox 873 1233 900 1252; x_wconf 90' lang='lat' dir='ltr'><strong>n.</strong></span> <span class='ocrx_word' id='word_1_177' title='bbox 915 1225 939 1257; x_wconf 87' lang='lat' dir='ltr'><strong>l,</strong></span> <span class='ocrx_word' id='word_1_178' title='bbox 957 1228 985 1252; x_wconf 89' lang='lat' dir='ltr'><strong>et</strong></span> 
     </span>
    </p>
   </div>
   <div class='ocr_carea' id='block_1_27' title="bbox 195 1272 983 1310">
    <p class='ocr_par' dir='ltr' id='par_1_27' title="bbox 195 1272 983 1310">
     <span class='ocr_line' id='line_1_27' title="bbox 195 1272 983 1310; baseline -0.003 -9"><span class='ocrx_word' id='word_1_179' title='bbox 195 1281 258 1310; x_wconf 75' lang='lat' dir='ltr'><strong>pag.</strong></span> <span class='ocrx_word' id='word_1_180' title='bbox 274 1274 336 1305; x_wconf 79' lang='lat'><strong>165,</strong></span> <span class='ocrx_word' id='word_1_181' title='bbox 352 1279 422 1305; x_wconf 86' lang='lat' dir='ltr'><strong>not.,</strong></span> <span class='ocrx_word' id='word_1_182' title='bbox 433 1273 488 1301; x_wconf 86' lang='lat' dir='ltr'><strong>duo</strong></span> <span class='ocrx_word' id='word_1_183' title='bbox 500 1273 591 1300; x_wconf 64' lang='lat' dir='ltr'><strong>Suidas</strong></span> <span class='ocrx_word' id='word_1_184' title='bbox 604 1274 662 1301; x_wconf 85' lang='lat' dir='ltr'><strong>loca</strong></span> <span class='ocrx_word' id='word_1_185' title='bbox 681 1273 799 1300; x_wconf 84' lang='lat' dir='ltr'><strong>illustrat</strong></span> <span class='ocrx_word' id='word_1_186' title='bbox 812 1272 983 1300; x_wconf 78' lang='lat' dir='ltr'><strong>emendatve.</strong></span> 
     </span>
    </p>
   </div>
   <div class='ocr_carea' id='block_1_28' title="bbox 198 1320 984 1355">
    <p class='ocr_par' dir='ltr' id='par_1_28' title="bbox 198 1320 984 1355">
     <span class='ocr_line' id='line_1_28' title="bbox 198 1320 984 1355; baseline -0.001 -7"><span class='ocrx_word' id='word_1_187' title='bbox 198 1321 250 1349; x_wconf 86' lang='lat' dir='ltr'><strong>Sed</strong></span> <span class='ocrx_word' id='word_1_188' title='bbox 269 1321 404 1349; x_wconf 84' lang='lat' dir='ltr'><strong>infinitum</strong></span> <span class='ocrx_word' id='word_1_189' title='bbox 419 1322 498 1353; x_wconf 87' lang='lat' dir='ltr'><strong>foret,</strong></span> <span class='ocrx_word' id='word_1_190' title='bbox 518 1321 609 1348; x_wconf 87' lang='lat' dir='ltr'><strong>omnia</strong></span> <span class='ocrx_word' id='word_1_191' title='bbox 624 1328 772 1355; x_wconf 81' lang='lat' dir='ltr'><strong>congerere</strong></span> <span class='ocrx_word' id='word_1_192' title='bbox 797 1325 823 1347; x_wconf 90' lang='lat' dir='ltr'><strong>et</strong></span> <span class='ocrx_word' id='word_1_193' title='bbox 841 1320 984 1352; x_wconf 86' lang='lat' dir='ltr'><strong>adnotare.</strong></span> 
     </span>
    </p>
   </div>
   <div class='ocr_carea' id='block_1_29' title="bbox 197 1364 987 1402">
    <p class='ocr_par' dir='ltr' id='par_1_29' title="bbox 197 1364 987 1402">
     <span class='ocr_line' id='line_1_29' title="bbox 197 1364 987 1402; baseline -0.003 -8"><span class='ocrx_word' id='word_1_194' title='bbox 197 1375 259 1402; x_wconf 70' lang='lat' dir='ltr'><strong>quae</strong></span> <span class='ocrx_word' id='word_1_195' title='bbox 275 1366 479 1399; x_wconf 80' lang='lat' dir='ltr'><strong>llemsterltus.,</strong></span> <span class='ocrx_word' id='word_1_196' title='bbox 506 1365 711 1399; x_wconf 70' lang='lat' dir='ltr'><strong>Valckenarius,</strong></span> <span class='ocrx_word' id='word_1_197' title='bbox 736 1365 888 1398; x_wconf 73' lang='lat' dir='ltr'><strong>Markland,</strong></span> <span class='ocrx_word' id='word_1_198' title='bbox 911 1364 987 1392; x_wconf 87' lang='lat' dir='ltr'><strong>Pier-</strong></span> 
     </span>
    </p>
   </div>
   <div class='ocr_carea' id='block_1_30' title="bbox 197 1411 988 1447">
    <p class='ocr_par' dir='ltr' id='par_1_30' title="bbox 197 1411 988 1447">
     <span class='ocr_line' id='line_1_30' title="bbox 197 1411 988 1447; baseline -0.003 -7"><span class='ocrx_word' id='word_1_199' title='bbox 197 1420 260 1443; x_wconf 81' lang='lat' dir='ltr'><strong>son.</strong></span> <span class='ocrx_word' id='word_1_200' title='bbox 279 1413 368 1443; x_wconf 84' lang='lat' dir='ltr'><strong>Koen.</strong></span> <span class='ocrx_word' id='word_1_201' title='bbox 393 1413 556 1447; x_wconf 83' lang='lat' dir='ltr'><strong>interpretes</strong></span> <span class='ocrx_word' id='word_1_202' title='bbox 573 1412 608 1440; x_wconf 88' lang='lat' dir='ltr'><strong>ad</strong></span> <span class='ocrx_word' id='word_1_203' title='bbox 631 1411 765 1439; x_wconf 86' lang='lat' dir='ltr'><strong>Thomam</strong></span> <span class='ocrx_word' id='word_1_204' title='bbox 791 1412 860 1446; x_wconf 65' lang='grc' dir='ltr'><strong>διες,</strong></span> <span class='ocrx_word' id='word_1_205' title='bbox 885 1411 988 1447; x_wconf 82' lang='lat' dir='ltr'><strong>aliique</strong></span> 
     </span>
    </p>
   </div>
   <div class='ocr_carea' id='block_1_31' title="bbox 199 1457 988 1493">
    <p class='ocr_par' dir='ltr' id='par_1_31' title="bbox 199 1457 988 1493">
     <span class='ocr_line' id='line_1_31' title="bbox 199 1457 988 1493; baseline 0.003 -9"><span class='ocrx_word' id='word_1_206' title='bbox 199 1457 277 1485; x_wconf 85' lang='lat' dir='ltr'><strong>multi</strong></span> <span class='ocrx_word' id='word_1_207' title='bbox 292 1458 341 1485; x_wconf 85' lang='lat' dir='ltr'><strong>viri</strong></span> <span class='ocrx_word' id='word_1_208' title='bbox 358 1458 450 1486; x_wconf 72' lang='lat' dir='ltr'><strong>Graece</strong></span> <span class='ocrx_word' id='word_1_209' title='bbox 466 1459 537 1485; x_wconf 82' lang='lat' dir='ltr'><strong>docti</strong></span> <span class='ocrx_word' id='word_1_210' title='bbox 562 1458 664 1493; x_wconf 83' lang='lat' dir='ltr'><strong>passim</strong></span> <span class='ocrx_word' id='word_1_211' title='bbox 682 1458 708 1484; x_wconf 85' lang='lat' dir='ltr'><strong>in</strong></span> <span class='ocrx_word' id='word_1_212' title='bbox 724 1458 797 1485; x_wconf 78' lang='lat' dir='ltr'><strong>notis</strong></span> <span class='ocrx_word' id='word_1_213' title='bbox 814 1458 847 1484; x_wconf 89' lang='lat' dir='ltr'><strong>ad</strong></span> <span class='ocrx_word' id='word_1_214' title='bbox 862 1463 988 1486; x_wconf 84' lang='lat' dir='ltr'><strong>auctores</strong></span> 
     </span>
    </p>
   </div>
   <div class='ocr_carea' id='block_1_32' title="bbox 200 1503 989 1536">
    <p class='ocr_par' dir='ltr' id='par_1_32' title="bbox 200 1503 989 1536">
     <span class='ocr_line' id='line_1_32' title="bbox 200 1503 989 1536; baseline 0.003 -6"><span class='ocrx_word' id='word_1_215' title='bbox 200 1503 332 1531; x_wconf 82' lang='lat' dir='ltr'><strong>classicos</strong></span> <span class='ocrx_word' id='word_1_216' title='bbox 361 1508 409 1531; x_wconf 87' lang='lat' dir='ltr'><strong>aut</strong></span> <span class='ocrx_word' id='word_1_217' title='bbox 431 1504 494 1530; x_wconf 85' lang='lat' dir='ltr'><strong>alibi</strong></span> <span class='ocrx_word' id='word_1_218' title='bbox 521 1503 547 1530; x_wconf 92' lang='lat' dir='ltr'><strong>in</strong></span> <span class='ocrx_word' id='word_1_219' title='bbox 570 1504 646 1530; x_wconf 82' lang='lat' dir='ltr'><strong>libris</strong></span> <span class='ocrx_word' id='word_1_220' title='bbox 679 1503 783 1536; x_wconf 83' lang='lat' dir='ltr'><strong>Ohss.,</strong></span> <span class='ocrx_word' id='word_1_221' title='bbox 816 1503 989 1532; x_wconf 82' lang='lat' dir='ltr'><strong>Emendatio—</strong></span> 
     </span>
    </p>
   </div>
   <div class='ocr_carea' id='block_1_33' title="bbox 1029 250 1822 293">
    <p class='ocr_par' dir='ltr' id='par_1_33' title="bbox 1029 250 1822 293">
     <span class='ocr_line' id='line_1_33' title="bbox 1029 250 1822 293; baseline -0.014 -6"><span class='ocrx_word' id='word_1_222' title='bbox 1029 260 1056 286; x_wconf 89' lang='lat' dir='ltr'><strong>in</strong></span> <span class='ocrx_word' id='word_1_223' title='bbox 1081 259 1174 293; x_wconf 74' lang='lat' dir='ltr'><strong>Progr.</strong></span> <span class='ocrx_word' id='word_1_224' title='bbox 1191 258 1224 285; x_wconf 89' lang='lat' dir='ltr'><strong>de</strong></span> <span class='ocrx_word' id='word_1_225' title='bbox 1242 257 1338 289; x_wconf 81' lang='lat' dir='ltr'><strong>Suida,</strong></span> <span class='ocrx_word' id='word_1_226' title='bbox 1362 253 1603 283; x_wconf 82' lang='lat' dir='ltr'><strong>observationibus</strong></span> <span class='ocrx_word' id='word_1_227' title='bbox 1629 250 1752 278; x_wconf 75' lang='lat' dir='ltr'><strong>Reinesii</strong></span> <span class='ocrx_word' id='word_1_228' title='bbox 1774 258 1822 277; x_wconf 67' lang='grc' dir='ltr'><strong>ομ</strong></span> 
     </span>
    </p>
   </div>
   <div class='ocr_carea' id='block_1_34' title="bbox 1028 296 1821 337">
    <p class='ocr_par' dir='ltr' id='par_1_34' title="bbox 1028 296 1821 337">
     <span class='ocr_line' id='line_1_34' title="bbox 1028 296 1821 337; baseline -0.016 -3"><span class='ocrx_word' id='word_1_229' title='bbox 1028 311 1102 337; x_wconf 78' lang='lat' dir='ltr'><strong>nato.</strong></span> <span class='ocrx_word' id='word_1_230' title='bbox 1122 306 1204 334; x_wconf 76' lang='lat' dir='ltr'><strong>Citzze</strong></span> <span class='ocrx_word' id='word_1_231' title='bbox 1232 309 1259 332; x_wconf 88' lang='lat' dir='ltr'><strong>et</strong></span> <span class='ocrx_word' id='word_1_232' title='bbox 1287 302 1386 337; x_wconf 66' lang='lat' dir='ltr'><strong>Lipsiae</strong></span> <span class='ocrx_word' id='word_1_233' title='bbox 1412 300 1490 332; x_wconf 72' lang='lat'><strong>1796,</strong></span> <span class='ocrx_word' id='word_1_234' title='bbox 1503 296 1532 326; x_wconf 62' lang='grc'><strong>’8.</strong></span> <span class='ocrx_word' id='word_1_235' title='bbox 1551 298 1624 325; x_wconf 87' lang='lat' dir='ltr'><strong>Idem</strong></span> <span class='ocrx_word' id='word_1_236' title='bbox 1646 297 1750 327; x_wconf 88' lang='lat' dir='ltr'><strong>docttit,</strong></span> <span class='ocrx_word' id='word_1_237' title='bbox 1765 296 1821 330; x_wconf 79' lang='lat' dir='ltr'><strong>jam</strong></span> 
     </span>
    </p>
   </div>
   <div class='ocr_carea' id='block_1_35' title="bbox 1029 343 1822 383">
    <p class='ocr_par' dir='ltr' id='par_1_35' title="bbox 1029 343 1822 383">
     <span class='ocr_line' id='line_1_35' title="bbox 1029 343 1822 383; baseline -0.014 -4"><span class='ocrx_word' id='word_1_238' title='bbox 1029 352 1175 379; x_wconf 81' lang='lat' dir='ltr'><strong>Kusterum</strong></span> <span class='ocrx_word' id='word_1_239' title='bbox 1201 351 1282 378; x_wconf 86' lang='lat' dir='ltr'><strong>tacite</strong></span> <span class='ocrx_word' id='word_1_240' title='bbox 1302 355 1450 383; x_wconf 84' lang='lat' dir='ltr'><strong>usurpasse</strong></span> <span class='ocrx_word' id='word_1_241' title='bbox 1475 346 1626 374; x_wconf 80' lang='lat' dir='ltr'><strong>observan.</strong></span> <span class='ocrx_word' id='word_1_242' title='bbox 1646 344 1708 370; x_wconf 86' lang='lat' dir='ltr'><strong>illas</strong></span> <span class='ocrx_word' id='word_1_243' title='bbox 1723 343 1822 370; x_wconf 81' lang='lat' dir='ltr'><strong>Reine-</strong></span> 
     </span>
    </p>
   </div>
   <div class='ocr_carea' id='block_1_36' title="bbox 1029 399 1131 426">
    <p class='ocr_par' dir='ltr' id='par_1_36' title="bbox 1029 399 1131 426">
     <span class='ocr_line' id='line_1_36' title="bbox 1029 399 1131 426; baseline -0.02 0"><span class='ocrx_word' id='word_1_244' title='bbox 1029 399 1131 426; x_wconf 83' lang='lat' dir='ltr'><strong>sianas.</strong></span> 
     </span>
    </p>
   </div>
   <div class='ocr_carea' id='block_1_37' title="bbox 1065 436 1821 479">
    <p class='ocr_par' dir='ltr' id='par_1_37' title="bbox 1065 436 1821 479">
     <span class='ocr_line' id='line_1_37' title="bbox 1065 436 1821 479; baseline -0.015 -7"><span class='ocrx_word' id='word_1_245' title='bbox 1065 446 1093 472; x_wconf 93' lang='lat' dir='ltr'><strong>ln</strong></span> <span class='ocrx_word' id='word_1_246' title='bbox 1112 444 1206 479; x_wconf 84' lang='lat' dir='ltr'><strong>ptimis</strong></span> <span class='ocrx_word' id='word_1_247' title='bbox 1222 443 1347 470; x_wconf 65' lang='lat' dir='ltr'><strong>notandm</strong></span> <span class='ocrx_word' id='word_1_248' title='bbox 1364 445 1428 468; x_wconf 89' lang='lat' dir='ltr'><strong>sunt</strong></span> <span class='ocrx_word' id='word_1_249' title='bbox 1443 439 1488 468; x_wconf 75' lang='lat' dir='ltr'><strong>lo.</strong></span> <span class='ocrx_word' id='word_1_250' title='bbox 1508 438 1607 473; x_wconf 88' lang='lat' dir='ltr'><strong>Toupii</strong></span> <span class='ocrx_word' id='word_1_251' title='bbox 1627 436 1821 464; x_wconf 62' lang='lat' dir='ltr'><strong>emendatione;</strong></span> 
     </span>
    </p>
   </div>
   <div class='ocr_carea' id='block_1_38' title="bbox 1029 482 1822 523">
    <p class='ocr_par' dir='ltr' id='par_1_38' title="bbox 1029 482 1822 523">
     <span class='ocr_line' id='line_1_38' title="bbox 1029 482 1822 523; baseline -0.011 -7"><span class='ocrx_word' id='word_1_252' title='bbox 1029 491 1056 517; x_wconf 82' lang='lat' dir='ltr'><strong>in</strong></span> <span class='ocrx_word' id='word_1_253' title='bbox 1071 490 1194 521; x_wconf 79' lang='lat' dir='ltr'><strong>Suidam,</strong></span> <span class='ocrx_word' id='word_1_254' title='bbox 1213 490 1239 516; x_wconf 95' lang='lat' dir='ltr'><strong>in</strong></span> <span class='ocrx_word' id='word_1_255' title='bbox 1257 488 1356 523; x_wconf 81' lang='lat' dir='ltr'><strong>quibus</strong></span> <span class='ocrx_word' id='word_1_256' title='bbox 1378 487 1494 521; x_wconf 89' lang='lat' dir='ltr'><strong>plurima</strong></span> <span class='ocrx_word' id='word_1_257' title='bbox 1519 485 1577 512; x_wconf 87' lang='lat' dir='ltr'><strong>loca</strong></span> <span class='ocrx_word' id='word_1_258' title='bbox 1593 489 1660 511; x_wconf 85' lang='lat' dir='ltr'><strong>vett.</strong></span> <span class='ocrx_word' id='word_1_259' title='bbox 1686 482 1774 509; x_wconf 61' lang='grc' dir='ltr'><strong>(ἶπες.</strong></span> <span class='ocrx_word' id='word_1_260' title='bbox 1787 495 1822 504; x_wconf 72' lang='lat'><strong>-</strong></span> 
     </span>
    </p>
   </div>
   <div class='ocr_carea' id='block_1_39' title="bbox 1032 529 1821 569">
    <p class='ocr_par' dir='ltr' id='par_1_39' title="bbox 1032 529 1821 569">
     <span class='ocr_line' id='line_1_39' title="bbox 1032 529 1821 569; baseline -0.01 -6"><span class='ocrx_word' id='word_1_261' title='bbox 1032 541 1088 563; x_wconf 90' lang='lat' dir='ltr'><strong>tum</strong></span> <span class='ocrx_word' id='word_1_262' title='bbox 1103 536 1283 569; x_wconf 76' lang='lat' dir='ltr'><strong>explicantur,</strong></span> <span class='ocrx_word' id='word_1_263' title='bbox 1301 538 1357 560; x_wconf 90' lang='lat' dir='ltr'><strong>tum</strong></span> <span class='ocrx_word' id='word_1_264' title='bbox 1377 532 1580 564; x_wconf 78' lang='lat' dir='ltr'><strong>cumulantur;</strong></span> <span class='ocrx_word' id='word_1_265' title='bbox 1605 529 1721 557; x_wconf 85' lang='lat' dir='ltr'><strong>Lomlini</strong></span> <span class='ocrx_word' id='word_1_266' title='bbox 1740 529 1821 555; x_wconf 77' lang='lat' dir='ltr'><strong>nuo-</strong></span> 
     </span>
    </p>
   </div>
   <div class='ocr_carea' id='block_1_40' title="bbox 1032 574 1820 613">
    <p class='ocr_par' dir='ltr' id='par_1_40' title="bbox 1032 574 1820 613">
     <span class='ocr_line' id='line_1_40' title="bbox 1032 574 1820 613; baseline -0.01 -5"><span class='ocrx_word' id='word_1_267' title='bbox 1032 583 1194 613; x_wconf 71' lang='lat' dir='ltr'><strong>1767,tom.</strong></span> <span class='ocrx_word' id='word_1_268' title='bbox 1212 581 1256 610; x_wconf 82' lang='lat' dir='ltr'><strong>lll.</strong></span> <span class='ocrx_word' id='word_1_269' title='bbox 1278 580 1351 607; x_wconf 83' lang='lat'><strong>8.—</strong></span> <span class='ocrx_word' id='word_1_270' title='bbox 1375 579 1503 612; x_wconf 81' lang='lat' dir='ltr'><strong>Ejusdem</strong></span> <span class='ocrx_word' id='word_1_271' title='bbox 1530 575 1652 611; x_wconf 79' lang='lat' dir='ltr'><strong>Epistula</strong></span> <span class='ocrx_word' id='word_1_272' title='bbox 1679 576 1773 602; x_wconf 77' lang='lat' dir='ltr'><strong>critica</strong></span> <span class='ocrx_word' id='word_1_273' title='bbox 1789 574 1820 600; x_wconf 85' lang='lat' dir='ltr'><strong>ad</strong></span> 
     </span>
    </p>
   </div>
   <div class='ocr_carea' id='block_1_41' title="bbox 1031 622 1821 661">
    <p class='ocr_par' dir='ltr' id='par_1_41' title="bbox 1031 622 1821 661">
     <span class='ocr_line' id='line_1_41' title="bbox 1031 622 1821 661; baseline -0.011 -5"><span class='ocrx_word' id='word_1_274' title='bbox 1031 629 1195 658; x_wconf 87' lang='lat' dir='ltr'><strong>Gulielmum</strong></span> <span class='ocrx_word' id='word_1_275' title='bbox 1218 627 1303 661; x_wconf 84' lang='lat' dir='ltr'><strong>cpisc.</strong></span> <span class='ocrx_word' id='word_1_276' title='bbox 1332 626 1467 652; x_wconf 77' lang='lat' dir='ltr'><strong>Gloccstr.</strong></span> <span class='ocrx_word' id='word_1_277' title='bbox 1497 623 1614 650; x_wconf 86' lang='lat' dir='ltr'><strong>Londini</strong></span> <span class='ocrx_word' id='word_1_278' title='bbox 1642 622 1721 651; x_wconf 72' lang='lat' dir='ltr'><strong>lTG&#39;i.</strong></span> <span class='ocrx_word' id='word_1_279' title='bbox 1747 622 1773 648; x_wconf 84' lang='lat'><strong>8.</strong></span> <span class='ocrx_word' id='word_1_280' title='bbox 1794 635 1821 639; x_wconf 92' lang='lat'><strong>—-</strong></span> 
     </span>
    </p>
   </div>
   <div class='ocr_carea' id='block_1_42' title="bbox 1032 669 1823 711">
    <p class='ocr_par' dir='ltr' id='par_1_42' title="bbox 1032 669 1823 711">
     <span class='ocr_line' id='line_1_42' title="bbox 1032 669 1823 711; baseline -0.011 -8"><span class='ocrx_word' id='word_1_281' title='bbox 1032 676 1159 711; x_wconf 82' lang='lat' dir='ltr'><strong>Ejusdem</strong></span> <span class='ocrx_word' id='word_1_282' title='bbox 1184 682 1255 701; x_wconf 69' lang='lat' dir='ltr'><strong>cura:</strong></span> <span class='ocrx_word' id='word_1_283' title='bbox 1271 673 1419 700; x_wconf 76' lang='lat' dir='ltr'><strong>novissima:</strong></span> <span class='ocrx_word' id='word_1_284' title='bbox 1440 679 1463 698; x_wconf 76' lang='grc' dir='ltr'><strong>ε.</strong></span> <span class='ocrx_word' id='word_1_285' title='bbox 1496 669 1676 705; x_wconf 85' lang='lat' dir='ltr'><strong>appendicula</strong></span> <span class='ocrx_word' id='word_1_286' title='bbox 1697 674 1823 695; x_wconf 82' lang='lat' dir='ltr'><strong>notarum</strong></span> 
     </span>
    </p>
   </div>
   <div class='ocr_carea' id='block_1_43' title="bbox 1032 714 1821 749">
    <p class='ocr_par' dir='ltr' id='par_1_43' title="bbox 1032 714 1821 749">
     <span class='ocr_line' id='line_1_43' title="bbox 1032 714 1821 749; baseline -0.011 -1"><span class='ocrx_word' id='word_1_287' title='bbox 1032 720 1290 748; x_wconf 86' lang='lat' dir='ltr'><strong>ctemendationum</strong></span> <span class='ocrx_word' id='word_1_288' title='bbox 1317 718 1345 745; x_wconf 91' lang='lat' dir='ltr'><strong>in</strong></span> <span class='ocrx_word' id='word_1_289' title='bbox 1371 717 1494 749; x_wconf 79' lang='lat' dir='ltr'><strong>Suidam,</strong></span> <span class='ocrx_word' id='word_1_290' title='bbox 1516 721 1581 748; x_wconf 83' lang='lat' dir='ltr'><strong>etc.,</strong></span> <span class='ocrx_word' id='word_1_291' title='bbox 1606 715 1673 742; x_wconf 89' lang='lat' dir='ltr'><strong>ibid.</strong></span> <span class='ocrx_word' id='word_1_292' title='bbox 1697 714 1775 741; x_wconf 74' lang='lat'><strong>1775.</strong></span> <span class='ocrx_word' id='word_1_293' title='bbox 1797 714 1821 740; x_wconf 88' lang='lat'><strong>8.</strong></span> 
     </span>
    </p>
   </div>
   <div class='ocr_carea' id='block_1_44' title="bbox 1033 760 1822 799">
    <p class='ocr_par' dir='ltr' id='par_1_44' title="bbox 1033 760 1822 799">
     <span class='ocr_line' id='line_1_44' title="bbox 1033 760 1822 799; baseline -0.009 -6"><span class='ocrx_word' id='word_1_294' title='bbox 1033 767 1098 799; x_wconf 81' lang='lat' dir='ltr'><strong>Qu&#39;e</strong></span> <span class='ocrx_word' id='word_1_295' title='bbox 1114 766 1205 792; x_wconf 86' lang='lat' dir='ltr'><strong>omnia</strong></span> <span class='ocrx_word' id='word_1_296' title='bbox 1227 765 1345 799; x_wconf 89' lang='lat' dir='ltr'><strong>primum</strong></span> <span class='ocrx_word' id='word_1_297' title='bbox 1370 770 1466 790; x_wconf 87' lang='lat' dir='ltr'><strong>recusa</strong></span> <span class='ocrx_word' id='word_1_298' title='bbox 1485 766 1549 789; x_wconf 91' lang='lat' dir='ltr'><strong>sunt</strong></span> <span class='ocrx_word' id='word_1_299' title='bbox 1565 761 1647 795; x_wconf 85' lang='lat' dir='ltr'><strong>hujus</strong></span> <span class='ocrx_word' id='word_1_300' title='bbox 1662 760 1822 787; x_wconf 58' lang='lat' dir='ltr'><strong>sententias:</strong></span> 
     </span>
    </p>
   </div>
   <div class='ocr_carea' id='block_1_45' title="bbox 1033 804 1823 846">
    <p class='ocr_par' dir='ltr' id='par_1_45' title="bbox 1033 804 1823 846">
     <span class='ocr_line' id='line_1_45' title="bbox 1033 804 1823 846; baseline -0.009 -8"><span class='ocrx_word' id='word_1_301' title='bbox 1033 811 1076 838; x_wconf 87' lang='lat' dir='ltr'><strong>Jo.</strong></span> <span class='ocrx_word' id='word_1_302' title='bbox 1097 811 1180 846; x_wconf 86' lang='lat' dir='ltr'><strong>Toup.</strong></span> <span class='ocrx_word' id='word_1_303' title='bbox 1209 809 1335 846; x_wconf 80' lang='lat' dir='ltr'><strong>opuscula</strong></span> <span class='ocrx_word' id='word_1_304' title='bbox 1354 809 1459 840; x_wconf 75' lang='lat' dir='ltr'><strong>critica,</strong></span> <span class='ocrx_word' id='word_1_305' title='bbox 1483 807 1582 842; x_wconf 74' lang='lat' dir='ltr'><strong>Lipsiae</strong></span> <span class='ocrx_word' id='word_1_306' title='bbox 1610 806 1682 833; x_wconf 68' lang='lat'><strong>1780</strong></span> <span class='ocrx_word' id='word_1_307' title='bbox 1702 811 1730 832; x_wconf 89' lang='lat' dir='ltr'><strong>et</strong></span> <span class='ocrx_word' id='word_1_308' title='bbox 1748 804 1823 834; x_wconf 75' lang='grc' dir='ltr'>Πδι.</span> 
     </span>
    </p>
   </div>
   <div class='ocr_carea' id='block_1_46' title="bbox 1035 852 1826 890">
    <p class='ocr_par' dir='ltr' id='par_1_46' title="bbox 1035 852 1826 890">
     <span class='ocr_line' id='line_1_46' title="bbox 1035 852 1826 890; baseline -0.01 -6"><span class='ocrx_word' id='word_1_309' title='bbox 1035 863 1100 884; x_wconf 90' lang='lat' dir='ltr'><strong>tom.</strong></span> <span class='ocrx_word' id='word_1_310' title='bbox 1115 858 1147 890; x_wconf 87' lang='lat' dir='ltr'><strong>ll,</strong></span> <span class='ocrx_word' id='word_1_311' title='bbox 1164 858 1189 885; x_wconf 92' lang='lat'><strong>8.</strong></span> <span class='ocrx_word' id='word_1_312' title='bbox 1202 872 1238 878; x_wconf 89' lang='lat'><strong>—</strong></span> <span class='ocrx_word' id='word_1_313' title='bbox 1256 855 1358 883; x_wconf 84' lang='lat' dir='ltr'><strong>Deinde</strong></span> <span class='ocrx_word' id='word_1_314' title='bbox 1374 863 1435 881; x_wconf 89' lang='lat' dir='ltr'><strong>cum</strong></span> <span class='ocrx_word' id='word_1_315' title='bbox 1453 854 1551 889; x_wconf 77' lang='lat' dir='ltr'><strong>insigni</strong></span> <span class='ocrx_word' id='word_1_316' title='bbox 1567 852 1729 880; x_wconf 82' lang='lat' dir='ltr'><strong>accessione</strong></span> <span class='ocrx_word' id='word_1_317' title='bbox 1746 857 1826 878; x_wconf 79' lang='lat' dir='ltr'><strong>nova-</strong></span> 
     </span>
    </p>
   </div>
   <div class='ocr_carea' id='block_1_47' title="bbox 1034 896 1826 932">
    <p class='ocr_par' dir='ltr' id='par_1_47' title="bbox 1034 896 1826 932">
     <span class='ocr_line' id='line_1_47' title="bbox 1034 896 1826 932; baseline -0.011 -1"><span class='ocrx_word' id='word_1_318' title='bbox 1034 910 1094 931; x_wconf 93' lang='lat' dir='ltr'><strong>rum</strong></span> <span class='ocrx_word' id='word_1_319' title='bbox 1113 903 1138 930; x_wconf 91' lang='lat' dir='ltr'><strong>in</strong></span> <span class='ocrx_word' id='word_1_320' title='bbox 1151 902 1262 930; x_wconf 89' lang='lat' dir='ltr'><strong>Suidam</strong></span> <span class='ocrx_word' id='word_1_321' title='bbox 1276 899 1542 928; x_wconf 81' lang='lat' dir='ltr'><strong>animadVersionum</strong></span> <span class='ocrx_word' id='word_1_322' title='bbox 1559 904 1642 932; x_wconf 87' lang='lat' dir='ltr'><strong>atque</strong></span> <span class='ocrx_word' id='word_1_323' title='bbox 1657 896 1826 924; x_wconf 82' lang='lat' dir='ltr'><strong>emendatio-</strong></span> 
     </span>
    </p>
   </div>
   <div class='ocr_carea' id='block_1_48' title="bbox 1033 944 1827 983">
    <p class='ocr_par' dir='ltr' id='par_1_48' title="bbox 1033 944 1827 983">
     <span class='ocr_line' id='line_1_48' title="bbox 1033 944 1827 983; baseline -0.009 -8"><span class='ocrx_word' id='word_1_324' title='bbox 1033 957 1098 976; x_wconf 91' lang='lat' dir='ltr'><strong>num</strong></span> <span class='ocrx_word' id='word_1_325' title='bbox 1112 950 1139 975; x_wconf 87' lang='lat' dir='ltr'><strong>in</strong></span> <span class='ocrx_word' id='word_1_326' title='bbox 1157 947 1321 983; x_wconf 75' lang='lat' dir='ltr'><strong>Hesychium</strong></span> <span class='ocrx_word' id='word_1_327' title='bbox 1334 946 1502 977; x_wconf 85' lang='lat' dir='ltr'><strong>uberiorum,</strong></span> <span class='ocrx_word' id='word_1_328' title='bbox 1516 949 1542 972; x_wconf 88' lang='lat' dir='ltr'><strong>et</strong></span> <span class='ocrx_word' id='word_1_329' title='bbox 1555 945 1582 971; x_wconf 94' lang='lat' dir='ltr'><strong>in</strong></span> <span class='ocrx_word' id='word_1_330' title='bbox 1594 944 1735 970; x_wconf 81' lang='lat' dir='ltr'><strong>Pollucem</strong></span> <span class='ocrx_word' id='word_1_331' title='bbox 1748 947 1827 976; x_wconf 85' lang='lat' dir='ltr'><strong>atque</strong></span> 
     </span>
    </p>
   </div>
   <div class='ocr_carea' id='block_1_49' title="bbox 1033 988 1828 1030">
    <p class='ocr_par' dir='ltr' id='par_1_49' title="bbox 1033 988 1828 1030">
     <span class='ocr_line' id='line_1_49' title="bbox 1033 988 1828 1030; baseline -0.013 -7"><span class='ocrx_word' id='word_1_332' title='bbox 1033 995 1275 1030; x_wconf 84' lang='lat' dir='ltr'><strong>Harpocrationem</strong></span> <span class='ocrx_word' id='word_1_333' title='bbox 1291 993 1462 1030; x_wconf 78' lang='lat' dir='ltr'><strong>pauciorum,</strong></span> <span class='ocrx_word' id='word_1_334' title='bbox 1478 997 1504 1018; x_wconf 84' lang='lat' dir='ltr'><strong>et</strong></span> <span class='ocrx_word' id='word_1_335' title='bbox 1517 990 1669 1026; x_wconf 86' lang='lat' dir='ltr'><strong>appendice</strong></span> <span class='ocrx_word' id='word_1_336' title='bbox 1684 988 1828 1023; x_wconf 74' lang='lat' dir='ltr'><strong>Tyrwhitti</strong></span> 
     </span>
    </p>
   </div>
   <div class='ocr_carea' id='block_1_50' title="bbox 1034 1035 1829 1076">
    <p class='ocr_par' dir='ltr' id='par_1_50' title="bbox 1034 1035 1829 1076">
     <span class='ocr_line' id='line_1_50' title="bbox 1034 1035 1829 1076; baseline -0.01 -8"><span class='ocrx_word' id='word_1_337' title='bbox 1034 1042 1158 1076; x_wconf 80' lang='lat' dir='ltr'><strong>aliusque</strong></span> <span class='ocrx_word' id='word_1_338' title='bbox 1172 1041 1204 1067; x_wconf 72' lang='grc' dir='ltr'><strong>Ἴ.</strong></span> <span class='ocrx_word' id='word_1_339' title='bbox 1216 1040 1245 1067; x_wconf 87' lang='lat' dir='ltr'><strong>D.</strong></span> <span class='ocrx_word' id='word_1_340' title='bbox 1259 1043 1385 1066; x_wconf 84' lang='lat' dir='ltr'><strong>notarum</strong></span> <span class='ocrx_word' id='word_1_341' title='bbox 1403 1038 1429 1065; x_wconf 84' lang='lat' dir='ltr'><strong>in</strong></span> <span class='ocrx_word' id='word_1_342' title='bbox 1446 1036 1543 1071; x_wconf 87' lang='lat' dir='ltr'><strong>Toupii</strong></span> <span class='ocrx_word' id='word_1_343' title='bbox 1563 1036 1716 1063; x_wconf 79' lang='lat' dir='ltr'><strong>ementlatt.</strong></span> <span class='ocrx_word' id='word_1_344' title='bbox 1729 1035 1757 1061; x_wconf 88' lang='lat' dir='ltr'><strong>in</strong></span> <span class='ocrx_word' id='word_1_345' title='bbox 1769 1035 1829 1061; x_wconf 82' lang='lat' dir='ltr'><strong>Sui-</strong></span> 
     </span>
    </p>
   </div>
   <div class='ocr_carea' id='block_1_51' title="bbox 1034 1081 1828 1117">
    <p class='ocr_par' dir='ltr' id='par_1_51' title="bbox 1034 1081 1828 1117">
     <span class='ocr_line' id='line_1_51' title="bbox 1034 1081 1828 1117; baseline -0.013 -3"><span class='ocrx_word' id='word_1_346' title='bbox 1034 1088 1108 1117; x_wconf 85' lang='lat' dir='ltr'><strong>dam.</strong></span> <span class='ocrx_word' id='word_1_347' title='bbox 1121 1087 1375 1113; x_wconf 86' lang='lat' dir='ltr'><strong>defunctnauctore.</strong></span> <span class='ocrx_word' id='word_1_348' title='bbox 1386 1083 1484 1109; x_wconf 67' lang='lat' dir='ltr'><strong>iterum</strong></span> <span class='ocrx_word' id='word_1_349' title='bbox 1504 1082 1529 1107; x_wconf 91' lang='lat' dir='ltr'><strong>in</strong></span> <span class='ocrx_word' id='word_1_350' title='bbox 1541 1081 1637 1115; x_wconf 77' lang='lat' dir='ltr'><strong>Anglia</strong></span> <span class='ocrx_word' id='word_1_351' title='bbox 1653 1087 1720 1106; x_wconf 87' lang='lat' dir='ltr'><strong>cura</strong></span> <span class='ocrx_word' id='word_1_352' title='bbox 1733 1084 1828 1105; x_wconf 83' lang='lat' dir='ltr'><strong>etcum</strong></span> 
     </span>
    </p>
   </div>
   <div class='ocr_carea' id='block_1_52' title="bbox 1035 1123 1828 1168">
    <p class='ocr_par' dir='ltr' id='par_1_52' title="bbox 1035 1123 1828 1168">
     <span class='ocr_line' id='line_1_52' title="bbox 1035 1123 1828 1168; baseline -0.013 -9"><span class='ocrx_word' id='word_1_353' title='bbox 1035 1132 1191 1168; x_wconf 71' lang='lat' dir='ltr'><strong>prmfntione</strong></span> <span class='ocrx_word' id='word_1_354' title='bbox 1207 1130 1304 1157; x_wconf 88' lang='lat' dir='ltr'><strong>Thom.</strong></span> <span class='ocrx_word' id='word_1_355' title='bbox 1322 1129 1469 1161; x_wconf 61' lang='lat' dir='ltr'><strong>Burghess.</strong></span> <span class='ocrx_word' id='word_1_356' title='bbox 1481 1128 1548 1153; x_wconf 81' lang='lat' dir='ltr'><strong>edit.</strong></span> <span class='ocrx_word' id='word_1_357' title='bbox 1563 1130 1628 1152; x_wconf 82' lang='lat' dir='ltr'><strong>sunt</strong></span> <span class='ocrx_word' id='word_1_358' title='bbox 1647 1132 1712 1151; x_wconf 82' lang='lat' dir='ltr'><strong>cum</strong></span> <span class='ocrx_word' id='word_1_359' title='bbox 1731 1123 1828 1150; x_wconf 82' lang='lat' dir='ltr'><strong>inscri-</strong></span> 
     </span>
    </p>
   </div>
   <div class='ocr_carea' id='block_1_53' title="bbox 1036 1168 1830 1214">
    <p class='ocr_par' dir='ltr' id='par_1_53' title="bbox 1036 1168 1830 1214">
     <span class='ocr_line' id='line_1_53' title="bbox 1036 1168 1830 1214; baseline -0.015 -9"><span class='ocrx_word' id='word_1_360' title='bbox 1036 1179 1128 1214; x_wconf 87' lang='lat' dir='ltr'><strong>ptione</strong></span> <span class='ocrx_word' id='word_1_361' title='bbox 1140 1185 1146 1203; x_wconf 92' lang='lat'><strong>:</strong></span> <span class='ocrx_word' id='word_1_362' title='bbox 1161 1176 1362 1203; x_wconf 69' lang='lat' dir='ltr'><strong>Emendntiones</strong></span> <span class='ocrx_word' id='word_1_363' title='bbox 1373 1174 1398 1200; x_wconf 87' lang='lat' dir='ltr'><strong>in</strong></span> <span class='ocrx_word' id='word_1_364' title='bbox 1410 1173 1521 1200; x_wconf 81' lang='lat' dir='ltr'><strong>Suidam</strong></span> <span class='ocrx_word' id='word_1_365' title='bbox 1529 1177 1552 1197; x_wconf 82' lang='grc' dir='ltr'><strong>ιι</strong></span> <span class='ocrx_word' id='word_1_366' title='bbox 1562 1169 1724 1204; x_wconf 76' lang='lat' dir='ltr'><strong>Uesydtium</strong></span> <span class='ocrx_word' id='word_1_367' title='bbox 1732 1174 1758 1195; x_wconf 77' lang='lat' dir='ltr'><strong>et</strong></span> <span class='ocrx_word' id='word_1_368' title='bbox 1767 1168 1830 1194; x_wconf 73' lang='lat' dir='ltr'><strong>alios</strong></span> 
     </span>
    </p>
   </div>
   <div class='ocr_carea' id='block_1_54' title="bbox 1037 1215 1831 1258">
    <p class='ocr_par' dir='ltr' id='par_1_54' title="bbox 1037 1215 1831 1258">
     <span class='ocr_line' id='line_1_54' title="bbox 1037 1215 1831 1258; baseline -0.015 -7"><span class='ocrx_word' id='word_1_369' title='bbox 1037 1223 1238 1258; x_wconf 71' lang='lat' dir='ltr'><strong>lezicograpltos</strong></span> <span class='ocrx_word' id='word_1_370' title='bbox 1255 1221 1370 1249; x_wconf 78' lang='lat' dir='ltr'><strong>Crtrcos.</strong></span> <span class='ocrx_word' id='word_1_371' title='bbox 1392 1218 1510 1253; x_wconf 83' lang='lat' dir='ltr'><strong>Seripsit</strong></span> <span class='ocrx_word' id='word_1_372' title='bbox 1527 1217 1571 1244; x_wconf 67' lang='grc' dir='ltr'><strong>ιο.</strong></span> <span class='ocrx_word' id='word_1_373' title='bbox 1598 1215 1686 1250; x_wconf 84' lang='lat' dir='ltr'><strong>Toup.</strong></span> <span class='ocrx_word' id='word_1_374' title='bbox 1708 1215 1831 1242; x_wconf 68' lang='lat' dir='ltr'><strong>ecclesia:</strong></span> 
     </span>
    </p>
   </div>
   <div class='ocr_carea' id='block_1_55' title="bbox 1036 1259 1832 1303">
    <p class='ocr_par' dir='ltr' id='par_1_55' title="bbox 1036 1259 1832 1303">
     <span class='ocr_line' id='line_1_55' title="bbox 1036 1259 1832 1303; baseline -0.015 -6"><span class='ocrx_word' id='word_1_375' title='bbox 1036 1270 1144 1298; x_wconf 85' lang='lat' dir='ltr'><strong>catlted.</strong></span> <span class='ocrx_word' id='word_1_376' title='bbox 1161 1270 1247 1296; x_wconf 77' lang='lat' dir='ltr'><strong>Exon.</strong></span> <span class='ocrx_word' id='word_1_377' title='bbox 1265 1266 1468 1303; x_wconf 65' lang='lat' dir='ltr'><strong>praebentlarius</strong></span> <span class='ocrx_word' id='word_1_378' title='bbox 1481 1270 1508 1292; x_wconf 83' lang='lat' dir='ltr'><strong>et</strong></span> <span class='ocrx_word' id='word_1_379' title='bbox 1522 1263 1644 1291; x_wconf 75' lang='lat' dir='ltr'><strong>ecclesia:</strong></span> <span class='ocrx_word' id='word_1_380' title='bbox 1669 1262 1700 1288; x_wconf 82' lang='lat' dir='ltr'><strong>S.</strong></span> <span class='ocrx_word' id='word_1_381' title='bbox 1724 1259 1832 1287; x_wconf 58' lang='grc' dir='ltr'><strong>ΝΜ·ιίιί</strong></span> 
     </span>
    </p>
   </div>
   <div class='ocr_carea' id='block_1_56' title="bbox 1037 1308 1831 1351">
    <p class='ocr_par' dir='ltr' id='par_1_56' title="bbox 1037 1308 1831 1351">
     <span class='ocr_line' id='line_1_56' title="bbox 1037 1308 1831 1351; baseline -0.015 -6"><span class='ocrx_word' id='word_1_382' title='bbox 1037 1325 1099 1346; x_wconf 87' lang='lat' dir='ltr'><strong>cum</strong></span> <span class='ocrx_word' id='word_1_383' title='bbox 1122 1316 1225 1351; x_wconf 86' lang='lat' dir='ltr'><strong>capella</strong></span> <span class='ocrx_word' id='word_1_384' title='bbox 1249 1316 1282 1343; x_wconf 90' lang='lat' dir='ltr'><strong>de</strong></span> <span class='ocrx_word' id='word_1_385' title='bbox 1305 1314 1360 1341; x_wconf 89' lang='lat' dir='ltr'><strong>Loo</strong></span> <span class='ocrx_word' id='word_1_386' title='bbox 1387 1313 1414 1340; x_wconf 93' lang='lat' dir='ltr'><strong>in</strong></span> <span class='ocrx_word' id='word_1_387' title='bbox 1441 1319 1507 1347; x_wconf 79' lang='lat' dir='ltr'><strong>agro</strong></span> <span class='ocrx_word' id='word_1_388' title='bbox 1529 1308 1713 1338; x_wconf 69' lang='lat' dir='ltr'><strong>Corntthicnsi</strong></span> <span class='ocrx_word' id='word_1_389' title='bbox 1732 1313 1831 1334; x_wconf 72' lang='lat' dir='ltr'><strong>rector.</strong></span> 
     </span>
    </p>
   </div>
   <div class='ocr_carea' id='block_1_57' title="bbox 1037 1352 1832 1397">
    <p class='ocr_par' dir='ltr' id='par_1_57' title="bbox 1037 1352 1832 1397">
     <span class='ocr_line' id='line_1_57' title="bbox 1037 1352 1832 1397; baseline -0.018 -5"><span class='ocrx_word' id='word_1_390' title='bbox 1037 1363 1136 1392; x_wconf 79' lang='lat' dir='ltr'><strong>Oxonii</strong></span> <span class='ocrx_word' id='word_1_391' title='bbox 1164 1371 1179 1390; x_wconf 90' lang='lat' dir='ltr'><strong>e</strong></span> <span class='ocrx_word' id='word_1_392' title='bbox 1195 1361 1380 1397; x_wconf 80' lang='lat' dir='ltr'><strong>typographeo</strong></span> <span class='ocrx_word' id='word_1_393' title='bbox 1394 1357 1559 1386; x_wconf 82' lang='lat' dir='ltr'><strong>Clareudon.</strong></span> <span class='ocrx_word' id='word_1_394' title='bbox 1577 1355 1656 1386; x_wconf 77' lang='lat' dir='ltr'><strong>H90,</strong></span> <span class='ocrx_word' id='word_1_395' title='bbox 1681 1354 1710 1385; x_wconf 80' lang='lat'><strong>8,</strong></span> <span class='ocrx_word' id='word_1_396' title='bbox 1727 1353 1763 1379; x_wconf 82' lang='lat' dir='ltr'><strong>IV</strong></span> <span class='ocrx_word' id='word_1_397' title='bbox 1781 1352 1832 1379; x_wconf 88' lang='lat' dir='ltr'><strong>vol.</strong></span> 
     </span>
    </p>
   </div>
   <div class='ocr_carea' id='block_1_58' title="bbox 1038 1399 1834 1444">
    <p class='ocr_par' dir='ltr' id='par_1_58' title="bbox 1038 1399 1834 1444">
     <span class='ocr_line' id='line_1_58' title="bbox 1038 1399 1834 1444; baseline -0.018 -6"><span class='ocrx_word' id='word_1_398' title='bbox 1038 1410 1126 1444; x_wconf 87' lang='lat' dir='ltr'><strong>Toup.</strong></span> <span class='ocrx_word' id='word_1_399' title='bbox 1140 1413 1199 1435; x_wconf 85' lang='lat' dir='ltr'><strong>erat</strong></span> <span class='ocrx_word' id='word_1_400' title='bbox 1215 1412 1313 1434; x_wconf 84' lang='lat' dir='ltr'><strong>acutus</strong></span> <span class='ocrx_word' id='word_1_401' title='bbox 1337 1406 1448 1441; x_wconf 85' lang='lat' dir='ltr'><strong>quidem</strong></span> <span class='ocrx_word' id='word_1_402' title='bbox 1474 1403 1598 1432; x_wconf 68' lang='lat' dir='ltr'><strong>critivus.</strong></span> <span class='ocrx_word' id='word_1_403' title='bbox 1616 1401 1663 1428; x_wconf 76' lang='lat' dir='ltr'><strong>sed</strong></span> <span class='ocrx_word' id='word_1_404' title='bbox 1682 1401 1770 1427; x_wconf 74' lang='lat' dir='ltr'><strong>etiam</strong></span> <span class='ocrx_word' id='word_1_405' title='bbox 1785 1399 1834 1425; x_wconf 83' lang='lat' dir='ltr'><strong>int-</strong></span> 
     </span>
    </p>
   </div>
   <div class='ocr_carea' id='block_1_59' title="bbox 1040 1448 1835 1489">
    <p class='ocr_par' dir='ltr' id='par_1_59' title="bbox 1040 1448 1835 1489">
     <span class='ocr_line' id='line_1_59' title="bbox 1040 1448 1835 1489; baseline -0.018 -5"><span class='ocrx_word' id='word_1_406' title='bbox 1040 1457 1198 1484; x_wconf 89' lang='lat' dir='ltr'><strong>moderatus</strong></span> <span class='ocrx_word' id='word_1_407' title='bbox 1213 1458 1294 1489; x_wconf 82' lang='lat' dir='ltr'><strong>atque</strong></span> <span class='ocrx_word' id='word_1_408' title='bbox 1308 1452 1486 1481; x_wconf 84' lang='lat' dir='ltr'><strong>inhumanus.</strong></span> <span class='ocrx_word' id='word_1_409' title='bbox 1501 1457 1551 1476; x_wconf 90' lang='lat' dir='ltr'><strong>nec</strong></span> <span class='ocrx_word' id='word_1_410' title='bbox 1566 1455 1629 1474; x_wconf 89' lang='lat' dir='ltr'><strong>raro</strong></span> <span class='ocrx_word' id='word_1_411' title='bbox 1639 1448 1760 1482; x_wconf 74' lang='lat' dir='ltr'><strong>agresvis</strong></span> <span class='ocrx_word' id='word_1_412' title='bbox 1773 1452 1835 1480; x_wconf 77' lang='lat' dir='ltr'><strong>erga</strong></span> 
     </span>
    </p>
   </div>
   <div class='ocr_carea' id='block_1_60' title="bbox 1041 1491 1835 1528">
    <p class='ocr_par' dir='ltr' id='par_1_60' title="bbox 1041 1491 1835 1528">
     <span class='ocr_line' id='line_1_60' title="bbox 1041 1491 1835 1528; baseline -0.014 -1"><span class='ocrx_word' id='word_1_413' title='bbox 1041 1500 1119 1528; x_wconf 84' lang='lat' dir='ltr'><strong>alios.</strong></span> <span class='ocrx_word' id='word_1_414' title='bbox 1139 1499 1209 1525; x_wconf 74' lang='lat' dir='ltr'><strong>Num</strong></span> <span class='ocrx_word' id='word_1_415' title='bbox 1234 1505 1299 1524; x_wconf 91' lang='lat' dir='ltr'><strong>vero</strong></span> <span class='ocrx_word' id='word_1_416' title='bbox 1330 1494 1470 1523; x_wconf 83' lang='lat' dir='ltr'><strong>l’earsonii</strong></span> <span class='ocrx_word' id='word_1_417' title='bbox 1497 1498 1524 1520; x_wconf 92' lang='lat' dir='ltr'><strong>ct</strong></span> <span class='ocrx_word' id='word_1_418' title='bbox 1547 1493 1614 1519; x_wconf 81' lang='lat' dir='ltr'><strong>Adr.</strong></span> <span class='ocrx_word' id='word_1_419' title='bbox 1641 1491 1716 1518; x_wconf 80' lang='lat' dir='ltr'><strong>Junii</strong></span> <span class='ocrx_word' id='word_1_420' title='bbox 1737 1491 1835 1525; x_wconf 84' lang='lat' dir='ltr'><strong>opibus</strong></span> 
     </span>
    </p>
   </div>
   <div class='ocr_carea' id='block_1_61' title="bbox 202 1535 1835 1589">
    <p class='ocr_par' dir='ltr' id='par_1_61' title="bbox 202 1535 1835 1589">
     <span class='ocr_line' id='line_1_61' title="bbox 202 1535 1835 1589; baseline -0.009 -12"><span class='ocrx_word' id='word_1_421' title='bbox 202 1558 279 1583; x_wconf 84' lang='lat' dir='ltr'><strong>num,</strong></span> <span class='ocrx_word' id='word_1_422' title='bbox 295 1555 360 1582; x_wconf 87' lang='lat' dir='ltr'><strong>etc.,</strong></span> <span class='ocrx_word' id='word_1_423' title='bbox 389 1550 421 1577; x_wconf 80' lang='lat' dir='ltr'><strong>ad</strong></span> <span class='ocrx_word' id='word_1_424' title='bbox 439 1550 552 1577; x_wconf 88' lang='lat' dir='ltr'><strong>Suidam</strong></span> <span class='ocrx_word' id='word_1_425' title='bbox 570 1549 761 1577; x_wconf 91' lang='lat' dir='ltr'><strong>illustrandum</strong></span> <span class='ocrx_word' id='word_1_426' title='bbox 782 1550 989 1585; x_wconf 74' lang='lat' dir='ltr'><strong>corrigendum-</strong></span> <span class='ocrx_word' id='word_1_427' title='bbox 1003 1560 1024 1589; x_wconf 67' lang='grc' dir='ltr'>α</span> <span class='ocrx_word' id='word_1_428' title='bbox 1043 1546 1121 1573; x_wconf 87' lang='lat' dir='ltr'><strong>ftteril</strong></span> <span class='ocrx_word' id='word_1_429' title='bbox 1136 1545 1256 1578; x_wconf 82' lang='lat' dir='ltr'><strong>adjutus,</strong></span> <span class='ocrx_word' id='word_1_430' title='bbox 1270 1549 1294 1570; x_wconf 86' lang='lat' dir='ltr'><strong>ct</strong></span> <span class='ocrx_word' id='word_1_431' title='bbox 1307 1542 1406 1572; x_wconf 73' lang='lat' dir='ltr'><strong>alieno,</strong></span> <span class='ocrx_word' id='word_1_432' title='bbox 1423 1540 1460 1567; x_wconf 89' lang='lat' dir='ltr'><strong>uti</strong></span> <span class='ocrx_word' id='word_1_433' title='bbox 1477 1540 1564 1569; x_wconf 77' lang='lat' dir='ltr'><strong>aiunt,</strong></span> <span class='ocrx_word' id='word_1_434' title='bbox 1578 1538 1663 1564; x_wconf 82' lang='lat' dir='ltr'><strong>vitulo</strong></span> <span class='ocrx_word' id='word_1_435' title='bbox 1679 1537 1778 1566; x_wconf 82' lang='lat' dir='ltr'><strong>ararit,</strong></span> <span class='ocrx_word' id='word_1_436' title='bbox 1799 1535 1835 1562; x_wconf 87' lang='lat' dir='ltr'><strong>uti</strong></span> 
     </span>
    </p>
   </div>
   <div class='ocr_carea' id='block_1_62' title="bbox 201 1595 988 1630">
    <p class='ocr_par' dir='ltr' id='par_1_62' title="bbox 201 1595 988 1630">
     <span class='ocr_line' id='line_1_62' title="bbox 201 1595 988 1630; baseline 0.001 -9"><span class='ocrx_word' id='word_1_437' title='bbox 201 1603 255 1630; x_wconf 88' lang='lat' dir='ltr'><strong>que</strong></span> <span class='ocrx_word' id='word_1_438' title='bbox 283 1596 358 1623; x_wconf 80' lang='lat' dir='ltr'><strong>varia</strong></span> <span class='ocrx_word' id='word_1_439' title='bbox 385 1596 489 1623; x_wconf 81' lang='lat' dir='ltr'><strong>ratione</strong></span> <span class='ocrx_word' id='word_1_440' title='bbox 507 1600 534 1622; x_wconf 88' lang='lat' dir='ltr'><strong>et</strong></span> <span class='ocrx_word' id='word_1_441' title='bbox 555 1597 664 1623; x_wconf 81' lang='lat' dir='ltr'><strong>fortuna</strong></span> <span class='ocrx_word' id='word_1_442' title='bbox 690 1595 874 1622; x_wconf 85' lang='lat' dir='ltr'><strong>contulerunt.</strong></span> <span class='ocrx_word' id='word_1_443' title='bbox 899 1595 988 1622; x_wconf 90' lang='lat' dir='ltr'><strong>Pauca</strong></span> 
     </span>
    </p>
   </div>
   <div class='ocr_carea' id='block_1_63' title="bbox 201 1641 990 1676">
    <p class='ocr_par' dir='ltr' id='par_1_63' title="bbox 201 1641 990 1676">
     <span class='ocr_line' id='line_1_63' title="bbox 201 1641 990 1676; baseline 0.001 -8"><span class='ocrx_word' id='word_1_444' title='bbox 201 1647 306 1669; x_wconf 87' lang='lat' dir='ltr'><strong>tantum</strong></span> <span class='ocrx_word' id='word_1_445' title='bbox 334 1642 456 1669; x_wconf 85' lang='lat' dir='ltr'><strong>iudicare</strong></span> <span class='ocrx_word' id='word_1_446' title='bbox 481 1641 543 1668; x_wconf 81' lang='lat' dir='ltr'><strong>libet</strong></span> <span class='ocrx_word' id='word_1_447' title='bbox 571 1649 669 1676; x_wconf 82' lang='lat' dir='ltr'><strong>opera,</strong></span> <span class='ocrx_word' id='word_1_448' title='bbox 702 1642 728 1668; x_wconf 95' lang='lat' dir='ltr'><strong>in</strong></span> <span class='ocrx_word' id='word_1_449' title='bbox 751 1642 869 1676; x_wconf 77' lang='lat' dir='ltr'><strong>quibus,</strong></span> <span class='ocrx_word' id='word_1_450' title='bbox 899 1643 990 1670; x_wconf 76' lang='lat' dir='ltr'><strong>delita</strong></span> 
     </span>
    </p>
   </div>
   <div class='ocr_carea' id='block_1_64' title="bbox 201 1688 992 1722">
    <p class='ocr_par' dir='ltr' id='par_1_64' title="bbox 201 1688 992 1722">
     <span class='ocr_line' id='line_1_64' title="bbox 201 1688 992 1722; baseline -0.001 -7"><span class='ocrx_word' id='word_1_451' title='bbox 201 1696 283 1722; x_wconf 89' lang='lat' dir='ltr'><strong>opcra</strong></span> <span class='ocrx_word' id='word_1_452' title='bbox 309 1693 336 1715; x_wconf 85' lang='lat' dir='ltr'><strong>ct</strong></span> <span class='ocrx_word' id='word_1_453' title='bbox 349 1689 459 1722; x_wconf 86' lang='lat' dir='ltr'><strong>copiose</strong></span> <span class='ocrx_word' id='word_1_454' title='bbox 484 1692 668 1722; x_wconf 88' lang='lat' dir='ltr'><strong>pertractatur</strong></span> <span class='ocrx_word' id='word_1_455' title='bbox 689 1688 780 1715; x_wconf 54' lang='lat' dir='ltr'><strong>Suidas</strong></span> <span class='ocrx_word' id='word_1_456' title='bbox 807 1688 936 1715; x_wconf 84' lang='lat' dir='ltr'><strong>Lexicon.</strong></span> <span class='ocrx_word' id='word_1_457' title='bbox 958 1704 992 1710; x_wconf 89' lang='lat'><strong><em>—</em></strong></span> 
     </span>
    </p>
   </div>
   <div class='ocr_carea' id='block_1_65' title="bbox 202 1733 991 1768">
    <p class='ocr_par' dir='ltr' id='par_1_65' title="bbox 202 1733 991 1768">
     <span class='ocr_line' id='line_1_65' title="bbox 202 1733 991 1768; baseline 0.003 -9"><span class='ocrx_word' id='word_1_458' title='bbox 202 1733 310 1764; x_wconf 72' lang='lat' dir='ltr'><strong>Ernesti</strong></span> <span class='ocrx_word' id='word_1_459' title='bbox 324 1733 418 1768; x_wconf 90' lang='lat' dir='ltr'><strong>junior</strong></span> <span class='ocrx_word' id='word_1_460' title='bbox 440 1734 466 1760; x_wconf 93' lang='lat' dir='ltr'><strong>in</strong></span> <span class='ocrx_word' id='word_1_461' title='bbox 480 1733 587 1760; x_wconf 87' lang='lat' dir='ltr'><strong>Comm.</strong></span> <span class='ocrx_word' id='word_1_462' title='bbox 610 1733 644 1760; x_wconf 89' lang='lat' dir='ltr'><strong>dc</strong></span> <span class='ocrx_word' id='word_1_463' title='bbox 659 1733 782 1768; x_wconf 83' lang='lat' dir='ltr'><strong>Procopii</strong></span> <span class='ocrx_word' id='word_1_464' title='bbox 796 1733 896 1761; x_wconf 66' lang='lat' dir='ltr'><strong>Caesar.</strong></span> <span class='ocrx_word' id='word_1_465' title='bbox 916 1742 991 1761; x_wconf 85' lang='lat' dir='ltr'><strong>com-</strong></span> 
     </span>
    </p>
   </div>
   <div class='ocr_carea' id='block_1_66' title="bbox 203 1778 992 1816">
    <p class='ocr_par' dir='ltr' id='par_1_66' title="bbox 203 1778 992 1816">
     <span class='ocr_line' id='line_1_66' title="bbox 203 1778 992 1816; baseline 0 -9"><span class='ocrx_word' id='word_1_466' title='bbox 203 1780 357 1812; x_wconf 85' lang='lat' dir='ltr'><strong>mentariis,</strong></span> <span class='ocrx_word' id='word_1_467' title='bbox 374 1784 438 1810; x_wconf 81' lang='lat' dir='ltr'><strong>etc..</strong></span> <span class='ocrx_word' id='word_1_468' title='bbox 455 1788 516 1816; x_wconf 76' lang='lat' dir='ltr'><strong>pag.</strong></span> <span class='ocrx_word' id='word_1_469' title='bbox 534 1780 562 1812; x_wconf 70' lang='grc'><strong>4,</strong></span> <span class='ocrx_word' id='word_1_470' title='bbox 580 1784 696 1812; x_wconf 87' lang='lat' dir='ltr'><strong>notarat,</strong></span> <span class='ocrx_word' id='word_1_471' title='bbox 713 1778 851 1807; x_wconf 87' lang='lat' dir='ltr'><strong>Olearinm</strong></span> <span class='ocrx_word' id='word_1_472' title='bbox 867 1781 992 1815; x_wconf 76' lang='lat' dir='ltr'><strong>exemplo</strong></span> 
     </span>
    </p>
   </div>
   <div class='ocr_carea' id='block_1_67' title="bbox 203 1825 991 1860">
    <p class='ocr_par' dir='ltr' id='par_1_67' title="bbox 203 1825 991 1860">
     <span class='ocr_line' id='line_1_67' title="bbox 203 1825 991 1860; baseline -0.001 -6"><span class='ocrx_word' id='word_1_473' title='bbox 203 1833 254 1854; x_wconf 90' lang='lat' dir='ltr'><strong>suo</strong></span> <span class='ocrx_word' id='word_1_474' title='bbox 284 1825 383 1853; x_wconf 78' lang='lat' dir='ltr'><strong>multas</strong></span> <span class='ocrx_word' id='word_1_475' title='bbox 408 1826 481 1853; x_wconf 87' lang='lat' dir='ltr'><strong>obss.</strong></span> <span class='ocrx_word' id='word_1_476' title='bbox 507 1825 601 1853; x_wconf 87' lang='lat' dir='ltr'><strong>doctas</strong></span> <span class='ocrx_word' id='word_1_477' title='bbox 624 1825 792 1860; x_wconf 78' lang='lat' dir='ltr'><strong>ascripsisse.</strong></span> <span class='ocrx_word' id='word_1_478' title='bbox 821 1825 917 1853; x_wconf 85' lang='lat' dir='ltr'><strong>Postea</strong></span> <span class='ocrx_word' id='word_1_479' title='bbox 943 1827 991 1853; x_wconf 87' lang='lat' dir='ltr'><strong>viri</strong></span> 
     </span>
    </p>
   </div>
   <div class='ocr_carea' id='block_1_68' title="bbox 203 1873 995 1908">
    <p class='ocr_par' dir='ltr' id='par_1_68' title="bbox 203 1873 995 1908">
     <span class='ocr_line' id='line_1_68' title="bbox 203 1873 995 1908; baseline 0 -7"><span class='ocrx_word' id='word_1_480' title='bbox 203 1873 278 1901; x_wconf 79' lang='lat' dir='ltr'><strong>illius</strong></span> <span class='ocrx_word' id='word_1_481' title='bbox 293 1874 484 1902; x_wconf 87' lang='lat' dir='ltr'><strong>humanissimi</strong></span> <span class='ocrx_word' id='word_1_482' title='bbox 503 1881 568 1901; x_wconf 89' lang='lat' dir='ltr'><strong>cura</strong></span> <span class='ocrx_word' id='word_1_483' title='bbox 584 1874 610 1900; x_wconf 91' lang='lat' dir='ltr'><strong>in</strong></span> <span class='ocrx_word' id='word_1_484' title='bbox 628 1874 716 1901; x_wconf 84' lang='lat' dir='ltr'><strong>lucem</strong></span> <span class='ocrx_word' id='word_1_485' title='bbox 737 1873 790 1901; x_wconf 72' lang='lat' dir='ltr'><strong>illa:</strong></span> <span class='ocrx_word' id='word_1_486' title='bbox 805 1874 966 1908; x_wconf 83' lang='lat' dir='ltr'><strong>prodierunt</strong></span> <span class='ocrx_word' id='word_1_487' title='bbox 979 1882 995 1901; x_wconf 87' lang='lat' dir='ltr'><strong>e</strong></span> 
     </span>
    </p>
   </div>
   <div class='ocr_carea' id='block_1_69' title="bbox 205 1918 995 1955">
    <p class='ocr_par' dir='ltr' id='par_1_69' title="bbox 205 1918 995 1955">
     <span class='ocr_line' id='line_1_69' title="bbox 205 1918 995 1955; baseline 0 -7"><span class='ocrx_word' id='word_1_488' title='bbox 205 1921 324 1949; x_wconf 85' lang='lat' dir='ltr'><strong>tenebris</strong></span> <span class='ocrx_word' id='word_1_489' title='bbox 340 1921 366 1948; x_wconf 94' lang='lat' dir='ltr'><strong>in</strong></span> <span class='ocrx_word' id='word_1_490' title='bbox 382 1921 452 1948; x_wconf 82' lang='lat' dir='ltr'><strong>libro</strong></span> <span class='ocrx_word' id='word_1_491' title='bbox 469 1921 620 1955; x_wconf 88' lang='lat' dir='ltr'><strong>inscripto:</strong></span> <span class='ocrx_word' id='word_1_492' title='bbox 636 1918 681 1947; x_wconf 80' lang='lat' dir='ltr'><strong>lo.</strong></span> <span class='ocrx_word' id='word_1_493' title='bbox 695 1921 762 1954; x_wconf 79' lang='lat' dir='ltr'><strong>Aug.</strong></span> <span class='ocrx_word' id='word_1_494' title='bbox 780 1920 886 1947; x_wconf 78' lang='lat' dir='ltr'><strong>Ernesti</strong></span> <span class='ocrx_word' id='word_1_495' title='bbox 900 1920 995 1948; x_wconf 77' lang='lat' dir='ltr'><strong>Obser-</strong></span> 
     </span>
    </p>
   </div>
   <div class='ocr_carea' id='block_1_70' title="bbox 204 1966 995 2003">
    <p class='ocr_par' dir='ltr' id='par_1_70' title="bbox 204 1966 995 2003">
     <span class='ocr_line' id='line_1_70' title="bbox 204 1966 995 2003; baseline -0.001 -8"><span class='ocrx_word' id='word_1_496' title='bbox 204 1972 270 1995; x_wconf 69' lang='lat' dir='ltr'><strong>vatt.</strong></span> <span class='ocrx_word' id='word_1_497' title='bbox 292 1967 569 2003; x_wconf 72' lang='lat' dir='ltr'><strong>pltilologico-critictz</strong></span> <span class='ocrx_word' id='word_1_498' title='bbox 592 1967 617 1993; x_wconf 82' lang='lat' dir='ltr'><strong>in</strong></span> <span class='ocrx_word' id='word_1_499' title='bbox 646 1966 833 2002; x_wconf 78' lang='lat' dir='ltr'><strong>Aristophanis</strong></span> <span class='ocrx_word' id='word_1_500' title='bbox 855 1966 945 1994; x_wconf 79' lang='lat' dir='ltr'><strong>Nubes</strong></span> <span class='ocrx_word' id='word_1_501' title='bbox 970 1971 995 1994; x_wconf 84' lang='lat' dir='ltr'><strong>ct</strong></span> 
     </span>
    </p>
   </div>
   <div class='ocr_carea' id='block_1_71' title="bbox 205 2012 994 2049">
    <p class='ocr_par' dir='ltr' id='par_1_71' title="bbox 205 2012 994 2049">
     <span class='ocr_line' id='line_1_71' title="bbox 205 2012 994 2049; baseline -0.001 -8"><span class='ocrx_word' id='word_1_502' title='bbox 205 2014 293 2042; x_wconf 77' lang='lat' dir='ltr'><strong>Flavii</strong></span> <span class='ocrx_word' id='word_1_503' title='bbox 307 2014 416 2049; x_wconf 72' lang='lat' dir='ltr'><strong>Iosephi</strong></span> <span class='ocrx_word' id='word_1_504' title='bbox 431 2014 543 2049; x_wconf 83' lang='lat' dir='ltr'><strong>Antiqq.</strong></span> <span class='ocrx_word' id='word_1_505' title='bbox 561 2012 624 2041; x_wconf 85' lang='lat' dir='ltr'><strong>Jud.</strong></span> <span class='ocrx_word' id='word_1_506' title='bbox 650 2014 833 2041; x_wconf 62' lang='lat' dir='ltr'><strong>Accessmunt</strong></span> <span class='ocrx_word' id='word_1_507' title='bbox 847 2012 994 2040; x_wconf 80' lang='lat' dir='ltr'><strong>Godofredi</strong></span> 
     </span>
    </p>
   </div>
   <div class='ocr_carea' id='block_1_72' title="bbox 205 2058 996 2095">
    <p class='ocr_par' dir='ltr' id='par_1_72' title="bbox 205 2058 996 2095">
     <span class='ocr_line' id='line_1_72' title="bbox 205 2058 996 2095; baseline -0.005 -6"><span class='ocrx_word' id='word_1_508' title='bbox 205 2062 305 2090; x_wconf 86' lang='lat' dir='ltr'><strong>Olearii</strong></span> <span class='ocrx_word' id='word_1_509' title='bbox 323 2061 433 2095; x_wconf 72' lang='lat' dir='ltr'><strong>notwfad</strong></span> <span class='ocrx_word' id='word_1_510' title='bbox 443 2060 565 2088; x_wconf 79' lang='lat' dir='ltr'><strong>Suidam.</strong></span> <span class='ocrx_word' id='word_1_511' title='bbox 581 2059 679 2095; x_wconf 71' lang='lat' dir='ltr'><strong>Lipsiae</strong></span> <span class='ocrx_word' id='word_1_512' title='bbox 691 2059 772 2090; x_wconf 80' lang='lat' dir='ltr'><strong>I795.</strong></span> <span class='ocrx_word' id='word_1_513' title='bbox 787 2058 886 2086; x_wconf 82' lang='lat' dir='ltr'><strong>Mai.8.</strong></span> <span class='ocrx_word' id='word_1_514' title='bbox 904 2059 996 2085; x_wconf 85' lang='lat' dir='ltr'><strong>Enim-</strong></span> 
     </span>
    </p>
   </div>
   <div class='ocr_carea' id='block_1_73' title="bbox 207 2105 997 2140">
    <p class='ocr_par' dir='ltr' id='par_1_73' title="bbox 207 2105 997 2140">
     <span class='ocr_line' id='line_1_73' title="bbox 207 2105 997 2140; baseline -0.006 -4"><span class='ocrx_word' id='word_1_515' title='bbox 207 2116 273 2136; x_wconf 86' lang='lat' dir='ltr'><strong>vero</strong></span> <span class='ocrx_word' id='word_1_516' title='bbox 289 2113 359 2136; x_wconf 77' lang='lat' dir='ltr'><strong>nota:</strong></span> <span class='ocrx_word' id='word_1_517' title='bbox 373 2108 405 2135; x_wconf 88' lang='lat' dir='ltr'><strong>ad</strong></span> <span class='ocrx_word' id='word_1_518' title='bbox 422 2107 546 2138; x_wconf 75' lang='lat' dir='ltr'><strong>Suidam,</strong></span> <span class='ocrx_word' id='word_1_519' title='bbox 563 2114 624 2140; x_wconf 68' lang='lat' dir='ltr'><strong>quae</strong></span> <span class='ocrx_word' id='word_1_520' title='bbox 647 2105 786 2133; x_wconf 78' lang='lat' dir='ltr'><strong>immerito</strong></span> <span class='ocrx_word' id='word_1_521' title='bbox 809 2105 997 2132; x_wconf 87' lang='lat' dir='ltr'><strong>attribuuntur</strong></span> 
     </span>
    </p>
   </div>
   <div class='ocr_carea' id='block_1_74' title="bbox 208 2151 999 2188">
    <p class='ocr_par' dir='ltr' id='par_1_74' title="bbox 208 2151 999 2188">
     <span class='ocr_line' id='line_1_74' title="bbox 208 2151 999 2188; baseline -0.008 -5"><span class='ocrx_word' id='word_1_522' title='bbox 208 2155 329 2188; x_wconf 79' lang='lat' dir='ltr'><strong>Oleario,</strong></span> <span class='ocrx_word' id='word_1_523' title='bbox 354 2159 381 2183; x_wconf 92' lang='lat' dir='ltr'><strong>et</strong></span> <span class='ocrx_word' id='word_1_524' title='bbox 405 2154 578 2188; x_wconf 88' lang='lat' dir='ltr'><strong>potissitnutn</strong></span> <span class='ocrx_word' id='word_1_525' title='bbox 605 2155 729 2186; x_wconf 85' lang='lat' dir='ltr'><strong>spectant</strong></span> <span class='ocrx_word' id='word_1_526' title='bbox 746 2151 780 2178; x_wconf 87' lang='lat' dir='ltr'><strong>ad</strong></span> <span class='ocrx_word' id='word_1_527' title='bbox 799 2158 842 2178; x_wconf 86' lang='lat' dir='ltr'><strong>res</strong></span> <span class='ocrx_word' id='word_1_528' title='bbox 860 2151 999 2178; x_wconf 58' lang='lat' dir='ltr'><strong>homines-</strong></span> 
     </span>
    </p>
   </div>
   <div class='ocr_carea' id='block_1_75' title="bbox 206 2197 997 2238">
    <p class='ocr_par' dir='ltr' id='par_1_75' title="bbox 206 2197 997 2238">
     <span class='ocr_line' id='line_1_75' title="bbox 206 2197 997 2238; baseline -0.009 -8"><span class='ocrx_word' id='word_1_529' title='bbox 206 2211 272 2238; x_wconf 78' lang='lat' dir='ltr'><strong>que,</strong></span> <span class='ocrx_word' id='word_1_530' title='bbox 289 2202 323 2229; x_wconf 86' lang='lat' dir='ltr'><strong>de</strong></span> <span class='ocrx_word' id='word_1_531' title='bbox 339 2201 438 2236; x_wconf 87' lang='lat' dir='ltr'><strong>quibus</strong></span> <span class='ocrx_word' id='word_1_532' title='bbox 455 2208 545 2228; x_wconf 87' lang='lat' dir='ltr'><strong>sermo</strong></span> <span class='ocrx_word' id='word_1_533' title='bbox 561 2204 605 2227; x_wconf 86' lang='lat' dir='ltr'><strong>est</strong></span> <span class='ocrx_word' id='word_1_534' title='bbox 616 2198 687 2233; x_wconf 88' lang='lat' dir='ltr'><strong>apud</strong></span> <span class='ocrx_word' id='word_1_535' title='bbox 704 2197 828 2228; x_wconf 82' lang='lat' dir='ltr'><strong>Suidam.</strong></span> <span class='ocrx_word' id='word_1_536' title='bbox 839 2197 997 2224; x_wconf 67' lang='lat' dir='ltr'><strong>lieinesium</strong></span> 
     </span>
    </p>
   </div>
   <div class='ocr_carea' id='block_1_76' title="bbox 209 2243 996 2284">
    <p class='ocr_par' dir='ltr' id='par_1_76' title="bbox 209 2243 996 2284">
     <span class='ocr_line' id='line_1_76' title="bbox 209 2243 996 2284; baseline -0.006 -8"><span class='ocrx_word' id='word_1_537' title='bbox 209 2251 299 2284; x_wconf 90' lang='lat' dir='ltr'><strong>potius</strong></span> <span class='ocrx_word' id='word_1_538' title='bbox 326 2248 427 2275; x_wconf 86' lang='lat' dir='ltr'><strong>habent</strong></span> <span class='ocrx_word' id='word_1_539' title='bbox 445 2250 596 2282; x_wconf 86' lang='lat' dir='ltr'><strong>parentem.</strong></span> <span class='ocrx_word' id='word_1_540' title='bbox 617 2260 652 2265; x_wconf 95' lang='lat'><strong>—</strong></span> <span class='ocrx_word' id='word_1_541' title='bbox 672 2244 720 2272; x_wconf 88' lang='lat' dir='ltr'><strong>Hic</strong></span> <span class='ocrx_word' id='word_1_542' title='bbox 736 2244 807 2271; x_wconf 88' lang='lat' dir='ltr'><strong>enim</strong></span> <span class='ocrx_word' id='word_1_543' title='bbox 827 2244 870 2270; x_wconf 85' lang='lat' dir='ltr'><strong>vir</strong></span> <span class='ocrx_word' id='word_1_544' title='bbox 883 2243 996 2271; x_wconf 83' lang='lat' dir='ltr'><strong>doctiss.</strong></span> 
     </span>
    </p>
   </div>
   <div class='ocr_carea' id='block_1_77' title="bbox 209 2289 997 2324">
    <p class='ocr_par' dir='ltr' id='par_1_77' title="bbox 209 2289 997 2324">
     <span class='ocr_line' id='line_1_77' title="bbox 209 2289 997 2324; baseline -0.009 -1"><span class='ocrx_word' id='word_1_545' title='bbox 209 2300 237 2323; x_wconf 88' lang='lat' dir='ltr'><strong>et</strong></span> <span class='ocrx_word' id='word_1_546' title='bbox 263 2294 458 2323; x_wconf 79' lang='lat' dir='ltr'><strong>solertissimus</strong></span> <span class='ocrx_word' id='word_1_547' title='bbox 481 2293 582 2324; x_wconf 72' lang='lat' dir='ltr'><strong>Suidar,</strong></span> <span class='ocrx_word' id='word_1_548' title='bbox 610 2292 645 2319; x_wconf 90' lang='lat' dir='ltr'><strong>ah</strong></span> <span class='ocrx_word' id='word_1_549' title='bbox 672 2291 783 2318; x_wconf 67' lang='lat' dir='ltr'><strong>Emilio</strong></span> <span class='ocrx_word' id='word_1_550' title='bbox 815 2289 895 2317; x_wconf 80' lang='lat' dir='ltr'><strong>Porto</strong></span> <span class='ocrx_word' id='word_1_551' title='bbox 921 2290 997 2322; x_wconf 85' lang='lat' dir='ltr'><strong>editi,</strong></span> 
     </span>
    </p>
   </div>
   <div class='ocr_carea' id='block_1_78' title="bbox 211 2337 998 2375">
    <p class='ocr_par' dir='ltr' id='par_1_78' title="bbox 211 2337 998 2375">
     <span class='ocr_line' id='line_1_78' title="bbox 211 2337 998 2375; baseline -0.006 -7"><span class='ocrx_word' id='word_1_552' title='bbox 211 2340 372 2375; x_wconf 79' lang='lat' dir='ltr'><strong>exemplari,</strong></span> <span class='ocrx_word' id='word_1_553' title='bbox 386 2339 458 2374; x_wconf 83' lang='lat' dir='ltr'><strong>quod</strong></span> <span class='ocrx_word' id='word_1_554' title='bbox 473 2339 556 2366; x_wconf 69' lang='lat' dir='ltr'><strong>Cilzu‘.</strong></span> <span class='ocrx_word' id='word_1_555' title='bbox 572 2338 598 2365; x_wconf 96' lang='lat' dir='ltr'><strong>in</strong></span> <span class='ocrx_word' id='word_1_556' title='bbox 616 2338 683 2365; x_wconf 88' lang='lat' dir='ltr'><strong>bibl.</strong></span> <span class='ocrx_word' id='word_1_557' title='bbox 701 2337 807 2372; x_wconf 82' lang='lat' dir='ltr'><strong>publica</strong></span> <span class='ocrx_word' id='word_1_558' title='bbox 832 2337 922 2364; x_wconf 86' lang='lat' dir='ltr'><strong>adhuc</strong></span> <span class='ocrx_word' id='word_1_559' title='bbox 939 2344 998 2363; x_wconf 84' lang='lat' dir='ltr'><strong>ser-</strong></span> 
     </span>
    </p>
   </div>
   <div class='ocr_carea' id='block_1_79' title="bbox 210 2383 999 2419">
    <p class='ocr_par' dir='ltr' id='par_1_79' title="bbox 210 2383 999 2419">
     <span class='ocr_line' id='line_1_79' title="bbox 210 2383 999 2419; baseline -0.008 -5"><span class='ocrx_word' id='word_1_560' title='bbox 210 2391 300 2418; x_wconf 81' lang='lat' dir='ltr'><strong>vatur,</strong></span> <span class='ocrx_word' id='word_1_561' title='bbox 317 2385 402 2413; x_wconf 90' lang='lat' dir='ltr'><strong>multa</strong></span> <span class='ocrx_word' id='word_1_562' title='bbox 420 2385 594 2419; x_wconf 79' lang='lat' dir='ltr'><strong>ascripserat,</strong></span> <span class='ocrx_word' id='word_1_563' title='bbox 614 2384 714 2418; x_wconf 88' lang='lat' dir='ltr'><strong>quibus</strong></span> <span class='ocrx_word' id='word_1_564' title='bbox 731 2383 884 2409; x_wconf 81' lang='lat' dir='ltr'><strong>versionem</strong></span> <span class='ocrx_word' id='word_1_565' title='bbox 905 2390 999 2409; x_wconf 81' lang='lat' dir='ltr'><strong>emcn-</strong></span> 
     </span>
    </p>
   </div>
   <div class='ocr_carea' id='block_1_80' title="bbox 211 2428 1000 2464">
    <p class='ocr_par' dir='ltr' id='par_1_80' title="bbox 211 2428 1000 2464">
     <span class='ocr_line' id='line_1_80' title="bbox 211 2428 1000 2464; baseline -0.008 -4"><span class='ocrx_word' id='word_1_566' title='bbox 211 2433 290 2460; x_wconf 86' lang='lat' dir='ltr'><strong>darat</strong></span> <span class='ocrx_word' id='word_1_567' title='bbox 304 2430 439 2462; x_wconf 87' lang='lat' dir='ltr'><strong>Latinam,</strong></span> <span class='ocrx_word' id='word_1_568' title='bbox 453 2430 494 2457; x_wconf 87' lang='lat' dir='ltr'><strong>vel</strong></span> <span class='ocrx_word' id='word_1_569' title='bbox 510 2435 614 2456; x_wconf 80' lang='lat' dir='ltr'><strong>textum</strong></span> <span class='ocrx_word' id='word_1_570' title='bbox 633 2429 734 2464; x_wconf 86' lang='lat' dir='ltr'><strong>ipsum,</strong></span> <span class='ocrx_word' id='word_1_571' title='bbox 748 2428 884 2463; x_wconf 64' lang='lat' dir='ltr'><strong>pra‘tipue</strong></span> <span class='ocrx_word' id='word_1_572' title='bbox 901 2435 1000 2456; x_wconf 84' lang='lat' dir='ltr'><strong>secun-</strong></span> 
     </span>
    </p>
   </div>
   <div class='ocr_carea' id='block_1_81' title="bbox 212 2473 1002 2509">
    <p class='ocr_par' dir='ltr' id='par_1_81' title="bbox 212 2473 1002 2509">
     <span class='ocr_line' id='line_1_81' title="bbox 212 2473 1002 2509; baseline -0.01 -2"><span class='ocrx_word' id='word_1_573' title='bbox 212 2481 275 2507; x_wconf 85' lang='lat' dir='ltr'><strong>dum</strong></span> <span class='ocrx_word' id='word_1_574' title='bbox 289 2480 354 2507; x_wconf 85' lang='lat' dir='ltr'><strong>edit.</strong></span> <span class='ocrx_word' id='word_1_575' title='bbox 374 2477 580 2508; x_wconf 78' lang='lat' dir='ltr'><strong>Mediulanetts.,</strong></span> <span class='ocrx_word' id='word_1_576' title='bbox 595 2483 666 2509; x_wconf 81' lang='lat' dir='ltr'><strong>saepe</strong></span> <span class='ocrx_word' id='word_1_577' title='bbox 680 2482 728 2509; x_wconf 89' lang='lat' dir='ltr'><strong>per</strong></span> <span class='ocrx_word' id='word_1_578' title='bbox 742 2473 937 2507; x_wconf 80' lang='lat' dir='ltr'><strong>c0njecturam,</strong></span> <span class='ocrx_word' id='word_1_579' title='bbox 954 2478 1002 2500; x_wconf 83' lang='lat' dir='ltr'><strong>aut</strong></span> 
     </span>
    </p>
   </div>
   <div class='ocr_carea' id='block_1_82' title="bbox 213 2519 1003 2562">
    <p class='ocr_par' dir='ltr' id='par_1_82' title="bbox 213 2519 1003 2562">
     <span class='ocr_line' id='line_1_82' title="bbox 213 2519 1003 2562; baseline -0.008 -9"><span class='ocrx_word' id='word_1_580' title='bbox 213 2533 262 2562; x_wconf 80' lang='lat' dir='ltr'><strong>per</strong></span> <span class='ocrx_word' id='word_1_581' title='bbox 276 2525 508 2559; x_wconf 81' lang='lat' dir='ltr'><strong>comparationem</strong></span> <span class='ocrx_word' id='word_1_582' title='bbox 524 2526 664 2549; x_wconf 83' lang='lat' dir='ltr'><strong>auctorum</strong></span> <span class='ocrx_word' id='word_1_583' title='bbox 687 2528 702 2548; x_wconf 88' lang='lat' dir='ltr'><strong>e</strong></span> <span class='ocrx_word' id='word_1_584' title='bbox 712 2520 811 2555; x_wconf 88' lang='lat' dir='ltr'><strong>quibus</strong></span> <span class='ocrx_word' id='word_1_585' title='bbox 826 2519 925 2546; x_wconf 89' lang='lat' dir='ltr'><strong>Suidas</strong></span> <span class='ocrx_word' id='word_1_586' title='bbox 938 2526 1003 2547; x_wconf 79' lang='lat' dir='ltr'><strong>suas</strong></span> 
     </span>
    </p>
   </div>
   <div class='ocr_carea' id='block_1_83' title="bbox 213 2567 1002 2608">
    <p class='ocr_par' dir='ltr' id='par_1_83' title="bbox 213 2567 1002 2608">
     <span class='ocr_line' id='line_1_83' title="bbox 213 2567 1002 2608; baseline -0.013 -6"><span class='ocrx_word' id='word_1_587' title='bbox 213 2574 305 2602; x_wconf 85' lang='lat' dir='ltr'><strong>hausit</strong></span> <span class='ocrx_word' id='word_1_588' title='bbox 323 2574 437 2608; x_wconf 71' lang='lat' dir='ltr'><strong>glossas,</strong></span> <span class='ocrx_word' id='word_1_589' title='bbox 453 2571 593 2606; x_wconf 73' lang='lat' dir='ltr'><strong>supplet-at</strong></span> <span class='ocrx_word' id='word_1_590' title='bbox 613 2569 737 2600; x_wconf 82' lang='lat' dir='ltr'><strong>lacunas,</strong></span> <span class='ocrx_word' id='word_1_591' title='bbox 755 2572 803 2594; x_wconf 91' lang='lat' dir='ltr'><strong>aut</strong></span> <span class='ocrx_word' id='word_1_592' title='bbox 816 2575 907 2593; x_wconf 84' lang='lat' dir='ltr'><strong>vcratu</strong></span> <span class='ocrx_word' id='word_1_593' title='bbox 921 2567 1002 2594; x_wconf 84' lang='lat' dir='ltr'><strong>resti-</strong></span> 
     </span>
    </p>
   </div>
   <div class='ocr_carea' id='block_1_84' title="bbox 214 2613 1004 2651">
    <p class='ocr_par' dir='ltr' id='par_1_84' title="bbox 214 2613 1004 2651">
     <span class='ocr_line' id='line_1_84' title="bbox 214 2613 1004 2651; baseline -0.011 -3"><span class='ocrx_word' id='word_1_594' title='bbox 214 2626 305 2648; x_wconf 86' lang='lat' dir='ltr'><strong>tuerat</strong></span> <span class='ocrx_word' id='word_1_595' title='bbox 328 2620 470 2647; x_wconf 82' lang='lat' dir='ltr'><strong>lectionem</strong></span> <span class='ocrx_word' id='word_1_596' title='bbox 482 2638 490 2650; x_wconf 94' lang='lat'><strong>,</strong></span> <span class='ocrx_word' id='word_1_597' title='bbox 507 2617 607 2651; x_wconf 63' lang='lat' dir='ltr'><strong>saepius</strong></span> <span class='ocrx_word' id='word_1_598' title='bbox 626 2615 737 2642; x_wconf 89' lang='lat' dir='ltr'><strong>nomina</strong></span> <span class='ocrx_word' id='word_1_599' title='bbox 758 2613 924 2648; x_wconf 71' lang='lat' dir='ltr'><strong>explicuerat</strong></span> <span class='ocrx_word' id='word_1_600' title='bbox 941 2620 1004 2647; x_wconf 89' lang='lat' dir='ltr'><strong>pro-</strong></span> 
     </span>
    </p>
   </div>
   <div class='ocr_carea' id='block_1_85' title="bbox 214 2660 1002 2703">
    <p class='ocr_par' dir='ltr' id='par_1_85' title="bbox 214 2660 1002 2703">
     <span class='ocr_line' id='line_1_85' title="bbox 214 2660 1002 2703; baseline -0.013 -8"><span class='ocrx_word' id='word_1_601' title='bbox 214 2669 273 2703; x_wconf 90' lang='lat' dir='ltr'><strong>pria</strong></span> <span class='ocrx_word' id='word_1_602' title='bbox 296 2673 447 2700; x_wconf 85' lang='lat' dir='ltr'><strong>eorumque</strong></span> <span class='ocrx_word' id='word_1_603' title='bbox 472 2665 524 2691; x_wconf 92' lang='lat' dir='ltr'><strong>vim</strong></span> <span class='ocrx_word' id='word_1_604' title='bbox 552 2668 579 2690; x_wconf 85' lang='lat' dir='ltr'><strong>et</strong></span> <span class='ocrx_word' id='word_1_605' title='bbox 596 2667 755 2697; x_wconf 58' lang='lat' dir='ltr'><strong>potestatem</strong></span> <span class='ocrx_word' id='word_1_606' title='bbox 777 2666 824 2687; x_wconf 90' lang='lat' dir='ltr'><strong>aut</strong></span> <span class='ocrx_word' id='word_1_607' title='bbox 850 2660 1002 2690; x_wconf 80' lang='lat' dir='ltr'><strong>historiam.</strong></span> 
     </span>
    </p>
   </div>
   <div class='ocr_carea' id='block_1_86' title="bbox 215 2705 1006 2746">
    <p class='ocr_par' dir='ltr' id='par_1_86' title="bbox 215 2705 1006 2746">
     <span class='ocr_line' id='line_1_86' title="bbox 215 2705 1006 2746; baseline -0.013 -5"><span class='ocrx_word' id='word_1_608' title='bbox 215 2718 263 2742; x_wconf 85' lang='lat' dir='ltr'><strong>aut</strong></span> <span class='ocrx_word' id='word_1_609' title='bbox 283 2714 360 2741; x_wconf 84' lang='lat' dir='ltr'><strong>novis</strong></span> <span class='ocrx_word' id='word_1_610' title='bbox 371 2711 560 2746; x_wconf 74' lang='lat' dir='ltr'><strong>locupletarat.</strong></span> <span class='ocrx_word' id='word_1_611' title='bbox 574 2708 630 2736; x_wconf 89' lang='lat' dir='ltr'><strong>llas</strong></span> <span class='ocrx_word' id='word_1_612' title='bbox 645 2707 822 2735; x_wconf 82' lang='lat' dir='ltr'><strong>Reinesianas</strong></span> <span class='ocrx_word' id='word_1_613' title='bbox 836 2705 1006 2733; x_wconf 83' lang='lat' dir='ltr'><strong>observatio-</strong></span> 
     </span>
    </p>
   </div>
   <div class='ocr_carea' id='block_1_87' title="bbox 215 2752 1005 2788">
    <p class='ocr_par' dir='ltr' id='par_1_87' title="bbox 215 2752 1005 2788">
     <span class='ocr_line' id='line_1_87' title="bbox 215 2752 1005 2788; baseline -0.011 -1"><span class='ocrx_word' id='word_1_614' title='bbox 215 2769 263 2788; x_wconf 85' lang='lat' dir='ltr'><strong>nes</strong></span> <span class='ocrx_word' id='word_1_615' title='bbox 275 2761 300 2788; x_wconf 87' lang='lat' dir='ltr'><strong>itt</strong></span> <span class='ocrx_word' id='word_1_616' title='bbox 317 2767 397 2788; x_wconf 88' lang='lat' dir='ltr'><strong>suum</strong></span> <span class='ocrx_word' id='word_1_617' title='bbox 413 2758 536 2786; x_wconf 85' lang='lat' dir='ltr'><strong>Olearius</strong></span> <span class='ocrx_word' id='word_1_618' title='bbox 549 2753 872 2787; x_wconf 79' lang='lat' dir='ltr'><strong>transtuleratexemplar</strong></span> <span class='ocrx_word' id='word_1_619' title='bbox 886 2761 892 2779; x_wconf 90' lang='lat'><strong>:</strong></span> <span class='ocrx_word' id='word_1_620' title='bbox 906 2752 1005 2778; x_wconf 85' lang='lat' dir='ltr'><strong>multas</strong></span> 
     </span>
    </p>
   </div>
   <div class='ocr_carea' id='block_1_88' title="bbox 217 2798 1031 2834">
    <p class='ocr_par' dir='ltr' id='par_1_88' title="bbox 217 2798 1031 2834">
     <span class='ocr_line' id='line_1_88' title="bbox 217 2798 1031 2834; baseline -0.014 0"><span class='ocrx_word' id='word_1_621' title='bbox 217 2813 308 2834; x_wconf 80' lang='lat' dir='ltr'><strong>tamen</strong></span> <span class='ocrx_word' id='word_1_622' title='bbox 335 2811 430 2834; x_wconf 86' lang='lat' dir='ltr'><strong>acutas</strong></span> <span class='ocrx_word' id='word_1_623' title='bbox 463 2803 584 2832; x_wconf 75' lang='lat' dir='ltr'><strong>Reinesii</strong></span> <span class='ocrx_word' id='word_1_624' title='bbox 622 2800 829 2829; x_wconf 78' lang='lat' dir='ltr'><strong>emendationes</strong></span> <span class='ocrx_word' id='word_1_625' title='bbox 855 2798 1031 2832; x_wconf 73' lang='lat' dir='ltr'><strong>doctasque.</strong></span> 
     </span>
    </p>
   </div>
   <div class='ocr_carea' id='block_1_89' title="bbox 217 2844 1005 2887">
    <p class='ocr_par' dir='ltr' id='par_1_89' title="bbox 217 2844 1005 2887">
     <span class='ocr_line' id='line_1_89' title="bbox 217 2844 1005 2887; baseline -0.014 -7"><span class='ocrx_word' id='word_1_626' title='bbox 217 2852 403 2887; x_wconf 82' lang='lat' dir='ltr'><strong>expositiones</strong></span> <span class='ocrx_word' id='word_1_627' title='bbox 429 2849 565 2886; x_wconf 70' lang='lat' dir='ltr'><strong>nPglexit,</strong></span> <span class='ocrx_word' id='word_1_628' title='bbox 588 2852 683 2875; x_wconf 76' lang='lat' dir='ltr'><strong>contra</strong></span> <span class='ocrx_word' id='word_1_629' title='bbox 703 2845 829 2882; x_wconf 82' lang='lat' dir='ltr'><strong>proprias</strong></span> <span class='ocrx_word' id='word_1_630' title='bbox 858 2844 1005 2880; x_wconf 85' lang='lat' dir='ltr'><strong>quasdam,</strong></span> 
     </span>
    </p>
   </div>
   <div class='ocr_carea' id='block_1_90' title="bbox 220 2889 1010 2931">
    <p class='ocr_par' dir='ltr' id='par_1_90' title="bbox 220 2889 1010 2931">
     <span class='ocr_line' id='line_1_90' title="bbox 220 2889 1010 2931; baseline -0.009 -6"><span class='ocrx_word' id='word_1_631' title='bbox 220 2904 321 2931; x_wconf 68' lang='lat' dir='ltr'><strong>easque</strong></span> <span class='ocrx_word' id='word_1_632' title='bbox 349 2895 484 2924; x_wconf 76' lang='lat' dir='ltr'><strong>interdum</strong></span> <span class='ocrx_word' id='word_1_633' title='bbox 512 2894 628 2922; x_wconf 73' lang='lat' dir='ltr'><strong>leviores</strong></span> <span class='ocrx_word' id='word_1_634' title='bbox 652 2892 768 2924; x_wconf 78' lang='lat' dir='ltr'><strong>adlevit;</strong></span> <span class='ocrx_word' id='word_1_635' title='bbox 799 2891 837 2923; x_wconf 78' lang='lat' dir='ltr'><strong>id,</strong></span> <span class='ocrx_word' id='word_1_636' title='bbox 864 2889 935 2925; x_wconf 87' lang='lat' dir='ltr'><strong>quod</strong></span> <span class='ocrx_word' id='word_1_637' title='bbox 956 2890 1010 2918; x_wconf 82' lang='lat' dir='ltr'><strong>late</strong></span> 
     </span>
    </p>
   </div>
   <div class='ocr_carea' id='block_1_91' title="bbox 1043 1582 1837 1620">
    <p class='ocr_par' dir='ltr' id='par_1_91' title="bbox 1043 1582 1837 1620">
     <span class='ocr_line' id='line_1_91' title="bbox 1043 1582 1837 1620; baseline -0.016 0"><span class='ocrx_word' id='word_1_638' title='bbox 1043 1593 1146 1620; x_wconf 78' lang='lat' dir='ltr'><strong>Eckard</strong></span> <span class='ocrx_word' id='word_1_639' title='bbox 1164 1592 1190 1618; x_wconf 90' lang='lat' dir='ltr'><strong>iu</strong></span> <span class='ocrx_word' id='word_1_640' title='bbox 1209 1601 1216 1619; x_wconf 94' lang='lat'><strong>:</strong></span> <span class='ocrx_word' id='word_1_641' title='bbox 1246 1588 1397 1616; x_wconf 82' lang='lat' dir='ltr'><strong>Uebem&#39;clu</strong></span> <span class='ocrx_word' id='word_1_642' title='bbox 1420 1587 1467 1614; x_wconf 82' lang='lat' dir='ltr'><strong>der</strong></span> <span class='ocrx_word' id='word_1_643' title='bbox 1484 1585 1578 1613; x_wconf 77' lang='lat' dir='ltr'><strong>Oerter</strong></span> <span class='ocrx_word' id='word_1_644' title='bbox 1601 1597 1636 1604; x_wconf 88' lang='lat'><strong>—~</strong></span> <span class='ocrx_word' id='word_1_645' title='bbox 1661 1584 1716 1609; x_wconf 83' lang='lat' dir='ltr'><strong>und</strong></span> <span class='ocrx_word' id='word_1_646' title='bbox 1730 1582 1837 1610; x_wconf 69' lang='lat' dir='ltr'><strong>Grumi-</strong></span> 
     </span>
    </p>
   </div>
   <div class='ocr_carea' id='block_1_92' title="bbox 1042 1627 1837 1665">
    <p class='ocr_par' dir='ltr' id='par_1_92' title="bbox 1042 1627 1837 1665">
     <span class='ocr_line' id='line_1_92' title="bbox 1042 1627 1837 1665; baseline -0.014 -1"><span class='ocrx_word' id='word_1_647' title='bbox 1042 1640 1115 1665; x_wconf 74' lang='lat' dir='ltr'><strong>stitze</strong></span> <span class='ocrx_word' id='word_1_648' title='bbox 1139 1645 1188 1662; x_wconf 79' lang='lat' dir='ltr'><strong>zur</strong></span> <span class='ocrx_word' id='word_1_649' title='bbox 1218 1634 1369 1661; x_wconf 64' lang='lat' dir='ltr'><strong>Geschichte</strong></span> <span class='ocrx_word' id='word_1_650' title='bbox 1393 1633 1440 1659; x_wconf 79' lang='lat' dir='ltr'><strong>der</strong></span> <span class='ocrx_word' id='word_1_651' title='bbox 1463 1629 1654 1661; x_wconf 79' lang='lat' dir='ltr'><strong>Bibliotlteken,</strong></span> <span class='ocrx_word' id='word_1_652' title='bbox 1678 1636 1742 1662; x_wconf 79' lang='lat' dir='ltr'><strong>pag.</strong></span> <span class='ocrx_word' id='word_1_653' title='bbox 1776 1627 1837 1657; x_wconf 77' lang='grc'><strong>115,</strong></span> 
     </span>
    </p>
   </div>
   <div class='ocr_carea' id='block_1_93' title="bbox 1043 1673 1838 1719">
    <p class='ocr_par' dir='ltr' id='par_1_93' title="bbox 1043 1673 1838 1719">
     <span class='ocr_line' id='line_1_93' title="bbox 1043 1673 1838 1719; baseline -0.015 -8"><span class='ocrx_word' id='word_1_654' title='bbox 1043 1684 1198 1719; x_wconf 81' lang='lat' dir='ltr'><strong>suspicatus</strong></span> <span class='ocrx_word' id='word_1_655' title='bbox 1216 1681 1271 1708; x_wconf 81' lang='lat' dir='ltr'><strong>fere</strong></span> <span class='ocrx_word' id='word_1_656' title='bbox 1286 1685 1337 1713; x_wconf 79' lang='lat' dir='ltr'><strong>est,</strong></span> <span class='ocrx_word' id='word_1_657' title='bbox 1360 1679 1485 1713; x_wconf 86' lang='lat' dir='ltr'><strong>equidem</strong></span> <span class='ocrx_word' id='word_1_658' title='bbox 1513 1676 1607 1704; x_wconf 83' lang='lat' dir='ltr'><strong>nescio</strong></span> <span class='ocrx_word' id='word_1_659' title='bbox 1625 1680 1651 1702; x_wconf 90' lang='lat' dir='ltr'><strong>ct</strong></span> <span class='ocrx_word' id='word_1_660' title='bbox 1674 1683 1722 1702; x_wconf 73' lang='lat' dir='ltr'><strong>VII</strong></span> <span class='ocrx_word' id='word_1_661' title='bbox 1750 1673 1838 1701; x_wconf 85' lang='lat' dir='ltr'><strong>credi-</strong></span> 
     </span>
    </p>
   </div>
   <div class='ocr_carea' id='block_1_94' title="bbox 1043 1719 1838 1762">
    <p class='ocr_par' dir='ltr' id='par_1_94' title="bbox 1043 1719 1838 1762">
     <span class='ocr_line' id='line_1_94' title="bbox 1043 1719 1838 1762; baseline -0.015 -5"><span class='ocrx_word' id='word_1_662' title='bbox 1043 1731 1140 1758; x_wconf 85' lang='lat' dir='ltr'><strong>derim.</strong></span> <span class='ocrx_word' id='word_1_663' title='bbox 1167 1744 1203 1748; x_wconf 93' lang='lat'><strong>—</strong></span> <span class='ocrx_word' id='word_1_664' title='bbox 1228 1727 1388 1762; x_wconf 75' lang='lat' dir='ltr'><strong>ingeniosus</strong></span> <span class='ocrx_word' id='word_1_665' title='bbox 1413 1731 1534 1760; x_wconf 86' lang='lat' dir='ltr'><strong>quoque,</strong></span> <span class='ocrx_word' id='word_1_666' title='bbox 1556 1729 1583 1750; x_wconf 84' lang='lat' dir='ltr'><strong>at</strong></span> <span class='ocrx_word' id='word_1_667' title='bbox 1610 1729 1681 1757; x_wconf 82' lang='lat' dir='ltr'><strong>perte</strong></span> <span class='ocrx_word' id='word_1_668' title='bbox 1703 1719 1838 1747; x_wconf 77' lang='lat' dir='ltr'><strong>audacior</strong></span> 
     </span>
    </p>
   </div>
   <div class='ocr_carea' id='block_1_95' title="bbox 1044 1777 1220 1805">
    <p class='ocr_par' dir='ltr' id='par_1_95' title="bbox 1044 1777 1220 1805">
     <span class='ocr_line' id='line_1_95' title="bbox 1044 1777 1220 1805; baseline -0.017 -1"><span class='ocrx_word' id='word_1_669' title='bbox 1044 1777 1156 1805; x_wconf 88' lang='lat' dir='ltr'><strong>criticus</strong></span> <span class='ocrx_word' id='word_1_670' title='bbox 1169 1781 1220 1802; x_wconf 76' lang='lat' dir='ltr'><strong>est.</strong></span> 
     </span>
    </p>
   </div>
   <div class='ocr_carea' id='block_1_96' title="bbox 1079 1815 1840 1850">
    <p class='ocr_par' dir='ltr' id='par_1_96' title="bbox 1079 1815 1840 1850">
     <span class='ocr_line' id='line_1_96' title="bbox 1079 1815 1840 1850; baseline -0.013 -1"><span class='ocrx_word' id='word_1_671' title='bbox 1079 1823 1218 1850; x_wconf 81' lang='lat' dir='ltr'><strong>Gilbertus</strong></span> <span class='ocrx_word' id='word_1_672' title='bbox 1234 1819 1382 1847; x_wconf 80' lang='lat' dir='ltr'><strong>Wakeﬁeld</strong></span> <span class='ocrx_word' id='word_1_673' title='bbox 1401 1818 1429 1844; x_wconf 93' lang='lat' dir='ltr'><strong>in</strong></span> <span class='ocrx_word' id='word_1_674' title='bbox 1449 1817 1522 1844; x_wconf 77' lang='lat' dir='ltr'><strong>Silva</strong></span> <span class='ocrx_word' id='word_1_675' title='bbox 1541 1815 1649 1846; x_wconf 78' lang='lat' dir='ltr'><strong>critica,</strong></span> <span class='ocrx_word' id='word_1_676' title='bbox 1675 1815 1732 1841; x_wconf 77' lang='lat' dir='ltr'><strong>sire</strong></span> <span class='ocrx_word' id='word_1_677' title='bbox 1747 1815 1774 1840; x_wconf 81' lang='lat' dir='ltr'><strong>in</strong></span> <span class='ocrx_word' id='word_1_678' title='bbox 1793 1821 1840 1839; x_wconf 79' lang='grc' dir='ltr'><strong>ιιι·</strong></span> 
     </span>
    </p>
   </div>
   <div class='ocr_carea' id='block_1_97' title="bbox 1045 1859 1838 1898">
    <p class='ocr_par' dir='ltr' id='par_1_97' title="bbox 1045 1859 1838 1898">
     <span class='ocr_line' id='line_1_97' title="bbox 1045 1859 1838 1898; baseline -0.011 -4"><span class='ocrx_word' id='word_1_679' title='bbox 1045 1873 1129 1895; x_wconf 70' lang='grc' dir='ltr'><strong>ειυνεε</strong></span> <span class='ocrx_word' id='word_1_680' title='bbox 1151 1874 1241 1893; x_wconf 70' lang='lat' dir='ltr'><strong>sacros</strong></span> <span class='ocrx_word' id='word_1_681' title='bbox 1264 1864 1441 1898; x_wconf 78' lang='lat' dir='ltr'><strong>prafunosque</strong></span> <span class='ocrx_word' id='word_1_682' title='bbox 1462 1861 1650 1888; x_wconf 68' lang='lat' dir='ltr'><strong>commentario</strong></span> <span class='ocrx_word' id='word_1_683' title='bbox 1667 1859 1838 1894; x_wconf 75' lang='lat' dir='ltr'><strong>pltilologico.</strong></span> 
     </span>
    </p>
   </div>
   <div class='ocr_carea' id='block_1_98' title="bbox 1045 1909 1840 1948">
    <p class='ocr_par' dir='ltr' id='par_1_98' title="bbox 1045 1909 1840 1948">
     <span class='ocr_line' id='line_1_98' title="bbox 1045 1909 1840 1948; baseline -0.01 -5"><span class='ocrx_word' id='word_1_684' title='bbox 1045 1914 1227 1948; x_wconf 72' lang='lat' dir='ltr'><strong>Cantabrigia:</strong></span> <span class='ocrx_word' id='word_1_685' title='bbox 1244 1911 1411 1939; x_wconf 70' lang='lat'><strong>“89—1795.</strong></span> <span class='ocrx_word' id='word_1_686' title='bbox 1426 1910 1453 1942; x_wconf 83' lang='lat'><strong>8,</strong></span> <span class='ocrx_word' id='word_1_687' title='bbox 1473 1909 1489 1937; x_wconf 69' lang='grc' dir='ltr'>γ</span> <span class='ocrx_word' id='word_1_688' title='bbox 1509 1914 1589 1945; x_wconf 88' lang='lat' dir='ltr'><strong>part.,</strong></span> <span class='ocrx_word' id='word_1_689' title='bbox 1605 1909 1653 1944; x_wconf 88' lang='lat' dir='ltr'><strong>qtti</strong></span> <span class='ocrx_word' id='word_1_690' title='bbox 1678 1909 1734 1942; x_wconf 74' lang='lat' dir='ltr'><strong>per</strong></span> <span class='ocrx_word' id='word_1_691' title='bbox 1745 1915 1840 1935; x_wconf 84' lang='lat' dir='ltr'><strong>omnes</strong></span> 
     </span>
    </p>
   </div>
   <div class='ocr_carea' id='block_1_99' title="bbox 1046 1955 1839 1996">
    <p class='ocr_par' dir='ltr' id='par_1_99' title="bbox 1046 1955 1839 1996">
     <span class='ocr_line' id='line_1_99' title="bbox 1046 1955 1839 1996; baseline -0.01 -8"><span class='ocrx_word' id='word_1_692' title='bbox 1046 1962 1166 1996; x_wconf 88' lang='lat' dir='ltr'><strong>quinque</strong></span> <span class='ocrx_word' id='word_1_693' title='bbox 1185 1965 1274 1995; x_wconf 82' lang='lat' dir='ltr'><strong>partes</strong></span> <span class='ocrx_word' id='word_1_694' title='bbox 1297 1958 1407 1985; x_wconf 87' lang='lat' dir='ltr'><strong>criticas</strong></span> <span class='ocrx_word' id='word_1_695' title='bbox 1423 1957 1456 1990; x_wconf 40' lang='lat' dir='ltr'><strong>.in</strong></span> <span class='ocrx_word' id='word_1_696' title='bbox 1472 1955 1582 1983; x_wconf 82' lang='lat' dir='ltr'><strong>Suidam</strong></span> <span class='ocrx_word' id='word_1_697' title='bbox 1598 1955 1679 1982; x_wconf 88' lang='lat' dir='ltr'><strong>modo</strong></span> <span class='ocrx_word' id='word_1_698' title='bbox 1699 1955 1839 1989; x_wconf 82' lang='lat' dir='ltr'><strong>parciore,</strong></span> 
     </span>
    </p>
   </div>
   <div class='ocr_carea' id='block_1_100' title="bbox 1047 2001 1794 2038">
    <p class='ocr_par' dir='ltr' id='par_1_100' title="bbox 1047 2001 1794 2038">
     <span class='ocr_line' id='line_1_100' title="bbox 1047 2001 1794 2038; baseline -0.012 -3"><span class='ocrx_word' id='word_1_699' title='bbox 1047 2008 1128 2036; x_wconf 88' lang='lat' dir='ltr'><strong>modo</strong></span> <span class='ocrx_word' id='word_1_700' title='bbox 1144 2007 1298 2034; x_wconf 84' lang='lat' dir='ltr'><strong>liberaliore</strong></span> <span class='ocrx_word' id='word_1_701' title='bbox 1311 2011 1394 2031; x_wconf 88' lang='lat' dir='ltr'><strong>manu</strong></span> <span class='ocrx_word' id='word_1_702' title='bbox 1411 2003 1510 2038; x_wconf 74' lang='lat' dir='ltr'><strong>sparsit</strong></span> <span class='ocrx_word' id='word_1_703' title='bbox 1525 2001 1794 2028; x_wconf 71' lang='lat' dir='ltr'><strong>animadversiones.</strong></span> 
     </span>
    </p>
   </div>
   <div class='ocr_carea' id='block_1_101' title="bbox 1085 2046 1841 2084">
    <p class='ocr_par' dir='ltr' id='par_1_101' title="bbox 1085 2046 1841 2084">
     <span class='ocr_line' id='line_1_101' title="bbox 1085 2046 1841 2084; baseline -0.013 -3"><span class='ocrx_word' id='word_1_704' title='bbox 1085 2054 1244 2081; x_wconf 70' lang='lat' dir='ltr'><strong>Praeclaram</strong></span> <span class='ocrx_word' id='word_1_705' title='bbox 1270 2050 1419 2084; x_wconf 83' lang='lat' dir='ltr'><strong>futuraque</strong></span> <span class='ocrx_word' id='word_1_706' title='bbox 1446 2048 1538 2076; x_wconf 59' lang='lat' dir='ltr'><strong>Suidas</strong></span> <span class='ocrx_word' id='word_1_707' title='bbox 1565 2048 1664 2074; x_wconf 85' lang='lat' dir='ltr'><strong>editori</strong></span> <span class='ocrx_word' id='word_1_708' title='bbox 1690 2046 1841 2073; x_wconf 83' lang='lat' dir='ltr'><strong>admodum</strong></span> 
     </span>
    </p>
   </div>
   <div class='ocr_carea' id='block_1_102' title="bbox 1048 2093 1841 2134">
    <p class='ocr_par' dir='ltr' id='par_1_102' title="bbox 1048 2093 1841 2134">
     <span class='ocr_line' id='line_1_102' title="bbox 1048 2093 1841 2134; baseline -0.013 -7"><span class='ocrx_word' id='word_1_709' title='bbox 1048 2100 1140 2128; x_wconf 76' lang='lat' dir='ltr'><strong>utilem</strong></span> <span class='ocrx_word' id='word_1_710' title='bbox 1157 2106 1268 2134; x_wconf 88' lang='lat' dir='ltr'><strong>operam</strong></span> <span class='ocrx_word' id='word_1_711' title='bbox 1281 2097 1412 2131; x_wconf 75' lang='lat' dir='ltr'><strong>suscepit,</strong></span> <span class='ocrx_word' id='word_1_712' title='bbox 1437 2095 1555 2129; x_wconf 84' lang='lat' dir='ltr'><strong>aliisque</strong></span> <span class='ocrx_word' id='word_1_713' title='bbox 1574 2093 1741 2120; x_wconf 85' lang='lat' dir='ltr'><strong>monstravit</strong></span> <span class='ocrx_word' id='word_1_714' title='bbox 1757 2093 1841 2123; x_wconf 79' lang='lat' dir='ltr'><strong>viam,</strong></span> 
     </span>
    </p>
   </div>
   <div class='ocr_carea' id='block_1_103' title="bbox 1048 2137 1844 2178">
    <p class='ocr_par' dir='ltr' id='par_1_103' title="bbox 1048 2137 1844 2178">
     <span class='ocr_line' id='line_1_103' title="bbox 1048 2137 1844 2178; baseline -0.014 -4"><span class='ocrx_word' id='word_1_715' title='bbox 1048 2155 1081 2174; x_wconf 79' lang='lat' dir='ltr'><strong>ex</strong></span> <span class='ocrx_word' id='word_1_716' title='bbox 1099 2145 1160 2173; x_wconf 88' lang='lat' dir='ltr'><strong>aliis</strong></span> <span class='ocrx_word' id='word_1_717' title='bbox 1175 2144 1286 2172; x_wconf 86' lang='lat' dir='ltr'><strong>scholiis</strong></span> <span class='ocrx_word' id='word_1_718' title='bbox 1303 2147 1331 2169; x_wconf 89' lang='lat' dir='ltr'><strong>et</strong></span> <span class='ocrx_word' id='word_1_719' title='bbox 1345 2141 1487 2178; x_wconf 77' lang='lat' dir='ltr'><strong>glossariis</strong></span> <span class='ocrx_word' id='word_1_720' title='bbox 1501 2139 1558 2175; x_wconf 89' lang='lat' dir='ltr'><strong>pari</strong></span> <span class='ocrx_word' id='word_1_721' title='bbox 1574 2140 1680 2166; x_wconf 88' lang='lat' dir='ltr'><strong>ratione</strong></span> <span class='ocrx_word' id='word_1_722' title='bbox 1696 2143 1724 2165; x_wconf 86' lang='lat' dir='ltr'><strong>et</strong></span> <span class='ocrx_word' id='word_1_723' title='bbox 1751 2137 1844 2164; x_wconf 84' lang='lat' dir='ltr'><strong>consi-</strong></span> 
     </span>
    </p>
   </div>
   <div class='ocr_carea' id='block_1_104' title="bbox 1050 2183 1844 2222">
    <p class='ocr_par' dir='ltr' id='par_1_104' title="bbox 1050 2183 1844 2222">
     <span class='ocr_line' id='line_1_104' title="bbox 1050 2183 1844 2222; baseline -0.014 -2"><span class='ocrx_word' id='word_1_724' title='bbox 1050 2193 1086 2220; x_wconf 89' lang='lat' dir='ltr'><strong>lio</strong></span> <span class='ocrx_word' id='word_1_725' title='bbox 1107 2191 1259 2219; x_wconf 86' lang='lat' dir='ltr'><strong>illustraudi</strong></span> <span class='ocrx_word' id='word_1_726' title='bbox 1281 2188 1499 2222; x_wconf 84' lang='lat' dir='ltr'><strong>emendandique</strong></span> <span class='ocrx_word' id='word_1_727' title='bbox 1523 2185 1674 2216; x_wconf 82' lang='lat' dir='ltr'><strong>Suidae,cl.</strong></span> <span class='ocrx_word' id='word_1_728' title='bbox 1701 2183 1844 2218; x_wconf 76' lang='lat' dir='ltr'><strong>[luepfne-</strong></span> 
     </span>
    </p>
   </div>
   <div class='ocr_carea' id='block_1_105' title="bbox 1051 2230 1845 2272">
    <p class='ocr_par' dir='ltr' id='par_1_105' title="bbox 1051 2230 1845 2272">
     <span class='ocr_line' id='line_1_105' title="bbox 1051 2230 1845 2272; baseline -0.015 -5"><span class='ocrx_word' id='word_1_729' title='bbox 1051 2247 1114 2272; x_wconf 88' lang='lat' dir='ltr'><strong>rus,</strong></span> <span class='ocrx_word' id='word_1_730' title='bbox 1135 2241 1256 2265; x_wconf 83' lang='lat' dir='ltr'><strong>conrect.</strong></span> <span class='ocrx_word' id='word_1_731' title='bbox 1275 2233 1415 2270; x_wconf 78' lang='lat' dir='ltr'><strong>Gymnasii</strong></span> <span class='ocrx_word' id='word_1_732' title='bbox 1441 2232 1572 2260; x_wconf 86' lang='lat' dir='ltr'><strong>lslebens.</strong></span> <span class='ocrx_word' id='word_1_733' title='bbox 1601 2230 1705 2264; x_wconf 84' lang='lat' dir='ltr'><strong>optime</strong></span> <span class='ocrx_word' id='word_1_734' title='bbox 1728 2230 1845 2256; x_wconf 80' lang='lat' dir='ltr'><strong>meritus</strong></span> 
     </span>
    </p>
   </div>
   <div class='ocr_carea' id='block_1_106' title="bbox 1050 2276 1843 2320">
    <p class='ocr_par' dir='ltr' id='par_1_106' title="bbox 1050 2276 1843 2320">
     <span class='ocr_line' id='line_1_106' title="bbox 1050 2276 1843 2320; baseline -0.015 -7"><span class='ocrx_word' id='word_1_735' title='bbox 1050 2285 1108 2320; x_wconf 75' lang='lat' dir='ltr'><strong>(qui</strong></span> <span class='ocrx_word' id='word_1_736' title='bbox 1125 2286 1182 2319; x_wconf 86' lang='lat' dir='ltr'><strong>ipse</strong></span> <span class='ocrx_word' id='word_1_737' title='bbox 1195 2282 1341 2317; x_wconf 86' lang='lat' dir='ltr'><strong>aliquando</strong></span> <span class='ocrx_word' id='word_1_738' title='bbox 1360 2287 1457 2308; x_wconf 91' lang='lat' dir='ltr'><strong>novam</strong></span> <span class='ocrx_word' id='word_1_739' title='bbox 1474 2277 1658 2306; x_wconf 85' lang='lat' dir='ltr'><strong>meditabatur</strong></span> <span class='ocrx_word' id='word_1_740' title='bbox 1675 2276 1843 2310; x_wconf 74' lang='lat' dir='ltr'><strong>Lexicogra-</strong></span> 
     </span>
    </p>
   </div>
   <div class='ocr_carea' id='block_1_107' title="bbox 1050 2321 1844 2368">
    <p class='ocr_par' dir='ltr' id='par_1_107' title="bbox 1050 2321 1844 2368">
     <span class='ocr_line' id='line_1_107' title="bbox 1050 2321 1844 2368; baseline -0.016 -9"><span class='ocrx_word' id='word_1_741' title='bbox 1050 2333 1095 2368; x_wconf 90' lang='lat' dir='ltr'><strong>phi</strong></span> <span class='ocrx_word' id='word_1_742' title='bbox 1114 2331 1272 2361; x_wconf 87' lang='lat' dir='ltr'><strong>editionem,</strong></span> <span class='ocrx_word' id='word_1_743' title='bbox 1290 2328 1337 2355; x_wconf 87' lang='lat' dir='ltr'><strong>sed</strong></span> <span class='ocrx_word' id='word_1_744' title='bbox 1356 2326 1454 2353; x_wconf 81' lang='lat' dir='ltr'><strong>deinde</strong></span> <span class='ocrx_word' id='word_1_745' title='bbox 1469 2323 1615 2351; x_wconf 85' lang='lat' dir='ltr'><strong>consilium</strong></span> <span class='ocrx_word' id='word_1_746' title='bbox 1630 2321 1759 2356; x_wconf 85' lang='lat' dir='ltr'><strong>abjecit),</strong></span> <span class='ocrx_word' id='word_1_747' title='bbox 1780 2321 1844 2347; x_wconf 85' lang='lat' dir='ltr'><strong>dum</strong></span> 
     </span>
    </p>
   </div>
   <div class='ocr_carea' id='block_1_108' title="bbox 1050 2366 1846 2405">
    <p class='ocr_par' dir='ltr' id='par_1_108' title="bbox 1050 2366 1846 2405">
     <span class='ocr_line' id='line_1_108' title="bbox 1050 2366 1846 2405; baseline -0.015 0"><span class='ocrx_word' id='word_1_748' title='bbox 1050 2366 1135 2405; x_wconf 78' lang='lat' dir='ltr'><strong>edidit.</strong></span> <span class='ocrx_word' id='word_1_749' title='bbox 1150 2386 1157 2404; x_wconf 86' lang='lat'>:</span> <span class='ocrx_word' id='word_1_750' title='bbox 1175 2375 1329 2403; x_wconf 79' lang='lat' dir='ltr'><strong>Closmrum</strong></span> <span class='ocrx_word' id='word_1_751' title='bbox 1345 2372 1437 2400; x_wconf 81' lang='lat' dir='ltr'><strong>Suida:</strong></span> <span class='ocrx_word' id='word_1_752' title='bbox 1452 2379 1464 2397; x_wconf 75' lang='grc' dir='ltr'><strong><em>ε</em></strong></span> <span class='ocrx_word' id='word_1_753' title='bbox 1488 2369 1617 2402; x_wconf 77' lang='lat' dir='ltr'><strong>Sophocle</strong></span> <span class='ocrx_word' id='word_1_754' title='bbox 1631 2368 1743 2402; x_wconf 76' lang='lat' dir='ltr'><strong>ejusque</strong></span> <span class='ocrx_word' id='word_1_755' title='bbox 1761 2366 1846 2394; x_wconf 76' lang='lat' dir='ltr'><strong>schol.</strong></span> 
     </span>
    </p>
   </div>
   <div class='ocr_carea' id='block_1_109' title="bbox 1051 2414 1846 2459">
    <p class='ocr_par' dir='ltr' id='par_1_109' title="bbox 1051 2414 1846 2459">
     <span class='ocr_line' id='line_1_109' title="bbox 1051 2414 1846 2459; baseline -0.018 -7"><span class='ocrx_word' id='word_1_756' title='bbox 1051 2425 1262 2459; x_wconf 64' lang='lat' dir='ltr'><strong>depravantan</strong></span> <span class='ocrx_word' id='word_1_757' title='bbox 1278 2421 1407 2456; x_wconf 74' lang='lat' dir='ltr'><strong>specimen</strong></span> <span class='ocrx_word' id='word_1_758' title='bbox 1422 2418 1434 2445; x_wconf 89' lang='grc'><em>1</em></span> <span class='ocrx_word' id='word_1_759' title='bbox 1452 2417 1604 2444; x_wconf 77' lang='lat' dir='ltr'><strong>accuratius</strong></span> <span class='ocrx_word' id='word_1_760' title='bbox 1625 2414 1744 2448; x_wconf 79' lang='lat' dir='ltr'><strong>collegit,</strong></span> <span class='ocrx_word' id='word_1_761' title='bbox 1757 2421 1846 2440; x_wconf 78' lang='lat' dir='ltr'><strong>emen-</strong></span> 
     </span>
    </p>
   </div>
   <div class='ocr_carea' id='block_1_110' title="bbox 1052 2459 1847 2503">
    <p class='ocr_par' dir='ltr' id='par_1_110' title="bbox 1052 2459 1847 2503">
     <span class='ocr_line' id='line_1_110' title="bbox 1052 2459 1847 2503; baseline -0.016 -6"><span class='ocrx_word' id='word_1_762' title='bbox 1052 2472 1134 2503; x_wconf 86' lang='lat' dir='ltr'><strong>davit,</strong></span> <span class='ocrx_word' id='word_1_763' title='bbox 1152 2468 1296 2496; x_wconf 77' lang='lat' dir='ltr'><strong>illustravit</strong></span> <span class='ocrx_word' id='word_1_764' title='bbox 1313 2467 1337 2494; x_wconf 92' lang='grc'><strong>1.</strong></span> <span class='ocrx_word' id='word_1_765' title='bbox 1361 2466 1393 2494; x_wconf 88' lang='lat' dir='ltr'><strong>G.</strong></span> <span class='ocrx_word' id='word_1_766' title='bbox 1411 2465 1443 2493; x_wconf 89' lang='lat' dir='ltr'><strong>C.</strong></span> <span class='ocrx_word' id='word_1_767' title='bbox 1458 2464 1587 2498; x_wconf 75' lang='lat' dir='ltr'><strong>Haepfner</strong></span> <span class='ocrx_word' id='word_1_768' title='bbox 1611 2462 1638 2488; x_wconf 90' lang='lat' dir='ltr'><strong>in</strong></span> <span class='ocrx_word' id='word_1_769' title='bbox 1657 2469 1664 2488; x_wconf 93' lang='lat'><strong>:</strong></span> <span class='ocrx_word' id='word_1_770' title='bbox 1684 2459 1779 2487; x_wconf 66' lang='lat' dir='ltr'><strong>Neue):</strong></span> <span class='ocrx_word' id='word_1_771' title='bbox 1793 2459 1847 2486; x_wconf 75' lang='lat' dir='ltr'><strong>Mo-</strong></span> 
     </span>
    </p>
   </div>
   <div class='ocr_carea' id='block_1_111' title="bbox 1052 2506 1847 2553">
    <p class='ocr_par' dir='ltr' id='par_1_111' title="bbox 1052 2506 1847 2553">
     <span class='ocr_line' id='line_1_111' title="bbox 1052 2506 1847 2553; baseline -0.016 -8"><span class='ocrx_word' id='word_1_772' title='bbox 1052 2519 1130 2553; x_wconf 81' lang='lat' dir='ltr'><strong>gazin</strong></span> <span class='ocrx_word' id='word_1_773' title='bbox 1145 2517 1188 2551; x_wconf 72' lang='lat' dir='ltr'><strong>[t&#39;tr</strong></span> <span class='ocrx_word' id='word_1_774' title='bbox 1206 2514 1389 2545; x_wconf 79' lang='lat' dir='ltr'><strong>Scltttlleltrer,</strong></span> <span class='ocrx_word' id='word_1_775' title='bbox 1406 2510 1612 2545; x_wconf 73' lang='lat' dir='ltr'><strong>lterausgegebcu</strong></span> <span class='ocrx_word' id='word_1_776' title='bbox 1629 2516 1679 2535; x_wconf 82' lang='lat' dir='ltr'><strong>von</strong></span> <span class='ocrx_word' id='word_1_777' title='bbox 1693 2506 1728 2535; x_wconf 86' lang='lat' dir='ltr'><strong>G.</strong></span> <span class='ocrx_word' id='word_1_778' title='bbox 1742 2507 1776 2533; x_wconf 77' lang='grc' dir='ltr'><strong>Α.</strong></span> <span class='ocrx_word' id='word_1_779' title='bbox 1794 2506 1847 2533; x_wconf 74' lang='grc' dir='ltr'><strong>Βι-</strong></span> 
     </span>
    </p>
   </div>
   <div class='ocr_carea' id='block_1_112' title="bbox 1053 2552 1845 2600">
    <p class='ocr_par' dir='ltr' id='par_1_112' title="bbox 1053 2552 1845 2600">
     <span class='ocr_line' id='line_1_112' title="bbox 1053 2552 1845 2600; baseline -0.016 -9"><span class='ocrx_word' id='word_1_780' title='bbox 1053 2552 1119 2600; x_wconf 73' lang='lat' dir='ltr'><strong>perti</strong></span> <span class='ocrx_word' id='word_1_781' title='bbox 1138 2563 1191 2590; x_wconf 82' lang='lat' dir='ltr'><strong>und</strong></span> <span class='ocrx_word' id='word_1_782' title='bbox 1211 2561 1244 2588; x_wconf 88' lang='grc' dir='ltr'><strong>Η.</strong></span> <span class='ocrx_word' id='word_1_783' title='bbox 1256 2559 1456 2588; x_wconf 78' lang='lat' dir='ltr'><strong>Schilcluhom.</strong></span> <span class='ocrx_word' id='word_1_784' title='bbox 1471 2561 1537 2583; x_wconf 81' lang='lat' dir='ltr'><strong>tom.</strong></span> <span class='ocrx_word' id='word_1_785' title='bbox 1555 2555 1576 2588; x_wconf 82' lang='grc' dir='ltr'><strong>ι,</strong></span> <span class='ocrx_word' id='word_1_786' title='bbox 1586 2560 1656 2589; x_wconf 87' lang='lat' dir='ltr'><strong>part.</strong></span> <span class='ocrx_word' id='word_1_787' title='bbox 1672 2562 1692 2585; x_wconf 81' lang='grc' dir='ltr'><strong>ι,</strong></span> <span class='ocrx_word' id='word_1_788' title='bbox 1707 2561 1771 2588; x_wconf 67' lang='lat' dir='ltr'><strong>pag.</strong></span> <span class='ocrx_word' id='word_1_789' title='bbox 1782 2552 1845 2582; x_wconf 66' lang='lat'><strong>250,</strong></span> 
     </span>
    </p>
   </div>
   <div class='ocr_carea' id='block_1_113' title="bbox 1054 2598 1846 2642">
    <p class='ocr_par' dir='ltr' id='par_1_113' title="bbox 1054 2598 1846 2642">
     <span class='ocr_line' id='line_1_113' title="bbox 1054 2598 1846 2642; baseline -0.016 -5"><span class='ocrx_word' id='word_1_790' title='bbox 1054 2598 1118 2638; x_wconf 68' lang='lat' dir='ltr'><strong>aut.</strong></span> <span class='ocrx_word' id='word_1_791' title='bbox 1146 2624 1181 2629; x_wconf 88' lang='lat'><em>—</em></span> <span class='ocrx_word' id='word_1_792' title='bbox 1202 2607 1337 2642; x_wconf 80' lang='lat' dir='ltr'><strong>Specimett</strong></span> <span class='ocrx_word' id='word_1_793' title='bbox 1355 2604 1386 2632; x_wconf 89' lang='lat' dir='ltr'><strong>It</strong></span> <span class='ocrx_word' id='word_1_794' title='bbox 1410 2603 1476 2631; x_wconf 86' lang='lat' dir='ltr'><strong>ibid.</strong></span> <span class='ocrx_word' id='word_1_795' title='bbox 1493 2607 1562 2637; x_wconf 83' lang='lat' dir='ltr'><strong>part.</strong></span> <span class='ocrx_word' id='word_1_796' title='bbox 1576 2609 1606 2632; x_wconf 83' lang='grc' dir='ltr'><strong>ιι,</strong></span> <span class='ocrx_word' id='word_1_797' title='bbox 1628 2607 1689 2635; x_wconf 82' lang='lat' dir='ltr'><strong>pag.</strong></span> <span class='ocrx_word' id='word_1_798' title='bbox 1708 2598 1846 2626; x_wconf 61' lang='lat' dir='ltr'><strong>asa—tn.</strong></span> 
     </span>
    </p>
   </div>
   <div class='ocr_carea' id='block_1_114' title="bbox 1055 2645 1847 2690">
    <p class='ocr_par' dir='ltr' id='par_1_114' title="bbox 1055 2645 1847 2690">
     <span class='ocr_line' id='line_1_114' title="bbox 1055 2645 1847 2690; baseline -0.015 -7"><span class='ocrx_word' id='word_1_799' title='bbox 1055 2655 1226 2690; x_wconf 81' lang='lat' dir='ltr'><strong>—-Specimen</strong></span> <span class='ocrx_word' id='word_1_800' title='bbox 1243 2652 1290 2680; x_wconf 84' lang='grc' dir='ltr'><em>ιιι</em></span> <span class='ocrx_word' id='word_1_801' title='bbox 1305 2653 1333 2679; x_wconf 93' lang='lat' dir='ltr'><strong>in</strong></span> <span class='ocrx_word' id='word_1_802' title='bbox 1344 2650 1501 2680; x_wconf 79' lang='lat' dir='ltr'><strong>earumdem</strong></span> <span class='ocrx_word' id='word_1_803' title='bbox 1518 2648 1654 2675; x_wconf 87' lang='lat' dir='ltr'><strong>editorum</strong></span> <span class='ocrx_word' id='word_1_804' title='bbox 1666 2646 1793 2681; x_wconf 74' lang='lat' dir='ltr'><strong>Magazin</strong></span> <span class='ocrx_word' id='word_1_805' title='bbox 1805 2645 1847 2680; x_wconf 75' lang='lat' dir='ltr'><strong>far</strong></span> 
     </span>
    </p>
   </div>
   <div class='ocr_carea' id='block_1_115' title="bbox 1058 2691 1847 2735">
    <p class='ocr_par' dir='ltr' id='par_1_115' title="bbox 1058 2691 1847 2735">
     <span class='ocr_line' id='line_1_115' title="bbox 1058 2691 1847 2735; baseline -0.016 -6"><span class='ocrx_word' id='word_1_806' title='bbox 1058 2701 1222 2735; x_wconf 83' lang='lat' dir='ltr'><strong>l’Itilolagen,</strong></span> <span class='ocrx_word' id='word_1_807' title='bbox 1238 2704 1303 2726; x_wconf 91' lang='lat' dir='ltr'><strong>tom.</strong></span> <span class='ocrx_word' id='word_1_808' title='bbox 1323 2698 1345 2730; x_wconf 84' lang='grc'>1,</span> <span class='ocrx_word' id='word_1_809' title='bbox 1368 2704 1430 2732; x_wconf 67' lang='lat' dir='ltr'><strong>pag.</strong></span> <span class='ocrx_word' id='word_1_810' title='bbox 1445 2694 1576 2722; x_wconf 58' lang='lat'><strong>“6—154.</strong></span> <span class='ocrx_word' id='word_1_811' title='bbox 1590 2707 1625 2714; x_wconf 91' lang='lat'><strong>—-</strong></span> <span class='ocrx_word' id='word_1_812' title='bbox 1642 2692 1680 2719; x_wconf 78' lang='lat' dir='ltr'><strong>Ex</strong></span> <span class='ocrx_word' id='word_1_813' title='bbox 1699 2692 1743 2719; x_wconf 89' lang='lat' dir='ltr'><strong>his</strong></span> <span class='ocrx_word' id='word_1_814' title='bbox 1760 2691 1847 2718; x_wconf 81' lang='lat' dir='ltr'><strong>mani—</strong></span> 
     </span>
    </p>
   </div>
   <div class='ocr_carea' id='block_1_116' title="bbox 1058 2737 1846 2781">
    <p class='ocr_par' dir='ltr' id='par_1_116' title="bbox 1058 2737 1846 2781">
     <span class='ocr_line' id='line_1_116' title="bbox 1058 2737 1846 2781; baseline -0.016 -4"><span class='ocrx_word' id='word_1_815' title='bbox 1058 2749 1154 2777; x_wconf 88' lang='lat' dir='ltr'><strong>festntn</strong></span> <span class='ocrx_word' id='word_1_816' title='bbox 1180 2747 1218 2777; x_wconf 83' lang='lat' dir='ltr'><strong>fit.</strong></span> <span class='ocrx_word' id='word_1_817' title='bbox 1257 2749 1375 2781; x_wconf 87' lang='lat' dir='ltr'><strong>quantus</strong></span> <span class='ocrx_word' id='word_1_818' title='bbox 1412 2745 1504 2779; x_wconf 86' lang='lat' dir='ltr'><strong>pateat</strong></span> <span class='ocrx_word' id='word_1_819' title='bbox 1531 2747 1645 2775; x_wconf 86' lang='lat' dir='ltr'><strong>campus</strong></span> <span class='ocrx_word' id='word_1_820' title='bbox 1685 2738 1710 2766; x_wconf 86' lang='lat' dir='ltr'><strong>ei</strong></span> <span class='ocrx_word' id='word_1_821' title='bbox 1742 2737 1790 2773; x_wconf 87' lang='lat' dir='ltr'><strong>qui</strong></span> <span class='ocrx_word' id='word_1_822' title='bbox 1819 2737 1846 2764; x_wconf 83' lang='lat' dir='ltr'><strong>in</strong></span> 
     </span>
    </p>
   </div>
   <div class='ocr_carea' id='block_1_117' title="bbox 1057 2783 1846 2823">
    <p class='ocr_par' dir='ltr' id='par_1_117' title="bbox 1057 2783 1846 2823">
     <span class='ocr_line' id='line_1_117' title="bbox 1057 2783 1846 2823; baseline -0.019 1"><span class='ocrx_word' id='word_1_823' title='bbox 1057 2795 1142 2823; x_wconf 81' lang='lat' dir='ltr'><strong>Suida</strong></span> <span class='ocrx_word' id='word_1_824' title='bbox 1167 2792 1334 2821; x_wconf 84' lang='lat' dir='ltr'><strong>restituendo</strong></span> <span class='ocrx_word' id='word_1_825' title='bbox 1357 2790 1430 2817; x_wconf 85' lang='lat' dir='ltr'><strong>vires</strong></span> <span class='ocrx_word' id='word_1_826' title='bbox 1449 2787 1550 2823; x_wconf 72' lang='lat' dir='ltr'><strong>ingenii</strong></span> <span class='ocrx_word' id='word_1_827' title='bbox 1577 2791 1658 2820; x_wconf 81' lang='lat' dir='ltr'><strong>atque</strong></span> <span class='ocrx_word' id='word_1_828' title='bbox 1685 2783 1846 2812; x_wconf 86' lang='lat' dir='ltr'><strong>eruditionis</strong></span> 
     </span>
    </p>
   </div>
   <div class='ocr_carea' id='block_1_118' title="bbox 1059 2828 1845 2872">
    <p class='ocr_par' dir='ltr' id='par_1_118' title="bbox 1059 2828 1845 2872">
     <span class='ocr_line' id='line_1_118' title="bbox 1059 2828 1845 2872; baseline -0.019 -2"><span class='ocrx_word' id='word_1_829' title='bbox 1059 2849 1187 2870; x_wconf 66' lang='lat' dir='ltr'><strong>exrrccre</strong></span> <span class='ocrx_word' id='word_1_830' title='bbox 1204 2840 1278 2868; x_wconf 85' lang='lat' dir='ltr'><strong>velit.</strong></span> <span class='ocrx_word' id='word_1_831' title='bbox 1299 2837 1385 2865; x_wconf 71' lang='lat' dir='ltr'><strong>Hnu.</strong></span> <span class='ocrx_word' id='word_1_832' title='bbox 1399 2836 1476 2872; x_wconf 70' lang='lat' dir='ltr'><strong>[Post</strong></span> <span class='ocrx_word' id='word_1_833' title='bbox 1495 2832 1628 2868; x_wconf 84' lang='lat' dir='ltr'><strong>Ludolphi</strong></span> <span class='ocrx_word' id='word_1_834' title='bbox 1649 2830 1759 2859; x_wconf 71' lang='lat' dir='ltr'><strong>liusteri</strong></span> <span class='ocrx_word' id='word_1_835' title='bbox 1789 2828 1845 2857; x_wconf 80' lang='lat' dir='ltr'><strong>edi-</strong></span> 
     </span>
    </p>
   </div>
   <div class='ocr_carea' id='block_1_119' title="bbox 1060 2876 1844 2916">
    <p class='ocr_par' dir='ltr' id='par_1_119' title="bbox 1060 2876 1844 2916">
     <span class='ocr_line' id='line_1_119' title="bbox 1060 2876 1844 2916; baseline -0.017 0"><span class='ocrx_word' id='word_1_836' title='bbox 1060 2888 1160 2916; x_wconf 88' lang='lat' dir='ltr'><strong>tionem</strong></span> <span class='ocrx_word' id='word_1_837' title='bbox 1189 2892 1261 2914; x_wconf 81' lang='lat' dir='ltr'><strong>anno</strong></span> <span class='ocrx_word' id='word_1_838' title='bbox 1285 2883 1365 2915; x_wconf 77' lang='grc'><strong>1705,</strong></span> <span class='ocrx_word' id='word_1_839' title='bbox 1396 2879 1576 2915; x_wconf 67' lang='lat' dir='ltr'><strong>Cantabrigire</strong></span> <span class='ocrx_word' id='word_1_840' title='bbox 1600 2878 1704 2912; x_wconf 80' lang='lat' dir='ltr'><strong>datam,</strong></span> <span class='ocrx_word' id='word_1_841' title='bbox 1729 2876 1844 2904; x_wconf 73' lang='lat' dir='ltr'><strong>Lexicon</strong></span> 
     </span>
    </p>
   </div>
  </div>
