1912 3072
87 155 151 188 1923

711 151 760 181 DE
780 150 924 186 QUIBUS
943 151 1090 181 SUIDAS.

1651 151 1720 184 ΗΕξῆ

81 220 104 241 ct
117 210 334 239 Athenodorum.
357 207 441 235 Poeta
461 207 556 242 opicus
579 206 690 241 scripsit
710 206 874 241 Φαι-ιόμενα,
891 209 913 236 Α
929 214 1010 237 nona,
1036 205 1242 241 quadringentis
1258 205 1337 233 annis
1355 211 1416 241 post
1432 205 1532 234 bellum
1550 205 1697 241 Trojamnn
1710 216 1720 236 :

83 261 107 287 iu
123 258 224 294 quibus
245 256 353 283 initium
371 254 536 281 admirabile
552 259 580 281 et
594 253 705 282 Ilomcri
731 253 795 280 felix
812 253 876 280 imi-

81 307 155 335 tatio.
175 304 292 340 llymnos
317 303 344 328 in
367 301 481 333 Panem,
508 300 723 337 Σπονδοφᾶρους,
746 300 875 333 Παίγνια,

86 350 274 388 Ἀστρολογίαν
283 348 330 376 καὶ
343 346 547 382 ’Λατροῦεσίιν,
568 347 696 373 ΣύνΟεσιν
711 346 875 381 φαρμάκων,

79 394 224 432 Θηριακῶν
246 392 397 428 ἐπιτήδεια,
423 391 671 427 ”Λνορωπογονίαν,
692 391 875 422 Ἐπιθυτικό-ι,

79 443 118 473 εις
143 441 303 474 Θεόπροπον
330 437 531 473 (epiccdium),
549 438 588 468 εἰς
607 437 770 470 Ἀντίγονον.
796 435 875 463 Ἠθο-

79 483 362 517 πηιῖας,Ἐπιστολάς,
384 483 600 518 Ἐπιγράμματα
618 484 644 509 in
664 482 784 516 Philam,
798 483 877 510 Atili-

79 534 149 570 palri
162 530 388 566 ﬁliam,Anligoni
403 537 528 562 uxorem,
545 530 710 565 Ἀνατομὴν,
726 530 758 557 1η
775 529 877 557 I‘ausa-

79 583 162 612 niam,
176 580 363 607 Macedonem.
375 578 529 612 Epicedium
542 577 712 604 Cleombroti.
725 576 876 612 Διόρθωσιν

83 627 252 657 Ὀδυσσείας,
270 625 477 652 emendationem
492 624 624 660 Odyssea,
644 627 671 651 et
681 623 806 658 epistolas
815 631 878 650 ora-

77 675 152 701 tione
173 674 272 700 soluta.
859 670 862 674 ”

111 720 260 750 Arcadius,
275 717 483 752 grammaticus,
506 717 704 749 Antiochenus,
717 717 830 752 scripsit
844 717 877 745 de

77 765 290 800 erthographia,
312 765 345 791 de
366 763 572 791 constructione
587 763 705 798 partium
720 763 875 796 orationis;

77 813 282 840 ormmasticum
298 810 469 838 admirabile.

116 858 289 888 Arccsilaus,
304 857 496 891 philosophus.

113 904 284 932 Archedicns
299 903 544 938 κωμῳδιογράφος,
558 903 604 938 qui
620 906 714 930 contra
724 902 875 930 Democha-

78 958 148 981 rem,
163 948 354 976 Demosthenis
370 949 476 976 sororis
494 948 590 980 tilium,
608 948 730 982 scripsit.
742 947 780 975 Ex
799 946 877 974 l‘ahu-

76 996 110 1023 Iis
125 995 187 1030 ejus
204 999 267 1022 Slllll
279 993 422 1029 Θησαυρδς
436 998 462 1021 et
477 993 685 1028 Διαμαρτάνων.

111 1041 276 1073 Archelaus,
301 1040 458 1075 Apollodoﬁ
479 1040 520 1067 vel
542 1039 658 1067 Midonis
679 1039 725 1072 F.,
743 1039 874 1072 Milesius,

75 1089 259 1124 philosophus
276 1086 413 1122 physicus,
427 1087 531 1121 primus
545 1094 576 1113 ex
589 1086 663 1113 Ionia
677 1085 874 1130 physiologiam

76 1135 104 1162 in
117 1134 253 1161 Graeciam
269 1132 435 1164 introdtuit,
452 1131 604 1167 di5cipu|us
617 1133 795 1167 Anaxagorae,
809 1140 877 1166 prte-

77 1188 177 1216 (ει-βιοῖ
192 1179 314 1207 Socratis
331 1183 358 1206 et
376 1178 514 1213 Euripidis
529 1186 536 1204 :
551 1178 661 1213 scripsit
678 1178 874 1214 physiologiam

77 1229 104 1251 rt
120 1243 125 1250 .
139 1225 176 1250 lia
190 1223 332 1250 nonnulla.
347 1223 418 1250 Nihil
433 1222 538 1258 justum
553 1223 594 1250 vel
609 1228 688 1258 turpe
703 1228 800 1250 natura
815 1232 876 1251 esse

75 1271 188 1301 docuit,
208 1270 254 1298 sed
270 1270 395 1297 instituto
413 1270 515 1296 omnia.

112 1318 280 1350 Archelaus,
292 1316 412 1344 C(IiOllI-l:
440 1317 593 1352 presbyter,
608 1321 702 1343 contra
717 1324 797 1352 quem
811 1316 877 1343 scri-

74 1365 130 1398 psit
151 1362 280 1394 Basilius,
299 1361 449 1397 Irenopolis
467 1361 622 1396 cpiscopus.

113 1409 289 1441 .‘\rchiad:is,
321 1409 494 1443 'I‘hcagenem
522 1408 557 1435 ob
587 1407 730 1435 facultates
758 1409 875 1437 amissas

73 1463 117 1482 cm
132 1455 228 1482 solans
246 1456 288 1489 (ex
304 1454 467 1489 Damascio).

111 1501 244 1532 Archias,
271 1500 474 1535 φυγαδυῡῂρπις,
498 1499 544 1535 qui
571 1504 706 1533 oratores,
733 1498 795 1534 fuga
823 1499 874 1529 sibi

76 1548 227 1583 Cupientes
245 1546 398 1580 consulere,
413 1550 527 1574 venatus
541 1551 593 1579 est,
614 1551 644 1573 ut
659 1545 803 1581 Antipatro
820 1550 875 1573 tra-

75 1595 170 1622 dcrct.

109 1640 282 1671 Archibius,
311 1639 447 1674 Apollonii
472 1638 741 1673 F.,grammaticus.
767 1639 878 1675 scripsit

73 1687 216 1722 ἑξήγηςιν
231 1687 451 1722 epigrammatum
468 1685 639 1713 Callimachi.

112 1733 277 1764 Archiliius,
293 1732 430 1760 Ptolemaei
445 1731 488 1762 F.,
499 1731 652 1759 Leucadius
666 1732 707 1758 vel
720 1732 880 1760 Alexandri-

74 1788 133 1808 nus
162 1779 372 1815 grammaticus,
396 1786 431 1806 ex
455 1786 550 1806 eorum
571 1785 698 1810 numero,
723 1778 770 1814 qui
786 1777 881 1806 Roma:

72 1834 172 1860 usque
190 1826 222 1852 ad
239 1823 350 1860 Trajani
368 1825 434 1859 imp.
451 1828 572 1859 tempora
591 1823 753 1852 docuerunt.

111 1872 299 1907 Arcliigenes,
318 1871 432 1906 Philippi
451 1870 495 1903 ἢ,
508 1870 687 1906 Apamccnsis
711 1871 807 1907 Syrus,
825 1878 880 1898 me-

70 1919 176 1951 dicus,
191 1918 319 1952 Agathini
335 1917 498 1957 discipulus,
510 1917 555 1952 qui
574 1917 667 1945 Romae
684 1917 794 1952 Trajani
812 1922 881 1944 tem-

70 1973 149 2000 pore
167 1969 255 1991 artem
275 1964 407 1991 medicam
423 1964 557 1990 exercuit.
576 1963 647 1990 Vixit
661 1972 747 1991 annos
764 1963 881 1996 LXXIII,

70 2012 255 2046 scripsitque
274 2011 357 2038 multa
379 2011 485 2037 medica
503 2010 680 2045 physicaque.

112 2060 307 2087 Archilochus
328 2058 496 2089 maledicus,
522 2058 645 2092 alioquin
665 2058 779 2093 insignis
793 2063 882 2094 poeta,

69 2113 179 2142 quem,
203 2113 217 2131 a
234 2104 354 2132 Calonda
371 2103 558 2136 interfectum,
576 2103 672 2140 Pythia
693 2104 748 2132 ulta
763 2110 815 2137 est,
829 2110 882 2132 etc.

114 2150 323 2182 Archimedes,
350 2148 528 2182 Trallianus,
556 2149 750 2184 philosophus,
775 2150 885 2185 scripsit

75 2196 269 2231 ⁷Υπὸμνημα,
283 2194 508 2221 Commentariun:
526 2195 553 2221 in
572 2194 726 2226 Homerum,
738 2200 760 2220 et
779 2194 885 2222 Meo/ia-

66 2253 83 2270 ιι
90 2245 152 2272 ica.

110 2289 293 2323 Archippus,
315 2288 490 2315 Atheniensis
501 2309 509 2321 ,
530 2296 654 2315 comicus
670 2288 800 2321 antiquus
812 2308 818 2319 ,
836 2288 880 2323 qui

65 2336 170 2366 semel
193 2335 258 2362 vicit
276 2335 429 2370 Olympiade
448 2334 516 2362 XCI.

108 2381 271 2416 Archytas,
289 2380 465 2412 Tarentinus,
482 2379 590 2408 llestimi
613 2380 644 2408 Ρ.
665 2385 713 2408 aut
730 2380 881 2407 Mnesarchi

63 2430 115 2458 vel
138 2428 327 2463 Mnasagorw,
344 2427 525 2462 philosophus
541 2426 749 2463 Pythagoricus,
763 2427 808 2461 qui
822 2425 884 2453 Pla-

66 2483 178 2504 tonem
207 2475 336 2506 servmit,
367 2481 429 2501 cum
455 2481 517 2500 eum
544 2474 576 2500 ad
605 2477 720 2500 mortem
749 2478 884 2508 quareret

64 2522 235 2558 Dionysius
270 2526 413 2556 tyrannus.
431 2520 605 2555 Empedoclis
621 2520 772 2556 discipulus
794 2520 883 2556 philo-

63 2570 214 2606 sophiam
232 2568 327 2596 docuit
343 2568 500 2602 multosque
516 2567 602 2594 libros
614 2567 736 2602 scripsit.
757 2566 883 2594 Inventor

61 2615 230 2649 70.11277};
245 2614 304 2642 sive
319 2613 488 2648 cropitaculi.
503 2612 558 2639 Τοῦ
574 2613 666 2640 κοινοῦ
687 2613 742 2640 τῶν
764 2613 883 2640 Ἰταλιω-

59 2663 126 2689 τῶν
146 2660 288 2695 προέστη,
308 2659 463 2694 στρατηγὸς
485 2658 607 2694 αἱρεθεὶς
627 2658 807 2694 αὐτοκράτωρ
832 2659 883 2685 ὑπὸ

58 2709 127 2736 τῶν
154 2705 279 2732 πολιτῶν
295 2706 343 2732 καὶ
358 2705 413 2732 τῶν
425 2706 489 2740 περὶ
504 2707 608 2732 ἐκεῖνον
623 2705 667 2731 τὸν
683 2705 766 2731 τόπον
788 2705 882 2741 Ἑλλή-

60 2764 140 2787 νων,
163 2752 308 2780 Cummuni
327 2752 504 2780 Italiotarum
521 2753 642 2788 pt'wfuit,
667 2753 784 2779 dictator
805 2762 820 2779 (ι
846 2753 884 2779 ci-

59 2802 152 2830 vibus
176 2805 202 2826 et
223 2800 313 2826 vicinis
330 2799 430 2826 Grecis
447 2805 563 2826 creatus.

104 2846 267 2878 Arctinus,
284 2845 417 2878 Milesius,
437 2853 527 2881 poeta,
547 2846 654 2874 IIomrri
681 2846 722 2881 (ut
743 2846 779 2873 ait
804 2847 882 2874 Arte-

60 2895 175 2931 mon),
197 2893 349 2928 discipulus
368 2898 395 2920 ct
413 2897 503 2920 tamen
527 2893 629 2920 vixisse
655 2893 755 2920 dicitur
780 2893 880 2929 olymp.

246 2943 385 2973 l’nnon.
409 2942 453 2973 Ge
462 2965 469 2974 .
495 2943 621 2975 CXVII.

929 251 1012 287 [quod
1049 251 1093 278 vix
1122 250 1264 286 probabile
1289 257 1342 284 est,
1373 251 1434 279 vide
1463 259 1566 288 supra,
1608 253 1661 281 vol.
1691 252 1720 287 Ι,

929 307 989 334 pag.
1010 299 1027 326 9
1049 297 1123 334 sqq.]

965 347 1076 378 Ariani,
1101 345 1285 381 Psathyriaui,
1302 349 1354 373 ctc.

964 394 1107 428 Arignote,
1125 393 1230 424 Samia,
1257 391 1391 426 discipula
1410 391 1571 427 Pythagorea
1587 397 1614 419 et
1629 392 1719 420 Thea-

928 449 999 472 nus,
1026 440 1188 475 philosopha
1224 438 1414 474 Pythagorica.
1448 437 1564 472 Scripsit
1592 439 1721 467 Bacchica

929 486 987 513 sive
1001 485 1113 517 τελετὰς
1132 483 1273 516 Διονύσον,
1292 490 1318 510 et
1333 484 1364 511 de
1378 483 1482 511 Cereris
1501 485 1642 519 mysteriis,
1660 493 1722 513 [πελεν

929 539 983 558 non
1001 531 1213 566 Epigrammata.
1232 530 1331 558 Fertur
1346 530 1428 557 etiam
1448 530 1523 558 illius
1543 531 1595 558 sub
1611 531 1723 559 nomine

929 578 995 605 liber
1010 586 1095 609 sacer,
1116 577 1187 612 ἱερὸς
1208 576 1298 611 λόγος.

965 623 1068 656 Arion,
1089 624 1180 658 Cyclei
1206 623 1249 655 F.,
1266 622 1477 658 Methymnaaus,
1503 622 1627 657 lyricus,
1658 622 1726 650 vixit

929 670 1084 707 olympiade
1108 668 1252 696 XXXVIII.
1271 668 1387 702 Quidam
1404 668 1545 696 Alcmanis
1562 668 1648 695 (ilium
1670 673 1722 696 tra-

929 717 1031 745 didere.
1061 715 1178 751 Scripsit
1207 715 1340 751 ᾄσματα,
1375 714 1480 741 cantica
1511 718 1539 742 et
1571 714 1723 749 προοίμια,

929 763 1040 798 hymnos
1054 761 1087 788 ad
1103 767 1197 788 versus
1212 760 1337 787 heroicos
1353 759 1395 786 bis
1412 759 1496 786 mille.
1510 758 1612 786 Dicitur
1628 758 1724 793 tragici

930 807 1003 835 modi
1020 808 1146 834 inventor
1160 806 1247 834 fuisse
1262 811 1289 833 et
1304 805 1410 840 primus
1426 804 1543 832 chorum
1559 803 1723 836 instituisse,

929 858 956 882 ct
970 853 1176 889 dithyrambum
1190 852 1336 885 cecinisse,
1353 857 1380 879 et
1396 851 1433 879 ita
1459 852 1629 884 nominasse,
1648 852 1724 887 quod

929 909 944 928 a
961 901 1046 928 choro
1072 899 1191 933 canitur,
1211 904 1239 928 et
1264 903 1372 934 satyros
1392 897 1581 926 iutroduxisse
1597 898 1724 926 versibus

929 945 1081 980 loquentes.

965 992 1161 1024 Aristarchus,
1184 991 1259 1018 θέσει
1284 990 1476 1026 (habitatione)
1503 985 1723 1022 Alexandrinus,

930 1038 1012 1074 φύσει
1047 1038 1147 1074 (gente)
1176 1037 1361 1070 Samothrax,
1396 1037 1548 1064 Aristarchi
1575 1035 1619 1069 F.,
1632 1037 1724 1064 clarus

930 1086 1032 1121 olymp.
1053 1084 1132 1113 CLVI
1145 1090 1267 1120 tempore
1278 1083 1416 1112 Ptolemaei
1427 1083 1631 1115 Philotnctoris;
1644 1083 1724 1118 cujus

930 1134 1016 1161 lilium
1037 1132 1148 1161 erudiit.
1164 1132 1263 1159 Fertur
1278 1131 1422 1166 scripsisse
1446 1131 1516 1158 ultra
1532 1130 1618 1158 DCCC
1638 1131 1724 1158 libros

931 1179 1138 1214 ὑπομνημάτων
1166 1179 1223 1206 sive
1260 1178 1531 1206 commentariorum.
1569 1177 1724 1212 Discipnlus

931 1226 1135 1260 Aristophanis,
1165 1224 1346 1260 granunatici.
1373 1231 1435 1251 cum
1465 1224 1589 1256 Cratcte,
1619 1223 1723 1259 Perga-

931 1281 1029 1305 meno,
1053 1271 1176 1307 I‘ergami
1193 1278 1264 1306 saepe
1291 1270 1471 1298 concertavit.
1497 1269 1651 1304 Discipulos
1674 1270 1722 1296 ha-

931 1319 989 1346 Iiuit
1002 1318 1199 1353 grammaticos
1214 1317 1324 1345 circiter
1341 1315 1397 1343 XL.
1420 1317 1513 1343 Annos
1529 1321 1610 1343 natus
1627 1314 1725 1345 LXXII

931 1366 956 1391 in
974 1365 1064 1400 Cypro
1080 1371 1149 1399 aqua
1167 1365 1303 1391 intercute
1318 1363 1445 1390 laborans
1460 1370 1554 1390 nrccm
1571 1362 1622 1390 sibi
1635 1363 1724 1390 itu-dia

930 1411 1075 1444 conscivit,
1094 1410 1197 1438 relictis
1213 1410 1286 1441 Iiliis,
1311 1409 1472 1436 Aristarcho
1499 1413 1526 1435 ct
1552 1409 1722 1444 Atistagora,

931 1457 1034 1484 nullius
1055 1457 1169 1492 ingenii,
1185 1464 1217 1483 ex
1242 1456 1344 1490 quibus
1363 1454 1554 1483 Aristarchqu
1582 1456 1722 1482 venditum

930 1504 1110 1531 Athenienses
1125 1503 1309 1531 redemerunt.

965 1550 1157 1582 Aristarchus,
1181 1549 1324 1584 Tegeatcs,
1349 1549 1480 1584 tragicus,
1506 1549 1620 1584 :rqualis
1645 1548 1724 1576 Enri-

931 1596 1012 1631 pidis,
1031 1597 1078 1631 qui
1103 1597 1208 1631 primus
1239 1596 1363 1623 dramata
1385 1596 1417 1622 ad
1440 1596 1513 1622 illam
1541 1596 1723 1630 prolixitatem

931 1642 1071 1677 produxit,
1099 1642 1193 1669 docuit
1215 1642 1362 1676 tragoedias
1389 1641 1459 1668 LXX
1476 1662 1483 1672 ,
1514 1642 1578 1668 vicit
1607 1642 1724 1668 duabus.

931 1687 1004 1715 Obiit.
1028 1687 1187 1715 centenario
1212 1687 1311 1722 major.
1340 1688 1440 1714 Morbo
1466 1695 1528 1714 cum
1557 1687 1725 1721 laborasset,

930 1734 1089 1769 Asculapio
1117 1741 1167 1769 pro
1197 1734 1323 1762 restituta
1348 1734 1505 1761 valetudine
1533 1733 1627 1761 drama
1662 1734 1726 1760 Ἀσ-

933 1782 1049 1816 κ).ήπιον
1072 1781 1221 1808 dedicavit.

968 1827 1102 1859 Aristeas,
1129 1826 1334 1854 Dcmoeliaridis
1356 1830 1403 1853 aut
1424 1825 1578 1854 Canstrobii
1604 1826 1646 1858 F.,
1660 1826 1728 1854 Pro-

934 1873 1093 1905 connesius,
1122 1878 1201 1907 poeta
1222 1873 1327 1907 epicus,
1349 1872 1457 1907 scripsit
1484 1873 1519 1899 τὰ
1539 1873 1727 1907 Ἀριμάσπειοι

934 1921 1090 1954 καλούμενα
1106 1920 1172 1955 ἔπη,
1190 1920 1311 1946 carmina
1335 1918 1494 1954 Arimaspea
1512 1919 1568 1947 sive
1585 1914 1728 1950 historiam

934 1967 1144 2001 Arimasporum
1163 1965 1403 2001 IIyperboreorum
1431 1964 1508 1993 libris
1535 1964 1568 1994 Ill
1593 1970 1620 1993 et
1639 1966 1729 1995 soluta

935 2012 1061 2039 oratione
1079 2012 1222 2044 nonnulla,
1246 2016 1273 2038 et
1294 2010 1470 2046 Theogoniam
1494 2012 1619 2040 versibus
1644 2013 1729 2041 mille.

936 2057 1058 2094 [Aristiw
1077 2058 1209 2090 fabulam,
1231 2057 1344 2093 Cyrlops
1360 2062 1496 2091 vocatam,
1513 2065 1649 2089 memorat
1665 2059 1729 2087 Sui-

936 2105 985 2132 das
1008 2104 1028 2135 I.
1048 2112 1110 2139 pag.
1127 2103 1189 2136 5‘21,
1209 2104 1253 2131 tibi
1267 2111 1294 2130 v.
1313 2102 1422 2132 Kusteri
1436 2109 1494 2133 not.
1513 2103 1552 2141 1.]

972 2153 1118 2186 Aristides,
1135 2152 1324 2185 Adrianensis,
1349 2159 1382 2181 ex
1407 2153 1535 2181 Adrianis
1557 2153 1649 2190 Mysia:
1672 2155 1730 2182 sive

938 2198 1083 2234 Bithynia,
1104 2199 1238 2233 sophista.
1262 2198 1420 2226 I'olemonis
1451 2197 1584 2234 Smyrnaei
1613 2201 1731 2227 rhetoris

901 2245 1101 2280 Ddiscipulus,
1134 2244 1206 2272 lilius
1239 2244 1406 2274 Eudemonis
1427 2245 1581 2280 philosophi
1609 2245 1729 2274 ﬂaminis

938 2292 1022 2320 Dialis
1035 2292 1062 2319 in
1076 2291 1164 2327 patria
1181 2299 1243 2319 sua.
1259 2292 1376 2319 Athenis
1401 2291 1535 2320 Herodem
1561 2297 1588 2320 et
1604 2293 1728 2328 Pergami

937 2339 1100 2366 Aristoclem
1116 2338 1232 2371 audivit,
1255 2338 1401 2374 ﬂoruitque
1418 2339 1548 2366 Antonini
1574 2340 1640 2375 imp.
1659 2345 1729 2368 tem-

938 2391 1004 2418 pore
1031 2388 1058 2411 et
1084 2383 1168 2412 vitam
1195 2391 1281 2418 usque
1311 2384 1344 2411 ad
1376 2384 1557 2412 Commodum
1589 2385 1727 2420 produxit.

938 2429 1083 2458 Orationes
1099 2430 1158 2465 ejus
1177 2438 1259 2465 quam
1277 2431 1411 2466 plurimm,
1427 2432 1487 2459 aliae
1503 2433 1574 2467 apud
1590 2433 1660 2460 alios
1677 2423 1730 2460 cir-

937 2476 1137 2504 cumleruntur.

973 2523 1140 2558 Aristippus,
1165 2524 1284 2551 Aritaila:
1304 2523 1508 2560 F.,Cyren:rus
1531 2521 1730 2561 philosophus,

939 2569 1061 2597 Socratis
1082 2570 1202 2600 auditor,
1225 2575 1306 2597 secta;
1331 2576 1427 2598 auctor
1445 2571 1610 2608 Cyrenaicm,
1626 2574 1731 2608 primus

939 2614 1153 2649 Socraticorum,
1176 2616 1223 2651 qui
1250 2616 1403 2644 mercedem
1425 2625 1439 2644 a
1462 2618 1603 2653 discipulis
1629 2621 1730 2656 exegit.

938 2660 1113 2696 Xenophonti
1140 2662 1268 2696 infestus,
1292 2664 1461 2691 austeritatis
1485 2665 1657 2694 Antisthenis
1684 2668 1732 2695 de-

939 2708 1019 2735 risor.
1034 2708 1054 2734 A
1069 2709 1186 2744 Diogene
1200 2710 1256 2745 ipse
1274 2710 1362 2738 dictus
1378 2711 1452 2738 κύων
1472 2711 1620 2747 βασιλικός.
1647 2713 1730 2742 Plura

937 2754 998 2789 ejus
1016 2753 1141 2781 feruntur
1177 2756 1426 2791 apophthcgmata,
1451 2762 1504 2785 etc.
1531 2759 1642 2787 Audivit
1666 2768 1729 2789 cum

938 2801 1019 2828 Arcto
1051 2801 1117 2834 tilia,
1136 2802 1215 2837 cujus
1232 2803 1314 2834 filius,
1332 2802 1486 2840 Aristippus
1499 2805 1602 2840 junior,
1630 2806 1732 2836 Metto.

938 2848 1062 2875 didactus
1074 2849 1234 2883 appellatus.
1243 2849 1330 2883 Ilujus
1342 2851 1449 2878 auditor
1457 2852 1628 2886 Theodorus,
1641 2853 1731 2884 dictus

939 2894 1056 2927 athcus,
1085 2902 1147 2922 mox
1171 2895 1249 2924 deus.
1275 2895 1448 2925 Theodorum
1475 2899 1627 2933 Antipater,
1652 2901 1732 2931 Anti:

1529 2947 1569 2977 39
