  <div class='ocr_page' id='page_1' title='image "/cluster/home/n/w/nwhite01/storage/ocr_20150623/117/njp.32101010943940/748.png"; bbox 0 0 1912 3072; ppageno 0'>
   <div class='ocr_carea' id='block_1_1' title="bbox 109 89 169 120">
    <p class='ocr_par' dir='ltr' id='par_1_1' title="bbox 109 89 169 120">
     <span class='ocr_line' id='line_1_1' title="bbox 109 89 169 120; baseline -0.017 0"><span class='ocrx_word' id='word_1_1' title='bbox 109 89 169 120; x_wconf 70' lang='grc' dir='ltr'><strong>1ί29</strong></span> 
     </span>
    </p>
   </div>
   <div class='ocr_carea' id='block_1_2' title="bbox 721 91 1101 129">
    <p class='ocr_par' dir='ltr' id='par_1_2' title="bbox 721 91 1101 129">
     <span class='ocr_line' id='line_1_2' title="bbox 721 91 1101 129; baseline 0.005 -7"><span class='ocrx_word' id='word_1_2' title='bbox 721 92 773 122; x_wconf 87' lang='lat' dir='ltr'><strong>DE</strong></span> <span class='ocrx_word' id='word_1_3' title='bbox 790 91 933 129; x_wconf 79' lang='lat' dir='ltr'><strong>QUIBUS</strong></span> <span class='ocrx_word' id='word_1_4' title='bbox 952 93 1101 124; x_wconf 77' lang='lat' dir='ltr'><strong>SUIDAS.</strong></span> 
     </span>
    </p>
   </div>
   <div class='ocr_carea' id='block_1_3' title="bbox 1665 96 1736 132">
    <p class='ocr_par' dir='ltr' id='par_1_3' title="bbox 1665 96 1736 132">
     <span class='ocr_line' id='line_1_3' title="bbox 1665 96 1736 132; baseline 0.014 -2"><span class='ocrx_word' id='word_1_5' title='bbox 1665 96 1736 132; x_wconf 70' lang='lat'><strong>1-230</strong></span> 
     </span>
    </p>
   </div>
   <div class='ocr_carea' id='block_1_4' title="bbox 104 149 887 191">
    <p class='ocr_par' dir='ltr' id='par_1_4' title="bbox 104 149 887 180">
     <span class='ocr_line' id='line_1_4' title="bbox 104 149 887 180; baseline 0 -1"><span class='ocrx_word' id='word_1_6' title='bbox 104 159 133 179; x_wconf 83' lang='lat' dir='ltr'><strong>ex</strong></span> <span class='ocrx_word' id='word_1_7' title='bbox 155 149 245 179; x_wconf 81' lang='lat' dir='ltr'><strong>marbo</strong></span> <span class='ocrx_word' id='word_1_8' title='bbox 260 149 412 177; x_wconf 85' lang='lat' dir='ltr'><strong>decessisse</strong></span> <span class='ocrx_word' id='word_1_9' title='bbox 436 157 523 178; x_wconf 86' lang='lat' dir='ltr'><strong>annos</strong></span> <span class='ocrx_word' id='word_1_10' title='bbox 554 154 648 178; x_wconf 82' lang='lat' dir='ltr'><strong>natum</strong></span> <span class='ocrx_word' id='word_1_11' title='bbox 669 150 751 179; x_wconf 85' lang='lat' dir='ltr'><strong>LXX.</strong></span> <span class='ocrx_word' id='word_1_12' title='bbox 768 151 887 180; x_wconf 63' lang='lat' dir='ltr'><strong>Timxus</strong></span> 
     </span>
    </p>
   </div>
   <div class='ocr_carea' id='block_1_5' title="bbox 962 149 1735 191">
    <p class='ocr_par' dir='ltr' id='par_1_5' title="bbox 962 153 1735 191">
     <span class='ocr_line' id='line_1_5' title="bbox 962 153 1735 191; baseline 0.008 -12"><span class='ocrx_word' id='word_1_13' title='bbox 962 153 1104 188; x_wconf 73' lang='grc' dir='ltr'><strong>Ρωμαϊκὰς</strong></span> <span class='ocrx_word' id='word_1_14' title='bbox 1117 153 1262 187; x_wconf 77' lang='grc' dir='ltr'>συνέταξεν</span> <span class='ocrx_word' id='word_1_15' title='bbox 1276 154 1416 182; x_wconf 73' lang='lat' dir='ltr'><strong>historian:</strong></span> <span class='ocrx_word' id='word_1_16' title='bbox 1430 154 1526 183; x_wconf 84' lang='lat' dir='ltr'><strong>Latine</strong></span> <span class='ocrx_word' id='word_1_17' title='bbox 1538 158 1686 191; x_wconf 70' lang='lat' dir='ltr'><strong>composuit</strong></span> <span class='ocrx_word' id='word_1_18' title='bbox 1700 158 1735 186; x_wconf 61' lang='lat' dir='ltr'><strong>li.</strong></span> 
     </span>
    </p>
   </div>
   <div class='ocr_carea' id='block_1_6' title="bbox 104 194 886 231">
    <p class='ocr_par' dir='ltr' id='par_1_6' title="bbox 104 194 886 231">
     <span class='ocr_line' id='line_1_6' title="bbox 104 194 886 231; baseline 0 -7"><span class='ocrx_word' id='word_1_19' title='bbox 104 194 266 224; x_wconf 73' lang='lat' dir='ltr'><strong>Aristotelem</strong></span> <span class='ocrx_word' id='word_1_20' title='bbox 280 195 411 222; x_wconf 86' lang='lat' dir='ltr'><strong>omnibus</strong></span> <span class='ocrx_word' id='word_1_21' title='bbox 425 195 576 231; x_wconf 94' lang='lat' dir='ltr'><strong>proscindit</strong></span> <span class='ocrx_word' id='word_1_22' title='bbox 588 196 735 229; x_wconf 79' lang='lat' dir='ltr'><strong>conviciis;</strong></span> <span class='ocrx_word' id='word_1_23' title='bbox 757 196 804 224; x_wconf 88' lang='lat' dir='ltr'><strong>scd</strong></span> <span class='ocrx_word' id='word_1_24' title='bbox 818 196 886 224; x_wconf 79' lang='lat' dir='ltr'><strong>alio-</strong></span> 
     </span>
    </p>
   </div>
   <div class='ocr_carea' id='block_1_7' title="bbox 79 242 887 278">
    <p class='ocr_par' dir='ltr' id='par_1_7' title="bbox 79 242 887 278">
     <span class='ocr_line' id='line_1_7' title="bbox 79 242 887 278; baseline 0.001 -9"><span class='ocrx_word' id='word_1_25' title='bbox 79 274 86 278; x_wconf 85' lang='lat'>_</span> <span class='ocrx_word' id='word_1_26' title='bbox 104 251 158 271; x_wconf 85' lang='lat' dir='ltr'><strong>rum</strong></span> <span class='ocrx_word' id='word_1_27' title='bbox 171 243 272 278; x_wconf 88' lang='lat' dir='ltr'><strong>judicio</strong></span> <span class='ocrx_word' id='word_1_28' title='bbox 285 242 335 277; x_wconf 82' lang='grc' dir='ltr'><strong>τῆς</strong></span> <span class='ocrx_word' id='word_1_29' title='bbox 352 242 459 276; x_wconf 84' lang='grc' dir='ltr'><strong>φύσεως</strong></span> <span class='ocrx_word' id='word_1_30' title='bbox 473 243 666 277; x_wconf 68' lang='grc' dir='ltr'><strong>γραμματεὺς,</strong></span> <span class='ocrx_word' id='word_1_31' title='bbox 680 247 784 270; x_wconf 83' lang='lat' dir='ltr'><strong>natura:</strong></span> <span class='ocrx_word' id='word_1_32' title='bbox 799 243 887 270; x_wconf 79' lang='lat' dir='ltr'><strong>scriba</strong></span> 
     </span>
    </p>
   </div>
   <div class='ocr_carea' id='block_1_8' title="bbox 105 288 888 324">
    <p class='ocr_par' dir='ltr' id='par_1_8' title="bbox 105 288 888 324">
     <span class='ocr_line' id='line_1_8' title="bbox 105 288 888 324; baseline 0 -7"><span class='ocrx_word' id='word_1_33' title='bbox 105 290 160 320; x_wconf 79' lang='lat' dir='ltr'><strong>fuit,</strong></span> <span class='ocrx_word' id='word_1_34' title='bbox 171 289 214 314; x_wconf 78' lang='grc' dir='ltr'><strong>τὸν</strong></span> <span class='ocrx_word' id='word_1_35' title='bbox 233 288 355 323; x_wconf 78' lang='grc' dir='ltr'>κάλαμον</span> <span class='ocrx_word' id='word_1_36' title='bbox 370 289 532 324; x_wconf 75' lang='grc' dir='ltr'><strong>ἀποδρέχων</strong></span> <span class='ocrx_word' id='word_1_37' title='bbox 547 289 588 320; x_wconf 77' lang='grc' dir='ltr'><strong>εἰς</strong></span> <span class='ocrx_word' id='word_1_38' title='bbox 603 289 676 320; x_wconf 76' lang='grc' dir='ltr'>νοῦν,</span> <span class='ocrx_word' id='word_1_39' title='bbox 694 290 739 324; x_wconf 83' lang='lat' dir='ltr'><strong>qui</strong></span> <span class='ocrx_word' id='word_1_40' title='bbox 754 289 888 317; x_wconf 81' lang='lat' dir='ltr'><strong>calamum</strong></span> 
     </span>
    </p>
   </div>
   <div class='ocr_carea' id='block_1_9' title="bbox 104 334 887 370">
    <p class='ocr_par' dir='ltr' id='par_1_9' title="bbox 104 334 887 370">
     <span class='ocr_line' id='line_1_9' title="bbox 104 334 887 370; baseline -0.001 -7"><span class='ocrx_word' id='word_1_41' title='bbox 104 337 128 363; x_wconf 89' lang='lat' dir='ltr'><strong>in</strong></span> <span class='ocrx_word' id='word_1_42' title='bbox 154 339 260 362; x_wconf 77' lang='lat' dir='ltr'><strong>utentem</strong></span> <span class='ocrx_word' id='word_1_43' title='bbox 286 335 414 367; x_wconf 72' lang='lat' dir='ltr'><strong>intinxit,</strong></span> <span class='ocrx_word' id='word_1_44' title='bbox 439 342 576 370; x_wconf 77' lang='lat' dir='ltr'><strong>quemque</strong></span> <span class='ocrx_word' id='word_1_45' title='bbox 602 334 670 362; x_wconf 81' lang='lat' dir='ltr'><strong>nihil</strong></span> <span class='ocrx_word' id='word_1_46' title='bbox 702 335 772 370; x_wconf 79' lang='lat' dir='ltr'><strong>fugit</strong></span> <span class='ocrx_word' id='word_1_47' title='bbox 796 343 887 363; x_wconf 87' lang='lat' dir='ltr'><strong>rerum</strong></span> 
     </span>
    </p>
   </div>
   <div class='ocr_carea' id='block_1_10' title="bbox 105 380 488 416">
    <p class='ocr_par' dir='ltr' id='par_1_10' title="bbox 105 380 488 416">
     <span class='ocr_line' id='line_1_10' title="bbox 105 380 488 416; baseline -0.005 -7"><span class='ocrx_word' id='word_1_48' title='bbox 105 382 204 410; x_wconf 88' lang='lat' dir='ltr'><strong>utilium</strong></span> <span class='ocrx_word' id='word_1_49' title='bbox 220 380 488 416; x_wconf 81' lang='lat' dir='ltr'><strong>abstrusiorumquc.</strong></span> 
     </span>
    </p>
   </div>
   <div class='ocr_carea' id='block_1_11' title="bbox 135 427 890 463">
    <p class='ocr_par' dir='ltr' id='par_1_11' title="bbox 135 427 890 463">
     <span class='ocr_line' id='line_1_11' title="bbox 135 427 890 463; baseline 0 -7"><span class='ocrx_word' id='word_1_50' title='bbox 135 428 330 456; x_wconf 75' lang='lat' dir='ltr'><strong>Aristoxenus.</strong></span> <span class='ocrx_word' id='word_1_51' title='bbox 356 427 466 455; x_wconf 74' lang='lat' dir='ltr'><strong>Mnesitc</strong></span> <span class='ocrx_word' id='word_1_52' title='bbox 486 427 638 463; x_wconf 89' lang='lat' dir='ltr'><strong>Spinthari,</strong></span> <span class='ocrx_word' id='word_1_53' title='bbox 664 428 764 456; x_wconf 79' lang='lat' dir='ltr'><strong>musici</strong></span> <span class='ocrx_word' id='word_1_54' title='bbox 789 427 890 456; x_wconf 85' lang='lat' dir='ltr'><strong>Taren-</strong></span> 
     </span>
    </p>
   </div>
   <div class='ocr_carea' id='block_1_12' title="bbox 102 473 890 510">
    <p class='ocr_par' dir='ltr' id='par_1_12' title="bbox 102 473 890 510">
     <span class='ocr_line' id='line_1_12' title="bbox 102 473 890 510; baseline 0 -9"><span class='ocrx_word' id='word_1_55' title='bbox 102 474 158 504; x_wconf 86' lang='lat' dir='ltr'><strong>tini,</strong></span> <span class='ocrx_word' id='word_1_56' title='bbox 171 473 293 508; x_wconf 81' lang='lat' dir='ltr'><strong>F.,npud</strong></span> <span class='ocrx_word' id='word_1_57' title='bbox 315 473 516 501; x_wconf 74' lang='lat' dir='ltr'><strong>Mantinernses</strong></span> <span class='ocrx_word' id='word_1_58' title='bbox 533 482 644 510; x_wconf 83' lang='lat' dir='ltr'><strong>operam</strong></span> <span class='ocrx_word' id='word_1_59' title='bbox 670 475 744 502; x_wconf 81' lang='lat' dir='ltr'><strong>dedit</strong></span> <span class='ocrx_word' id='word_1_60' title='bbox 767 474 890 509; x_wconf 90' lang='lat' dir='ltr'><strong>philoso-</strong></span> 
     </span>
    </p>
   </div>
   <div class='ocr_carea' id='block_1_13' title="bbox 102 520 889 557">
    <p class='ocr_par' dir='ltr' id='par_1_13' title="bbox 102 520 889 557">
     <span class='ocr_line' id='line_1_13' title="bbox 102 520 889 557; baseline 0.001 -11"><span class='ocrx_word' id='word_1_61' title='bbox 102 521 166 556; x_wconf 65' lang='lat' dir='ltr'><strong>phim</strong></span> <span class='ocrx_word' id='word_1_62' title='bbox 177 526 202 547; x_wconf 87' lang='lat' dir='ltr'><strong>et</strong></span> <span class='ocrx_word' id='word_1_63' title='bbox 215 520 340 552; x_wconf 67' lang='lat' dir='ltr'><strong>musicae,</strong></span> <span class='ocrx_word' id='word_1_64' title='bbox 355 520 464 547; x_wconf 82' lang='lat' dir='ltr'><strong>auditor</strong></span> <span class='ocrx_word' id='word_1_65' title='bbox 478 522 566 556; x_wconf 79' lang='lat' dir='ltr'><strong>patris</strong></span> <span class='ocrx_word' id='word_1_66' title='bbox 575 520 730 556; x_wconf 84' lang='lat' dir='ltr'><strong>elLampri,</strong></span> <span class='ocrx_word' id='word_1_67' title='bbox 746 521 889 557; x_wconf 57' lang='lat' dir='ltr'><strong>Erythraei,</strong></span> 
     </span>
    </p>
   </div>
   <div class='ocr_carea' id='block_1_14' title="bbox 103 566 890 603">
    <p class='ocr_par' dir='ltr' id='par_1_14' title="bbox 103 566 890 603">
     <span class='ocr_line' id='line_1_14' title="bbox 103 566 890 603; baseline 0.001 -10"><span class='ocrx_word' id='word_1_68' title='bbox 103 567 252 600; x_wconf 72' lang='lat' dir='ltr'><strong>Xenophili,</strong></span> <span class='ocrx_word' id='word_1_69' title='bbox 268 566 443 602; x_wconf 80' lang='lat' dir='ltr'><strong>Pythagorei.</strong></span> <span class='ocrx_word' id='word_1_70' title='bbox 457 572 484 594; x_wconf 89' lang='lat' dir='ltr'><strong>ct</strong></span> <span class='ocrx_word' id='word_1_71' title='bbox 497 567 615 603; x_wconf 85' lang='lat' dir='ltr'><strong>denique</strong></span> <span class='ocrx_word' id='word_1_72' title='bbox 631 568 796 600; x_wconf 72' lang='lat' dir='ltr'><strong>Aristotelis,</strong></span> <span class='ocrx_word' id='word_1_73' title='bbox 809 576 890 602; x_wconf 88' lang='lat' dir='ltr'><strong>quem</strong></span> 
     </span>
    </p>
   </div>
   <div class='ocr_carea' id='block_1_15' title="bbox 101 613 891 649">
    <p class='ocr_par' dir='ltr' id='par_1_15' title="bbox 101 613 891 649">
     <span class='ocr_line' id='line_1_15' title="bbox 101 613 891 649; baseline 0.001 -9"><span class='ocrx_word' id='word_1_74' title='bbox 101 614 253 640; x_wconf 84' lang='lat' dir='ltr'><strong>del&#39;unctum</strong></span> <span class='ocrx_word' id='word_1_75' title='bbox 277 614 411 640; x_wconf 86' lang='lat' dir='ltr'><strong>conviciis</strong></span> <span class='ocrx_word' id='word_1_76' title='bbox 436 613 586 641; x_wconf 88' lang='lat' dir='ltr'><strong>insectatus</strong></span> <span class='ocrx_word' id='word_1_77' title='bbox 611 620 663 646; x_wconf 91' lang='lat' dir='ltr'><strong>est,</strong></span> <span class='ocrx_word' id='word_1_78' title='bbox 692 614 764 649; x_wconf 91' lang='lat' dir='ltr'><strong>quod</strong></span> <span class='ocrx_word' id='word_1_79' title='bbox 790 614 891 641; x_wconf 65' lang='lat' dir='ltr'><strong>SChOiiB</strong></span> 
     </span>
    </p>
   </div>
   <div class='ocr_carea' id='block_1_16' title="bbox 102 659 889 696">
    <p class='ocr_par' dir='ltr' id='par_1_16' title="bbox 102 659 889 696">
     <span class='ocr_line' id='line_1_16' title="bbox 102 659 889 696; baseline 0 -9"><span class='ocrx_word' id='word_1_80' title='bbox 102 668 285 688; x_wconf 78' lang='lat' dir='ltr'><strong>successorem</strong></span> <span class='ocrx_word' id='word_1_81' title='bbox 308 659 533 695; x_wconf 87' lang='lat' dir='ltr'><strong>Theophrastum</strong></span> <span class='ocrx_word' id='word_1_82' title='bbox 565 660 740 696; x_wconf 88' lang='lat' dir='ltr'><strong>reliquisset,</strong></span> <span class='ocrx_word' id='word_1_83' title='bbox 772 668 827 687; x_wconf 88' lang='lat' dir='ltr'><strong>non</strong></span> <span class='ocrx_word' id='word_1_84' title='bbox 850 668 889 693; x_wconf 87' lang='lat' dir='ltr'><strong>se,</strong></span> 
     </span>
    </p>
   </div>
   <div class='ocr_carea' id='block_1_17' title="bbox 104 707 889 743">
    <p class='ocr_par' dir='ltr' id='par_1_17' title="bbox 104 707 889 743">
     <span class='ocr_line' id='line_1_17' title="bbox 104 707 889 743; baseline 0 -9"><span class='ocrx_word' id='word_1_85' title='bbox 104 709 177 743; x_wconf 77' lang='lat' dir='ltr'><strong>cujus</strong></span> <span class='ocrx_word' id='word_1_86' title='bbox 191 713 246 734; x_wconf 89' lang='lat' dir='ltr'><strong>tam</strong></span> <span class='ocrx_word' id='word_1_87' title='bbox 261 716 358 743; x_wconf 79' lang='lat' dir='ltr'><strong>magna</strong></span> <span class='ocrx_word' id='word_1_88' title='bbox 372 712 445 735; x_wconf 89' lang='lat' dir='ltr'><strong>esset</strong></span> <span class='ocrx_word' id='word_1_89' title='bbox 458 708 529 735; x_wconf 89' lang='lat' dir='ltr'><strong>inter</strong></span> <span class='ocrx_word' id='word_1_90' title='bbox 543 708 682 735; x_wconf 79' lang='lat' dir='ltr'><strong>auditores</strong></span> <span class='ocrx_word' id='word_1_91' title='bbox 696 707 782 742; x_wconf 84' lang='lat' dir='ltr'><strong>ipsius</strong></span> <span class='ocrx_word' id='word_1_92' title='bbox 793 708 889 742; x_wconf 80' lang='lat' dir='ltr'><strong>gloria.</strong></span> 
     </span>
    </p>
   </div>
   <div class='ocr_carea' id='block_1_18' title="bbox 103 754 892 790">
    <p class='ocr_par' dir='ltr' id='par_1_18' title="bbox 103 754 892 790">
     <span class='ocr_line' id='line_1_18' title="bbox 103 754 892 790; baseline -0.001 -7"><span class='ocrx_word' id='word_1_93' title='bbox 103 755 223 790; x_wconf 62' lang='lat' dir='ltr'><strong>Equalis</strong></span> <span class='ocrx_word' id='word_1_94' title='bbox 248 755 300 782; x_wconf 77' lang='lat' dir='ltr'><strong>fuit</strong></span> <span class='ocrx_word' id='word_1_95' title='bbox 325 755 486 787; x_wconf 55' lang='lat' dir='ltr'><strong>Dicaearchi,</strong></span> <span class='ocrx_word' id='word_1_96' title='bbox 509 754 655 786; x_wconf 80' lang='lat' dir='ltr'><strong>Messenii,</strong></span> <span class='ocrx_word' id='word_1_97' title='bbox 681 755 715 782; x_wconf 84' lang='lat' dir='ltr'><strong>ab</strong></span> <span class='ocrx_word' id='word_1_98' title='bbox 740 755 892 790; x_wconf 79' lang='lat' dir='ltr'><strong>Olympiade</strong></span> 
     </span>
    </p>
   </div>
   <div class='ocr_carea' id='block_1_19' title="bbox 103 802 891 838">
    <p class='ocr_par' dir='ltr' id='par_1_19' title="bbox 103 802 891 838">
     <span class='ocr_line' id='line_1_19' title="bbox 103 802 891 838; baseline -0.001 -8"><span class='ocrx_word' id='word_1_99' title='bbox 103 803 167 830; x_wconf 74' lang='lat' dir='ltr'><strong>(.Xl.</strong></span> <span class='ocrx_word' id='word_1_100' title='bbox 191 803 365 838; x_wconf 87' lang='lat' dir='ltr'><strong>Conscripsit</strong></span> <span class='ocrx_word' id='word_1_101' title='bbox 391 803 506 835; x_wconf 81' lang='lat' dir='ltr'><strong>musica,</strong></span> <span class='ocrx_word' id='word_1_102' title='bbox 534 802 737 837; x_wconf 80' lang='lat' dir='ltr'><strong>philosophica,</strong></span> <span class='ocrx_word' id='word_1_103' title='bbox 761 802 891 830; x_wconf 80' lang='lat' dir='ltr'><strong>historias</strong></span> 
     </span>
    </p>
   </div>
   <div class='ocr_carea' id='block_1_20' title="bbox 101 834 927 884">
    <p class='ocr_par' dir='ltr' id='par_1_20' title="bbox 101 834 927 884">
     <span class='ocr_line' id='line_1_20' title="bbox 101 834 927 884; baseline 0 -8"><span class='ocrx_word' id='word_1_104' title='bbox 101 855 126 877; x_wconf 90' lang='lat' dir='ltr'><strong>et</strong></span> <span class='ocrx_word' id='word_1_105' title='bbox 146 834 600 884; x_wconf 40' lang='lat' dir='ltr'><strong>omnigenis.eruditionislibros</strong></span> <span class='ocrx_word' id='word_1_106' title='bbox 631 834 788 879; x_wconf 67' lang='lat' dir='ltr'><strong>CCCCLIII.</strong></span> <span class='ocrx_word' id='word_1_107' title='bbox 813 848 890 877; x_wconf 86' lang='lat' dir='ltr'><strong>Alius</strong></span> <span class='ocrx_word' id='word_1_108' title='bbox 908 834 927 860; x_wconf 72' lang='grc' dir='ltr'>Β</span> 
     </span>
    </p>
   </div>
   <div class='ocr_carea' id='block_1_21' title="bbox 100 895 890 931">
    <p class='ocr_par' dir='ltr' id='par_1_21' title="bbox 100 895 890 931">
     <span class='ocr_line' id='line_1_21' title="bbox 100 895 890 931; baseline -0.001 -9"><span class='ocrx_word' id='word_1_109' title='bbox 100 897 282 928; x_wconf 69' lang='lat' dir='ltr'><strong>Aristoxenus,</strong></span> <span class='ocrx_word' id='word_1_110' title='bbox 310 896 471 931; x_wconf 62' lang='lat' dir='ltr'><strong>Cyr-erimus,</strong></span> <span class='ocrx_word' id='word_1_111' title='bbox 503 895 578 922; x_wconf 74' lang='lat' dir='ltr'><strong>luxui</strong></span> <span class='ocrx_word' id='word_1_112' title='bbox 611 895 680 922; x_wconf 88' lang='lat' dir='ltr'><strong>adeo</strong></span> <span class='ocrx_word' id='word_1_113' title='bbox 706 895 833 927; x_wconf 86' lang='lat' dir='ltr'><strong>deditus,</strong></span> <span class='ocrx_word' id='word_1_114' title='bbox 861 899 890 921; x_wconf 91' lang='lat' dir='ltr'><strong>ut</strong></span> 
     </span>
    </p>
   </div>
   <div class='ocr_carea' id='block_1_22' title="bbox 100 939 889 977">
    <p class='ocr_par' dir='ltr' id='par_1_22' title="bbox 100 939 889 977">
     <span class='ocr_line' id='line_1_22' title="bbox 100 939 889 977; baseline -0.001 -8"><span class='ocrx_word' id='word_1_115' title='bbox 100 942 216 970; x_wconf 80' lang='lat' dir='ltr'><strong>lactucas</strong></span> <span class='ocrx_word' id='word_1_116' title='bbox 233 943 260 969; x_wconf 93' lang='lat' dir='ltr'><strong>in</strong></span> <span class='ocrx_word' id='word_1_117' title='bbox 274 943 355 970; x_wconf 89' lang='lat' dir='ltr'><strong>horto</strong></span> <span class='ocrx_word' id='word_1_118' title='bbox 371 950 422 969; x_wconf 89' lang='lat' dir='ltr'><strong>suo</strong></span> <span class='ocrx_word' id='word_1_119' title='bbox 437 942 544 977; x_wconf 75' lang='lat' dir='ltr'><strong>vesperi</strong></span> <span class='ocrx_word' id='word_1_120' title='bbox 559 942 648 969; x_wconf 89' lang='lat' dir='ltr'><strong>mulso</strong></span> <span class='ocrx_word' id='word_1_121' title='bbox 658 939 769 977; x_wconf 78' lang='lat' dir='ltr'><strong>rigaret,</strong></span> <span class='ocrx_word' id='word_1_122' title='bbox 785 941 889 974; x_wconf 76' lang='lat' dir='ltr'><strong>dicens,</strong></span> 
     </span>
    </p>
   </div>
   <div class='ocr_carea' id='block_1_23' title="bbox 98 988 623 1024">
    <p class='ocr_par' dir='ltr' id='par_1_23' title="bbox 98 988 623 1024">
     <span class='ocr_line' id='line_1_23' title="bbox 98 988 623 1024; baseline -0.002 -8"><span class='ocrx_word' id='word_1_123' title='bbox 98 989 192 1016; x_wconf 77' lang='lat' dir='ltr'><strong>virides</strong></span> <span class='ocrx_word' id='word_1_124' title='bbox 215 989 278 1016; x_wconf 89' lang='lat' dir='ltr'><strong>inde</strong></span> <span class='ocrx_word' id='word_1_125' title='bbox 293 989 434 1024; x_wconf 82' lang='lat' dir='ltr'><strong>placentas</strong></span> <span class='ocrx_word' id='word_1_126' title='bbox 452 988 503 1017; x_wconf 83' lang='lat' dir='ltr'><strong>sibi</strong></span> <span class='ocrx_word' id='word_1_127' title='bbox 519 988 623 1018; x_wconf 80' lang='lat' dir='ltr'><strong>enasci.</strong></span> 
     </span>
    </p>
   </div>
   <div class='ocr_carea' id='block_1_24' title="bbox 132 1034 889 1072">
    <p class='ocr_par' dir='ltr' id='par_1_24' title="bbox 132 1034 889 1072">
     <span class='ocr_line' id='line_1_24' title="bbox 132 1034 889 1072; baseline 0 -10"><span class='ocrx_word' id='word_1_128' title='bbox 132 1036 282 1072; x_wconf 87' lang='lat' dir='ltr'><strong>Arnuphis.</strong></span> <span class='ocrx_word' id='word_1_129' title='bbox 297 1035 445 1072; x_wconf 62' lang='lat' dir='ltr'><strong>Egyptius</strong></span> <span class='ocrx_word' id='word_1_130' title='bbox 460 1036 652 1072; x_wconf 82' lang='lat' dir='ltr'><strong>philosophus,</strong></span> <span class='ocrx_word' id='word_1_131' title='bbox 675 1035 722 1070; x_wconf 86' lang='lat' dir='ltr'><strong>qui</strong></span> <span class='ocrx_word' id='word_1_132' title='bbox 746 1034 889 1067; x_wconf 81' lang='lat' dir='ltr'><strong>Romanis,</strong></span> 
     </span>
    </p>
   </div>
   <div class='ocr_carea' id='block_1_25' title="bbox 99 1081 888 1119">
    <p class='ocr_par' dir='ltr' id='par_1_25' title="bbox 99 1081 888 1119">
     <span class='ocr_line' id='line_1_25' title="bbox 99 1081 888 1119; baseline -0.004 -9"><span class='ocrx_word' id='word_1_133' title='bbox 99 1083 139 1110; x_wconf 89' lang='lat' dir='ltr'><strong>siti</strong></span> <span class='ocrx_word' id='word_1_134' title='bbox 163 1083 364 1112; x_wconf 77' lang='lat' dir='ltr'><strong>laborantibus.</strong></span> <span class='ocrx_word' id='word_1_135' title='bbox 391 1087 527 1119; x_wconf 67' lang='lat' dir='ltr'><strong>praesente</strong></span> <span class='ocrx_word' id='word_1_136' title='bbox 548 1081 641 1112; x_wconf 81' lang='lat' dir='ltr'><strong>Marco</strong></span> <span class='ocrx_word' id='word_1_137' title='bbox 660 1082 799 1111; x_wconf 89' lang='lat' dir='ltr'><strong>Antonino</strong></span> <span class='ocrx_word' id='word_1_138' title='bbox 810 1081 888 1115; x_wconf 90' lang='lat' dir='ltr'><strong>imp.,</strong></span> 
     </span>
    </p>
   </div>
   <div class='ocr_carea' id='block_1_26' title="bbox 97 1128 888 1164">
    <p class='ocr_par' dir='ltr' id='par_1_26' title="bbox 97 1128 888 1164">
     <span class='ocr_line' id='line_1_26' title="bbox 97 1128 888 1164; baseline -0.001 -9"><span class='ocrx_word' id='word_1_139' title='bbox 97 1129 194 1156; x_wconf 83' lang='lat' dir='ltr'><strong>dicitur</strong></span> <span class='ocrx_word' id='word_1_140' title='bbox 212 1135 274 1157; x_wconf 89' lang='lat' dir='ltr'><strong>arte</strong></span> <span class='ocrx_word' id='word_1_141' title='bbox 291 1129 414 1164; x_wconf 69' lang='lat' dir='ltr'><strong>coegisse</strong></span> <span class='ocrx_word' id='word_1_142' title='bbox 438 1129 527 1157; x_wconf 84' lang='lat' dir='ltr'><strong>nubes</strong></span> <span class='ocrx_word' id='word_1_143' title='bbox 542 1134 567 1156; x_wconf 84' lang='lat' dir='ltr'><strong>et</strong></span> <span class='ocrx_word' id='word_1_144' title='bbox 585 1128 700 1156; x_wconf 85' lang='lat' dir='ltr'><strong>imbrem</strong></span> <span class='ocrx_word' id='word_1_145' title='bbox 715 1128 888 1155; x_wconf 88' lang='lat' dir='ltr'><strong>conciliasse.</strong></span> 
     </span>
    </p>
   </div>
   <div class='ocr_carea' id='block_1_27' title="bbox 97 1173 838 1208">
    <p class='ocr_par' dir='ltr' id='par_1_27' title="bbox 97 1173 838 1208">
     <span class='ocr_line' id='line_1_27' title="bbox 97 1173 838 1208; baseline -0.003 -6"><span class='ocrx_word' id='word_1_146' title='bbox 97 1175 146 1202; x_wconf 85' lang='lat' dir='ltr'><strong>Alii</strong></span> <span class='ocrx_word' id='word_1_147' title='bbox 165 1175 255 1207; x_wconf 76' lang='lat' dir='ltr'><strong>aiunt.</strong></span> <span class='ocrx_word' id='word_1_148' title='bbox 279 1176 331 1204; x_wconf 87' lang='lat' dir='ltr'><strong>hoc</strong></span> <span class='ocrx_word' id='word_1_149' title='bbox 351 1175 476 1202; x_wconf 77' lang='lat' dir='ltr'><strong>eﬂecisse</strong></span> <span class='ocrx_word' id='word_1_150' title='bbox 493 1174 652 1208; x_wconf 70' lang='lat' dir='ltr'><strong>lulianum,</strong></span> <span class='ocrx_word' id='word_1_151' title='bbox 667 1173 838 1201; x_wconf 69' lang='lat' dir='ltr'><strong>Chaldaeum.</strong></span> 
     </span>
    </p>
   </div>
   <div class='ocr_carea' id='block_1_28' title="bbox 131 1222 477 1255">
    <p class='ocr_par' dir='ltr' id='par_1_28' title="bbox 131 1222 477 1255">
     <span class='ocr_line' id='line_1_28' title="bbox 131 1222 477 1255; baseline 0 -6"><span class='ocrx_word' id='word_1_152' title='bbox 131 1222 294 1255; x_wconf 81' lang='lat' dir='ltr'><strong>Arrln-sius,</strong></span> <span class='ocrx_word' id='word_1_153' title='bbox 315 1222 477 1251; x_wconf 73' lang='lat' dir='ltr'><strong>monachus.</strong></span> 
     </span>
    </p>
   </div>
   <div class='ocr_carea' id='block_1_29' title="bbox 130 1267 891 1304">
    <p class='ocr_par' dir='ltr' id='par_1_29' title="bbox 130 1267 891 1304">
     <span class='ocr_line' id='line_1_29' title="bbox 130 1267 891 1304; baseline 0 -9"><span class='ocrx_word' id='word_1_154' title='bbox 130 1270 281 1299; x_wconf 84' lang='lat' dir='ltr'><strong>Arrianus.</strong></span> <span class='ocrx_word' id='word_1_155' title='bbox 298 1273 377 1304; x_wconf 85' lang='lat' dir='ltr'><strong>poeta</strong></span> <span class='ocrx_word' id='word_1_156' title='bbox 393 1268 498 1303; x_wconf 89' lang='lat' dir='ltr'><strong>epicus,</strong></span> <span class='ocrx_word' id='word_1_157' title='bbox 514 1267 641 1295; x_wconf 84' lang='lat' dir='ltr'><strong>versibus</strong></span> <span class='ocrx_word' id='word_1_158' title='bbox 653 1267 755 1295; x_wconf 63' lang='lat' dir='ltr'><strong>Gracia</strong></span> <span class='ocrx_word' id='word_1_159' title='bbox 771 1267 891 1295; x_wconf 82' lang='lat' dir='ltr'><strong>heroicis</strong></span> 
     </span>
    </p>
   </div>
   <div class='ocr_carea' id='block_1_30' title="bbox 96 1315 890 1351">
    <p class='ocr_par' dir='ltr' id='par_1_30' title="bbox 96 1315 890 1351">
     <span class='ocr_line' id='line_1_30' title="bbox 96 1315 890 1351; baseline -0.001 -9"><span class='ocrx_word' id='word_1_160' title='bbox 96 1315 207 1351; x_wconf 79' lang='lat' dir='ltr'><strong>Georgia</strong></span> <span class='ocrx_word' id='word_1_161' title='bbox 223 1315 331 1351; x_wconf 70' lang='lat' dir='ltr'><strong>Virgilii</strong></span> <span class='ocrx_word' id='word_1_162' title='bbox 350 1315 479 1346; x_wconf 86' lang='lat' dir='ltr'><strong>reddidit,</strong></span> <span class='ocrx_word' id='word_1_163' title='bbox 494 1315 660 1350; x_wconf 82' lang='lat' dir='ltr'><strong>scripsitque</strong></span> <span class='ocrx_word' id='word_1_164' title='bbox 679 1315 890 1349; x_wconf 78' lang='grc' dir='ltr'>Ἀλεξανδριάδα</span> 
     </span>
    </p>
   </div>
   <div class='ocr_carea' id='block_1_31' title="bbox 99 1360 891 1397">
    <p class='ocr_par' dir='ltr' id='par_1_31' title="bbox 99 1360 891 1397">
     <span class='ocr_line' id='line_1_31' title="bbox 99 1360 891 1397; baseline -0.003 -7"><span class='ocrx_word' id='word_1_165' title='bbox 99 1362 152 1390; x_wconf 64' lang='lat' dir='ltr'><strong>sive</strong></span> <span class='ocrx_word' id='word_1_166' title='bbox 166 1363 198 1388; x_wconf 86' lang='lat' dir='ltr'><strong>de</strong></span> <span class='ocrx_word' id='word_1_167' title='bbox 214 1364 299 1389; x_wconf 84' lang='lat' dir='ltr'><strong>rebus</strong></span> <span class='ocrx_word' id='word_1_168' title='bbox 312 1362 395 1397; x_wconf 72' lang='lat' dir='ltr'><strong>gestis</strong></span> <span class='ocrx_word' id='word_1_169' title='bbox 410 1360 557 1389; x_wconf 81' lang='lat' dir='ltr'><strong>Alexandri</strong></span> <span class='ocrx_word' id='word_1_170' title='bbox 569 1361 732 1396; x_wconf 77' lang='lat' dir='ltr'><strong>rhapsodias</strong></span> <span class='ocrx_word' id='word_1_171' title='bbox 746 1360 847 1394; x_wconf 76' lang='lat' dir='ltr'><strong>XXIV;</strong></span> <span class='ocrx_word' id='word_1_172' title='bbox 864 1365 891 1388; x_wconf 90' lang='lat' dir='ltr'><strong>ct</strong></span> 
     </span>
    </p>
   </div>
   <div class='ocr_carea' id='block_1_32' title="bbox 99 1406 657 1443">
    <p class='ocr_par' dir='ltr' id='par_1_32' title="bbox 99 1406 657 1443">
     <span class='ocr_line' id='line_1_32' title="bbox 99 1406 657 1443; baseline -0.004 -7"><span class='ocrx_word' id='word_1_173' title='bbox 99 1407 124 1436; x_wconf 75' lang='lat' dir='ltr'><strong>in</strong></span> <span class='ocrx_word' id='word_1_174' title='bbox 139 1408 272 1441; x_wconf 80' lang='lat' dir='ltr'><strong>Attalum,</strong></span> <span class='ocrx_word' id='word_1_175' title='bbox 297 1406 505 1443; x_wconf 70' lang='lat' dir='ltr'><strong>Pergamenum,</strong></span> <span class='ocrx_word' id='word_1_176' title='bbox 521 1412 657 1442; x_wconf 77' lang='lat' dir='ltr'><strong>poemata.</strong></span> 
     </span>
    </p>
   </div>
   <div class='ocr_carea' id='block_1_33' title="bbox 130 1453 890 1491">
    <p class='ocr_par' dir='ltr' id='par_1_33' title="bbox 130 1453 890 1491">
     <span class='ocr_line' id='line_1_33' title="bbox 130 1453 890 1491; baseline -0.001 -9"><span class='ocrx_word' id='word_1_177' title='bbox 130 1455 276 1486; x_wconf 84' lang='lat' dir='ltr'><strong>Arrianus,</strong></span> <span class='ocrx_word' id='word_1_178' title='bbox 303 1453 531 1488; x_wconf 82' lang='lat' dir='ltr'><strong>Nicomediensis,</strong></span> <span class='ocrx_word' id='word_1_179' title='bbox 554 1453 735 1490; x_wconf 88' lang='lat' dir='ltr'><strong>philosophus</strong></span> <span class='ocrx_word' id='word_1_180' title='bbox 762 1454 890 1491; x_wconf 76' lang='grc' dir='ltr'><strong>Ἐπικτή-</strong></span> 
     </span>
    </p>
   </div>
   <div class='ocr_carea' id='block_1_34' title="bbox 939 196 1736 237">
    <p class='ocr_par' dir='ltr' id='par_1_34' title="bbox 939 196 1736 237">
     <span class='ocr_line' id='line_1_34' title="bbox 939 196 1736 237; baseline 0.005 -12"><span class='ocrx_word' id='word_1_181' title='bbox 939 198 993 226; x_wconf 79' lang='lat' dir='ltr'><strong>bris</strong></span> <span class='ocrx_word' id='word_1_182' title='bbox 1007 198 1099 226; x_wconf 73' lang='lat' dir='ltr'><strong><em>XVII.</em></strong></span> <span class='ocrx_word' id='word_1_183' title='bbox 1115 196 1199 230; x_wconf 79' lang='grc' dir='ltr'>Οὗτος</span> <span class='ocrx_word' id='word_1_184' title='bbox 1215 200 1322 235; x_wconf 78' lang='grc' dir='ltr'>πρῶτος</span> <span class='ocrx_word' id='word_1_185' title='bbox 1341 200 1501 237; x_wconf 76' lang='grc' dir='ltr'>Ἑλληνικὴν</span> <span class='ocrx_word' id='word_1_186' title='bbox 1520 201 1643 237; x_wconf 83' lang='grc' dir='ltr'><strong>ἱστορίαν</strong></span> <span class='ocrx_word' id='word_1_187' title='bbox 1669 201 1736 228; x_wconf 82' lang='grc' dir='ltr'><strong>Ῥιν-</strong></span> 
     </span>
    </p>
   </div>
   <div class='ocr_carea' id='block_1_35' title="bbox 940 243 1736 279">
    <p class='ocr_par' dir='ltr' id='par_1_35' title="bbox 940 243 1736 279">
     <span class='ocr_line' id='line_1_35' title="bbox 940 243 1736 279; baseline 0.004 -9"><span class='ocrx_word' id='word_1_188' title='bbox 940 243 1047 279; x_wconf 76' lang='grc' dir='ltr'><strong>μαῖκῶς</strong></span> <span class='ocrx_word' id='word_1_189' title='bbox 1077 243 1277 279; x_wconf 67' lang='grc' dir='ltr'>συνεγράψατο.</span> <span class='ocrx_word' id='word_1_190' title='bbox 1312 243 1420 272; x_wconf 79' lang='lat' dir='ltr'><strong>Primus</strong></span> <span class='ocrx_word' id='word_1_191' title='bbox 1447 245 1587 273; x_wconf 78' lang='lat' dir='ltr'><strong>historiam</strong></span> <span class='ocrx_word' id='word_1_192' title='bbox 1615 244 1736 273; x_wconf 78' lang='lat' dir='ltr'><strong>Grcuam</strong></span> 
     </span>
    </p>
   </div>
   <div class='ocr_carea' id='block_1_36' title="bbox 939 290 1735 329">
    <p class='ocr_par' dir='ltr' id='par_1_36' title="bbox 939 290 1735 329">
     <span class='ocr_line' id='line_1_36' title="bbox 939 290 1735 329; baseline 0.005 -12"><span class='ocrx_word' id='word_1_193' title='bbox 939 291 1009 326; x_wconf 82' lang='lat' dir='ltr'><strong>stylo</strong></span> <span class='ocrx_word' id='word_1_194' title='bbox 1024 290 1120 318; x_wconf 87' lang='lat' dir='ltr'><strong>Latino</strong></span> <span class='ocrx_word' id='word_1_195' title='bbox 1135 292 1255 318; x_wconf 80' lang='lat' dir='ltr'><strong>tradidit.</strong></span> <span class='ocrx_word' id='word_1_196' title='bbox 1266 291 1347 319; x_wconf 73' lang='lat' dir='ltr'><strong>FABR.</strong></span> <span class='ocrx_word' id='word_1_197' title='bbox 1364 307 1399 312; x_wconf 90' lang='lat'><strong>—-</strong></span> <span class='ocrx_word' id='word_1_198' title='bbox 1411 292 1449 320; x_wconf 85' lang='lat' dir='ltr'><strong>De</strong></span> <span class='ocrx_word' id='word_1_199' title='bbox 1464 301 1496 321; x_wconf 86' lang='lat' dir='ltr'><strong>eo</strong></span> <span class='ocrx_word' id='word_1_200' title='bbox 1512 293 1637 328; x_wconf 83' lang='lat' dir='ltr'><strong>pluribus</strong></span> <span class='ocrx_word' id='word_1_201' title='bbox 1647 294 1688 329; x_wconf 81' lang='lat' dir='ltr'><strong>egi</strong></span> <span class='ocrx_word' id='word_1_202' title='bbox 1708 294 1735 321; x_wconf 92' lang='lat' dir='ltr'><strong>in</strong></span> 
     </span>
    </p>
   </div>
   <div class='ocr_carea' id='block_1_37' title="bbox 940 336 1733 373">
    <p class='ocr_par' dir='ltr' id='par_1_37' title="bbox 940 336 1733 373">
     <span class='ocr_line' id='line_1_37' title="bbox 940 336 1733 373; baseline 0.004 -10"><span class='ocrx_word' id='word_1_203' title='bbox 940 336 1090 365; x_wconf 72' lang='lat' dir='ltr'><strong>Introduct.</strong></span> <span class='ocrx_word' id='word_1_204' title='bbox 1115 339 1142 366; x_wconf 89' lang='lat' dir='ltr'><strong>in</strong></span> <span class='ocrx_word' id='word_1_205' title='bbox 1168 340 1295 366; x_wconf 89' lang='lat' dir='ltr'><strong>notitiam</strong></span> <span class='ocrx_word' id='word_1_206' title='bbox 1326 340 1438 368; x_wconf 89' lang='lat' dir='ltr'><strong>litterat.</strong></span> <span class='ocrx_word' id='word_1_207' title='bbox 1460 340 1590 367; x_wconf 66' lang='lat' dir='ltr'><strong>Romanis</strong></span> <span class='ocrx_word' id='word_1_208' title='bbox 1611 345 1676 368; x_wconf 87' lang='lat' dir='ltr'><strong>tum.</strong></span> <span class='ocrx_word' id='word_1_209' title='bbox 1701 339 1733 373; x_wconf 87' lang='lat' dir='ltr'><strong>ll,</strong></span> 
     </span>
    </p>
   </div>
   <div class='ocr_carea' id='block_1_38' title="bbox 939 385 1273 421">
    <p class='ocr_par' dir='ltr' id='par_1_38' title="bbox 939 385 1273 421">
     <span class='ocr_line' id='line_1_38' title="bbox 939 385 1273 421; baseline 0.012 -11"><span class='ocrx_word' id='word_1_210' title='bbox 939 393 1001 420; x_wconf 83' lang='lat' dir='ltr'><strong>pag.</strong></span> <span class='ocrx_word' id='word_1_211' title='bbox 1024 385 1074 412; x_wconf 77' lang='lat'><strong>257</strong></span> <span class='ocrx_word' id='word_1_212' title='bbox 1097 394 1158 421; x_wconf 87' lang='lat' dir='ltr'><strong>sqq.</strong></span> <span class='ocrx_word' id='word_1_213' title='bbox 1184 386 1273 414; x_wconf 73' lang='lat' dir='ltr'><strong>&quot;AN...</strong></span> 
     </span>
    </p>
   </div>
   <div class='ocr_carea' id='block_1_39' title="bbox 975 430 1734 467">
    <p class='ocr_par' dir='ltr' id='par_1_39' title="bbox 975 430 1734 467">
     <span class='ocr_line' id='line_1_39' title="bbox 975 430 1734 467; baseline 0.003 -9"><span class='ocrx_word' id='word_1_214' title='bbox 975 430 1105 466; x_wconf 80' lang='lat' dir='ltr'><strong>Aspasia,</strong></span> <span class='ocrx_word' id='word_1_215' title='bbox 1123 432 1239 465; x_wconf 68' lang='lat' dir='ltr'><strong>Milesia,</strong></span> <span class='ocrx_word' id='word_1_216' title='bbox 1257 432 1357 464; x_wconf 79' lang='lat' dir='ltr'><strong>femina</strong></span> <span class='ocrx_word' id='word_1_217' title='bbox 1369 433 1546 460; x_wconf 84' lang='lat' dir='ltr'><strong>celeberrima</strong></span> <span class='ocrx_word' id='word_1_218' title='bbox 1561 437 1587 460; x_wconf 91' lang='lat' dir='ltr'><strong>et</strong></span> <span class='ocrx_word' id='word_1_219' title='bbox 1602 433 1734 467; x_wconf 75' lang='lat' dir='ltr'><strong>singulari</strong></span> 
     </span>
    </p>
   </div>
   <div class='ocr_carea' id='block_1_40' title="bbox 941 476 1736 513">
    <p class='ocr_par' dir='ltr' id='par_1_40' title="bbox 941 476 1736 513">
     <span class='ocr_line' id='line_1_40' title="bbox 941 476 1736 513; baseline 0.001 -10"><span class='ocrx_word' id='word_1_220' title='bbox 941 476 1098 512; x_wconf 79' lang='lat' dir='ltr'><strong>eloquentia</strong></span> <span class='ocrx_word' id='word_1_221' title='bbox 1129 478 1251 512; x_wconf 67' lang='lat' dir='ltr'><strong>pririlita,</strong></span> <span class='ocrx_word' id='word_1_222' title='bbox 1281 478 1441 513; x_wconf 84' lang='lat' dir='ltr'><strong>sophistria,</strong></span> <span class='ocrx_word' id='word_1_223' title='bbox 1466 477 1622 509; x_wconf 74' lang='grc' dir='ltr'>διδάσκαλος</span> <span class='ocrx_word' id='word_1_224' title='bbox 1647 478 1736 511; x_wconf 80' lang='grc' dir='ltr'>λόγων</span> 
     </span>
    </p>
   </div>
   <div class='ocr_carea' id='block_1_41' title="bbox 943 523 1737 560">
    <p class='ocr_par' dir='ltr' id='par_1_41' title="bbox 943 523 1737 560">
     <span class='ocr_line' id='line_1_41' title="bbox 943 523 1737 560; baseline 0.001 -11"><span class='ocrx_word' id='word_1_225' title='bbox 943 524 1109 559; x_wconf 73' lang='grc' dir='ltr'><strong>ῥητορικῶν,</strong></span> <span class='ocrx_word' id='word_1_226' title='bbox 1125 525 1255 560; x_wconf 60' lang='lat' dir='ltr'><strong>magistra</strong></span> <span class='ocrx_word' id='word_1_227' title='bbox 1273 529 1299 552; x_wconf 88' lang='lat' dir='ltr'><strong>et</strong></span> <span class='ocrx_word' id='word_1_228' title='bbox 1317 524 1405 552; x_wconf 82' lang='lat' dir='ltr'><strong>amica</strong></span> <span class='ocrx_word' id='word_1_229' title='bbox 1427 523 1542 551; x_wconf 84' lang='lat' dir='ltr'><strong>Pcriclis</strong></span> <span class='ocrx_word' id='word_1_230' title='bbox 1564 528 1591 550; x_wconf 87' lang='lat' dir='ltr'><strong>et</strong></span> <span class='ocrx_word' id='word_1_231' title='bbox 1608 531 1677 551; x_wconf 71' lang='lat' dir='ltr'><strong>uxm&#39;</strong></span> <span class='ocrx_word' id='word_1_232' title='bbox 1690 524 1737 550; x_wconf 86' lang='lat' dir='ltr'><strong>de-</strong></span> 
     </span>
    </p>
   </div>
   <div class='ocr_carea' id='block_1_42' title="bbox 942 570 1738 605">
    <p class='ocr_par' dir='ltr' id='par_1_42' title="bbox 942 570 1738 605">
     <span class='ocr_line' id='line_1_42' title="bbox 942 570 1738 605; baseline 0.003 -8"><span class='ocrx_word' id='word_1_233' title='bbox 942 571 1037 605; x_wconf 92' lang='lat' dir='ltr'><strong>nique,</strong></span> <span class='ocrx_word' id='word_1_234' title='bbox 1063 578 1124 605; x_wconf 61' lang='lat' dir='ltr'><strong>quae</strong></span> <span class='ocrx_word' id='word_1_235' title='bbox 1146 571 1265 598; x_wconf 88' lang='lat' dir='ltr'><strong>duorum</strong></span> <span class='ocrx_word' id='word_1_236' title='bbox 1291 571 1438 604; x_wconf 80' lang='lat' dir='ltr'><strong>bellarum,</strong></span> <span class='ocrx_word' id='word_1_237' title='bbox 1464 570 1582 598; x_wconf 85' lang='lat' dir='ltr'><strong>Samiaci</strong></span> <span class='ocrx_word' id='word_1_238' title='bbox 1608 575 1635 599; x_wconf 89' lang='lat' dir='ltr'><strong>et</strong></span> <span class='ocrx_word' id='word_1_239' title='bbox 1660 570 1738 599; x_wconf 81' lang='lat' dir='ltr'><strong>Pelo-</strong></span> 
     </span>
    </p>
   </div>
   <div class='ocr_carea' id='block_1_43' title="bbox 941 616 1737 652">
    <p class='ocr_par' dir='ltr' id='par_1_43' title="bbox 941 616 1737 652">
     <span class='ocr_line' id='line_1_43' title="bbox 941 616 1737 652; baseline 0 -9"><span class='ocrx_word' id='word_1_240' title='bbox 941 617 1113 652; x_wconf 54' lang='lat' dir='ltr'><strong>ponnesiaci,</strong></span> <span class='ocrx_word' id='word_1_241' title='bbox 1132 624 1216 644; x_wconf 83' lang='lat' dir='ltr'><strong>causa</strong></span> <span class='ocrx_word' id='word_1_242' title='bbox 1242 616 1329 645; x_wconf 75' lang='lat' dir='ltr'><strong>fuisse</strong></span> <span class='ocrx_word' id='word_1_243' title='bbox 1349 617 1479 650; x_wconf 79' lang='lat' dir='ltr'><strong>traditur,</strong></span> <span class='ocrx_word' id='word_1_244' title='bbox 1502 622 1529 645; x_wconf 88' lang='lat' dir='ltr'><strong>et</strong></span> <span class='ocrx_word' id='word_1_245' title='bbox 1549 625 1583 644; x_wconf 82' lang='lat' dir='ltr'><strong>ex</strong></span> <span class='ocrx_word' id='word_1_246' title='bbox 1608 624 1662 651; x_wconf 86' lang='lat' dir='ltr'><strong>qua</strong></span> <span class='ocrx_word' id='word_1_247' title='bbox 1685 616 1737 643; x_wconf 85' lang='lat' dir='ltr'><strong>Pe-</strong></span> 
     </span>
    </p>
   </div>
   <div class='ocr_carea' id='block_1_44' title="bbox 943 663 1739 699">
    <p class='ocr_par' dir='ltr' id='par_1_44' title="bbox 943 663 1739 699">
     <span class='ocr_line' id='line_1_44' title="bbox 943 663 1739 699; baseline -0.001 -7"><span class='ocrx_word' id='word_1_248' title='bbox 943 664 1024 692; x_wconf 85' lang='lat' dir='ltr'><strong>ricles</strong></span> <span class='ocrx_word' id='word_1_249' title='bbox 1047 664 1155 696; x_wconf 84' lang='lat' dir='ltr'><strong>ﬁlium.</strong></span> <span class='ocrx_word' id='word_1_250' title='bbox 1179 663 1232 692; x_wconf 83' lang='lat' dir='ltr'><strong>sibi</strong></span> <span class='ocrx_word' id='word_1_251' title='bbox 1259 666 1472 699; x_wconf 80' lang='lat' dir='ltr'><strong>cognominem,</strong></span> <span class='ocrx_word' id='word_1_252' title='bbox 1501 663 1634 698; x_wconf 56' lang='lat' dir='ltr'><strong>suscepit.</strong></span> <span class='ocrx_word' id='word_1_253' title='bbox 1673 663 1739 691; x_wconf 87' lang='lat' dir='ltr'><strong>Fuit</strong></span> 
     </span>
    </p>
   </div>
   <div class='ocr_carea' id='block_1_45' title="bbox 942 710 1700 745">
    <p class='ocr_par' dir='ltr' id='par_1_45' title="bbox 942 710 1700 745">
     <span class='ocr_line' id='line_1_45' title="bbox 942 710 1700 745; baseline 0 -8"><span class='ocrx_word' id='word_1_254' title='bbox 942 715 970 738; x_wconf 90' lang='lat' dir='ltr'><strong>et</strong></span> <span class='ocrx_word' id='word_1_255' title='bbox 986 711 1084 742; x_wconf 87' lang='lat' dir='ltr'><strong>altera,</strong></span> <span class='ocrx_word' id='word_1_256' title='bbox 1106 710 1250 744; x_wconf 81' lang='lat' dir='ltr'><strong>meretrix,</strong></span> <span class='ocrx_word' id='word_1_257' title='bbox 1267 711 1302 738; x_wconf 90' lang='lat' dir='ltr'><strong>ab</strong></span> <span class='ocrx_word' id='word_1_258' title='bbox 1317 711 1431 745; x_wconf 83' lang='lat' dir='ltr'><strong>Aspasia</strong></span> <span class='ocrx_word' id='word_1_259' title='bbox 1450 710 1563 738; x_wconf 85' lang='lat' dir='ltr'><strong>Periclis</strong></span> <span class='ocrx_word' id='word_1_260' title='bbox 1580 711 1700 737; x_wconf 77' lang='lat' dir='ltr'><strong>divorsa.</strong></span> 
     </span>
    </p>
   </div>
   <div class='ocr_carea' id='block_1_46' title="bbox 979 757 1738 793">
    <p class='ocr_par' dir='ltr' id='par_1_46' title="bbox 979 757 1738 793">
     <span class='ocr_line' id='line_1_46' title="bbox 979 757 1738 793; baseline -0.001 -8"><span class='ocrx_word' id='word_1_261' title='bbox 979 758 1131 793; x_wconf 85' lang='lat' dir='ltr'><strong>Aspasius,</strong></span> <span class='ocrx_word' id='word_1_262' title='bbox 1156 758 1284 793; x_wconf 83' lang='lat' dir='ltr'><strong>Byblius,</strong></span> <span class='ocrx_word' id='word_1_263' title='bbox 1313 757 1448 791; x_wconf 85' lang='lat' dir='ltr'><strong>sophista.</strong></span> <span class='ocrx_word' id='word_1_264' title='bbox 1468 758 1583 792; x_wconf 81' lang='lat' dir='ltr'><strong>aequalis</strong></span> <span class='ocrx_word' id='word_1_265' title='bbox 1608 757 1738 785; x_wconf 83' lang='lat' dir='ltr'><strong>Aristidis</strong></span> 
     </span>
    </p>
   </div>
   <div class='ocr_carea' id='block_1_47' title="bbox 943 804 1739 840">
    <p class='ocr_par' dir='ltr' id='par_1_47' title="bbox 943 804 1739 840">
     <span class='ocr_line' id='line_1_47' title="bbox 943 804 1739 840; baseline -0.003 -8"><span class='ocrx_word' id='word_1_266' title='bbox 943 809 972 832; x_wconf 85' lang='lat' dir='ltr'><strong>et</strong></span> <span class='ocrx_word' id='word_1_267' title='bbox 993 804 1117 837; x_wconf 80' lang='lat' dir='ltr'><strong>Adriani,</strong></span> <span class='ocrx_word' id='word_1_268' title='bbox 1142 805 1255 840; x_wconf 87' lang='lat' dir='ltr'><strong>scripsit</strong></span> <span class='ocrx_word' id='word_1_269' title='bbox 1276 805 1309 832; x_wconf 77' lang='lat' dir='ltr'><strong>de</strong></span> <span class='ocrx_word' id='word_1_270' title='bbox 1324 804 1420 839; x_wconf 81' lang='lat' dir='ltr'><strong>Byblo,</strong></span> <span class='ocrx_word' id='word_1_271' title='bbox 1436 805 1501 839; x_wconf 75' lang='grc' dir='ltr'>περὶ</span> <span class='ocrx_word' id='word_1_272' title='bbox 1518 804 1641 831; x_wconf 82' lang='grc' dir='ltr'><strong>στάσεων</strong></span> <span class='ocrx_word' id='word_1_273' title='bbox 1653 805 1739 839; x_wconf 78' lang='grc' dir='ltr'><strong>ἐσχη-</strong></span> 
     </span>
    </p>
   </div>
   <div class='ocr_carea' id='block_1_48' title="bbox 943 851 1739 886">
    <p class='ocr_par' dir='ltr' id='par_1_48' title="bbox 943 851 1739 886">
     <span class='ocr_line' id='line_1_48' title="bbox 943 851 1739 886; baseline 0.001 -9"><span class='ocrx_word' id='word_1_274' title='bbox 943 852 1132 886; x_wconf 81' lang='grc' dir='ltr'>ματισμένων,</span> <span class='ocrx_word' id='word_1_275' title='bbox 1153 852 1185 878; x_wconf 82' lang='lat' dir='ltr'><strong>de</strong></span> <span class='ocrx_word' id='word_1_276' title='bbox 1204 851 1319 878; x_wconf 75' lang='lat' dir='ltr'><strong>statibus</strong></span> <span class='ocrx_word' id='word_1_277' title='bbox 1337 852 1479 886; x_wconf 75' lang='lat' dir='ltr'><strong>ﬁguratis;</strong></span> <span class='ocrx_word' id='word_1_278' title='bbox 1496 851 1622 886; x_wconf 80' lang='grc' dir='ltr'><strong>μελέτας,</strong></span> <span class='ocrx_word' id='word_1_279' title='bbox 1649 851 1739 878; x_wconf 80' lang='lat' dir='ltr'><strong>decla-</strong></span> 
     </span>
    </p>
   </div>
   <div class='ocr_carea' id='block_1_49' title="bbox 942 898 1736 934">
    <p class='ocr_par' dir='ltr' id='par_1_49' title="bbox 942 898 1736 934">
     <span class='ocr_line' id='line_1_49' title="bbox 942 898 1736 934; baseline 0 -9"><span class='ocrx_word' id='word_1_280' title='bbox 942 898 1091 930; x_wconf 84' lang='lat' dir='ltr'><strong>mationes;</strong></span> <span class='ocrx_word' id='word_1_281' title='bbox 1110 898 1216 934; x_wconf 82' lang='grc' dir='ltr'>Τέχνας</span> <span class='ocrx_word' id='word_1_282' title='bbox 1238 903 1322 925; x_wconf 84' lang='lat' dir='ltr'><strong>artem</strong></span> <span class='ocrx_word' id='word_1_283' title='bbox 1338 899 1513 931; x_wconf 79' lang='lat' dir='ltr'><strong>rhetoricam;</strong></span> <span class='ocrx_word' id='word_1_284' title='bbox 1539 899 1736 934; x_wconf 71' lang='grc' dir='ltr'>ὑπομνήματα.</span> 
     </span>
    </p>
   </div>
   <div class='ocr_carea' id='block_1_50' title="bbox 941 945 1737 977">
    <p class='ocr_par' dir='ltr' id='par_1_50' title="bbox 941 945 1737 977">
     <span class='ocr_line' id='line_1_50' title="bbox 941 945 1737 977; baseline 0.001 -6"><span class='ocrx_word' id='word_1_285' title='bbox 941 945 1164 977; x_wconf 75' lang='lat' dir='ltr'><strong>commentarios;</strong></span> <span class='ocrx_word' id='word_1_286' title='bbox 1198 945 1313 977; x_wconf 78' lang='grc' dir='ltr'>λαλιὰς,</span> <span class='ocrx_word' id='word_1_287' title='bbox 1347 953 1492 972; x_wconf 77' lang='lat' dir='ltr'><strong>sermones.</strong></span> <span class='ocrx_word' id='word_1_288' title='bbox 1528 945 1683 972; x_wconf 76' lang='lat' dir='ltr'><strong>Encomium</strong></span> <span class='ocrx_word' id='word_1_289' title='bbox 1708 946 1737 972; x_wconf 86' lang='lat' dir='ltr'><strong>in</strong></span> 
     </span>
    </p>
   </div>
   <div class='ocr_carea' id='block_1_51' title="bbox 940 991 1505 1027">
    <p class='ocr_par' dir='ltr' id='par_1_51' title="bbox 940 991 1505 1027">
     <span class='ocr_line' id='line_1_51' title="bbox 940 991 1505 1027; baseline 0 -9"><span class='ocrx_word' id='word_1_290' title='bbox 940 991 1089 1018; x_wconf 79' lang='lat' dir='ltr'><strong>Adriauum</strong></span> <span class='ocrx_word' id='word_1_291' title='bbox 1112 993 1175 1025; x_wconf 80' lang='lat' dir='ltr'><strong>imp.</strong></span> <span class='ocrx_word' id='word_1_292' title='bbox 1195 996 1220 1018; x_wconf 81' lang='lat' dir='ltr'><strong>et</strong></span> <span class='ocrx_word' id='word_1_293' title='bbox 1235 992 1263 1018; x_wconf 89' lang='lat' dir='ltr'><strong>in</strong></span> <span class='ocrx_word' id='word_1_294' title='bbox 1281 992 1349 1019; x_wconf 82' lang='lat' dir='ltr'><strong>alios</strong></span> <span class='ocrx_word' id='word_1_295' title='bbox 1365 992 1505 1027; x_wconf 82' lang='lat' dir='ltr'><strong>quosdam.</strong></span> 
     </span>
    </p>
   </div>
   <div class='ocr_carea' id='block_1_52' title="bbox 980 1037 1739 1074">
    <p class='ocr_par' dir='ltr' id='par_1_52' title="bbox 980 1037 1739 1074">
     <span class='ocr_line' id='line_1_52' title="bbox 980 1037 1739 1074; baseline -0.001 -9"><span class='ocrx_word' id='word_1_296' title='bbox 980 1040 1124 1072; x_wconf 82' lang='lat' dir='ltr'><strong>Aspasius,</strong></span> <span class='ocrx_word' id='word_1_297' title='bbox 1142 1037 1251 1074; x_wconf 83' lang='lat' dir='ltr'><strong>Tyrius,</strong></span> <span class='ocrx_word' id='word_1_298' title='bbox 1271 1038 1395 1073; x_wconf 86' lang='lat' dir='ltr'><strong>sophista</strong></span> <span class='ocrx_word' id='word_1_299' title='bbox 1413 1043 1438 1065; x_wconf 88' lang='lat' dir='ltr'><strong>et</strong></span> <span class='ocrx_word' id='word_1_300' title='bbox 1454 1038 1613 1070; x_wconf 77' lang='lat' dir='ltr'><strong>historicus,</strong></span> <span class='ocrx_word' id='word_1_301' title='bbox 1627 1038 1739 1073; x_wconf 77' lang='lat' dir='ltr'><strong>scripsit</strong></span> 
     </span>
    </p>
   </div>
   <div class='ocr_carea' id='block_1_53' title="bbox 940 1083 1739 1120">
    <p class='ocr_par' dir='ltr' id='par_1_53' title="bbox 940 1083 1739 1120">
     <span class='ocr_line' id='line_1_53' title="bbox 940 1083 1739 1120; baseline -0.004 -5"><span class='ocrx_word' id='word_1_302' title='bbox 940 1087 972 1115; x_wconf 78' lang='lat' dir='ltr'><strong>de</strong></span> <span class='ocrx_word' id='word_1_303' title='bbox 984 1085 1065 1120; x_wconf 87' lang='lat' dir='ltr'><strong>Epiro</strong></span> <span class='ocrx_word' id='word_1_304' title='bbox 1076 1089 1100 1111; x_wconf 89' lang='lat' dir='ltr'><strong>et</strong></span> <span class='ocrx_word' id='word_1_305' title='bbox 1114 1085 1188 1111; x_wconf 78' lang='lat' dir='ltr'><strong>rebus</strong></span> <span class='ocrx_word' id='word_1_306' title='bbox 1201 1083 1346 1118; x_wconf 64' lang='lat' dir='ltr'><strong>Epiroticis</strong></span> <span class='ocrx_word' id='word_1_307' title='bbox 1358 1084 1499 1110; x_wconf 80' lang='lat' dir='ltr'><strong>historiam</strong></span> <span class='ocrx_word' id='word_1_308' title='bbox 1514 1084 1669 1118; x_wconf 71' lang='grc' dir='ltr'><strong>σύμμικτον</strong></span> <span class='ocrx_word' id='word_1_309' title='bbox 1680 1085 1739 1112; x_wconf 83' lang='lat' dir='ltr'><strong>sive</strong></span> 
     </span>
    </p>
   </div>
   <div class='ocr_carea' id='block_1_54' title="bbox 942 1129 1737 1164">
    <p class='ocr_par' dir='ltr' id='par_1_54' title="bbox 942 1129 1737 1164">
     <span class='ocr_line' id='line_1_54' title="bbox 942 1129 1737 1164; baseline -0.003 -5"><span class='ocrx_word' id='word_1_310' title='bbox 942 1133 1142 1160; x_wconf 81' lang='lat' dir='ltr'><strong>miscellaneam</strong></span> <span class='ocrx_word' id='word_1_311' title='bbox 1160 1131 1236 1158; x_wconf 79' lang='lat' dir='ltr'><strong>libris</strong></span> <span class='ocrx_word' id='word_1_312' title='bbox 1254 1129 1319 1158; x_wconf 81' lang='lat' dir='ltr'><strong>XX.</strong></span> <span class='ocrx_word' id='word_1_313' title='bbox 1337 1130 1373 1157; x_wconf 86' lang='lat' dir='ltr'><strong>De</strong></span> <span class='ocrx_word' id='word_1_314' title='bbox 1390 1136 1448 1157; x_wconf 88' lang='lat' dir='ltr'><strong>arte</strong></span> <span class='ocrx_word' id='word_1_315' title='bbox 1463 1130 1611 1164; x_wconf 81' lang='lat' dir='ltr'><strong>rhetorica,</strong></span> <span class='ocrx_word' id='word_1_316' title='bbox 1627 1136 1655 1158; x_wconf 87' lang='lat' dir='ltr'><strong>et</strong></span> <span class='ocrx_word' id='word_1_317' title='bbox 1671 1132 1737 1158; x_wconf 84' lang='lat' dir='ltr'><strong>alia.</strong></span> 
     </span>
    </p>
   </div>
   <div class='ocr_carea' id='block_1_55' title="bbox 977 1176 1738 1213">
    <p class='ocr_par' dir='ltr' id='par_1_55' title="bbox 977 1176 1738 1213">
     <span class='ocr_line' id='line_1_55' title="bbox 977 1176 1738 1213; baseline -0.003 -8"><span class='ocrx_word' id='word_1_318' title='bbox 977 1177 1112 1213; x_wconf 82' lang='lat' dir='ltr'><strong>Aspasius</strong></span> <span class='ocrx_word' id='word_1_319' title='bbox 1125 1197 1133 1209; x_wconf 91' lang='lat'><strong>,</strong></span> <span class='ocrx_word' id='word_1_320' title='bbox 1151 1176 1331 1208; x_wconf 83' lang='lat' dir='ltr'><strong>Demetriani,</strong></span> <span class='ocrx_word' id='word_1_321' title='bbox 1348 1176 1436 1203; x_wconf 86' lang='lat' dir='ltr'><strong>critici</strong></span> <span class='ocrx_word' id='word_1_322' title='bbox 1452 1180 1479 1203; x_wconf 87' lang='lat' dir='ltr'><strong>et</strong></span> <span class='ocrx_word' id='word_1_323' title='bbox 1492 1176 1675 1204; x_wconf 71' lang='lat' dir='ltr'><strong>mathematici</strong></span> <span class='ocrx_word' id='word_1_324' title='bbox 1692 1176 1738 1210; x_wconf 72' lang='grc' dir='ltr'><strong>Ρ..</strong></span> 
     </span>
    </p>
   </div>
   <div class='ocr_carea' id='block_1_56' title="bbox 940 1223 1735 1258">
    <p class='ocr_par' dir='ltr' id='par_1_56' title="bbox 940 1223 1735 1258">
     <span class='ocr_line' id='line_1_56' title="bbox 940 1223 1735 1258; baseline -0.004 -6"><span class='ocrx_word' id='word_1_325' title='bbox 940 1225 1096 1256; x_wconf 80' lang='lat' dir='ltr'><strong>Ravennas,</strong></span> <span class='ocrx_word' id='word_1_326' title='bbox 1108 1224 1243 1258; x_wconf 78' lang='lat' dir='ltr'><strong>sophista,</strong></span> <span class='ocrx_word' id='word_1_327' title='bbox 1253 1223 1422 1257; x_wconf 87' lang='lat' dir='ltr'><strong>temporibus</strong></span> <span class='ocrx_word' id='word_1_328' title='bbox 1430 1223 1577 1251; x_wconf 84' lang='lat' dir='ltr'><strong>Alexandri</strong></span> <span class='ocrx_word' id='word_1_329' title='bbox 1593 1223 1735 1250; x_wconf 60' lang='lat' dir='ltr'><strong>Mantinea;</strong></span> 
     </span>
    </p>
   </div>
   <div class='ocr_carea' id='block_1_57' title="bbox 942 1268 1736 1306">
    <p class='ocr_par' dir='ltr' id='par_1_57' title="bbox 942 1268 1736 1306">
     <span class='ocr_line' id='line_1_57' title="bbox 942 1268 1736 1306; baseline -0.004 -7"><span class='ocrx_word' id='word_1_330' title='bbox 942 1271 1051 1306; x_wconf 82' lang='lat' dir='ltr'><strong>scripsit</strong></span> <span class='ocrx_word' id='word_1_331' title='bbox 1063 1270 1131 1305; x_wconf 81' lang='grc' dir='ltr'>πρὸς</span> <span class='ocrx_word' id='word_1_332' title='bbox 1141 1269 1204 1300; x_wconf 79' lang='grc' dir='ltr'><strong>τοὺς</strong></span> <span class='ocrx_word' id='word_1_333' title='bbox 1217 1268 1415 1304; x_wconf 68' lang='grc' dir='ltr'><strong>φιλολοιδόρους</strong></span> <span class='ocrx_word' id='word_1_334' title='bbox 1427 1269 1475 1295; x_wconf 78' lang='grc' dir='ltr'><strong>καὶ</strong></span> <span class='ocrx_word' id='word_1_335' title='bbox 1486 1269 1555 1300; x_wconf 80' lang='grc' dir='ltr'>πρὸς</span> <span class='ocrx_word' id='word_1_336' title='bbox 1571 1269 1736 1304; x_wconf 79' lang='grc' dir='ltr'><strong>’Λρίστωνα,</strong></span> 
     </span>
    </p>
   </div>
   <div class='ocr_carea' id='block_1_58' title="bbox 941 1314 1735 1344">
    <p class='ocr_par' dir='ltr' id='par_1_58' title="bbox 941 1314 1735 1344">
     <span class='ocr_line' id='line_1_58' title="bbox 941 1314 1735 1344; baseline -0.003 -1"><span class='ocrx_word' id='word_1_337' title='bbox 941 1318 1067 1344; x_wconf 69' lang='lat' dir='ltr'><strong>adversus</strong></span> <span class='ocrx_word' id='word_1_338' title='bbox 1091 1314 1234 1342; x_wconf 71' lang='lat' dir='ltr'><strong>maledicos</strong></span> <span class='ocrx_word' id='word_1_339' title='bbox 1258 1319 1283 1341; x_wconf 81' lang='lat' dir='ltr'><strong>et</strong></span> <span class='ocrx_word' id='word_1_340' title='bbox 1303 1314 1456 1341; x_wconf 81' lang='lat' dir='ltr'><strong>Aristonem</strong></span> <span class='ocrx_word' id='word_1_341' title='bbox 1479 1314 1567 1341; x_wconf 79' lang='lat' dir='ltr'><strong>uarias</strong></span> <span class='ocrx_word' id='word_1_342' title='bbox 1591 1315 1735 1342; x_wconf 85' lang='lat' dir='ltr'><strong>orationes.</strong></span> 
     </span>
    </p>
   </div>
   <div class='ocr_carea' id='block_1_59' title="bbox 941 1360 1737 1394">
    <p class='ocr_par' dir='ltr' id='par_1_59' title="bbox 941 1360 1737 1394">
     <span class='ocr_line' id='line_1_59' title="bbox 941 1360 1737 1394; baseline -0.004 -4"><span class='ocrx_word' id='word_1_343' title='bbox 941 1363 1052 1390; x_wconf 83' lang='lat' dir='ltr'><strong>Audivit</strong></span> <span class='ocrx_word' id='word_1_344' title='bbox 1069 1360 1234 1388; x_wconf 79' lang='lat' dir='ltr'><strong>Pausaniam</strong></span> <span class='ocrx_word' id='word_1_345' title='bbox 1250 1365 1278 1388; x_wconf 90' lang='lat' dir='ltr'><strong>et</strong></span> <span class='ocrx_word' id='word_1_346' title='bbox 1288 1360 1518 1394; x_wconf 87' lang='lat' dir='ltr'><strong>Hippodromum,</strong></span> <span class='ocrx_word' id='word_1_347' title='bbox 1531 1364 1558 1386; x_wconf 91' lang='lat' dir='ltr'><strong>et</strong></span> <span class='ocrx_word' id='word_1_348' title='bbox 1573 1364 1657 1387; x_wconf 85' lang='lat' dir='ltr'><strong>artem</strong></span> <span class='ocrx_word' id='word_1_349' title='bbox 1673 1361 1737 1387; x_wconf 77' lang='lat' dir='ltr'><strong>l&#39;iIO-r</strong></span> 
     </span>
    </p>
   </div>
   <div class='ocr_carea' id='block_1_60' title="bbox 944 1406 1598 1440">
    <p class='ocr_par' dir='ltr' id='par_1_60' title="bbox 944 1406 1598 1440">
     <span class='ocr_line' id='line_1_60' title="bbox 944 1406 1598 1440; baseline -0.003 -4"><span class='ocrx_word' id='word_1_350' title='bbox 944 1409 1061 1436; x_wconf 77' lang='lat' dir='ltr'><strong>loricam</strong></span> <span class='ocrx_word' id='word_1_351' title='bbox 1078 1408 1170 1435; x_wconf 66' lang='lat' dir='ltr'><strong>Romae</strong></span> <span class='ocrx_word' id='word_1_352' title='bbox 1187 1407 1292 1440; x_wconf 85' lang='lat' dir='ltr'><strong>docuit,</strong></span> <span class='ocrx_word' id='word_1_353' title='bbox 1308 1407 1353 1433; x_wconf 89' lang='lat' dir='ltr'><strong>ubi</strong></span> <span class='ocrx_word' id='word_1_354' title='bbox 1366 1406 1412 1434; x_wconf 89' lang='lat' dir='ltr'><strong>diu</strong></span> <span class='ocrx_word' id='word_1_355' title='bbox 1428 1407 1520 1434; x_wconf 86' lang='lat' dir='ltr'><strong>clarus</strong></span> <span class='ocrx_word' id='word_1_356' title='bbox 1536 1406 1598 1434; x_wconf 79' lang='lat' dir='ltr'><strong>fuit.</strong></span> 
     </span>
    </p>
   </div>
   <div class='ocr_carea' id='block_1_61' title="bbox 978 1451 1737 1490">
    <p class='ocr_par' dir='ltr' id='par_1_61' title="bbox 978 1451 1737 1490">
     <span class='ocr_line' id='line_1_61' title="bbox 978 1451 1737 1490; baseline -0.001 -8"><span class='ocrx_word' id='word_1_357' title='bbox 978 1453 1201 1490; x_wconf 87' lang='lat' dir='ltr'><strong>Astramsyclms.</strong></span> <span class='ocrx_word' id='word_1_358' title='bbox 1222 1453 1334 1488; x_wconf 85' lang='lat' dir='ltr'><strong>scripsit</strong></span> <span class='ocrx_word' id='word_1_359' title='bbox 1350 1452 1453 1487; x_wconf 69' lang='grc' dir='ltr'>βιϐλίον</span> <span class='ocrx_word' id='word_1_360' title='bbox 1469 1452 1591 1488; x_wconf 74' lang='grc' dir='ltr'>ἰατρικὸν</span> <span class='ocrx_word' id='word_1_361' title='bbox 1611 1452 1651 1484; x_wconf 72' lang='lat' dir='ltr'><strong>el;</strong></span> <span class='ocrx_word' id='word_1_362' title='bbox 1667 1451 1737 1481; x_wconf 73' lang='grc' dir='ltr'>ὄνων</span> 
     </span>
    </p>
   </div>
   <div class='ocr_carea' id='block_1_62' title="bbox 96 1499 1737 1542">
    <p class='ocr_par' dir='ltr' id='par_1_62' title="bbox 96 1499 1737 1542">
     <span class='ocr_line' id='line_1_62' title="bbox 96 1499 1737 1542; baseline -0.001 -15"><span class='ocrx_word' id='word_1_363' title='bbox 96 1509 175 1533; x_wconf 69' lang='grc' dir='ltr'>τειος,</span> <span class='ocrx_word' id='word_1_364' title='bbox 194 1501 293 1535; x_wconf 84' lang='lat' dir='ltr'><strong>junior</strong></span> <span class='ocrx_word' id='word_1_365' title='bbox 313 1500 506 1537; x_wconf 77' lang='lat' dir='ltr'><strong>Xenophonte.</strong></span> <span class='ocrx_word' id='word_1_366' title='bbox 524 1499 621 1529; x_wconf 71' lang='lat' dir='ltr'><strong>Bonus</strong></span> <span class='ocrx_word' id='word_1_367' title='bbox 637 1500 705 1527; x_wconf 77' lang='lat' dir='ltr'><strong>visit</strong></span> <span class='ocrx_word' id='word_1_368' title='bbox 721 1501 891 1536; x_wconf 82' lang='lat' dir='ltr'><strong>temporibus</strong></span> <span class='ocrx_word' id='word_1_369' title='bbox 904 1513 926 1542; x_wconf 70' lang='grc' dir='ltr'><em>ς</em></span> <span class='ocrx_word' id='word_1_370' title='bbox 944 1501 1109 1537; x_wconf 79' lang='grc' dir='ltr'><strong>θεραπείαν,</strong></span> <span class='ocrx_word' id='word_1_371' title='bbox 1127 1501 1226 1527; x_wconf 79' lang='lat' dir='ltr'><strong>librum</strong></span> <span class='ocrx_word' id='word_1_372' title='bbox 1245 1500 1437 1527; x_wconf 80' lang='lat' dir='ltr'><strong>veterinarium</strong></span> <span class='ocrx_word' id='word_1_373' title='bbox 1454 1500 1486 1527; x_wconf 85' lang='lat' dir='ltr'><strong>de</strong></span> <span class='ocrx_word' id='word_1_374' title='bbox 1502 1500 1639 1526; x_wconf 80' lang='lat' dir='ltr'><strong>asinorum</strong></span> <span class='ocrx_word' id='word_1_375' title='bbox 1655 1507 1737 1530; x_wconf 81' lang='lat' dir='ltr'><strong>cura-</strong></span> 
     </span>
    </p>
   </div>
   <div class='ocr_carea' id='block_1_63' title="bbox 98 1547 891 1582">
    <p class='ocr_par' dir='ltr' id='par_1_63' title="bbox 98 1547 891 1582">
     <span class='ocr_line' id='line_1_63' title="bbox 98 1547 891 1582; baseline -0.001 -7"><span class='ocrx_word' id='word_1_376' title='bbox 98 1547 218 1580; x_wconf 77' lang='lat' dir='ltr'><strong>Adriani,</strong></span> <span class='ocrx_word' id='word_1_377' title='bbox 237 1548 372 1575; x_wconf 84' lang='lat' dir='ltr'><strong>Ant0nini</strong></span> <span class='ocrx_word' id='word_1_378' title='bbox 396 1552 424 1574; x_wconf 87' lang='lat' dir='ltr'><strong>et</strong></span> <span class='ocrx_word' id='word_1_379' title='bbox 443 1547 539 1579; x_wconf 78' lang='lat' dir='ltr'><strong>Marci,</strong></span> <span class='ocrx_word' id='word_1_380' title='bbox 565 1547 774 1582; x_wconf 82' lang='lat' dir='ltr'><strong>imperatorum,</strong></span> <span class='ocrx_word' id='word_1_381' title='bbox 794 1553 822 1574; x_wconf 89' lang='lat' dir='ltr'><strong>et</strong></span> <span class='ocrx_word' id='word_1_382' title='bbox 844 1547 891 1574; x_wconf 77' lang='grc' dir='ltr'><strong>διὰ</strong></span> 
     </span>
    </p>
   </div>
   <div class='ocr_carea' id='block_1_64' title="bbox 97 1593 891 1630">
    <p class='ocr_par' dir='ltr' id='par_1_64' title="bbox 97 1593 891 1630">
     <span class='ocr_line' id='line_1_64' title="bbox 97 1593 891 1630; baseline -0.001 -8"><span class='ocrx_word' id='word_1_383' title='bbox 97 1593 142 1629; x_wconf 79' lang='grc' dir='ltr'><strong>τὴν</strong></span> <span class='ocrx_word' id='word_1_384' title='bbox 160 1595 210 1630; x_wconf 85' lang='grc' dir='ltr'><strong>τῆς</strong></span> <span class='ocrx_word' id='word_1_385' title='bbox 239 1594 368 1626; x_wconf 75' lang='grc' dir='ltr'><strong>παιδείας</strong></span> <span class='ocrx_word' id='word_1_386' title='bbox 391 1594 552 1630; x_wconf 79' lang='grc' dir='ltr'><strong>δεξιότητα,</strong></span> <span class='ocrx_word' id='word_1_387' title='bbox 583 1597 694 1628; x_wconf 89' lang='lat' dir='ltr'><strong>propter</strong></span> <span class='ocrx_word' id='word_1_388' title='bbox 731 1594 891 1628; x_wconf 66' lang='lat' dir='ltr'><strong>praeclaram</strong></span> 
     </span>
    </p>
   </div>
   <div class='ocr_carea' id='block_1_65' title="bbox 98 1640 892 1675">
    <p class='ocr_par' dir='ltr' id='par_1_65' title="bbox 98 1640 892 1675">
     <span class='ocr_line' id='line_1_65' title="bbox 98 1640 892 1675; baseline 0.003 -9"><span class='ocrx_word' id='word_1_389' title='bbox 98 1640 260 1675; x_wconf 84' lang='lat' dir='ltr'><strong>doctrinam,</strong></span> <span class='ocrx_word' id='word_1_390' title='bbox 286 1645 356 1669; x_wconf 86' lang='lat' dir='ltr'><strong>teste</strong></span> <span class='ocrx_word' id='word_1_391' title='bbox 371 1640 523 1673; x_wconf 87' lang='lat' dir='ltr'><strong>lleliconio,</strong></span> <span class='ocrx_word' id='word_1_392' title='bbox 544 1640 577 1668; x_wconf 87' lang='lat' dir='ltr'><strong>ad</strong></span> <span class='ocrx_word' id='word_1_393' title='bbox 598 1640 772 1668; x_wconf 85' lang='lat' dir='ltr'><strong>consularem</strong></span> <span class='ocrx_word' id='word_1_394' title='bbox 805 1647 892 1675; x_wconf 88' lang='lat' dir='ltr'><strong>usque</strong></span> 
     </span>
    </p>
   </div>
   <div class='ocr_carea' id='block_1_66' title="bbox 97 1686 892 1723">
    <p class='ocr_par' dir='ltr' id='par_1_66' title="bbox 97 1686 892 1723">
     <span class='ocr_line' id='line_1_66' title="bbox 97 1686 892 1723; baseline 0 -10"><span class='ocrx_word' id='word_1_395' title='bbox 97 1686 255 1722; x_wconf 78' lang='lat' dir='ltr'><strong>dignitatem</strong></span> <span class='ocrx_word' id='word_1_396' title='bbox 285 1692 410 1715; x_wconf 83' lang='lat' dir='ltr'><strong>evectus.</strong></span> <span class='ocrx_word' id='word_1_397' title='bbox 449 1686 567 1722; x_wconf 87' lang='lat' dir='ltr'><strong>Scripsit</strong></span> <span class='ocrx_word' id='word_1_398' title='bbox 602 1687 688 1714; x_wconf 84' lang='lat' dir='ltr'><strong>libros</strong></span> <span class='ocrx_word' id='word_1_399' title='bbox 714 1694 796 1722; x_wconf 88' lang='lat' dir='ltr'><strong>quam</strong></span> <span class='ocrx_word' id='word_1_400' title='bbox 829 1687 892 1723; x_wconf 89' lang='lat' dir='ltr'><strong>plu-</strong></span> 
     </span>
    </p>
   </div>
   <div class='ocr_carea' id='block_1_67' title="bbox 96 1733 188 1762">
    <p class='ocr_par' dir='ltr' id='par_1_67' title="bbox 96 1733 188 1762">
     <span class='ocr_line' id='line_1_67' title="bbox 96 1733 188 1762; baseline -0.011 -1"><span class='ocrx_word' id='word_1_401' title='bbox 96 1733 188 1762; x_wconf 80' lang='lat' dir='ltr'><strong>rimos.</strong></span> 
     </span>
    </p>
   </div>
   <div class='ocr_carea' id='block_1_68' title="bbox 129 1779 893 1816">
    <p class='ocr_par' dir='ltr' id='par_1_68' title="bbox 129 1779 893 1816">
     <span class='ocr_line' id='line_1_68' title="bbox 129 1779 893 1816; baseline 0 -8"><span class='ocrx_word' id='word_1_402' title='bbox 129 1779 333 1811; x_wconf 78' lang='lat' dir='ltr'><strong>Artemidorus,</strong></span> <span class='ocrx_word' id='word_1_403' title='bbox 355 1787 389 1807; x_wconf 76' lang='lat' dir='ltr'><strong>ex</strong></span> <span class='ocrx_word' id='word_1_404' title='bbox 413 1779 501 1813; x_wconf 84' lang='lat' dir='ltr'><strong>Daldi,</strong></span> <span class='ocrx_word' id='word_1_405' title='bbox 526 1779 616 1816; x_wconf 69' lang='lat' dir='ltr'><strong>Lycia:</strong></span> <span class='ocrx_word' id='word_1_406' title='bbox 637 1779 747 1815; x_wconf 85' lang='lat' dir='ltr'><strong>oppido,</strong></span> <span class='ocrx_word' id='word_1_407' title='bbox 769 1779 893 1814; x_wconf 87' lang='lat' dir='ltr'><strong>philoso-</strong></span> 
     </span>
    </p>
   </div>
   <div class='ocr_carea' id='block_1_69' title="bbox 95 1825 891 1862">
    <p class='ocr_par' dir='ltr' id='par_1_69' title="bbox 95 1825 891 1862">
     <span class='ocr_line' id='line_1_69' title="bbox 95 1825 891 1862; baseline 0.001 -10"><span class='ocrx_word' id='word_1_408' title='bbox 95 1825 173 1860; x_wconf 81' lang='lat' dir='ltr'><strong>phus,</strong></span> <span class='ocrx_word' id='word_1_409' title='bbox 193 1826 310 1862; x_wconf 81' lang='lat' dir='ltr'><strong>scripsit</strong></span> <span class='ocrx_word' id='word_1_410' title='bbox 330 1826 558 1862; x_wconf 77' lang='grc' dir='ltr'>ὐνειροκριτικὰ,</span> <span class='ocrx_word' id='word_1_411' title='bbox 573 1826 605 1853; x_wconf 86' lang='lat' dir='ltr'><strong>de</strong></span> <span class='ocrx_word' id='word_1_412' title='bbox 630 1825 792 1853; x_wconf 79' lang='lat' dir='ltr'><strong>somniorum</strong></span> <span class='ocrx_word' id='word_1_413' title='bbox 810 1827 891 1853; x_wconf 83' lang='lat' dir='ltr'><strong>inter-</strong></span> 
     </span>
    </p>
   </div>
   <div class='ocr_carea' id='block_1_70' title="bbox 96 1872 890 1908">
    <p class='ocr_par' dir='ltr' id='par_1_70' title="bbox 96 1872 890 1908">
     <span class='ocr_line' id='line_1_70' title="bbox 96 1872 890 1908; baseline 0 -10"><span class='ocrx_word' id='word_1_414' title='bbox 96 1873 241 1908; x_wconf 80' lang='lat' dir='ltr'><strong>pretatione</strong></span> <span class='ocrx_word' id='word_1_415' title='bbox 262 1873 344 1900; x_wconf 75' lang='lat' dir='ltr'><strong>libros</strong></span> <span class='ocrx_word' id='word_1_416' title='bbox 373 1872 425 1900; x_wconf 79' lang='lat' dir='ltr'><strong>1V.</strong></span> <span class='ocrx_word' id='word_1_417' title='bbox 448 1872 667 1904; x_wconf 71' lang='grc' dir='ltr'><strong>Οἰωνοσκοπικὰ,</strong></span> <span class='ocrx_word' id='word_1_418' title='bbox 697 1872 729 1898; x_wconf 81' lang='lat' dir='ltr'><strong>de</strong></span> <span class='ocrx_word' id='word_1_419' title='bbox 752 1872 890 1907; x_wconf 79' lang='lat' dir='ltr'><strong>auguriis,-</strong></span> 
     </span>
    </p>
   </div>
   <div class='ocr_carea' id='block_1_71' title="bbox 95 1919 891 1955">
    <p class='ocr_par' dir='ltr' id='par_1_71' title="bbox 95 1919 891 1955">
     <span class='ocr_line' id='line_1_71' title="bbox 95 1919 891 1955; baseline 0 -10"><span class='ocrx_word' id='word_1_420' title='bbox 95 1920 305 1955; x_wconf 78' lang='grc' dir='ltr'>χειροσχοπικὰ,</span> <span class='ocrx_word' id='word_1_421' title='bbox 321 1919 353 1946; x_wconf 74' lang='lat' dir='ltr'><strong>de</strong></span> <span class='ocrx_word' id='word_1_422' title='bbox 368 1919 542 1951; x_wconf 71' lang='lat' dir='ltr'><strong>divinatione,</strong></span> <span class='ocrx_word' id='word_1_423' title='bbox 568 1927 627 1955; x_wconf 78' lang='lat' dir='ltr'><strong>qua:</strong></span> <span class='ocrx_word' id='word_1_424' title='bbox 642 1920 672 1954; x_wconf 78' lang='lat' dir='ltr'><strong>ﬁt</strong></span> <span class='ocrx_word' id='word_1_425' title='bbox 695 1927 742 1954; x_wconf 89' lang='lat' dir='ltr'><strong>per</strong></span> <span class='ocrx_word' id='word_1_426' title='bbox 765 1926 891 1946; x_wconf 78' lang='lat' dir='ltr'><strong>manuum</strong></span> 
     </span>
    </p>
   </div>
   <div class='ocr_carea' id='block_1_72' title="bbox 95 1966 501 2000">
    <p class='ocr_par' dir='ltr' id='par_1_72' title="bbox 95 1966 501 2000">
     <span class='ocr_line' id='line_1_72' title="bbox 95 1966 501 2000; baseline 0.007 -9"><span class='ocrx_word' id='word_1_427' title='bbox 95 1966 296 2000; x_wconf 66' lang='lat' dir='ltr'><strong>inspectionem.</strong></span> <span class='ocrx_word' id='word_1_428' title='bbox 499 1991 501 1994; x_wconf 93' lang='lat'><strong>.</strong></span> 
     </span>
    </p>
   </div>
   <div class='ocr_carea' id='block_1_73' title="bbox 130 2009 891 2046">
    <p class='ocr_par' dir='ltr' id='par_1_73' title="bbox 130 2009 891 2046">
     <span class='ocr_line' id='line_1_73' title="bbox 130 2009 891 2046; baseline -0.001 -7"><span class='ocrx_word' id='word_1_429' title='bbox 130 2013 346 2045; x_wconf 84' lang='lat' dir='ltr'><strong>Artemidorus,</strong></span> <span class='ocrx_word' id='word_1_430' title='bbox 382 2010 720 2046; x_wconf 77' lang='lat' dir='ltr'><strong>Pseudoaristophanius,</strong></span> <span class='ocrx_word' id='word_1_431' title='bbox 757 2009 891 2038; x_wconf 80' lang='lat' dir='ltr'><strong>vocabula</strong></span> 
     </span>
    </p>
   </div>
   <div class='ocr_carea' id='block_1_74' title="bbox 96 2057 755 2096">
    <p class='ocr_par' dir='ltr' id='par_1_74' title="bbox 96 2057 755 2096">
     <span class='ocr_line' id='line_1_74' title="bbox 96 2057 755 2096; baseline -0.003 -10"><span class='ocrx_word' id='word_1_432' title='bbox 96 2061 264 2096; x_wconf 82' lang='lat' dir='ltr'><strong>cpsartytica</strong></span> <span class='ocrx_word' id='word_1_433' title='bbox 283 2060 341 2087; x_wconf 87' lang='lat' dir='ltr'><strong>sive</strong></span> <span class='ocrx_word' id='word_1_434' title='bbox 357 2060 391 2086; x_wconf 85' lang='lat' dir='ltr'><strong>de</strong></span> <span class='ocrx_word' id='word_1_435' title='bbox 409 2066 439 2085; x_wconf 88' lang='lat' dir='ltr'><strong>rc</strong></span> <span class='ocrx_word' id='word_1_436' title='bbox 457 2059 618 2092; x_wconf 79' lang='lat' dir='ltr'><strong>coquinaria</strong></span> <span class='ocrx_word' id='word_1_437' title='bbox 634 2057 755 2093; x_wconf 68' lang='lat' dir='ltr'><strong>collegit.</strong></span> 
     </span>
    </p>
   </div>
   <div class='ocr_carea' id='block_1_75' title="bbox 129 2103 889 2142">
    <p class='ocr_par' dir='ltr' id='par_1_75' title="bbox 129 2103 889 2142">
     <span class='ocr_line' id='line_1_75' title="bbox 129 2103 889 2142; baseline -0.001 -11"><span class='ocrx_word' id='word_1_438' title='bbox 129 2105 322 2142; x_wconf 78' lang='lat' dir='ltr'><strong>Asclepiades,</strong></span> <span class='ocrx_word' id='word_1_439' title='bbox 344 2104 454 2132; x_wconf 87' lang='lat' dir='ltr'><strong>Diotimi</strong></span> <span class='ocrx_word' id='word_1_440' title='bbox 474 2103 520 2136; x_wconf 82' lang='lat' dir='ltr'><strong>F..</strong></span> <span class='ocrx_word' id='word_1_441' title='bbox 537 2103 694 2140; x_wconf 80' lang='lat' dir='ltr'><strong>Myrleanus</strong></span> <span class='ocrx_word' id='word_1_442' title='bbox 709 2105 755 2139; x_wconf 78' lang='lat' dir='ltr'><strong>(ex</strong></span> <span class='ocrx_word' id='word_1_443' title='bbox 777 2103 889 2139; x_wconf 80' lang='lat' dir='ltr'><strong>Myrica,</strong></span> 
     </span>
    </p>
   </div>
   <div class='ocr_carea' id='block_1_76' title="bbox 95 2149 890 2187">
    <p class='ocr_par' dir='ltr' id='par_1_76' title="bbox 95 2149 890 2187">
     <span class='ocr_line' id='line_1_76' title="bbox 95 2149 890 2187; baseline -0.005 -8"><span class='ocrx_word' id='word_1_444' title='bbox 95 2150 240 2187; x_wconf 73' lang='lat' dir='ltr'><strong>Bithyniae,</strong></span> <span class='ocrx_word' id='word_1_445' title='bbox 267 2152 367 2179; x_wconf 79' lang='lat' dir='ltr'><strong>deinde</strong></span> <span class='ocrx_word' id='word_1_446' title='bbox 394 2150 464 2178; x_wconf 78' lang='lat' dir='ltr'><strong>dicta</strong></span> <span class='ocrx_word' id='word_1_447' title='bbox 498 2149 641 2185; x_wconf 80' lang='lat' dir='ltr'><strong>Apamea).</strong></span> <span class='ocrx_word' id='word_1_448' title='bbox 673 2153 702 2176; x_wconf 78' lang='lat' dir='ltr'><strong>at</strong></span> <span class='ocrx_word' id='word_1_449' title='bbox 729 2149 759 2175; x_wconf 74' lang='grc' dir='ltr'><strong>τὸ</strong></span> <span class='ocrx_word' id='word_1_450' title='bbox 786 2149 890 2176; x_wconf 76' lang='grc' dir='ltr'>ἄνωθεν</span> 
     </span>
    </p>
   </div>
   <div class='ocr_carea' id='block_1_77' title="bbox 943 1546 1738 1583">
    <p class='ocr_par' dir='ltr' id='par_1_77' title="bbox 943 1546 1738 1583">
     <span class='ocr_line' id='line_1_77' title="bbox 943 1546 1738 1583; baseline 0.001 -9"><span class='ocrx_word' id='word_1_451' title='bbox 943 1550 1023 1582; x_wconf 85' lang='lat' dir='ltr'><strong>tione,</strong></span> <span class='ocrx_word' id='word_1_452' title='bbox 1045 1553 1072 1575; x_wconf 90' lang='lat' dir='ltr'><strong>et</strong></span> <span class='ocrx_word' id='word_1_453' title='bbox 1090 1546 1314 1583; x_wconf 70' lang='grc' dir='ltr'>ὀνειροκριτικὺν,</span> <span class='ocrx_word' id='word_1_454' title='bbox 1331 1546 1363 1574; x_wconf 84' lang='lat' dir='ltr'><strong>de</strong></span> <span class='ocrx_word' id='word_1_455' title='bbox 1383 1546 1600 1581; x_wconf 74' lang='lat' dir='ltr'><strong>interpretatione</strong></span> <span class='ocrx_word' id='word_1_456' title='bbox 1620 1547 1738 1575; x_wconf 53' lang='lat' dir='ltr'><strong>somnio.</strong></span> 
     </span>
    </p>
   </div>
   <div class='ocr_carea' id='block_1_78' title="bbox 943 1603 1013 1622">
    <p class='ocr_par' dir='ltr' id='par_1_78' title="bbox 943 1603 1013 1622">
     <span class='ocr_line' id='line_1_78' title="bbox 943 1603 1013 1622; baseline 0 0"><span class='ocrx_word' id='word_1_457' title='bbox 943 1603 974 1622; x_wconf 73' lang='grc' dir='ltr'>νυ</span> <span class='ocrx_word' id='word_1_458' title='bbox 977 1603 1000 1621; x_wconf 87' lang='lat' dir='ltr'><strong>m</strong></span> <span class='ocrx_word' id='word_1_459' title='bbox 1006 1614 1013 1622; x_wconf 84' lang='grc' dir='ltr'><strong>ι</strong></span> 
     </span>
    </p>
   </div>
   <div class='ocr_carea' id='block_1_79' title="bbox 978 1637 1736 1674">
    <p class='ocr_par' dir='ltr' id='par_1_79' title="bbox 978 1637 1736 1674">
     <span class='ocr_line' id='line_1_79' title="bbox 978 1637 1736 1674; baseline -0.004 -6"><span class='ocrx_word' id='word_1_460' title='bbox 978 1640 1183 1669; x_wconf 82' lang='lat' dir='ltr'><strong>Astronomiam</strong></span> <span class='ocrx_word' id='word_1_461' title='bbox 1209 1639 1280 1667; x_wconf 89' lang='lat' dir='ltr'><strong>inter</strong></span> <span class='ocrx_word' id='word_1_462' title='bbox 1305 1637 1471 1674; x_wconf 83' lang='lat' dir='ltr'><strong>Babylonios</strong></span> <span class='ocrx_word' id='word_1_463' title='bbox 1496 1637 1602 1673; x_wconf 84' lang='lat' dir='ltr'><strong>primus</strong></span> <span class='ocrx_word' id='word_1_464' title='bbox 1630 1638 1736 1670; x_wconf 75' lang='lat' dir='ltr'><strong>invenit</strong></span> 
     </span>
    </p>
   </div>
   <div class='ocr_carea' id='block_1_80' title="bbox 943 1685 1737 1722">
    <p class='ocr_par' dir='ltr' id='par_1_80' title="bbox 943 1685 1737 1722">
     <span class='ocr_line' id='line_1_80' title="bbox 943 1685 1737 1722; baseline -0.003 -7"><span class='ocrx_word' id='word_1_465' title='bbox 943 1687 1103 1716; x_wconf 80' lang='lat' dir='ltr'><strong>Zoroastres</strong></span> <span class='ocrx_word' id='word_1_466' title='bbox 1116 1691 1143 1715; x_wconf 90' lang='lat' dir='ltr'><strong>et</strong></span> <span class='ocrx_word' id='word_1_467' title='bbox 1155 1691 1217 1722; x_wconf 88' lang='lat' dir='ltr'><strong>post</strong></span> <span class='ocrx_word' id='word_1_468' title='bbox 1229 1693 1291 1714; x_wconf 92' lang='lat' dir='ltr'><strong>eum</strong></span> <span class='ocrx_word' id='word_1_469' title='bbox 1304 1685 1451 1718; x_wconf 87' lang='lat' dir='ltr'><strong>Hostanes,</strong></span> <span class='ocrx_word' id='word_1_470' title='bbox 1467 1686 1514 1720; x_wconf 89' lang='lat' dir='ltr'><strong>qui</strong></span> <span class='ocrx_word' id='word_1_471' title='bbox 1524 1693 1557 1713; x_wconf 79' lang='lat' dir='ltr'><strong>ex</strong></span> <span class='ocrx_word' id='word_1_472' title='bbox 1569 1686 1695 1721; x_wconf 79' lang='lat' dir='ltr'><strong>genitura</strong></span> <span class='ocrx_word' id='word_1_473' title='bbox 1709 1690 1737 1713; x_wconf 84' lang='lat' dir='ltr'><strong>et</strong></span> 
     </span>
    </p>
   </div>
   <div class='ocr_carea' id='block_1_81' title="bbox 942 1731 1737 1764">
    <p class='ocr_par' dir='ltr' id='par_1_81' title="bbox 942 1731 1737 1764">
     <span class='ocr_line' id='line_1_81' title="bbox 942 1731 1737 1764; baseline -0.004 -3"><span class='ocrx_word' id='word_1_474' title='bbox 942 1738 1018 1762; x_wconf 89' lang='lat' dir='ltr'><strong>motu</strong></span> <span class='ocrx_word' id='word_1_475' title='bbox 1045 1733 1107 1761; x_wconf 67' lang='lat' dir='ltr'><strong>caeli</strong></span> <span class='ocrx_word' id='word_1_476' title='bbox 1133 1732 1190 1760; x_wconf 80' lang='lat' dir='ltr'><strong>fata</strong></span> <span class='ocrx_word' id='word_1_477' title='bbox 1215 1731 1358 1760; x_wconf 89' lang='lat' dir='ltr'><strong>hominum</strong></span> <span class='ocrx_word' id='word_1_478' title='bbox 1386 1732 1560 1764; x_wconf 80' lang='lat' dir='ltr'><strong>nascentium</strong></span> <span class='ocrx_word' id='word_1_479' title='bbox 1588 1732 1737 1760; x_wconf 80' lang='lat' dir='ltr'><strong>observare</strong></span> 
     </span>
    </p>
   </div>
   <div class='ocr_carea' id='block_1_82' title="bbox 942 1777 1735 1815">
    <p class='ocr_par' dir='ltr' id='par_1_82' title="bbox 942 1777 1735 1815">
     <span class='ocr_line' id='line_1_82' title="bbox 942 1777 1735 1815; baseline -0.003 -7"><span class='ocrx_word' id='word_1_480' title='bbox 942 1784 1095 1815; x_wconf 62' lang='lat' dir='ltr'><strong>coeperunt.</strong></span> <span class='ocrx_word' id='word_1_481' title='bbox 1107 1779 1149 1806; x_wconf 83' lang='lat' dir='ltr'><strong>Ab</strong></span> <span class='ocrx_word' id='word_1_482' title='bbox 1159 1778 1203 1807; x_wconf 86' lang='lat' dir='ltr'><strong>his</strong></span> <span class='ocrx_word' id='word_1_483' title='bbox 1216 1778 1334 1814; x_wconf 68' lang='lat' dir='ltr'><strong>Egyptii</strong></span> <span class='ocrx_word' id='word_1_484' title='bbox 1348 1782 1375 1806; x_wconf 84' lang='lat' dir='ltr'><strong>et</strong></span> <span class='ocrx_word' id='word_1_485' title='bbox 1390 1777 1476 1809; x_wconf 64' lang='lat' dir='ltr'><strong>Graeci</strong></span> <span class='ocrx_word' id='word_1_486' title='bbox 1489 1778 1643 1806; x_wconf 89' lang='lat' dir='ltr'><strong>doctrinam</strong></span> <span class='ocrx_word' id='word_1_487' title='bbox 1661 1778 1735 1806; x_wconf 91' lang='lat' dir='ltr'><strong>illam</strong></span> 
     </span>
    </p>
   </div>
   <div class='ocr_carea' id='block_1_83' title="bbox 943 1824 1736 1860">
    <p class='ocr_par' dir='ltr' id='par_1_83' title="bbox 943 1824 1736 1860">
     <span class='ocr_line' id='line_1_83' title="bbox 943 1824 1736 1860; baseline -0.001 -6"><span class='ocrx_word' id='word_1_488' title='bbox 943 1833 1083 1860; x_wconf 85' lang='lat' dir='ltr'><strong>accepere,</strong></span> <span class='ocrx_word' id='word_1_489' title='bbox 1099 1824 1146 1860; x_wconf 91' lang='lat' dir='ltr'><strong>qui</strong></span> <span class='ocrx_word' id='word_1_490' title='bbox 1164 1825 1341 1852; x_wconf 86' lang='lat' dir='ltr'><strong>nascentibus</strong></span> <span class='ocrx_word' id='word_1_491' title='bbox 1359 1824 1452 1856; x_wconf 83' lang='lat' dir='ltr'><strong>itidem</strong></span> <span class='ocrx_word' id='word_1_492' title='bbox 1468 1824 1587 1853; x_wconf 84' lang='lat' dir='ltr'><strong>themata</strong></span> <span class='ocrx_word' id='word_1_493' title='bbox 1605 1825 1736 1853; x_wconf 84' lang='lat' dir='ltr'><strong>notabilia</strong></span> 
     </span>
    </p>
   </div>
   <div class='ocr_carea' id='block_1_84' title="bbox 943 1872 1092 1907">
    <p class='ocr_par' dir='ltr' id='par_1_84' title="bbox 943 1872 1092 1907">
     <span class='ocr_line' id='line_1_84' title="bbox 943 1872 1092 1907; baseline -0.013 -7"><span class='ocrx_word' id='word_1_494' title='bbox 943 1872 1092 1907; x_wconf 74' lang='lat' dir='ltr'><strong>aSSignant.</strong></span> 
     </span>
    </p>
   </div>
   <div class='ocr_carea' id='block_1_85' title="bbox 977 1916 1737 1953">
    <p class='ocr_par' dir='ltr' id='par_1_85' title="bbox 977 1916 1737 1953">
     <span class='ocr_line' id='line_1_85' title="bbox 977 1916 1737 1953; baseline 0 -8"><span class='ocrx_word' id='word_1_495' title='bbox 977 1917 1119 1953; x_wconf 70' lang='lat' dir='ltr'><strong>Astyages,</strong></span> <span class='ocrx_word' id='word_1_496' title='bbox 1136 1916 1343 1952; x_wconf 76' lang='lat' dir='ltr'><strong>grammaticus.</strong></span> <span class='ocrx_word' id='word_1_497' title='bbox 1365 1916 1476 1952; x_wconf 87' lang='lat' dir='ltr'><strong>scripsit</strong></span> <span class='ocrx_word' id='word_1_498' title='bbox 1496 1921 1581 1944; x_wconf 79' lang='lat' dir='ltr'><strong>artem</strong></span> <span class='ocrx_word' id='word_1_499' title='bbox 1599 1925 1737 1952; x_wconf 85' lang='lat' dir='ltr'><strong>gramma-</strong></span> 
     </span>
    </p>
   </div>
   <div class='ocr_carea' id='block_1_86' title="bbox 942 1962 1734 1998">
    <p class='ocr_par' dir='ltr' id='par_1_86' title="bbox 942 1962 1734 1998">
     <span class='ocr_line' id='line_1_86' title="bbox 942 1962 1734 1998; baseline -0.001 -7"><span class='ocrx_word' id='word_1_500' title='bbox 942 1964 1034 1991; x_wconf 86' lang='lat' dir='ltr'><strong>ticam.</strong></span> <span class='ocrx_word' id='word_1_501' title='bbox 1052 1962 1090 1990; x_wconf 86' lang='lat' dir='ltr'><strong>De</strong></span> <span class='ocrx_word' id='word_1_502' title='bbox 1106 1962 1240 1991; x_wconf 75' lang='lat' dir='ltr'><strong>dialectis.</strong></span> <span class='ocrx_word' id='word_1_503' title='bbox 1255 1962 1294 1989; x_wconf 82' lang='lat' dir='ltr'><strong>De</strong></span> <span class='ocrx_word' id='word_1_504' title='bbox 1307 1963 1396 1990; x_wconf 75' lang='lat' dir='ltr'><strong>metris</strong></span> <span class='ocrx_word' id='word_1_505' title='bbox 1409 1963 1525 1994; x_wconf 74' lang='grc' dir='ltr'>κανόνας</span> <span class='ocrx_word' id='word_1_506' title='bbox 1542 1964 1734 1998; x_wconf 70' lang='grc' dir='ltr'><strong>ὀνοματιχοὺς,</strong></span> 
     </span>
    </p>
   </div>
   <div class='ocr_carea' id='block_1_87' title="bbox 943 2009 1735 2046">
    <p class='ocr_par' dir='ltr' id='par_1_87' title="bbox 943 2009 1735 2046">
     <span class='ocr_line' id='line_1_87' title="bbox 943 2009 1735 2046; baseline 0 -8"><span class='ocrx_word' id='word_1_507' title='bbox 943 2010 1047 2046; x_wconf 80' lang='lat' dir='ltr'><strong>regulas</strong></span> <span class='ocrx_word' id='word_1_508' title='bbox 1064 2009 1220 2043; x_wconf 83' lang='lat' dir='ltr'><strong>nominum;</strong></span> <span class='ocrx_word' id='word_1_509' title='bbox 1239 2009 1461 2036; x_wconf 77' lang='lat' dir='ltr'><strong>commentarium</strong></span> <span class='ocrx_word' id='word_1_510' title='bbox 1479 2010 1507 2036; x_wconf 88' lang='lat' dir='ltr'><strong>in</strong></span> <span class='ocrx_word' id='word_1_511' title='bbox 1525 2009 1735 2038; x_wconf 80' lang='lat' dir='ltr'><strong>Callimachum.</strong></span> 
     </span>
    </p>
   </div>
   <div class='ocr_carea' id='block_1_88' title="bbox 976 2056 1736 2091">
    <p class='ocr_par' dir='ltr' id='par_1_88' title="bbox 976 2056 1736 2091">
     <span class='ocr_line' id='line_1_88' title="bbox 976 2056 1736 2091; baseline 0.001 -8"><span class='ocrx_word' id='word_1_512' title='bbox 976 2056 1157 2091; x_wconf 77' lang='lat' dir='ltr'><strong>Astyanassa,</strong></span> <span class='ocrx_word' id='word_1_513' title='bbox 1175 2056 1285 2090; x_wconf 86' lang='lat' dir='ltr'><strong>scripsit</strong></span> <span class='ocrx_word' id='word_1_514' title='bbox 1300 2056 1363 2090; x_wconf 78' lang='grc' dir='ltr'>περὶ</span> <span class='ocrx_word' id='word_1_515' title='bbox 1384 2056 1531 2090; x_wconf 76' lang='grc' dir='ltr'><strong>σχημάτων</strong></span> <span class='ocrx_word' id='word_1_516' title='bbox 1550 2064 1736 2084; x_wconf 34' lang='grc' dir='ltr'>συνουσιαστιο</span> 
     </span>
    </p>
   </div>
   <div class='ocr_carea' id='block_1_89' title="bbox 941 2102 1621 2138">
    <p class='ocr_par' dir='ltr' id='par_1_89' title="bbox 941 2102 1621 2138">
     <span class='ocr_line' id='line_1_89' title="bbox 941 2102 1621 2138; baseline 0.001 -8"><span class='ocrx_word' id='word_1_517' title='bbox 941 2103 1009 2131; x_wconf 84' lang='grc' dir='ltr'>κῶν.</span> <span class='ocrx_word' id='word_1_518' title='bbox 1030 2103 1095 2131; x_wconf 81' lang='lat' dir='ltr'><strong>Eam</strong></span> <span class='ocrx_word' id='word_1_519' title='bbox 1110 2102 1224 2131; x_wconf 71' lang='lat' dir='ltr'><strong>imitatae</strong></span> <span class='ocrx_word' id='word_1_520' title='bbox 1240 2103 1369 2129; x_wconf 72' lang='lat' dir='ltr'><strong>Philaenis</strong></span> <span class='ocrx_word' id='word_1_521' title='bbox 1384 2108 1411 2129; x_wconf 90' lang='lat' dir='ltr'><strong>et</strong></span> <span class='ocrx_word' id='word_1_522' title='bbox 1427 2103 1621 2138; x_wconf 77' lang='lat' dir='ltr'><strong>Elephantine-</strong></span> 
     </span>
    </p>
   </div>
   <div class='ocr_carea' id='block_1_90' title="bbox 976 2148 1735 2185">
    <p class='ocr_par' dir='ltr' id='par_1_90' title="bbox 976 2148 1735 2185">
     <span class='ocr_line' id='line_1_90' title="bbox 976 2148 1735 2185; baseline -0.003 -8"><span class='ocrx_word' id='word_1_523' title='bbox 976 2149 1155 2185; x_wconf 86' lang='lat' dir='ltr'><strong>Astydamas,</strong></span> <span class='ocrx_word' id='word_1_524' title='bbox 1175 2149 1283 2181; x_wconf 87' lang='lat' dir='ltr'><strong>senior,</strong></span> <span class='ocrx_word' id='word_1_525' title='bbox 1304 2149 1376 2176; x_wconf 84' lang='lat' dir='ltr'><strong>lilius</strong></span> <span class='ocrx_word' id='word_1_526' title='bbox 1392 2148 1516 2176; x_wconf 82' lang='lat' dir='ltr'><strong>Morsimi</strong></span> <span class='ocrx_word' id='word_1_527' title='bbox 1529 2154 1556 2176; x_wconf 87' lang='lat' dir='ltr'><strong>et</strong></span> <span class='ocrx_word' id='word_1_528' title='bbox 1571 2158 1654 2184; x_wconf 84' lang='lat' dir='ltr'><strong>nepos</strong></span> <span class='ocrx_word' id='word_1_529' title='bbox 1669 2148 1735 2177; x_wconf 57' lang='lat' dir='ltr'><strong>Phi,</strong></span> 
     </span>
    </p>
   </div>
   <div class='ocr_carea' id='block_1_91' title="bbox 93 2193 1733 2235">
    <p class='ocr_par' dir='ltr' id='par_1_91' title="bbox 93 2193 1733 2235">
     <span class='ocr_line' id='line_1_91' title="bbox 93 2193 1733 2235; baseline -0.002 -11"><span class='ocrx_word' id='word_1_530' title='bbox 93 2198 181 2231; x_wconf 76' lang='grc' dir='ltr'>γένος,</span> <span class='ocrx_word' id='word_1_531' title='bbox 197 2200 222 2226; x_wconf 88' lang='lat' dir='ltr'><strong>si</strong></span> <span class='ocrx_word' id='word_1_532' title='bbox 237 2198 324 2226; x_wconf 84' lang='lat' dir='ltr'><strong>altius</strong></span> <span class='ocrx_word' id='word_1_533' title='bbox 339 2206 426 2233; x_wconf 72' lang='lat' dir='ltr'><strong>genus</strong></span> <span class='ocrx_word' id='word_1_534' title='bbox 442 2202 559 2231; x_wconf 85' lang='lat' dir='ltr'><strong>repetas,</strong></span> <span class='ocrx_word' id='word_1_535' title='bbox 575 2195 739 2228; x_wconf 66' lang='lat' dir='ltr'><strong>Nicmeusis,</strong></span> <span class='ocrx_word' id='word_1_536' title='bbox 752 2203 888 2235; x_wconf 74' lang='lat' dir='ltr'><strong>gramma-</strong></span> <span class='ocrx_word' id='word_1_537' title='bbox 906 2193 927 2220; x_wconf 86' lang='grc' dir='ltr'>ι)</span> <span class='ocrx_word' id='word_1_538' title='bbox 943 2195 1032 2227; x_wconf 87' lang='lat' dir='ltr'><strong>loclis,</strong></span> <span class='ocrx_word' id='word_1_539' title='bbox 1055 2194 1235 2230; x_wconf 60' lang='lat' dir='ltr'><strong>magicorum,</strong></span> <span class='ocrx_word' id='word_1_540' title='bbox 1259 2195 1381 2229; x_wconf 79' lang='lat' dir='ltr'><strong>tragicus</strong></span> <span class='ocrx_word' id='word_1_541' title='bbox 1403 2199 1431 2222; x_wconf 90' lang='lat' dir='ltr'><strong>ct.</strong></span> <span class='ocrx_word' id='word_1_542' title='bbox 1451 2196 1520 2230; x_wconf 86' lang='lat' dir='ltr'><strong>ipse,</strong></span> <span class='ocrx_word' id='word_1_543' title='bbox 1547 2196 1733 2226; x_wconf 73' lang='lat' dir='ltr'><strong>Atheniensis.</strong></span> 
     </span>
    </p>
   </div>
   <div class='ocr_carea' id='block_1_92' title="bbox 94 2241 889 2280">
    <p class='ocr_par' dir='ltr' id='par_1_92' title="bbox 94 2241 889 2280">
     <span class='ocr_line' id='line_1_92' title="bbox 94 2241 889 2280; baseline -0.005 -9"><span class='ocrx_word' id='word_1_544' title='bbox 94 2244 173 2278; x_wconf 80' lang='lat' dir='ltr'><strong>tiens,</strong></span> <span class='ocrx_word' id='word_1_545' title='bbox 207 2245 350 2280; x_wconf 80' lang='lat' dir='ltr'><strong>Apollonii</strong></span> <span class='ocrx_word' id='word_1_546' title='bbox 384 2243 558 2278; x_wconf 78' lang='lat' dir='ltr'><strong>discipulus,</strong></span> <span class='ocrx_word' id='word_1_547' title='bbox 583 2242 630 2277; x_wconf 91' lang='lat' dir='ltr'><strong>qui</strong></span> <span class='ocrx_word' id='word_1_548' title='bbox 656 2242 726 2269; x_wconf 80' lang='lat' dir='ltr'><strong>vixit</strong></span> <span class='ocrx_word' id='word_1_549' title='bbox 757 2241 841 2269; x_wconf 82' lang='lat' dir='ltr'><strong>Attali</strong></span> <span class='ocrx_word' id='word_1_550' title='bbox 861 2245 889 2268; x_wconf 90' lang='lat' dir='ltr'><strong>et</strong></span> 
     </span>
    </p>
   </div>
   <div class='ocr_carea' id='block_1_93' title="bbox 95 2287 888 2326">
    <p class='ocr_par' dir='ltr' id='par_1_93' title="bbox 95 2287 888 2326">
     <span class='ocr_line' id='line_1_93' title="bbox 95 2287 888 2326; baseline -0.003 -9"><span class='ocrx_word' id='word_1_551' title='bbox 95 2291 236 2323; x_wconf 82' lang='lat' dir='ltr'><strong>Eumenis,</strong></span> <span class='ocrx_word' id='word_1_552' title='bbox 262 2291 495 2326; x_wconf 75' lang='lat' dir='ltr'><strong>Pergamenorum</strong></span> <span class='ocrx_word' id='word_1_553' title='bbox 521 2297 634 2325; x_wconf 79' lang='lat' dir='ltr'><strong>regum,</strong></span> <span class='ocrx_word' id='word_1_554' title='bbox 657 2294 790 2323; x_wconf 80' lang='lat' dir='ltr'><strong>tempore.</strong></span> <span class='ocrx_word' id='word_1_555' title='bbox 815 2287 888 2315; x_wconf 79' lang='lat' dir='ltr'><strong>Scri-</strong></span> 
     </span>
    </p>
   </div>
   <div class='ocr_carea' id='block_1_94' title="bbox 95 2334 888 2373">
    <p class='ocr_par' dir='ltr' id='par_1_94' title="bbox 95 2334 888 2373">
     <span class='ocr_line' id='line_1_94' title="bbox 95 2334 888 2373; baseline -0.006 -8"><span class='ocrx_word' id='word_1_556' title='bbox 95 2338 145 2372; x_wconf 81' lang='lat' dir='ltr'><strong>psit</strong></span> <span class='ocrx_word' id='word_1_557' title='bbox 156 2338 316 2372; x_wconf 67' lang='grc' dir='ltr'>φίλοσόςρων</span> <span class='ocrx_word' id='word_1_558' title='bbox 331 2336 440 2373; x_wconf 77' lang='grc' dir='ltr'>βιϐλίων</span> <span class='ocrx_word' id='word_1_559' title='bbox 456 2335 631 2370; x_wconf 79' lang='grc' dir='ltr'><strong>διορθωτικὰ,</strong></span> <span class='ocrx_word' id='word_1_560' title='bbox 647 2334 888 2370; x_wconf 81' lang='lat' dir='ltr'><strong>philosophicon</strong></span> 
     </span>
    </p>
   </div>
   <div class='ocr_carea' id='block_1_95' title="bbox 95 2380 889 2416">
    <p class='ocr_par' dir='ltr' id='par_1_95' title="bbox 95 2380 889 2416">
     <span class='ocr_line' id='line_1_95' title="bbox 95 2380 889 2416; baseline -0.003 -8"><span class='ocrx_word' id='word_1_561' title='bbox 95 2383 222 2410; x_wconf 84' lang='lat' dir='ltr'><strong>librorum</strong></span> <span class='ocrx_word' id='word_1_562' title='bbox 256 2383 485 2412; x_wconf 79' lang='lat' dir='ltr'><strong>emendationem,</strong></span> <span class='ocrx_word' id='word_1_563' title='bbox 513 2380 620 2416; x_wconf 83' lang='lat' dir='ltr'><strong>aliaque</strong></span> <span class='ocrx_word' id='word_1_564' title='bbox 655 2380 753 2408; x_wconf 88' lang='lat' dir='ltr'><strong>multa.</strong></span> <span class='ocrx_word' id='word_1_565' title='bbox 791 2380 889 2411; x_wconf 84' lang='lat' dir='ltr'><strong>Docuit</strong></span> 
     </span>
    </p>
   </div>
   <div class='ocr_carea' id='block_1_96' title="bbox 95 2427 889 2464">
    <p class='ocr_par' dir='ltr' id='par_1_96' title="bbox 95 2427 889 2464">
     <span class='ocr_line' id='line_1_96' title="bbox 95 2427 889 2464; baseline -0.001 -9"><span class='ocrx_word' id='word_1_566' title='bbox 95 2428 186 2457; x_wconf 62' lang='lat' dir='ltr'><strong>Romae</strong></span> <span class='ocrx_word' id='word_1_567' title='bbox 221 2434 348 2463; x_wconf 82' lang='lat' dir='ltr'><strong>tempore</strong></span> <span class='ocrx_word' id='word_1_568' title='bbox 379 2428 501 2464; x_wconf 86' lang='lat' dir='ltr'><strong>Pompeii</strong></span> <span class='ocrx_word' id='word_1_569' title='bbox 530 2428 630 2464; x_wconf 75' lang='lat' dir='ltr'><strong>Magni,</strong></span> <span class='ocrx_word' id='word_1_570' title='bbox 663 2433 690 2455; x_wconf 89' lang='lat' dir='ltr'><strong>et</strong></span> <span class='ocrx_word' id='word_1_571' title='bbox 717 2427 889 2455; x_wconf 70' lang='lat' dir='ltr'><strong>Alexandriae</strong></span> 
     </span>
    </p>
   </div>
   <div class='ocr_carea' id='block_1_97' title="bbox 94 2475 889 2511">
    <p class='ocr_par' dir='ltr' id='par_1_97' title="bbox 94 2475 889 2511">
     <span class='ocr_line' id='line_1_97' title="bbox 94 2475 889 2511; baseline -0.003 -9"><span class='ocrx_word' id='word_1_572' title='bbox 94 2480 223 2511; x_wconf 76' lang='lat' dir='ltr'><strong>regnante</strong></span> <span class='ocrx_word' id='word_1_573' title='bbox 257 2475 407 2503; x_wconf 69' lang='lat' dir='ltr'><strong>Ptolemaeo</strong></span> <span class='ocrx_word' id='word_1_574' title='bbox 424 2479 536 2511; x_wconf 12' lang='lat' dir='ltr'><strong>quarto,</strong></span> <span class='ocrx_word' id='word_1_575' title='bbox 551 2475 712 2503; x_wconf 85' lang='lat' dir='ltr'><strong>adolescens</strong></span> <span class='ocrx_word' id='word_1_576' title='bbox 736 2481 889 2502; x_wconf 88' lang='lat' dir='ltr'><strong>commora-</strong></span> 
     </span>
    </p>
   </div>
   <div class='ocr_carea' id='block_1_98' title="bbox 94 2527 210 2551">
    <p class='ocr_par' dir='ltr' id='par_1_98' title="bbox 94 2527 210 2551">
     <span class='ocr_line' id='line_1_98' title="bbox 94 2527 210 2551; baseline 0.009 -2"><span class='ocrx_word' id='word_1_577' title='bbox 94 2527 135 2551; x_wconf 90' lang='lat' dir='ltr'><strong>tus</strong></span> <span class='ocrx_word' id='word_1_578' title='bbox 157 2527 210 2551; x_wconf 86' lang='lat' dir='ltr'><strong>est.</strong></span> 
     </span>
    </p>
   </div>
   <div class='ocr_carea' id='block_1_99' title="bbox 127 2567 890 2606">
    <p class='ocr_par' dir='ltr' id='par_1_99' title="bbox 127 2567 890 2606">
     <span class='ocr_line' id='line_1_99' title="bbox 127 2567 890 2606; baseline -0.008 -7"><span class='ocrx_word' id='word_1_579' title='bbox 127 2572 302 2606; x_wconf 62' lang='lat' dir='ltr'><strong>Asclepiadis</strong></span> <span class='ocrx_word' id='word_1_580' title='bbox 316 2590 323 2602; x_wconf 89' lang='lat'><strong>,</strong></span> <span class='ocrx_word' id='word_1_581' title='bbox 355 2569 473 2602; x_wconf 80' lang='lat' dir='ltr'><strong>medici,</strong></span> <span class='ocrx_word' id='word_1_582' title='bbox 499 2568 533 2596; x_wconf 80' lang='lat' dir='ltr'><strong>ab</strong></span> <span class='ocrx_word' id='word_1_583' title='bbox 557 2567 727 2604; x_wconf 69' lang='lat' dir='ltr'><strong>Esculapio,</strong></span> <span class='ocrx_word' id='word_1_584' title='bbox 747 2568 890 2597; x_wconf 69' lang='lat' dir='ltr'><strong>medicina:</strong></span> 
     </span>
    </p>
   </div>
   <div class='ocr_carea' id='block_1_100' title="bbox 92 2620 721 2654">
    <p class='ocr_par' dir='ltr' id='par_1_100' title="bbox 92 2620 721 2654">
     <span class='ocr_line' id='line_1_100' title="bbox 92 2620 721 2654; baseline 0.014 -9"><span class='ocrx_word' id='word_1_585' title='bbox 92 2620 169 2653; x_wconf 68' lang='lat' dir='ltr'><strong>pmsi</strong></span> <span class='ocrx_word' id='word_1_586' title='bbox 174 2640 176 2642; x_wconf 80' lang='lat'><strong>.</strong></span> <span class='ocrx_word' id='word_1_587' title='bbox 182 2621 215 2647; x_wconf 83' lang='lat' dir='ltr'><strong>le.</strong></span> <span class='ocrx_word' id='word_1_588' title='bbox 718 2651 721 2654; x_wconf 48' lang='lat'><strong>.</strong></span> 
     </span>
    </p>
   </div>
   <div class='ocr_carea' id='block_1_101' title="bbox 126 2661 890 2701">
    <p class='ocr_par' dir='ltr' id='par_1_101' title="bbox 126 2661 890 2701">
     <span class='ocr_line' id='line_1_101' title="bbox 126 2661 890 2701; baseline -0.007 -8"><span class='ocrx_word' id='word_1_589' title='bbox 126 2665 355 2701; x_wconf 81' lang='lat' dir='ltr'><strong>Asclepiodotus,</strong></span> <span class='ocrx_word' id='word_1_590' title='bbox 373 2664 585 2695; x_wconf 80' lang='lat' dir='ltr'><strong>Alexandrinus,</strong></span> <span class='ocrx_word' id='word_1_591' title='bbox 609 2661 643 2690; x_wconf 88' lang='lat' dir='ltr'><strong>de</strong></span> <span class='ocrx_word' id='word_1_592' title='bbox 659 2669 712 2697; x_wconf 86' lang='lat' dir='ltr'><strong>quo</strong></span> <span class='ocrx_word' id='word_1_593' title='bbox 726 2661 810 2691; x_wconf 86' lang='lat' dir='ltr'><strong>multa</strong></span> <span class='ocrx_word' id='word_1_594' title='bbox 827 2661 890 2689; x_wconf 92' lang='lat' dir='ltr'><strong>Sui-</strong></span> 
     </span>
    </p>
   </div>
   <div class='ocr_carea' id='block_1_102' title="bbox 93 2710 641 2749">
    <p class='ocr_par' dir='ltr' id='par_1_102' title="bbox 93 2710 641 2749">
     <span class='ocr_line' id='line_1_102' title="bbox 93 2710 641 2749; baseline -0.005 -9"><span class='ocrx_word' id='word_1_595' title='bbox 93 2712 140 2740; x_wconf 88' lang='lat' dir='ltr'><strong>das</strong></span> <span class='ocrx_word' id='word_1_596' title='bbox 161 2712 182 2746; x_wconf 82' lang='grc' dir='ltr'><strong>Ι,</strong></span> <span class='ocrx_word' id='word_1_597' title='bbox 204 2721 270 2749; x_wconf 75' lang='lat' dir='ltr'><strong>pag.</strong></span> <span class='ocrx_word' id='word_1_598' title='bbox 298 2712 351 2739; x_wconf 73' lang='lat'><strong>552</strong></span> <span class='ocrx_word' id='word_1_599' title='bbox 377 2720 420 2747; x_wconf 88' lang='lat' dir='ltr'><strong>sq.</strong></span> <span class='ocrx_word' id='word_1_600' title='bbox 447 2719 462 2738; x_wconf 78' lang='grc' dir='ltr'>θ</span> <span class='ocrx_word' id='word_1_601' title='bbox 486 2710 641 2738; x_wconf 79' lang='lat' dir='ltr'><strong>Damascio.</strong></span> 
     </span>
    </p>
   </div>
   <div class='ocr_carea' id='block_1_103' title="bbox 126 2758 460 2792">
    <p class='ocr_par' dir='ltr' id='par_1_103' title="bbox 126 2758 460 2792">
     <span class='ocr_line' id='line_1_103' title="bbox 126 2758 460 2792; baseline -0.006 -6"><span class='ocrx_word' id='word_1_602' title='bbox 126 2760 280 2792; x_wconf 86' lang='lat' dir='ltr'><strong>Asconius,</strong></span> <span class='ocrx_word' id='word_1_603' title='bbox 309 2758 460 2786; x_wconf 69' lang='lat' dir='ltr'><strong>Pazdianus.</strong></span> 
     </span>
    </p>
   </div>
   <div class='ocr_carea' id='block_1_104' title="bbox 125 2804 447 2838">
    <p class='ocr_par' dir='ltr' id='par_1_104' title="bbox 125 2804 447 2838">
     <span class='ocr_line' id='line_1_104' title="bbox 125 2804 447 2838; baseline -0.003 -5"><span class='ocrx_word' id='word_1_604' title='bbox 125 2806 255 2834; x_wconf 64' lang='lat' dir='ltr'><strong>ASU&#39;EIIS</strong></span> <span class='ocrx_word' id='word_1_605' title='bbox 264 2825 274 2838; x_wconf 88' lang='lat'><strong>,</strong></span> <span class='ocrx_word' id='word_1_606' title='bbox 299 2804 447 2833; x_wconf 77' lang='lat' dir='ltr'><strong>Hesiodus.</strong></span> 
     </span>
    </p>
   </div>
   <div class='ocr_carea' id='block_1_105' title="bbox 125 2847 891 2888">
    <p class='ocr_par' dir='ltr' id='par_1_105' title="bbox 125 2847 891 2888">
     <span class='ocr_line' id='line_1_105' title="bbox 125 2847 891 2888; baseline -0.008 -6"><span class='ocrx_word' id='word_1_607' title='bbox 125 2853 241 2882; x_wconf 80' lang='lat' dir='ltr'><strong>Asinius</strong></span> <span class='ocrx_word' id='word_1_608' title='bbox 265 2851 427 2888; x_wconf 52' lang='lat' dir='ltr'><strong>(‘Aatvvroﬁ</strong></span> <span class='ocrx_word' id='word_1_609' title='bbox 455 2850 554 2884; x_wconf 84' lang='lat' dir='ltr'><strong>Pollio,</strong></span> <span class='ocrx_word' id='word_1_610' title='bbox 582 2848 742 2884; x_wconf 80' lang='lat' dir='ltr'><strong>Romanus,</strong></span> <span class='ocrx_word' id='word_1_611' title='bbox 769 2847 891 2884; x_wconf 74' lang='grc' dir='ltr'><strong>ἱστορίας</strong></span> 
     </span>
    </p>
   </div>
   <div class='ocr_carea' id='block_1_106' title="bbox 939 2240 1734 2276">
    <p class='ocr_par' dir='ltr' id='par_1_106' title="bbox 939 2240 1734 2276">
     <span class='ocr_line' id='line_1_106' title="bbox 939 2240 1734 2276; baseline 0.001 -8"><span class='ocrx_word' id='word_1_612' title='bbox 939 2241 1050 2276; x_wconf 86' lang='lat' dir='ltr'><strong>scriprit</strong></span> <span class='ocrx_word' id='word_1_613' title='bbox 1069 2240 1218 2276; x_wconf 66' lang='lat' dir='ltr'><strong>tzagmdias</strong></span> <span class='ocrx_word' id='word_1_614' title='bbox 1235 2240 1337 2273; x_wconf 75' lang='lat' dir='ltr'><strong><em>CCXL.</em></strong></span> <span class='ocrx_word' id='word_1_615' title='bbox 1368 2241 1433 2269; x_wconf 88' lang='lat' dir='ltr'><strong>vicit</strong></span> <span class='ocrx_word' id='word_1_616' title='bbox 1451 2240 1510 2269; x_wconf 77' lang='lat' dir='ltr'><strong>XV.</strong></span> <span class='ocrx_word' id='word_1_617' title='bbox 1530 2241 1682 2276; x_wconf 81' lang='lat' dir='ltr'><strong>Antequam</strong></span> <span class='ocrx_word' id='word_1_618' title='bbox 1699 2241 1734 2269; x_wconf 88' lang='lat' dir='ltr'><strong>ad</strong></span> 
     </span>
    </p>
   </div>
   <div class='ocr_carea' id='block_1_107' title="bbox 940 2286 1734 2323">
    <p class='ocr_par' dir='ltr' id='par_1_107' title="bbox 940 2286 1734 2323">
     <span class='ocr_line' id='line_1_107' title="bbox 940 2286 1734 2323; baseline -0.001 -8"><span class='ocrx_word' id='word_1_619' title='bbox 940 2286 1088 2323; x_wconf 69' lang='lat' dir='ltr'><strong>tragmdias</strong></span> <span class='ocrx_word' id='word_1_620' title='bbox 1106 2287 1267 2315; x_wconf 84' lang='lat' dir='ltr'><strong>seribendas</strong></span> <span class='ocrx_word' id='word_1_621' title='bbox 1285 2295 1315 2315; x_wconf 86' lang='lat' dir='ltr'><strong>se</strong></span> <span class='ocrx_word' id='word_1_622' title='bbox 1331 2287 1486 2321; x_wconf 82' lang='lat' dir='ltr'><strong>conferret,</strong></span> <span class='ocrx_word' id='word_1_623' title='bbox 1506 2288 1611 2315; x_wconf 81' lang='lat' dir='ltr'><strong>audivit</strong></span> <span class='ocrx_word' id='word_1_624' title='bbox 1628 2288 1734 2316; x_wconf 83' lang='lat' dir='ltr'><strong>Isocra-</strong></span> 
     </span>
    </p>
   </div>
   <div class='ocr_carea' id='block_1_108' title="bbox 941 2341 1006 2366">
    <p class='ocr_par' dir='ltr' id='par_1_108' title="bbox 941 2341 1006 2366">
     <span class='ocr_line' id='line_1_108' title="bbox 941 2341 1006 2366; baseline 0.031 -4"><span class='ocrx_word' id='word_1_625' title='bbox 941 2341 960 2364; x_wconf 83' lang='lat' dir='ltr'><strong>It</strong></span> <span class='ocrx_word' id='word_1_626' title='bbox 968 2344 1006 2366; x_wconf 89' lang='lat' dir='ltr'><strong>m.</strong></span> 
     </span>
    </p>
   </div>
   <div class='ocr_carea' id='block_1_109' title="bbox 975 2381 1733 2421">
    <p class='ocr_par' dir='ltr' id='par_1_109' title="bbox 975 2381 1733 2421">
     <span class='ocr_line' id='line_1_109' title="bbox 975 2381 1733 2421; baseline -0.004 -9"><span class='ocrx_word' id='word_1_627' title='bbox 975 2385 1139 2421; x_wconf 79' lang='lat' dir='ltr'><strong>Astydamss</strong></span> <span class='ocrx_word' id='word_1_628' title='bbox 1149 2405 1157 2418; x_wconf 94' lang='lat'><strong>,</strong></span> <span class='ocrx_word' id='word_1_629' title='bbox 1171 2383 1275 2419; x_wconf 88' lang='lat' dir='ltr'><strong>junior,</strong></span> <span class='ocrx_word' id='word_1_630' title='bbox 1291 2382 1391 2417; x_wconf 78' lang='lat' dir='ltr'><strong>prioris</strong></span> <span class='ocrx_word' id='word_1_631' title='bbox 1405 2381 1491 2415; x_wconf 80' lang='lat' dir='ltr'><strong>ﬁlius,</strong></span> <span class='ocrx_word' id='word_1_632' title='bbox 1507 2383 1640 2417; x_wconf 82' lang='lat' dir='ltr'><strong>tragicus.</strong></span> <span class='ocrx_word' id='word_1_633' title='bbox 1652 2381 1733 2417; x_wconf 87' lang='lat' dir='ltr'><strong>cujus</strong></span> 
     </span>
    </p>
   </div>
   <div class='ocr_carea' id='block_1_110' title="bbox 940 2422 1734 2466">
    <p class='ocr_par' dir='ltr' id='par_1_110' title="bbox 940 2422 1734 2466">
     <span class='ocr_line' id='line_1_110' title="bbox 940 2422 1734 2466; baseline -0.006 -6"><span class='ocrx_word' id='word_1_634' title='bbox 940 2422 1064 2460; x_wconf 84' lang='lat' dir='ltr'><strong>drainata</strong></span> <span class='ocrx_word' id='word_1_635' title='bbox 1084 2431 1223 2466; x_wconf 77' lang='grc' dir='ltr'>Ἡρακλῆς</span> <span class='ocrx_word' id='word_1_636' title='bbox 1236 2429 1393 2463; x_wconf 76' lang='grc' dir='ltr'><strong>σατυρικὸς.</strong></span> <span class='ocrx_word' id='word_1_637' title='bbox 1414 2428 1561 2462; x_wconf 84' lang='grc' dir='ltr'>Ἐπίγονοι,</span> <span class='ocrx_word' id='word_1_638' title='bbox 1578 2430 1657 2459; x_wconf 74' lang='grc' dir='ltr'><strong>’Δῖας</strong></span> <span class='ocrx_word' id='word_1_639' title='bbox 1670 2437 1734 2463; x_wconf 70' lang='grc' dir='ltr'>μαι-</span> 
     </span>
    </p>
   </div>
   <div class='ocr_carea' id='block_1_111' title="bbox 939 2474 1732 2513">
    <p class='ocr_par' dir='ltr' id='par_1_111' title="bbox 939 2474 1732 2513">
     <span class='ocr_line' id='line_1_111' title="bbox 939 2474 1732 2513; baseline -0.005 -8"><span class='ocrx_word' id='word_1_640' title='bbox 939 2479 1053 2513; x_wconf 82' lang='grc' dir='ltr'>νόμενος</span> <span class='ocrx_word' id='word_1_641' title='bbox 1067 2499 1074 2511; x_wconf 91' lang='lat'><strong>,</strong></span> <span class='ocrx_word' id='word_1_642' title='bbox 1090 2477 1307 2512; x_wconf 77' lang='grc' dir='ltr'>Βελλεροφόντης</span> <span class='ocrx_word' id='word_1_643' title='bbox 1317 2495 1326 2508; x_wconf 85' lang='lat'><strong>,</strong></span> <span class='ocrx_word' id='word_1_644' title='bbox 1342 2474 1437 2510; x_wconf 81' lang='grc' dir='ltr'><strong>Τυρὼ,</strong></span> <span class='ocrx_word' id='word_1_645' title='bbox 1459 2475 1616 2510; x_wconf 64' lang='grc' dir='ltr'><strong>Ἀλκμήνη,</strong></span> <span class='ocrx_word' id='word_1_646' title='bbox 1631 2474 1732 2507; x_wconf 75' lang='grc' dir='ltr'>Φοῖνιξ,</span> 
     </span>
    </p>
   </div>
   <div class='ocr_carea' id='block_1_112' title="bbox 941 2524 1118 2560">
    <p class='ocr_par' dir='ltr' id='par_1_112' title="bbox 941 2524 1118 2560">
     <span class='ocr_line' id='line_1_112' title="bbox 941 2524 1118 2560; baseline -0.017 -7"><span class='ocrx_word' id='word_1_647' title='bbox 941 2524 1118 2560; x_wconf 81' lang='grc' dir='ltr'><strong>Παλαμήδης.</strong></span> 
     </span>
    </p>
   </div>
   <div class='ocr_carea' id='block_1_113' title="bbox 976 2566 1733 2604">
    <p class='ocr_par' dir='ltr' id='par_1_113' title="bbox 976 2566 1733 2604">
     <span class='ocr_line' id='line_1_113' title="bbox 976 2566 1733 2604; baseline -0.004 -6"><span class='ocrx_word' id='word_1_648' title='bbox 976 2571 1143 2603; x_wconf 71' lang='lat' dir='ltr'><strong>Athenaeus,</strong></span> <span class='ocrx_word' id='word_1_649' title='bbox 1159 2568 1317 2597; x_wconf 81' lang='lat' dir='ltr'><strong>Naucratita</strong></span> <span class='ocrx_word' id='word_1_650' title='bbox 1329 2588 1336 2601; x_wconf 92' lang='lat'><strong>,</strong></span> <span class='ocrx_word' id='word_1_651' title='bbox 1354 2567 1566 2604; x_wconf 73' lang='lat' dir='ltr'><strong>grammaticus,</strong></span> <span class='ocrx_word' id='word_1_652' title='bbox 1582 2567 1628 2603; x_wconf 86' lang='lat' dir='ltr'><strong>qui</strong></span> <span class='ocrx_word' id='word_1_653' title='bbox 1649 2566 1733 2596; x_wconf 77' lang='lat' dir='ltr'><strong>Marci</strong></span> 
     </span>
    </p>
   </div>
   <div class='ocr_carea' id='block_1_114' title="bbox 941 2613 1734 2652">
    <p class='ocr_par' dir='ltr' id='par_1_114' title="bbox 941 2613 1734 2652">
     <span class='ocr_line' id='line_1_114' title="bbox 941 2613 1734 2652; baseline -0.005 -8"><span class='ocrx_word' id='word_1_654' title='bbox 941 2616 1008 2652; x_wconf 89' lang='lat' dir='ltr'><strong>imp.</strong></span> <span class='ocrx_word' id='word_1_655' title='bbox 1024 2620 1145 2651; x_wconf 81' lang='lat' dir='ltr'><strong>tempore</strong></span> <span class='ocrx_word' id='word_1_656' title='bbox 1159 2615 1239 2648; x_wconf 81' lang='lat' dir='ltr'><strong>vixit,</strong></span> <span class='ocrx_word' id='word_1_657' title='bbox 1255 2614 1363 2649; x_wconf 87' lang='lat' dir='ltr'><strong>scripsit</strong></span> <span class='ocrx_word' id='word_1_658' title='bbox 1378 2614 1478 2641; x_wconf 88' lang='lat' dir='ltr'><strong>librum</strong></span> <span class='ocrx_word' id='word_1_659' title='bbox 1502 2613 1549 2648; x_wconf 89' lang='lat' dir='ltr'><strong>qui</strong></span> <span class='ocrx_word' id='word_1_660' title='bbox 1573 2613 1734 2640; x_wconf 85' lang='lat' dir='ltr'><strong>inscribitur</strong></span> 
     </span>
    </p>
   </div>
   <div class='ocr_carea' id='block_1_115' title="bbox 942 2662 1248 2698">
    <p class='ocr_par' dir='ltr' id='par_1_115' title="bbox 942 2662 1248 2698">
     <span class='ocr_line' id='line_1_115' title="bbox 942 2662 1248 2698; baseline -0.007 -8"><span class='ocrx_word' id='word_1_661' title='bbox 942 2662 1181 2698; x_wconf 74' lang='grc' dir='ltr'>Δειπνοσοφισταὶ,</span> <span class='ocrx_word' id='word_1_662' title='bbox 1195 2666 1248 2689; x_wconf 85' lang='lat' dir='ltr'><strong>etc.</strong></span> 
     </span>
    </p>
   </div>
   <div class='ocr_carea' id='block_1_116' title="bbox 977 2704 1733 2743">
    <p class='ocr_par' dir='ltr' id='par_1_116' title="bbox 977 2704 1733 2743">
     <span class='ocr_line' id='line_1_116' title="bbox 977 2704 1733 2743; baseline -0.003 -6"><span class='ocrx_word' id='word_1_663' title='bbox 977 2709 1188 2743; x_wconf 80' lang='lat' dir='ltr'><strong>Athenodorus,</strong></span> <span class='ocrx_word' id='word_1_664' title='bbox 1204 2707 1307 2736; x_wconf 82' lang='lat' dir='ltr'><strong>stoicus</strong></span> <span class='ocrx_word' id='word_1_665' title='bbox 1323 2706 1502 2743; x_wconf 87' lang='lat' dir='ltr'><strong>philosophus</strong></span> <span class='ocrx_word' id='word_1_666' title='bbox 1517 2705 1569 2734; x_wconf 85' lang='lat' dir='ltr'><strong>sub</strong></span> <span class='ocrx_word' id='word_1_667' title='bbox 1583 2704 1733 2736; x_wconf 82' lang='lat' dir='ltr'><strong>Octaviano</strong></span> 
     </span>
    </p>
   </div>
   <div class='ocr_carea' id='block_1_117' title="bbox 942 2757 1092 2791">
    <p class='ocr_par' dir='ltr' id='par_1_117' title="bbox 942 2757 1092 2791">
     <span class='ocr_line' id='line_1_117' title="bbox 942 2757 1092 2791; baseline -0.013 -7"><span class='ocrx_word' id='word_1_668' title='bbox 942 2757 1022 2791; x_wconf 90' lang='lat' dir='ltr'><strong>lmp.,</strong></span> <span class='ocrx_word' id='word_1_669' title='bbox 1038 2762 1092 2783; x_wconf 83' lang='lat' dir='ltr'><strong>etc.</strong></span> 
     </span>
    </p>
   </div>
   <div class='ocr_carea' id='block_1_118' title="bbox 977 2799 1731 2837">
    <p class='ocr_par' dir='ltr' id='par_1_118' title="bbox 977 2799 1731 2837">
     <span class='ocr_line' id='line_1_118' title="bbox 977 2799 1731 2837; baseline -0.005 -6"><span class='ocrx_word' id='word_1_670' title='bbox 977 2803 1189 2834; x_wconf 83' lang='lat' dir='ltr'><strong>Athenodorus,</strong></span> <span class='ocrx_word' id='word_1_671' title='bbox 1202 2801 1314 2837; x_wconf 84' lang='lat' dir='ltr'><strong>junior,</strong></span> <span class='ocrx_word' id='word_1_672' title='bbox 1332 2800 1462 2828; x_wconf 86' lang='lat' dir='ltr'><strong>omnibus</strong></span> <span class='ocrx_word' id='word_1_673' title='bbox 1477 2799 1512 2828; x_wconf 83' lang='lat' dir='ltr'><strong>ad</strong></span> <span class='ocrx_word' id='word_1_674' title='bbox 1529 2799 1731 2835; x_wconf 75' lang='lat' dir='ltr'><strong>philosophiam</strong></span> 
     </span>
    </p>
   </div>
   <div class='ocr_carea' id='block_1_119' title="bbox 942 2844 1734 2884">
    <p class='ocr_par' dir='ltr' id='par_1_119' title="bbox 942 2844 1734 2884">
     <span class='ocr_line' id='line_1_119' title="bbox 942 2844 1734 2884; baseline -0.009 -6"><span class='ocrx_word' id='word_1_675' title='bbox 942 2849 1074 2878; x_wconf 80' lang='lat' dir='ltr'><strong>subsidiis</strong></span> <span class='ocrx_word' id='word_1_676' title='bbox 1093 2849 1128 2877; x_wconf 82' lang='lat' dir='ltr'><strong>ab</strong></span> <span class='ocrx_word' id='word_1_677' title='bbox 1152 2848 1262 2884; x_wconf 75' lang='lat' dir='ltr'><strong>ingenio</strong></span> <span class='ocrx_word' id='word_1_678' title='bbox 1281 2851 1309 2875; x_wconf 85' lang='lat' dir='ltr'><strong>et</strong></span> <span class='ocrx_word' id='word_1_679' title='bbox 1327 2850 1401 2875; x_wconf 81' lang='lat' dir='ltr'><strong>recta</strong></span> <span class='ocrx_word' id='word_1_680' title='bbox 1423 2845 1507 2875; x_wconf 87' lang='lat' dir='ltr'><strong>animi</strong></span> <span class='ocrx_word' id='word_1_681' title='bbox 1524 2846 1664 2873; x_wconf 76' lang='lat' dir='ltr'><strong>voluntate</strong></span> <span class='ocrx_word' id='word_1_682' title='bbox 1689 2844 1734 2877; x_wconf 62' lang='lat' dir='ltr'><strong>in:</strong></span> 
     </span>
    </p>
   </div>
  </div>
