1912 3072
185 160 251 194 1211

824 157 973 188 SUIDAS.
985 170 1018 175 —
1028 155 1197 186 NOTITIA.

1751 143 1822 176 1212

186 217 330 252 Hesychia,
353 223 429 251 quem
452 215 640 251 contpilabant.
666 215 706 242 vel
735 214 795 242 aliis
825 212 973 249 glossariis.
991 215 1012 243 Α
1027 211 1201 245 dilucideque
1217 207 1343 245 patefecit
1358 206 1394 234 cl.
1408 204 1547 236 Mullerus,
1563 206 1655 230 rector
1670 201 1819 230 Citzensis.

185 270 259 290 nunc
273 261 351 289 nobis
376 261 488 296 ignotis,
506 261 616 293 debere,
638 260 679 287 vel
700 259 810 294 proprio
832 259 923 286 studio
939 265 971 284 es

186 312 306 335 veterum
331 308 495 342 scriptormn
524 306 727 334 commentariis
747 312 773 333 et
795 305 906 332 scholiis
924 313 972 330 cx-

184 354 336 387 cerpsisse;
362 353 395 380 de
415 353 515 388 glossis
532 353 616 380 sacris
641 351 818 388 liesyehianis
845 351 909 386 quid
928 351 973 378 alii

184 398 236 425 viri
250 398 322 425 docti
337 397 471 432 judicent,
487 397 543 432 jam
558 398 675 425 vidimus
692 399 718 424 in
735 398 823 431 capite
839 397 872 424 de
888 397 972 432 llusy-

186 444 265 477 chio;
279 443 391 470 Suidam
409 447 500 470 autem
522 452 553 470 ex
567 445 628 470 aliis
649 436 821 479 p'ntissimnm
842 444 973 473 fontibus,

187 490 268 518 hodie
294 490 439 516 maximam
467 496 568 525 partem
595 490 665 517 haud
692 489 809 525 ignotis,
839 489 974 518 hausisse,

187 536 280 563 itidrm
297 536 324 562 in
344 537 393 562 hoc
412 535 501 568 capite
518 536 718 562 adnotavimus.
733 550 768 556 -—-
783 534 839 561 Cel.
855 534 974 562 Schnlzii

187 581 325 615 specimen
345 579 500 608 Observatt.
520 581 633 608 miseell.
650 581 676 607 iu
693 581 803 607 Suidam
819 580 874 614 jam
892 587 973 614 supra

187 627 370 655 laudavimus.
393 626 440 654 Vir
466 632 557 654 autem
589 626 662 655 doct.
694 628 867 661 pt‘t'scqttilut‘
892 627 977 652 multa

189 673 280 700 Suida:
309 673 367 700 loca
393 673 428 700 ab
454 674 554 704 Ἀατος
578 681 666 708 usque
691 673 722 699 ad
744 672 876 707 ‘EppaOi,
893 680 978 706 caque

189 719 272 747 ntodo
301 719 359 746 face
383 719 477 746 critica
508 719 634 750 illustrat,
661 719 741 745 modo
766 717 854 745 fontes
881 717 977 752 aperit,

189 764 263 792 unde
279 764 399 791 hauserit
412 764 521 796 Suidas,
540 764 621 791 modo
637 771 680 790 res
694 764 829 797 verbaque
843 769 980 797 gramma-

189 812 305 839 ticorum
323 819 400 840 more
421 811 548 846 explicat.
575 826 609 830 —
635 811 735 837 Locum
762 810 853 836 Suida:
877 809 980 842 [hepa-

190 859 304 893 φοί-τωρ,
321 863 373 885 etc.
390 858 535 886 emendare
557 858 734 885 instituerunt
753 855 870 883 Brncker
885 860 913 882 et
931 854 981 880 Fa-

189 906 292 934 bricius
311 906 337 932 iu
356 906 457 933 mutuis
482 906 617 941 epistolis,
639 904 772 939 subjectis
794 902 924 934 Reimari,
941 900 978 928 De

191 952 254 978 vita.
262 951 433 978 etc.F’abricii
443 951 642 981 commentario,
652 958 712 985 pag.
721 949 776 977 225
785 956 814 982 sq
821 947 978 976 .——Suidam

191 996 337 1031 aliquoties
353 997 508 1024 emendavit
519 996 617 1032 Taylor
629 996 654 1022 in
672 994 834 1022 lectiOnibns
847 992 979 1028 Lysiaris,

191 1042 268 1078 prati.
285 1043 357 1070 illius
372 1043 484 1070 editioni
496 1042 593 1078 Lysiae,
611 1041 726 1069 Londini
744 1041 823 1071 1759,
835 1041 862 1072 4,
880 1048 940 1074 cap.
953 1040 978 1066 5.

191 1089 262 1117 Num
292 1095 383 1117 autem
413 1089 456 1117 Jo.
485 1089 594 1124 Taylori
629 1089 764 1123 appendix
795 1092 922 1114 notarum
954 1087 981 1113 in

193 1135 285 1163 Suidae
300 1135 417 1162 Lexicon
434 1137 472 1169 (ν.
486 1135 674 1169 Bu-t’tggemanu
695 1132 760 1160 View
776 1132 807 1168 of
819 1133 860 1158 the
874 1131 981 1166 English

193 1181 327 1215 Editions,
344 1187 410 1214 etc.,
438 1189 490 1217 pag
516 1181 591 1214 4-58),
616 1180 703 1208 lucem
729 1180 838 1210 viderit,
855 1178 982 1212 equidem

193 1228 298 1255 nescio.
317 1226 448 1261 Villoison
462 1227 487 1253 in
506 1226 606 1253 Auecd.
620 1225 657 1253 Gr
683 1226 716 1258 ll,
735 1233 794 1260 pag.
810 1225 854 1256 5i,
871 1232 898 1251 n.
913 1224 938 1256 l,
955 1227 983 1250 et

194 1281 257 1309 pag.
272 1273 334 1305 165,
351 1278 420 1305 not.,
431 1273 486 1300 duo
498 1272 590 1300 Suidm
603 1273 660 1300 loca
679 1272 797 1299 illustrat
810 1271 981 1298 emendatve.

196 1321 249 1348 Sed
267 1321 403 1348 inﬁnitum
417 1321 497 1352 foret,
516 1321 607 1347 omnia
623 1327 771 1354 congerere
795 1324 822 1346 et
839 1319 983 1350 adnotare,

196 1374 258 1402 quae
273 1365 478 1398 llemsterhus.,
505 1364 710 1398 Valckenarius,
735 1364 886 1397 Markland,
910 1363 985 1391 Pier-

196 1419 258 1443 son.
277 1413 367 1443 Korn,
392 1412 554 1446 interpretes
571 1412 606 1439 ad
630 1410 764 1438 Thomam
790 1411 858 1445 Mag.
884 1410 986 1446 aliique

198 1457 276 1484 multi
290 1457 339 1485 viri
357 1457 449 1486 Graece
465 1458 536 1484 docti
561 1457 662 1493 passim
681 1458 706 1484 in
723 1457 796 1484 notis
813 1457 846 1484 ad
861 1461 987 1485 auctores

198 1503 330 1530 classicos
360 1507 407 1530 aut
429 1503 493 1530 alibi
520 1503 546 1529 in
569 1503 645 1529 libris
677 1502 782 1535 Ohss.,
814 1502 988 1530 Emendatio—

201 1557 278 1582 num,
294 1554 359 1581 elc.,
387 1550 420 1577 ad
437 1549 551 1576 Suidatn
569 1549 760 1576 illustrandum
781 1549 988 1584 corrigendum-

199 1602 254 1630 que
282 1595 356 1622 varia
383 1595 488 1622 ratione
506 1599 533 1622 et
555 1596 663 1622 fortuna
689 1594 873 1622 contulerunt.
898 1594 987 1621 Pauca

199 1647 304 1669 tantum
333 1642 454 1668 indicare
480 1641 542 1668 libet
570 1649 668 1676 opera,
701 1641 727 1667 in
750 1641 868 1675 quibus,
898 1641 989 1668 delita

199 1695 282 1722 opera
309 1693 334 1714 et
349 1688 458 1722 copiose
483 1692 667 1722 pertractatnr
688 1687 778 1713 Suida:
806 1687 935 1714 Lexicon.
958 1703 991 1709 —

201 1733 309 1763 Ernesti
323 1734 417 1767 junior
439 1733 465 1759 in
480 1732 587 1760 Comm.
609 1732 643 1759 de
659 1731 782 1767 Procopii
795 1732 895 1760 Caesar.
915 1741 990 1760 com-

201 1780 356 1811 mentariis,
373 1783 437 1810 etc.,
454 1787 516 1814 pag.
533 1779 560 1811 4,
579 1783 695 1811 notarat,
712 1777 850 1806 Olearium
866 1779 991 1814 exeruplo

203 1833 254 1853 suo
284 1825 383 1853 mnltas
407 1825 481 1852 obss.
506 1825 601 1852 doctas
623 1824 791 1859 aseripsisse.
819 1824 916 1852 Postea
942 1825 991 1852 viri

202 1873 277 1902 illius
293 1870 568 1901 homauissimicura
583 1873 609 1899 in
627 1873 715 1900 lucem
736 1873 789 1900 ilhc
804 1873 965 1907 prodierunt
978 1881 993 1900 e

204 1921 324 1948 tenebris
340 1921 366 1947 in
382 1920 451 1946 lilzro
469 1920 619 1954 inscripto:
635 1918 681 1946 Ιο.
695 1919 762 1953 Aug.
779 1919 885 1946 Ernesti
899 1918 994 1946 Obser-

203 1971 269 1994 aatt.
292 1967 568 2001 pltilolagico-criticw
592 1966 616 1992 in
646 1965 832 2000 Aristophanis
854 1965 945 1992 Nubes
970 1969 994 1992 et

204 2013 293 2041 Flavii
306 2013 415 2049 Iosephi
431 2013 543 2048 Autiqq.
560 2011 624 2040 Iud.
650 2013 832 2040 AcoesSeruut
847 2011 993 2039 Godofredi

205 2061 305 2090 Olearii
321 2061 432 2094 notwfad
442 2059 565 2087 Suidum.
580 2059 678 2094 Lipsiae
690 2058 771 2089 1795,
786 2057 886 2085 Mai.8.
903 2057 996 2084 Enim-

207 2116 272 2136 vero
288 2112 358 2135 uota:
372 2107 405 2134 ad
422 2107 545 2137 Suidam,
562 2113 624 2140 quae
647 2104 786 2132 immerito
809 2103 997 2130 attribuuntur

207 2155 328 2187 Olcario,
353 2159 381 2182 et
405 2153 578 2188 potissimum
604 2154 730 2186 spectant
745 2150 779 2177 ad
798 2157 841 2176 res
860 2150 999 2176 homines-

206 2210 272 2238 que,
289 2201 322 2228 de
339 2201 438 2236 quibus
455 2207 545 2227 sermo
561 2203 604 2226 est
616 2197 686 2232 apttd
703 2196 828 2227 Suidam,
840 2195 997 2223 lieinesium

209 2250 299 2284 potius
326 2248 427 2274 habent
444 2249 595 2281 parentem.
617 2259 652 2264 —
671 2243 720 2271 Hic
736 2243 807 2269 enim
827 2243 869 2269 vir
883 2242 995 2270 doctiss.

209 2300 237 2323 et
263 2293 458 2322 solertissimus
480 2292 582 2324 Suid>e,
610 2291 644 2318 ab
672 2289 783 2317 ZEmilio
814 2288 895 2316 Porto
921 2289 996 2321 editi,

210 2340 372 2375 exemplari,
386 2339 458 2374 quod
473 2339 555 2365 Citza‘.
572 2337 598 2364 in
616 2337 682 2364 bibl.
700 2337 807 2371 publica
832 2335 922 2362 adhuc
939 2343 997 2362 ser-

210 2391 299 2417 vatur.
317 2385 402 2412 multa
419 2384 593 2418 ascripserat,
614 2382 714 2418 quibus
731 2382 884 2408 versionem
905 2389 999 2408 emcn-

211 2432 291 2460 darat
304 2430 439 2462 Latinam,
452 2430 494 2456 vel
510 2434 613 2456 textum
633 2429 734 2463 ipsum,
748 2427 884 2462 praetipue
900 2434 962 2454 seca
970 2435 1000 2454 n-

212 2481 275 2507 dum
289 2479 355 2506 edit.
374 2477 580 2507 Mediolanens"
596 2482 666 2508 saepe
680 2481 728 2508 per
742 2472 937 2506 conjecturam,
954 2476 1002 2499 aut

213 2533 262 2561 per
276 2524 508 2559 comparationem
523 2525 664 2548 auctorum
687 2527 701 2546 e
712 2519 811 2554 quibus
826 2518 926 2546 Suidas
938 2525 1003 2546 Suas

213 2574 305 2602 hausit
323 2573 437 2608 glossas,
452 2570 592 2605 supplet-at
613 2568 738 2599 laeuuas,
756 2571 804 2593 aut
816 2574 907 2592 veram
921 2566 1002 2593 resti-

215 2625 305 2648 tuerat
328 2619 470 2647 lectionem
482 2638 489 2649 ,
507 2616 607 2650 saepius
626 2614 738 2642 nomina
758 2613 925 2647 explicuerat
941 2619 1004 2646 pro-

214 2668 273 2703 pria
297 2672 447 2699 eorumque
471 2664 525 2690 vim
552 2668 579 2689 et
596 2666 755 2697 potestatem
778 2665 825 2687 aut
850 2659 1003 2690 historiam,

215 2718 263 2742 aut
284 2713 360 2741 novis
371 2711 560 2746 locupletarat.
576 2708 630 2735 llas
645 2707 823 2734 Reinesianas
836 2704 1006 2732 observatio-

216 2768 264 2787 nes
275 2761 301 2787 iu
318 2767 397 2787 suum
413 2757 537 2785 Olearius
550 2752 872 2786 transtuleratexemplar
886 2760 892 2778 :
907 2751 1006 2777 multas

217 2813 308 2834 tamen
335 2810 430 2833 acutas
463 2802 584 2831 Rei-uesii
622 2799 828 2828 emendatioues
855 2797 1031 2831 doctasque.

218 2851 403 2886 expositiones
430 2849 565 2885 neglexit,
588 2851 683 2875 contra
704 2844 829 2881 proprias
858 2843 1005 2878 quasdam,

220 2903 321 2931 easque
349 2894 485 2924 interdum
513 2894 628 2921 leviores
653 2892 768 2924 adlevit;
800 2890 838 2923 id,
865 2889 935 2924 quod
956 2889 1010 2917 late

1026 259 1053 285 in
1078 258 1171 292 Progr.
1189 257 1221 284 de
1239 255 1334 287 Suida,
1359 251 1599 281 observationibus
1626 248 1748 276 Reinesii
1771 256 1820 275 or-

1025 309 1099 336 nato,
1119 304 1201 332 Citzze
1229 307 1256 330 et
1283 300 1383 335 Lipsize
1409 293 1528 330 “96,8.
1547 296 1621 323 Idem
1643 294 1747 324 docuit,
1762 294 1820 328 jam

1026 351 1172 378 Kusterum
1197 349 1278 376 tacite
1299 353 1447 382 usurpasse
1471 344 1622 371 observalt.
1644 342 1705 368 illas
1719 340 1820 368 Reine—

1026 399 1128 425 sianas.

1062 445 1091 471 ln
1109 442 1203 478 primis
1219 441 1344 468 notamina
1361 443 1425 467 sunt
1440 437 1485 466 lo.
1505 435 1604 471 Toupii
1623 434 1820 462 emendatione;

1026 489 1053 516 in
1068 488 1191 519 Suidam,
1210 488 1237 514 in
1254 486 1354 522 quibus
1375 485 1492 520 plurima
1515 483 1574 510 loca
1590 487 1657 509 vett.
1683 480 1770 507 Graec.
1783 492 1820 502 -

1029 540 1085 562 tum
1100 535 1280 568 explicantur,
1298 537 1354 559 tum
1375 530 1578 561 emendantur;
1602 527 1718 554 Londini
1737 526 1820 553 liti!)-

1030 581 1108 610 1767,
1126 587 1192 608 tom.
1209 579 1254 608 lll.
1275 578 1348 606 8.—
1373 577 1500 611 Ejusdem
1528 574 1649 609 Epistula
1675 574 1770 600 critica
1786 571 1818 598 ad

1029 628 1192 656 Gulielmum
1215 626 1301 660 episc.
1329 624 1465 651 Gloeestr.
1494 621 1611 648 Londini
1639 620 1718 648 lTB'i.
1744 619 1770 645 8.
1791 633 1819 637 —

1029 674 1157 709 Ejusdem
1181 680 1252 699 cura:
1268 671 1417 698 novissima:
1437 677 1460 696 s.
1493 667 1673 704 appendicnla
1694 671 1820 693 notarum

1029 718 1288 747 etemendationum
1315 717 1343 743 in
1369 715 1492 747 Suidam,
1513 719 1579 746 etc.,
1603 713 1670 740 ibid.
1695 711 1773 740 “75.
1794 711 1818 738 8.

1031 765 1095 798 Qn'e
1112 765 1202 791 omnia
1224 763 1342 798 primum
1367 768 1463 788 recusa
1482 764 1547 787 sunt
1562 759 1644 793 hujus
1658 757 1820 785 sementim:

1030 810 1074 837 Jo.
1095 810 1178 844 Toup.
1206 807 1332 844 opuscula
1352 807 1457 838 critica,
1480 805 1580 840 Lipsiae
1608 804 1679 831 {780
1699 809 1727 830 et
1744 802 1821 832 1781.

1033 861 1098 883 ιοιη.
1113 856 1145 889 ll,
1161 856 1187 883 8.
1201 871 1236 877 —-
1253 853 1355 881 Deinde
1371 861 1433 880 cum
1450 852 1550 886 insigni
1565 850 1726 878 accessione
1743 855 1824 876 nora-

1031 909 1092 930 rum
1111 902 1136 928 iu
1149 900 1260 928 Snidam
1273 897 1540 926 animadversionum
1558 902 1638 930 atque
1654 894 1824 922 emendatio-

1031 955 1096 975 num
1110 948 1136 974 in
1155 946 1318 982 Hesychium
1331 944 1501 975 uberiorum,
1513 947 1540 970 et
1553 943 1580 969 in
1592 942 1732 968 Pollucem
1745 945 1825 973 atque

1032 993 1273 1029 Harpocrationcm
1289 991 1459 1028 pauciorum.
1476 994 1503 1016 ct
1516 988 1666 1024 appendice
1681 986 1826 1021 Tyrvrhitti

1031 1041 1156 1075 aliusque
1170 1039 1202 1066 V.
1214 1038 1244 1065 ὓ.
1257 1042 1383 1065 notarum
1401 1036 1426 1063 in
1443 1035 1542 1069 Toupii
1561 1034 1713 1061 emeutlalt.
1726 1033 1755 1058 in
1766 1032 1827 1058 Sui-

1032 1086 1105 1115 dam,
1119 1085 1374 1111 defunctoauctorc.
1385 1081 1483 1108 iterum
1502 1080 1528 1105 in
1539 1079 1634 1112 Anglia
1650 1085 1718 1103 cura
1729 1082 1826 1103 etcum

1033 1130 1189 1166 prmfatioue
1205 1129 1302 1156 Thom.
1321 1128 1467 1158 Burgltrss.
1480 1125 1545 1151 edit.
1561 1128 1626 1150 sunt
1644 1130 1709 1149 cun:
1728 1121 1826 1148 inscri-

1034 1165 1145 1212 ptione:
1159 1174 1360 1201 Emendationcs
1371 1172 1397 1198 in
1407 1171 1520 1198 Suidam
1528 1175 1551 1196 el
1560 1167 1722 1202 Hesychium
1729 1171 1755 1193 et
1765 1165 1828 1191 alios

1036 1221 1236 1257 lexicographos
1253 1219 1369 1247 Graecos.
1390 1216 1508 1252 Scripsit
1526 1215 1569 1242 Jo.
1596 1213 1684 1248 Toup.
1705 1212 1829 1240 ecclesia:

1035 1269 1142 1297 calhed.
1159 1268 1246 1294 Exon.
1264 1264 1466 1301 praebendarius
1479 1268 1506 1290 et
1521 1261 1643 1290 ecclesia:
1667 1259 1698 1286 S.
1721 1257 1830 1285 Martial

1035 1324 1097 1344 cum
1121 1315 1224 1350 capella
1248 1314 1280 1341 de
1303 1312 1359 1339 Loo
1386 1311 1413 1338 in
1439 1317 1505 1345 agro
1527 1306 1710 1336 Cornubin-nsi
1729 1310 1829 1332 rector.

1036 1362 1135 1391 Oxonii
1163 1369 1178 1388 e
1193 1359 1379 1396 typograplteo
1392 1355 1557 1384 Clarendon.
1575 1353 1654 1383 1⁵190,
1678 1352 1708 1383 8,
1724 1350 1760 1377 IV
1778 1350 1830 1377 vol.

1037 1408 1125 1443 Toup.
1139 1411 1198 1434 erat
1214 1410 1312 1433 acutus
1336 1403 1447 1439 quidem
1473 1401 1596 1431 eritirus,
1614 1399 1661 1425 sed
1679 1398 1767 1425 etiam
1783 1397 1832 1423 im-

1039 1455 1196 1483 moderatus
1211 1456 1292 1487 atque
1308 1450 1485 1479 inhumanus,
1499 1455 1550 1474 nec
1565 1453 1627 1472 raro
1637 1445 1758 1480 agrestis
1770 1450 1833 1477 erga

1039 1499 1118 1527 alios.
1139 1497 1208 1524 Num
1233 1503 1298 1523 vero
1328 1492 1468 1522 l’earsonii
1495 1496 1522 1518 ct
1546 1490 1613 1517 Adr.
1639 1489 1714 1516 Junii
1735 1488 1834 1522 opibus

1002 1558 1023 1588 ο
1041 1544 1120 1572 fuerit
1135 1544 1255 1576 adjutus,
1269 1547 1293 1568 et
1305 1541 1405 1570 alieno,
1422 1539 1458 1565 uti
1476 1538 1563 1567 aiunt,
1576 1536 1662 1562 vitulo
1677 1535 1776 1563 ararit.
1797 1533 1834 1559 uti

1042 1591 1144 1618 Eckard
1163 1590 1189 1617 in
1208 1599 1214 1617 :
1245 1586 1396 1615 Uebersicht
1419 1585 1465 1612 der
1483 1583 1577 1611 θεν-(ετ
1600 1596 1635 1602 -—
1659 1582 1715 1607 and
1728 1580 1835 1608 Grand-

1041 1639 1114 1664 stilze
1138 1643 1186 1661 ιω·
1217 1632 1368 1660 Geschichte
1392 1631 1440 1657 der
1463 1627 1653 1658 Bibliotheken,
1677 1634 1740 1660 pag.
1774 1625 1835 1655 “5,

1041 1683 1197 1717 suspicatus
1215 1680 1270 1707 fere
1285 1683 1336 1711 cst,
1359 1677 1484 1712 equidem
1512 1674 1606 1702 nescio
1623 1678 1650 1700 et
1673 1681 1719 1699 νη
1747 1671 1836 1699 Credi-

1042 1729 1139 1757 derim.
1166 1742 1201 1747 ——
1228 1725 1386 1761 Ingeniosus
1411 1729 1533 1758 quoque,
1555 1727 1582 1748 at
1609 1727 1679 1755 pene
1701 1717 1836 1745 audacior

1043 1777 1155 1804 criticus
1168 1779 1219 1801 est.

1079 1821 1218 1848 Gilbertus
1233 1817 1381 1845 Wakeﬁeld
1400 1816 1427 1842 in
1448 1815 1521 1842 Silva
1541 1814 1648 1843 critica,
1675 1813 1730 1839 sire
1745 1813 1772 1838 in
1791 1819 1838 1837 αι-

1045 1871 1128 1894 ctores
1151 1872 1241 1891 sacros
1263 1863 1440 1896 profanosque
1461 1859 1650 1886 Commentario
1666 1857 1835 1892 p'tilalagico.

1044 1912 1226 1946 Cautabrigize
1243 1910 1410 1938 17894795.
1425 1909 1453 1941 8,
1472 1907 1488 1935 ν
1507 1912 1589 1943 part.,
1605 1907 1653 1942 qui
1677 1914 1726 1940 per
1743 1912 1838 1932 Omnes

1045 1961 1166 1995 quinque
1183 1963 1274 1994 partes
1296 1956 1406 1984 criticas
1422 1955 1456 1988 ,in
1471 1953 1582 1981 Snidam
1597 1953 1678 1980 modo
1696 1952 1837 1987 parciore,

1046 2007 1128 2034 modo
1143 2005 1297 2032 liberaliore
1310 2010 1394 2029 manu
1410 2001 1509 2036 sparsit
1525 1998 1792 2027 animadversiones.

1084 2052 1243 2079 Praeclaram
1269 2049 1419 2082 iutnroque
1445 2046 1537 2074 Suidae
1564 2046 1663 2073 editori
1689 2043 1838 2071 admodum

1048 2099 1140 2127 utilem
1156 2104 1267 2132 operam
1281 2095 1411 2129 suscepit,
1437 2093 1554 2127 aliisque
1573 2091 1739 2118 monstravit
1755 2090 1839 2121 viam,

1047 2153 1081 2173 ex
1099 2144 1160 2172 aliis
1175 2142 1286 2171 Scholiis
1303 2145 1331 2168 et
1345 2139 1486 2176 glossariis
1501 2138 1558 2173 pari
1573 2138 1679 2164 ratione
1695 2141 1723 2162 et
1750 2135 1842 2162 consi-

1049 2192 1086 2219 lio
1107 2189 1260 2218 illustrandi
1281 2186 1499 2220 emendandique
1523 2184 1624 2215 Suidaa,
1637 2183 1673 2210 cl.
1700 2181 1842 2216 Hoepfne-

1050 2246 1114 2271 rus,
1135 2239 1256 2264 conrect.
1275 2232 1415 2269 Gymnasii
1441 2230 1572 2258 lslebens.
1601 2228 1704 2262 optime
1727 2227 1843 2254 meritus

1050 2284 1107 2319 (qui
1124 2285 1182 2318 ipse
1195 2280 1341 2316 aliquando
1360 2285 1457 2306 novam
1474 2275 1658 2304 meditabatur
1674 2274 1841 2307 Lexicogra-

1050 2331 1095 2366 plu
1114 2329 1272 2359 editionem,
1290 2326 1337 2353 sed
1356 2324 1454 2351 deinde
1469 2322 1615 2350 crmsilium
1630 2320 1759 2354 abjecit),
1779 2319 1842 2345 dum

1050 2364 1135 2404 edidit
1151 2385 1157 2402 :
1175 2373 1330 2401 Glossarunt
1345 2370 1436 2398 Suida:
1452 2377 1465 2396 ε
1488 2367 1617 2400 Sophocle
1631 2366 1743 2400 ejusque
1761 2364 1844 2392 schol.

1051 2424 1262 2457 depramvtarum
1278 2419 1407 2454 specimen
1422 2416 1434 2443 I
1451 2415 1605 2442 accuratius
1625 2412 1745 2446 collegit,
1757 2419 1846 2438 enim.

1052 2471 1134 2502 ίίαυίι,
1152 2467 1296 2495 illustravit
1313 2465 1338 2492 1.
1361 2464 1393 2492 G.
1411 2463 1443 2491 C.
1458 2462 1588 2497 Hoepfuer
1612 2460 1638 2486 in
1656 2467 1665 2486 :
1684 2457 1780 2485 Neurn
1793 2457 1846 2484 Ha-

1052 2517 1130 2552 gaziu
1146 2516 1188 2550 [llr
1206 2513 1389 2543 Schulle/trer,
1405 2508 1613 2543 lterattsgegeban
1629 2514 1680 2532 von
1694 2504 1729 2532 ϐ.
1743 2505 1777 2531 Α.
1793 2503 1847 2531 Ru-

1053 2549 1119 2599 perti
1138 2561 1191 2588 und
1211 2560 1244 2587 Η.
1256 2557 1456 2586 Schilchthorst.
1471 2559 1538 2581 tom.
1555 2553 1576 2586 Ι,
1586 2558 1657 2588 part.
1672 2559 1692 2582 ι,
1707 2559 1772 2586 pag.
1783 2549 1844 2580 9.50,

1054 2596 1118 2636 '26..
1147 2622 1181 2628 -
1202 2606 1338 2640 Specimeu
1355 2602 1387 2630 II
1409 2601 1476 2629 ibid.
1493 2605 1562 2635 part.
1577 2607 1606 2630 n,
1628 2605 1689 2633 pag.
1708 2596 1845 2624 ass—nt.

1055 2654 1226 2689 —Specimen
1243 2650 1290 2678 Ill
1306 2648 1502 2678 ineorumdem
1519 2646 1653 2673 editorum
1667 2644 1794 2679 Magaziu
1805 2643 1847 2677 fu

1059 2700 1222 2734 I’Itilologett,
1238 2702 1304 2724 tom.
1323 2697 1345 2728 l,
1369 2702 1430 2730 pag.
1445 2692 1576 2720 “6-155.
1590 2705 1626 2712 -
1642 2690 1681 2717 Ex
1699 2690 1744 2717 his
1761 2688 1847 2715 mani-

1058 2748 1155 2776 festum
1180 2746 1219 2775 lit.
1257 2748 1375 2779 quantus
1413 2744 1505 2777 pateat
1531 2745 1645 2773 catupus
1685 2736 1710 2764 ei
1744 2735 1791 2771 qui
1820 2735 1846 2762 in

1058 2794 1143 2822 Suida
1168 2790 1335 2820 restituendo
1358 2788 1430 2815 vires
1450 2785 1551 2821 ingenii
1577 2789 1659 2818 atque
1685 2781 1846 2810 eruditionis

1059 2847 1188 2869 exc-reere
1204 2838 1279 2865 velit.
1299 2836 1386 2864 Ηλκι..
1400 2834 1477 2871 [Post
1496 2830 1628 2866 Ludolphi
1649 2828 1760 2857 Kusteri
1791 2826 1845 2854 edi-

1061 2887 1160 2914 tionem
1190 2891 1262 2912 anno
1286 2881 1365 2913 1705,
1396 2878 1577 2913 Cantabrigim
1601 2876 1705 2910 datam,
1729 2874 1843 2902 Lexiemt
