1921 3072
106 163 150 183 [ΥΠ

107 175 154 195 1.10

713 159 761 188 DE
782 158 846 194 QUI
855 158 926 188 IIUS
945 157 1093 188 SUIDAS.

1653 157 1721 190 1⁸1ἳῆ

88 229 110 249 «ιι
122 217 336 247 Athenodorum.
359 215 444 243 Poeta
463 215 558 250 epictts
581 214 692 249 scripsit.
712 214 876 249 Φαινόμενα,
893 216 915 244 Α
931 221 1013 245 nona.
1038 212 1244 248 quadringentis
1259 212 1340 241 annis
1357 218 1418 248 post
1434 213 1534 240 bellum
1551 212 1722 248 Trojannnt:

90 270 113 296 in
128 265 226 302 quibus
247 263 355 291 initium
373 261 538 289 admirabile
555 267 582 289 et
596 260 707 289 Ilomeri
733 261 797 288 felix
814 261 877 288 itni-

89 315 157 344 latio.
177 312 294 348 liymrtos
320 311 346 336 in
370 308 483 341 Panem,
511 308 724 344 Σπινιδοφνίρους⁷
747 308 876 341 Παίγνια,

93 358 276 396 Ἀστρολογίαν
285 356 332 383 xxi.
346 354 549 390 'AoepoOsaizv,
570 354 698 381 Σύνθεσιν
713 353 877 389 φαρμάκων,

86 402 227 440 Sepias:th
248 400 400 436 ἐπιτήδεια,
425 399 673 434 Ἀιιθρωπογονίαν,
694 399 877 430 Ἐπιουτικὸ-λ,

87 451 122 481 si;
146 449 305 482 Θεόπρθπον
333 445 533 481 (cpicedium),
551 446 591 476 εἰς
610 444 773 478 Ἀντίγονω.
798 443 877 470 ’Ποθ-

86 491 365 525 ποιῖας,Ἒπιστολάς,
386 491 602 525 Ἐπιγράμματα
620 491 646 517 in
667 489 786 523 Philam,
799 490 879 517 Anti—

86 542 151 579 patri
165 537 390 574 ﬁliant,Antigoni
406 545 531 570 uxorem,
548 537 712 572 'Avaropigv,
728 537 760 564 In
777 537 879 564 Pausa-

86 592 164 620 niam,
179 588 365 615 Macedonem.
378 585 532 620 Epicadium
545 584 715 612 Cleomltroti.
727 583 878 619 Διόρθωσιν

91 635 255 664 Ὀδυσσείας,
272 633 479 660 emendationem
494 631 627 667 Odyssetz,
647 634 674 658 et
683 631 808 665 epistolas
817 638 880 658 ora-

85 683 154 709 tione
175 682 275 708 soluta.
862 678 865 681 '

117 727 263 758 Arcadius,
278 725 486 760 grammaticus,
508 725 706 756 Antiochenus,
720 724 832 759 scripsit
846 724 880 752 de

84 773 292 807 orthographia,
315 772 347 799 de
369 770 575 799 constructione
590 770 707 805 partium
723 771 877 803 orationis;

84 821 285 848 onotnastieum
301 818 471 846 admirabile.

120 866 292 895 Arecsilans.
307 864 499 899 philosophus.

117 912 287 940 Arehedicns
302 911 547 946 κωμῳδιογράφος,
560 910 606 946 qui
622 914 716 938 contra
726 909 878 937 Democha-

84 966 150 989 rem,
164 955 357 984 Demosthenis
373 956 478 983 sororis
496 956 592 988 ﬁlium,
611 955 732 990 scripsit.
745 954 783 982 Ex
801 954 879 982 l‘ahu—

82 1004 115 1031 lis
128 1003 189 1038 ejus
206 1006 270 1030 sunt
281 1001 424 1036 Θησαυρὸς
439 1006 464 1028 et
479 1001 688 1036 Διαμαρτὰνων.

114 1049 279 1081 Archelaus,
304 1048 460 1083 Apollodori
482 1047 522 1074 vel
544 1047 661 1075 Midonis
683 1046 727 1080 F.,
745 1047 877 1079 Milesius,

81 1097 261 1132 philosophus
279 1094 416 1130 physicus,
430 1094 534 1129 ptimus
548 1102 579 1120 ex
591 1093 666 1120 lonia
680 1093 877 1138 physiologiam

82 1143 108 1170 in
121 1142 255 1169 Graeciam
272 1140 438 1172 introduxit,
455 1139 607 1174 discipulus
619 1140 798 1174 Anaxagora),
812 1147 879 1174 prte—

83 1195 177 1223 cuplor
194 1187 316 1215 Socratis
334 1191 361 1213 et
378 1185 517 1221 Euripidis
532 1194 538 1212 :
554 1185 663 1220 scripsit
681 1185 877 1221 physiologiam

82 1237 107 1258 t~t
122 1244 127 1257 ε
140 1232 175 1258 lia
192 1231 334 1258 nonnulla.
350 1230 421 1257 Nihil
436 1230 540 1266 jnstutn
555 1231 596 1258 vel
611 1235 691 1266 turpe
706 1235 802 1258 natura
818 1239 878 1258 esse

81 1279 190 1309 docuit,
210 1278 257 1306 sed
272 1278 398 1305 instituto
416 1278 518 1304 omttia.

114 1326 282 1358 Archelaus,
295 1324 415 1352 Colonia
443 1325 596 1360 presltjter,
611 1329 705 1351 contra
720 1332 800 1359 quem
813 1323 880 1351 scri-

79 1377 132 1406 pstt
150 1371 283 1403 Basilius,
302 1369 452 1405 Irenopolis
470 1369 625 1404 cpiscopus.

115 1417 292 1449 Al‘t'ltitltitls,
325 1416 496 1451 Theagenctn
524 1416 560 1443 ob
590 1415 733 1444 facultates
760 1417 878 1444 amissas

79 1463 231 1490 emis-Maus
249 1464 292 1497 (ea:
307 1462 470 1497 Παιηαεεὶο).

113 1510 247 1540 Archias,
274 1507 477 1543 φυγαδιιοῄρας,
501 1507 546 1542 qtti
574 1512 709 1540 oratores,
735 1506 798 1541 fuga
826 1507 878 1537 sihi

81 1556 230 1590 cupientes
247 1554 401 1588 consulere,
416 1558 530 1582 venatus
543 1558 596 1587 est,
617 1558 647 1581 ut
663 1552 807 1588 Antipatro
823 1558 877 1580 tra-

80 1602 167 1629 (lcrct.

111 1648 285 1679 Arehibius,
314 1647 450 1681 Apollonii
475 1645 744 1681 F.,gramrnaticus,
770 1647 881 1682 scripsit

78 1695 219 1730 ἐξήγησιν
234 1695 455 1730 epigrammatum
472 1692 642 1722 Callimachi.

113 1741 280 1772 Archibins.
297 1740 434 1767 Ptolemaei
449 1739 490 1770 F..
502 1739 655 1767 Leucadius
670 1740 710 1766 vel
723 1739 883 1767 Alexandri-

78 1795 133 1816 nus
159 1786 376 1823 grammaticus,
400 1794 434 1814 ex
458 1793 554 1813 eorum
574 1793 701 1818 numero,
726 1786 773 1821 qtti
789 1785 884 1814 Roma:

76 1841 168 1868 usque
188 1834 225 1860 ad
242 1831 353 1867 Trajani
371 1832 438 1867 imp.
454 1836 575 1866 tempora
594 1831 756 1859 docuerunt.

112 1879 302 1914 Archigenes,
321 1879 436 1914 Philippi
454 1877 498 1910 ἢ,
512 1878 690 1913 Apamcensis
714 1878 810 1914 Syrtis,
829 1885 883 1905 tne-

74 1926 172 1959 dicus,
189 1926 322 1960 Agathini
339 1925 501 1960 discipulus,
514 1925 559 1960 qui
578 1924 671 1952 Romae
688 1924 797 1959 Trajani
816 1929 884 1950 tetn-

75 1980 146 2007 pore
162 1978 258 1999 artem
278 1972 410 1998 medicam
427 1961 560 1998 civercuit.
579 1970 650 1998 Vixit
665 1979 751 1998 annos
767 1970 885 2003 LXXIII,

74 2020 258 2054 scripsitque
276 2019 361 2046 multa
383 2019 488 2045 medica
507 2018 683 2053 physicaquc.

112 2067 310 2094 Archilochus
331 2065 500 2097 maledicus,
526 2065 648 2100 alioquin
668 2065 783 2100 insignis
796 2070 885 2100 poeta,

72 2121 174 2150 quem,
202 2121 219 2140 ει
237 2112 357 2140 Calonda
375 2111 562 2143 interfectum,
579 2110 675 2148 Pythia
696 2112 751 2139 ulta
767 2117 819 2145 est,
832 2117 885 2139 etc.

115 2157 326 2190 Archimedes,
354 2155 531 2189 Trallianus,
560 2157 753 2192 philosophus,
778 2157 889 2192 scripsit

77 2204 272 2239 ’Υπὸμνημα,
286 2202 512 2229 Contmentarium
529 2202 556 2229 in
575 2201 729 2234 Horitarum,
741 2208 764 2228 et
783 2201 888 2230 Mer/ta-

71 2253 148 2279 nica.

110 2298 296 2331 Archippus,
318 2295 513 2328 Atheniensis,
534 2303 657 2323 conneus
674 2295 803 2329 antiquus
815 2316 821 2326 ,
839 2296 884 2330 qui

70 2345 164 2372 semel
188 2343 261 2370 vicit
279 2343 432 2379 Olympiade
452 2341 520 2370 XCI.

108 2390 274 2424 Archytas,
291 2388 469 2420 Tarentinus,
486 2387 594 2415 Ilestiaci
617 2387 647 2416 F.
669 2393 716 2415 aut
733 2387 885 2415 Mnesarchi

68 2437 114 2465 vel
134 2437 331 2471 Blnasagora‘,
347 2435 528 2470 philosophus
544 2434 752 2470 Pythagoricus,
766 2434 812 2468 qui
826 2433 888 2460 Pla-

69 2490 171 2511 tonem
205 2483 339 2514 servavit,
370 2489 432 2509 ctnn
459 2489 520 2508 eum
547 2481 580 2508 ad
609 2485 723 2508 mortem
753 2485 887 2515 quaereret

68 2531 239 2566 Dionysius
273 2534 417 2564 tyrannus.
435 2528 608 2563 Empedoclis
624 2527 775 2563 discipulus
798 2528 887 2563 philo-

66 2579 213 2613 sophiam
235 2576 331 2604 docuit
347 2576 504 2610 multosque
519 2575 605 2602 libros
618 2574 740 2609 scripsit.
760 2574 887 2602 Inventor

66 2624 232 2658 πλαταγῆς
249 2622 307 2650 sive
323 2621 492 2656 crcpitaculi.
507 2620 561 2647 Τοῦ
578 2620 669 2647 κηινοῦ
691 2621 746 2647 τῶν
768 2621 887 2648 Ἰταλιω-

63 2670 123 2696 τῶν
141 2668 292 2704 προέστη,
312 2667 467 2702 στρατηγὸς
489 2666 610 2702 αἱρεθεὶς
631 2666 810 2701 αὐτοκράτωρ
835 2667 887 2692 ὑπὸ

63 2716 124 2743 τῶν
148 2713 283 2742 πολιτῶν
299 2715 347 2740 καὶ
361 2713 416 2740 τῶν
429 2714 492 2748 περὶ
507 2715 612 2740 ἐκεῖνον
627 2713 671 2739 τὸν
687 2713 769 2739 τόπον
792 2712 886 2748 Ἑλλή-

63 2772 134 2796 νων,
155 2761 312 2790 Communi
331 2760 507 2787 Italromrum
524 2761 645 2796 prwfnit,
670 2761 788 2786 dictator
809 2769 824 2787 a
849 2760 888 2786 ci-

63 2809 145 2836 cibus
166 2814 195 2836 et
222 2807 317 2834 vicinis
334 2807 434 2834 Gra‘cis
451 2813 566 2834 creatus.

102 2855 271 2885 Arctiuus.
289 2853 421 2885 Milesius,
441 2860 531 2889 poeta,
551 2854 658 2881 IIonnri
684 2853 725 2888 (ut
746 2854 782 2881 ait
808 2854 886 2881 Arte-

64 2904 165 2939 mon),
187 2900 353 2935 discipulus
371 2906 398 2928 et
417 2905 507 2928 tatncu
531 2900 633 2928 vixisse
658 2900 759 2928 dicitur
784 2901 884 2937 oiymp.

251 2949 389 2980 Pauor"
413 2950 457 2980 Gtt
466 2972 473 2981 .
499 2950 624 2983 CXVII.

931 258 1014 295 [quod
1051 259 1095 286 vix
1125 258 1266 293 probabile
1292 264 1344 291 est,
1375 259 1436 286 vide
1464 267 1567 294 supra,
1609 260 1663 288 vol.
1693 259 1722 294 1,

930 314 991 341 pag.
1013 307 1028 334 9
1050 304 1125 341 sqq.]

967 354 1078 385 Ariani,
1103 352 1287 388 Psathyriani,
1304 356 1356 380 etc.

966 401 1109 436 Arignote,
1127 400 1233 431 Samia,
1259 399 1393 433 discipula
1412 397 1573 434 Pytltagorze
1589 404 1616 426 et
1631 399 1721 427 Thea-

930 456 1001 479 nns,
1029 447 1190 482 philosopha
1225 445 1416 482 Pythagorica.
1450 445 1566 479 Scripsit
1594 446 1724 474 Bacchica

931 493 989 520 sive
1003 492 1115 524 τελετὰς
1135 491 1276 523 Διονύσου,
1295 496 1320 518 et
1335 491 1366 518 de
1380 490 1484 518 Cereris
1503 491 1645 526 mysteriis,
1662 500 1724 520 nec-

931 547 985 566 non
1003 538 1216 574 Epigrammata.
1234 537 1333 564 Fertur
1348 537 1430 564 etiam
1451 537 1524 564 illius
1545 537 1597 564 sub
1613 538 1725 566 nomine

931 585 998 612 liber
1013 593 1098 616 sacer,
1118 584 1190 619 ἱερὸς
1211 584 1299 618 λόγος.

967 631 1070 663 Arion,
1091 631 1183 666 Cyclei
1208 630 1227 657 F
1243 650 1251 662 ,
1268 629 1479 664 Methymnaeus,
1505 628 1609 664 lyricus
1622 649 1629 661 ,
1660 628 1728 656 vixit

931 677 1086 714 olympiade
1111 675 1255 703 XXXVIII.
1273 675 1389 708 Quidam
1406 675 1547 703 Alcmanis
1565 675 1650 702 (ilium
1672 680 1724 702 tra.

931 724 1033 752 didere.
1063 722 1181 758 Scripsit
1210 721 1342 758 ᾅσματα,
1377 721 1482 748 cantica
1514 725 1541 748 et
1573 721 1725 756 πρωιμια,

932 770 1042 805 hymnos
1056 768 1090 795 ad
1106 775 1199 795 versus
1215 767 1340 794 heroicos
1355 766 1397 793 bis
1414 766 1498 793 mille.
1513 765 1614 792 Dicitur
1630 765 1726 800 tragici

932 814 1006 842 modi
1023 815 1148 842 inventor
1163 812 1250 841 fuisse
1264 817 1291 840 et
1306 812 1413 846 pritnus
1428 811 1545 839 chorum
1562 811 1725 843 instituisse,

932 866 959 889 et
973 860 1178 896 ditltyrambttm
1193 859 1338 892 cecinisse,
1356 863 1383 886 et
1398 858 1436 886 ita
1461 859 1632 891 nominasse,
1650 859 1726 894 quod

932 916 947 935 a
963 908 1049 935 choro
1075 907 1194 940 canitur,
1214 910 1242 934 et
1267 910 1375 941 satyros
1395 904 1584 932 introduxisse
1600 905 1726 932 versibus

932 953 1084 988 loquentes.

967 999 1163 1032 Aristarchus,
1187 999 1261 1025 θέσει
1287 996 1478 1033 (habitatione)
1505 991 1726 1029 Alexandrinus,

932 1046 1014 1081 φύσει
1049 1045 1149 1082 (gente)
1179 1044 1364 1077 Samotltrax,
1399 1043 1550 1071 Aristarchi
1579 1042 1622 1075 F.,
1635 1043 1726 1071 clarus

933 1094 1035 1129 olymp.
1056 1091 1134 1120 CLVI
1147 1097 1269 1127 tempore
1281 1090 1419 1120 Ptolemaei
1431 1089 1634 1122 Philometor-is;
1647 1090 1726 1125 cujus

933 1141 1019 1168 lilium
1039 1139 1151 1168 erudiit.
1167 1139 1266 1167 Fertur
1280 1138 1425 1174 scripsisse
1449 1138 1519 1165 ultra
1535 1137 1622 1165 DCCC
1641 1137 1726 1165 libros

934 1187 1140 1222 ὑπομνημάτων
1169 1186 1226 1213 sive
1263 1185 1534 1213 commentariorum.
1572 1184 1727 1219 Discipnlus

933 1233 1138 1268 Aristophanis,
1168 1231 1349 1268 grammatici.
1376 1239 1438 1258 cum
1467 1231 1592 1263 Cratete,
1623 1230 1726 1266 Perga-

935 1288 1032 1312 meno,
1055 1279 1178 1314 Pergami
1196 1285 1267 1312 smpe
1293 1277 1473 1305 concertavit.
1500 1276 1654 1312 Discipulos
1677 1277 1725 1303 ha-

935 1327 992 1353 buit
1005 1325 1202 1360 grammaticos
1217 1324 1327 1352 circiter
1343 1322 1400 1350 AL.
1422 1323 1516 1350 Annos
1532 1328 1613 1350 natus
1631 1321 1728 1353 LXXII

933 1373 960 1398 in
977 1372 1066 1407 Cypro
1083 1379 1152 1406 aqua
1169 1371 1306 1398 intercute
1320 1370 1448 1397 laborans
1463 1377 1557 1396 necem
1574 1369 1625 1396 sibi
1638 1369 1727 1396 int-dia

933 1418 1078 1451 conscivit,
1098 1417 1200 1445 relictis
1215 1417 1289 1448 tiliis,
1314 1416 1475 1443 Aristarcho
1502 1420 1529 1442 et
1556 1416 1725 1450 Atistagora,

934 1465 1037 1492 nullius
1058 1463 1172 1499 ingenii,
1188 1471 1219 1490 ex
1245 1463 1346 1497 quibus
1365 1461 1558 1491 Aristarchum
1585 1462 1726 1489 venditum

933 1511 1113 1539 Athenienses
1128 1511 1312 1538 redemerunt.

969 1557 1159 1589 Aristarchus.
1184 1556 1327 1592 Tegeates,
1351 1556 1482 1591 tragicus,
1509 1556 1623 1591 a-qualis
1647 1555 1727 1583 Euri-

935 1604 1015 1639 pidis,
1034 1604 1081 1638 qtti
1106 1604 1211 1638 primus
1242 1603 1365 1630 dratnata
1388 1603 1420 1629 ad
1442 1602 1515 1629 illaut
1544 1603 1726 1638 prolixitatem

934 1649 1075 1684 produxit,
1102 1649 1196 1676 docuit
1217 1649 1365 1683 tragwdias
1392 1648 1462 1676 LXX
1479 1669 1486 1680 ,
1517 1649 1581 1676 \icit
1609 1649 1727 1676 duabus.

934 1694 1008 1722 Obiit
1031 1694 1189 1722 centenario
1215 1694 1314 1729 major.
1343 1695 1443 1721 Morbo
1469 1702 1531 1721 cum
1559 1695 1728 1728 laborasset,

933 1742 1092 1776 {Lsculapio
1120 1748 1169 1776 pro
1199 1741 1326 1768 restituta
1351 1741 1508 1768 valetudine
1536 1741 1631 1768 dratna
1666 1741 1729 1767 Ἀσ-

936 1789 1052 1823 κ).ήπισν
1075 1788 1224 1816 dedicavit.

971 1834 1105 1866 Aristeas,
1132 1833 1337 1861 Democharidis
1359 1837 1407 1860 aut
1427 1832 1582 1861 Canstrobii
1607 1833 1731 1866 F.,l’ro-

937 1880 1096 1912 connesius,
1125 1885 1204 1914 poeta
1224 1880 1330 1915 epicos,
1352 1879 1461 1914 scripsit
1488 1879 1522 1906 τὰ
1542 1880 1730 1914 ’Λριμάσπεια

938 1927 1094 1961 καλούμενα
1109 1927 1175 1962 ἔπη,
1193 1927 1315 1954 carmina
1339 1925 1498 1961 Arimaspea
1515 1926 1572 1954 sive
1588 1921 1731 1958 historiam

938 1974 1147 2008 Arimasporum
1166 1972 1407 2008 llyperboreorum
1434 1971 1512 2000 libris
1538 1971 1571 2002 Ill
1596 1977 1623 2000 et
1642 1973 1732 2002 soluta

938 2019 1064 2046 Oratione
1082 2019 1225 2051 nonnulla,
1248 2023 1276 2045 et
1297 2017 1474 2053 Theogoniam
1497 2019 1622 2047 versibus
1647 2020 1732 2048 tnille.

940 2064 1061 2101 [Aristiw
1081 2065 1213 2097 fabulam,
1235 2064 1347 2100 Cyrlops
1364 2069 1499 2098 vocatam,
1516 2071 1652 2094 memorat
1668 2067 1733 2095 Sui-

940 2112 989 2139 das
1012 2111 1032 2142 I,
1051 2119 1113 2146 pag.
1130 2111 1193 2143 5⁵24,
1212 2111 1256 2138 ubi
1271 2119 1298 2137 v.
1317 2110 1425 2138 Kustcri
1439 2115 1498 2141 not.
1517 2110 1556 2148 1.]

975 2160 1122 2193 Aristides,
1139 2159 1327 2193 Adriancnsis,
1353 2167 1386 2188 ex
1410 2159 1538 2187 Adrianis
1561 2160 1653 2196 Mysiae
1675 2162 1734 2190 sive

941 2205 1087 2242 Bithyniae.
1108 2206 1241 2240 sophista.
1265 2205 1423 2232 I‘olemonis
1454 2204 1587 2241 Smyrntei
1617 2207 1734 2234 rhetoris

905 2253 1105 2287 Ddisdpulus,
1137 2251 1209 2279 lilius
1243 2251 1409 2282 Endetnonis
1431 2252 1584 2287 philosophi
1612 2252 1732 2281 ﬂaminis

942 2300 1025 2327 Dialis
1039 2299 1066 2326 in
1080 2299 1168 2334 patria
1185 2306 1247 2326 sua.
1262 2299 1380 2326 Athenis
1405 2298 1539 2326 Herodem
1565 2304 1592 2327 et
1608 2300 1733 2335 Pergami

941 2346 1103 2374 Aristoclem
1120 2346 1236 2379 audivit,
1259 2345 1405 2380 ﬂoruitque
1422 2346 1552 2374 Antonini
1577 2346 1643 2382 imp.
1663 2352 1733 2374 tem-

941 2398 1007 2425 pore
1034 2395 1062 2418 et
1088 2390 1172 2420 vitam
1198 2398 1285 2425 usque
1314 2391 1348 2418 ad
1379 2391 1561 2419 Commodum
1593 2393 1732 2427 produxit.

941 2436 1087 2465 Orationes
1103 2437 1162 2472 ejus
1180 2445 1263 2472 quam
1281 2437 1414 2472 plurimte,
1431 2439 1491 2466 alite
1507 2439 1577 2474 apud
1594 2440 1664 2467 alios
1681 2429 1734 2467 cir-

941 2483 1141 2511 cumieruutur.

976 2531 1144 2566 Aristippus,
1168 2531 1288 2558 Aritadaa
1307 2530 1511 2567 F.,Cyrentcus
1535 2527 1734 2568 philosophus,

943 2576 1065 2604 Socratis
1086 2577 1206 2608 auditor.
1229 2582 1310 2605 scene
1334 2583 1430 2605 auctor
1449 2578 1613 2614 Cyrenaicos,
1629 2581 1735 2615 primus

943 2622 1157 2656 Socraticorum,
1180 2624 1226 2658 qui
1253 2624 1407 2651 mercedem
1428 2632 1442 2651 a
1465 2625 1607 2660 discipulis
1633 2628 1734 2662 exegit.

941 2668 1117 2703 Xenophonti
1145 2669 1272 2704 infestus,
1295 2671 1465 2698 austeritatis
1489 2671 1661 2700 Antisthenis
1688 2674 1735 2701 dc-

943 2715 1023 2742 risor.
1038 2715 1058 2742 A
1073 2716 1190 2751 Diogene
1204 2717 1260 2752 ipse
1278 2718 1365 2745 dictus
1383 2718 1456 2745 κύων
1476 2718 1624 2754 βασιλικός.
1651 2719 1734 2749 Plura

941 2761 1002 2796 ejtts
1020 2761 1145 2789 feruntur
1182 2763 1430 2798 apopltthegmata,
1455 2769 1508 2792 etc.
1535 2765 1646 2794 Atnlivit
1670 2775 1733 2796 eum

942 2808 1023 2835 Areto
1055 2808 1120 2841 Iilia,
1140 2810 1219 2844 cujus
1235 2810 1318 2842 filius.
1336 2810 1490 2847 Aristippus
1503 2812 1606 2847 junior,
1633 2813 1736 2843 Metto.

942 2855 1067 2882 didacttts
1078 2856 1238 2891 appellatus.
1248 2857 1334 2890 Ilujus
1346 2858 1453 2885 auditor
1462 2859 1632 2892 Theodorus,
1645 2860 1734 2890 dictus

943 2902 1060 2935 athcus,
1089 2909 1151 2929 mox
1175 2902 1253 2931 deus.
1279 2902 1452 2932 Theodorum
1478 2906 1631 2940 Antipater,
1656 2907 1735 2938 Anti.

1533 2954 1573 2985 39
