1921 3072
111 89 169 121 lii?

110 160 140 179 ex
160 150 250 180 inorbo
266 149 418 178 decessisse
441 157 529 178 annos
560 155 654 178 natum
675 150 758 179 LXX.
774 151 894 179 Timaeus
909 153 931 182 Α

110 195 271 225 Aristotelem
286 195 417 222 omnibus
431 195 582 231 proscindit
594 196 741 229 conviciis;
763 196 810 224 sed
824 196 892 224 alio-

86 274 92 279 .
110 251 163 271 rum
176 243 277 278 judicio
290 242 341 277 τῆς
357 242 465 277 φύσεως
479 243 673 277 γραμματεὺς,
686 247 790 269 natura:
805 243 893 270 scriba

111 290 166 320 fuit,
177 289 219 315 τὸν
238 289 361 324 κάλαμον
376 289 538 324 ἀποϐρέχων
553 289 594 320 εἰς
610 289 682 320 νοῦν,
700 289 745 324 qui
760 289 894 316 calamum

110 337 134 363 in
159 339 266 363 mentem
292 336 420 368 intinxit,
444 342 582 370 quemque
608 335 676 362 nihil
708 335 778 370 fugit
802 343 893 363 rerum

111 382 209 410 utilium
225 381 494 416 abstrusiorumquc.

141 429 336 457 Aristoxenus.
361 427 472 455 Mnesiae
492 427 644 463 Spinthari,
670 428 770 456 musici
795 427 896 456 Taren-

108 474 163 505 tini.
177 473 298 509 F.,apud
320 473 522 501 Mantinet'nses
539 482 650 509 operam
676 475 750 502 dedit
773 474 896 509 philoso-

107 522 172 555 phia:
182 526 208 548 et
222 521 345 552 musica.
361 521 471 548 auditor
483 522 572 556 patris
581 520 736 556 etLampri,
751 521 895 557 Erythraai,

109 567 258 601 Χνιιομιιὶιὶ,
274 566 449 602 Pythagorei,
463 572 489 594 et
503 567 622 602 denique
638 568 802 600 Aristotelis,
815 575 896 602 «piem

106 614 259 640 defunctum
284 614 416 640 conviciis
442 613 592 641 insectatus
617 619 670 645 est,
698 614 770 648 quod
795 613 897 640 scholae

108 668 291 688 successorem
314 659 538 695 Theophrastum
571 660 746 695 reliquiSset,
779 668 832 687 non
856 667 895 692 se,

109 709 182 743 cujus
197 713 253 734 tam
267 716 364 743 magna
378 712 451 735 esset
464 708 534 735 inter
549 707 688 735 attditores
703 707 788 742 ipsius
800 707 895 742 gloria.

109 755 230 790 Equalis
254 755 306 782 fuit
331 755 492 787 Dit-a‘aichi,
515 754 661 786 Messenii,
687 755 721 782 ab
746 754 898 790 Olympiade

108 803 172 830 LXI.
197 803 371 838 Conscripsit
397 803 512 835 musica,
540 802 743 837 philosophica,
768 802 897 829 historias

108 855 132 877 et
152 850 304 884 omnigena:
331 849 494 877 eruditionis
521 849 606 876 libros
637 847 794 879 CCCCLIII.
819 848 896 876 Alius

105 897 288 928 Aristoxenus,
317 896 477 931 Cyrenaeus,
509 895 584 922 luxui
617 895 686 922 adeo
712 894 839 927 deditus,
868 899 896 921 ut

107 943 223 970 lactucas
241 943 267 969 in
281 942 361 970 horto
377 950 427 969 suo
443 942 550 977 vesperi
565 942 654 969 mulso
664 940 776 977 rigaret,
791 941 895 973 dicen's.

104 989 199 1016 virides
222 989 285 1016 inde
299 989 440 1024 placentas
459 988 510 1016 sibi
526 988 629 1018 enasci.

139 1036 288 1072 Arnuphis.
304 1035 451 1072 Egyptius
467 1035 658 1071 philosophus,
682 1034 729 1070 qui
753 1034 896 1067 Romanis,

105 1083 145 1110 siti
171 1083 370 1112 labOIantibus.
397 1087 533 1119 praesente
554 1081 648 1109 Marco
666 1082 806 1111 Antonino
817 1081 895 1115 imp.,

105 1129 201 1156 dicitur
220 1135 281 1157 arte
297 1129 421 1164 coegisse
444 1129 533 1157 nubes
549 1134 573 1156 et
592 1128 707 1156 imbrem
721 1128 895 1155 conciliasse.

103 1175 153 1202 Alii
173 1176 262 1207 aiunt.
286 1176 337 1204 hoc
358 1175 483 1202 cﬂ‘ecisse
499 1174 658 1208 Julianum,
674 1173 844 1201 Chaldecum.

138 1223 300 1255 Arrius-sius,
321 1222 483 1252 monachus.

138 1270 287 1299 Arrianus.
305 1273 384 1304 poeta
400 1268 505 1304 epicus,
521 1267 648 1296 versibus
660 1266 761 1295 Grauis
777 1266 897 1294 heroicis

103 1315 215 1351 Georgia
231 1315 338 1351 Virgilii
357 1315 486 1347 reddidit,
500 1315 667 1350 scripsitque
686 1314 896 1349 Ἀλεξανδριάδει

105 1362 158 1391 sive
173 1363 205 1389 de
221 1365 306 1390 rebus
319 1363 402 1398 gestis
417 1361 564 1390 Alexandri
575 1361 738 1396 rllapsodias
752 1360 853 1394 XXIV;
871 1365 897 1388 et

105 1408 130 1436 in
146 1408 280 1442 Attalum,
303 1407 512 1443 Pergamenum,
528 1413 664 1443 poemata.

137 1455 284 1486 Arrianus.
310 1454 538 1488 Nicomediensis,
560 1454 742 1490 philosophus
768 1454 897 1491 Ἐπικτή-

103 1509 182 1534 τειος,
201 1501 300 1536 junior
320 1500 513 1536 Xenophonte.
531 1499 627 1529 Romae
644 1500 711 1527 vixit
727 1501 897 1536 temporibus
911 1513 932 1542 ρ

105 1548 226 1581 Adriani,
247 1548 379 1575 Antonini
403 1552 431 1575 et
450 1547 546 1579 Marci,
572 1547 781 1582 imperatorum,
801 1553 830 1574 et
851 1547 898 1574 διὰ

103 1594 150 1629 τὴν
167 1595 218 1630 τῆς
249 1594 374 1626 παιδείας
398 1594 558 1629 δεξιότητα,
590 1597 701 1628 propter
738 1593 897 1628 prteclaram

106 1640 269 1675 doctrinam,
294 1645 363 1668 teste
379 1640 530 1673 lleliconio,
551 1640 584 1667 ad
605 1640 779 1668 consularem
811 1647 899 1675 usque

104 1687 265 1722 dignitatem
293 1692 417 1715 evectus.
456 1685 574 1722 Scripsit
608 1686 694 1714 libros
721 1694 803 1722 quam
836 1686 899 1723 plu-

103 1734 195 1762 ximos.

137 1779 340 1811 Artemidorus,
362 1787 396 1807 ex
420 1779 508 1812 Daldi,
533 1779 623 1815 Lyciae
643 1778 754 1815 oppido,
776 1779 900 1815 philoso-

103 1826 181 1861 phus,
201 1827 317 1862 scripsit
337 1826 566 1862 ὐνειροκριτικὰ,
580 1825 612 1852 de
637 1825 799 1852 somniorum
817 1826 898 1852 inter-

103 1873 251 1908 pretatione
271 1873 350 1899 libros
380 1872 432 1900 IV.
455 1871 674 1904 Οἰωνοσκοπικὰ,
704 1871 736 1898 de
760 1872 897 1906 auguriis;

103 1919 312 1955 χειροσκοπικὰ,
328 1919 360 1946 de
376 1919 549 1950 divinatione,
575 1927 634 1954 qua:
649 1919 679 1953 ﬁt
703 1927 749 1954 per
773 1926 898 1945 manuum

103 1966 303 2000 inspectionem.
506 1990 509 1993 .

138 2013 353 2045 Artemidorus,
389 2010 728 2046 Pseudoaristophanius,
765 2009 898 2037 vocabula

103 2061 273 2095 opsairtytica
291 2060 348 2087 sive
364 2059 398 2086 de
417 2066 446 2085 re
464 2058 625 2092 coquinaria
641 2056 763 2092 collegit.

137 2106 328 2141 Asclepiades,
351 2104 461 2131 Diotimi
481 2103 528 2135 F..
544 2103 701 2139 Myrleanus
717 2104 763 2138 (ex
785 2102 896 2138 Myrica,

103 2151 251 2187 Bithyniae,
276 2152 374 2178 deinde
401 2150 471 2177 dicta
504 2149 648 2184 Apamea),
680 2152 710 2176 at
736 2148 766 2175 τὸ
794 2148 898 2176 ἀνωθεν

914 834 933 860 Β

728 91 779 121 DE
796 91 938 129 QUIBUS
958 92 1107 123 SUlDAS.

949 152 1110 188 Ῥωμαῖκὰς
1122 152 1268 186 συνέταξεν
1281 154 1421 181 historiam
1435 153 1531 182 Latine
1544 157 1692 190 composuit
1706 157 1742 185 li-

945 197 999 225 bris
1013 197 1038 224 Χ
1044 197 1104 225 ΠΙ.
1121 195 1205 230 Οὗτος
1220 200 1327 234 πρῶτος
1347 199 1507 235 Ἑλληνικὴν
1526 201 1649 236 ἱστορίαν
1676 201 1743 227 Ῥω-

946 242 1053 278 μαῖχῶς
1083 243 1283 278 συνεγράψατο.
1319 243 1425 271 Primus
1452 244 1593 272 historiam
1620 243 1742 272 Graztam

945 291 1015 325 ston
1030 289 1126 317 Latino
1140 291 1260 318 tradidit.
1271 290 1353 318 FABR.
1369 306 1404 311 —
1418 291 1454 319 De
1470 300 1502 320 co
1518 293 1643 327 pluribus
1654 293 1695 328 egi
1715 293 1742 321 in

946 336 1096 364 lntroduct.
1121 338 1148 365 in
1174 339 1300 366 notitiam
1331 339 1444 367 lilterat.
1466 339 1597 367 Romana:
1618 345 1683 367 tom.
1707 338 1740 373 ll,

945 391 1007 420 pag.
1029 385 1080 412 257
1103 393 1164 420 sqq.
1189 385 1278 413 "an.

982 430 1111 466 Aspasia,
1128 432 1245 464 Milesia,
1263 432 1363 463 femina
1375 431 1552 460 celeberrima
1567 436 1594 459 et
1608 432 1741 467 singulari

947 476 1104 511 eloquentia
1135 477 1258 512 pra’dita,
1287 477 1447 512 sophistria,
1472 477 1629 508 διδάσκαλος
1654 478 1742 511 λόγων

949 523 1115 559 ῥητορικῶν,
1131 524 1261 559 imgistia
1279 528 1305 551 et
1323 524 1411 551 amica
1433 523 1548 550 Perit-lis
1570 528 1598 550 et
1615 531 1684 550 uxor
1696 523 1743 550 de-

948 570 1043 604 nique,
1070 578 1130 605 quae
1152 571 1271 598 duorum
1297 570 1444 603 bellorum,
1470 569 1588 597 Samiaci
1614 574 1641 598 et
1667 569 1744 597 Pelo-

948 616 1119 652 ponnesiaci,
1138 624 1222 644 causa
1248 616 1335 644 fuisse
1356 617 1486 649 traditur,
1508 621 1535 644 et
1556 624 1589 643 ex
1615 623 1669 650 qua
1691 615 1744 642 Pe-

949 663 1030 695 ricles
1054 663 1161 695 ﬁlium.
1186 663 1238 691 sibi
1265 665 1479 698 cognominem,
1508 663 1641 698 suscepit.
1680 662 1745 690 Fuit

949 714 976 738 et
992 711 1090 742 altera,
1112 710 1256 743 meretrix,
1273 710 1308 737 ab
1323 710 1438 745 Aspasia
1456 709 1570 737 Periclis
1586 709 1707 736 diversa.

985 757 1137 792 Aspasius,
1162 757 1290 793 liyblins,
1319 757 1454 791 sophista.
1474 757 1590 791 arqualis
1615 755 1744 784 Aristidis

950 809 978 832 et
999 804 1123 836 Adriani,
1149 804 1261 839 scripsit
1283 804 1315 831 de
1330 803 1426 838 Byblo,
1443 804 1508 838 περὶ
1525 803 1648 830 στάσεων
1659 804 1746 838 ἐσχη-

949 851 1138 886 ματισμὲνων,
1159 851 1191 878 de
1210 850 1326 877 statibus
1343 851 1486 885 ﬁguratis;
1503 849 1629 885 μελέτας,
1655 850 1746 876 decla-

948 898 1097 930 mationes;
1117 897 1223 933 Τέχνας
1244 902 1328 924 artem
1344 898 1520 930 rhetoricam;
1545 897 1742 933 ὑπομνήματα,

948 945 1170 976 conmentarios;
1204 944 1319 976 λαλιὰς.
1353 953 1498 972 sermones.
1534 944 1690 971 Encomium
1715 945 1744 971 in

947 991 1096 1018 Adrianum
1118 992 1182 1024 intp.
1201 996 1226 1018 et
1242 991 1270 1018 in
1287 991 1355 1018 alios
1372 991 1512 1026 quosdam.

987 1039 1131 1072 Aspasius,
1149 1037 1257 1073 Tyrius,
1277 1038 1401 1073 sophista
1420 1042 1445 1064 et
1460 1037 1620 1069 historicus,
1634 1037 1745 1072 scripsit

947 1087 979 1114 de
991 1085 1071 1120 Epiro
1082 1088 1106 1111 et
1120 1084 1195 1110 rebus
1207 1082 1353 1117 Epirotici.»
1364 1083 1506 1109 historiam
1520 1082 1675 1118 σύμμικτον
1687 1083 1745 1110 sive

949 1132 1149 1159 rttt'scellatteam
1167 1130 1243 1157 libris
1261 1128 1325 1157 XX.
1343 1129 1380 1156 De
1396 1135 1454 1157 arte
1470 1129 1617 1162 rhetorica,
1633 1134 1661 1157 et
1678 1131 1743 1157 alia.

983 1177 1119 1212 Aspasius
1132 1196 1140 1208 ,
1158 1175 1338 1208 Demetriani,
1355 1175 1442 1202 critici
1459 1179 1486 1202 et
1498 1175 1681 1202 mathematici
1699 1175 1745 1209 Ρη

948 1224 1102 1256 Bavennas,
1115 1223 1250 1258 sophista,
1259 1222 1428 1256 tetnporibus
1436 1221 1584 1249 Alexandri
1600 1222 1742 1250 Mantinea

949 1271 1057 1306 scripsit
1070 1269 1137 1305 πρὸς
1147 1268 1211 1300 τοὺς
1223 1267 1422 1303 φιλολοιδόρους
1434 1267 1482 1294 καὶ
1493 1268 1561 1299 πρὸς
1578 1268 1743 1303 ’Λρίστωνα,

948 1317 1074 1344 adversus
1098 1314 1241 1341 maledicos
1264 1317 1290 1340 et
1310 1313 1462 1340 Aristonem
1485 1313 1574 1340 varias
1597 1314 1742 1340 orationes.

948 1362 1059 1390 Audivit
1076 1360 1241 1388 Pausaniam
1257 1364 1284 1387 et
1294 1359 1526 1393 Hippodromum,
1538 1363 1565 1386 et
1580 1363 1664 1386 artem
1680 1360 1744 1386 l'llC-r

951 1408 1068 1436 loricam
1084 1407 1177 1434 Romae
1193 1406 1298 1439 docuit,
1315 1405 1359 1432 ubi
1373 1405 1419 1433 diu
1435 1405 1527 1432 clarus
1542 1404 1605 1432 fuit.

985 1453 1208 1489 Astramsyehus.
1229 1452 1340 1487 scripsit
1356 1451 1460 1486 βιῦἱλιον
1476 1451 1598 1487 ἰατρικὸν
1618 1451 1658 1483 εις
1675 1450 1744 1481 δνων

950 1501 1116 1537 θεραπείαν,
1134 1500 1232 1527 librum
1252 1499 1444 1527 veterinarium
1461 1499 1493 1525 de
1509 1499 1647 1525 asinorum
1662 1506 1744 1529 cura-

950 1550 1030 1581 tione,
1052 1552 1079 1575 et
1097 1545 1321 1582 ὀνειροκριτικὸν,
1338 1545 1370 1573 de
1389 1545 1607 1580 interpretatione
1627 1546 1745 1574 somnio.-

949 1602 1007 1622 rum
1012 1614 1020 1621 .

985 1639 1190 1668 Astronomiam
1216 1639 1287 1666 inter
1312 1637 1478 1673 Babylonios
1503 1636 1609 1672 primus
1637 1637 1744 1669 invenit

949 1687 1110 1715 Zoroastres
1123 1690 1150 1714 et
1162 1690 1224 1721 post
1235 1692 1297 1713 eum
1311 1684 1458 1717 Hostanes.
1474 1685 1521 1720 qui
1531 1692 1565 1712 ex
1576 1685 1701 1720 genitura
1716 1689 1744 1712 et

950 1737 1025 1761 motu
1051 1732 1114 1761 coeli
1140 1731 1197 1760 fata
1222 1731 1365 1759 hominum
1393 1731 1567 1763 nascentium
1595 1731 1744 1758 observare

949 1783 1102 1814 coeperunt.
1114 1779 1156 1806 Ab
1167 1778 1209 1806 his
1223 1777 1341 1813 [Egyptii
1355 1781 1382 1805 et
1396 1777 1482 1808 Graeci
1496 1777 1650 1806 doctrinam
1668 1777 1742 1804 illam

950 1832 1090 1860 accepere,
1106 1824 1153 1859 qui
1171 1824 1348 1852 nascentibus
1366 1823 1459 1855 itidem
1475 1823 1594 1851 themata
1612 1824 1744 1851 notabilia

951 1872 1100 1906 assignant.

984 1917 1126 1952 Astyages,
1143 1915 1350 1951 grammaticus,
1372 1915 1483 1952 scripsit
1503 1920 1588 1943 artem
1606 1924 1744 1951 gramina-

949 1964 1041 1991 ticam.
1060 1962 1098 1989 De
1114 1962 1248 1990 dialectis.
1262 1961 1301 1989 De
1314 1962 1403 1989 metris
1417 1962 1532 1993 κανόνας
1549 1963 1742 1997 ὀνοματικῶς.

950 2009 1055 2045 regulas
1072 2009 1227 2042 nominum;
1246 2008 1468 2035 commentarium
1486 2009 1514 2035 in
1532 2008 1742 2036 Callimachum.

984 2056 1164 2091 Astyanassa,
1182 2055 1292 2090 scripsit
1307 2055 1370 2089 περὶ
1390 2055 1538 2090 σχημάτων
1557 2063 1743 2083 συνουσιαστιτ

949 2102 1017 2130 κῶν.
1037 2102 1102 2131 Eam
1117 2101 1231 2129 imitatze
1247 2102 1376 2128 Philsenis
1391 2107 1418 2128 et
1433 2102 1628 2136 Elephantiue.

984 2148 1162 2184 Astydamas,
1182 2148 1291 2180 senior,
1311 2148 1383 2174 tilius
1400 2148 1523 2175 Morsimi
1536 2153 1563 2175 ct
1579 2157 1661 2183 nepos
1676 2147 1742 2176 Phi,

101 2198 190 2231 γένος.
207 2200 232 2226 si
247 2199 331 2225 altius
346 2205 433 2233 genus
448 2202 566 2231 repetas,
583 2195 747 2227 Nicaeensis,
760 2202 896 2235 gratnina-
914 2192 934 2219 D
950 2194 1040 2226 loclis,
1063 2193 1242 2229 tragicaruin,
1267 2194 1388 2228 tragicus
1410 2198 1438 2221 et
1458 2195 1527 2229 ipse,
1555 2195 1740 2227 Atheniensis,

101 2245 182 2278 ticus,
217 2245 358 2280 Apollonii
392 2243 565 2278 discipulus,
591 2241 638 2276 qui
663 2241 733 2268 vixit
765 2241 848 2268 Attali
869 2244 896 2268 et

102 2291 246 2323 Eumenis,
272 2290 502 2326 Pergamenorum
528 2296 642 2324 regum,
665 2293 797 2323 tempore.
823 2286 896 2314 Scri-

101 2338 153 2372 psit
164 2338 323 2372 φιλοσόςρων
338 2336 447 2373 βιΰλίων
464 2335 638 2370 διορθωτικὰ,
655 2334 896 2369 pltilosopliicorum

101 2383 232 2410 librorum
267 2382 492 2412 emendationem,
520 2380 628 2415 aliaque
662 2379 760 2407 multa.
799 2379 896 2406 Docuit

101 2429 196 2457 Roma:
232 2434 355 2464 tempore
386 2428 509 2464 Pompeii
538 2428 638 2464 Magni,
670 2432 697 2454 et
724 2426 896 2456 Alexandriae

100 2481 233 2512 regnante
268 2475 414 2503 Ptoleinaao
431 2479 531 2510 quarto
558 2475 720 2503 adolescens
743 2481 897 2501 commora-

100 2528 143 2551 Ius
166 2528 220 2550 est.

135 2572 330 2606 Asclepiade,
363 2569 481 2602 medici,
506 2569 541 2596 ab
565 2567 734 2603 Esculapio,
755 2567 898 2597 medicinae

99 2619 227 2653 pra-sile.
726 2651 729 2654 .

133 2665 363 2701 Asclepiodotus,
380 2663 593 2695 Alexandrinus,
617 2661 651 2689 de
667 2669 720 2696 quo
734 2661 818 2690 multa
834 2661 897 2688 Sui-

99 2712 147 2740 das
170 2712 191 2746 l,
214 2721 280 2748 pag.
305 2713 358 2740 352
385 2720 428 2747 sq.
454 2719 470 2739 e
494 2710 648 2738 Damascio.

134 2759 290 2791 Asconius,
315 2758 468 2786 Pedianus.

132 2806 183 2833 Asc
190 2814 268 2834 reus
277 2825 285 2838 ,
307 2805 455 2833 Hesiodus.

132 2852 254 2881 Asinius
278 2851 435 2888 (Ἀσίννιος)
463 2850 562 2884 Pollio,
590 2848 749 2883 Romanus,
777 2847 898 2884 ἱστορίας

947 2240 1057 2276 scriprit
1076 2239 1226 2275 tzagmdias
1242 2239 1344 2271 CCXL.
1375 2240 1440 2267 vicit
1458 2239 1517 2268 XV.
1537 2240 1689 2275 Antequam
1707 2241 1741 2267 ad

948 2286 1096 2322 tragtndias
1113 2285 1274 2313 scribendas
1293 2293 1322 2314 se
1339 2285 1493 2319 conferret,
1513 2287 1619 2314 audivit
1635 2286 1742 2314 Isocra-

948 2341 1013 2365 lt'm.

983 2383 1146 2420 Astydamas
1157 2404 1164 2417 ,
1179 2382 1283 2418 iunior.
1298 2381 1398 2416 prioris
1413 2380 1498 2414 ﬁlius,
1514 2382 1647 2416 tragicus.
1660 2380 1741 2415 cujus

947 2421 1072 2459 dramata
1091 2430 1230 2466 Ἡρακλῆς
1244 2428 1400 2462 σατυρικὸς.
1421 2427 1569 2461 Ἐπίγονοι.
1586 2428 1664 2458 Ἀἶας
1678 2436 1742 2462 μαι-

948 2478 1061 2512 νόμενος
1074 2499 1081 2510 ,
1097 2476 1314 2511 Βελλεροφόντης
1324 2495 1333 2507 ,
1349 2473 1445 2509 Τυρὼ,
1467 2473 1607 2508 Ἀλκμήνη
1617 2494 1623 2504 .
1639 2472 1740 2505 Φοῖνιξ,

948 2523 1126 2559 Παλαμήδης.

984 2570 1151 2602 Athenaeus,
1167 2568 1325 2596 Naucratita
1336 2588 1344 2600 ,
1361 2566 1574 2603 grammaticus,
1589 2566 1636 2601 qui
1656 2565 1741 2594 Marci

949 2615 1016 2652 imp.
1032 2619 1153 2650 tempore
1167 2614 1246 2647 vixit,
1263 2613 1371 2648 scripsit
1386 2612 1486 2640 librum
1510 2611 1557 2647 qui
1581 2611 1742 2639 inscribitur

950 2661 1189 2697 Δειπνοσοφισταὶ,
1202 2665 1256 2688 etc.

985 2707 1196 2742 Athenodorus,
1211 2706 1315 2735 stoicus
1330 2705 1510 2742 philosophus
1525 2704 1577 2732 sub
1590 2703 1740 2734 Octaviano

949 2756 1030 2791 imp.,
1046 2761 1100 2782 etc.

985 2803 1178 2830 Athenodorus
1189 2821 1197 2833 ,
1210 2800 1322 2836 iunior,
1340 2799 1470 2828 omnibus
1485 2798 1520 2827 ad
1537 2797 1739 2835 philosophiam

949 2848 1082 2878 subsidiis
1101 2848 1136 2876 ab
1159 2847 1270 2883 ingenio
1289 2850 1317 2874 et
1335 2849 1410 2875 recta
1431 2844 1515 2874 animi
1532 2845 1672 2873 voluntate
1696 2843 1741 2876 in:
