1921 3072
182 161 248 195 1211

821 159 970 190 SUIDAS.
982 172 1015 177 —
1025 158 1193 189 NOTlTlA.

183 218 327 254 Hesychia,
351 225 426 252 quem
449 217 637 252 compilabant.
663 216 703 244 vel
732 216 792 244 aliis
822 214 971 251 glossariis.
988 218 1009 245 Α
1024 213 1198 247 dilucideque
1214 210 1340 247 patefecit
1355 209 1391 237 cl.
1405 207 1545 239 Mullerus,
1561 210 1650 234 rector
1666 204 1819 234 Citzensis,

182 271 255 291 nunc
270 263 348 290 nobis
373 262 485 298 ignotis,
503 262 614 295 debere,
635 262 676 289 vel
697 261 807 296 proprio
829 261 920 288 studio
935 267 968 286 ex

183 313 303 336 veterum
328 309 491 343 scriptorum
521 308 724 335 commentariis
744 314 770 334 et
792 307 903 334 scltoliis
921 315 969 333 ex-

181 355 333 389 ecrpsisse;
359 354 392 381 de
412 354 511 389 glossis
529 355 613 381 sacris
638 353 816 389 llesycliianis
842 354 905 388 quid
925 353 970 380 alii

182 399 233 426 viri
247 399 319 426 docti
334 398 468 433 judicent,
484 399 540 433 jam
555 400 672 426 vidimus
689 401 714 426 in
732 399 820 433 capite
836 400 869 426 de
885 399 969 434 Ilusy-

183 445 261 478 chio;
275 445 387 472 Suidam
406 449 496 472 autem
519 454 550 472 ex
564 447 624 472 aliis
646 438 818 481 p'otissimum
839 446 970 475 fontibus,

184 491 265 519 hodie
291 491 436 518 maximam
463 498 565 526 partem
592 492 662 519 haud
689 491 805 527 ignotis,
836 491 971 520 hausisse.

184 537 277 564 itidcm
294 537 320 563 in
340 538 390 563 hoc
409 537 498 570 capite
514 538 714 564 adnotavimus.
730 552 765 558 -—
780 536 836 563 Cel.
853 537 971 563 Schulzii

183 583 321 617 specimen
341 581 497 609 Observatt.
516 583 630 610 miseell.
647 583 673 609 in
689 583 800 609 Suidam
815 582 871 617 jam
888 590 970 616 supra

184 629 366 656 laudavimus.
389 628 437 655 Vir
462 634 553 656 autem
586 628 659 657 doct.
691 630 864 663 persequitur
889 629 973 654 inulta

186 675 276 702 Suiin
306 675 363 701 loca
390 675 424 702 ab
451 675 550 706 Ἀατος
575 683 663 709 usque
688 675 719 701 ad
740 674 873 709 Ἑφραθᾶ,
890 682 975 708 caque

186 720 268 748 modo
298 720 355 747 face
379 721 474 748 critica
504 721 631 752 illustrat,
658 721 737 747 modo
763 719 850 746 fontes
877 719 973 754 aperit,

185 765 259 794 unde
275 765 396 793 hauserit
409 765 517 797 Suidas,
536 766 617 793 modo
633 773 676 792 res
691 766 826 799 verbaque
839 771 976 799 gramma-

185 814 301 841 ticorum
320 821 396 841 more
417 813 545 847 explicat.
572 828 605 832 —
631 812 732 839 Locum
758 811 849 838 Suidze
874 811 976 844 Πεερο-

186 860 301 895 φοίτωρ,
317 864 369 887 etc.
386 860 532 888 emendare
554 860 730 887 instituerunt
750 857 867 885 Brueker
882 862 909 884 et
927 856 978 882 Fa-

185 907 289 935 bricius
307 907 333 934 in
352 907 454 934 mutuis
478 908 613 943 epistolis,
635 906 768 941 subjectis
791 904 921 936 Beimari,
937 903 975 930 De

187 953 250 980 vita.
259 953 429 980 ele.Faltricii
440 953 638 983 commentario,
648 960 708 987 pag.
718 951 772 979 2'25
781 949 974 984 sq.—Suidam

187 998 333 1032 aliquoties
349 998 505 1025 emendavit
515 998 613 1033 Taylor
625 997 650 1024 in
668 996 830 1024 lectionibus
843 994 975 1031 Lysiar-is,

187 1044 264 1079 prmi.
281 1044 353 1072 illius
368 1045 480 1072 editioni
492 1043 589 1080 Lysim,
607 1043 722 1070 Londini
741 1043 819 1074 H59,
831 1043 858 1075 4,
876 1050 936 1076 cap.
949 1042 974 1068 5.

187 1090 258 1118 Num
288 1096 379 1118 autem
409 1091 452 1119 Jo.
481 1090 590 1126 Taylori
625 1090 760 1125 appendix
791 1094 918 1116 notarum
949 1089 977 1115 in

189 1136 281 1164 Suida:
297 1135 414 1164 Lexicon
430 1139 468 1171 (ν,
483 1136 669 1171 Bri'tggemanu
691 1134 756 1161 View
772 1134 803 1170 of
815 1135 855 1161 the
870 1133 977 1168 English

189 1182 323 1216 Editiuns,
340 1188 406 1216 etc.,
434 1191 485 1219 pag
512 1182 587 1215 M8),
612 1182 699 1209 lucem
725 1182 834 1212 viderit,
851 1180 978 1214 equidem

190 1229 294 1256 nescio.
313 1228 444 1263 Villoison
457 1229 483 1255 in
502 1228 601 1255 Anecd.
616 1227 652 1255 Gr
679 1227 711 1260 Il,
731 1235 790 1262 pag.
806 1227 849 1258 51,
867 1234 894 1253 n.
909 1226 933 1258 l,
951 1229 979 1253 et

189 1282 253 1310 pag.
269 1275 330 1307 l65,
347 1279 416 1306 not.,
427 1275 482 1301 duo
494 1273 585 1301 Suidzn
598 1275 656 1302 loca
675 1274 793 1301 illustrat
806 1273 977 1300 emendatve.

192 1322 245 1350 Sed
263 1322 398 1350 inﬁnitum
414 1322 492 1354 I‘oret,
512 1322 603 1349 omnia
618 1329 766 1356 congerere
791 1325 817 1348 et
835 1321 979 1352 adnotare,

192 1375 254 1403 quae
269 1367 473 1401 llemsterhus.,
500 1366 706 1400 Valckenarius,
730 1366 882 1399 Markland,
905 1365 981 1393 Pier-

192 1421 254 1444 son,
273 1414 363 1444 Korn.
387 1413 549 1448 interpretes
567 1413 602 1441 ad
625 1411 760 1440 Thomam
785 1413 854 1447 διες.
880 1412 982 1448 aliique

193 1459 271 1486 multi
286 1459 335 1486 viri
352 1459 444 1487 Graece
460 1459 532 1486 docti
556 1459 658 1494 passim
675 1459 702 1485 in
718 1459 791 1486 notis
809 1459 841 1485 ad
856 1463 983 1487 auctores

193 1505 326 1532 classicos
355 1509 403 1532 aut
425 1505 489 1532 alibi
514 1505 541 1531 in
564 1505 640 1531 libris
673 1504 777 1536 Obss.,
809 1504 983 1532 Emendatio—

1023 261 1050 288 in
1075 260 1168 294 Progr.
1185 259 1218 286 de
1236 258 1331 290 Suida,
1356 254 1596 284 observationibus
1622 251 1746 279 Reinesii
1771 259 1820 278 or-

1023 312 1096 338 nato,
1116 306 1198 334 Citzm
1225 310 1253 332 et
1281 303 1380 338 Lipsize
1405 300 1526 333 “96,8.
1545 299 1618 326 Idem
1639 298 1745 329 docuit,
1760 297 1818 331 jam

1024 353 1169 380 Kusterum
1194 351 1275 379 tacite
1296 355 1444 384 usurpasse
1468 347 1619 374 observan.
1640 345 1701 372 illas
1716 344 1818 371 Reine-

1023 401 1126 427 siauas.

1059 447 1088 473 In
1105 445 1199 480 primis
1215 444 1341 471 nolandm
1358 446 1422 469 sunt
1437 440 1482 469 Jo.
1502 439 1601 474 Toupii
1620 438 1818 465 emendatione:

1024 492 1050 518 in
1065 491 1187 522 Suidam,
1207 491 1233 517 in
1250 489 1350 524 quibus
1371 489 1488 522 plurima
1512 486 1571 513 loca
1587 490 1654 512 vett.
1679 483 1770 511 (ἔνων.
1784 496 1818 506 -ν-

1026 543 1081 564 tum
1096 537 1276 570 explicantur,
1294 539 1350 561 tum
1371 533 1574 565 emendantur;
1599 530 1714 558 Londini
1734 530 1818 556 1760-

1027 584 1104 614 1767,
1122 589 1188 610 tom.
1206 582 1250 610 lll.
1272 581 1344 609 8.-
1369 579 1497 613 Ejusdem
1523 577 1646 612 Epistola
1672 577 1768 602 critica
1785 575 1816 601 ad

1025 630 1188 658 Gulielmum
1211 628 1297 662 cpisc.
1326 627 1461 654 Gloeestr.
1491 625 1608 651 Londini
1635 623 1714 652 ιῖΰῖ,
1741 623 1768 649 8.
1790 636 1816 640 ~—

1026 677 1153 712 Ejusdem
1177 683 1248 702 cura:
1264 673 1413 700 novissime:
1434 679 1456 699 s.
1490 670 1669 706 appendicula
1690 675 1818 696 notarum

1026 721 1283 749 etemendatiouum
1311 719 1338 746 in
1365 717 1488 750 Suidam,
1510 722 1575 749 etc.,
1599 716 1665 743 ibid.
1690 715 1770 744 ΠἸΞ,
1792 715 1816 741 8.

1027 767 1092 800 Qu'e
1108 767 1199 794 omnia
1221 766 1338 800 primum
1363 771 1459 791 recusa
1479 767 1543 790 sunt
1559 762 1640 796 hujus
1654 761 1818 788 sementim:

1027 812 1071 839 Jo.
1091 812 1174 846 Toup.
1203 810 1328 846 opuscula
1348 810 1453 841 critica,
1477 808 1576 843 Lipsiae
1604 807 1674 834 1780
1694 812 1722 833 et
1740 805 1818 836 1781.

1029 863 1094 886 tom.
1110 859 1141 891 ll,
1158 859 1183 885 8.
1197 873 1232 879 —
1249 857 1351 884 Deinde
1367 864 1429 882 cum
1447 855 1545 890 insigni
1561 853 1721 881 accessione
1738 859 1820 879 nova-

1028 911 1088 932 rum
1107 904 1132 930 in
1145 903 1256 931 Suidam
1269 900 1536 929 animadversionum
1553 905 1635 933 atque
1649 897 1821 925 emendatio-

1027 958 1092 977 num
1107 951 1133 976 in
1151 949 1314 984 Hesychium
1328 947 1496 978 uberiorum,
1510 950 1536 973 et
1549 946 1576 972 in
1588 945 1727 971 Pollucem
1740 948 1822 977 atque

1027 996 1269 1032 Harpocrationem
1285 994 1455 1030 pauciorum,
1472 997 1499 1019 ct
1511 991 1661 1026 appendice
1676 989 1822 1024 Tyrwhitti

1028 1043 1152 1077 aliusque
1166 1042 1197 1068 ν.
1210 1041 1239 1068 ι).
1253 1044 1379 1067 notarum
1397 1039 1422 1065 in
1440 1037 1537 1071 Toupii
1557 1037 1707 1063 ementlatt.
1721 1035 1749 1062 iu
1761 1035 1823 1061 Sui-

1028 1088 1102 1118 dam,
1115 1087 1369 1114 del'unctoauctore.
1380 1084 1478 1110 iterum
1498 1083 1523 1108 in
1535 1081 1630 1116 Anglia
1646 1088 1711 1106 cura
1724 1085 1822 1106 etcum

1029 1133 1185 1169 praefatione
1201 1131 1298 1158 Thom.
1316 1130 1463 1161 Burghess.
1475 1128 1542 1154 edit.
1557 1130 1621 1153 sunt
1640 1133 1702 1152 cun:
1723 1124 1823 1151 luseri-

1030 1179 1122 1214 ptione
1134 1186 1140 1204 :
1154 1177 1356 1204 Emendntiones
1366 1175 1392 1201 in
1403 1173 1515 1201 Suidant
1523 1177 1546 1198 et
1555 1170 1715 1206 Ilesychinm
1723 1174 1749 1196 et
1759 1169 1825 1194 alios

1032 1224 1231 1259 lezicographas
1249 1221 1364 1250 ercos.
1386 1219 1503 1254 Scripsit
1522 1217 1565 1245 Jo.
1592 1217 1679 1251 Toup.
1699 1215 1825 1243 erclesia:

1031 1271 1138 1299 calhed.
1155 1270 1240 1296 Exon.
1259 1267 1462 1304 praebendarius
1474 1271 1502 1293 et
1516 1263 1638 1292 ecclesia:
1662 1262 1692 1289 S.
1715 1259 1825 1288 Μιλτιίιί

1031 1326 1093 1347 cum
1116 1317 1219 1352 capella
1242 1317 1275 1343 de
1299 1314 1354 1342 Loo
1381 1314 1408 1340 in
1435 1320 1500 1348 agro
1523 1309 1704 1338 Cornnbiensi
1723 1313 1825 1334 rector.

1032 1364 1131 1393 Oxonii
1158 1371 1173 1390 e
1189 1361 1374 1398 typographeo
1387 1358 1553 1387 Clarendou.
1570 1356 1649 1386 H90.
1674 1355 1701 1385 8,
1718 1353 1753 1381 IV
1772 1353 1825 1380 vol.

1032 1410 1120 1445 Toup.
1134 1413 1193 1436 erat
1209 1412 1307 1435 acutus
1331 1406 1441 1442 quidem
1468 1404 1591 1433 critirus,
1609 1402 1656 1428 sed
1674 1401 1761 1427 etiam
1776 1400 1827 1425 im-

1034 1458 1192 1485 moderatus
1206 1459 1287 1490 atque
1302 1453 1480 1481 inhutnanus,
1495 1457 1545 1477 nec
1559 1455 1622 1475 raro
1632 1448 1751 1482 agrestis
1764 1452 1828 1480 erga

1035 1501 1113 1529 alios.
1134 1499 1204 1526 Num
1228 1506 1293 1525 vero
1323 1495 1463 1524 l’earsonii
1490 1499 1517 1521 et
1541 1493 1608 1520 Adr.
1634 1492 1707 1519 Junii
1729 1491 1828 1526 opibus

196 1559 274 1584 "Hm.
289 1556 354 1583 ρίου.
383 1551 416 1578 ad
433 1551 546 1578 Sumam
564 1550 756 1578 illustrandum
776 1550 983 1586 corrigendum-
998 1560 1019 1590 ο
1036 1546 1115 1574 fuerit
1131 1546 1250 1578 adjutus,
1263 1549 1288 1570 et
1300 1543 1399 1573 alieno,
1417 1541 1453 1567 uti
1471 1541 1557 1570 aiunt,
1571 1539 1656 1565 vitulo
1671 1537 1770 1566 ararit,
1790 1536 1828 1562 uti

195 1604 249 1632 que
277 1597 352 1624 varia
379 1597 483 1624 ratione
501 1601 528 1623 et
550 1597 658 1623 fortuna
684 1596 868 1623 contulerunt.
894 1595 982 1623 Pauca

195 1648 299 1670 tantum
328 1643 450 1670 indicare
475 1642 537 1669 libet
565 1650 663 1677 opera,
696 1642 722 1669 in
745 1643 863 1676 quibus,
893 1643 984 1671 delita

195 1697 278 1724 opera
304 1690 452 1723 etcopiose
478 1693 662 1723 pertractatur
683 1689 774 1715 Suidaa
800 1689 930 1716 Lexicon.
953 1705 986 1710 —

196 1735 303 1765 Ernesti
317 1735 412 1769 junior
434 1735 460 1761 in
475 1734 581 1762 Comm.
604 1734 638 1761 de
653 1733 776 1769 Procopii
790 1734 890 1762 Caesar.
910 1743 985 1762 com-

196 1781 351 1813 mentariis,
368 1785 432 1812 etc..
449 1789 510 1816 pag.
528 1782 555 1813 4,
574 1785 690 1813 notarat,
707 1779 845 1808 Olearium
861 1781 987 1816 exemplo

197 1834 248 1855 suo
279 1827 377 1854 multas
402 1827 475 1854 obss.
501 1826 595 1854 doctas
617 1826 786 1861 ascripsisse.
814 1826 911 1854 Postea
937 1827 986 1854 viri

197 1875 272 1902 illius
287 1875 478 1902 humanissimi
497 1882 562 1902 cura
578 1875 603 1901 in
622 1875 710 1902 lucem
731 1875 783 1902 illae
799 1875 960 1909 prodierunt
973 1883 988 1902 e

199 1922 319 1950 tenebris
334 1922 360 1948 in
377 1921 445 1949 liliro
463 1922 614 1956 inscripto:
630 1920 676 1948 Jo.
690 1922 756 1955 Aug.
774 1921 880 1948 Ernesti
894 1920 989 1948 Obser-

198 1973 264 1996 catt.
287 1968 563 2003 philologico-criticte
586 1968 611 1994 in
640 1967 826 2002 Aristophanis
849 1966 939 1994 Nubes
964 1971 989 1994 et

199 2015 288 2043 Flavii
302 2015 410 2050 Iosephi
425 2015 537 2050 Antiqq.
555 2013 618 2042 Jud.
644 2015 827 2041 Acecsseruut
841 2012 988 2041 Godol‘redi

199 2062 300 2091 Olearii
317 2063 427 2095 notwfad
437 2061 560 2089 Suidum.
575 2060 672 2096 Lipsiae
685 2060 765 2091 1795,
780 2058 880 2087 Mai.8.
897 2059 990 2086 Enim-

201 2117 267 2137 vero
283 2114 354 2136 nota:
367 2108 400 2136 ad
416 2108 540 2138 Suidzun,
557 2114 618 2141 qua:
641 2105 780 2133 immerito
803 2105 992 2132 attribuuntur

202 2156 323 2188 Oleario,
348 2160 375 2183 et
399 2154 572 2189 potissimum
598 2156 724 2187 spectant
740 2151 773 2179 ad
793 2158 836 2178 res
854 2152 993 2178 homines-

200 2211 266 2239 que,
283 2203 317 2230 de
334 2202 432 2237 quibus
449 2208 539 2228 sermo
555 2204 599 2227 est
610 2199 681 2234 apud
698 2197 822 2228 Suidam.
834 2198 991 2225 lieinesium

203 2251 293 2285 potius
321 2249 421 2276 habent
439 2251 589 2283 parentem.
611 2260 647 2266 —
665 2245 714 2272 llic
730 2245 801 2272 enim
821 2245 863 2270 vir
877 2244 990 2272 doctiss.

203 2301 231 2324 et
257 2294 452 2323 solertissimus
474 2293 576 2325 Suidm,
605 2292 638 2319 ab
666 2291 777 2318 {Emilio
808 2290 889 2318 Porto
915 2290 990 2323 editi,

204 2341 366 2376 exemplari,
381 2340 452 2374 quod
467 2339 549 2366 Citza:
566 2339 593 2366 in
610 2338 676 2366 bibl.
694 2338 801 2372 publica
826 2337 915 2364 adhuc
933 2344 991 2364 ser-

204 2393 294 2419 vatur,
311 2386 396 2413 multa
414 2385 588 2419 ascripserat,
608 2385 708 2419 quibus
725 2384 877 2410 versionem
899 2391 993 2410 emen-

205 2434 285 2461 darat
298 2431 433 2463 Latinam,
447 2431 488 2458 vel
504 2435 608 2457 textum
626 2430 727 2464 ipsum,
742 2428 877 2463 praetipue
895 2436 994 2456 secun-

206 2482 269 2508 dmn
283 2480 348 2507 edit.
367 2477 574 2508 Mediolanens.,
590 2483 660 2510 saepe
674 2483 721 2510 per
735 2474 931 2508 conjecturam,
948 2478 996 2501 aut

207 2535 255 2562 per
270 2525 501 2560 comparationem
517 2527 657 2549 auctorum
680 2528 695 2548 e
706 2520 804 2555 quibus
819 2519 919 2547 Suidas
931 2527 997 2548 suas

207 2575 300 2603 hausit
317 2574 431 2608 glossas,
447 2571 586 2606 supplerat
607 2569 731 2600 lacunas,
750 2573 798 2594 aut
809 2575 900 2594 veram
915 2567 996 2595 resti-

208 2626 298 2649 tuerat
322 2620 483 2650 lectionem,
501 2617 601 2651 sapius
619 2615 731 2642 nomina
752 2614 918 2649 explicuerat
935 2621 998 2648 pro-

208 2670 267 2704 pria
290 2673 441 2699 eorumque
465 2665 518 2691 vim
546 2668 573 2690 et
590 2667 749 2697 potestatem
771 2667 818 2688 aut
844 2660 996 2691 historiam,

209 2719 256 2743 aut
277 2714 354 2742 n0vis
365 2711 554 2746 locupletaral.
569 2708 624 2736 llas
638 2707 816 2735 Reinesianas
830 2705 1000 2734 observatio-

210 2769 257 2788 nes
268 2762 294 2788 in
311 2768 390 2788 suum
407 2758 530 2785 Olearius
543 2753 866 2788 transtuleratexeinplar
879 2761 886 2779 :
900 2753 999 2779 multas

211 2814 301 2834 tamen
329 2811 424 2834 acutas
457 2803 578 2832 Reinesii
616 2800 822 2829 emendationcs
848 2798 1024 2833 doctasque.

211 2853 397 2887 expositiones
423 2850 558 2886 neglexit,
581 2852 677 2875 contra
697 2845 822 2882 proprias
851 2844 999 2879 quasdam,

213 2905 314 2932 easque
342 2895 478 2924 interdum
506 2894 622 2922 leviores
646 2893 762 2925 adierit;
793 2891 831 2923 id,
858 2890 929 2925 quod
950 2890 1003 2918 late

1037 1593 1139 1620 Eekard
1158 1593 1185 1619 in
1203 1601 1210 1619 :
1239 1589 1392 1617 Uebem'cltt
1414 1587 1460 1614 der
1478 1586 1571 1614 Oertcr
1594 1599 1629 1605 -
1653 1584 1707 1610 und
1721 1582 1829 1610 Grand-

1036 1640 1109 1666 stitze
1134 1645 1181 1664 cur
1212 1634 1363 1662 Geschichte
1387 1634 1434 1660 der
1457 1630 1647 1661 Bibliotheken,
1671 1637 1734 1663 pag.
1767 1627 1829 1659 “5,

1036 1685 1192 1719 suspicatus
1210 1682 1265 1709 fere
1280 1685 1331 1713 est,
1354 1680 1478 1714 equidem
1507 1677 1600 1704 nescio
1618 1681 1644 1703 et
1666 1683 1712 1702 vnx
1740 1674 1830 1701 credi-

1037 1731 1134 1759 derim.
1161 1744 1196 1749 —
1222 1727 1381 1763 ingeniosus
1406 1732 1527 1760 quoque,
1549 1729 1576 1751 at
1603 1729 1673 1758 pene
1694 1720 1830 1748 audacior

1038 1778 1150 1806 criticus
1162 1782 1214 1803 est.

1073 1823 1212 1850 Gilbertus
1227 1819 1376 1847 Wakeﬁeld
1395 1819 1422 1845 in
1443 1817 1515 1844 Silva
1535 1817 1642 1846 critica.
1667 1815 1722 1841 site
1738 1815 1766 1841 in
1785 1822 1833 1840 au-

1039 1873 1123 1895 ctores
1145 1874 1235 1893 sacros
1257 1865 1435 1898 profunosque
1456 1862 1643 1888 commentario
1660 1860 1830 1895 philulogico.

1039 1914 1221 1949 Cantabrigim
1238 1912 1405 1940 “894795.
1420 1911 1447 1943 8,
1466 1910 1483 1937 ν
1502 1915 1583 1945 part.,
1599 1909 1646 1944 qui
1670 1910 1725 1943 per'
1736 1915 1833 1936 omnes

1039 1963 1160 1997 quinque
1178 1966 1268 1996 partes
1291 1959 1400 1986 criticas
1417 1957 1450 1991 Vin
1465 1956 1576 1983 Suidam
1591 1955 1671 1982 modo
1690 1956 1833 1990 parciore,

1040 2009 1122 2036 modo
1138 2007 1291 2034 liberaliore
1304 2012 1387 2032 manu
1404 2003 1503 2038 sparsit
1519 2001 1786 2029 animadversiones.

1079 2054 1237 2082 Praeclarum
1263 2051 1412 2084 l'uturoque
1439 2048 1531 2076 Suidaa
1558 2048 1657 2075 editori
1682 2047 1834 2074 admodum

1042 2101 1134 2128 utilem
1150 2106 1261 2134 operam
1275 2097 1405 2131 suscepit,
1431 2095 1548 2129 aliisque
1567 2093 1732 2120 monstravit
1750 2093 1834 2124 viam,

1041 2155 1075 2175 ex
1093 2146 1154 2174 aliis
1169 2144 1280 2173 soholiis
1297 2148 1325 2170 et
1339 2142 1481 2178 glossariis
1495 2140 1552 2176 pari
1568 2140 1673 2166 ratione
1689 2144 1715 2165 et
1744 2138 1838 2165 Consi-

1044 2193 1080 2221 lio
1101 2191 1253 2220 illustrandi
1275 2188 1493 2222 emendaudique
1516 2186 1618 2217 Suidae,
1632 2185 1667 2212 cl.
1694 2183 1837 2218 lloepfne-

1044 2247 1108 2272 rus,
1129 2241 1250 2266 conrcct.
1269 2234 1409 2271 Gymnasii
1434 2233 1567 2261 lslebeus.
1595 2231 1697 2265 optime
1720 2230 1838 2257 meritus

1044 2286 1102 2321 (qui
1119 2287 1175 2320 ipse
1188 2283 1335 2318 aliquando
1353 2288 1451 2308 novam
1468 2278 1651 2306 meditabatur
1668 2276 1836 2310 Lexieogra-

1044 2333 1089 2368 phi
1108 2331 1266 2361 editionem,
1284 2328 1331 2355 sed
1350 2326 1448 2353 deinde
1463 2324 1609 2352 consilium
1623 2322 1752 2356 abjecit),
1773 2322 1837 2348 dum

1044 2366 1128 2406 edidit
1144 2387 1151 2404 :
1168 2375 1323 2403 Glossarum
1339 2372 1430 2400 Suidw
1445 2379 1458 2398 ε
1482 2369 1611 2402 Sophocle
1625 2369 1736 2403 ejusque
1755 2366 1839 2394 schol.

1045 2426 1255 2459 depromptarum
1272 2421 1401 2456 specimen
1415 2418 1428 2445 1
1445 2417 1599 2444 accuratius
1619 2414 1737 2449 collegit,
1751 2421 1839 2441 amen.

1045 2472 1127 2504 davit,
1146 2469 1289 2497 illustravit
1306 2467 1331 2494 1.
1355 2466 1387 2494 G.
1405 2465 1437 2493 C.
1451 2464 1581 2499 Hoepfner
1605 2462 1632 2488 iu
1651 2470 1658 2488 :
1678 2459 1773 2487 Nam:
1787 2459 1840 2487 Ma-

1045 2519 1124 2554 gazin
1139 2517 1182 2551 Ῑῑιι·
1199 2515 1383 2545 Schullchrar,
1399 2511 1607 2545 herausgegebeu
1623 2516 1674 2535 von
1687 2506 1721 2535 ϐ.
1735 2508 1770 2534 Α.
1788 2506 1841 2534 Ru-

1047 2553 1113 2600 perti
1131 2563 1185 2590 und
1204 2561 1238 2589 11.
1248 2559 1449 2588 Schilchthorst.
1465 2562 1531 2583 tom.
1548 2556 1570 2588 Ι,
1580 2561 1651 2590 part.
1666 2562 1686 2585 ι,
1701 2561 1766 2588 pag.
1776 2553 1838 2583 9.50.

1047 2599 1111 2638 ξω.
1140 2623 1174 2629 ——
1195 2607 1331 2642 Specimen
1348 2604 1380 2632 11
1403 2604 1469 2631 ibid.
1487 2607 1555 2637 part.
1571 2610 1600 2633 n,
1622 2608 1683 2635 pag.
1702 2599 1839 2627 Λυδὲ-υἱ.

1049 2655 1220 2690 —Specimen
1236 2652 1284 2680 lll
1299 2653 1327 2680 in
1337 2650 1495 2680 eorumdem
1512 2648 1648 2675 editorum
1661 2646 1788 2681 Magazin
1799 2646 1841 2680 [ur

1052 2701 1215 2735 l’ht'lolagen,
1231 2704 1297 2727 tom.
1317 2699 1338 2730 l,
1362 2705 1423 2732 pag.
1438 2694 1569 2722 “6455.
1584 2708 1619 2714 —
1636 2692 1674 2719 Ex
1693 2692 1737 2719 his
1755 2691 1841 2718 mani-

1051 2750 1148 2778 festum
1173 2748 1212 2777 lit.
1250 2749 1368 2782 quantus
1406 2746 1497 2778 pateat
1525 2747 1639 2775 campus
1678 2738 1705 2766 ei
1737 2738 1786 2773 qui
1815 2737 1840 2765 in

1051 2795 1136 2823 Suida
1161 2792 1328 2821 restituendo
1351 2790 1423 2817 vires
1443 2787 1544 2823 ingenii
1570 2791 1653 2820 atque
1678 2784 1841 2812 eruditionis

1052 2848 1181 2870 exercere
1197 2840 1271 2867 velit.
1292 2838 1378 2865 Hnu.
1393 2835 1470 2872 [Post
1489 2832 1621 2868 Ludolphi
1643 2831 1754 2859 Kusteri
1786 2829 1842 2857 edi-

1053 2888 1153 2915 tionem
1183 2892 1255 2914 anno
1279 2883 1358 2915 1705,
1389 2880 1570 2915 (ὶοηιειῠι-ἱείω
1593 2878 1698 2913 datam,
1723 2877 1841 2905 Lexieon

1749 147 1822 180 1212
