1921 3072
102 153 166 186 1225

727 149 775 179 DE
795 148 939 185 QUIBUS
959 149 1106 179 SUIDAS.

1666 149 1735 182 19.9.6

96 218 119 239 et
133 208 350 237 Athenodorum.
373 205 457 233 Poeta
477 205 571 240 opicus
595 204 706 239 scripsit
725 204 890 240 Φαινόμενα,
906 207 928 235 Α
945 212 1026 236 nona,
1052 203 1258 239 quadringentis
1273 203 1353 231 annis
1370 209 1431 239 post
1448 204 1548 232 bellum
1565 203 1713 239 Troianum
1725 215 1735 235 :

98 259 122 285 in
139 255 240 292 quibus
260 253 369 281 initium
387 252 551 279 adntirabile
568 257 595 280 et
610 251 720 279 Ilomori
746 251 810 278 felix
827 251 891 278 imi-

97 305 170 333 tatio.
190 302 307 338 llyntnos
333 301 360 326 in
382 299 497 332 Panem,
524 298 738 334 Σπονδοφέρους,
761 299 890 331 Παίγνια,

101 348 289 386 Ἀστρολογίαν
298 346 345 373 21‘.
359 344 563 380 ’Δοτροῦεσίκν,
584 345 711 371 Σύνθεσιν
726 344 891 379 φαρμάκων,

95 392 240 430 θηριακῶν
261 390 413 426 ἐπιτήδεια,
438 389 686 425 ’Λιιθρωπογονῐαν.
707 389 890 421 Ἐπιουτῑκὸι),

95 441 133 471 εἰς
159 439 318 472 Θεὸπροπον
345 435 546 471 (epicediutn),
564 436 604 466 εἰς
623 435 786 468 Ἀντίγονον.
811 434 891 461 Ἠθο-

94 481 378 516 πνιιῖας,Ὲπιστολὰς,
399 481 616 516 Ἐπιγράμματα
633 481 660 507 in
678 480 799 514 Philam,
814 481 892 508 Aliti-

94 532 164 568 palri
178 528 403 564 [iliatu,Antigoni
418 536 544 561 uxorem,
561 527 725 563 ’ΛΜ-τομὴν,
741 527 773 555 In
791 527 893 555 Pausa-

94 582 177 610 nium.
191 578 378 606 Macedonem.
390 576 544 610 Epicedium
558 574 728 602 Cleombroti.
741 574 891 610 Διόρϐωσιν

99 625 267 655 ὈΞ-δασείας,
285 623 492 651 emendationem
507 621 640 657 Odyssea,
659 625 687 649 et
696 622 821 656 epistolas
831 629 894 648 ora-

93 672 168 699 tione
189 672 287 698 soluta.
875 668 878 672 λ

127 718 275 748 Arcadius,
290 715 498 750 grammaticus,
521 715 719 747 Antiocltenus,
733 715 845 750 scripsit
859 715 893 743 de

94 762 304 798 orthographia,
327 762 360 789 de
381 761 588 789 constructione
603 761 721 796 partium
736 761 890 794 mntionis;

93 811 297 838 onomasticum
313 808 484 836 admirabile.

131 856 305 886 Arcesilaus,
319 855 511 890 philosoplms.

128 902 299 930 Archedicus
315 901 560 936 κωμῳδιογράφος,
573 901 619 936 qui
635 904 730 928 contra
739 900 891 928 Democha-

94 956 165 979 rcm,
179 946 370 974 Demosthenis
386 947 491 974 sororis
509 947 605 979 tilium,
623 946 744 981 scripsit.
757 945 796 972 Ex
815 944 892 973 fallu-

91 994 126 1021 lis
141 993 203 1028 ejus
219 996 283 1020 sunt
294 991 437 1027 Θησαυρδς
451 997 477 1019 et
492 991 700 1026 Διαμαρτάνων.

126 1039 292 1071 Archelaus,
317 1038 473 1073 Apollodori
494 1038 535 1065 vel
557 1037 673 1065 IIIidonis
695 1037 740 1071 F.,
757 1037 890 1070 Milesius,

91 1086 274 1122 philosophus
291 1084 428 1120 physicus,
442 1084 546 1119 primus
560 1092 592 1110 ex
604 1084 678 1111 Ionia
692 1083 889 1129 physiologiam

93 1134 120 1161 in
133 1132 268 1159 Graeciam
285 1130 450 1162 iutrodtuit,
467 1129 619 1165 diScipulns
631 1131 810 1164 Anaxagorae,
825 1138 892 1164 pra:-

93 1186 192 1214 ct-ptor
207 1177 329 1205 Socratis
346 1181 373 1203 et
391 1176 529 1211 Euripidis
544 1184 550 1202 τ
566 1176 676 1210 scripsit
693 1176 890 1212 physiologiam

93 1227 120 1249 ct
136 1222 191 1248 .Iia
206 1221 346 1248 nonnulla.
362 1220 433 1248 Nihil
448 1221 553 1255 jttstum
568 1221 609 1248 vel
624 1226 702 1256 turpe
718 1225 815 1248 natura
830 1230 891 1249 esse

91 1269 204 1299 docuit.
223 1269 269 1296 sed
285 1268 411 1295 instituto
428 1268 530 1294 omnia.

128 1316 294 1348 Archrlaus,
306 1314 426 1342 Coloniae
455 1315 608 1350 presbyter,
623 1319 717 1342 contra
732 1322 812 1350 quem
826 1314 892 1341 scri-

89 1363 146 1397 psit
166 1360 295 1393 Basilius,
314 1359 464 1395 Ircnopolis
482 1359 637 1394 episcopus.

129 1407 303 1440 Arrhiatlas,
337 1406 509 1441 Theageuetu
537 1406 572 1433 ob
601 1405 745 1434 facultates
772 1407 890 1435 amissas

90 1461 133 1481 cm
149 1453 243 1480 solans
261 1454 303 1487 (ex
319 1452 482 1487 Damascio).

127 1500 259 1530 Archias,
286 1498 489 1533 φυγαδιιοῄρας,
513 1497 559 1533 qui
586 1502 722 1531 oratores,
747 1497 810 1532 fuga
838 1498 890 1527 sibi

92 1545 242 1580 cupientes
260 1545 413 1578 consulere,
428 1549 542 1572 venatus
556 1549 608 1578 est,
629 1548 659 1571 ut
674 1543 818 1579 Antipatro
835 1548 889 1571 tra-

90 1592 184 1619 deret.

126 1637 297 1669 Archibius,
325 1637 462 1672 Apollonii
487 1636 756 1671 F.,grammaticus.
782 1637 893 1673 scripsit

88 1685 231 1720 ἐξήγησιν
246 1685 466 1720 epigrammatum
483 1683 654 1711 Callimachi.

129 1731 292 1762 Arcliihins,
308 1730 446 1758 Ptolemaei
461 1729 502 1760 ιτ..
514 1729 667 1757 Leucadius
681 1730 722 1757 vel
735 1730 895 1758 Alexandri-

90 1786 150 1805 nus
178 1777 387 1813 grammaticus,
412 1784 446 1804 ex
469 1784 566 1804 eorum
586 1783 713 1808 numero,
738 1777 785 1812 qui
801 1776 896 1804 Roma:

89 1831 188 1858 usque
204 1824 237 1850 ad
254 1821 365 1858 Trajaui
383 1822 449 1857 imp.
465 1826 587 1856 tempora
606 1822 768 1850 docuerunt.

127 1870 314 1904 Archigcues,
333 1869 447 1904 Philippi
465 1868 510 1900 F.,
523 1868 702 1903 Apameensis
725 1869 822 1905 Syrus.
841 1876 895 1896 tuc-

86 1917 191 1949 dicus,
206 1916 334 1950 Agathini
350 1915 513 1955 discipulus,
526 1915 571 1950 qui
589 1915 682 1942 Itonia:
699 1915 809 1950 Trajani
827 1920 896 1942 tetu-

86 1971 165 1998 pore
183 1967 270 1989 artem
290 1962 422 1989 medicam
438 1962 572 1988 exercuit.
591 1961 662 1988 Vixit
676 1970 763 1989 annos
779 1961 897 1994 LXXIII,

86 2009 270 2044 scripsitque
288 2009 372 2036 mttlta
394 2009 499 2035 medica
519 2008 695 2043 physicaqne.

128 2057 321 2084 Archilochus
342 2055 511 2087 maledicus,
537 2056 659 2090 alioquin
680 2056 794 2091 insignis
808 2061 897 2092 poeta,

86 2110 195 2140 quem,
218 2111 233 2129 a
248 2102 369 2130 Calonda
386 2101 573 2134 interfectum,
591 2101 686 2138 Pythia
708 2102 763 2130 ulta
778 2107 830 2135 est,
844 2108 897 2130 etc.

130 2147 337 2180 Archimedes,
365 2146 542 2180 Trallianus,
571 2147 765 2182 philosophus,
789 2149 900 2183 scripsit

91 2194 284 2229 ”Υπόμνημα,
297 2192 524 2220 Commentarium
540 2192 568 2219 in
587 2192 740 2225 Homerum,
753 2198 775 2218 et
794 2192 899 2220 Media-

83 2243 170 2271 nica.

128 2287 307 2321 Archippus,
329 2286 505 2314 Atheniensis
516 2307 523 2319 ,
545 2294 669 2314 conncus
685 2286 815 2320 antiquus
826 2306 833 2317 ,
851 2286 896 2321 qui

82 2334 186 2363 semel
208 2333 273 2360 vicit
291 2333 444 2369 Olympiade
462 2331 531 2360 XCI.

126 2379 286 2413 Archytas,
303 2378 480 2410 Tarentinus,
498 2378 605 2406 llestiaai
628 2378 659 2406 F.
680 2383 728 2406 aut
744 2377 896 2406 Mnesarchi

80 2427 132 2455 vel
155 2426 341 2461 Mnasagorze,
359 2425 540 2460 philosophus
556 2424 764 2461 Pythagoricus,
777 2424 823 2459 qui
837 2423 899 2451 Pla-

83 2481 194 2501 tonem
222 2472 351 2504 servavit,
382 2479 443 2499 eum
470 2479 531 2498 eum
559 2472 591 2498 ad
619 2475 734 2498 mortem
764 2475 898 2506 quazreret

80 2519 250 2555 Dionysius
284 2523 428 2554 tyrannus.
446 2518 619 2553 Empedoclis
635 2518 786 2554 discipulus
809 2518 898 2554 philo-

79 2567 229 2603 sophiam
247 2566 342 2594 docuit
358 2566 515 2600 multosque
531 2566 616 2593 libros
628 2565 750 2600 scripsit.
771 2565 897 2593 Inventor

76 2613 244 2647 πλατεῖ-γῆς
259 2612 318 2640 sive
334 2612 503 2646 crepitaculi.
518 2610 572 2637 Τοῦ
589 2611 681 2638 κοινοῦ
702 2611 757 2638 τῶν
779 2612 897 2639 Ἰταλιω-

75 2660 144 2686 τὼν
164 2658 302 2692 προέστη,
323 2657 478 2692 στρατηγὸς
500 2656 622 2692 αἱρεθεὶς
642 2656 821 2692 αὐτοκράτωρ
846 2658 898 2683 ὑπὸ

73 2706 145 2734 τῶν
173 2704 294 2731 πολιτῶν
310 2704 358 2730 καὶ
373 2703 427 2730 τῶν
440 2704 503 2738 περὶ
518 2705 622 2730 ἐκεῖνον
638 2703 682 2729 τὸν
698 2703 781 2729 τόπον
803 2703 897 2738 Ἑλλή-

75 2761 158 2784 νων,
181 2750 323 2778 Communi
342 2750 518 2778 ltoltotarum
535 2752 656 2786 prwfuit,
681 2751 798 2777 dictator
820 2760 835 2778 α
861 2751 898 2777 τί-

74 2799 170 2827 ιίὁαδ
194 2803 216 2824 ει
238 2798 327 2824 vicinis
345 2797 398 2824 (ira
408 2798 445 2824 cis
462 2803 577 2824 creatus.

121 2844 281 2875 Arctinus,
299 2844 431 2876 Milesius,
452 2851 541 2879 poeta,
561 2845 668 2872 Homeri
695 2844 736 2879 (ut
757 2845 793 2871 ait
819 2845 896 2872 Arte-

74 2892 194 2928 mon),
212 2891 364 2926 di:cipulus
382 2896 409 2918 et
427 2895 518 2918 tatnctt
542 2891 644 2918 vixisse
670 2891 770 2919 dicitur
795 2891 895 2928 olymp.

261 2940 399 2971 l’naor"
423 2940 468 2970 Gn
476 2963 483 2972 .
509 2941 635 2973 CXVII.

906 1569 927 1598 C

944 249 1028 285 [quod
1065 249 1108 276 vix
1138 249 1280 284 probabile
1305 255 1357 282 est,
1389 250 1450 277 vide
1478 258 1581 286 supra.
1623 252 1677 280 vol.
1706 251 1736 286 l,

944 305 1004 332 pug.
1026 297 1042 325 9
1064 296 1139 333 sqq.]

981 345 1092 376 Ariani,
1116 343 1301 379 Psathyriani,
1317 347 1369 371 etc.

979 393 1123 426 Arignote,
1141 391 1246 422 Samia,
1273 390 1407 425 discipula
1425 389 1586 426 Pythagorte
1602 395 1629 418 et
1644 390 1734 419 Thea-

944 447 1015 470 nus,
1042 438 1204 474 philosopha
1239 437 1429 473 Pythagorica.
1464 436 1579 471 Scripsit
1607 437 1737 466 Bacchica

945 484 1002 511 sive
1016 483 1128 515 τελετὰς
1148 482 1289 515 Διονύσου,
1308 483 1380 509 etde
1394 482 1497 509 Cereris
1516 483 1657 517 mysteriis,
1675 492 1738 511 uec.-

944 537 999 557 non
1016 529 1229 564 Epigrammata.
1247 529 1346 556 Fertur
1361 529 1443 556 etiam
1464 528 1538 556 illius
1558 529 1610 556 sub
1626 530 1739 558 nomine

944 576 1011 603 liber
1026 585 1111 608 sacer,
1131 576 1203 610 ἱερὸς
1224 575 1313 609 λόγος.

980 622 1064 649 Arion
1077 643 1083 654 ,
1104 622 1196 657 Cyclci
1221 621 1240 648 F
1256 641 1264 654 ,
1281 620 1492 656 Methymnazus,
1518 620 1622 656 lyricus
1635 641 1643 653 ,
1673 621 1741 649 vixit

944 669 1100 705 Olympiade
1124 666 1268 695 XXXVIII.
1286 666 1402 700 Quidam
1419 667 1559 695 Alcmanis
1577 667 1664 694 lilium
1685 672 1738 695 tra-

944 715 1046 743 didere.
1076 713 1194 749 Scripsit
1223 713 1355 749 ᾄσματα,
1390 713 1496 739 cantica
1527 717 1554 740 et
1586 713 1738 748 προοίμια,

945 761 1055 796 hymnos
1070 759 1103 786 ad
1118 766 1212 786 versus
1228 758 1352 786 heroicos
1368 757 1410 785 bis
1428 757 1511 784 mille.
1526 757 1628 784 Dicitur
1643 757 1739 792 tragici

945 805 1019 833 tnodi
1036 806 1161 832 inventor
1176 804 1263 832 fuisse
1277 809 1304 831 et
1319 803 1426 838 primus
1441 803 1558 830 chorum
1575 802 1738 836 instituisse,

944 857 972 880 et
986 851 1191 888 dithyratnbum
1205 850 1351 883 cecinisse,
1369 855 1396 878 et
1411 850 1449 877 ita
1475 851 1645 883 nominasse,
1663 851 1739 886 quod

944 907 960 926 a
976 899 1062 926 choro
1087 898 1207 931 canitur,
1227 902 1254 926 et
1279 901 1388 933 satyros
1408 896 1597 924 introduxisse
1613 897 1739 925 versibus

945 943 1096 979 loquentes.

979 990 1176 1023 Aristarchus,
1200 989 1274 1016 θέσει
1300 988 1490 1024 (habitatione)
1517 984 1738 1021 Alexandrinus,

945 1037 1027 1072 φύσει
1062 1037 1163 1072 (gente)
1192 1035 1377 1068 Samothrax,
1411 1035 1563 1063 Aristarchi
1591 1033 1739 1067 F.,clarus

945 1084 1048 1119 olymp.
1069 1082 1147 1111 CLVI
1161 1088 1282 1118 tempore
1293 1081 1431 1111 Ptolemaei
1443 1081 1646 1113 Philometoris;
1660 1082 1739 1116 cujus

946 1132 1031 1159 lilium
1051 1130 1163 1159 erudiit.
1180 1130 1279 1158 Fertur
1293 1129 1438 1164 scripsisse
1461 1129 1531 1156 ultra
1547 1128 1634 1157 DCCC
1653 1129 1739 1157 libros

946 1178 1153 1212 ὑπομνημάτων
1181 1177 1238 1204 sive
1275 1176 1546 1204 commentariorum.
1585 1176 1739 1210 Discipulos

946 1224 1151 1258 Aristophanis,
1181 1222 1362 1258 grammatici.
1389 1229 1451 1249 cum
1480 1222 1605 1254 Cratete,
1635 1221 1738 1257 Perga-

947 1278 1044 1303 meno,
1068 1269 1191 1305 I’ergatni
1209 1276 1279 1304 smpe
1306 1268 1486 1296 concertavit.
1512 1267 1666 1303 Discipulos
1689 1268 1737 1294 ha-

946 1317 1004 1344 ltuit
1017 1316 1215 1351 grammaticos
1229 1315 1340 1343 circiter
1356 1313 1413 1342 λι.
1435 1315 1528 1341 Annos
1544 1319 1626 1341 natus
1643 1313 1740 1343 LXXII

946 1363 972 1389 in
989 1363 1079 1398 Cypro
1095 1370 1165 1397 aqua
1182 1363 1319 1390 intercute
1333 1361 1460 1388 laborans
1475 1369 1569 1388 necem
1586 1361 1637 1388 sibi
1650 1361 1739 1388 int-dia

945 1409 1090 1442 conscivit,
1109 1409 1212 1437 relictis
1228 1408 1302 1440 liliis,
1327 1407 1487 1434 Aristarcho
1515 1411 1541 1434 et
1568 1408 1737 1442 Aristagora,

946 1455 1049 1483 nullius
1070 1454 1184 1490 ingenii,
1200 1462 1232 1481 ex
1257 1454 1358 1488 quibus
1378 1453 1570 1482 Aristarchum
1598 1455 1738 1481 venditum

945 1502 1126 1530 Athenienses
1141 1501 1324 1529 redetnerunt.

981 1548 1172 1581 Aristarchus,
1196 1547 1340 1583 Tegeates,
1364 1547 1495 1582 tragicus,
1522 1547 1635 1582 aequalis
1660 1546 1739 1574 Euri-

946 1595 1027 1629 pidis,
1046 1595 1093 1630 qui
1118 1595 1223 1630 primus
1254 1594 1378 1621 drantata
1400 1594 1432 1620 ad
1454 1594 1528 1621 illam
1556 1594 1738 1629 prolixitatem

946 1640 1086 1675 produxit,
1114 1640 1208 1668 docuit
1229 1640 1377 1675 tragoedias
1404 1639 1474 1667 LXX
1491 1659 1498 1671 ,
1529 1640 1593 1667 \icil
1622 1640 1739 1667 duabus.

946 1685 1020 1713 Obiit
1043 1686 1202 1714 centenario
1227 1686 1326 1720 major.
1355 1686 1455 1712 Morbo
1481 1693 1544 1713 cum
1572 1686 1740 1719 laborasset,

945 1733 1104 1768 Itsculapio
1132 1740 1182 1768 pro
1212 1733 1338 1760 restituta
1363 1732 1520 1760 Valetudine
1548 1732 1643 1760 dranta
1677 1732 1741 1759 Ἀπ-

947 1780 1064 1814 κ).ήπιον
1087 1779 1236 1807 dedicavit.

983 1825 1117 1857 Aristeas,
1144 1824 1349 1852 Democharidis
1371 1829 1419 1851 aut
1439 1824 1593 1852 Canstrobii
1618 1824 1743 1857 F.,l’ro~

949 1870 1108 1903 connesius,
1137 1876 1216 1905 poeta
1237 1871 1342 1906 epicos,
1364 1871 1472 1905 scripsit
1499 1871 1534 1897 τὰ
1554 1871 1742 1906 Ἀριμάσπεα

949 1918 1105 1952 καλούμενα
1121 1918 1186 1953 ἔπη,
1204 1918 1326 1944 carmina
1351 1917 1509 1953 Arimaspea
1527 1918 1584 1945 sive
1600 1912 1742 1949 historiam

949 1965 1159 1999 Arimasporutn
1178 1963 1418 1999 Hyperboreorutn
1446 1963 1523 1991 libris
1550 1962 1583 1994 ill
1607 1969 1635 1992 et
1654 1964 1744 1994 soluta

950 2011 1076 2037 oratione
1094 2010 1237 2043 nonnulla,
1261 2014 1288 2036 et
1309 2008 1485 2044 Theogoniam
1508 2011 1634 2038 versibus
1659 2007 1743 2039 mille.

951 2055 1073 2092 [Ανὶδιὶω
1093 2056 1225 2088 fabulam,
1246 2055 1359 2091 Cyclops
1375 2060 1511 2090 vocatam,
1527 2063 1664 2087 memorat
1679 2058 1743 2086 Sui-

952 2103 1000 2130 das
1023 2102 1043 2134 I,
1063 2110 1125 2137 pag.
1142 2102 1205 2134 5‘24,
1224 2102 1268 2129 ubi
1283 2110 1309 2129 v.
1328 2101 1436 2130 Kustet‘i
1451 2107 1509 2131 not.
1528 2102 1568 2140 1.]

987 2151 1134 2184 Aristides,
1151 2150 1339 2184 Adrianensis,
1365 2158 1398 2179 ex
1422 2151 1549 2179 Adrianis
1572 2151 1664 2188 Mysia:
1686 2154 1745 2181 sive

953 2196 1098 2232 Bithyniae,
1119 2197 1253 2232 sophista.
1278 2196 1435 2224 l‘oletnonis
1466 2195 1598 2233 Stnyrnaai
1628 2199 1745 2226 rhetoris

916 2245 937 2272 D
953 2243 1116 2278 di5cipulus,
1149 2243 1221 2270 lilius
1254 2243 1421 2272 Eudemonis
1442 2243 1596 2278 philosophi
1623 2244 1743 2273 ﬂaminis

953 2291 1037 2318 Dialis
1050 2290 1076 2317 in
1091 2290 1180 2325 patria
1197 2297 1258 2317 sua.
1274 2290 1391 2317 Athenis
1417 2289 1550 2318 Herodem
1576 2295 1603 2318 et
1619 2291 1743 2327 Pergami

952 2337 1114 2364 Aristoclem
1131 2337 1248 2370 audivit,
1270 2336 1416 2372 ﬂoruitque
1433 2337 1563 2365 Antonini
1588 2338 1654 2373 itnp.
1674 2343 1743 2366 tem-

952 2388 1019 2416 pore
1046 2386 1073 2409 et
1099 2381 1183 2410 vitam
1209 2388 1296 2416 usque
1326 2382 1360 2409 ad
1390 2382 1572 2410 Commodum
1604 2384 1742 2419 produxit.

952 2427 1098 2456 Orationes
1114 2428 1173 2462 ejus
1192 2436 1274 2463 quam
1292 2428 1426 2463 plurimm,
1442 2430 1502 2457 alite
1518 2431 1588 2465 apud
1605 2431 1675 2458 alios
1691 2421 1745 2458 cir-

952 2474 1152 2502 cumleruntur.

988 2522 1155 2557 Aristippus,
1180 2521 1299 2549 Aritada:
1319 2521 1523 2558 F.,Cyren:cus
1546 2519 1745 2560 philosophus,

953 2566 1076 2595 Socratis
1097 2569 1217 2599 anditOr,
1240 2573 1321 2596 sectae
1345 2573 1441 2596 auctor
1460 2569 1624 2605 Cyrenaictc,
1640 2572 1745 2606 primus

953 2613 1168 2647 Socraticorum,
1191 2615 1238 2649 qui
1265 2615 1418 2642 mercedem
1440 2623 1454 2642 τι
1477 2616 1619 2652 discipulis
1644 2619 1744 2654 exegit.

952 2659 1128 2694 Xenophonti
1155 2660 1283 2694 infestus,
1307 2662 1476 2689 austeritatis
1500 2663 1672 2692 Antistltcnis
1699 2666 1746 2693 dc-

953 2706 1034 2733 risor.
1049 2707 1070 2732 A
1084 2707 1201 2742 Diogene
1214 2708 1272 2743 ipse
1289 2709 1377 2736 dictus
1394 2709 1466 2736 κύων
1487 2709 1635 2745 βασιλικός.
1662 2711 1745 2741 Plura

951 2752 1012 2788 ejus
1030 2751 1156 2780 feruntur
1192 2755 1441 2789 apophthcgmata,
1466 2760 1519 2783 ete.
1546 2757 1657 2785 Audivit
1681 2766 1744 2788 eum

952 2799 1033 2826 Arcto
1065 2799 1132 2832 tilia,
1150 2801 1230 2835 cujus
1246 2801 1329 2833 ﬁlius.
1347 2801 1500 2838 Aristippus
1514 2803 1617 2838 junior,
1644 2804 1747 2834 Metto~

953 2846 1077 2873 diilactus
1088 2848 1249 2882 appellatus.
1258 2847 1344 2881 liuius
1356 2850 1464 2877 auditor
1472 2850 1643 2883 Theodorus,
1656 2851 1746 2883 dictus

954 2893 1070 2926 atltrus,
1100 2900 1161 2920 mox
1185 2893 1263 2922 deus.
1289 2894 1463 2924 Theodorum
1489 2898 1642 2932 Antipater,
1668 2899 1747 2930 Anti.

1544 2946 1583 2976 39

911 883 931 910 ιι
