1921 3072
170 95 238 128 1231

170 199 243 234 pulis
268 198 325 225 suis
350 199 499 231 scriptorcs
522 196 685 231 rsplicnbat.
713 195 790 222 lluuc
817 196 966 223 Sallustius

171 246 241 273 dixit
266 244 381 272 similem
404 244 476 279 igni,
502 244 593 270 omnia
618 243 770 278 propinqua
799 243 965 270 inccndcnti.

171 291 310 319 Persuasit
326 295 416 318 tamen
435 291 460 317 ei
478 299 511 317 ne
526 290 717 324 philosophum
737 297 766 316 se
779 290 966 324 proﬁteretur.

205 339 292 372 Atlas,
311 346 392 372 quem
412 337 510 365 fabula:
530 337 622 364 ferunt
639 336 738 363 uelum
756 340 782 364 et
800 340 899 363 terram
916 336 962 363 hu-

169 386 254 414 meris
269 389 386 420 gestare,
399 389 452 411 etc.

205 433 322 465 Atticus,
336 431 499 459 CPolitanus
520 435 581 465 post
604 430 759 462 Arsacium,
773 429 964 466 Chrysostomi

170 484 360 505 successorem
373 496 380 509 ,
397 476 544 510 cpiscopus
555 496 562 508 ,
579 474 711 501 Sebastiae
726 476 752 501 in
770 475 858 509 patria
875 481 890 500 a
907 481 965 500 uio-

170 523 268 550 nachis
288 521 504 553 Macedonianis,
530 522 576 556 qui
599 528 630 547 cx
656 520 801 553 Eustliatii,
829 519 964 555 episcopi,

171 570 267 596 schola
282 569 453 604 prodierunt,
469 568 621 599 institutus,
639 572 732 602 postca
753 567 787 594 ad
801 567 965 594 catholicam

170 615 322 642 Ecclesiam
344 622 373 642 se
393 614 542 641 transtulit.
563 613 693 640 Eruditus
715 620 766 640 nec
784 613 877 640 minus
899 620 967 647 pra:-

170 667 247 689 stans
262 662 361 696 pietate
377 668 408 688 ac
422 660 565 696 prudentia
581 660 607 687 in
622 664 743 687 veterum
760 659 838 686 libris
850 659 965 686 multum

170 715 260 743 opera:
277 708 376 742 posuit,
401 711 494 734 noctes
512 707 654 734 insomnes
678 706 704 732 iu
727 713 822 733 eorum
849 705 967 732 lectione

170 755 340 787 traducens;
355 754 469 789 proinde
483 753 712 788 philosophorum
728 760 761 779 ac
778 752 964 788 sophistarum

171 793 358 831 sermonibus,
377 803 507 833 tanquam
527 805 556 825 re
577 805 659 829 nava,
673 797 788 824 minime
804 797 964 824 terrebatur.

171 845 200 872 in
223 845 387 881 presbylet‘ii
409 844 499 872 adhuc
519 843 685 872 constitutus
704 843 801 878 gradu,
819 842 967 874 oratiunes,
985 843 1005 870 Β

169 901 184 919 a
201 901 230 919 se
246 891 429 926 compositas,
446 898 514 925 quas
530 890 687 922 memoriter
703 889 836 916 didicerat
852 908 858 920 ,
875 889 901 915 in
917 896 964 915 ec-

171 938 254 966 clesia
268 938 412 966 recitabat.
428 936 526 964 Postea
540 944 573 964 ex
585 941 705 972 tempore
720 936 794 971 loqui
810 940 837 963 et
849 943 966 971 panegy-

169 985 256 1012 ricain
276 984 457 1012 concionandi
477 983 610 1011 rationem
630 983 729 1010 sectari
743 982 837 1018 coepit,
859 990 909 1009 nec
925 987 965 1009 ta-

169 1040 231 1059 men
254 1039 398 1060 sermones
421 1031 480 1066 ejus
500 1031 542 1057 vel
562 1031 658 1065 plausu
677 1029 785 1064 excepti
806 1029 846 1056 vel
865 1029 968 1064 scripto

168 1078 301 1110 mandati,
320 1083 385 1110 cte.,
404 1085 419 1105 e
436 1077 576 1104 Sozoniem‘
594 1077 690 1104 histor.
702 1076 801 1104 ecclcs.
821 1074 890 1108 Vill,
905 1083 966 1110 cap.

170 1125 216 1158 ‘27,
231 1130 258 1152 ct
271 1124 390 1152 SJcrttlis
403 1125 468 1152 hist.
485 1123 582 1151 eceles.
603 1123 661 1155 \lll,
681 1130 742 1158 cap.
760 1126 787 1149 ‘2.

207 1173 344 1208 Augarus,
361 1172 468 1199 Edessaa
480 1179 537 1204 rex,
552 1171 598 1206 qui
614 1170 725 1205 Trajani
753 1169 820 1204 imp.
837 1169 966 1204 tempori-

169 1218 220 1246 laus
238 1218 316 1250 vixit,
333 1218 422 1252 eique,
441 1217 568 1244 Edessam
585 1215 718 1246 venienti,
734 1215 805 1242 dona
819 1215 928 1242 obtulit.

203 1265 323 1300 Augeas,
341 1264 530 1297 Atheniensis,
546 1264 641 1291 mediae
659 1263 800 1290 comoediae
817 1267 908 1296 poeta.
927 1261 967 1288 Es

168 1313 228 1346 ejus
239 1311 410 1339 dramalibtts
423 1314 487 1338 sunt
500 1319 508 1338 :
523 1310 682 1344 Ἀγροικος,
692 1309 814 1344 agrestis,
828 1307 965 1344 Hopzpdoa,

168 1367 298 1394 purpura,
313 1358 355 1389 δὶς
372 1358 620 1393 κατηγορούμενος,
651 1356 690 1383 bis
706 1360 857 1383 accusatus.

205 1406 356 1440 Augustus,
370 1404 462 1432 Caesar
476 1403 653 1435 Octavianus,
669 1403 683 1429 ὁ
698 1402 840 1433 “Sacrae,
858 1400 968 1436 scripsit

169 1452 236 1487 περὶ
249 1450 296 1478 τοῦ
316 1451 381 1477 ἰδίου
399 1450 456 1485 βίου
472 1450 519 1477 καὶ
531 1449 585 1476 τῶν
601 1449 729 1485 πράξεων
739 1468 747 1481 ,
761 1449 793 1475 de
807 1449 861 1475 vita
876 1457 926 1475 sua
942 1452 967 1474 et

169 1497 246 1524 rebus
263 1497 344 1533 gestis
362 1496 442 1523 libros
456 1495 543 1527 XIII,
557 1495 676 1530 itemque
703 1494 844 1529 tragozdias
858 1493 967 1529 Ajacem

168 1550 192 1570 et
213 1543 352 1570 Achillem.
370 1542 460 1570 Censu
476 1542 601 1570 instituto
622 1542 723 1577 reperit
739 1541 789 1576 τὴν
810 1541 966 1576 Ῥωμαίων,

169 1589 320 1617 Romanam
331 1589 463 1618 ditionem
475 1588 620 1616 inhabitari
631 1588 664 1615 ab
672 1587 967 1620 hominibus-“01017,

168 1643 222 1664 etc.
241 1636 323 1664 Facto
341 1636 480 1664 sacrilicio
495 1636 619 1671 Pythiam
639 1635 825 1670 interrogavit.
843 1635 889 1669 qui
908 1639 969 1669 post

169 1684 261 1718 ipsum
282 1683 466 1717 imperaturus
480 1681 575 1708 esset?
589 1681 634 1708 llla
648 1688 713 1708 vero
727 1680 865 1716 respondit
881 1689 888 1707 :

171 1739 240 1770 Παῖς
255 1738 381 1774 Ἐϐραῖος
392 1737 501 1774 κέλεται
519 1746 552 1773 με
565 1737 646 1774 Θεοῖς
656 1736 968 1774 μακιξρεσσγιν-ἀγάπων

171 1775 252 1801 Τύνδε
269 1771 352 1808 δόμον
370 1771 525 1808 προλιπεῖνζ
541 1773 588 1800 καὶ
604 1772 683 1805 ἀΐδην
703 1771 782 1804 αὖθις
799 1772 917 1798 ἱκέσθαι.

170 1811 272 1836 Λοιπὸν
287 1808 365 1838 ἄπιθι
381 1807 465 1843 σιγῶν
478 1809 509 1835 ἐκ
526 1807 627 1844 βωμῶν
647 1808 790 1843 ἡμετέρων
805 1815 836 1842 γε
854 1807 925 1842 (55).

168 1868 238 1896 ilinc
252 1868 394 1903 Augustus
407 1867 521 1895 oraculo
534 1874 674 1903 egressus,
690 1866 716 1894 in
730 1866 863 1901 Capitolio
889 1874 965 1893 aram

168 1916 257 1943 erexit
274 1916 353 1951 eique
368 1915 466 1942 litteris
478 1913 582 1943 Latinis
597 1913 738 1949 inscripsit
754 1922 760 1940 :
777 1913 843 1940 (iam
859 1919 897 1940 est
917 1922 966 1940 ara

168 1961 335 1998 primogeniti
350 1961 408 1988 Dei.
427 1961 492 1997 [Sed
506 1961 572 1988 lides
587 1961 622 1988 sit
637 1968 719 1995 penes
733 1958 899 1996 auctorem.]

205 2009 293 2036 Aulus
308 2008 468 2035 Postumius
479 2028 486 2038 ,
505 2014 601 2042 poema
620 2011 648 2034 et.
662 2007 858 2041 pragmaticam
878 2007 965 2034 histo-

169 2055 237 2082 riam
256 2055 350 2082 Graece
371 2055 491 2082 scribere
512 2061 609 2085 ausus,
628 2053 655 2080 in
677 2053 811 2088 prooemio
829 2053 935 2079 veniam
950 2060 965 2080 a

168 2101 318 2129 lectoribus
337 2101 494 2136 postulavit,
523 2100 546 2128 si
569 2099 637 2127 civis
651 2099 789 2126 Ronmnus
806 2098 907 2126 Cra-cae
925 2100 966 2126 di.

169 2149 269 2175 ctiouis
284 2148 447 2183 elegantiam
460 2167 467 2180 ,
483 2151 509 2174 et
524 2150 720 2181 congruentem
735 2146 963 2180 compositionem

169 2202 223 2222 non
236 2194 332 2222 fuisset
346 2197 499 2225 assecutus,
514 2193 586 2228 quod
600 2192 625 2220 ei
641 2199 749 2220 versum
766 2192 832 2219 vitio
845 2197 895 2224 est,
910 2197 962 2219 etc.
980 2206 1003 2234 ι)

205 2241 358 2274 Ausonius,
374 2241 509 2276 sophista,
527 2239 657 2275 epistolas
679 2243 706 2266 et
719 2239 772 2265 alia
789 2238 912 2273 quaedam
929 2237 962 2267 ad

169 2288 297 2316 Nonnum
314 2288 435 2322 scripsit.

206 2335 291 2363 Αὐτὸς
309 2334 371 2367 ἔφα,
388 2334 421 2360 de
436 2332 590 2368 Pythagora
604 2331 719 2358 dictum.

208 2380 376 2413 Auxentius,
395 2378 548 2410 confessor,
570 2386 601 2405 ex
620 2376 717 2404 Licinii
734 2376 844 2403 notario
861 2375 967 2411 episco-

171 2436 222 2464 pus
242 2427 466 2462 Mopsuestenus,
491 2424 574 2452 frater
595 2423 752 2455 Theodori,
769 2422 884 2450 Athenis
898 2429 961 2448 eru-

171 2475 233 2507 diti,
249 2473 296 2510 qui
313 2472 403 2500 i‘actus
417 2476 460 2500 est
476 2471 619 2499 Tarsensis
631 2471 788 2506 cpiscopus,
804 2475 856 2496 etc.

207 2564 274 2601 (55)
287 2565 316 2601 li.
332 2571 358 2593 e.
376 2562 418 2601 Me
431 2570 495 2599 puer
510 2561 648 2601 Hebr-osus,
665 2560 717 2586 diis
731 2559 968 2601 beatis'impemns,

170 2594 237 2630 hanc
251 2594 333 2628 (idem
347 2594 506 2634 relinquere,
522 2603 545 2624 et
558 2597 592 2624 ad
608 2604 699 2634 arcum
711 2596 796 2622 redire
809 2595 904 2629 jussit.
921 2594 970 2634 Alfi

169 2629 253 2672 igitur
263 2644 332 2663 nunc
342 2629 532 2672 silens'ab‘aris
545 2633 654 2672 nostris,
667 2630 766 2658 Kuster
788 2638 852 2672 vero
865 2635 936 2672 tom.-
947 2629 967 2662 l,

169 2666 233 2708 pag.
253 2672 316 2704 577,
338 2671 364 2699 id
381 2669 524 2698 eraculum
541 2669 620 2696 metri
640 2674 723 2694 causa
748 2666 851 2693 rectius
870 2666 910 2693 sic
931 2666 969 2692 le-

171 2708 290 2743 gentium
302 2714 362 2735 esse
375 2710 453 2741 putat
472 2713 480 2732 :

177 2763 304 2797 Ἐϐραῖος
321 2761 432 2797 κέλετᾳί
453 2769 486 2796 με
501 2760 563 2792 θεὸς
586 2760 757 2797 μρικάρεοσιν
772 2758 898 2797 aviaeum

171 2792 252 2824 Τόνόε
265 2792 346 2832 δόμον
358 2792 512 2832 προλιτξεῖν,
528 2797 574 2823 καὶ
586 2792 647 2822 ὅδὺν
658 2792 740 2822 iri-Aw
753 2792 832 2825 αὖθις
846 2792 962 2820 ἱκέσθαι.

172 2842 252 2870 Geni".
268 2843 331 2876 imp.
344 2840 413 2868 Caes.
426 2841 540 2874 Augusti
559 2845 703 2874 temporum
725 2839 835 2872 notatio,
848 2846 928 2874 genus
942 2844 966 2865 et

795 97 914 127 lNDEX
934 98 976 128 SC
982 98 1020 128 RI
1028 99 1183 130 PTORUM

175 157 301 180 structus
318 155 376 179 erat
389 171 396 184 ,
414 149 504 178 Procli
525 153 664 185 tempore,
682 154 707 176 et
726 150 869 185 perspicue
889 150 973 177 disct-
987 154 1013 184 Α

1752 98 1814 131 1⁵22

1411 153 1432 180 Β

1057 198 1178 232 Babrias,
1197 199 1238 226 vel
1257 198 1372 227 Babrius
1386 198 1512 226 versibus
1524 198 1719 227 choriambicis
1743 199 1814 234 fultu-

1022 244 1062 270 Ias
1077 245 1185 279 scripsit
1201 245 1278 272 libris
1300 245 1405 278 decem,
1421 244 1548 280 Esopias
1568 252 1602 272 ex
1616 253 1701 281 prosa
1719 245 1746 272 in
1760 253 1810 274 me-

1020 295 1092 318 trum
1107 291 1286 319 transferens.
1534 316 1541 323 ,

1057 337 1190 374 Babylas.
1207 339 1353 374 episcopus
1367 337 1570 369 Antiochenus,
1589 336 1759 365 Numeriano
1775 338 1812 365 vel

1022 383 1104 412 Decio
1117 405 1124 417 ,
1141 385 1283 412 etclesiam
1302 384 1405 420 ingredi
1423 384 1561 418 cupienti,
1576 384 1696 416 restitit,
1713 389 1740 412 ct
1755 392 1812 412 cum

1020 430 1109 458 tribus
1129 431 1220 465 pueris
1241 430 1372 457 fratribus
1394 431 1522 457 alacriter
1541 430 1624 457 subiit
1645 432 1814 466 martyrium.

1056 477 1243 512 Bacchylides,
1261 476 1354 509 Ceius,
1372 485 1403 503 ex
1429 475 1529 508 Julidc,
1546 484 1599 503 una
1617 480 1737 510 quatuor
1749 477 1815 512 (56)

1020 523 1161 551 civitatum
1176 523 1221 550 Cei
1247 523 1358 555 insulas,
1377 522 1497 550 Medonis
1514 521 1560 554 F.,
1578 530 1663 557 nepos
1680 522 1816 559 Bacchyli-

1020 570 1062 598 dis
1089 570 1197 597 athletae
1214 591 1222 604 ,
1245 575 1376 605 cognatus
1411 569 1560 597 Simonidis
1591 570 1682 605 lyrici,
1706 576 1733 598 et
1765 571 1817 606 ip>€

1021 615 1135 651 lyricus.

1056 661 1146 695 Bacis,
1174 666 1261 690 vates.
1291 661 1423 692 Philetas,
1449 662 1594 697 Ephesius.
1621 668 1678 689 trcs
1706 662 1816 689 Bmidas

1020 707 1105 735 fuisse
1131 708 1218 740 dicit,
1236 716 1321 736 unum
1344 716 1376 735 ex
1411 708 1526 741 [ile-une,
1547 709 1672 741 Btl‘tllial‘,
1693 710 1816 741 alterum,

1019 754 1215 782 Atheniensem
1230 754 1436 790 (Pisistratum),
1449 760 1476 782 et
1489 756 1612 786 tertium,
1625 756 1771 784 Arcadem.
1787 764 1816 782 es

1020 800 1130 828 civitate
1156 800 1278 837 Caphya,
1306 801 1354 836 qui
1378 806 1404 828 et
1428 801 1519 836 Cydas
1541 805 1569 828 et
1592 801 1685 828 Aletes
1708 806 1817 828 vocatus

1020 846 1082 879 l'uit,
1099 850 1152 874 etc.
1324 876 1326 878 τ

1055 891 1202 923 Basilicus,
1220 891 1354 927 sophista,
1368 891 1479 926 scripsit
1494 891 1557 927 περὶ
1573 891 1628 918 τῶν
1645 892 1692 919 διὰ
1706 892 1762 919 τῶν
1773 893 1816 918 λέ-

1020 938 1087 971 ξεων
1105 939 1264 974 σχημάτων,
1278 939 1310 966 de
1323 939 1468 966 dictionum
1479 939 1582 974 ﬁguris,
1596 940 1661 975 περὶ
1671 939 1819 975 ῥητορικῆς

1019 989 1209 1023 παρασκευῆς,
1224 989 1283 1024 ἦτοι
1296 988 1360 1023 περὶ⁵
1375 989 1532 1023 ἀσκήσεως,
1545 988 1577 1015 de
1586 989 1727 1024 rhetorico
1740 996 1819 1021 appa-

1020 1039 1082 1061 ratu
1106 1035 1158 1062 sive
1178 1036 1209 1062 de
1223 1035 1437 1068 exercitatione;
1455 1035 1518 1070 nep‘.
1541 1036 1766 1071 μεταποιήσεως,
1786 1033 1816 1061 de

1019 1082 1182 1115 metapwesi,
1199 1086 1226 1108 et
1242 1081 1294 1107 alia
1310 1081 1446 1115 quaedam.

1054 1125 1182 1158 Basilius,
1191 1125 1321 1154 Caesareae
1331 1127 1402 1161 (quae
1410 1126 1596 1161 appellabatur
1608 1125 1674 1153 olim
1686 1126 1818 1160 Mazaca),

1019 1172 1197 1207 Cappadociae
1216 1172 1315 1206 episc.,
1332 1172 1457 1206 Gregorii
1472 1172 1538 1198 Naz.
1555 1172 1674 1204 anticus,
1693 1172 1817 1198 viré}.).o-

1019 1218 1175 1253 γιμώτατοζ
1191 1219 1237 1244 καὶ
1256 1219 1347 1253 nisi};
1368 1218 1494 1250 παιδείας
1508 1220 1546 1250 εἰς
1562 1218 1647 1253 ἀκρον
1666 1218 1815 1253 ἐλήλακώς.

1020 1262 1135 1299 Scripsit
1156 1264 1287 1299 plurima,
1314 1264 1340 1290 in
1366 1264 1467 1298 quibus
1494 1265 1614 1291 maxime
1642 1264 1816 1292 admirationi

1019 1315 1094 1344 sunt,
1111 1319 1179 1344 quas
1196 1311 1221 1337 in
1239 1312 1431 1338 Hexaemerum
1449 1311 1614 1346 composuit,
1631 1311 1754 1338 homilia'.
1770 1310 1814 1344 IX,

1020 1357 1135 1392 Scripsit
1149 1363 1176 1384 ct
1193 1357 1315 1392 insignes
1332 1357 1416 1384 libros
1433 1363 1526 1384 contra
1543 1357 1705 1384 Eunomium
1718 1378 1726 1389 ,
1744 1363 1770 1386 et
1784 1360 1815 1385 de

1019 1404 1122 1439 Spiritu
1144 1403 1172 1431 S.
1203 1408 1230 1431 ct
1262 1404 1360 1431 librum
1385 1405 1527 1431 asceticum
1550 1405 1621 1431 etde
1647 1405 1814 1440 rirgiuitatc,

1017 1455 1044 1479 ct
1064 1450 1111 1477 XL
1137 1455 1299 1484 martyrum,
1322 1449 1465 1485 Cordiiqne
1479 1455 1506 1477 et
1523 1450 1663 1478 Barlaami
1676 1456 1702 1478 et
1713 1450 1814 1478 Julitta:

1020 1497 1127 1528 laudes;
1143 1496 1206 1523 item
1225 1496 1252 1522 in
1270 1495 1392 1523 Psalmos
1408 1496 1495 1522 varios
1512 1501 1538 1523 et
1550 1496 1648 1523 ethicos
1664 1505 1813 1527 sermones;

1023 1548 1049 1570 et
1063 1543 1198 1578 epistolas,
1214 1541 1251 1570 ὧν
1268 1543 1343 1569 οὐδὲν
1360 1542 1471 1578 ἄμεινον
1482 1564 1489 1576 ,
1506 1543 1540 1570 ad
1554 1543 1709 1575 Libauium,
1724 1544 1814 1578 sopbi—

1020 1593 1102 1620 stam,
1120 1588 1274 1624 Gregorium
1291 1588 1362 1615 an.
1374 1589 1507 1624 aliosque,
1525 1595 1577 1617 etc.
1597 1589 1701 1617 Habuit
1718 1591 1812 1618 fratres

1019 1641 1148 1670 quatuor,
1163 1635 1324 1671 Gregorium
1342 1635 1505 1671 Nyssenum,
1523 1635 1635 1664 Petrum
1653 1638 1811 1673 episcopum

1019 1687 1044 1709 et
1058 1682 1127 1709 duos
1140 1682 1300 1709 monachos.

1055 1725 1183 1759 Basilius,
1206 1727 1368 1762 Ant-yranus
1402 1726 1429 1752 in
1455 1726 1540 1761 patria
1578 1727 1736 1762 episcopus,
1757 1733 1814 1756 arte

1019 1772 1150 1804 medicus,
1174 1772 1285 1807 scripsit
1306 1777 1401 1799 contra
1426 1773 1587 1800 Marcellum
1609 1773 1641 1799 de
1665 1775 1815 1808 virginitate

1017 1823 1045 1846 et
1057 1817 1109 1845 alia
1125 1826 1178 1845 non
1189 1826 1284 1852 pauca.
1301 1817 1360 1852 ilic,
1372 1818 1523 1846 Constantii
1535 1824 1669 1854 tempore,
1687 1821 1812 1855 princeps

1018 1865 1219 1892 Macedonians:
1242 1871 1322 1893 sectae
1340 1865 1391 1892 iuit
1409 1874 1470 1893 cum
1488 1866 1631 1894 Eustathio
1651 1866 1809 1894 Sebasteuo.

1053 1910 1181 1943 Basilius,
1207 1910 1356 1946 lrenopolis
1371 1911 1473 1939 Cilicia:
1489 1913 1587 1946 episc.,
1610 1914 1812 1948 temporeAna-

1017 1958 1093 1985 stasii
1116 1958 1197 1991 imp.,
1226 1957 1338 1991 scripsit
1368 1963 1463 1984 contra
1484 1958 1668 1992 Archelaum,
1696 1959 1813 1986 Colonia

1017 2004 1214 2042 presbyterum.
1226 2003 1474 2037 Fatue—Kustcrl,
1484 2012 1546 2040 pag.
1560 2005 1623 2037 420,
1635 2013 1667 2032 ex
1683 2005 1812 2040 Dausquii

1018 2051 1090 2077 notis
1102 2051 1134 2077 ad
1147 2050 1276 2077 Basilium
1291 2049 1507 2083 Seleuriensem,
1521 2059 1583 2086 pag.
1597 2051 1660 2084 517,
1675 2051 1810 2082 observat.

1017 2094 1044 2122 in
1061 2095 1127 2122 bibl.
1143 2095 1337 2130 Antwerpiana
1353 2100 1461 2122 exstare
1477 2096 1601 2130 Suidam,
1619 2104 1703 2124 manu
1717 2105 1811 2124 exara-

1017 2146 1084 2174 tum,
1107 2141 1152 2176 qui
1180 2146 1308 2176 quartum
1333 2141 1430 2174 etiam,
1452 2141 1585 2169 Basiliam
1610 2142 1809 2176 Seleuciensem,

1017 2195 1150 2217 memoret
1170 2189 1212 2217 his
1227 2189 1317 2217 verbis
1338 2197 1345 2216 :
1363 2189 1504 2222 Βασίλειος
1522 2190 1614 2225 ἕτερος
1630 2190 1809 2222 Σελευκείας.

1017 2237 1124 2270 ἑταῖρος
1135 2236 1342 2271 Χρυσοστόμου,
1355 2237 1423 2272 πρὸς
1434 2236 1464 2263 ὃν
1476 2237 1505 2263 ἐν
1515 2237 1571 2267 τοῖς
1584 2237 1648 2272 περὶ
1662 2237 1810 2272 ἱερωςύντις

1015 2283 1105 2317 λόγοις
1123 2282 1285 2317 διαλέγεται.
1299 2283 1385 2310 ΗΔιλι.

1050 2329 1193 2357 BaSsarica
1208 2329 1265 2356 sive
1277 2329 1441 2356 Διονυσιακὰ
1457 2329 1567 2364 scripsit
1579 2327 1756 2362 Soterichus,
1767 2329 1809 2365 qui

1014 2375 1174 2403 Diocletiani
1189 2375 1255 2402 vixit
1274 2374 1453 2410 temporibus.

1052 2420 1173 2456 [Batton,
1187 2420 1244 2448 sive
1259 2420 1358 2453 Baton,
1373 2421 1496 2448 comicus
1514 2428 1521 2448 ε
1536 2420 1616 2455 cujus
1633 2420 1733 2448 l'abulre
1750 2426 1810 2449 sunt

1015 2466 1214 2500 Συνεξαπατῶν
1244 2467 1296 2502 (ex
1317 2467 1368 2495 hoc
1394 2472 1486 2495 autem
1514 2467 1605 2494 Suida:
1633 2467 1695 2495 loco
1734 2468 1811 2495 docet

1020 2558 1181 2592 scriptorum
1215 2557 1367 2593 fragmenta
1387 2558 1518 2592 (primum
1542 2565 1556 2585 a
1577 2557 1646 2586 Jano
1671 2558 1811 2594 Rutgersio

1020 2594 1150 2626 enllecta,
1173 2601 1246 2621 mmc
1268 2593 1477 2627 locupletiora),
1505 2595 1682 2628 prwmittitur
1703 2593 1809 2621 Nicolai

1019 2629 1180 2656 Damasi-eui
1194 2628 1261 2656 liber
1270 2630 1302 2655 de
1311 2628 1479 2655 institutione
1489 2630 1613 2663 Augusti,
1624 2637 1684 2656 cum
1697 2630 1811 2656 rersione

1020 2663 1091 2699 Iiug.
1113 2663 1199 2691 Grotii
1217 2669 1242 2690 et
1263 2663 1346 2691 Ilenr.
1378 2663 1476 2691 Valesii
1501 2665 1571 2690 notis
1587 2670 1696 2692 curante
1711 2665 1734 2692 1.
1747 2666 1806 2691 Alb.

1019 2697 1154 2726 Futiricio.
1175 2700 1323 2734 llamburgi
1340 2699 1419 2732 i727,
1437 2701 1462 2731 4,
1478 2707 1537 2734 pag.
1558 2706 1650 2726 autem
1671 2701 1731 2733 190,
1748 2709 1808 2734 seq.

1017 2736 1050 2762 tle
1058 2735 1264 2762 commentariis
1277 2737 1403 2770 Augusti,
1419 2736 1452 2762 de
1469 2743 1517 2762 sua
1536 2735 1600 2762 vita.
1615 2737 1704 2765 Hau.

1056 2771 1112 2804 (56)
1128 2772 1239 2798 Caetera:
1255 2776 1308 2798 tres
1323 2769 1387 2798 Sunt
1399 2770 1523 2803 Cartliia,
1540 2771 1668 2798 Corcssia
1685 2772 1740 2799 sive
1754 2769 1807 2798 Co-

1018 2806 1098 2834 ris-sia
1116 2810 1141 2834 et
1154 2806 1290 2833 chessa.
