1921 3072
210 157 278 195 Iis-5

813 160 933 195 INDEX
950 162 1196 195 SCRIPTORUM

1768 163 1826 195 1236

208 221 345 247 adventus.
363 219 474 247 Semcle.
491 220 621 255 Argorunt
635 220 749 255 origines
775 220 900 247 Arcadia.
915 219 992 247 Glau-
1008 222 1030 250 Α
1081 221 1176 250 Carica
1192 221 1278 255 Musa,
1291 222 1318 250 id
1332 225 1375 250 est
1385 221 1521 250 cantilena
1530 221 1601 253 tiisti
1613 221 1768 258 etlugubri.
1783 222 1828 250 Ss-

207 275 263 293 cus.
273 265 391 300 Elpides.
401 265 530 293 Drnmatn
540 266 667 301 satyrico.
679 265 833 301 Tragwdt'az.
846 266 995 295 Conmdiru.

206 309 283 348 Μέλη
303 304 360 341 sive
376 313 496 340 carmina
508 313 592 348 lyrica
608 312 663 340 Ibis
678 313 743 349 (quo
754 315 872 341 obscuro
887 321 998 348 poema-

207 364 234 388 te
244 359 343 394 stylum
360 359 457 387 acerbe
468 359 615 387 strinxerat
626 360 651 386 in
659 360 844 394 Apollonium,
857 360 998 395 Argonau-

206 407 320 434 ticorum
331 406 501 440 scriptorem,
510 406 647 433 inimicum
658 406 759 440 suum),
771 405 910 432 Muswum.
919 407 997 432 niva-

205 460 264 484 κες,
277 451 375 479 tabulce
382 460 482 483 eorum,
493 452 538 485 qui
550 452 576 478 in
587 453 676 486 1uavis
685 451 825 485 disciplina
833 451 996 484 claruerunt,

205 505 354 531 eorumque,
374 505 433 532 quis
452 498 622 530 scripserunt,
642 497 716 523 libris
740 496 824 524 CXX.
848 496 950 523 Tabula
973 501 996 524 et

206 543 346 577 descriptio
364 551 465 574 eorum,
483 543 529 579 qui
544 543 685 570 contmdias
699 548 724 570 et
742 543 884 578 tragoedias
897 543 997 570 doctte-

206 595 280 621 runt,
299 590 331 616 ab
347 590 423 616 initio
438 595 462 617 et
476 590 618 617 secundant
633 590 724 616 seriem
740 594 896 623 temporum.
912 588 998 616 Index

207 636 366 670 scriptorth
379 641 403 663 et
414 645 504 663 uocum
515 636 705 663 inusitatarunt
717 636 869 663 Democriti.
882 635 997 663 Nomina

208 683 339 710 mensium
360 683 431 717 apud
455 683 574 718 singulas
600 688 688 719 gentes
711 688 734 710 et
758 683 844 710 urbes.
874 683 996 718 Origines

209 729 358 756 insularum
376 735 400 756 et
415 729 530 762 urbium,
546 731 704 765 nominaque
720 739 811 757 eorum
828 734 943 757 mutata.
961 730 997 756 De

210 774 366 810 fluminibus
386 775 511 811 Europis.
533 775 571 804 De
589 776 755 803 mirabilibus
779 775 952 811 Peloponnesi
968 782 993 804 et

208 821 308 850 Italia.
325 823 361 850 De
374 823 482 850 mutatis
493 823 604 857 piscium
614 822 776 850 nominibus.
795 822 832 850 De
846 823 938 849 ventis.
960 822 997 851 De

208 867 309 894 nvibus.
331 867 368 894 De
381 867 534 902 fluminibus
547 867 616 894 orbis
635 872 776 894 terrarum.
791 867 994 899 Miraculorum,

207 921 266 948 qua:
279 913 306 940 in
322 918 376 940 toto
390 913 450 940 orbe
465 918 596 940 terrarum
609 918 681 946 sunt,
697 913 868 940 collectanea.

244 958 438 991 Callimachus,
457 959 561 993 junior,
579 963 660 986 natus
679 966 711 986 ex
734 957 891 994 Megatima,
915 958 998 985 Calli-

209 1005 298 1033 machi
311 1005 429 1033 senioris
444 1012 550 1038 sorore,
568 1009 595 1032 et
611 1005 758 1033 Stasenore
778 1014 784 1033 :
798 1009 878 1040 poeta
892 1005 998 1039 cpicus,

209 1051 255 1087 qui
270 1052 302 1078 tle
314 1051 409 1078 insulis
419 1051 543 1078 oratione
556 1051 637 1086 ligata
651 1050 762 1085 scripsit

245 1097 403 1128 Callinicus,
423 1097 480 1124 Caii
508 1096 551 1130 F.,
565 1096 692 1124 Sutorius
711 1096 932 1132 cognominatus,
955 1103 999 1123 so-

208 1144 312 1180 phista,
337 1143 422 1177 Syrus
434 1164 441 1176 ,
458 1143 516 1176 vel,
539 1147 568 1170 ut
585 1143 631 1170 alii
644 1143 763 1174 tradunt,
780 1142 915 1169 Arabicus
926 1162 933 1173 ,
950 1141 997 1169 sed

208 1197 304 1217 revera
330 1189 464 1220 Pett‘:cu5,
487 1189 533 1223 qui
556 1188 649 1216 docuit
677 1188 802 1215 Athenis.
821 1187 935 1223 Scripsit
964 1187 997 1215 ad

209 1234 316 1270 Lupum
351 1235 382 1262 de
407 1235 539 1262 cacozelia
573 1234 715 1262 rhetorica.
738 1234 933 1260 uilloctttionetn
963 1233 998 1260 ad

210 1280 359 1308 Galiennm.
376 1281 416 1308 Ad
430 1280 608 1316 Cleopatram.
624 1280 660 1307 De
677 1280 866 1307 Alexandrinis
880 1280 998 1307 historiis

209 1327 276 1361 περὶ
302 1327 357 1353 τῶν
388 1327 449 1352 κατ’
480 1326 682 1361 Ἀλεξάνδρειαν
712 1326 837 1361 ἱστοριῶν
864 1326 946 1352 libros
961 1324 996 1352 X.

209 1371 341 1398 Adversus
377 1372 590 1406 philosophorum
622 1376 716 1398 sectas.
750 1371 786 1398 De
817 1370 998 1398 Romanorum

209 1418 387 1449 renovatione,
404 1419 468 1453 ’περὶ
482 1418 531 1451 τῆς
549 1416 695 1452 Ῥωμαίων
707 1416 892 1449 ἀνανεώσεως,
908 1422 935 1444 et
945 1417 998 1444 alia

210 1463 328 1489 encomia
343 1467 424 1498 atque
443 1463 587 1489 orationes.

246 1509 430 1543 Calliphaues,
451 1508 661 1544 Parabrycoulis
680 1508 725 1541 F'.,
744 1508 777 1536 de
794 1508 826 1535 iis
841 1509 885 1543 qui
902 1509 997 1536 falsam

209 1557 293 1584 variat
312 1555 474 1583 eruditionis
491 1555 608 1591 speciem
627 1562 681 1590 prae
696 1563 725 1582 se
741 1554 841 1582 lerunt.
858 1555 907 1583 Ille
923 1556 996 1583 enim

212 1602 359 1630 multorum
382 1605 537 1636 poematum
560 1605 586 1628 et
606 1601 762 1628 orationum
785 1600 862 1627 initia
887 1601 920 1628 ad
943 1607 997 1628 tres

212 1656 299 1684 usque
312 1649 354 1676 vel
377 1653 493 1682 quatuor
508 1654 604 1674 versus
622 1647 752 1680 rccitans,
765 1647 847 1674 varia).
868 1646 998 1674 doctrina:

211 1694 318 1722 Iaudem
336 1693 490 1720 allectabat.

248 1740 437 1771 Callisthenes,
454 1739 597 1767 Demotimi
616 1739 658 1766 vel
674 1738 848 1766 Callisthenis
859 1739 901 1773 Ε,
917 1738 999 1774 Olyn-

212 1787 306 1818 thius,
332 1786 483 1820 discipulus
506 1785 661 1813 Aristotelis
686 1785 801 1819 ejusque
824 1785 997 1820 ἀνεψιαδοῦς,

211 1830 368 1860 consobrini
377 1830 514 1860 lilius.’Hv
522 1831 549 1858 δὲ
557 1831 658 1867 εὐφυὴς
668 1831 735 1873 τξρὸς
745 1832 774 1857 τὸ
782 1832 999 1866 αὐτοσχεδιάζειν

213 1879 261 1906 καὶ
274 1879 348 1914 ῥύμῃ
363 1879 446 1914 πολλῇ
466 1878 607 1914 φέρεσθαι.
622 1883 760 1913 promptus
784 1878 869 1904 dicere
890 1885 922 1904 ex
936 1882 1000 1905 tem-

211 1933 275 1958 pore
288 1931 313 1952 et
327 1925 419 1957 rapido
433 1924 562 1951 orationis
585 1925 682 1959 impetu
696 1924 771 1958 ferri.
787 1923 855 1950 Eum
873 1928 899 1950 ct
917 1923 1000 1950 Near-

214 1971 307 2003 chum,
324 1971 468 2004 tragicum,
489 1970 640 1997 Alexander
660 1970 745 1997 ferrea
763 1969 897 1996 inclusum
917 1977 999 1997 cavea

215 2016 360 2048 interfecit,
375 2017 446 2052 quod
464 2017 513 2052 ipsi
531 2017 668 2047 suaderet,
685 2024 718 2046 ne
735 2016 770 2043 ab
787 2016 1001 2043 Atheniensibus

215 2063 357 2090 dominum
370 2071 399 2090 se
416 2063 506 2089 vocari
522 2067 668 2096 pateretur,
681 2062 722 2089 vel
736 2062 807 2097 quod
821 2062 932 2089 insidias
945 2061 999 2096 regi

216 2110 371 2138 struxisset.
387 2109 439 2136 Alii
458 2109 567 2136 tradunt
579 2108 691 2143 periisse
705 2107 866 2142 phthyriasi.

250 2156 356 2190 Capito,
368 2154 477 2191 Lycius,
489 2155 647 2182 historicus.
659 2153 707 2181 llic
721 2154 840 2181 Isaurico
853 2153 930 2181 libris
943 2152 1002 2180 VIII

216 2201 337 2236 scripsit,
352 2205 379 2228 et
396 2200 530 2234 Eutropii.
546 2200 590 2234 qui
609 2198 731 2231 Livium.
749 2200 908 2234 scriptorem
930 2199 1002 2226 Lati-

1050 268 1140 296 Ieliant
1155 268 1228 296 enim
1243 268 1327 296 Cares
1349 268 1481 304 θρηνῳδοε
1504 276 1577 300 τινες
1598 265 1681 302 εἶναι,
1710 269 1827 304 lugubria

1049 314 1171 342 carmina
1185 321 1283 342 canere
1298 318 1324 341 ct
1340 315 1444 341 alienos
1456 318 1581 342 mortuos
1594 314 1719 342 mercede
1733 315 1826 348 lugere.

1049 359 1164 393 Quidum
1193 360 1330 394 accipiunt
1355 367 1404 394 pro
1427 359 1542 386 barbara
1567 364 1594 386 et
1614 359 1747 390 obscura,
1773 360 1826 395 quit

1048 406 1131 433 Cares
1147 406 1262 434 barbare
1274 406 1465 440 loquebantur.

1084 452 1249 484 Carneades,
1266 452 1339 483 Afer,
1352 452 1512 487 Cyrenteus,
1527 451 1680 478 Philocomi
1698 450 1729 477 F.
1746 450 1826 477 Philo-

1048 499 1165 534 sophus.
1192 506 1269 526 novae
1293 499 1439 525 acadcuiize
1473 503 1568 525 auctor
1596 506 1602 523 :
1631 505 1686 532 quo
1718 503 1826 529 mortuo,

1048 545 1140 572 lunam
1153 534 1285 573 delécisse
1294 550 1320 572 et
1330 546 1414 572 solent
1431 545 1607 571 obscuratum
1621 544 1705 571 fuisse
1716 545 1825 571 tradunt.

1085 593 1238 619 Carneades
1246 592 1323 624 alter,
1333 590 1517 622 Atheniensis,
1529 591 1721 626 philosophus,
1733 592 1828 617 Anaxa-

1048 645 1120 674 gora!
1134 638 1296 672 discipulus.

1084 686 1180 713 Casius
1198 684 1314 720 Jupiter.
1333 700 1369 706 —-
1384 685 1456 713 Casii
1469 684 1616 712 Pelusiotae
1634 684 1751 711 naturali
1768 691 1829 718 qua-

1047 731 1109 758 dam
1123 731 1233 758 solertia
1257 731 1344 758 nodos
1361 731 1501 765 implicare
1523 735 1633 761 norant,
1649 730 1760 764 laqueos
1774 737 1827 755 cum

1047 777 1152 812 laqueis
1173 782 1374 805 counecteutes.
1390 777 1467 805 Unde
1484 776 1546 803 nodi
1568 776 1710 803 Casioticis
1727 775 1829 802 similest

1048 824 1146 851 Suidas
1168 828 1272 859 partem
1297 825 1388 851 attulit
1409 823 1632 858 epigrammatis,
1647 822 1722 857 quod
1739 821 1830 849 Kustet‘

1049 870 1076 897 in
1094 874 1150 896 not.
1165 873 1232 896 tom.
1244 869 1277 899 Il,
1288 877 1350 904 pag;
1360 869 1424 899 249.
1436 875 1497 904 post
1508 868 1684 901 Sulmasittm,
1703 869 1829 901 integrum

1048 924 1080 943 ex
1095 916 1189 943 codice
1203 916 1307 943 authol.
1318 916 1425 944 inedita:
1440 915 1566 949 apposuit
1584 920 1608 942 et
1625 915 1765 949 explicuit.

1081 962 1196 994 Castor,
1213 961 1350 995 Rhodius,
1368 963 1411 989 vel
1438 962 1550 993 Galata.
1570 962 1609 988 vel
1624 982 1630 992 .
1649 965 1679 988 ut
1701 961 1768 988 l'also
1779 958 1830 991 alii,

1048 1007 1239 1041 Massiliensis,
1258 1013 1350 1036 orator
1371 1008 1568 1044 φιλορώμαιος,
1583 1008 1686 1034 amicus
1707 1006 1832 1033 Romano-

1049 1062 1107 1081 rum
1133 1059 1317 1087 nuncupatus.
1341 1053 1401 1085 llic,
1430 1054 1510 1080 ducta
1535 1052 1672 1082 Deiotari,
1702 1052 1832 1079 senatoris

1049 1100 1151 1134 (Rom.)
1169 1100 1232 1131 lilia,
1248 1100 1283 1127 ab
1306 1100 1364 1134 ipso
1374 1107 1435 1127 cum
1451 1105 1537 1127 uxore
1558 1099 1682 1126 sublatus
1701 1102 1751 1127 est.
1765 1097 1830 1131 quod

1048 1153 1110 1174 eum
1143 1146 1214 1180 apud
1246 1145 1382 1173 Caesarem
1406 1145 1572 1172 criminatus
1604 1149 1689 1170 esset.
1721 1141 1831 1176 Scripsit

1048 1192 1249 1226 descriptionem
1276 1191 1420 1226 Babylonis
1439 1196 1466 1218 et
1490 1190 1642 1225 talalogum
1666 1197 1766 1219 eorum,
1790 1188 1831 1222 qui

1049 1238 1130 1265 maris
1144 1237 1283 1272 imperium
1297 1237 1478 1267 obtinuerunt,
1495 1236 1570 1263 libris
1587 1236 1701 1262 duobus.
1716 1234 1832 1269 Χρονικὰ

1048 1284 1221 1318 ἀγνοήματα,
1237 1286 1268 1310 de
1286 1284 1327 1314 iis,
1344 1291 1402 1317 quia
1417 1291 1432 1308 a
1454 1281 1619 1316 chronologis
1635 1282 1760 1315 ignorata
1779 1280 1833 1313 fur-

1049 1334 1111 1356 runt
1129 1336 1138 1355 :
1156 1330 1187 1355 de
1203 1329 1364 1362 argumentis
1385 1327 1511 1354 oratoriis
1532 1327 1612 1353 libros
1629 1325 1660 1352 V.
1677 1325 1710 1352 de
1730 1333 1832 1359 persua-

1048 1375 1127 1402 dendi
1147 1375 1267 1406 ratione;
1287 1373 1319 1400 de
1343 1372 1429 1405 Nilo;
1452 1378 1537 1399 artem
1553 1372 1712 1398 rhetoricam
1731 1375 1759 1398 et
1773 1370 1834 1397 alia.

1083 1421 1162 1453 Cato,
1174 1428 1188 1448 a
1202 1420 1333 1448 Romanis
1343 1420 1431 1447 dictus
1442 1419 1647 1450 Demosthenes,
1659 1423 1725 1450 etc.,
1738 1425 1769 1444 ea:
1786 1419 1836 1452 Ap-

1048 1467 1138 1501 piano.

1087 1511 1181 1543 Cebes,
1197 1510 1354 1542 Thebanus,
1369 1508 1547 1545 philosophus
1557 1530 1564 1541 ,
1578 1508 1701 1535 Socratis
1715 1507 1836 1541 discipu—

1049 1555 1103 1588 lus,
1130 1556 1208 1590 Cujus
1234 1560 1289 1582 tres
1311 1555 1546 1582 circumferuntur
1570 1554 1682 1585 dialogi,
1707 1552 1836 1586 Septimo,

1048 1599 1247 1637 Plirynt'rltuset
1258 1601 1452 1628 Tabulut'Ea'tt
1464 1601 1491 1626 δὲ
1504 1600 1556 1626 τῶν
1577 1601 1606 1626 ὲν
1623 1599 1687 1634 ᾷδου
1701 1599 1838 1632 διήγησις,

1049 1648 1104 1675 ltatc
1119 1648 1234 1675 continet
1253 1648 1433 1674 narrationem
1448 1654 1550 1678 eorum,
1568 1653 1627 1680 quin
1651 1645 1722 1680 apud
1740 1645 1838 1679 inferos

1049 1694 1127 1728 limit.
1145 1693 1175 1720 Et
1191 1694 1244 1720 alia
1262 1692 1397 1728 qua-dam.

1084 1739 1220 1770 Cccidius,
1242 1744 1321 1773 poeta
1347 1737 1575 1772 dithyranthicus,
1594 1737 1673 1763 valde
1696 1736 1840 1770 antiquus,

1050 1786 1130 1820 cujus
1147 1785 1271 1812 meminit
1287 1784 1415 1815 Cratinus
1433 1781 1577 1818 Pauoptis,
1599 1786 1624 1810 et
1639 1782 1840 1817 Aristophanes

1053 1831 1207 1866 (Nubibus).

1088 1878 1210 1905 Celsinus
1221 1898 1228 1910 ,
1245 1876 1344 1904 Eudori
1367 1875 1408 1904 F..
1419 1875 1633 1907 Castabalensis,
1650 1875 1842 1910 philosophus,

1052 1926 1161 1960 scripsit
1197 1923 1358 1958 συναγωγὴν
1388 1923 1477 1957 nisi];
1506 1923 1641 1957 αἱρέσεως
1670 1921 1842 1956 φιλησύᾳὶυ,

1051 1971 1240 2001 collectionem,
1255 1970 1283 1996 in
1297 1978 1351 2004 qua
1365 1970 1482 1996 omnium
1503 1973 1634 1995 sectarum
1647 1968 1846 2002 philosophica.

1052 2026 1110 2044 rum
1122 2017 1248 2051 dogmata
1262 2020 1386 2047 recenset,
1401 2015 1519 2048 itemque
1534 2014 1597 2041 alia.

1087 2062 1216 2096 Cephalio
1229 2061 1286 2089 sive
1306 2060 1436 2095 Ccphalo,
1454 2059 1626 2094 Gergcthius,
1642 2063 1734 2085 orator
1753 2063 1780 2084 et
1803 2058 1846 2084 lti-

1053 2108 1182 2139 stmicus,
1196 2107 1242 2141 qui
1259 2106 1426 2133 l'uitAdriani
1444 2111 1575 2140 tempore,
1585 2110 1611 2131 et
1628 2106 1714 2138 patria
1732 2109 1846 2139 propter

1053 2154 1205 2189 principum
1229 2153 1358 2180 invidiam
1387 2153 1499 2185 relicta,
1520 2153 1546 2178 in
1565 2151 1658 2178 Sicilia
1677 2152 1760 2178 vitam
1779 2151 1844 2186 egit.

1055 2200 1170 2234 Scripsit
1182 2199 1355 2230 παντοδαπὰς
1367 2198 1498 2233 ἱστορίας,
1510 2198 1646 2225 variarunt
1663 2198 1844 2224 historiarum

215 2255 293 2280 num,
325 2247 353 2273 in
385 2246 576 2281 compendium
604 2246 724 2280 redegit,
745 2245 881 2280 epitomen
908 2244 1000 2272 Graece
1017 2248 1037 2275 D
1052 2246 1136 2274 libros
1156 2245 1189 2272 IX
1211 2253 1280 2280 quos
1298 2244 1389 2271 Musas
1414 2245 1572 2279 inscripsit,
1595 2244 1714 2271 tlialecto
1739 2243 1846 2270 Ionica.

215 2294 307 2320 vertit.
329 2292 400 2319 Idem
416 2293 497 2320 etiam
519 2292 553 2319 de
566 2291 646 2327 Lycia
661 2297 687 2318 et
708 2291 865 2326 Pamphylia
882 2291 1001 2325 scripsit.

252 2338 395 2370 Carciuus,
416 2337 619 2373 Agrigentinus,
649 2337 784 2371 tragicus,
812 2342 839 2364 et
860 2337 1002 2368 Carcinos,

215 2383 379 2411 'l'heodectis
405 2383 444 2410 vel
467 2382 594 2410 choclis
613 2382 657 2414 Ρη
673 2381 855 2412 Atheniensis.
873 2382 1002 2416 tragicus.

216 2430 337 2458 Fubulas
353 2429 438 2457 edidit
460 2428 538 2456 CLX.
556 2427 625 2455 Vicit
644 2436 706 2454 una.
731 2427 836 2454 Floruit
849 2427 1003 2463 Olympiade

216 2477 367 2505 centesima
395 2480 457 2503 ante
485 2481 599 2510 regnum
624 2473 737 2509 Philippi
769 2473 935 2501 Macedonis.
964 2473 1003 2500 Ex

216 2522 387 2550 dramatibus
414 2521 473 2554 eius
490 2524 555 2548 sunt.
578 2520 656 2555 μύες,
681 2527 787 2549 mures;
806 2524 861 2546 tum
888 2517 1004 2545 Achilles

216 2574 244 2598 ct
258 2568 369 2599 Semele,
389 2573 417 2595 ut
439 2568 478 2594 ait
494 2568 650 2598 Athenaeus,
670 2571 723 2593 etc.
741 2564 880 2598 Xenocles,
895 2565 1003 2593 Careiui

218 2616 363 2651 F.,tnultis
381 2614 517 2641 machinis
535 2612 568 2640 ad
587 2612 771 2646 percellcndos
789 2616 956 2645 spectatores
976 2611 1004 2638 in

217 2666 359 2698 tragoediis
387 2664 445 2691 suis
470 2671 535 2690 usus
564 2663 651 2690 fuisse
677 2661 804 2694 videtur,
833 2669 914 2696 quem
944 2661 1005 2688 ideo

219 2712 295 2739 Plato
324 2711 552 2746 δωδεκαμήχανον
585 2709 710 2743 appellat.
745 2708 851 2736 Carciui
881 2713 1005 2742 poemata

218 2757 415 2792 αἰνιγματώδη.
429 2757 562 2783 Cari-inus
572 2755 642 2782 enim
655 2755 789 2786 Oct-stem,
804 2754 839 2781 ab
854 2753 893 2780 Ilo
905 2754 1004 2781 caulem

220 2802 316 2830 matris
325 2807 450 2828 coactum
464 2801 553 2831 fateri.
565 2800 693 2827 obscuris
720 2800 810 2827 verbis
839 2799 1006 2834 responden-

221 2851 274 2874 tem
298 2848 411 2873 inducit.
429 2846 550 2881 [Suidas
565 2847 702 2882 Sep-aravit
724 2846 795 2878 illos,
816 2845 934 2880 iecitque
952 2845 1007 2873 duo

221 2891 343 2920 diversos
358 2890 510 2927 Carcinos]

1056 2292 1121 2320 Item
1135 2292 1347 2319 dcclamationes
1369 2291 1520 2318 rhetoricas
1535 2295 1561 2317 et
1573 2290 1638 2316 alio.

1089 2337 1236 2371 Cephalus,
1255 2336 1439 2368 Atheniensis,
1453 2340 1546 2363 orator
1560 2339 1586 2362 et
1601 2335 1782 2370 dctuagogus.
1800 2333 1849 2367 qui

1054 2384 1159 2419 primus
1175 2384 1305 2418 procemia
1328 2387 1355 2410 et
1368 2383 1488 2417 epilogos
1503 2382 1659 2414 composuit
1676 2387 1702 2409 et
1721 2387 1848 2416 tetnp.=rc

1054 2428 1192 2456 unarcltim‘
1204 2429 1282 2455 vixit.
1300 2428 1366 2455 Filia
1387 2429 1439 2462 ipsi
1463 2426 1581 2454 iuitOEa

1091 2475 1319 2509 Cephismlctnus,
1349 2474 1541 2504 Atheniensis,
1568 2477 1662 2499 orator
1688 2472 1791 2504 loquar
1822 2473 1848 2494 ct

1050 2520 1159 2556 peritus
1184 2528 1330 2548 causarum
1357 2525 1500 2555 patronus,
1530 2518 1642 2546 [’criclis
1667 2517 1850 2545 abet-sarius

1054 2567 1232 2600 attnulusquc.

1092 2613 1307 2648 Cephisodorus,
1334 2611 1519 2644 Atheniensis,
1545 2610 1667 2644 tragicus

1055 2660 1169 2696 potius),
1180 2662 1298 2693 antiqua:
1311 2657 1449 2691 tragmdiat
1463 2656 1626 2691 (commdiat)
1639 2660 1726 2690 p0cta.
1739 2655 1776 2681 Et
1786 2666 1794 2696 7-
1803 2654 1851 2686 jus

1057 2695 1155 2730 l'abulis
1174 2707 1236 2730 sunt
1262 2701 1404 2734 Ἀντιλαῖς,
1420 2700 1580 2735 Ἀμαζόνες,
1601 2700 1767 2736 Τροφώνιος,
1783 2695 1851 2728 τῖς,-

1055 2751 1133 2777 Alitis
1160 2748 1374 2783 Ccphisodorus,
1401 2748 1445 2782 qui
1463 2752 1491 2774 ut
1517 2747 1616 2774 bardus
1638 2752 1665 2773 et
1686 2746 1815 2780 stupidus
1834 2751 1849 2768 a

1057 2796 1170 2824 comicis
1188 2794 1390 2829 perstringitur.
1404 2794 1491 2824 Alius,
1505 2793 1638 2827 magister
1653 2792 1787 2824 equitant,
1801 2788 1848 2820 qui

1058 2850 1119 2869 cum
1135 2840 1238 2876 Gryllo,
1253 2839 1441 2873 Xenophontis
1458 2839 1512 2876 lilio
1522 2860 1528 2870 ,
1543 2839 1577 2866 ad
1587 2838 1746 2866 Mantineam
1760 2840 1849 2862 occu-

1059 2888 1164 2916 buit.V‘.
1175 2875 1286 2914 Iiustcri
1301 2889 1357 2914 not.
1371 2885 1401 2920 Il,
1412 2892 1473 2921 pag.
1487 2875 1551 2912 '3”.

1710 2608 1850 2644 (comicus
