1921 3072
119 137 178 170 ῙΞῘἹ

732 138 782 170 DE
801 137 946 174 QUIBUS
963 136 1113 168 SUIDAS.

1675 130 1744 164 I238

148 195 314 226 Chmremon.
341 195 464 222 comicus
487 196 554 228 (37).
582 204 613 222 cx
635 195 715 231 cujus
731 197 901 224 ilramatihus
916 196 938 225 A
953 195 1150 226 Diocletianus.
1164 194 1297 231 .Egyptiis
1321 194 1450 226 infestus,
1469 192 1555 220 libros
1571 192 1604 219 de
1623 190 1744 218 chciuia:

120 241 502 277 ειιιητρῖυματιας,οὑρεὺς,
527 242 708 276 Ἀλρεσίσοια.
730 243 899 279 Κένταυρος.

120 287 246 318 Διόνυσος.
268 286 423 320 Ὀδυσσεὺς,
448 287 581 324 Θυέστης,
609 288 721 316 Μινύαι.

151 333 223 361 Alius
237 333 407 366 Cha‘remou,
424 334 470 368 qui
486 336 597 369 scripsit
611 335 826 370 hieroglyphica.

148 379 321 415 Chaerephon,
350 381 453 408 Socrati
481 382 599 409 maxime
626 382 768 409 familiaris
793 392 799 409 :
820 382 902 416 hujus

119 428 216 454 nullum
233 428 362 461 scriptum
375 433 487 455 exSIare
501 429 613 456 dicitur.
626 429 694 456 Cum
711 428 794 456 fratre
805 437 902 462 ,tzravcs

118 477 280 500 exercentem
313 473 472 501 inimicitias
499 475 605 501 m0nuit
628 475 768 506 Socrates.
797 475 901 503 nullum

118 519 194 546 etiam
203 519 343 546 oculorum
360 521 399 546 vel
413 529 543 547 manuum
558 526 603 548 aut
620 522 718 555 pedum
732 530 794 549 esse
809 530 902 556 nsum,

119 563 322 591 Itisicoucordcs
336 563 447 592 fuerint.
466 565 506 592 Ex
521 566 705 602 Xenophonte,
719 568 766 596 lib.
780 568 810 595 ll.
822 568 856 596 Μ.
871 568 901 595 S.

150 609 259 641 Chmris,
269 611 446 644 cithartedus.
458 617 511 640 etc.

150 656 342 685 Chalcenterus
365 658 454 686 dictus
475 664 516 686 est
546 659 678 696 Didymus
696 663 902 697 grammaticus,

117 709 220 740 propter
241 703 383 731 assiduum
410 706 531 733 studium
559 707 632 742 quod
655 708 875 743 iibt‘iSittIp'1Idil.
895 718 902 736 :

116 747 186 774 aiunt
203 749 275 776 enim
295 757 378 785 super
408 751 461 778 tria
484 752 568 780 millia
589 753 721 780 librorum
750 761 812 781 cum
835 754 905 782 scri-

115 793 208 828 psisse.

148 840 274 871 Chaldzel.
293 849 392 868 nomen
412 842 502 874 gentis
538 842 564 870 in
584 843 752 871 astronomia
770 844 904 871 exercita-

115 885 233 912 tissimaz.
264 886 407 913 Χαλδαϊκὰ
427 887 642 922 ἐπιτηδεύματα.
656 893 710 916 etc.

146 931 286 962 Chanaan.
306 940 319 959 a
340 940 394 967 quo
413 933 570 965 Chananzei,
587 942 602 961 a
623 934 705 962 Jusua
727 936 839 969 regione
854 944 903 964 sua

114 977 226 1011 expulsi.
252 978 300 1012 qui
326 978 425 1005 deinde
449 979 571 1006 Africam
594 980 745 1013 incoluere,
773 982 821 1008 xz).
851 983 905 1010 εἰσὶ

116 1023 193 1058 μέχρι
219 1023 267 1049 νῦν
295 1024 324 1051 αι
346 1024 471 1051 τοιαῦται
501 1026 626 1058 πλάκες,
651 1027 680 1052 ἐν
706 1029 739 1062 τῇ
771 1027 905 1063 Νουμιδίᾳ

115 1069 286 1104 περιέχουσαι
316 1069 420 1103 οὔτι-ις·
453 1071 549 1107 Ἡμεῖς
575 1072 659 1108 ἐσμεν
674 1072 905 1108 Χανανιῐόι,οὓς

115 1115 217 1149 ἐδίωξεν
238 1117 343 1149 Ἰησοῦς
354 1119 368 1144 ό
380 1117 493 1153 λῃστής.

148 1162 265 1194 Charax,
292 1163 489 1198 Pergamenus,
512 1165 642 1193 sacerdos
661 1170 689 1193 et
714 1165 904 1201 philosophus,

115 1207 145 1234 de
160 1217 214 1243 quo
231 1210 401 1245 epigramma
427 1217 516 1242 vetus.
539 1212 630 1239 Suidae
653 1212 763 1240 lectum.
790 1213 906 1250 Scripsit

114 1252 264 1283 GI'J'Cﬂflllll
289 1256 466 1285 hist0riarum
491 1257 577 1286 libros
601 1258 657 1286 XL.
684 1259 812 1288 Secundo
837 1261 905 1290 libro

116 1302 234 1329 mcuiiuit
265 1303 393 1337 Augusti,
420 1308 450 1332 ut
474 1305 659 1339 imperatoris,
683 1306 738 1341 jam
769 1307 834 1334 olim
859 1308 906 1335 de-

115 1345 194 1374 functi
209 1357 215 1380 ;
230 1353 257 1375 ct
274 1349 345 1376 libro
361 1351 479 1385 septimo
491 1349 610 1380 Neronis
624 1357 651 1380 et
665 1360 761 1381 eorum
775 1353 822 1389 qui
844 1359 906 1390 post

115 1392 185 1420 illum
204 1395 410 1430 imperitarunt.

147 1439 250 1468 Charax
257 1461 265 1472 .
283 1442 317 1469 Sa
323 1443 439 1476 pphonis
457 1443 552 1472 frater.

145 1484 270 1514 Chai-etis
296 1488 511 1522 pollicitationes
526 1489 560 1516 de
577 1489 623 1522 iis.
637 1490 683 1525 qui
701 1490 780 1520 facile
795 1492 905 1528 quidvis

952 250 967 270 a
995 243 1131 270 veteribus
1159 241 1286 276 scriptos,
1310 240 1471 276 perquisivit
1498 243 1525 267 et
1545 237 1601 273 igni
1620 236 1743 267 tradidit,

953 296 987 316 ne
1015 296 1048 315 ex
1076 292 1136 315 arte
1167 286 1325 322 huiusmodi
1353 286 1406 314 illis
1423 293 1501 320 opes,
1527 288 1554 312 et
1585 291 1617 311 cx
1643 282 1743 317 opibus

953 334 1050 362 liducia
1069 334 1220 361 rebellandi
1236 334 1351 368 posthac
1362 335 1530 367 suppeteret.

987 380 1065 414 Χῆνα.
1081 379 1207 415 ὀμνύναι.
1229 387 1274 414 per
1288 386 1406 405 anserem
1418 378 1522 411 jurare.
1539 375 1578 403 Ne
1599 375 1748 402 ad’omncs

953 434 998 453 res
1027 433 1126 453 nomen
1158 425 1204 452 Dci
1242 424 1431 454 adhiberetur.
1460 423 1666 449 Bhadamautus
1696 427 1744 454 per

953 480 1078 500 anserem
1103 476 1130 499 cl.
1145 472 1258 500 arietem
1274 471 1369 506 jurare
1385 470 1480 506 jussit,
1494 476 1562 501 non,
1577 472 1606 495 ut
1620 466 1749 502 quidam,

954 519 1092 547 Socrates.

989 566 1112 599 Χιάζειν,
1140 565 1218 593 Chios
1248 565 1359 591 imitari.
1385 563 1574 594 Praxidamas,
1597 561 1744 588 Democra-

955 615 1023 641 tum.
1049 610 1165 640 Chium.
1199 613 1226 637 ct
1249 609 1469 640 Theoxcuidcm,
1503 607 1669 642 Siphuium,
1697 607 1746 639 ait,

955 657 1058 692 primos
1084 661 1221 691 poemata,
1254 660 1333 690 pacta
1365 653 1508 686 mercede,
1537 652 1747 688 conscripsisse.

955 704 1080 739 πρώτους
1112 704 1157 730 ἐπὶ
1183 703 1323 738 χρήματος
1352 701 1432 734 τάξαι
1458 701 1527 728 ἰδίαν
1559 700 1678 736 ποιήσω.
1706 698 1748 726 EI

956 750 1076 778 Isocrate
1087 751 1122 778 ad
1141 749 1291 778 Idolheam.

990 797 1079 831 Chilo,
1092 797 1230 832 Damagi-ti
1249 796 1293 830 F'.,
1304 795 1536 827 Lacedaemonius,
1554 801 1626 821 unus
1642 796 1747 828 septem

955 844 1121 876 sapientum,
1147 843 1199 870 fuit
1229 843 1417 877 brcviloquus.
1443 841 1535 875 Quare
1561 840 1747 874 Aristagoras,

956 891 1088 922 Milesius.
1106 891 1178 918 hunc
1194 890 1302 918 modum
1324 889 1433 918 dicendi
1449 888 1602 916 Chilonium
1618 886 1747 922 appellat.

990 937 1149 967 Chionides.
1166 937 1351 969 Atheniensis,
1365 936 1486 964 comicus
1503 935 1625 969 antiquae
1641 939 1748 960 cumce-

955 983 1017 1016 dite,
1041 984 1121 1017 cujus
1144 984 1221 1011 aiunt
1248 983 1398 1018 principem
1417 983 1500 1008 fuisse
1523 985 1550 1009 et
1571 983 1635 1008 octo
1668 978 1749 1006 annis

956 1034 1019 1058 ante
1037 1029 1138 1057 bellum
1158 1029 1298 1057 Persicum
1323 1029 1429 1056 fabulas
1452 1027 1589 1058 docuisse,
1611 1033 1628 1053 e
1649 1025 1749 1060 quibus

955 1080 1020 1103 sunt
1031 1075 1136 1108 Ἥρως.
1154 1076 1273 1110 Πτωχοὶ,
1289 1075 1425 1111 Πέρσαιῆ
1447 1073 1594 1108 Ἀσσύριοι.

991 1122 1106 1154 Chiron,
1121 1122 1285 1153 Centaurus,
1308 1122 1355 1156 qui
1379 1121 1485 1156 primus
1504 1118 1668 1147 medicinam
1685 1118 1750 1144 her-

956 1168 1060 1196 bariam
1076 1168 1188 1195 iuvcuit.
1207 1167 1323 1203 Scripsit
1339 1167 1490 1202 ὑποθήκας,
1509 1169 1650 1201 prccepta,
1664 1163 1751 1191 versi-

956 1215 1018 1247 bus,
1045 1215 1078 1242 ad
1108 1215 1252 1242 Achillem.
1278 1213 1345 1241 ltent
1372 1211 1572 1248 Ἱππιατρικὺν,
1589 1210 1750 1238 Medicinam

956 1262 1159 1293 velerinariam;
1172 1268 1258 1296 quare
1267 1260 1349 1288 etiam
1363 1259 1518 1287 Centaurus
1531 1263 1574 1286 est
1584 1258 1748 1293 appellatus.

991 1308 1138 1340 Chmrilus,
1147 1307 1329 1338 Atheniensis.
1341 1307 1473 1341 tragicus,
1487 1305 1641 1341 quiolymp.
1665 1303 1746 1330 LXIV

956 1356 984 1384 in
1008 1363 1089 1383 scena
1119 1361 1225 1382 certare
1253 1354 1347 1388 coepit,
1373 1353 1468 1381 docuit
1494 1352 1602 1380 fabulas
1625 1351 1680 1383 CL,
1709 1352 1750 1378 vi-

956 1402 993 1430 cit
1007 1401 1078 1429 Xlll.
1096 1401 1157 1433 Hic,
1176 1406 1204 1428 ut
1225 1401 1335 1437 quidam
1361 1401 1484 1433 tradunt,
1509 1403 1536 1426 et
1562 1398 1700 1426 larvarum
1723 1402 1751 1424 et

957 1448 1072 1475 vestitus
1087 1447 1187 1474 scenici
1208 1447 1313 1480 primus
1328 1451 1423 1473 auctor
1441 1445 1502 1473 fuit.

993 1493 1141 1523 (Ilicet-ilus,
1161 1492 1283 1524 Samius,
1304 1491 1346 1519 vel
1362 1491 1493 1523 Jascusis,
1509 1493 1557 1518 aut
1576 1489 1752 1516 Halicarnas.

115 1532 287 1580 pollicentur,
303 1540 331 1561 ut
343 1534 448 1562 Chares
461 1537 599 1571 quondam
611 1538 666 1564 dux
683 1538 904 1567 Atheniensium.
921 1552 942 1580 ς
959 1543 1059 1574 scnsis,
1071 1541 1185 1576 aequalis
1201 1539 1333 1575 Panyasis
1352 1543 1379 1567 et
1402 1539 1563 1566 adulescens
1576 1538 1632 1570 iam
1650 1537 1751 1565 Ρεῒδίεί

147 1578 293 1612 Charinus,
318 1580 520 1617 Syracusanus,
534 1583 560 1610 itt
575 1583 681 1618 singula
697 1586 826 1616 obsonia.
845 1594 907 1621 quae

114 1626 233 1653 eonriris
257 1629 475 1661 apponehautur,
490 1630 643 1657 versiculos
672 1635 699 1658 ct
716 1632 860 1666 proverbia
878 1633 904 1660 in

116 1678 237 1706 promptu
266 1673 383 1701 habebat
403 1676 475 1709 lqnzn
500 1676 571 1709 apud
599 1677 712 1704 Suidatn
741 1683 905 1713 sequuntur,

111 1717 163 1751 jam
185 1719 260 1746 l'ucre
273 1727 367 1754 supra,
385 1729 411 1748 ν.
433 1721 586 1757 Athenians)
599 1742 606 1754 ,
621 1728 685 1750 sunt
713 1729 803 1750 autem
824 1725 881 1752 hinc
898 1734 905 1752 :

113 1763 270 1796 Clearchus.
285 1765 419 1799 Solensis,
433 1775 530 1802 poema
547 1768 613 1796 illud
626 1769 799 1804 Δεινολογίαν
813 1775 905 1804 vocat,

115 1810 157 1837 alii
193 1812 375 1847 Ὀψολογῐαν.
406 1813 579 1851 Chrysippus
609 1816 833 1853 Γαστρονομίαν,
861 1817 906 1845 alii

121 1855 312 1887 Ἡδυπάθειαν.

148 1904 268 1937 Charon,
286 1904 498 1940 Lampsacenus,
515 1907 652 1943 Pythoclis
666 1908 707 1940 F..
723 1910 768 1945 qui
786 1915 908 1945 tempore

115 1951 192 1984 primi
239 1951 312 1980 Darii
350 1952 443 1980 ﬂoruit
479 1955 581 1990 olymp.
619 1954 714 1982 LXXV
747 1957 906 1985 historicus.

115 1996 226 2032 Scripsit
236 1998 402 2033 (El/(fliplt‘a,
413 2000 518 2028 Persica
527 2001 601 2028 libris
610 2001 651 2029 11.
662 2002 755 2030 Gra'ra
766 2003 842 2030 libris
853 2003 866 2030 1
875 2002 905 2031 ν.

114 2041 150 2070 lle
164 2043 310 2079 Lampsaco
326 2046 400 2072 libris
421 2045 464 2074 ΙΙ.
483 2047 594 2081 Libyca.
615 2047 694 2075 Fines
712 2047 908 2083 Lampsaceno-

113 2098 168 2116 rnm
183 2091 260 2118 libris
284 2091 333 2119 IV.
349 2092 482 2128 Prytanes
501 2093 558 2120 sive
575 2093 720 2122 Are/iantes
740 2094 908 2123 Lacedo'mo-

113 2137 233 2171 uiarum,
250 2139 324 2172 quod
349 2145 390 2165 εει
418 2147 488 2173 opus
511 2140 748 2174 chronologicttut.
785 2141 908 2177 Origines

113 2184 225 2214 urbium.
246 2185 322 2212 libris
340 2185 384 2216 Il.
403 2184 508 2213 Cretico
531 2186 607 2214 libris
626 2186 687 2221 III,
707 2188 733 2215 in
757 2197 812 2223 quo
827 2197 908 2224 opere

959 1587 1021 1614 hclli
1057 1587 1246 1620 temporibus,
1272 1585 1374 1620 olymp.
1409 1583 1515 1611 LXXV.
1551 1582 1623 1610 Idem
1655 1589 1752 1610 servus

959 1633 1043 1661 fuisse
1056 1634 1172 1660 traditur
1186 1632 1270 1660 Samii
1287 1632 1443 1667 cujusdam,
1456 1630 1544 1658 forma
1566 1629 1752 1665 pulcherrima

958 1679 1090 1715 pra-ditus
1112 1689 1118 1706 :
1145 1684 1172 1706 et
1188 1679 1271 1706 Samo
1295 1678 1426 1713 profugus
1449 1685 1511 1705 cum
1533 1675 1691 1708 Herodoto,
1711 1675 1753 1702 lti-

959 1727 1078 1758 storico,
1106 1733 1215 1761 opt-ram
1243 1725 1332 1758 daret,
1361 1725 1515 1752 litterarum
1538 1727 1566 1751 et
1589 1722 1754 1757 eloquentiae

958 1782 1053 1801 amore
1069 1778 1165 1808 captus
1186 1772 1270 1800 fuisse
1290 1781 1298 1799 :
1317 1772 1396 1807 cujus
1411 1773 1492 1799 etiam
1516 1770 1650 1798 amasium
1668 1769 1753 1797 fuisse

958 1821 1064 1848 dicunt.
1091 1820 1219 1846 Animum
1241 1819 1273 1846 ad
1292 1820 1425 1854 poeticam
1448 1818 1552 1853 appulit
1573 1822 1599 1845 et
1619 1819 1645 1844 in
1663 1816 1753 1845 Mace-

959 1867 1040 1894 donia
1071 1866 1138 1892 ohiit
1163 1865 1235 1898 apud
1263 1865 1436 1893 Archelaum.
1467 1869 1533 1891 tunc
1559 1864 1620 1899 ejus
1648 1872 1751 1897 regem.

958 1911 1076 1946 Scripsit
1093 1911 1236 1938 victoriam
1256 1903 1382 1938 adversus
1404 1909 1519 1937 Xerxem
1537 1914 1702 1945 reportatum
1719 1909 1754 1937 ab

959 1957 1181 1987 Atheniensibus.
1191 1965 1240 1992 pro
1254 1957 1334 1991 cujus
1349 1957 1483 1991 poematis
1499 1956 1614 1989 singulis
1626 1956 1753 1984 versibus

959 2012 1072 2032 aureum
1101 2009 1230 2031 staterem
1258 2004 1373 2038 accopit.
1401 2003 1543 2031 Decretum
1564 2004 1676 2038 insuper
1691 2003 1751 2036 fuit,

960 2056 989 2078 ut
1006 2058 1102 2085 poema
1117 2050 1183 2077 illud
1197 2058 1259 2078 cum
1274 2050 1380 2077 llomeri
1395 2050 1563 2078 carminibus
1580 2050 1751 2078 recitaretur.

960 2095 1140 2128 aninca,et
1167 2096 1223 2123 alia
1248 2097 1380 2131 quzedam-
1397 2096 1457 2131 ejus
1482 2101 1608 2132 poemata
1625 2097 1747 2124 circnm-

946 2149 948 2151 '
960 2142 1097 2169 feruntur.

996 2187 1197 2214 Choriamhicis
1218 2186 1342 2214 versibus
1367 2185 1497 2221 Esopias
1513 2185 1620 2215 fabulas
1643 2185 1755 2221 scripsit

112 2232 191 2258 etiam
205 2232 290 2267 leges,
318 2240 333 2259 a
354 2231 444 2259 Minoe
471 2233 552 2264 latas.
574 2233 668 2261 refert.
700 2234 905 2270 Nauigationem
923 2226 946 2252 θ
961 2233 1038 2261 libris
1050 2232 1074 2260 Χ
1100 2233 1212 2261 Babrias
1228 2241 1275 2261 seu
1290 2232 1416 2265 Bahrius,
1430 2233 1464 2260 de
1479 2240 1535 2267 quo
1550 2240 1645 2268 supra.

113 2277 181 2304 circa
209 2286 287 2305 orum
315 2279 480 2306 maritimam
501 2284 577 2307 extra
607 2281 745 2308 columnas
771 2281 904 2310 Herculis.

145 2322 274 2356 Charon,
288 2325 514 2357 Carthaginiensis
524 2346 531 2358 ,
563 2327 711 2355 historicus
721 2347 729 2359 .
746 2328 856 2363 set'ipsit
872 2329 906 2357 dd

113 2371 245 2403 tyrannis,
271 2375 409 2405 quotquot
438 2372 464 2399 in
497 2372 602 2408 Europa
624 2381 651 2401 et
680 2374 745 2402 Asia
774 2375 904 2409 fuerunt;

112 2420 178 2442 vitas
198 2417 346 2444 illustrium
361 2418 479 2446 virorum
507 2419 583 2447 libris
606 2419 649 2453 IV.
675 2421 818 2448 mulierum
841 2421 905 2449 item

111 2461 178 2488 Vitas
196 2463 276 2490 libris
288 2463 332 2490 IV.

145 2508 266 2541 Charon,
279 2509 448 2539 Naucratita.
463 2511 621 2539 historicus.
637 2512 754 2548 Scripsit
769 2513 802 2540 de
814 2521 905 2541 mcer-

111 2552 215 2581 duttbus
241 2555 432 2583 Alexandrinis
448 2562 472 2584 ei
495 2556 631 2593 [Egi/pnis
652 2562 678 2585 ct
704 2565 748 2586 res
766 2558 819 2585 sub
836 2567 907 2586 llllo-

112 2606 219 2635 quoque
236 2606 338 2635 gestas.
363 2602 400 2628 De
414 2603 517 2638 regibus
533 2623 540 2635 ,
555 2603 602 2638 qui
621 2604 718 2637 priscis
737 2605 907 2638 temporibus

113 2643 138 2670 in
162 2653 329 2682 unaquaque
358 2654 438 2684 gente
464 2649 584 2677 fuerunt.
604 2649 642 2677 De
671 2649 826 2684 Naucrale;
844 2651 907 2678 itcnt

113 2691 162 2718 alia
179 2694 304 2728 qna-dam
318 2695 350 2721 de
370 2694 508 2730 Egypto.‘

144 2738 271 2773 Cluentia.
298 2743 356 2770 sive
382 2750 428 2771 ars
450 2742 613 2770 conficiendi
643 2743 748 2779 argenti
781 2748 808 2770 et
837 2745 908 2771 auri.

147 2840 204 2879 (Si)
218 2843 279 2870 imo
299 2845 427 2879 tragicus.
447 2845 514 2872 Eum
543 2845 653 2879 quidem
670 2844 816 2873 Athena-us
836 2844 906 2876 Xlll,

114 2884 172 2913 ωε.
189 2878 254 2911 562,
281 2878 409 2915 expresse
432 2878 559 2909 nominat
585 2882 729 2916 tragicum,
744 2885 770 2909 et
792 2882 901 2908 nomina

995 2279 1122 2314 Xopzz’aq,
1142 2279 1217 2305 chori
1238 2280 1293 2306 dum
1315 2282 1339 2305 et
1365 2278 1500 2313 magister.
1518 2275 1593 2305 Talis
1614 2278 1664 2306 fuit
1681 2279 1754 2313 Aga-

960 2326 1035 2358 tltou,
1061 2325 1107 2360 qui
1136 2325 1295 2353 histrionica
1324 2324 1458 2356 carmina.
1491 2324 1655 2360 ὑποκριτικὰ
1683 2325 1752 2360 μέλη

960 2372 1126 2406 Composuit,
1154 2376 1182 2399 ct
1199 2371 1257 2406 ipse
1276 2371 1438 2398 histrionem
1466 2371 1493 2398 iu
1509 2378 1591 2399 scena
1604 2372 1658 2406 egit
1670 2370 1753 2406 (infra

961 2418 987 2446 in
1007 2418 1152 2454 Myrmex).

999 2465 1086 2500 Χορὸν
1101 2464 1213 2499 δίδωμι,
1231 2463 1340 2491 chorum
1354 2463 1400 2496 do,
1425 2462 1496 2490 idem
1519 2463 1588 2490 valet
1611 2470 1642 2489 ac
1669 2462 1755 2496 gloria

963 2512 1098 2539 excellere
1111 2519 1143 2538 ac
1156 2511 1273 2538 vincere.
1288 2509 1354 2537 Nam
1370 2510 1441 2544 apud
1456 2509 1638 2537 Atheuienses
1655 2510 1755 2537 comici

963 2562 990 2586 et
1006 2558 1100 2592 tragici
1121 2562 1207 2592 poeta;
1228 2557 1344 2584 chorum
1364 2556 1548 2591 impetrabant
1570 2564 1623 2583 non
1640 2563 1755 2584 omnes:

963 2605 1009 2631 sed
1023 2604 1153 2632 clariorcs
1178 2604 1307 2639 dignique
1328 2603 1430 2635 habili,
1451 2607 1597 2638 postquam
1611 2602 1679 2630 artis
1699 2609 1757 2630 suto

961 2649 1100 2684 specimen
1113 2649 1274 2676 edidissent.

1002 2695 1099 2731 Χιιρδς,
1117 2696 1143 2723 in
1168 2695 1292 2722 ccclesiis
1309 2695 1478 2722 cantantium
1502 2698 1600 2722 cmtus.
1618 2693 1756 2722 Ecclesia-

964 2750 1024 2770 ruin
1060 2742 1136 2770 chori
1167 2741 1247 2769 divisi
1274 2741 1348 2769 luere
1374 2741 1401 2768 in
1428 2740 1497 2769 duas
1519 2746 1611 2777 partes
1636 2747 1757 2777 tempore

964 2844 1117 2872 fabularum
1154 2842 1192 2870 rei
1223 2843 1363 2880 veritatem
1394 2851 1504 2880 quoque
1537 2847 1683 2872 testantur.
1724 2841 1753 2869 V.

957 2881 989 2907 K-
1003 2884 1067 2908 star.
1090 2884 1146 2908 not.
1160 2883 1227 2907 tom.
1242 2879 1287 2914 ill,
1305 2887 1365 2916 pag.
1379 2882 1441 2909 (36L
1459 2879 1543 2908 ΒΑΜ..
