1921 3072
178 138 246 170 123')

173 196 337 230 Cotistantii,
349 198 519 226 Constantini
532 198 567 225 Μ.
581 197 638 230 lilii,
651 203 678 226 et
692 197 825 230 Flaviani,
840 199 960 234 episcopi
974 199 999 228 Α

174 244 336 276 Antiochizc,
349 243 477 271 bifariam
495 243 605 272 Davidis
619 244 744 272 Psalmos
760 249 900 272 canentes.
910 244 962 277 Qui

175 297 236 317 mos
265 290 509 325 (antiphouarum),
525 290 677 318 Antiochia:
700 290 819 326 primum
844 295 960 325 emptus,

174 340 259 363 totum
277 340 411 363 terrarum
424 337 517 364 orbem
530 340 623 371 postea
636 337 765 371 pervasit.

208 383 370 416 Chosroem,
386 391 475 418 regem
500 382 657 415 Persarum,
676 383 860 418 deprmdicant
879 390 961 418 supra

172 429 259 463 Ipsius
273 429 400 456 meritum
420 437 473 456 non
489 433 593 456 tantum
609 428 708 461 Pcrsm,
727 429 774 456 sed
791 433 817 456 et
839 428 961 455 nonnulli

173 474 373 507 Romanorum,
400 479 428 502 ut
456 474 610 502 litterarum
635 479 784 502 amatorem
804 475 907 509 quique
927 474 961 501 ad

172 520 352 555 philosophiae
367 525 467 548 nostra:
484 521 591 549 culmen
603 521 730 552 evaserit,
740 527 802 548 cum
813 520 838 547 ei
852 519 962 547 Graeca—

173 567 234 593 nica
260 566 362 601 scripta
389 567 424 594 ab
447 567 595 602 interprete
621 566 739 602 quodam
766 566 792 594 in
823 565 961 593 Persicam

171 612 292 642 linguam
305 616 397 640 essent
412 620 553 645 conversa,
574 612 610 640 ita
630 616 659 639 ut
676 611 848 639 Aristotelem
863 611 961 639 melius

172 658 323 689 edidicerit,
337 666 419 693 quam
435 657 631 686 Demosthenes
642 657 841 694 Thucydidem,
854 663 881 686 et
899 658 962 686 Pla-

172 703 272 730 tunicis
298 703 471 738 dogmatibus
495 707 569 731 totus
598 709 670 731 esset
698 703 834 736 refertus,
855 709 885 731 ut
911 711 961 732 nec

172 747 291 775 Timaeus
309 748 368 782 ejus
390 748 596 783 intelligentiam
620 748 753 784 effugerit,
771 756 820 776 nec
839 748 958 776 Phaedon

171 801 222 821 nec
237 793 361 828 Gorgias,
373 799 425 822 etc.
443 793 483 820 E1
496 794 622 829 Agat/tia.

205 839 414 872 Cluistodorus,
433 839 540 867 Panisci
553 839 596 872 F.,
607 849 638 868 ex
655 840 740 875 Capto
759 840 826 867 urbe
841 839 958 876 (Egypti,

171 889 248 918 poeta
270 885 380 919 t'picus,
398 886 536 913 Anastasii
561 886 628 920 imp.
648 887 828 921 temporibus.
844 886 961 922 Scripsit

169 931 292 959 Isaurico
307 932 383 959 libris
396 931 444 965 Vl,
460 933 516 960 sive
528 933 561 960 de
575 933 686 960 Isauriae
702 933 912 967 expugnatione,
927 933 961 961 ab

169 978 317 1005 Anastasio
330 977 421 1011 facta;
439 979 544 1013 Πάτριιι
565 979 623 1006 sive
637 980 758 1014 Origines
774 979 877 1010 CPolis.
899 987 960 1006 ver-

170 1024 246 1051 sibus
276 1024 392 1051 heroicis
414 1024 488 1051 libris
514 1024 581 1051 XII.
612 1024 732 1059 Origines
764 1024 961 1052 Thessalonice:

172 1069 246 1096 libris
268 1069 356 1100 XXV.
373 1069 494 1104 Origines
515 1070 612 1098 Nacles
638 1079 721 1106 prope
745 1071 917 1106 lIeliopolim,
933 1072 959 1098 in

170 1123 224 1150 qua
255 1121 321 1144 sunt
347 1117 467 1151 Aphaca.
499 1117 620 1151 Origines
648 1116 745 1149 Mileti,
773 1117 848 1144 urbis
869 1116 960 1145 Ioniae.

171 1163 292 1198 Origines
333 1163 476 1192 Trallium.
511 1163 633 1198 Origines
662 1163 877 1198 Aphrodisiadis.
910 1164 962 1191 Ec-

168 1209 287 1244 plirasim
306 1210 362 1237 sive
383 1210 584 1244 descriptionem
603 1215 755 1237 statuarum
775 1211 801 1237 in
824 1212 961 1246 gymnasio

170 1255 312 1291 Ζιίιέῑίρρὶ,
329 1261 354 1284 et
367 1257 419 1284 alia
438 1258 534 1284 multa.

205 1303 418 1338 Chrysanthius,
454 1304 616 1336 Sardianus,
651 1304 850 1340 philosophus,
881 1311 960 1340 quem

168 1349 293 1377 Julianus
314 1358 359 1384 per
374 1349 479 1378 litteras
495 1350 648 1378 arcessivit.
674 1350 721 1378 Ille
740 1358 805 1378 vero
825 1357 876 1378 suo
901 1350 960 1378 loco

169 1396 281 1428 mansit,
297 1403 311 1423 a
325 1404 393 1423 vana
409 1397 494 1432 gloria
505 1397 612 1425 alienus
630 1402 657 1424 et
676 1397 770 1424 divino
783 1401 850 1424 nutu
869 1397 960 1425 omnia

168 1441 283 1468 fam-iens.
304 1441 345 1468 Ea:
365 1442 497 1477 Ennapio.

204 1488 382 1523 Chrysippus,
395 1488 563 1522 Apollonides:
579 1489 622 1521 F.,
635 1488 768 1522 Solensis,
787 1488 828 1515 vel
841 1489 960 1516 Tarsen~

169 1534 220 1572 sis,
235 1534 426 1569 philosophus,
451 1534 603 1569 discipulus
619 1534 758 1562 Cleanthis
771 1556 778 1568 ,
796 1540 858 1570 post
879 1543 958 1570 quem
974 1546 995 1574 ρ

169 1580 270 1609 Stoica:
281 1579 382 1608 scholze
402 1580 522 1614 pra-fuit,
537 1585 564 1607 et
574 1580 642 1608 obiit
656 1581 743 1608 mtatis
758 1588 829 1608 anno
843 1580 959 1612 LXXIII.

170 1627 206 1654 ob
231 1627 357 1654 haustum
382 1626 490 1654 avidius
519 1634 626 1653 morum
649 1626 781 1659 vertig'ne
805 1632 958 1661 correptus,

171 1673 225 1706 rel,
250 1677 278 1700 ut
304 1673 371 1705 alii,
397 1673 433 1700 ob
459 1672 574 1699 nimium
598 1673 684 1700 risum
714 1672 816 1708 olymp.
845 1671 959 1699 CXLIII.

169 1718 337 1753 Conseripsit
354 1719 439 1745 libros
453 1718 545 1753 plures
563 1725 644 1752 quam
663 1718 727 1744 DCC
743 1718 959 1752 philosophicos,

170 1765 318 1793 historicos
339 1769 366 1792 et
389 1764 594 1800 grammaticos.
626 1763 803 1798 Sophismata
834 1763 958 1799 quatdam

168 1810 313 1846 Chrysippi
333 1809 434 1837 Suidas
452 1809 531 1837 ail'crt
545 1817 560 1836 e
578 1809 699 1836 Lacrtio.

202 1857 242 1884 Ad
273 1857 480 1892 Chrysogonum
507 1855 692 1883 confessorem
728 1855 857 1890 epistolas
891 1855 961 1883 duas

167 1903 321 1931 Anastasia:
343 1902 481 1937 martyris,
505 1909 519 1929 a
536 1901 643 1934 Publio,
673 1908 723 1929 suo
745 1902 854 1933 marito,
874 1901 962 1930 idolo-

167 1956 229 1976 tum
252 1947 365 1980 cultore,
390 1947 499 1975 liberari
525 1947 669 1981 cupientis,
697 1954 751 1973 una
767 1954 829 1974 cum
844 1946 961 1983 Chryso-

166 1995 229 2030 goni
257 1995 482 2030 rcsponsionibus
511 1993 608 2021 Suidas
632 1993 744 2021 ascribit
770 1993 900 2028 integras,
927 1994 960 2022 de

165 2041 266 2076 quibus
293 2040 386 2068 confer
409 2040 568 2075 Mcnagiana
587 2046 652 2066 tom.
670 2038 712 2072 IV,
728 2047 788 2074 pag.
804 2039 867 2072 208,
893 2039 959 2067 edit.

165 2089 255 2114 Amst.

200 2133 323 2166 Cicilius,
348 2133 477 2169 Argivus,
502 2137 580 2168 poeta
606 2133 710 2168 epicos.
735 2133 781 2167 qui
809 2131 959 2159 Halicutica

165 2179 274 2214 scripsit
289 2179 425 2211 versibus,
440 2186 470 2206 nt
486 2179 638 2206 Numenius
652 2178 823 2211 Heracleota,
840 2179 959 2206 Pancra-

978 869 999 900 B

779 139 900 170 INDEX
920 140 1167 173 SCRIPTORUM

1741 141 1807 173 1330

1047 199 1200 233 Cleanthes,
1217 199 1341 233 Cassius,
1354 199 1465 228 Phaniae
1481 199 1638 234 F'.,Assius,
1658 201 1807 235 discipulus

1014 246 1139 279 Cratetis,
1154 247 1251 274 deinde
1273 246 1401 280 Zenonis,
1416 247 1460 274 cui
1476 248 1556 274 etiam
1575 247 1729 276 successit:
1746 253 1805 274 ma-

1014 293 1096 326 gister
1113 292 1266 327 Chrysippi.
1290 291 1445 327 philosophi
1472 292 1604 324 Solensis,
1623 297 1651 320 et
1680 290 1806 326 Antigoni

1016 337 1097 373 regis.
1114 337 1165 364 Ilic
1180 338 1252 372 pugil
1272 342 1362 370 antea,
1378 337 1498 366 Athenas
1516 337 1665 373 profectus,
1684 338 1804 372 philoso-

1014 384 1084 418 phiae
1110 392 1202 412 amore
1221 389 1317 420 captus
1340 389 1382 412 est
1399 393 1407 412 :
1422 385 1585 418 laboriosus,
1602 390 1632 412 ut
1647 385 1715 411 alter
1739 383 1805 411 Iit-r-

1015 430 1088 458 cules
1100 430 1247 463 diceretur,
1265 435 1292 458 et
1305 431 1469 466 φρεάντλης,
1487 431 1560 466 quia,
1575 439 1637 458 cum
1655 438 1708 458 non
1724 430 1805 457 habe-

1014 481 1065 508 ret,
1080 477 1151 503 unde
1166 477 1280 509 viveret,
1295 482 1377 505 noctu
1395 477 1517 504 mercede
1539 485 1637 512 aquam
1653 477 1757 504 hauriel
1768 481 1804 509 at,

1015 523 1130 550 interdiu
1153 523 1303 558 disciplinis
1315 528 1342 551 et
1357 524 1433 551 libris
1458 524 1582 551 vacabat.
1607 523 1725 559 Scripsit
1746 523 1804 558 plu-

1015 569 1095 596 rima.

1050 615 1207 648 Clearchus,
1227 615 1358 647 Solensis,
1379 616 1452 642 varia
1466 616 1585 651 scripsit.

1048 661 1206 694 Clearchus,
1235 661 1374 694 Ponticus,
1401 661 1522 689 Athenas
1549 661 1690 696 profectus
1703 666 1806 689 estau-

1012 708 1103 736 diendi
1127 708 1248 736 Platonis
1279 717 1370 737 causa.
1396 709 1448 736 Sed
1474 710 1500 736 in
1523 710 1629 737 somnis
1656 710 1723 737 vidit
1747 717 1806 736 mu-

1013 755 1105 782 lierem
1117 776 1125 788 ,
1149 755 1201 782 sibi
1227 756 1362 783 dicentem
1380 764 1386 782 :
1406 756 1509 783 Excede
1528 757 1666 783 academia
1681 761 1705 783 et
1719 756 1804 789 linque

1011 801 1215 836 philosophiam,
1226 810 1279 837 qua
1301 802 1356 836 [mi
1370 803 1417 829 tibi
1429 803 1470 835 fas
1482 810 1532 829 non
1556 807 1604 834 est,
1621 803 1725 836 infenso
1737 802 1805 828 enim

1012 849 1085 875 cultu
1103 853 1128 875 te
1143 849 1272 875 intuetur.
1302 847 1371 876 Ilinc
1393 848 1419 875 in
1443 849 1558 883 patriam
1588 849 1689 879 rediit.
1709 847 1806 875 deinde

1013 894 1085 921 venit
1099 895 1131 921 ad
1147 894 1343 927 Mithridatem,
1370 895 1487 930 denique
1512 894 1737 922 Heracleotarum
1764 898 1806 928 ty-

1011 948 1114 968 rannus
1128 949 1188 967 cum
1211 941 1355 969 evasisset.
1382 940 1529 967 crudeliter
1549 940 1704 973 imperarit,
1723 939 1807 966 vesti-

1012 987 1083 1018 lms,
1105 985 1200 1020 quales
1223 985 1430 1020 conspiciuntur
1453 985 1479 1012 in
1503 984 1660 1012 simulacris
1680 983 1806 1015 deorum,

1013 1031 1161 1058 insolenter
1176 1039 1205 1058 se
1222 1031 1326 1063 induit,
1355 1030 1440 1058 filium
1466 1030 1609 1065 κεραυνὸν,
1637 1030 1738 1064 fulmen
1761 1037 1810 1064 ap-

1012 1072 1128 1108 pollatiit.
1153 1074 1314 1102 Interfectus
1334 1081 1348 1101 a
1364 1073 1479 1108 Chione,
1493 1073 1612 1101 Le0nide
1626 1078 1654 1101 et
1667 1073 1808 1108 Autitheo,

1012 1120 1153 1155 discipulis
1170 1120 1289 1147 Platonis
1306 1120 1473 1155 philosophi.

1048 1166 1184 1199 Clemens,
1206 1165 1364 1197 historicus,
1388 1166 1498 1201 scripsit
1512 1166 1544 1194 dc
1559 1166 1748 1194 Romanorum
1767 1174 1809 1192 re-

1013 1213 1092 1247 gibus
1107 1218 1133 1240 et
1150 1211 1370 1247 imperatoribus,
1389 1217 1414 1239 et
1429 1213 1462 1240 ad
1477 1212 1671 1247 Hierunymnm
1689 1212 1722 1239 de
1739 1211 1806 1246 figu-

1014 1259 1051 1286 ris
1067 1259 1222 1286 [Socraticis
1237 1263 1264 1285 et
1277 1258 1341 1285 alia.

1047 1305 1186 1337 Cleobius,
1202 1312 1300 1332 nomen
1317 1304 1467 1332 sacerdotis
1486 1304 1630 1331 idolorum.

1047 1351 1215 1381 Cleobuline,
1245 1350 1356 1384 Lindia,
1390 1350 1526 1383 Cleobuli,
1561 1350 1706 1383 sapientis,
1742 1350 1807 1381 tilia,

1012 1397 1169 1432 ἑξαμέτρων
1187 1397 1355 1430 αἰνιγμάτων
1380 1397 1522 1432 ποιήτρια,
1549 1396 1660 1431 scripsit
1674 1404 1770 1423 versus
1784 1401 1810 1422 et

1012 1443 1122 1478 griphos
1137 1446 1163 1469 et
1181 1442 1286 1469 celebre
1313 1442 1378 1469 illud
1406 1443 1522 1477 aenigma
1545 1442 1572 1469 in
1589 1450 1705 1473 annum.
1733 1442 1806 1476 quod

1011 1488 1126 1523 incipit:
1144 1486 1190 1518 Εἷς
1218 1488 1231 1513 ὁ
1256 1487 1369 1523 πατὴρ,
1396 1487 1491 1519 παῖδες
1513 1487 1542 1513 δὲ
1565 1486 1679 1519 δώδεκα,
1703 1487 1758 1514 τῶν
1782 1486 1810 1513 δὲ

1015 1534 1123 1568 ἑκάστῳ
1137 1533 1231 1564 παῖδες
1244 1533 1402 1566 τριάκοντα.

1049 1578 1214 1610 Cleobulus,
1242 1577 1369 1613 Evagon»
1393 1577 1581 1610 F.,Lindius,
1608 1585 1679 1605 unus
1705 1582 1809 1612 septem

1016 1625 1184 1659 Sapientum,
1212 1623 1315 1651 viribus
1339 1625 1462 1658 corporis
1483 1629 1510 1652 et
1536 1623 1630 1651 for-nne
1653 1624 1811 1658 praestantia

1014 1670 1161 1702 excellens,
1176 1670 1220 1704 qui
1234 1669 1315 1696 etiam
1329 1669 1517 1705 Aigy'ptiorum
1537 1669 1712 1704 philosophia
1728 1669 1811 1696 insti-

1015 1721 1089 1743 ttlttts
1115 1715 1175 1743 fuit.
1208 1715 1325 1750 Scripsit
1352 1715 1462 1750 ᾄσματα
1488 1716 1534 1742 καὶ
1558 1715 1673 1750 γρίφῦυς
1694 1717 1734 1746 εἰς
1756 1715 1811 1750 ἔπη

1014 1761 1160 1797 τρισχίλια,
1180 1762 1284 1788 cantica
1296 1766 1320 1788 et
1335 1762 1442 1796 griphos
1467 1761 1582 1788 versibus
1600 1762 1759 1788 hexametris
1775 1761 1812 1787 ad

1014 1813 1054 1835 ter
1068 1808 1149 1834 mille.
1168 1806 1241 1834 Obiit
1262 1814 1345 1834 senex
1361 1815 1433 1834 anno
1459 1807 1547 1834 aetatis
1564 1807 1646 1835 LXX.
1669 1808 1736 1835 Filia
1751 1808 1813 1842 ejus

1013 1854 1183 1882 Cleobuline.
1212 1855 1446 1889 Apophthegmata
1475 1855 1600 1890 quiedam
1627 1855 1660 1887 te
1682 1855 1811 1890 Lacrtio)

1015 1901 1115 1929 Suidas
1137 1901 1232 1928 recitat
1247 1907 1272 1928 et
1288 1901 1468 1937 fragmentum
1494 1909 1527 1929 ex
1544 1901 1658 1937 epistola
1679 1902 1713 1929 ad
1730 1902 1814 1929 Solo-

1015 1956 1092 1976 nem.

1049 1995 1199 2030 Cleophon,
1217 1995 1399 2027 Atheniensis,
1420 1994 1551 2029 tragicus,
1577 2002 1611 2021 ex
1635 1994 1715 2028 cujus
1744 1994 1815 2022 dia-

1014 2041 1134 2069 ruatibus
1161 2046 1225 2068 sunt
1258 2041 1402 2072 Ἀκταίων,
1442 2040 1624 2075 Ἀμφιάραος,
1660 2041 1812 2075 ’Δχιλλεϋς,

1015 2087 1131 2123 Βάκχαι,
1149 2087 1310 2122 Δεξαμενὸς,
1336 2087 1475 2123 Ἠριγόνη,
1492 2087 1623 2118 θυέσται,
1641 2088 1813 2120 Λεύκιππος,

1015 2134 1127 2168 Περσὶς,
1143 2133 1277 2167 Τήλεφος.

1047 2179 1200 2206 Cleoxenus
1211 2183 1237 2206 et
1250 2178 1414 2207 Democlitus
1427 2180 1597 2214 scripserunt
1607 2180 1671 2214 περὶ
1689 2180 1812 2214 πυρσῶν,

165 2230 206 2251 tes
218 2225 313 2257 Arcas,
341 2224 506 2252 Posidonius
529 2223 698 2255 Corinthius,
716 2224 854 2259 Oppianus
870 2224 960 2251 Cilix:
979 2228 1002 2257 ι)
1016 2226 1050 2253 de
1073 2225 1178 2253 facibus
1190 2245 1198 2258 ,
1228 2225 1327 2259 quibus
1345 2225 1371 2252 in
1388 2226 1457 2253 bello
1478 2226 1586 2261 signum
1604 2233 1635 2252 ex
1658 2227 1813 2260 composito

165 2270 291 2297 oratione
308 2277 371 2297 vero
385 2271 472 2297 soluta
499 2269 631 2297 Seleucus
655 2269 808 2303 Tarsensis,
828 2269 962 2297 Leonides

164 2316 333 2351 Byzantinus
361 2316 526 2350 Agathocles
541 2317 678 2343 Atracius.

200 2364 309 2397 Cimon,
331 2363 458 2390 Miltiadis
474 2364 555 2397 tilius,
571 2369 637 2396 etc.,
661 2364 729 2391 adde
755 2371 836 2399 supra
855 2363 886 2391 ν.
905 2364 960 2398 Αρ-

164 2415 269 2444 syrtus.

200 2455 334 2487 Cinesias,
350 2460 429 2490 poeta
442 2455 668 2490 dithyrambicus,
681 2455 727 2489 qui
744 2455 779 2482 ob
795 2455 959 2490 impietatem

165 2505 193 2528 et
206 2501 368 2536 injustitiam
386 2501 458 2529 male
473 2500 614 2529 audiebat.

200 2547 329 2583 Cinyras,
353 2548 425 2575 filius
439 2547 575 2581 Thiantis,
600 2547 671 2582 regis
685 2546 776 2582 Cypri,
796 2546 871 2573 valde
885 2546 959 2573 divcs

165 2598 192 2620 et
206 2594 274 2622 artis
290 2594 401 2622 musicae
421 2593 529 2629 egregie
547 2594 659 2628 peritus.

200 2640 401 2673 Κειτούκειτος,
430 2639 575 2674 Ulpianus,
599 2647 670 2667 unus
687 2639 957 2674 dipnosophistarum

166 2688 247 2722 (apud
266 2686 448 2720 Athenaeum),
463 2686 498 2713 ita
511 2686 610 2719 dictus,
627 2686 691 2720 quia
704 2685 736 2712 de
752 2685 867 2720 singulis
886 2684 959 2711 voci-

165 2734 217 2760 bus
233 2733 336 2761 solebat
357 2732 526 2766 interrogare
548 2732 636 2758 κεῖται
654 2730 670 2765 ἦ
687 2731 717 2757 οὗ
734 2731 840 2763 κεῖται,
861 2734 957 2762 exstat,

165 2787 252 2805 annon
269 2783 365 2809 exstat,
383 2778 420 2813 (in
438 2777 557 2812 probatis
572 2776 786 2811 scriptoribus?)

200 2824 378 2856 Claudianus,
398 2824 610 2855 Alexandrinus,
629 2828 708 2857 poeta
721 2822 848 2850 heroicus
863 2830 956 2850 recen-

166 2869 229 2903 tior,
244 2869 290 2904 qui
305 2870 413 2897 Arcadii
426 2874 451 2896 et
470 2869 579 2897 IIonorii
597 2869 678 2904 imPP-
699 2869 866 2903 temporibus
880 2869 956 2896 vixit.

1013 2270 1103 2298 datur.
1130 2271 1233 2298 llorum
1258 2278 1328 2305 opus
1352 2270 1493 2306 Polybius,
1522 2271 1724 2306 Megalopolim,
1749 2279 1814 2298 (or-

1013 2317 1094 2350 resit,
1116 2321 1144 2343 ut
1161 2317 1258 2351 ipsein
1275 2317 1389 2344 historia
1410 2326 1460 2345 sua
1488 2318 1580 2344 refert.
1603 2317 1689 2352 leoni.
1715 2316 1811 2352 Polyb.

1011 2362 1046 2395 X,
1068 2371 1092 2390 c.
1118 2363 1163 2395 59,
1182 2368 1209 2390 ct
1232 2363 1393 2398 Wernsdorf
1415 2364 1447 2390 ad
1473 2363 1583 2390 IIimerii
1611 2368 1683 2392 orat.
1699 2363 1733 2390 de
1753 2364 1814 2391 Iau-

1011 2409 1094 2436 dibus
1117 2409 1192 2437 urbis
1220 2409 1301 2436 CPoI.
1322 2414 1349 2437 et
1370 2409 1470 2437 .Iuliani
1498 2411 1568 2445 Aug.
1593 2419 1608 2438 a
1633 2419 1678 2438 me
1699 2411 1810 2442 editam,

1011 2453 1134 2489 Erlanga:
1147 2454 1225 2487 I785,
1249 2455 1314 2487 ill-8,
1332 2463 1357 2489 p.
1372 2455 1416 2488 60,
1433 2464 1505 2490 sqq.,
1519 2464 1660 2490 nuperque
1672 2456 1706 2483 de
1721 2456 1773 2483 hac
1784 2464 1812 2484 re

1011 2499 1179 2534 disputatum
1209 2505 1250 2528 est
1267 2509 1282 2528 a
1298 2501 1409 2528 Brerlow
1424 2502 1451 2528 in
1472 2501 1612 2537 IIenuinqii
1640 2502 1701 2529 libr.
1732 2510 1811 2529 men-

1010 2549 1105 2571 struo:
1123 2544 1219 2571 Genius
1235 2545 1282 2571 der
1308 2546 1375 2572 Zeit.
1397 2545 1432 2572 M.
1447 2545 1512 2573 Jun.
1531 2547 1609 2578 1797,
1628 2554 1655 2581 p.
1674 2546 1725 2573 I62
1749 2555 1810 2585 sqq.

1011 2590 1045 2618 de
1063 2590 1243 2625 Tclegraphia
1259 2591 1380 2619 Grmcor.
1395 2597 1421 2619 et
1438 2592 1601 2629 Romanun]

1046 2637 1142 2663 Καινὴν
1181 2639 1372 2671 γραμματεῖον
1400 2639 1447 2664 καὶ
1481 2638 1670 2673 ληξιαρχικόν.
1706 2637 1810 2664 Tabuia

1010 2683 1163 2710 communis
1176 2683 1317 2710 dicebatur
1329 2691 1371 2716 ea,
1384 2685 1477 2719 imqua
1492 2685 1684 2712 scribebantur
1698 2684 1809 2711 nomina

1011 2729 1130 2760 illorum,
1155 2729 1202 2763 qui
1230 2729 1256 2755 in
1280 2729 1425 2757 curialiutn
1441 2735 1467 2757 et
1483 2730 1650 2757 familiarum
1676 2730 1808 2757 nobilium

1012 2781 1155 2802 numerum
1182 2773 1377 2802 referebantur.
1402 2775 1578 2803 Lexiarchica
1603 2784 1680 2808 vero,
1705 2776 1748 2803 cui
1769 2775 1809 2802 in:

1011 2820 1202 2849 scribebantur
1217 2820 1266 2852 illi,
1281 2821 1326 2856 qui
1341 2823 1410 2849 inter
1427 2822 1546 2857 plebeios
1557 2822 1758 2850 referebantur.

1045 2866 1188 2900 Cuiuthas,
1218 2866 1385 2903 Lyrnpolita,
1415 2869 1574 2903 Thebanus,
1600 2874 1679 2905 poeta
1701 2869 1805 2904 opicus,
