1921 3072
83 136 144 169 i‘lll

699 137 747 166 DE
767 136 910 172 QUIBUS
930 137 1081 167 SUIDAS.

83 195 245 231 temporibus
279 195 413 223 Anastasii
441 196 507 229 imp.
542 195 657 230 Scripsit
685 195 995 230 ChalydonicaAkvspt
1033 193 1166 228 λιμένων,
1204 193 1331 220 laudante
1366 193 1391 220 id
1417 199 1486 228 opus
1520 190 1646 219 Eustath.
1679 189 1715 218 ad

83 241 154 268 libris
166 239 219 273 Vl;
249 239 378 267 Encomia
394 240 518 267 versibus
551 239 678 272 heroicis,
697 243 721 266 cl
748 239 864 266 Persica.

113 286 212 319 Corax,
241 286 441 321 Syracusanus,
473 286 622 314 rhetorices
648 286 772 312 inventor
800 293 807 311 :
838 286 865 312 in

81 333 150 360 hunc
172 336 198 359 et
221 331 279 365 ejus
304 332 479 366 discipulum,
509 330 623 363 Tisiam,
655 331 756 358 dictutn
793 330 866 358 fuit:

81 378 145 406 Mali
168 378 239 404 corvi
263 377 360 404 malum
381 386 467 406 ovum.
484 377 584 405 Confer
603 377 714 405 Suidam
731 377 758 404 in
773 375 866 404 Κακοῦ

80 423 204 458 κόρακος.

112 468 244 501 Corinna,
271 467 397 504 Thespia.
420 468 513 504 lyrica,
533 476 614 503 quam
635 468 680 495 alii
697 467 866 496 Corinthium

80 514 160 543 fuisse
175 515 313 548 dixerunt,
330 515 439 550 scripsit.
455 523 551 543 nomos
567 515 679 550 lyricos.
697 505 707 515 ’

109 561 240 594 Corinna,
262 561 366 597 junior.
381 561 562 589 Acheloodori
576 566 603 589 et
618 560 765 589 Procratise
791 560 843 587 lilia
856 580 870 598 ,ν

79 603 213 639 Thebana,
232 607 273 634 vel
297 605 454 641 Tanagram,
482 607 614 642 discipula
635 606 769 642 Myrtidis,
799 606 865 641 Myia

79 651 266 684 cognominata
284 670 291 682 ,
319 650 414 686 lyrica,
440 659 500 686 quae
526 651 683 686 quinquies,
706 655 735 679 ut
764 651 864 683 ferunt.

78 695 219 723 Pindarum
252 696 325 723 vicit.
365 696 480 731 Scripsit
504 697 679 733 (carminum)
710 697 793 725 libros
833 696 865 729 ν,

76 742 192 777 itemque
209 743 410 779 epigrammata
425 749 449 771 et
463 744 569 771 cantica
591 744 684 780 lyrica.

110 788 252 820 Corinnus,
278 789 394 822 Iliensis,
426 795 505 825 poeta
529 790 654 818 heroicus
683 789 822 824 (Homero,
838 796 867 819 ttt

79 836 182 870 quidam
210 840 317 870 putant,
334 836 496 872 antiquior),
535 837 581 871 qui
615 837 721 871 primtts
752 836 866 863 Iliadem

79 882 191 917 scripsit,
214 882 332 917 durapte
358 883 447 910 adhuc
466 883 535 910 bello
561 883 691 917 Trojano.
713 883 867 910 Palamedis
883 887 904 915 Β
953 897 1059 929 Criton,

79 929 234 964 disripulus,
259 929 366 957 Doricis
410 929 508 957 litteris
534 938 549 957 a
575 930 719 957 Palamede
750 930 867 957 inventis

79 976 152 1010 (opus
167 977 258 1010 suum)
277 976 409 1003 exaravit.
429 976 545 1010 Scripsit
571 976 652 1004 etiatn
682 977 782 1004 bellant
799 976 867 1004 Dar-

79 1022 136 1050 dani
164 1023 297 1051 adversus
324 1023 515 1058 Paphlagonas
535 1032 542 1050 z
565 1027 594 1050 ut
618 1021 752 1051 Homerus
780 1027 866 1050 totum

78 1069 201 1103 poematis
219 1069 260 1097 sui
279 1074 470 1103 argumentum
487 1070 521 1097 ab
535 1077 568 1097 eo
586 1071 743 1105 sumpserit.

110 1114 260 1147 Cornelius,
281 1115 436 1151 episcopus,
465 1116 510 1151 qui
527 1123 542 1142 a
555 1115 653 1143 Novati
674 1117 866 1145 communione

79 1161 194 1188 recessit.

109 1217 242 1245 Cornttttts
272 1218 340 1253 (58).
363 1218 420 1246 Duo
447 1219 563 1247 Romani
593 1220 714 1247 historici
744 1219 863 1253 fuerunt,

80 1261 150 1290 'litus
177 1262 282 1296 Livius,
309 1264 387 1298 cujus
403 1264 509 1291 celebre
523 1269 550 1292 et
565 1265 668 1292 illustre
682 1270 724 1290 est
741 1272 838 1291 nomen
856 1273 862 1291 :

79 1314 102 1336 et
122 1310 266 1337 Cornutus.
295 1311 447 1338 Cornutum
465 1310 576 1338 divitem
603 1311 680 1337 multi
704 1311 865 1339 audiverunt

79 1357 264 1383 assentationis
295 1363 377 1384 causa
392 1361 418 1384 et
440 1361 549 1391 propter
575 1357 739 1385 ltzereditatis
763 1365 837 1392 spem
857 1367 862 1384 :

79 1400 174 1428 Livium
202 1402 294 1436 pauci,
322 1403 368 1430 sed
396 1403 529 1437 prveclari.
557 1403 664 1430 Livium
690 1412 786 1432 omnes
806 1405 862 1439 jam

80 1453 181 1479 norunt,
201 1448 356 1476 Cornutum
375 1457 456 1476 nemo
475 1449 542 1477 fere.

110 1493 251 1526 Cornutus,
269 1502 302 1521 ex
317 1493 405 1528 Lepti,
429 1495 528 1523 Africae
549 1496 658 1530 oppido,
682 1496 863 1531 philosophus

79 1539 164 1568 Romae
181 1541 247 1568 vixit
264 1542 434 1576 temporibus
459 1541 574 1570 Neronis
593 1547 620 1569 ct
633 1548 696 1569 ante
712 1551 774 1570 etttn
793 1551 799 1569 :
821 1543 863 1570 itt-

80 1586 198 1615 teriectus
226 1595 290 1615 eum
320 1587 456 1615 Musonio.
488 1588 603 1622 Scripsit
633 1589 720 1616 multa
748 1585 901 1624 philoso-C

80 1632 150 1666 phica
163 1638 188 1660 et
200 1634 332 1661 oratoria.
348 1633 377 1661 V.
396 1634 507 1661 Kusteri
524 1639 582 1661 not.

110 1688 254 1717 Cat/turnus
295 1689 443 1716 vocabatur
475 1689 659 1718 Theramenes
692 1690 867 1718 Atheniensis

80 1739 173 1768 orator,
190 1736 310 1766 Prodici,
329 1735 395 1767 Ceii,
412 1735 572 1769 discipulus.
599 1736 704 1762 Dicitur
728 1741 818 1763 autem
833 1737 867 1763 de

80 1780 181 1808 homine
193 1781 315 1808 versatili
331 1787 357 1809 et
371 1781 433 1808 levi.
455 1780 504 1807 llic
519 1781 590 1807 enim
604 1785 632 1809 et
647 1780 720 1808 XXX
744 1782 867 1817 tyrannis

79 1830 102 1853 ct
115 1827 210 1861 populo
225 1826 347 1854 favebat.
370 1826 441 1853 Infra
458 1827 484 1853 in
499 1826 602 1859 Δεξιός.

109 1882 208 1915 Crates,
228 1882 404 1910 Atheniensis
425 1882 535 1918 (veteris
554 1882 717 1918 comoediae),
732 1883 865 1917 comicus,

79 1928 183 1966 Epilyci,
198 1934 285 1964 poeta:
301 1930 381 1965 epici,
403 1930 496 1957 frater.
512 1929 660 1957 Comoedia:
684 1929 790 1964 ipsius:
806 1930 865 1956 Γει-

79 1982 155 2008 τονες,
185 1976 307 2012 ’Ἡρωες,
335 1977 433 2011 Θηρία,
462 1977 564 2011 Ampio,
595 1975 726 2011 Πεδῆται,
755 1976 864 2011 Σάμιοι.

80 2017 184 2054 Scripsit
195 2025 221 2047 et
235 2020 360 2047 oratione
381 2021 470 2048 soluta
491 2020 632 2048 nonnulla.

109 2074 207 2109 Crates,
224 2077 412 2110 Atheniensis,
424 2077 546 2105 comicus
565 2077 643 2110 alter,
660 2077 741 2105 ctiam
758 2078 816 2113 ipse
830 2085 863 2106 ex

78 2121 152 2148 veteri
171 2121 315 2152 comoedia,
336 2122 415 2157 cujus
431 2127 486 2150 tres
502 2122 733 2150 circumferuntur
747 2122 862 2151 fabulae.

82 2165 225 2202 Θησαυρὸς,
242 2168 380 2203 Ὀρνιοες,
397 2168 578 2204 Φιλάργυρος.

108 2212 207 2246 Crates,
222 2215 358 2242 Ascondae
372 2213 581 2246 F.,Thebanus.
600 2214 777 2250 philosophus
789 2215 864 2251 cyni-

79 2264 130 2290 cus,
156 2259 305 2295 discipulus
332 2260 459 2294 Diogenis
474 2265 500 2288 et
517 2260 656 2296 Brysonis,
683 2261 786 2289 Achaei.
807 2261 862 2288 Nu-
880 2255 900 2282 D

79 2304 141 2337 ptias
162 2313 225 2333 suas
237 2313 299 2333 cum
316 2305 478 2341 Hipparchia
497 2307 657 2334 Maronitide
681 2308 861 2342 κυνογαμίαν,

79 2357 166 2376 canum
195 2353 393 2378 matrimonium
422 2354 578 2388 appellavit,
605 2361 636 2381 ex
666 2362 720 2389 quo
745 2358 864 2389 suscepzt

80 2395 212 2425 Pasiclem.
243 2397 319 2426 Vixit
338 2398 497 2434 Olympiade
531 2400 620 2428 CXIII.
647 2400 864 2436 Cognominattts

79 2442 303 2480 Θυρεπανοίκτης,
321 2446 393 2480 qttod
411 2446 438 2473 in
455 2446 576 2481 cujusvis
599 2447 709 2474 dontum
736 2448 865 2475 audacter

80 2488 265 2523 ingrederetur.
289 2491 405 2527 Scripsit
423 2493 620 2528 philosophica,
639 2498 692 2521 etc.

110 2535 208 2570 Crates,
219 2536 382 2566 Timocratis
394 2538 437 2572 F.,
452 2538 587 2571 Mallotcs,
602 2540 781 2574 philosophus
795 2540 866 2568 Stoi-

81 2587 140 2612 cus,
167 2584 374 2618 cognominatus
402 2585 562 2613 Homericus
584 2590 611 2612 ct
628 2587 740 2614 criticus
755 2587 790 2614 ob
804 2592 864 2614 stu-

81 2624 147 2652 dium
162 2627 198 2654 rei
215 2630 398 2663 grammatica:
421 2635 448 2657 et
469 2631 581 2665 poeticae
597 2639 603 2656 :
617 2632 728 2666 aequalis
746 2632 863 2660 Aristar-

83 2670 131 2702 chi,
147 2674 325 2708 grammatici,
349 2674 468 2710 tempore
491 2676 631 2703 Ptolemmi
662 2677 863 2706 Philometotis.

83 2714 187 2752 Scripsit
205 2723 389 2748 correctionem
418 2721 514 2748 Iliadis
529 2728 553 2749 et
570 2723 695 2757 Odyssea:
709 2723 784 2750 libris
801 2723 862 2757 IV;

117 2820 167 2855 (58)
185 2821 277 2862 liliror,
290 2825 332 2862 ait
356 2825 454 2862 linstcr
480 2831 538 2862 not.
569 2832 634 2853 tom.
664 2826 694 2858 II,
717 2835 776 2862 pag.
804 2828 868 2861 550,

85 2860 149 2889 tum,
163 2859 207 2892 qui
231 2859 338 2894 quidctn
357 2861 436 2888 hodie
453 2861 541 2889 adhuc
556 2867 671 2890 esstant.
689 2859 774 2889 leni.

921 240 1017 276 Odyss.
1035 239 1056 272 ι,
1071 247 1130 274 pag.
1150 240 1228 272 1615,
1246 240 1302 274 39),
1316 243 1343 266 et
1357 239 1420 266 alia.

955 286 1093 318 Cratinus,
1106 285 1261 313 Callimedis
1277 284 1322 316 F.,
1336 283 1523 316 Atheniensis,
1535 283 1656 310 comicus
1669 289 1715 309 an-

920 332 1002 367 tiqua:
1026 331 1185 363 commdiae,
1212 331 1338 366 λαμπρὸς
1354 330 1401 357 τὸν
1420 330 1591 365 χαρακτῆρα,
1615 335 1714 363 genere

920 378 1027 406 dicendi
1047 378 1190 413 splendido
1213 385 1291 410 usus,
1301 381 1354 404 etc.
1379 375 1493 411 Scripsit
1516 375 1620 402 fabulas
1632 373 1712 407 XXI;

920 424 985 453 vicit
992 425 1095 452 novies.

954 481 1262 517 Creophylus.Astyclis
1277 480 1323 513 F.,
1336 479 1431 510 Citius,
1445 478 1485 506 vel
1503 477 1620 508 Samius.
1635 482 1714 511 poeta

920 528 1024 563 epicus,
1038 535 1118 561 quem
1129 527 1251 554 nonnulli
1266 526 1374 554 llontcri
1385 532 1514 560 generum
1526 523 1611 550 inisse
1622 523 1713 556 aiunt;

921 574 966 601 alii
980 574 1098 602 amicum
1117 578 1221 601 tantum
1232 594 1238 605 ,
1254 581 1268 601 a
1282 580 1346 607 qtto,
1357 579 1418 599 cum
1434 570 1552 605 hospitio
1561 577 1623 597 eum
1637 576 1716 596 exce-

921 620 1016 654 pisset,
1039 628 1132 654 poema
1147 619 1276 655 Οἰχαλίαν
1298 619 1410 650 ἅλωσιν,
1436 616 1568 645 Oechalia
1585 615 1717 642 excidium

920 666 1064 700 acceperit.
1085 665 1118 693 ν.
1138 665 1249 692 Kttsteri
1262 669 1318 693 not.
1334 664 1367 696 ll,
1383 672 1409 698 p.
1421 663 1484 690 273.

955 711 1064 745 Criton,
1081 712 1268 745 Atheniensis,
1294 710 1486 746 philosophtts,
1501 709 1621 737 Socratis
1636 707 1718 737 disci—

921 757 1001 792 putus
1022 763 1048 784 et
1060 758 1174 790 amicus,
1186 757 1278 784 omnia
1303 757 1352 792 ipsi
1368 755 1481 791 largitus
1495 748 1537 782 est
1551 753 1716 782 necessaria.

922 803 1037 837 Scripsit
1049 802 1168 829 Socratis
1184 803 1374 837 defensionem.

959 849 1063 883 Criton,
1076 850 1121 884 qui
1140 849 1232 877 Getica
1246 849 1367 884 scripsit.

1075 897 1190 929 Naxius,
1207 897 1365 929 historicus,
1383 895 1493 931 scripsit
1513 893 1716 926 Octaeteridem,

921 951 1002 979 quam
1021 942 1125 970 Eudoxi
1143 943 1239 971 dicunt
1254 951 1325 971 esse.

955 987 1060 1020 Criton,
1084 987 1228 1020 Pieriotes,
1245 996 1277 1014 ex
1293 987 1393 1019 Pieria,
1418 985 1581 1014 Macedoniae
1604 982 1714 1017 oppido,

921 1034 1079 1061 historicus.
1101 1033 1218 1068 Scripsit
1243 1033 1391 1060 Pallenica.
1416 1032 1613 1066 Syracusarum
1635 1027 1716 1062 origi-

920 1087 974 1107 nes.
1001 1080 1118 1108 Persica.
1140 1079 1192 1107 Res
1209 1079 1325 1107 Siculas.
1351 1078 1543 1114 Syracusarum
1560 1074 1717 1110 descriptio-

920 1133 988 1153 nent.
1006 1126 1042 1153 Dc
1059 1125 1235 1153 Macedonum
1250 1126 1372 1160 imperia.

955 1182 1069 1216 Ctesias,
1088 1183 1239 1211 Ctesiarchi
1258 1183 1315 1210 sive
1329 1182 1468 1210 Ctesiochi
1491 1183 1572 1214 ﬁlius,
1590 1182 1713 1214 Cnidius,

920 1230 1054 1262 medicus,
1072 1232 1177 1258 curavit
1199 1232 1377 1260 Artaxerxem
1405 1231 1587 1262 Mnemonem,
1602 1235 1628 1257 et
1645 1230 1715 1257 scri-

919 1277 973 1311 psit
992 1277 1112 1309 Persira,
1132 1278 1192 1304 libr.
1210 1278 1304 1306 XXIII.

953 1321 1114 1357 Ctesiphon,
1132 1332 1203 1351 unus
1217 1332 1232 1351 e
1246 1325 1338 1351 decem
1356 1324 1402 1358 qui
1418 1332 1479 1351 eum
1497 1322 1677 1350 Demosthene
1689 1326 1716 1349 ct

918 1366 1049 1395 {Eschinc
1075 1369 1235 1403 legationem
1257 1371 1410 1396 obiverunt.
1438 1370 1524 1401 Alitis,
1549 1368 1595 1403 qui
1623 1368 1717 1395 det-re.

918 1417 974 1439 tum
992 1414 1023 1441 de
1046 1415 1150 1449 (aurea)
1170 1422 1270 1442 corona
1283 1436 1290 1446 ,
1321 1415 1495 1442 Demostheni
1516 1414 1622 1446 danda,
1649 1413 1718 1441 εει-ῖς

917 1461 980 1495 psit,
995 1467 1087 1489 contra
1107 1471 1186 1498 quem
1201 1470 1291 1491 exstat
1299 1463 1437 1491 [Eschinis
1448 1464 1546 1490 oratio.

957 1519 1073 1545 Κύκλια.
1100 1519 1164 1552 Qua:
1190 1520 1271 1547 unitts
1296 1520 1418 1555 ejusdem
1445 1525 1522 1547 erant
1550 1521 1716 1555 argumenti,

917 1567 1003 1598 cvclia
1030 1564 1208 1598 vocabantur,
1228 1572 1257 1593 ut
1277 1567 1394 1600 cantica,
1422 1567 1527 1602 hymni,
1545 1567 1672 1602 prosodia
1688 1570 1717 1594 ct

921 1612 1053 1643 carmina,
1073 1619 1133 1645 qua:
1152 1611 1177 1637 in
1194 1611 1314 1646 virgines
1330 1611 1507 1638 canebantur.

955 1657 1232 1689 κυκλιοδιδάσκαλος.
1245 1658 1400 1693 Cycliorum
1413 1659 1560 1686 chororum
1574 1661 1714 1694 magister.

919 1703 1029 1730 Primus
1055 1702 1152 1736 Lasus,
1179 1703 1397 1737 llertnionensis,
1425 1705 1526 1740 cyolios
1553 1705 1653 1733 choros
1675 1706 1716 1733 in-

922 1748 1022 1777 stituit.

957 1795 1084 1821 Κυκ).ίων
1097 1804 1126 1821 τε
1144 1795 1232 1831 χορῶν
1245 1795 1483 1831 ᾀσματοκάμπτας
1511 1798 1640 1825 vocabant
1658 1807 1716 1825 ml!-

917 1842 982 1869 sicte
1004 1848 1178 1878 comrplores
1191 1851 1223 1870 ac
1238 1844 1374 1871 dillirilcm
1400 1845 1474 1871 illam
1497 1846 1653 1872 modulandi
1673 1854 1716 1873 ra-

919 1887 1032 1919 tionem,
1057 1896 1139 1922 quam
1161 1888 1278 1924 Phrynis
1310 1889 1482 1922 introdttxit,
1512 1895 1648 1918 sectantes
1674 1891 1716 1918 vtl

917 1934 1056 1968 sophistas
1079 1940 1171 1969 poetas
1191 1935 1403 1970 dithyrambicos
1426 1937 1573 1971 cycliorutn
1598 1937 1712 1965 chorum

918 1980 1074 2015 magistros,
1097 1985 1126 2007 ut
1148 1980 1286 2008 Cinesiam
1304 1986 1331 2009 et
1352 1981 1525 2010 Cleontenem
1547 1988 1572 2010 et
1588 1983 1716 2011 Philoxe-

917 2034 992 2052 nutn.
1011 2024 1087 2059 Quod
1106 2032 1196 2053 autem
1215 2027 1314 2062 scripta
1340 2027 1446 2055 illorum
1467 2029 1517 2056 sub
1542 2030 1712 2057 harmoniam

916 2079 970 2099 non
986 2072 1094 2103 cadant,
1116 2072 1174 2098 ideo
1193 2071 1279 2099 flexus
1297 2072 1397 2100 habent
1414 2074 1514 2108 plures,
1530 2082 1600 2109 quos
1616 2076 1713 2102 musici

916 2122 1013 2145 vocant
1041 2118 1166 2151 strophas
1181 2122 1208 2144 et
1230 2117 1415 2152 antistrophas
1437 2123 1464 2145 et
1484 2119 1596 2153 epodas.
1622 2119 1713 2153 Quare

916 2163 998 2190 etiant
1013 2162 1039 2190 in
1058 2163 1197 2198 tragazdiis
1214 2163 1289 2191 chori
1308 2169 1372 2191 sunt
1386 2164 1515 2191 instituti.

953 2220 1099 2254 κυνήγιον,
1119 2219 1196 2247 locus
1220 2219 1321 2255 (CPoli)
1340 2219 1384 2247 ubi
1402 2224 1498 2247 statu-.e
1528 2221 1648 2254 quzetlztm
1665 2228 1714 2255 po-

916 2266 986 2296 sitae.
1014 2273 1128 2300 quarum
1151 2273 1243 2298 unam,
1269 2266 1380 2293 tninitnc
1411 2266 1529 2301 longam,
1561 2267 1606 2293 sed
1635 2268 1713 2294 valtfe

913 2311 994 2338 latam
1005 2317 1031 2339 et
1042 2319 1174 2345 crassam,
1190 2312 1344 2344 Theodoro,
1371 2318 1531 2346 anagnoste,
1546 2313 1711 2346 admirante,

915 2357 1053 2385 llitnerius
1070 2357 1254 2384 chartularius
1278 2358 1393 2392 rogavit,
1415 2359 1542 2392 quisnam
1563 2358 1710 2394 Cynesiutn

912 2403 1100 2430 Conditlissct?
1117 2408 1173 2430 tum
1189 2403 1232 2429 ille
1246 2410 1252 2428 :
1267 2402 1433 2430 Maximinus
1459 2403 1591 2435 condidit,
1611 2403 1709 2431 Aristi-

913 2449 961 2476 des
986 2456 1050 2476 vero
1074 2449 1214 2476 dimensus
1229 2453 1280 2476 est.
1304 2448 1364 2482 Quo
1387 2449 1470 2482 dicto,
1499 2454 1598 2483 statua,
1612 2451 1712 2478 exalto

914 2493 1043 2528 delapsa,
1074 2493 1223 2521 Hitnerintn
1253 2494 1397 2528 oppressit.
1433 2493 1552 2522 Joannes
1582 2495 1711 2530 quidam,

915 2539 1103 2574 philosophus.
1122 2547 1151 2567 se
1175 2540 1304 2574 scriptttm
1318 2560 1325 2572 ,
1351 2540 1487 2567 invenisse
1511 2540 1589 2572 dixit,
1612 2540 1668 2568 fore
1681 2545 1711 2568 ut

915 2587 950 2613 ab
964 2586 1008 2613 illa
1024 2590 1112 2613 statua
1139 2586 1230 2613 clarus
1244 2587 1285 2612 vir
1303 2587 1512 2621 opprimeretur.
1538 2586 1632 2622 Itaque
1645 2588 1709 2615 Plii—

914 2633 1029 2667 lippicus
1044 2633 1191 2667 imperator
1203 2641 1262 2659 eam
1277 2638 1349 2660 terra
1366 2634 1443 2661 obrui
1458 2634 1549 2669 jussit.

950 2679 1108 2714 Cynismns,
1131 2684 1203 2706 secta
1218 2679 1456 2714 philosophorum,
1474 2681 1705 2716 compendiariam

914 2725 947 2752 ad
965 2726 1092 2753 virtutem
1117 2725 1188 2753 viam
1205 2734 1234 2754 se
1250 2727 1355 2755 tradere
1368 2732 1395 2754 et
1409 2727 1558 2754 secundum
1581 2728 1706 2755 virtutem

898 2828 968 2856 unde
984 2828 1040 2856 haec
1056 2827 1164 2857 Suidas.
1186 2829 1264 2857 Certe
1295 2837 1325 2857 ex
1342 2829 1428 2862 nullo,
1454 2835 1483 2857 ut
1497 2835 1571 2865 puto,
1588 2831 1704 2866 scriptoc

1642 131 1714 165 1212
1763 160 1767 163 .
