  <div class='ocr_page' id='page_1' title='image "/cluster/home/n/w/nwhite01/storage/ocr_20150623/117/njp.32101010943940/780.png"; bbox 0 0 1921 3072; ppageno 0'>
   <div class='ocr_carea' id='block_1_1' title="bbox 83 117 151 148">
    <p class='ocr_par' dir='ltr' id='par_1_1' title="bbox 83 117 151 148">
     <span class='ocr_line' id='line_1_1' title="bbox 83 117 151 148; baseline 0 0"><span class='ocrx_word' id='word_1_1' title='bbox 83 117 151 148; x_wconf 64' lang='grc'><strong>1249</strong></span> 
     </span>
    </p>
   </div>
   <div class='ocr_carea' id='block_1_2' title="bbox 711 117 1094 153">
    <p class='ocr_par' dir='ltr' id='par_1_2' title="bbox 711 117 1094 153">
     <span class='ocr_line' id='line_1_2' title="bbox 711 117 1094 153; baseline 0.008 -6"><span class='ocrx_word' id='word_1_2' title='bbox 711 117 760 147; x_wconf 85' lang='lat' dir='ltr'><strong>DE</strong></span> <span class='ocrx_word' id='word_1_3' title='bbox 781 117 926 153; x_wconf 80' lang='lat' dir='ltr'><strong>QUIBUS</strong></span> <span class='ocrx_word' id='word_1_4' title='bbox 943 118 1004 148; x_wconf 83' lang='lat' dir='ltr'><strong>SUl</strong></span> <span class='ocrx_word' id='word_1_5' title='bbox 1012 118 1094 150; x_wconf 83' lang='lat' dir='ltr'><strong>DAS.</strong></span> 
     </span>
    </p>
   </div>
   <div class='ocr_carea' id='block_1_3' title="bbox 1651 116 1723 149">
    <p class='ocr_par' dir='ltr' id='par_1_3' title="bbox 1651 116 1723 149">
     <span class='ocr_line' id='line_1_3' title="bbox 1651 116 1723 149; baseline -0.028 0"><span class='ocrx_word' id='word_1_6' title='bbox 1651 116 1723 149; x_wconf 73' lang='lat'><strong>1250</strong></span> 
     </span>
    </p>
   </div>
   <div class='ocr_carea' id='block_1_4' title="bbox 118 171 1722 209">
    <p class='ocr_par' dir='ltr' id='par_1_4' title="bbox 118 171 1722 209">
     <span class='ocr_line' id='line_1_4' title="bbox 118 171 1722 209; baseline -0.002 -8"><span class='ocrx_word' id='word_1_7' title='bbox 118 175 284 206; x_wconf 65' lang='lat' dir='ltr'><strong>Dinarchus,</strong></span> <span class='ocrx_word' id='word_1_8' title='bbox 311 172 483 206; x_wconf 73' lang='lat' dir='ltr'><strong>Corinthius,</strong></span> <span class='ocrx_word' id='word_1_9' title='bbox 503 180 574 200; x_wconf 88' lang='lat' dir='ltr'><strong>unus</strong></span> <span class='ocrx_word' id='word_1_10' title='bbox 596 179 628 199; x_wconf 80' lang='lat' dir='ltr'><strong>ex</strong></span> <span class='ocrx_word' id='word_1_11' title='bbox 655 171 678 198; x_wconf 89' lang='lat' dir='ltr'><strong>x</strong></span> <span class='ocrx_word' id='word_1_12' title='bbox 708 173 876 204; x_wconf 84' lang='lat' dir='ltr'><strong>oratoribus,</strong></span> <span class='ocrx_word' id='word_1_13' title='bbox 894 179 914 204; x_wconf 80' lang='grc' dir='ltr'><strong>Α</strong></span> <span class='ocrx_word' id='word_1_14' title='bbox 969 173 1114 203; x_wconf 82' lang='lat' dir='ltr'><strong>Diodorus,</strong></span> <span class='ocrx_word' id='word_1_15' title='bbox 1143 171 1273 205; x_wconf 62' lang='lat' dir='ltr'><strong>.omicus,</strong></span> <span class='ocrx_word' id='word_1_16' title='bbox 1297 171 1377 206; x_wconf 75' lang='lat' dir='ltr'><strong>cuius</strong></span> <span class='ocrx_word' id='word_1_17' title='bbox 1401 171 1526 199; x_wconf 88' lang='lat' dir='ltr'><strong>dramata</strong></span> <span class='ocrx_word' id='word_1_18' title='bbox 1544 180 1550 198; x_wconf 87' lang='lat'>:</span> <span class='ocrx_word' id='word_1_19' title='bbox 1568 172 1722 209; x_wconf 51' lang='lat' dir='ltr'><strong>AaM-.914,</strong></span> 
     </span>
    </p>
   </div>
   <div class='ocr_carea' id='block_1_5' title="bbox 80 217 875 255">
    <p class='ocr_par' dir='ltr' id='par_1_5' title="bbox 80 217 875 255">
     <span class='ocr_line' id='line_1_5' title="bbox 80 217 875 255; baseline -0.005 -7"><span class='ocrx_word' id='word_1_20' title='bbox 80 221 194 255; x_wconf 86' lang='lat' dir='ltr'><strong>scripsit</strong></span> <span class='ocrx_word' id='word_1_21' title='bbox 222 220 371 248; x_wconf 84' lang='lat' dir='ltr'><strong>secundum</strong></span> <span class='ocrx_word' id='word_1_22' title='bbox 401 219 533 254; x_wconf 89' lang='lat' dir='ltr'><strong>quosdam</strong></span> <span class='ocrx_word' id='word_1_23' title='bbox 563 219 702 246; x_wconf 88' lang='lat' dir='ltr'><strong>orationes</strong></span> <span class='ocrx_word' id='word_1_24' title='bbox 717 217 796 250; x_wconf 79' lang='lat' dir='ltr'><strong>CLX,</strong></span> <span class='ocrx_word' id='word_1_25' title='bbox 824 219 875 251; x_wconf 80' lang='lat' dir='ltr'><strong>vel,</strong></span> 
     </span>
    </p>
   </div>
   <div class='ocr_carea' id='block_1_6' title="bbox 79 265 877 301">
    <p class='ocr_par' dir='ltr' id='par_1_6' title="bbox 79 265 877 301">
     <span class='ocr_line' id='line_1_6' title="bbox 79 265 877 301; baseline -0.003 -8"><span class='ocrx_word' id='word_1_26' title='bbox 79 266 152 301; x_wconf 84' lang='lat' dir='ltr'><strong>quod</strong></span> <span class='ocrx_word' id='word_1_27' title='bbox 170 266 264 293; x_wconf 87' lang='lat' dir='ltr'><strong>verius</strong></span> <span class='ocrx_word' id='word_1_28' title='bbox 277 266 395 298; x_wconf 81' lang='lat' dir='ltr'><strong>videtur,</strong></span> <span class='ocrx_word' id='word_1_29' title='bbox 410 265 468 298; x_wconf 84' lang='lat' dir='ltr'><strong>LX,</strong></span> <span class='ocrx_word' id='word_1_30' title='bbox 486 273 582 292; x_wconf 90' lang='lat' dir='ltr'><strong>omnes</strong></span> <span class='ocrx_word' id='word_1_31' title='bbox 598 265 733 296; x_wconf 79' lang='lat' dir='ltr'><strong>forenses,</strong></span> <span class='ocrx_word' id='word_1_32' title='bbox 755 265 877 299; x_wconf 81' lang='lat' dir='ltr'><strong>publicas</strong></span> 
     </span>
    </p>
   </div>
   <div class='ocr_carea' id='block_1_7' title="bbox 79 310 873 346">
    <p class='ocr_par' dir='ltr' id='par_1_7' title="bbox 79 310 873 346">
     <span class='ocr_line' id='line_1_7' title="bbox 79 310 873 346; baseline -0.004 -7"><span class='ocrx_word' id='word_1_33' title='bbox 79 312 158 342; x_wconf 84' lang='lat' dir='ltr'><strong>alias,</strong></span> <span class='ocrx_word' id='word_1_34' title='bbox 173 311 243 339; x_wconf 87' lang='lat' dir='ltr'><strong>alias</strong></span> <span class='ocrx_word' id='word_1_35' title='bbox 255 311 386 346; x_wconf 89' lang='lat' dir='ltr'><strong>privatas.</strong></span> <span class='ocrx_word' id='word_1_36' title='bbox 403 310 477 338; x_wconf 80' lang='lat' dir='ltr'><strong>Obiit</strong></span> <span class='ocrx_word' id='word_1_37' title='bbox 490 311 668 345; x_wconf 83' lang='lat' dir='ltr'><strong>Peloponnesi</strong></span> <span class='ocrx_word' id='word_1_38' title='bbox 682 311 826 345; x_wconf 67' lang='lat' dir='ltr'><strong>praefectus</strong></span> <span class='ocrx_word' id='word_1_39' title='bbox 839 311 873 337; x_wconf 90' lang='lat' dir='ltr'><strong>ab</strong></span> 
     </span>
    </p>
   </div>
   <div class='ocr_carea' id='block_1_8' title="bbox 79 356 876 392">
    <p class='ocr_par' dir='ltr' id='par_1_8' title="bbox 79 356 876 392">
     <span class='ocr_line' id='line_1_8' title="bbox 79 356 876 392; baseline -0.001 -8"><span class='ocrx_word' id='word_1_40' title='bbox 79 358 227 392; x_wconf 74' lang='lat' dir='ltr'><strong>Antipatro</strong></span> <span class='ocrx_word' id='word_1_41' title='bbox 241 357 417 390; x_wconf 88' lang='lat' dir='ltr'><strong>constitutus,</strong></span> <span class='ocrx_word' id='word_1_42' title='bbox 442 356 673 392; x_wconf 86' lang='lat' dir='ltr'><strong>Polysperchonte</strong></span> <span class='ocrx_word' id='word_1_43' title='bbox 703 360 764 391; x_wconf 88' lang='lat' dir='ltr'><strong>post</strong></span> <span class='ocrx_word' id='word_1_44' title='bbox 794 356 876 383; x_wconf 82' lang='lat' dir='ltr'><strong>Anti-</strong></span> 
     </span>
    </p>
   </div>
   <div class='ocr_carea' id='block_1_9' title="bbox 79 402 592 438">
    <p class='ocr_par' dir='ltr' id='par_1_9' title="bbox 79 402 592 438">
     <span class='ocr_line' id='line_1_9' title="bbox 79 402 592 438; baseline 0 -8"><span class='ocrx_word' id='word_1_45' title='bbox 79 404 151 438; x_wconf 87' lang='lat' dir='ltr'><strong>patri</strong></span> <span class='ocrx_word' id='word_1_46' title='bbox 164 404 271 430; x_wconf 86' lang='lat' dir='ltr'><strong>obitum</strong></span> <span class='ocrx_word' id='word_1_47' title='bbox 286 404 310 430; x_wconf 85' lang='lat' dir='ltr'><strong>ei</strong></span> <span class='ocrx_word' id='word_1_48' title='bbox 327 407 450 430; x_wconf 89' lang='lat' dir='ltr'><strong>struente</strong></span> <span class='ocrx_word' id='word_1_49' title='bbox 465 402 592 430; x_wconf 83' lang='lat' dir='ltr'><strong>insidias.</strong></span> 
     </span>
    </p>
   </div>
   <div class='ocr_carea' id='block_1_10' title="bbox 115 448 877 484">
    <p class='ocr_par' dir='ltr' id='par_1_10' title="bbox 115 448 877 484">
     <span class='ocr_line' id='line_1_10' title="bbox 115 448 877 484; baseline -0.001 -8"><span class='ocrx_word' id='word_1_50' title='bbox 115 449 297 480; x_wconf 84' lang='lat' dir='ltr'><strong>Dinoloeltus,</strong></span> <span class='ocrx_word' id='word_1_51' title='bbox 314 448 506 484; x_wconf 77' lang='lat' dir='ltr'><strong>Syracusanus</strong></span> <span class='ocrx_word' id='word_1_52' title='bbox 525 449 583 476; x_wconf 85' lang='lat' dir='ltr'><strong>sive</strong></span> <span class='ocrx_word' id='word_1_53' title='bbox 599 448 792 483; x_wconf 78' lang='lat' dir='ltr'><strong>Agrigentinus</strong></span> <span class='ocrx_word' id='word_1_54' title='bbox 803 468 810 480; x_wconf 94' lang='lat'><strong>,</strong></span> <span class='ocrx_word' id='word_1_55' title='bbox 829 455 877 475; x_wconf 90' lang='lat' dir='ltr'><strong>co-</strong></span> 
     </span>
    </p>
   </div>
   <div class='ocr_carea' id='block_1_11' title="bbox 80 495 876 530">
    <p class='ocr_par' dir='ltr' id='par_1_11' title="bbox 80 495 876 530">
     <span class='ocr_line' id='line_1_11' title="bbox 80 495 876 530; baseline -0.003 -6"><span class='ocrx_word' id='word_1_56' title='bbox 80 497 182 529; x_wconf 84' lang='lat' dir='ltr'><strong>micus,</strong></span> <span class='ocrx_word' id='word_1_57' title='bbox 198 495 267 522; x_wconf 76' lang='lat' dir='ltr'><strong>vixit</strong></span> <span class='ocrx_word' id='word_1_58' title='bbox 287 495 444 530; x_wconf 87' lang='lat' dir='ltr'><strong>olympiade</strong></span> <span class='ocrx_word' id='word_1_59' title='bbox 470 495 587 522; x_wconf 78' lang='lat' dir='ltr'><strong>LXXIII.</strong></span> <span class='ocrx_word' id='word_1_60' title='bbox 610 495 766 530; x_wconf 77' lang='lat' dir='ltr'><strong>Epicharmi</strong></span> <span class='ocrx_word' id='word_1_61' title='bbox 794 495 876 528; x_wconf 80' lang='lat' dir='ltr'><strong>ﬁlius,</strong></span> 
     </span>
    </p>
   </div>
   <div class='ocr_carea' id='block_1_12' title="bbox 81 540 877 575">
    <p class='ocr_par' dir='ltr' id='par_1_12' title="bbox 81 540 877 575">
     <span class='ocr_line' id='line_1_12' title="bbox 81 540 877 575; baseline 0 -7"><span class='ocrx_word' id='word_1_62' title='bbox 81 542 132 573; x_wconf 87' lang='lat' dir='ltr'><strong>vel,</strong></span> <span class='ocrx_word' id='word_1_63' title='bbox 151 546 182 567; x_wconf 88' lang='lat' dir='ltr'><strong>ut</strong></span> <span class='ocrx_word' id='word_1_64' title='bbox 198 542 311 573; x_wconf 88' lang='lat' dir='ltr'><strong>quidam</strong></span> <span class='ocrx_word' id='word_1_65' title='bbox 328 541 449 573; x_wconf 86' lang='lat' dir='ltr'><strong>tradunt,</strong></span> <span class='ocrx_word' id='word_1_66' title='bbox 468 541 630 575; x_wconf 81' lang='lat' dir='ltr'><strong>discipulus.</strong></span> <span class='ocrx_word' id='word_1_67' title='bbox 647 541 745 568; x_wconf 84' lang='lat' dir='ltr'><strong>Docuit</strong></span> <span class='ocrx_word' id='word_1_68' title='bbox 770 540 877 568; x_wconf 81' lang='lat' dir='ltr'><strong>fabulas</strong></span> 
     </span>
    </p>
   </div>
   <div class='ocr_carea' id='block_1_13' title="bbox 81 586 546 622">
    <p class='ocr_par' dir='ltr' id='par_1_13' title="bbox 81 586 546 622">
     <span class='ocr_line' id='line_1_13' title="bbox 81 586 546 622; baseline 0.002 -8"><span class='ocrx_word' id='word_1_69' title='bbox 81 586 150 619; x_wconf 82' lang='lat' dir='ltr'><strong>XIV,</strong></span> <span class='ocrx_word' id='word_1_70' title='bbox 171 586 270 614; x_wconf 88' lang='lat' dir='ltr'><strong>Dorica</strong></span> <span class='ocrx_word' id='word_1_71' title='bbox 285 587 400 614; x_wconf 84' lang='lat' dir='ltr'><strong>dialecto</strong></span> <span class='ocrx_word' id='word_1_72' title='bbox 420 588 546 622; x_wconf 83' lang='lat' dir='ltr'><strong>scriptas.</strong></span> 
     </span>
    </p>
   </div>
   <div class='ocr_carea' id='block_1_14' title="bbox 117 632 876 666">
    <p class='ocr_par' dir='ltr' id='par_1_14' title="bbox 117 632 876 666">
     <span class='ocr_line' id='line_1_14' title="bbox 117 632 876 666; baseline 0 -6"><span class='ocrx_word' id='word_1_73' title='bbox 117 633 239 665; x_wconf 80' lang='lat' dir='ltr'><strong>Diocles,</strong></span> <span class='ocrx_word' id='word_1_74' title='bbox 254 633 432 660; x_wconf 78' lang='lat' dir='ltr'><strong>Atheniensis</strong></span> <span class='ocrx_word' id='word_1_75' title='bbox 449 639 496 660; x_wconf 88' lang='lat' dir='ltr'><strong>aut</strong></span> <span class='ocrx_word' id='word_1_76' title='bbox 509 633 657 666; x_wconf 80' lang='lat' dir='ltr'><strong>Phliasius,</strong></span> <span class='ocrx_word' id='word_1_77' title='bbox 671 632 791 661; x_wconf 78' lang='lat' dir='ltr'><strong>comicus</strong></span> <span class='ocrx_word' id='word_1_78' title='bbox 807 634 876 660; x_wconf 86' lang='lat' dir='ltr'><strong>auti-</strong></span> 
     </span>
    </p>
   </div>
   <div class='ocr_carea' id='block_1_15' title="bbox 81 679 875 715">
    <p class='ocr_par' dir='ltr' id='par_1_15' title="bbox 81 679 875 715">
     <span class='ocr_line' id='line_1_15' title="bbox 81 679 875 715; baseline 0 -9"><span class='ocrx_word' id='word_1_79' title='bbox 81 688 161 714; x_wconf 87' lang='lat' dir='ltr'><strong>quus,</strong></span> <span class='ocrx_word' id='word_1_80' title='bbox 175 680 291 715; x_wconf 62' lang='lat' dir='ltr'><strong>aequalis</strong></span> <span class='ocrx_word' id='word_1_81' title='bbox 302 680 480 715; x_wconf 81' lang='lat' dir='ltr'><strong>Sannyrionis</strong></span> <span class='ocrx_word' id='word_1_82' title='bbox 494 684 521 707; x_wconf 88' lang='lat' dir='ltr'><strong>et</strong></span> <span class='ocrx_word' id='word_1_83' title='bbox 536 679 665 715; x_wconf 84' lang='lat' dir='ltr'><strong>Philyllii.</strong></span> <span class='ocrx_word' id='word_1_84' title='bbox 681 679 789 707; x_wconf 66' lang='lat' dir='ltr'><strong>Fabulte</strong></span> <span class='ocrx_word' id='word_1_85' title='bbox 805 681 875 714; x_wconf 74' lang='lat' dir='ltr'><strong>ejus:</strong></span> 
     </span>
    </p>
   </div>
   <div class='ocr_carea' id='block_1_16' title="bbox 80 726 876 762">
    <p class='ocr_par' dir='ltr' id='par_1_16' title="bbox 80 726 876 762">
     <span class='ocr_line' id='line_1_16' title="bbox 80 726 876 762; baseline -0.001 -10"><span class='ocrx_word' id='word_1_86' title='bbox 80 726 208 753; x_wconf 74' lang='grc' dir='ltr'><strong>Θάλαττα</strong></span> <span class='ocrx_word' id='word_1_87' title='bbox 234 726 397 762; x_wconf 81' lang='lat' dir='ltr'><strong>(meretricis</strong></span> <span class='ocrx_word' id='word_1_88' title='bbox 418 726 470 753; x_wconf 90' lang='lat' dir='ltr'><strong>hoc</strong></span> <span class='ocrx_word' id='word_1_89' title='bbox 496 734 613 759; x_wconf 80' lang='lat' dir='ltr'><strong>nomen,</strong></span> <span class='ocrx_word' id='word_1_90' title='bbox 639 731 706 753; x_wconf 87' lang='lat' dir='ltr'><strong>teste</strong></span> <span class='ocrx_word' id='word_1_91' title='bbox 723 726 876 759; x_wconf 71' lang='lat' dir='ltr'><strong>Athena-ii),</strong></span> 
     </span>
    </p>
   </div>
   <div class='ocr_carea' id='block_1_17' title="bbox 81 772 878 808">
    <p class='ocr_par' dir='ltr' id='par_1_17' title="bbox 81 772 878 808">
     <span class='ocr_line' id='line_1_17' title="bbox 81 772 878 808; baseline -0.001 -8"><span class='ocrx_word' id='word_1_92' title='bbox 81 773 228 804; x_wconf 70' lang='grc' dir='ltr'><strong>Μέλιτται,</strong></span> <span class='ocrx_word' id='word_1_93' title='bbox 248 773 379 807; x_wconf 81' lang='grc' dir='ltr'><strong>Ὂνειροι,</strong></span> <span class='ocrx_word' id='word_1_94' title='bbox 394 772 510 808; x_wconf 81' lang='grc' dir='ltr'><strong>Βάκχαι,</strong></span> <span class='ocrx_word' id='word_1_95' title='bbox 526 772 648 807; x_wconf 81' lang='grc' dir='ltr'><strong>Θυέστης</strong></span> <span class='ocrx_word' id='word_1_96' title='bbox 665 772 697 808; x_wconf 80' lang='grc' dir='ltr'><strong>β’.</strong></span> <span class='ocrx_word' id='word_1_97' title='bbox 712 772 789 799; x_wconf 86' lang='lat' dir='ltr'><strong>Hune</strong></span> <span class='ocrx_word' id='word_1_98' title='bbox 801 774 878 799; x_wconf 85' lang='lat' dir='ltr'><strong>aiunt</strong></span> 
     </span>
    </p>
   </div>
   <div class='ocr_carea' id='block_1_18' title="bbox 82 818 878 853">
    <p class='ocr_par' dir='ltr' id='par_1_18' title="bbox 82 818 878 853">
     <span class='ocr_line' id='line_1_18' title="bbox 82 818 878 853; baseline 0.003 -9"><span class='ocrx_word' id='word_1_99' title='bbox 82 818 224 846; x_wconf 80' lang='lat' dir='ltr'><strong>invenisse</strong></span> <span class='ocrx_word' id='word_1_100' title='bbox 242 819 411 846; x_wconf 85' lang='lat' dir='ltr'><strong>harmoniam</strong></span> <span class='ocrx_word' id='word_1_101' title='bbox 429 820 576 853; x_wconf 85' lang='lat' dir='ltr'><strong>quamdam</strong></span> <span class='ocrx_word' id='word_1_102' title='bbox 596 821 742 850; x_wconf 78' lang='lat' dir='ltr'><strong>musicam,</strong></span> <span class='ocrx_word' id='word_1_103' title='bbox 760 827 792 846; x_wconf 86' lang='lat' dir='ltr'><strong>ex</strong></span> <span class='ocrx_word' id='word_1_104' title='bbox 810 827 878 846; x_wconf 83' lang='lat' dir='ltr'><strong>sono</strong></span> 
     </span>
    </p>
   </div>
   <div class='ocr_carea' id='block_1_19' title="bbox 83 863 878 897">
    <p class='ocr_par' dir='ltr' id='par_1_19' title="bbox 83 863 878 897">
     <span class='ocr_line' id='line_1_19' title="bbox 83 863 878 897; baseline 0.003 -8"><span class='ocrx_word' id='word_1_105' title='bbox 83 863 294 891; x_wconf 83' lang='lat' dir='ltr'><strong>acctabulorum</strong></span> <span class='ocrx_word' id='word_1_106' title='bbox 327 868 354 890; x_wconf 90' lang='lat' dir='ltr'><strong>et</strong></span> <span class='ocrx_word' id='word_1_107' title='bbox 374 870 500 891; x_wconf 86' lang='lat' dir='ltr'><strong>vasorum</strong></span> <span class='ocrx_word' id='word_1_108' title='bbox 534 863 658 891; x_wconf 75' lang='lat' dir='ltr'><strong>fictilium</strong></span> <span class='ocrx_word' id='word_1_109' title='bbox 685 868 878 897; x_wconf 81' lang='lat' dir='ltr'><strong>constantem,</strong></span> 
     </span>
    </p>
   </div>
   <div class='ocr_carea' id='block_1_20' title="bbox 83 909 559 945">
    <p class='ocr_par' dir='ltr' id='par_1_20' title="bbox 83 909 559 945">
     <span class='ocr_line' id='line_1_20' title="bbox 83 909 559 945; baseline 0.004 -9"><span class='ocrx_word' id='word_1_110' title='bbox 83 917 142 944; x_wconf 67' lang='lat' dir='ltr'><strong>qua:</strong></span> <span class='ocrx_word' id='word_1_111' title='bbox 161 909 262 936; x_wconf 84' lang='lat' dir='ltr'><strong>bacillo</strong></span> <span class='ocrx_word' id='word_1_112' title='bbox 279 909 368 944; x_wconf 67' lang='lat' dir='ltr'><strong>ligneo</strong></span> <span class='ocrx_word' id='word_1_113' title='bbox 382 910 559 945; x_wconf 84' lang='lat' dir='ltr'><strong>percutiebat.</strong></span> 
     </span>
    </p>
   </div>
   <div class='ocr_carea' id='block_1_21' title="bbox 117 956 878 992">
    <p class='ocr_par' dir='ltr' id='par_1_21' title="bbox 117 956 878 992">
     <span class='ocr_line' id='line_1_21' title="bbox 117 956 878 992; baseline 0.005 -11"><span class='ocrx_word' id='word_1_114' title='bbox 117 956 310 983; x_wconf 65' lang='lat' dir='ltr'><strong>Diocletianus</strong></span> <span class='ocrx_word' id='word_1_115' title='bbox 329 956 413 984; x_wconf 82' lang='lat' dir='ltr'><strong>libros</strong></span> <span class='ocrx_word' id='word_1_116' title='bbox 425 956 462 983; x_wconf 85' lang='lat' dir='ltr'><strong>De</strong></span> <span class='ocrx_word' id='word_1_117' title='bbox 482 957 584 984; x_wconf 81' lang='lat' dir='ltr'><strong>chcmia</strong></span> <span class='ocrx_word' id='word_1_118' title='bbox 606 957 661 992; x_wconf 75' lang='lat' dir='ltr'><strong>igni</strong></span> <span class='ocrx_word' id='word_1_119' title='bbox 684 957 805 991; x_wconf 83' lang='lat' dir='ltr'><strong>tradidit,</strong></span> <span class='ocrx_word' id='word_1_120' title='bbox 824 962 878 985; x_wconf 86' lang='lat' dir='ltr'><strong>etc.</strong></span> 
     </span>
    </p>
   </div>
   <div class='ocr_carea' id='block_1_22' title="bbox 84 1000 364 1036">
    <p class='ocr_par' dir='ltr' id='par_1_22' title="bbox 84 1000 364 1036">
     <span class='ocr_line' id='line_1_22' title="bbox 84 1000 364 1036; baseline 0 -8"><span class='ocrx_word' id='word_1_121' title='bbox 84 1000 181 1036; x_wconf 84' lang='lat' dir='ltr'><strong>Supra,</strong></span> <span class='ocrx_word' id='word_1_122' title='bbox 200 1001 226 1028; x_wconf 91' lang='lat' dir='ltr'><strong>iu</strong></span> <span class='ocrx_word' id='word_1_123' title='bbox 245 1001 364 1028; x_wconf 82' lang='lat' dir='ltr'><strong>Chentia.</strong></span> 
     </span>
    </p>
   </div>
   <div class='ocr_carea' id='block_1_23' title="bbox 119 1047 879 1085">
    <p class='ocr_par' dir='ltr' id='par_1_23' title="bbox 119 1047 879 1085">
     <span class='ocr_line' id='line_1_23' title="bbox 119 1047 879 1085; baseline 0.007 -12"><span class='ocrx_word' id='word_1_124' title='bbox 119 1047 269 1080; x_wconf 89' lang='lat' dir='ltr'><strong>Diodorus,</strong></span> <span class='ocrx_word' id='word_1_125' title='bbox 287 1048 449 1079; x_wconf 87' lang='lat' dir='ltr'><strong>monachus,</strong></span> <span class='ocrx_word' id='word_1_126' title='bbox 465 1047 567 1075; x_wconf 84' lang='lat' dir='ltr'><strong>Juliani</strong></span> <span class='ocrx_word' id='word_1_127' title='bbox 594 1052 621 1075; x_wconf 88' lang='lat' dir='ltr'><strong>et</strong></span> <span class='ocrx_word' id='word_1_128' title='bbox 645 1047 766 1076; x_wconf 84' lang='lat' dir='ltr'><strong>Valentis</strong></span> <span class='ocrx_word' id='word_1_129' title='bbox 796 1051 879 1085; x_wconf 84' lang='lat' dir='ltr'><strong>impp.</strong></span> 
     </span>
    </p>
   </div>
   <div class='ocr_carea' id='block_1_24' title="bbox 86 1095 879 1132">
    <p class='ocr_par' dir='ltr' id='par_1_24' title="bbox 86 1095 879 1132">
     <span class='ocr_line' id='line_1_24' title="bbox 86 1095 879 1132; baseline 0.004 -11"><span class='ocrx_word' id='word_1_130' title='bbox 86 1095 258 1130; x_wconf 77' lang='lat' dir='ltr'><strong>temporibus</strong></span> <span class='ocrx_word' id='word_1_131' title='bbox 277 1095 343 1122; x_wconf 82' lang='lat' dir='ltr'><strong>vixit</strong></span> <span class='ocrx_word' id='word_1_132' title='bbox 356 1101 382 1122; x_wconf 86' lang='lat' dir='ltr'><strong>et</strong></span> <span class='ocrx_word' id='word_1_133' title='bbox 400 1095 478 1123; x_wconf 86' lang='lat' dir='ltr'><strong>Tarsi</strong></span> <span class='ocrx_word' id='word_1_134' title='bbox 498 1097 523 1123; x_wconf 87' lang='lat' dir='ltr'><strong>in</strong></span> <span class='ocrx_word' id='word_1_135' title='bbox 542 1096 636 1124; x_wconf 88' lang='lat' dir='ltr'><strong>Cicilia</strong></span> <span class='ocrx_word' id='word_1_136' title='bbox 658 1097 802 1132; x_wconf 88' lang='lat' dir='ltr'><strong>episcopus</strong></span> <span class='ocrx_word' id='word_1_137' title='bbox 816 1098 879 1125; x_wconf 78' lang='lat' dir='ltr'><strong>fuit.</strong></span> 
     </span>
    </p>
   </div>
   <div class='ocr_carea' id='block_1_25' title="bbox 86 1141 878 1176">
    <p class='ocr_par' dir='ltr' id='par_1_25' title="bbox 86 1141 878 1176">
     <span class='ocr_line' id='line_1_25' title="bbox 86 1141 878 1176; baseline 0.004 -8"><span class='ocrx_word' id='word_1_138' title='bbox 86 1141 199 1176; x_wconf 72' lang='lat' dir='ltr'><strong>Scripsit</strong></span> <span class='ocrx_word' id='word_1_139' title='bbox 211 1143 303 1174; x_wconf 87' lang='lat' dir='ltr'><strong>varia,</strong></span> <span class='ocrx_word' id='word_1_140' title='bbox 323 1147 353 1169; x_wconf 93' lang='lat' dir='ltr'><strong>ut</strong></span> <span class='ocrx_word' id='word_1_141' title='bbox 370 1141 530 1170; x_wconf 86' lang='lat' dir='ltr'><strong>Theodorus</strong></span> <span class='ocrx_word' id='word_1_142' title='bbox 547 1142 642 1170; x_wconf 77' lang='lat' dir='ltr'><strong>Lector</strong></span> <span class='ocrx_word' id='word_1_143' title='bbox 660 1143 686 1170; x_wconf 91' lang='lat' dir='ltr'><strong>in</strong></span> <span class='ocrx_word' id='word_1_144' title='bbox 703 1143 773 1171; x_wconf 84' lang='lat' dir='ltr'><strong>Hist.</strong></span> <span class='ocrx_word' id='word_1_145' title='bbox 790 1146 878 1172; x_wconf 66' lang='lat' dir='ltr'><strong>(cclc-</strong></span> 
     </span>
    </p>
   </div>
   <div class='ocr_carea' id='block_1_26' title="bbox 86 1186 878 1221">
    <p class='ocr_par' dir='ltr' id='par_1_26' title="bbox 86 1186 878 1221">
     <span class='ocr_line' id='line_1_26' title="bbox 86 1186 878 1221; baseline 0.005 -9"><span class='ocrx_word' id='word_1_146' title='bbox 86 1187 192 1213; x_wconf 73' lang='lat' dir='ltr'><strong>siastiea</strong></span> <span class='ocrx_word' id='word_1_147' title='bbox 210 1187 303 1218; x_wconf 84' lang='lat' dir='ltr'><strong>tradit,</strong></span> <span class='ocrx_word' id='word_1_148' title='bbox 317 1186 554 1221; x_wconf 72' lang='lat' dir='ltr'><strong>lnterpretationes</strong></span> <span class='ocrx_word' id='word_1_149' title='bbox 569 1188 595 1213; x_wconf 89' lang='lat' dir='ltr'><strong>in</strong></span> <span class='ocrx_word' id='word_1_150' title='bbox 613 1192 696 1214; x_wconf 87' lang='lat' dir='ltr'><strong>totum</strong></span> <span class='ocrx_word' id='word_1_151' title='bbox 715 1187 791 1214; x_wconf 80' lang='lat' dir='ltr'><strong>Vetus</strong></span> <span class='ocrx_word' id='word_1_152' title='bbox 809 1188 878 1217; x_wconf 75' lang='lat' dir='ltr'><strong>Tcst.</strong></span> 
     </span>
    </p>
   </div>
   <div class='ocr_carea' id='block_1_27' title="bbox 87 1230 880 1268">
    <p class='ocr_par' dir='ltr' id='par_1_27' title="bbox 87 1230 880 1268">
     <span class='ocr_line' id='line_1_27' title="bbox 87 1230 880 1268; baseline 0.003 -10"><span class='ocrx_word' id='word_1_153' title='bbox 87 1230 201 1263; x_wconf 76' lang='lat' dir='ltr'><strong>Ceucsin,</strong></span> <span class='ocrx_word' id='word_1_154' title='bbox 220 1231 344 1258; x_wconf 73' lang='lat' dir='ltr'><strong>Erotium</strong></span> <span class='ocrx_word' id='word_1_155' title='bbox 360 1237 383 1258; x_wconf 83' lang='lat' dir='ltr'><strong>et</strong></span> <span class='ocrx_word' id='word_1_156' title='bbox 397 1232 507 1267; x_wconf 84' lang='lat' dir='ltr'><strong>reliqua.</strong></span> <span class='ocrx_word' id='word_1_157' title='bbox 522 1231 556 1259; x_wconf 85' lang='lat' dir='ltr'><strong>In</strong></span> <span class='ocrx_word' id='word_1_158' title='bbox 569 1232 701 1260; x_wconf 80' lang='lat' dir='ltr'><strong>Psalmos.</strong></span> <span class='ocrx_word' id='word_1_159' title='bbox 715 1233 747 1260; x_wconf 88' lang='lat' dir='ltr'><strong>In</strong></span> <span class='ocrx_word' id='word_1_160' title='bbox 766 1240 880 1268; x_wconf 78' lang='lat' dir='ltr'><strong>quatuor</strong></span> 
     </span>
    </p>
   </div>
   <div class='ocr_carea' id='block_1_28' title="bbox 87 1276 880 1312">
    <p class='ocr_par' dir='ltr' id='par_1_28' title="bbox 87 1276 880 1312">
     <span class='ocr_line' id='line_1_28' title="bbox 87 1276 880 1312; baseline 0.005 -10"><span class='ocrx_word' id='word_1_161' title='bbox 87 1276 163 1303; x_wconf 73' lang='lat' dir='ltr'><strong>libros</strong></span> <span class='ocrx_word' id='word_1_162' title='bbox 175 1277 289 1311; x_wconf 78' lang='lat' dir='ltr'><strong>Regum.</strong></span> <span class='ocrx_word' id='word_1_163' title='bbox 306 1276 338 1302; x_wconf 87' lang='lat' dir='ltr'><strong>In</strong></span> <span class='ocrx_word' id='word_1_164' title='bbox 354 1277 411 1303; x_wconf 86' lang='lat' dir='ltr'><strong>loca</strong></span> <span class='ocrx_word' id='word_1_165' title='bbox 425 1278 573 1311; x_wconf 75' lang='lat' dir='ltr'><strong>difﬁciliora</strong></span> <span class='ocrx_word' id='word_1_166' title='bbox 594 1277 826 1312; x_wconf 81' lang='lat' dir='ltr'><strong>Paralipomenon.</strong></span> <span class='ocrx_word' id='word_1_167' title='bbox 847 1279 880 1307; x_wconf 80' lang='lat' dir='ltr'><strong>In</strong></span> 
     </span>
    </p>
   </div>
   <div class='ocr_carea' id='block_1_29' title="bbox 89 1321 878 1360">
    <p class='ocr_par' dir='ltr' id='par_1_29' title="bbox 89 1321 878 1360">
     <span class='ocr_line' id='line_1_29' title="bbox 89 1321 878 1360; baseline 0.005 -12"><span class='ocrx_word' id='word_1_168' title='bbox 89 1321 192 1348; x_wconf 74' lang='lat' dir='ltr'><strong>Proceri</strong></span> <span class='ocrx_word' id='word_1_169' title='bbox 201 1322 239 1348; x_wconf 89' lang='lat' dir='ltr'><strong>ia.</strong></span> <span class='ocrx_word' id='word_1_170' title='bbox 251 1321 386 1354; x_wconf 75' lang='lat' dir='ltr'><strong>Quomodo</strong></span> <span class='ocrx_word' id='word_1_171' title='bbox 398 1322 506 1356; x_wconf 79' lang='lat' dir='ltr'><strong>di/ferat</strong></span> <span class='ocrx_word' id='word_1_172' title='bbox 523 1323 623 1350; x_wconf 85' lang='lat' dir='ltr'><strong>theoria</strong></span> <span class='ocrx_word' id='word_1_173' title='bbox 635 1324 690 1359; x_wconf 66' lang='lat'><strong>(6‘2)</strong></span> <span class='ocrx_word' id='word_1_174' title='bbox 705 1329 730 1351; x_wconf 87' lang='lat' dir='ltr'><strong>et</strong></span> <span class='ocrx_word' id='word_1_175' title='bbox 741 1325 878 1360; x_wconf 86' lang='lat' dir='ltr'><strong>allegoria.</strong></span> 
     </span>
    </p>
   </div>
   <div class='ocr_carea' id='block_1_30' title="bbox 89 1366 880 1406">
    <p class='ocr_par' dir='ltr' id='par_1_30' title="bbox 89 1366 880 1406">
     <span class='ocr_line' id='line_1_30' title="bbox 89 1366 880 1406; baseline 0.005 -12"><span class='ocrx_word' id='word_1_176' title='bbox 89 1366 120 1394; x_wconf 82' lang='lat' dir='ltr'><strong>lu</strong></span> <span class='ocrx_word' id='word_1_177' title='bbox 139 1367 326 1394; x_wconf 70' lang='lat' dir='ltr'><strong>Ecclesiasten.</strong></span> <span class='ocrx_word' id='word_1_178' title='bbox 347 1367 381 1394; x_wconf 88' lang='lat' dir='ltr'><strong>In</strong></span> <span class='ocrx_word' id='word_1_179' title='bbox 404 1367 544 1396; x_wconf 76' lang='lat' dir='ltr'><strong>Canticum</strong></span> <span class='ocrx_word' id='word_1_180' title='bbox 571 1370 746 1398; x_wconf 77' lang='lat' dir='ltr'><strong>canticorum.</strong></span> <span class='ocrx_word' id='word_1_181' title='bbox 770 1371 802 1398; x_wconf 83' lang='lat' dir='ltr'><strong>In</strong></span> <span class='ocrx_word' id='word_1_182' title='bbox 817 1381 880 1406; x_wconf 86' lang='lat' dir='ltr'><strong>pro-</strong></span> 
     </span>
    </p>
   </div>
   <div class='ocr_carea' id='block_1_31' title="bbox 89 1413 881 1451">
    <p class='ocr_par' dir='ltr' id='par_1_31' title="bbox 89 1413 881 1451">
     <span class='ocr_line' id='line_1_31' title="bbox 89 1413 881 1451; baseline 0.008 -13"><span class='ocrx_word' id='word_1_183' title='bbox 89 1414 186 1448; x_wconf 81' lang='lat' dir='ltr'><strong>phetas.</strong></span> <span class='ocrx_word' id='word_1_184' title='bbox 201 1413 362 1446; x_wconf 82' lang='lat' dir='ltr'><strong>Chronicon,</strong></span> <span class='ocrx_word' id='word_1_185' title='bbox 379 1414 404 1439; x_wconf 88' lang='lat' dir='ltr'><strong>in</strong></span> <span class='ocrx_word' id='word_1_186' title='bbox 415 1421 465 1448; x_wconf 86' lang='lat' dir='ltr'><strong>quo</strong></span> <span class='ocrx_word' id='word_1_187' title='bbox 481 1419 571 1440; x_wconf 82' lang='lat' dir='ltr'><strong>errata</strong></span> <span class='ocrx_word' id='word_1_188' title='bbox 583 1414 614 1440; x_wconf 90' lang='lat' dir='ltr'><strong>ab</strong></span> <span class='ocrx_word' id='word_1_189' title='bbox 625 1414 738 1442; x_wconf 82' lang='lat' dir='ltr'><strong>Eusebio</strong></span> <span class='ocrx_word' id='word_1_190' title='bbox 751 1415 881 1451; x_wconf 72' lang='lat' dir='ltr'><strong>Pamphili</strong></span> 
     </span>
    </p>
   </div>
   <div class='ocr_carea' id='block_1_32' title="bbox 90 1459 880 1497">
    <p class='ocr_par' dir='ltr' id='par_1_32' title="bbox 90 1459 880 1497">
     <span class='ocr_line' id='line_1_32' title="bbox 90 1459 880 1497; baseline 0.003 -11"><span class='ocrx_word' id='word_1_191' title='bbox 90 1461 200 1487; x_wconf 73' lang='lat' dir='ltr'><strong>admissa</strong></span> <span class='ocrx_word' id='word_1_192' title='bbox 218 1461 404 1487; x_wconf 86' lang='lat' dir='ltr'><strong>emendantur.</strong></span> <span class='ocrx_word' id='word_1_193' title='bbox 423 1460 453 1487; x_wconf 81' lang='lat' dir='ltr'><strong>In</strong></span> <span class='ocrx_word' id='word_1_194' title='bbox 469 1468 494 1487; x_wconf 89' lang='lat' dir='ltr'><strong>tv</strong></span> <span class='ocrx_word' id='word_1_195' title='bbox 509 1459 664 1495; x_wconf 80' lang='lat' dir='ltr'><strong>Evangelia.</strong></span> <span class='ocrx_word' id='word_1_196' title='bbox 680 1460 713 1488; x_wconf 88' lang='lat' dir='ltr'><strong>In</strong></span> <span class='ocrx_word' id='word_1_197' title='bbox 736 1462 803 1488; x_wconf 79' lang='lat' dir='ltr'><strong>Acta</strong></span> <span class='ocrx_word' id='word_1_198' title='bbox 819 1471 880 1497; x_wconf 84' lang='lat' dir='ltr'><strong>apo~</strong></span> 
     </span>
    </p>
   </div>
   <div class='ocr_carea' id='block_1_33' title="bbox 89 1505 877 1542">
    <p class='ocr_par' dir='ltr' id='par_1_33' title="bbox 89 1505 877 1542">
     <span class='ocr_line' id='line_1_33' title="bbox 89 1505 877 1542; baseline 0.003 -9"><span class='ocrx_word' id='word_1_199' title='bbox 89 1507 225 1534; x_wconf 73' lang='lat' dir='ltr'><strong>stolarum.</strong></span> <span class='ocrx_word' id='word_1_200' title='bbox 242 1508 275 1534; x_wconf 84' lang='lat' dir='ltr'><strong>1n</strong></span> <span class='ocrx_word' id='word_1_201' title='bbox 291 1506 439 1541; x_wconf 82' lang='lat' dir='ltr'><strong>Epistolam</strong></span> <span class='ocrx_word' id='word_1_202' title='bbox 451 1505 566 1534; x_wconf 80' lang='lat' dir='ltr'><strong>Joannis</strong></span> <span class='ocrx_word' id='word_1_203' title='bbox 579 1507 756 1542; x_wconf 68' lang='lat' dir='ltr'><strong>evangelia-tta.</strong></span> <span class='ocrx_word' id='word_1_204' title='bbox 780 1508 818 1535; x_wconf 85' lang='lat' dir='ltr'><strong>De</strong></span> <span class='ocrx_word' id='word_1_205' title='bbox 837 1517 877 1541; x_wconf 89' lang='lat' dir='ltr'><strong>eo,</strong></span> 
     </span>
    </p>
   </div>
   <div class='ocr_carea' id='block_1_34' title="bbox 90 1552 879 1587">
    <p class='ocr_par' dir='ltr' id='par_1_34' title="bbox 90 1552 879 1587">
     <span class='ocr_line' id='line_1_34' title="bbox 90 1552 879 1587; baseline 0.004 -9"><span class='ocrx_word' id='word_1_206' title='bbox 90 1554 152 1587; x_wconf 81' lang='lat' dir='ltr'><strong>quod</strong></span> <span class='ocrx_word' id='word_1_207' title='bbox 168 1555 201 1580; x_wconf 76' lang='lat' dir='ltr'><strong>sit</strong></span> <span class='ocrx_word' id='word_1_208' title='bbox 227 1561 295 1580; x_wconf 86' lang='lat' dir='ltr'><strong>unus</strong></span> <span class='ocrx_word' id='word_1_209' title='bbox 322 1553 391 1579; x_wconf 83' lang='lat' dir='ltr'><strong>Deus</strong></span> <span class='ocrx_word' id='word_1_210' title='bbox 411 1553 438 1579; x_wconf 89' lang='lat' dir='ltr'><strong>in</strong></span> <span class='ocrx_word' id='word_1_211' title='bbox 459 1552 601 1580; x_wconf 85' lang='lat' dir='ltr'><strong>Trinitate.</strong></span> <span class='ocrx_word' id='word_1_212' title='bbox 623 1553 722 1580; x_wconf 83' lang='lat' dir='ltr'><strong>Contra</strong></span> <span class='ocrx_word' id='word_1_213' title='bbox 741 1553 879 1581; x_wconf 81' lang='lat' dir='ltr'><strong>Melchise-</strong></span> 
     </span>
    </p>
   </div>
   <div class='ocr_carea' id='block_1_35' title="bbox 89 1598 880 1627">
    <p class='ocr_par' dir='ltr' id='par_1_35' title="bbox 89 1598 880 1627">
     <span class='ocr_line' id='line_1_35' title="bbox 89 1598 880 1627; baseline 0.003 -3"><span class='ocrx_word' id='word_1_214' title='bbox 89 1599 194 1626; x_wconf 78' lang='lat' dir='ltr'><strong>decitus.</strong></span> <span class='ocrx_word' id='word_1_215' title='bbox 227 1600 326 1626; x_wconf 84' lang='lat' dir='ltr'><strong>Contra</strong></span> <span class='ocrx_word' id='word_1_216' title='bbox 343 1598 463 1626; x_wconf 76' lang='lat' dir='ltr'><strong>Judwos.</strong></span> <span class='ocrx_word' id='word_1_217' title='bbox 492 1599 529 1626; x_wconf 88' lang='lat' dir='ltr'><strong>De</strong></span> <span class='ocrx_word' id='word_1_218' title='bbox 555 1601 746 1627; x_wconf 74' lang='lat' dir='ltr'><strong>resurrectione</strong></span> <span class='ocrx_word' id='word_1_219' title='bbox 763 1606 880 1627; x_wconf 84' lang='lat' dir='ltr'><strong>mortuo-</strong></span> 
     </span>
    </p>
   </div>
   <div class='ocr_carea' id='block_1_36' title="bbox 92 1645 879 1672">
    <p class='ocr_par' dir='ltr' id='par_1_36' title="bbox 92 1645 879 1672">
     <span class='ocr_line' id='line_1_36' title="bbox 92 1645 879 1672; baseline 0.001 -1"><span class='ocrx_word' id='word_1_220' title='bbox 92 1654 156 1672; x_wconf 84' lang='lat' dir='ltr'><strong>rum.</strong></span> <span class='ocrx_word' id='word_1_221' title='bbox 176 1645 215 1672; x_wconf 86' lang='lat' dir='ltr'><strong>De</strong></span> <span class='ocrx_word' id='word_1_222' title='bbox 233 1645 333 1672; x_wconf 83' lang='lat' dir='ltr'><strong>animo.</strong></span> <span class='ocrx_word' id='word_1_223' title='bbox 352 1645 449 1672; x_wconf 83' lang='lat' dir='ltr'><strong>Contra</strong></span> <span class='ocrx_word' id='word_1_224' title='bbox 464 1646 580 1672; x_wconf 82' lang='lat' dir='ltr'><strong>diversas</strong></span> <span class='ocrx_word' id='word_1_225' title='bbox 595 1646 626 1672; x_wconf 86' lang='lat' dir='ltr'><strong>tte</strong></span> <span class='ocrx_word' id='word_1_226' title='bbox 646 1653 677 1672; x_wconf 87' lang='lat' dir='ltr'><strong>ea</strong></span> <span class='ocrx_word' id='word_1_227' title='bbox 697 1646 879 1672; x_wconf 78' lang='lat' dir='ltr'><strong>lncreticorum</strong></span> 
     </span>
    </p>
   </div>
   <div class='ocr_carea' id='block_1_37' title="bbox 93 1690 878 1726">
    <p class='ocr_par' dir='ltr' id='par_1_37' title="bbox 93 1690 878 1726">
     <span class='ocr_line' id='line_1_37' title="bbox 93 1690 878 1726; baseline 0.005 -10"><span class='ocrx_word' id='word_1_228' title='bbox 93 1693 231 1726; x_wconf 86' lang='lat' dir='ltr'><strong>opiniones.</strong></span> <span class='ocrx_word' id='word_1_229' title='bbox 248 1691 288 1718; x_wconf 81' lang='lat' dir='ltr'><strong>Ad</strong></span> <span class='ocrx_word' id='word_1_230' title='bbox 303 1690 460 1718; x_wconf 73' lang='lat' dir='ltr'><strong>Gratianum</strong></span> <span class='ocrx_word' id='word_1_231' title='bbox 476 1692 573 1726; x_wconf 83' lang='lat' dir='ltr'><strong>capita.</strong></span> <span class='ocrx_word' id='word_1_232' title='bbox 589 1691 689 1719; x_wconf 80' lang='lat' dir='ltr'><strong>Contra</strong></span> <span class='ocrx_word' id='word_1_233' title='bbox 713 1697 878 1720; x_wconf 83' lang='lat' dir='ltr'><strong>astronomos</strong></span> 
     </span>
    </p>
   </div>
   <div class='ocr_carea' id='block_1_38' title="bbox 92 1737 879 1772">
    <p class='ocr_par' dir='ltr' id='par_1_38' title="bbox 92 1737 879 1772">
     <span class='ocr_line' id='line_1_38' title="bbox 92 1737 879 1772; baseline 0.003 -8"><span class='ocrx_word' id='word_1_234' title='bbox 92 1739 274 1772; x_wconf 75' lang='lat' dir='ltr'><strong>etastrologos</strong></span> <span class='ocrx_word' id='word_1_235' title='bbox 291 1742 315 1764; x_wconf 86' lang='lat' dir='ltr'><strong>et</strong></span> <span class='ocrx_word' id='word_1_236' title='bbox 332 1737 430 1772; x_wconf 82' lang='lat' dir='ltr'><strong>fatum.</strong></span> <span class='ocrx_word' id='word_1_237' title='bbox 449 1737 487 1764; x_wconf 89' lang='lat' dir='ltr'><strong>De</strong></span> <span class='ocrx_word' id='word_1_238' title='bbox 510 1738 614 1772; x_wconf 75' lang='lat' dir='ltr'><strong>sphtera</strong></span> <span class='ocrx_word' id='word_1_239' title='bbox 629 1744 653 1765; x_wconf 80' lang='lat' dir='ltr'><strong>et</strong></span> <span class='ocrx_word' id='word_1_240' title='bbox 683 1737 734 1765; x_wconf 80' lang='lat' dir='ltr'><strong>VII</strong></span> <span class='ocrx_word' id='word_1_241' title='bbox 761 1741 834 1765; x_wconf 72' lang='lat' dir='ltr'><strong>zonis</strong></span> <span class='ocrx_word' id='word_1_242' title='bbox 855 1744 879 1766; x_wconf 79' lang='lat' dir='ltr'><strong>ct</strong></span> 
     </span>
    </p>
   </div>
   <div class='ocr_carea' id='block_1_39' title="bbox 93 1783 880 1820">
    <p class='ocr_par' dir='ltr' id='par_1_39' title="bbox 93 1783 880 1820">
     <span class='ocr_line' id='line_1_39' title="bbox 93 1783 880 1820; baseline 0.004 -10"><span class='ocrx_word' id='word_1_243' title='bbox 93 1786 220 1811; x_wconf 85' lang='lat' dir='ltr'><strong>contrario</strong></span> <span class='ocrx_word' id='word_1_244' title='bbox 237 1789 373 1810; x_wconf 86' lang='lat' dir='ltr'><strong>astrorum</strong></span> <span class='ocrx_word' id='word_1_245' title='bbox 386 1788 470 1810; x_wconf 87' lang='lat' dir='ltr'><strong>motu.</strong></span> <span class='ocrx_word' id='word_1_246' title='bbox 494 1783 533 1810; x_wconf 84' lang='lat' dir='ltr'><strong>De</strong></span> <span class='ocrx_word' id='word_1_247' title='bbox 551 1783 698 1818; x_wconf 82' lang='lat' dir='ltr'><strong>Hipparchi</strong></span> <span class='ocrx_word' id='word_1_248' title='bbox 714 1786 828 1820; x_wconf 74' lang='lat' dir='ltr'><strong>spira-ra.</strong></span> <span class='ocrx_word' id='word_1_249' title='bbox 842 1785 880 1813; x_wconf 72' lang='lat' dir='ltr'><strong>De</strong></span> 
     </span>
    </p>
   </div>
   <div class='ocr_carea' id='block_1_40' title="bbox 93 1831 879 1860">
    <p class='ocr_par' dir='ltr' id='par_1_40' title="bbox 93 1831 879 1860">
     <span class='ocr_line' id='line_1_40' title="bbox 93 1831 879 1860; baseline 0.003 -2"><span class='ocrx_word' id='word_1_250' title='bbox 93 1831 267 1860; x_wconf 77' lang='lat' dir='ltr'><strong>Providentia.</strong></span> <span class='ocrx_word' id='word_1_251' title='bbox 294 1831 395 1859; x_wconf 88' lang='lat' dir='ltr'><strong>Contra</strong></span> <span class='ocrx_word' id='word_1_252' title='bbox 423 1831 563 1858; x_wconf 82' lang='lat' dir='ltr'><strong>Platonem</strong></span> <span class='ocrx_word' id='word_1_253' title='bbox 590 1832 623 1857; x_wconf 84' lang='lat' dir='ltr'><strong>de</strong></span> <span class='ocrx_word' id='word_1_254' title='bbox 647 1831 694 1858; x_wconf 83' lang='lat' dir='ltr'><strong>deo</strong></span> <span class='ocrx_word' id='word_1_255' title='bbox 715 1838 738 1858; x_wconf 87' lang='lat' dir='ltr'><strong>et</strong></span> <span class='ocrx_word' id='word_1_256' title='bbox 763 1833 823 1859; x_wconf 86' lang='lat' dir='ltr'><strong>diis.</strong></span> <span class='ocrx_word' id='word_1_257' title='bbox 840 1832 879 1860; x_wconf 87' lang='lat' dir='ltr'><strong>De</strong></span> 
     </span>
    </p>
   </div>
   <div class='ocr_carea' id='block_1_41' title="bbox 94 1878 878 1912">
    <p class='ocr_par' dir='ltr' id='par_1_41' title="bbox 94 1878 878 1912">
     <span class='ocr_line' id='line_1_41' title="bbox 94 1878 878 1912; baseline 0 -6"><span class='ocrx_word' id='word_1_258' title='bbox 94 1886 183 1906; x_wconf 72' lang='lat' dir='ltr'><strong>natura</strong></span> <span class='ocrx_word' id='word_1_259' title='bbox 208 1884 235 1906; x_wconf 82' lang='lat' dir='ltr'><strong>et</strong></span> <span class='ocrx_word' id='word_1_260' title='bbox 262 1879 395 1910; x_wconf 83' lang='lat' dir='ltr'><strong>materia,</strong></span> <span class='ocrx_word' id='word_1_261' title='bbox 418 1878 445 1904; x_wconf 90' lang='lat' dir='ltr'><strong>in</strong></span> <span class='ocrx_word' id='word_1_262' title='bbox 473 1885 524 1912; x_wconf 88' lang='lat' dir='ltr'><strong>quo</strong></span> <span class='ocrx_word' id='word_1_263' title='bbox 545 1885 621 1912; x_wconf 75' lang='lat' dir='ltr'><strong>opere</strong></span> <span class='ocrx_word' id='word_1_264' title='bbox 643 1882 774 1905; x_wconf 82' lang='lat' dir='ltr'><strong>tractatur</strong></span> <span class='ocrx_word' id='word_1_265' title='bbox 790 1879 821 1905; x_wconf 85' lang='lat' dir='ltr'><strong>de</strong></span> <span class='ocrx_word' id='word_1_266' title='bbox 837 1888 878 1911; x_wconf 81' lang='lat' dir='ltr'><strong>eo,</strong></span> 
     </span>
    </p>
   </div>
   <div class='ocr_carea' id='block_1_42' title="bbox 93 1923 878 1959">
    <p class='ocr_par' dir='ltr' id='par_1_42' title="bbox 93 1923 878 1959">
     <span class='ocr_line' id='line_1_42' title="bbox 93 1923 878 1959; baseline 0 -8"><span class='ocrx_word' id='word_1_267' title='bbox 93 1925 266 1959; x_wconf 73' lang='lat' dir='ltr'><strong>quod‘jusluut</strong></span> <span class='ocrx_word' id='word_1_268' title='bbox 282 1928 331 1950; x_wconf 79' lang='lat' dir='ltr'><strong>est.</strong></span> <span class='ocrx_word' id='word_1_269' title='bbox 345 1923 384 1950; x_wconf 87' lang='lat' dir='ltr'><strong>De</strong></span> <span class='ocrx_word' id='word_1_270' title='bbox 400 1923 454 1950; x_wconf 85' lang='lat' dir='ltr'><strong>Deo</strong></span> <span class='ocrx_word' id='word_1_271' title='bbox 471 1929 495 1950; x_wconf 85' lang='lat' dir='ltr'><strong>et</strong></span> <span class='ocrx_word' id='word_1_272' title='bbox 511 1923 579 1958; x_wconf 80' lang='lat' dir='ltr'><strong>falsa</strong></span> <span class='ocrx_word' id='word_1_273' title='bbox 593 1923 744 1951; x_wconf 65' lang='lat' dir='ltr'><strong>Grecorum</strong></span> <span class='ocrx_word' id='word_1_274' title='bbox 756 1926 878 1956; x_wconf 76' lang='lat' dir='ltr'><strong>niateria,</strong></span> 
     </span>
    </p>
   </div>
   <div class='ocr_carea' id='block_1_43' title="bbox 93 1969 879 2003">
    <p class='ocr_par' dir='ltr' id='par_1_43' title="bbox 93 1969 879 2003">
     <span class='ocr_line' id='line_1_43' title="bbox 93 1969 879 2003; baseline 0.001 -7"><span class='ocrx_word' id='word_1_275' title='bbox 93 1970 203 1998; x_wconf 75' lang='lat' dir='ltr'><strong>Naturas</strong></span> <span class='ocrx_word' id='word_1_276' title='bbox 224 1969 366 1997; x_wconf 77' lang='lat' dir='ltr'><strong>invisibiles</strong></span> <span class='ocrx_word' id='word_1_277' title='bbox 382 1977 433 1996; x_wconf 84' lang='lat' dir='ltr'><strong>non</strong></span> <span class='ocrx_word' id='word_1_278' title='bbox 452 1970 596 2003; x_wconf 80' lang='lat' dir='ltr'><strong>elementis,</strong></span> <span class='ocrx_word' id='word_1_279' title='bbox 611 1970 656 1997; x_wconf 78' lang='lat' dir='ltr'><strong>sed</strong></span> <span class='ocrx_word' id='word_1_280' title='bbox 672 1978 726 1996; x_wconf 83' lang='lat' dir='ltr'><strong>una</strong></span> <span class='ocrx_word' id='word_1_281' title='bbox 746 1979 803 1997; x_wconf 86' lang='lat' dir='ltr'><strong>cum</strong></span> <span class='ocrx_word' id='word_1_282' title='bbox 825 1972 879 1998; x_wconf 81' lang='lat' dir='ltr'><strong>illis</strong></span> 
     </span>
    </p>
   </div>
   <div class='ocr_carea' id='block_1_44' title="bbox 92 2014 879 2051">
    <p class='ocr_par' dir='ltr' id='par_1_44' title="bbox 92 2014 879 2051">
     <span class='ocr_line' id='line_1_44' title="bbox 92 2014 879 2051; baseline 0.003 -9"><span class='ocrx_word' id='word_1_283' title='bbox 92 2022 122 2042; x_wconf 81' lang='lat' dir='ltr'><strong>e1:</strong></span> <span class='ocrx_word' id='word_1_284' title='bbox 136 2017 217 2043; x_wconf 84' lang='lat' dir='ltr'><strong>nihilo</strong></span> <span class='ocrx_word' id='word_1_285' title='bbox 241 2016 326 2050; x_wconf 84' lang='lat' dir='ltr'><strong>[actas</strong></span> <span class='ocrx_word' id='word_1_286' title='bbox 341 2023 407 2043; x_wconf 75' lang='lat' dir='ltr'><strong>esse.</strong></span> <span class='ocrx_word' id='word_1_287' title='bbox 421 2015 461 2041; x_wconf 81' lang='lat' dir='ltr'><strong>Ad</strong></span> <span class='ocrx_word' id='word_1_288' title='bbox 477 2014 669 2049; x_wconf 84' lang='lat' dir='ltr'><strong>Euphronium,</strong></span> <span class='ocrx_word' id='word_1_289' title='bbox 684 2016 879 2051; x_wconf 80' lang='lat' dir='ltr'><strong>philosophum,</strong></span> 
     </span>
    </p>
   </div>
   <div class='ocr_carea' id='block_1_45' title="bbox 92 2061 880 2097">
    <p class='ocr_par' dir='ltr' id='par_1_45' title="bbox 92 2061 880 2097">
     <span class='ocr_line' id='line_1_45' title="bbox 92 2061 880 2097; baseline 0.004 -10"><span class='ocrx_word' id='word_1_290' title='bbox 92 2069 133 2094; x_wconf 81' lang='lat' dir='ltr'><strong>per</strong></span> <span class='ocrx_word' id='word_1_291' title='bbox 147 2062 367 2097; x_wconf 71' lang='lat' dir='ltr'><strong>interrogationes</strong></span> <span class='ocrx_word' id='word_1_292' title='bbox 383 2067 406 2088; x_wconf 83' lang='lat' dir='ltr'><strong>et</strong></span> <span class='ocrx_word' id='word_1_293' title='bbox 426 2062 619 2095; x_wconf 78' lang='lat' dir='ltr'><strong>responsiones.</strong></span> <span class='ocrx_word' id='word_1_294' title='bbox 634 2061 734 2089; x_wconf 84' lang='lat' dir='ltr'><strong>Contra</strong></span> <span class='ocrx_word' id='word_1_295' title='bbox 751 2062 880 2090; x_wconf 76' lang='lat' dir='ltr'><strong>Aristote-</strong></span> 
     </span>
    </p>
   </div>
   <div class='ocr_carea' id='block_1_46' title="bbox 93 2107 878 2143">
    <p class='ocr_par' dir='ltr' id='par_1_46' title="bbox 93 2107 878 2143">
     <span class='ocr_line' id='line_1_46' title="bbox 93 2107 878 2143; baseline 0.005 -10"><span class='ocrx_word' id='word_1_296' title='bbox 93 2107 139 2134; x_wconf 82' lang='lat' dir='ltr'><strong>lem</strong></span> <span class='ocrx_word' id='word_1_297' title='bbox 158 2109 188 2136; x_wconf 82' lang='lat' dir='ltr'><strong>de</strong></span> <span class='ocrx_word' id='word_1_298' title='bbox 213 2116 323 2143; x_wconf 81' lang='lat' dir='ltr'><strong>corpore</strong></span> <span class='ocrx_word' id='word_1_299' title='bbox 349 2108 459 2135; x_wconf 66' lang='lat' dir='ltr'><strong>caelesti.</strong></span> <span class='ocrx_word' id='word_1_300' title='bbox 477 2107 615 2140; x_wconf 82' lang='lat' dir='ltr'><strong>Quomodo</strong></span> <span class='ocrx_word' id='word_1_301' title='bbox 639 2109 679 2135; x_wconf 75' lang='lat' dir='ltr'><strong>sol</strong></span> <span class='ocrx_word' id='word_1_302' title='bbox 707 2110 740 2135; x_wconf 74' lang='lat' dir='ltr'><strong>rit</strong></span> <span class='ocrx_word' id='word_1_303' title='bbox 763 2111 878 2137; x_wconf 86' lang='lat' dir='ltr'><strong>calidus.</strong></span> 
     </span>
    </p>
   </div>
   <div class='ocr_carea' id='block_1_47' title="bbox 94 2153 879 2192">
    <p class='ocr_par' dir='ltr' id='par_1_47' title="bbox 94 2153 879 2192">
     <span class='ocr_line' id='line_1_47' title="bbox 94 2153 879 2192; baseline 0.004 -12"><span class='ocrx_word' id='word_1_304' title='bbox 94 2153 185 2181; x_wconf 87' lang='lat' dir='ltr'><strong>Contra</strong></span> <span class='ocrx_word' id='word_1_305' title='bbox 200 2164 243 2182; x_wconf 86' lang='lat' dir='ltr'><strong>eos</strong></span> <span class='ocrx_word' id='word_1_306' title='bbox 257 2175 264 2185; x_wconf 84' lang='lat'><strong>,</strong></span> <span class='ocrx_word' id='word_1_307' title='bbox 281 2154 325 2189; x_wconf 83' lang='lat' dir='ltr'><strong>qui</strong></span> <span class='ocrx_word' id='word_1_308' title='bbox 341 2155 434 2182; x_wconf 65' lang='lat' dir='ltr'><strong>caelum</strong></span> <span class='ocrx_word' id='word_1_309' title='bbox 454 2155 554 2181; x_wconf 86' lang='lat' dir='ltr'><strong>animal</strong></span> <span class='ocrx_word' id='word_1_310' title='bbox 575 2155 678 2182; x_wconf 84' lang='lat' dir='ltr'><strong>dicunt.</strong></span> <span class='ocrx_word' id='word_1_311' title='bbox 703 2155 740 2182; x_wconf 86' lang='lat' dir='ltr'><strong>De</strong></span> <span class='ocrx_word' id='word_1_312' title='bbox 755 2165 795 2188; x_wconf 80' lang='lat' dir='ltr'><strong>eo,</strong></span> <span class='ocrx_word' id='word_1_313' title='bbox 814 2165 879 2192; x_wconf 86' lang='lat' dir='ltr'><strong>quo-</strong></span> 
     </span>
    </p>
   </div>
   <div class='ocr_carea' id='block_1_48' title="bbox 932 217 1724 253">
    <p class='ocr_par' dir='ltr' id='par_1_48' title="bbox 932 217 1724 253">
     <span class='ocr_line' id='line_1_48' title="bbox 932 217 1724 253; baseline 0.003 -9"><span class='ocrx_word' id='word_1_314' title='bbox 932 219 1083 253; x_wconf 77' lang='grc' dir='ltr'><strong>ὲπίχ).ηρο;</strong></span> <span class='ocrx_word' id='word_1_315' title='bbox 1106 223 1133 245; x_wconf 85' lang='lat' dir='ltr'><strong>et</strong></span> <span class='ocrx_word' id='word_1_316' title='bbox 1156 218 1354 253; x_wconf 76' lang='grc' dir='ltr'><strong>πανεγυρισταὶ</strong></span> <span class='ocrx_word' id='word_1_317' title='bbox 1373 217 1406 245; x_wconf 87' lang='lat' dir='ltr'><strong>ab</strong></span> <span class='ocrx_word' id='word_1_318' title='bbox 1423 218 1553 246; x_wconf 63' lang='lat' dir='ltr'><strong>Atlicnwo</strong></span> <span class='ocrx_word' id='word_1_319' title='bbox 1567 226 1724 247; x_wconf 86' lang='lat' dir='ltr'><strong>memoran-</strong></span> 
     </span>
    </p>
   </div>
   <div class='ocr_carea' id='block_1_49' title="bbox 931 267 986 289">
    <p class='ocr_par' dir='ltr' id='par_1_49' title="bbox 931 267 986 289">
     <span class='ocr_line' id='line_1_49' title="bbox 931 267 986 289; baseline 0 -1"><span class='ocrx_word' id='word_1_320' title='bbox 931 267 986 289; x_wconf 88' lang='lat' dir='ltr'><strong>tur.</strong></span> 
     </span>
    </p>
   </div>
   <div class='ocr_carea' id='block_1_50' title="bbox 968 307 1725 344">
    <p class='ocr_par' dir='ltr' id='par_1_50' title="bbox 968 307 1725 344">
     <span class='ocr_line' id='line_1_50' title="bbox 968 307 1725 344; baseline 0.004 -10"><span class='ocrx_word' id='word_1_321' title='bbox 968 308 1161 343; x_wconf 81' lang='lat' dir='ltr'><strong>Diogruianus.</strong></span> <span class='ocrx_word' id='word_1_322' title='bbox 1192 307 1360 338; x_wconf 85' lang='lat' dir='ltr'><strong>lleracleota,</strong></span> <span class='ocrx_word' id='word_1_323' title='bbox 1389 307 1528 340; x_wconf 81' lang='lat' dir='ltr'><strong>Pon&#39;icus,</strong></span> <span class='ocrx_word' id='word_1_324' title='bbox 1554 310 1725 344; x_wconf 87' lang='lat' dir='ltr'><strong>temporibus</strong></span> 
     </span>
    </p>
   </div>
   <div class='ocr_carea' id='block_1_51' title="bbox 932 353 1722 388">
    <p class='ocr_par' dir='ltr' id='par_1_51' title="bbox 932 353 1722 388">
     <span class='ocr_line' id='line_1_51' title="bbox 932 353 1722 388; baseline 0.001 -6"><span class='ocrx_word' id='word_1_325' title='bbox 932 354 1064 387; x_wconf 84' lang='lat' dir='ltr'><strong>Adriani,</strong></span> <span class='ocrx_word' id='word_1_326' title='bbox 1091 355 1297 388; x_wconf 79' lang='lat' dir='ltr'><strong>grainmalicus.</strong></span> <span class='ocrx_word' id='word_1_327' title='bbox 1316 353 1467 381; x_wconf 73' lang='lat' dir='ltr'><strong>Videndum</strong></span> <span class='ocrx_word' id='word_1_328' title='bbox 1489 362 1521 381; x_wconf 81' lang='lat' dir='ltr'><strong>an</strong></span> <span class='ocrx_word' id='word_1_329' title='bbox 1552 364 1604 382; x_wconf 90' lang='lat' dir='ltr'><strong>non</strong></span> <span class='ocrx_word' id='word_1_330' title='bbox 1630 356 1722 383; x_wconf 70' lang='grc' dir='ltr'><strong>Γονςςιιι</strong></span> 
     </span>
    </p>
   </div>
   <div class='ocr_carea' id='block_1_52' title="bbox 931 398 1722 435">
    <p class='ocr_par' dir='ltr' id='par_1_52' title="bbox 931 398 1722 435">
     <span class='ocr_line' id='line_1_52' title="bbox 931 398 1722 435; baseline 0.003 -9"><span class='ocrx_word' id='word_1_331' title='bbox 931 401 967 428; x_wconf 85' lang='lat' dir='ltr'><strong>sit</strong></span> <span class='ocrx_word' id='word_1_332' title='bbox 1000 401 1134 433; x_wconf 84' lang='lat' dir='ltr'><strong>medicus,</strong></span> <span class='ocrx_word' id='word_1_333' title='bbox 1158 409 1190 427; x_wconf 84' lang='lat' dir='ltr'><strong>ex</strong></span> <span class='ocrx_word' id='word_1_334' title='bbox 1217 400 1316 428; x_wconf 87' lang='lat' dir='ltr'><strong>Albace</strong></span> <span class='ocrx_word' id='word_1_335' title='bbox 1339 398 1478 432; x_wconf 85' lang='lat' dir='ltr'><strong>Heraclea,</strong></span> <span class='ocrx_word' id='word_1_336' title='bbox 1500 401 1600 435; x_wconf 88' lang='lat' dir='ltr'><strong>oppido</strong></span> <span class='ocrx_word' id='word_1_337' title='bbox 1618 401 1722 434; x_wconf 73' lang='lat' dir='ltr'><strong>Carim,</strong></span> 
     </span>
    </p>
   </div>
   <div class='ocr_carea' id='block_1_53' title="bbox 931 446 1724 481">
    <p class='ocr_par' dir='ltr' id='par_1_53' title="bbox 931 446 1724 481">
     <span class='ocr_line' id='line_1_53' title="bbox 931 446 1724 481; baseline 0.003 -9"><span class='ocrx_word' id='word_1_338' title='bbox 931 446 1065 474; x_wconf 85' lang='lat' dir='ltr'><strong>oriundus</strong></span> <span class='ocrx_word' id='word_1_339' title='bbox 1080 455 1085 472; x_wconf 90' lang='lat'><strong>:</strong></span> <span class='ocrx_word' id='word_1_340' title='bbox 1105 451 1164 473; x_wconf 84' lang='lat' dir='ltr'><strong>erat</strong></span> <span class='ocrx_word' id='word_1_341' title='bbox 1181 447 1254 473; x_wconf 84' lang='lat' dir='ltr'><strong>enim</strong></span> <span class='ocrx_word' id='word_1_342' title='bbox 1269 446 1346 473; x_wconf 90' lang='lat' dir='ltr'><strong>omni</strong></span> <span class='ocrx_word' id='word_1_343' title='bbox 1371 446 1502 473; x_wconf 75' lang='lat' dir='ltr'><strong>doctrina:</strong></span> <span class='ocrx_word' id='word_1_344' title='bbox 1519 455 1617 481; x_wconf 76' lang='lat' dir='ltr'><strong>genere</strong></span> <span class='ocrx_word' id='word_1_345' title='bbox 1633 449 1724 474; x_wconf 87' lang='lat' dir='ltr'><strong>crudi-</strong></span> 
     </span>
    </p>
   </div>
   <div class='ocr_carea' id='block_1_54' title="bbox 933 491 1724 526">
    <p class='ocr_par' dir='ltr' id='par_1_54' title="bbox 933 491 1724 526">
     <span class='ocr_line' id='line_1_54' title="bbox 933 491 1724 526; baseline 0.003 -8"><span class='ocrx_word' id='word_1_346' title='bbox 933 497 986 524; x_wconf 89' lang='lat' dir='ltr'><strong>tus,</strong></span> <span class='ocrx_word' id='word_1_347' title='bbox 1004 499 1091 526; x_wconf 84' lang='lat' dir='ltr'><strong>neque</strong></span> <span class='ocrx_word' id='word_1_348' title='bbox 1107 499 1236 526; x_wconf 75' lang='lat' dir='ltr'><strong>expresse</strong></span> <span class='ocrx_word' id='word_1_349' title='bbox 1252 491 1380 518; x_wconf 82' lang='lat' dir='ltr'><strong>traditum</strong></span> <span class='ocrx_word' id='word_1_350' title='bbox 1403 491 1491 526; x_wconf 82' lang='lat' dir='ltr'><strong>reperi</strong></span> <span class='ocrx_word' id='word_1_351' title='bbox 1509 499 1568 518; x_wconf 76' lang='lat' dir='ltr'><strong>esse</strong></span> <span class='ocrx_word' id='word_1_352' title='bbox 1586 500 1618 519; x_wconf 79' lang='lat' dir='ltr'><strong>cx</strong></span> <span class='ocrx_word' id='word_1_353' title='bbox 1638 492 1724 520; x_wconf 80' lang='lat' dir='ltr'><strong>llcra-</strong></span> 
     </span>
    </p>
   </div>
   <div class='ocr_carea' id='block_1_55' title="bbox 931 537 1723 572">
    <p class='ocr_par' dir='ltr' id='par_1_55' title="bbox 931 537 1723 572">
     <span class='ocr_line' id='line_1_55' title="bbox 931 537 1723 572; baseline 0.003 -8"><span class='ocrx_word' id='word_1_354' title='bbox 931 538 986 565; x_wconf 86' lang='lat' dir='ltr'><strong>clca</strong></span> <span class='ocrx_word' id='word_1_355' title='bbox 999 538 1088 569; x_wconf 79' lang='lat' dir='ltr'><strong>l’outi,</strong></span> <span class='ocrx_word' id='word_1_356' title='bbox 1104 538 1150 565; x_wconf 83' lang='lat' dir='ltr'><strong>sed</strong></span> <span class='ocrx_word' id='word_1_357' title='bbox 1164 539 1198 564; x_wconf 91' lang='lat' dir='ltr'><strong>ita</strong></span> <span class='ocrx_word' id='word_1_358' title='bbox 1214 538 1338 564; x_wconf 90' lang='lat' dir='ltr'><strong>nonnulli</strong></span> <span class='ocrx_word' id='word_1_359' title='bbox 1354 537 1512 572; x_wconf 78' lang='lat' dir='ltr'><strong>opinantur.</strong></span> <span class='ocrx_word' id='word_1_360' title='bbox 1530 537 1604 565; x_wconf 90' lang='lat' dir='ltr'><strong>Lihri</strong></span> <span class='ocrx_word' id='word_1_361' title='bbox 1621 539 1679 572; x_wconf 77' lang='lat' dir='ltr'><strong>ejus</strong></span> <span class='ocrx_word' id='word_1_362' title='bbox 1696 539 1723 566; x_wconf 89' lang='lat' dir='ltr'><strong>bi</strong></span> 
     </span>
    </p>
   </div>
   <div class='ocr_carea' id='block_1_56' title="bbox 931 584 1724 618">
    <p class='ocr_par' dir='ltr' id='par_1_56' title="bbox 931 584 1724 618">
     <span class='ocr_line' id='line_1_56' title="bbox 931 584 1724 618; baseline -0.001 -5"><span class='ocrx_word' id='word_1_363' title='bbox 931 590 994 613; x_wconf 89' lang='lat' dir='ltr'><strong>sunt</strong></span> <span class='ocrx_word' id='word_1_364' title='bbox 1022 593 1028 611; x_wconf 90' lang='lat'><strong>:</strong></span> <span class='ocrx_word' id='word_1_365' title='bbox 1053 585 1143 611; x_wconf 74' lang='lat' dir='ltr'><strong>t‘mnis</strong></span> <span class='ocrx_word' id='word_1_366' title='bbox 1170 585 1271 618; x_wconf 73' lang='lat' dir='ltr'><strong>generis</strong></span> <span class='ocrx_word' id='word_1_367' title='bbox 1297 585 1424 612; x_wconf 79' lang='lat' dir='ltr'><strong>vocabula</strong></span> <span class='ocrx_word' id='word_1_368' title='bbox 1450 584 1541 611; x_wconf 79' lang='lat' dir='ltr'><strong>ordine</strong></span> <span class='ocrx_word' id='word_1_369' title='bbox 1564 584 1724 618; x_wconf 67' lang='lat' dir='ltr'><strong>alphabctfco</strong></span> 
     </span>
    </p>
   </div>
   <div class='ocr_carea' id='block_1_57' title="bbox 930 629 1723 664">
    <p class='ocr_par' dir='ltr' id='par_1_57' title="bbox 930 629 1723 664">
     <span class='ocr_line' id='line_1_57' title="bbox 930 629 1723 664; baseline 0 -7"><span class='ocrx_word' id='word_1_370' title='bbox 930 631 1006 657; x_wconf 72' lang='lat' dir='ltr'><strong>libris</strong></span> <span class='ocrx_word' id='word_1_371' title='bbox 1033 630 1060 657; x_wconf 87' lang='lat' dir='ltr'><strong>V.</strong></span> <span class='ocrx_word' id='word_1_372' title='bbox 1089 630 1135 657; x_wconf 79' lang='lat' dir='ltr'><strong>Est</strong></span> <span class='ocrx_word' id='word_1_373' title='bbox 1166 635 1256 657; x_wconf 89' lang='lat' dir='ltr'><strong>autem</strong></span> <span class='ocrx_word' id='word_1_374' title='bbox 1286 630 1404 664; x_wconf 84' lang='lat' dir='ltr'><strong>epitoinc</strong></span> <span class='ocrx_word' id='word_1_375' title='bbox 1425 629 1631 662; x_wconf 78' lang='lat' dir='ltr'><strong>vocabulorum,</strong></span> <span class='ocrx_word' id='word_1_376' title='bbox 1661 638 1723 664; x_wconf 63' lang='lat' dir='ltr'><strong>qua:</strong></span> 
     </span>
    </p>
   </div>
   <div class='ocr_carea' id='block_1_58' title="bbox 931 675 1724 712">
    <p class='ocr_par' dir='ltr' id='par_1_58' title="bbox 931 675 1724 712">
     <span class='ocr_line' id='line_1_58' title="bbox 931 675 1724 712; baseline -0.001 -9"><span class='ocrx_word' id='word_1_377' title='bbox 931 677 1091 711; x_wconf 79' lang='lat' dir='ltr'><strong>Pamphilus</strong></span> <span class='ocrx_word' id='word_1_378' title='bbox 1117 681 1143 703; x_wconf 88' lang='lat' dir='ltr'><strong>et</strong></span> <span class='ocrx_word' id='word_1_379' title='bbox 1178 676 1312 712; x_wconf 84' lang='lat' dir='ltr'><strong>Zopyriou</strong></span> <span class='ocrx_word' id='word_1_380' title='bbox 1341 677 1418 703; x_wconf 87' lang='lat' dir='ltr'><strong>libris</strong></span> <span class='ocrx_word' id='word_1_381' title='bbox 1442 675 1511 702; x_wconf 72' lang='lat' dir='ltr'><strong>XCV</strong></span> <span class='ocrx_word' id='word_1_382' title='bbox 1532 682 1724 710; x_wconf 57' lang='lat' dir='ltr'><strong>exposui-rant.</strong></span> 
     </span>
    </p>
   </div>
   <div class='ocr_carea' id='block_1_59' title="bbox 933 722 1725 757">
    <p class='ocr_par' dir='ltr' id='par_1_59' title="bbox 933 722 1725 757">
     <span class='ocr_line' id='line_1_59' title="bbox 933 722 1725 757; baseline 0.001 -9"><span class='ocrx_word' id='word_1_383' title='bbox 933 722 1106 757; x_wconf 71' lang='lat' dir='ltr'><strong>Florilegium</strong></span> <span class='ocrx_word' id='word_1_384' title='bbox 1124 723 1365 757; x_wconf 82' lang='lat' dir='ltr'><strong>epigrammatum;</strong></span> <span class='ocrx_word' id='word_1_385' title='bbox 1384 725 1414 749; x_wconf 79' lang='lat' dir='ltr'><strong>tle</strong></span> <span class='ocrx_word' id='word_1_386' title='bbox 1427 722 1725 757; x_wconf 75' lang='lat' dir='ltr'><strong>ﬂuminibus,[acut-ns,</strong></span> 
     </span>
    </p>
   </div>
   <div class='ocr_carea' id='block_1_60' title="bbox 931 769 1724 803">
    <p class='ocr_par' dir='ltr' id='par_1_60' title="bbox 931 769 1724 803">
     <span class='ocr_line' id='line_1_60' title="bbox 931 769 1724 803; baseline 0.003 -9"><span class='ocrx_word' id='word_1_387' title='bbox 931 769 1058 803; x_wconf 72' lang='lat' dir='ltr'><strong>futilibus,</strong></span> <span class='ocrx_word' id='word_1_388' title='bbox 1075 769 1207 795; x_wconf 79' lang='lat' dir='ltr'><strong>montibus</strong></span> <span class='ocrx_word' id='word_1_389' title='bbox 1223 774 1247 795; x_wconf 74' lang='lat' dir='ltr'><strong>ct</strong></span> <span class='ocrx_word' id='word_1_390' title='bbox 1262 770 1472 802; x_wconf 73' lang='lat' dir='ltr'><strong>promontoriis;</strong></span> <span class='ocrx_word' id='word_1_391' title='bbox 1489 769 1643 796; x_wconf 80' lang='lat' dir='ltr'><strong>Fluminum</strong></span> <span class='ocrx_word' id='word_1_392' title='bbox 1665 772 1724 796; x_wconf 83' lang='lat' dir='ltr'><strong>bre-</strong></span> 
     </span>
    </p>
   </div>
   <div class='ocr_carea' id='block_1_61' title="bbox 932 814 1726 847">
    <p class='ocr_par' dir='ltr' id='par_1_61' title="bbox 932 814 1726 847">
     <span class='ocr_line' id='line_1_61' title="bbox 932 814 1726 847; baseline 0 -7"><span class='ocrx_word' id='word_1_393' title='bbox 932 815 969 841; x_wconf 72' lang='lat' dir='ltr'><strong>vis</strong></span> <span class='ocrx_word' id='word_1_394' title='bbox 990 815 1104 841; x_wconf 70' lang='lat' dir='ltr'><strong>recensio</strong></span> <span class='ocrx_word' id='word_1_395' title='bbox 1123 816 1265 841; x_wconf 73' lang='lat' dir='ltr'><strong>secundant</strong></span> <span class='ocrx_word' id='word_1_396' title='bbox 1289 814 1408 841; x_wconf 84' lang='lat' dir='ltr'><strong>ordinem</strong></span> <span class='ocrx_word' id='word_1_397' title='bbox 1432 814 1647 847; x_wconf 76' lang='lat' dir='ltr'><strong>alphabetical&quot;;</strong></span> <span class='ocrx_word' id='word_1_398' title='bbox 1665 814 1726 842; x_wconf 89' lang='lat' dir='ltr'><strong>Col-</strong></span> 
     </span>
    </p>
   </div>
   <div class='ocr_carea' id='block_1_62' title="bbox 933 860 1726 893">
    <p class='ocr_par' dir='ltr' id='par_1_62' title="bbox 933 860 1726 893">
     <span class='ocr_line' id='line_1_62' title="bbox 933 860 1726 893; baseline 0 -6"><span class='ocrx_word' id='word_1_399' title='bbox 933 861 1009 888; x_wconf 74' lang='lat' dir='ltr'><strong>lectio</strong></span> <span class='ocrx_word' id='word_1_400' title='bbox 1036 865 1060 887; x_wconf 82' lang='lat' dir='ltr'><strong>et</strong></span> <span class='ocrx_word' id='word_1_401' title='bbox 1088 860 1189 888; x_wconf 84' lang='lat' dir='ltr'><strong>Tabula</strong></span> <span class='ocrx_word' id='word_1_402' title='bbox 1214 861 1330 888; x_wconf 86' lang='lat' dir='ltr'><strong>omnium</strong></span> <span class='ocrx_word' id='word_1_403' title='bbox 1358 862 1438 888; x_wconf 85' lang='lat' dir='ltr'><strong>totius</strong></span> <span class='ocrx_word' id='word_1_404' title='bbox 1458 866 1534 887; x_wconf 67' lang='lat' dir='ltr'><strong>ten-rc</strong></span> <span class='ocrx_word' id='word_1_405' title='bbox 1555 860 1680 893; x_wconf 85' lang='lat' dir='ltr'><strong>urbium,</strong></span> <span class='ocrx_word' id='word_1_406' title='bbox 1699 866 1726 889; x_wconf 83' lang='lat' dir='ltr'><strong>et</strong></span> 
     </span>
    </p>
   </div>
   <div class='ocr_carea' id='block_1_63' title="bbox 932 906 994 933">
    <p class='ocr_par' dir='ltr' id='par_1_63' title="bbox 932 906 994 933">
     <span class='ocr_line' id='line_1_63' title="bbox 932 906 994 933; baseline 0 -1"><span class='ocrx_word' id='word_1_407' title='bbox 932 906 994 933; x_wconf 85' lang='lat' dir='ltr'><strong>alia.</strong></span> 
     </span>
    </p>
   </div>
   <div class='ocr_carea' id='block_1_64' title="bbox 967 952 1727 990">
    <p class='ocr_par' dir='ltr' id='par_1_64' title="bbox 967 952 1727 990">
     <span class='ocr_line' id='line_1_64' title="bbox 967 952 1727 990; baseline 0.004 -11"><span class='ocrx_word' id='word_1_408' title='bbox 967 953 1111 987; x_wconf 77' lang='lat' dir='ltr'><strong>Diogenes,</strong></span> <span class='ocrx_word' id='word_1_409' title='bbox 1133 952 1244 985; x_wconf 81' lang='lat' dir='ltr'><strong>llicesii,</strong></span> <span class='ocrx_word' id='word_1_410' title='bbox 1262 954 1411 988; x_wconf 73' lang='lat' dir='ltr'><strong>trapezitae,</strong></span> <span class='ocrx_word' id='word_1_411' title='bbox 1426 953 1447 980; x_wconf 84' lang='lat' dir='ltr'><strong>F</strong></span> <span class='ocrx_word' id='word_1_412' title='bbox 1463 974 1470 986; x_wconf 91' lang='lat'><strong>,</strong></span> <span class='ocrx_word' id='word_1_413' title='bbox 1486 954 1660 990; x_wconf 83' lang='lat' dir='ltr'><strong>Sinopensis,</strong></span> <span class='ocrx_word' id='word_1_414' title='bbox 1671 954 1727 989; x_wconf 84' lang='lat' dir='ltr'><strong>pri-</strong></span> 
     </span>
    </p>
   </div>
   <div class='ocr_carea' id='block_1_65' title="bbox 933 999 1725 1035">
    <p class='ocr_par' dir='ltr' id='par_1_65' title="bbox 933 999 1725 1035">
     <span class='ocr_line' id='line_1_65' title="bbox 933 999 1725 1035; baseline 0.003 -9"><span class='ocrx_word' id='word_1_415' title='bbox 933 1007 1007 1026; x_wconf 92' lang='lat' dir='ltr'><strong>mum</strong></span> <span class='ocrx_word' id='word_1_416' title='bbox 1023 1000 1105 1026; x_wconf 81' lang='lat' dir='ltr'><strong>Cleon</strong></span> <span class='ocrx_word' id='word_1_417' title='bbox 1124 999 1242 1035; x_wconf 67' lang='lat' dir='ltr'><strong>(Mt&#39;llﬂg.</strong></span> <span class='ocrx_word' id='word_1_418' title='bbox 1262 1000 1352 1034; x_wconf 65' lang='grc' dir='ltr'><strong>κλύω)</strong></span> <span class='ocrx_word' id='word_1_419' title='bbox 1371 1001 1592 1035; x_wconf 69' lang='lat' dir='ltr'><strong>cognominatus.</strong></span> <span class='ocrx_word' id='word_1_420' title='bbox 1616 1002 1703 1035; x_wconf 77' lang='lat' dir='ltr'><strong>patria</strong></span> <span class='ocrx_word' id='word_1_421' title='bbox 1717 1021 1725 1032; x_wconf 93' lang='lat'><strong>,</strong></span> 
     </span>
    </p>
   </div>
   <div class='ocr_carea' id='block_1_66' title="bbox 932 1045 1727 1080">
    <p class='ocr_par' dir='ltr' id='par_1_66' title="bbox 932 1045 1727 1080">
     <span class='ocr_line' id='line_1_66' title="bbox 932 1045 1727 1080; baseline 0.004 -10"><span class='ocrx_word' id='word_1_422' title='bbox 932 1045 1003 1078; x_wconf 86' lang='lat' dir='ltr'><strong>quod</strong></span> <span class='ocrx_word' id='word_1_423' title='bbox 1016 1050 1151 1071; x_wconf 81' lang='lat' dir='ltr'><strong>monetam</strong></span> <span class='ocrx_word' id='word_1_424' title='bbox 1165 1045 1357 1078; x_wconf 81' lang='lat' dir='ltr'><strong>adulterasset,</strong></span> <span class='ocrx_word' id='word_1_425' title='bbox 1371 1045 1514 1080; x_wconf 75' lang='lat' dir='ltr'><strong>profugus,</strong></span> <span class='ocrx_word' id='word_1_426' title='bbox 1525 1047 1727 1079; x_wconf 68' lang='lat' dir='ltr'><strong>Antisthenen),</strong></span> 
     </span>
    </p>
   </div>
   <div class='ocr_carea' id='block_1_67' title="bbox 931 1091 1726 1127">
    <p class='ocr_par' dir='ltr' id='par_1_67' title="bbox 931 1091 1726 1127">
     <span class='ocr_line' id='line_1_67' title="bbox 931 1091 1726 1127; baseline 0.003 -10"><span class='ocrx_word' id='word_1_427' title='bbox 931 1091 1068 1125; x_wconf 60' lang='lat' dir='ltr'><strong>cynicum,</strong></span> <span class='ocrx_word' id='word_1_428' title='bbox 1083 1095 1204 1118; x_wconf 75' lang='lat' dir='ltr'><strong>sectatus</strong></span> <span class='ocrx_word' id='word_1_429' title='bbox 1220 1097 1272 1124; x_wconf 66' lang='lat' dir='ltr'><strong>est,</strong></span> <span class='ocrx_word' id='word_1_430' title='bbox 1295 1093 1401 1126; x_wconf 77' lang='lat' dir='ltr'><strong>magnis</strong></span> <span class='ocrx_word' id='word_1_431' title='bbox 1424 1100 1493 1126; x_wconf 90' lang='lat' dir='ltr'><strong>quas</strong></span> <span class='ocrx_word' id='word_1_432' title='bbox 1526 1093 1642 1119; x_wconf 82' lang='lat' dir='ltr'><strong>habebat</strong></span> <span class='ocrx_word' id='word_1_433' title='bbox 1665 1094 1726 1127; x_wconf 77' lang='lat' dir='ltr'><strong>Opi-</strong></span> 
     </span>
    </p>
   </div>
   <div class='ocr_carea' id='block_1_68' title="bbox 932 1137 1727 1173">
    <p class='ocr_par' dir='ltr' id='par_1_68' title="bbox 932 1137 1727 1173">
     <span class='ocr_line' id='line_1_68' title="bbox 932 1137 1727 1173; baseline 0.005 -11"><span class='ocrx_word' id='word_1_434' title='bbox 932 1137 981 1163; x_wconf 87' lang='lat' dir='ltr'><strong>hus</strong></span> <span class='ocrx_word' id='word_1_435' title='bbox 1001 1138 1176 1172; x_wconf 87' lang='lat' dir='ltr'><strong>contemptis.</strong></span> <span class='ocrx_word' id='word_1_436' title='bbox 1214 1137 1301 1165; x_wconf 80' lang='lat' dir='ltr'><strong>Senex</strong></span> <span class='ocrx_word' id='word_1_437' title='bbox 1327 1146 1341 1164; x_wconf 87' lang='lat' dir='ltr'><strong>a</strong></span> <span class='ocrx_word' id='word_1_438' title='bbox 1361 1138 1488 1171; x_wconf 86' lang='lat' dir='ltr'><strong>Scirtalo,</strong></span> <span class='ocrx_word' id='word_1_439' title='bbox 1514 1139 1613 1173; x_wconf 82' lang='lat' dir='ltr'><strong>pirata,</strong></span> <span class='ocrx_word' id='word_1_440' title='bbox 1631 1143 1727 1173; x_wconf 85' lang='lat' dir='ltr'><strong>captus</strong></span> 
     </span>
    </p>
   </div>
   <div class='ocr_carea' id='block_1_69' title="bbox 932 1183 1727 1220">
    <p class='ocr_par' dir='ltr' id='par_1_69' title="bbox 932 1183 1727 1220">
     <span class='ocr_line' id='line_1_69' title="bbox 932 1183 1727 1220; baseline 0.001 -10"><span class='ocrx_word' id='word_1_441' title='bbox 932 1189 957 1210; x_wconf 88' lang='lat' dir='ltr'><strong>et</strong></span> <span class='ocrx_word' id='word_1_442' title='bbox 973 1183 1110 1213; x_wconf 75' lang='lat' dir='ltr'><strong>Xeuiadze.</strong></span> <span class='ocrx_word' id='word_1_443' title='bbox 1131 1185 1286 1216; x_wconf 89' lang='lat' dir='ltr'><strong>Corinthio,</strong></span> <span class='ocrx_word' id='word_1_444' title='bbox 1303 1185 1428 1212; x_wconf 68' lang='lat' dir='ltr'><strong>venditus</strong></span> <span class='ocrx_word' id='word_1_445' title='bbox 1442 1187 1512 1219; x_wconf 88' lang='lat' dir='ltr'><strong>apud</strong></span> <span class='ocrx_word' id='word_1_446' title='bbox 1527 1193 1587 1211; x_wconf 86' lang='lat' dir='ltr'><strong>cum</strong></span> <span class='ocrx_word' id='word_1_447' title='bbox 1601 1193 1727 1220; x_wconf 84' lang='lat' dir='ltr'><strong>perman-</strong></span> 
     </span>
    </p>
   </div>
   <div class='ocr_carea' id='block_1_70' title="bbox 932 1230 1726 1263">
    <p class='ocr_par' dir='ltr' id='par_1_70' title="bbox 932 1230 1726 1263">
     <span class='ocr_line' id='line_1_70' title="bbox 932 1230 1726 1263; baseline 0.001 -7"><span class='ocrx_word' id='word_1_448' title='bbox 932 1230 977 1263; x_wconf 78' lang='lat' dir='ltr'><strong>sit,</strong></span> <span class='ocrx_word' id='word_1_449' title='bbox 993 1238 1041 1257; x_wconf 88' lang='lat' dir='ltr'><strong>nec</strong></span> <span class='ocrx_word' id='word_1_450' title='bbox 1055 1231 1089 1257; x_wconf 89' lang='lat' dir='ltr'><strong>ab</strong></span> <span class='ocrx_word' id='word_1_451' title='bbox 1101 1231 1316 1258; x_wconf 77' lang='lat' dir='ltr'><strong>Atheniensibus</strong></span> <span class='ocrx_word' id='word_1_452' title='bbox 1331 1239 1380 1258; x_wconf 86' lang='lat' dir='ltr'><strong>nec</strong></span> <span class='ocrx_word' id='word_1_453' title='bbox 1397 1231 1430 1257; x_wconf 90' lang='lat' dir='ltr'><strong>ab</strong></span> <span class='ocrx_word' id='word_1_454' title='bbox 1452 1231 1547 1257; x_wconf 88' lang='lat' dir='ltr'><strong>amicis</strong></span> <span class='ocrx_word' id='word_1_455' title='bbox 1561 1232 1657 1258; x_wconf 78' lang='lat' dir='ltr'><strong>lCtllllll</strong></span> <span class='ocrx_word' id='word_1_456' title='bbox 1677 1239 1726 1258; x_wconf 83' lang='lat' dir='ltr'><strong>vo-</strong></span> 
     </span>
    </p>
   </div>
   <div class='ocr_carea' id='block_1_71' title="bbox 932 1277 1725 1313">
    <p class='ocr_par' dir='ltr' id='par_1_71' title="bbox 932 1277 1725 1313">
     <span class='ocr_line' id='line_1_71' title="bbox 932 1277 1725 1313; baseline 0.003 -10"><span class='ocrx_word' id='word_1_457' title='bbox 932 1277 1000 1304; x_wconf 83' lang='lat' dir='ltr'><strong>letis.</strong></span> <span class='ocrx_word' id='word_1_458' title='bbox 1021 1277 1095 1304; x_wconf 87' lang='lat' dir='ltr'><strong>Ubiit</strong></span> <span class='ocrx_word' id='word_1_459' title='bbox 1112 1278 1214 1313; x_wconf 88' lang='lat' dir='ltr'><strong>olymp.</strong></span> <span class='ocrx_word' id='word_1_460' title='bbox 1229 1277 1321 1309; x_wconf 69' lang='lat' dir='ltr'><strong>(IXlll,</strong></span> <span class='ocrx_word' id='word_1_461' title='bbox 1336 1286 1395 1305; x_wconf 90' lang='lat' dir='ltr'><strong>cum</strong></span> <span class='ocrx_word' id='word_1_462' title='bbox 1412 1278 1580 1304; x_wconf 86' lang='lat' dir='ltr'><strong>curationem</strong></span> <span class='ocrx_word' id='word_1_463' title='bbox 1599 1279 1698 1311; x_wconf 82' lang='lat' dir='ltr'><strong>cruris,</strong></span> <span class='ocrx_word' id='word_1_464' title='bbox 1711 1287 1725 1305; x_wconf 91' lang='lat' dir='ltr'><strong>a</strong></span> 
     </span>
    </p>
   </div>
   <div class='ocr_carea' id='block_1_72' title="bbox 931 1323 1726 1359">
    <p class='ocr_par' dir='ltr' id='par_1_72' title="bbox 931 1323 1726 1359">
     <span class='ocr_line' id='line_1_72' title="bbox 931 1323 1726 1359; baseline 0.003 -9"><span class='ocrx_word' id='word_1_465' title='bbox 931 1332 998 1351; x_wconf 90' lang='lat' dir='ltr'><strong>(aue</strong></span> <span class='ocrx_word' id='word_1_466' title='bbox 1015 1325 1147 1357; x_wconf 85' lang='lat' dir='ltr'><strong>admorsi,</strong></span> <span class='ocrx_word' id='word_1_467' title='bbox 1164 1325 1338 1359; x_wconf 78' lang='lat' dir='ltr'><strong>neglexisset,</strong></span> <span class='ocrx_word' id='word_1_468' title='bbox 1356 1325 1450 1352; x_wconf 85' lang='lat' dir='ltr'><strong>eodem</strong></span> <span class='ocrx_word' id='word_1_469' title='bbox 1469 1323 1513 1351; x_wconf 82' lang='lat' dir='ltr'><strong>dic</strong></span> <span class='ocrx_word' id='word_1_470' title='bbox 1542 1331 1596 1358; x_wconf 82' lang='lat' dir='ltr'><strong>quo</strong></span> <span class='ocrx_word' id='word_1_471' title='bbox 1609 1325 1726 1353; x_wconf 80' lang='lat' dir='ltr'><strong>Alexan-</strong></span> 
     </span>
    </p>
   </div>
   <div class='ocr_carea' id='block_1_73' title="bbox 930 1368 1296 1405">
    <p class='ocr_par' dir='ltr' id='par_1_73' title="bbox 930 1368 1296 1405">
     <span class='ocr_line' id='line_1_73' title="bbox 930 1368 1296 1405; baseline 0.003 -9"><span class='ocrx_word' id='word_1_472' title='bbox 930 1369 978 1396; x_wconf 87' lang='lat' dir='ltr'><strong>der</strong></span> <span class='ocrx_word' id='word_1_473' title='bbox 996 1368 1133 1405; x_wconf 82' lang='lat' dir='ltr'><strong>Bahyloue</strong></span> <span class='ocrx_word' id='word_1_474' title='bbox 1149 1370 1227 1401; x_wconf 81' lang='lat' dir='ltr'><strong>obiit,</strong></span> <span class='ocrx_word' id='word_1_475' title='bbox 1242 1375 1296 1398; x_wconf 85' lang='lat' dir='ltr'><strong>etc.</strong></span> 
     </span>
    </p>
   </div>
   <div class='ocr_carea' id='block_1_74' title="bbox 969 1414 1727 1452">
    <p class='ocr_par' dir='ltr' id='par_1_74' title="bbox 969 1414 1727 1452">
     <span class='ocr_line' id='line_1_74' title="bbox 969 1414 1727 1452; baseline 0.004 -12"><span class='ocrx_word' id='word_1_476' title='bbox 969 1414 1110 1450; x_wconf 61' lang='lat' dir='ltr'><strong>Diogenes,</strong></span> <span class='ocrx_word' id='word_1_477' title='bbox 1135 1416 1172 1442; x_wconf 65' lang='lat' dir='ltr'><strong>vel</strong></span> <span class='ocrx_word' id='word_1_478' title='bbox 1189 1415 1382 1450; x_wconf 79' lang='lat' dir='ltr'><strong>Diogeniauus,</strong></span> <span class='ocrx_word' id='word_1_479' title='bbox 1399 1415 1564 1452; x_wconf 84' lang='lat' dir='ltr'><strong>Cyziccnus,</strong></span> <span class='ocrx_word' id='word_1_480' title='bbox 1588 1424 1727 1452; x_wconf 79' lang='lat' dir='ltr'><strong>gramma-</strong></span> 
     </span>
    </p>
   </div>
   <div class='ocr_carea' id='block_1_75' title="bbox 931 1461 1727 1498">
    <p class='ocr_par' dir='ltr' id='par_1_75' title="bbox 931 1461 1727 1498">
     <span class='ocr_line' id='line_1_75' title="bbox 931 1461 1727 1498; baseline 0.003 -11"><span class='ocrx_word' id='word_1_481' title='bbox 931 1461 1012 1493; x_wconf 82' lang='lat' dir='ltr'><strong>ticus,</strong></span> <span class='ocrx_word' id='word_1_482' title='bbox 1029 1461 1140 1495; x_wconf 80' lang='lat' dir='ltr'><strong>scripsit</strong></span> <span class='ocrx_word' id='word_1_483' title='bbox 1155 1461 1274 1496; x_wconf 80' lang='lat' dir='ltr'><strong>Origines</strong></span> <span class='ocrx_word' id='word_1_484' title='bbox 1296 1462 1404 1496; x_wconf 67' lang='lat' dir='ltr'><strong>Cyzici;</strong></span> <span class='ocrx_word' id='word_1_485' title='bbox 1420 1464 1486 1498; x_wconf 76' lang='grc' dir='ltr'><strong>Περὶ</strong></span> <span class='ocrx_word' id='word_1_486' title='bbox 1500 1463 1554 1490; x_wconf 80' lang='grc' dir='ltr'><strong>τῶν</strong></span> <span class='ocrx_word' id='word_1_487' title='bbox 1570 1465 1598 1489; x_wconf 82' lang='grc' dir='ltr'>ἐν</span> <span class='ocrx_word' id='word_1_488' title='bbox 1614 1464 1670 1496; x_wconf 64' lang='grc' dir='ltr'><strong>ταῖς</strong></span> <span class='ocrx_word' id='word_1_489' title='bbox 1687 1462 1727 1496; x_wconf 85' lang='grc' dir='ltr'><strong>βι-</strong></span> 
     </span>
    </p>
   </div>
   <div class='ocr_carea' id='block_1_76' title="bbox 894 1507 1725 1555">
    <p class='ocr_par' dir='ltr' id='par_1_76' title="bbox 894 1507 1725 1555">
     <span class='ocr_line' id='line_1_76' title="bbox 894 1507 1725 1555; baseline 0.005 -23"><span class='ocrx_word' id='word_1_490' title='bbox 894 1526 915 1555; x_wconf 71' lang='lat' dir='ltr'><strong><em>C</em></strong></span> <span class='ocrx_word' id='word_1_491' title='bbox 932 1507 1017 1538; x_wconf 68' lang='grc' dir='ltr'><strong>(ἐλέοις</strong></span> <span class='ocrx_word' id='word_1_492' title='bbox 1027 1509 1161 1543; x_wconf 77' lang='grc' dir='ltr'><strong>σημείων,</strong></span> <span class='ocrx_word' id='word_1_493' title='bbox 1173 1507 1208 1535; x_wconf 83' lang='lat' dir='ltr'><strong>De</strong></span> <span class='ocrx_word' id='word_1_494' title='bbox 1221 1509 1289 1534; x_wconf 85' lang='lat' dir='ltr'><strong>notis</strong></span> <span class='ocrx_word' id='word_1_495' title='bbox 1299 1509 1397 1535; x_wconf 81' lang='lat' dir='ltr'><strong>criticis</strong></span> <span class='ocrx_word' id='word_1_496' title='bbox 1411 1508 1550 1536; x_wconf 80' lang='lat' dir='ltr'><strong>librorum.</strong></span> <span class='ocrx_word' id='word_1_497' title='bbox 1562 1510 1599 1536; x_wconf 88' lang='lat' dir='ltr'><strong>De</strong></span> <span class='ocrx_word' id='word_1_498' title='bbox 1613 1510 1725 1544; x_wconf 83' lang='lat' dir='ltr'><strong>poetica.</strong></span> 
     </span>
    </p>
   </div>
   <div class='ocr_carea' id='block_1_77' title="bbox 933 1553 1131 1581">
    <p class='ocr_par' dir='ltr' id='par_1_77' title="bbox 933 1553 1131 1581">
     <span class='ocr_line' id='line_1_77' title="bbox 933 1553 1131 1581; baseline 0.01 -2"><span class='ocrx_word' id='word_1_499' title='bbox 933 1553 969 1580; x_wconf 84' lang='lat' dir='ltr'><strong>De</strong></span> <span class='ocrx_word' id='word_1_500' title='bbox 987 1553 1131 1581; x_wconf 84' lang='lat' dir='ltr'><strong>elementis.</strong></span> 
     </span>
    </p>
   </div>
   <div class='ocr_carea' id='block_1_78' title="bbox 969 1599 1726 1637">
    <p class='ocr_par' dir='ltr' id='par_1_78' title="bbox 969 1599 1726 1637">
     <span class='ocr_line' id='line_1_78' title="bbox 969 1599 1726 1637; baseline 0.008 -12"><span class='ocrx_word' id='word_1_501' title='bbox 969 1599 1102 1635; x_wconf 78' lang='lat' dir='ltr'><strong>Diogenes</strong></span> <span class='ocrx_word' id='word_1_502' title='bbox 1124 1601 1162 1627; x_wconf 89' lang='lat' dir='ltr'><strong>vel</strong></span> <span class='ocrx_word' id='word_1_503' title='bbox 1187 1599 1361 1633; x_wconf 84' lang='lat' dir='ltr'><strong>OEnomaus,</strong></span> <span class='ocrx_word' id='word_1_504' title='bbox 1382 1601 1567 1634; x_wconf 79' lang='lat' dir='ltr'><strong>Atheniensis,</strong></span> <span class='ocrx_word' id='word_1_505' title='bbox 1591 1603 1726 1637; x_wconf 74' lang='lat' dir='ltr'><strong>tragicus.</strong></span> 
     </span>
    </p>
   </div>
   <div class='ocr_carea' id='block_1_79' title="bbox 932 1645 1727 1682">
    <p class='ocr_par' dir='ltr' id='par_1_79' title="bbox 932 1645 1727 1682">
     <span class='ocr_line' id='line_1_79' title="bbox 932 1645 1727 1682; baseline 0.008 -11"><span class='ocrx_word' id='word_1_506' title='bbox 932 1650 1055 1679; x_wconf 80' lang='lat' dir='ltr'><strong>tempore</strong></span> <span class='ocrx_word' id='word_1_507' title='bbox 1069 1646 1239 1672; x_wconf 86' lang='lat' dir='ltr'><strong>sublaturum</strong></span> <span class='ocrx_word' id='word_1_508' title='bbox 1254 1645 1328 1672; x_wconf 71' lang='lat' dir='ltr'><strong>XXX</strong></span> <span class='ocrx_word' id='word_1_509' title='bbox 1341 1651 1530 1681; x_wconf 77' lang='lat' dir='ltr'><strong>tyrannorum.</strong></span> <span class='ocrx_word' id='word_1_510' title='bbox 1545 1647 1654 1676; x_wconf 65' lang='lat' dir='ltr'><strong>Fabula:</strong></span> <span class='ocrx_word' id='word_1_511' title='bbox 1666 1649 1727 1682; x_wconf 73' lang='lat' dir='ltr'><strong>ejus</strong></span> 
     </span>
    </p>
   </div>
   <div class='ocr_carea' id='block_1_80' title="bbox 931 1692 1724 1729">
    <p class='ocr_par' dir='ltr' id='par_1_80' title="bbox 931 1692 1724 1729">
     <span class='ocr_line' id='line_1_80' title="bbox 931 1692 1724 1729; baseline 0.004 -10"><span class='ocrx_word' id='word_1_512' title='bbox 931 1697 995 1720; x_wconf 88' lang='lat' dir='ltr'><strong>sunt</strong></span> <span class='ocrx_word' id='word_1_513' title='bbox 1011 1692 1137 1724; x_wconf 79' lang='lat' dir='ltr'><strong>Achilles,</strong></span> <span class='ocrx_word' id='word_1_514' title='bbox 1157 1692 1259 1719; x_wconf 76' lang='lat' dir='ltr'><strong>Helena</strong></span> <span class='ocrx_word' id='word_1_515' title='bbox 1270 1714 1277 1726; x_wconf 89' lang='lat'><strong>,</strong></span> <span class='ocrx_word' id='word_1_516' title='bbox 1300 1692 1442 1725; x_wconf 70' lang='lat' dir='ltr'><strong>[lci-cules,</strong></span> <span class='ocrx_word' id='word_1_517' title='bbox 1459 1693 1593 1729; x_wconf 76' lang='lat' dir='ltr'><strong>Thyestes,</strong></span> <span class='ocrx_word' id='word_1_518' title='bbox 1613 1695 1704 1723; x_wconf 82' lang='lat' dir='ltr'><strong>Medea</strong></span> <span class='ocrx_word' id='word_1_519' title='bbox 1716 1716 1724 1728; x_wconf 90' lang='lat'><strong>,</strong></span> 
     </span>
    </p>
   </div>
   <div class='ocr_carea' id='block_1_81' title="bbox 932 1739 1385 1775">
    <p class='ocr_par' dir='ltr' id='par_1_81' title="bbox 932 1739 1385 1775">
     <span class='ocr_line' id='line_1_81' title="bbox 932 1739 1385 1775; baseline 0 -8"><span class='ocrx_word' id='word_1_520' title='bbox 932 1740 1063 1774; x_wconf 84' lang='lat' dir='ltr'><strong>OEdipus,</strong></span> <span class='ocrx_word' id='word_1_521' title='bbox 1085 1739 1121 1766; x_wconf 83' lang='lat' dir='ltr'><strong>Ch</strong></span> <span class='ocrx_word' id='word_1_522' title='bbox 1127 1741 1259 1775; x_wconf 70' lang='lat' dir='ltr'><strong>rysippus,</strong></span> <span class='ocrx_word' id='word_1_523' title='bbox 1276 1739 1385 1767; x_wconf 72' lang='lat' dir='ltr'><strong>Seu-rte.</strong></span> 
     </span>
    </p>
   </div>
   <div class='ocr_carea' id='block_1_82' title="bbox 966 1785 1728 1824">
    <p class='ocr_par' dir='ltr' id='par_1_82' title="bbox 966 1785 1728 1824">
     <span class='ocr_line' id='line_1_82' title="bbox 966 1785 1728 1824; baseline 0.007 -12"><span class='ocrx_word' id='word_1_524' title='bbox 966 1786 1046 1819; x_wconf 87' lang='lat' dir='ltr'><strong>Dion,</strong></span> <span class='ocrx_word' id='word_1_525' title='bbox 1072 1785 1212 1821; x_wconf 89' lang='lat' dir='ltr'><strong>llippariui</strong></span> <span class='ocrx_word' id='word_1_526' title='bbox 1251 1786 1301 1819; x_wconf 89' lang='lat' dir='ltr'><strong>F.,</strong></span> <span class='ocrx_word' id='word_1_527' title='bbox 1319 1786 1527 1823; x_wconf 65' lang='lat' dir='ltr'><strong>Syracusanus,</strong></span> <span class='ocrx_word' id='word_1_528' title='bbox 1549 1788 1728 1824; x_wconf 72' lang='lat' dir='ltr'><strong>philosophus</strong></span> 
     </span>
    </p>
   </div>
   <div class='ocr_carea' id='block_1_83' title="bbox 931 1832 1725 1870">
    <p class='ocr_par' dir='ltr' id='par_1_83' title="bbox 931 1832 1725 1870">
     <span class='ocr_line' id='line_1_83' title="bbox 931 1832 1725 1870; baseline 0.003 -10"><span class='ocrx_word' id='word_1_529' title='bbox 931 1833 1099 1865; x_wconf 69' lang='lat' dir='ltr'><strong>Platonicus,</strong></span> <span class='ocrx_word' id='word_1_530' title='bbox 1117 1832 1335 1866; x_wconf 75' lang='lat' dir='ltr'><strong>Aristomacbte,</strong></span> <span class='ocrx_word' id='word_1_531' title='bbox 1360 1835 1453 1861; x_wconf 80' lang='lat' dir='ltr'><strong>uxoris</strong></span> <span class='ocrx_word' id='word_1_532' title='bbox 1475 1833 1595 1870; x_wconf 69' lang='lat' dir='ltr'><strong>Ditmysii</strong></span> <span class='ocrx_word' id='word_1_533' title='bbox 1616 1835 1725 1869; x_wconf 88' lang='lat' dir='ltr'><strong>prioris,</strong></span> 
     </span>
    </p>
   </div>
   <div class='ocr_carea' id='block_1_84' title="bbox 930 1880 1722 1920">
    <p class='ocr_par' dir='ltr' id='par_1_84' title="bbox 930 1880 1722 1920">
     <span class='ocr_line' id='line_1_84' title="bbox 930 1880 1722 1920; baseline 0.001 -12"><span class='ocrx_word' id='word_1_534' title='bbox 930 1880 1030 1908; x_wconf 73' lang='lat' dir='ltr'><strong>Siciliae</strong></span> <span class='ocrx_word' id='word_1_535' title='bbox 1046 1881 1164 1916; x_wconf 90' lang='lat' dir='ltr'><strong>tyranni,</strong></span> <span class='ocrx_word' id='word_1_536' title='bbox 1179 1880 1272 1912; x_wconf 78' lang='lat' dir='ltr'><strong>frater,</strong></span> <span class='ocrx_word' id='word_1_537' title='bbox 1294 1881 1371 1914; x_wconf 88' lang='lat' dir='ltr'><strong>cujus</strong></span> <span class='ocrx_word' id='word_1_538' title='bbox 1392 1882 1488 1913; x_wconf 83' lang='lat' dir='ltr'><strong>tilium,</strong></span> <span class='ocrx_word' id='word_1_539' title='bbox 1504 1882 1662 1920; x_wconf 79' lang='lat' dir='ltr'><strong>Dionysium</strong></span> <span class='ocrx_word' id='word_1_540' title='bbox 1676 1883 1722 1917; x_wconf 81' lang='lat' dir='ltr'><strong>ju-</strong></span> 
     </span>
    </p>
   </div>
   <div class='ocr_carea' id='block_1_85' title="bbox 930 1926 1724 1964">
    <p class='ocr_par' dir='ltr' id='par_1_85' title="bbox 930 1926 1724 1964">
     <span class='ocr_line' id='line_1_85' title="bbox 930 1926 1724 1964; baseline 0.003 -10"><span class='ocrx_word' id='word_1_541' title='bbox 930 1927 1047 1960; x_wconf 90' lang='lat' dir='ltr'><strong>niorem,</strong></span> <span class='ocrx_word' id='word_1_542' title='bbox 1071 1926 1160 1961; x_wconf 90' lang='lat' dir='ltr'><strong>ejccit,</strong></span> <span class='ocrx_word' id='word_1_543' title='bbox 1183 1926 1303 1960; x_wconf 85' lang='lat' dir='ltr'><strong>dcjcctus</strong></span> <span class='ocrx_word' id='word_1_544' title='bbox 1326 1927 1447 1955; x_wconf 83' lang='lat' dir='ltr'><strong>vicissim</strong></span> <span class='ocrx_word' id='word_1_545' title='bbox 1463 1935 1477 1955; x_wconf 86' lang='lat' dir='ltr'><strong>a</strong></span> <span class='ocrx_word' id='word_1_546' title='bbox 1507 1927 1590 1956; x_wconf 77' lang='lat' dir='ltr'><strong>fratre</strong></span> <span class='ocrx_word' id='word_1_547' title='bbox 1621 1929 1724 1964; x_wconf 57' lang='lat' dir='ltr'><strong>ipsius,</strong></span> 
     </span>
    </p>
   </div>
   <div class='ocr_carea' id='block_1_86' title="bbox 930 1971 1726 2008">
    <p class='ocr_par' dir='ltr' id='par_1_86' title="bbox 930 1971 1726 2008">
     <span class='ocr_line' id='line_1_86' title="bbox 930 1971 1726 2008; baseline 0.001 -7"><span class='ocrx_word' id='word_1_548' title='bbox 930 1973 1031 2001; x_wconf 76' lang='lat' dir='ltr'><strong>Nisaee.</strong></span> <span class='ocrx_word' id='word_1_549' title='bbox 1062 1971 1182 2008; x_wconf 89' lang='lat' dir='ltr'><strong>Scripsit</strong></span> <span class='ocrx_word' id='word_1_550' title='bbox 1206 1971 1341 2006; x_wconf 72' lang='lat' dir='ltr'><strong>Epistolas</strong></span> <span class='ocrx_word' id='word_1_551' title='bbox 1366 1974 1399 2000; x_wconf 87' lang='lat' dir='ltr'><strong>ad</strong></span> <span class='ocrx_word' id='word_1_552' title='bbox 1425 1973 1566 2003; x_wconf 80' lang='lat' dir='ltr'><strong>Platonem</strong></span> <span class='ocrx_word' id='word_1_553' title='bbox 1597 1981 1624 2001; x_wconf 87' lang='lat' dir='ltr'><strong>et</strong></span> <span class='ocrx_word' id='word_1_554' title='bbox 1656 1975 1726 2003; x_wconf 75' lang='lat' dir='ltr'><strong>alios</strong></span> 
     </span>
    </p>
   </div>
   <div class='ocr_carea' id='block_1_87' title="bbox 931 2017 1075 2052">
    <p class='ocr_par' dir='ltr' id='par_1_87' title="bbox 931 2017 1075 2052">
     <span class='ocr_line' id='line_1_87' title="bbox 931 2017 1075 2052; baseline -0.021 -6"><span class='ocrx_word' id='word_1_555' title='bbox 931 2017 1075 2052; x_wconf 87' lang='lat' dir='ltr'><strong>quosdam.</strong></span> 
     </span>
    </p>
   </div>
   <div class='ocr_carea' id='block_1_88' title="bbox 967 2062 1725 2098">
    <p class='ocr_par' dir='ltr' id='par_1_88' title="bbox 967 2062 1725 2098">
     <span class='ocr_line' id='line_1_88' title="bbox 967 2062 1725 2098; baseline 0.001 -9"><span class='ocrx_word' id='word_1_556' title='bbox 967 2064 1034 2090; x_wconf 90' lang='lat' dir='ltr'><strong>Dion</strong></span> <span class='ocrx_word' id='word_1_557' title='bbox 1045 2062 1169 2096; x_wconf 89' lang='lat' dir='ltr'><strong>Cassius,</strong></span> <span class='ocrx_word' id='word_1_558' title='bbox 1177 2062 1339 2098; x_wconf 76' lang='lat' dir='ltr'><strong>cognomine</strong></span> <span class='ocrx_word' id='word_1_559' title='bbox 1349 2062 1480 2090; x_wconf 88' lang='lat' dir='ltr'><strong>Cocceius</strong></span> <span class='ocrx_word' id='word_1_560' title='bbox 1493 2063 1535 2089; x_wconf 85' lang='lat' dir='ltr'><strong>vel</strong></span> <span class='ocrx_word' id='word_1_561' title='bbox 1545 2062 1725 2096; x_wconf 85' lang='lat' dir='ltr'><strong>Cocceianus,</strong></span> 
     </span>
    </p>
   </div>
   <div class='ocr_carea' id='block_1_89' title="bbox 931 2108 1725 2143">
    <p class='ocr_par' dir='ltr' id='par_1_89' title="bbox 931 2108 1725 2143">
     <span class='ocr_line' id='line_1_89' title="bbox 931 2108 1725 2143; baseline 0 -6"><span class='ocrx_word' id='word_1_562' title='bbox 931 2110 1070 2141; x_wconf 69' lang='lat' dir='ltr'><strong>Nicazuus,</strong></span> <span class='ocrx_word' id='word_1_563' title='bbox 1094 2108 1244 2136; x_wconf 82' lang='lat' dir='ltr'><strong>hislmieus</strong></span> <span class='ocrx_word' id='word_1_564' title='bbox 1270 2109 1438 2143; x_wconf 72' lang='lat' dir='ltr'><strong>temporibus</strong></span> <span class='ocrx_word' id='word_1_565' title='bbox 1461 2109 1619 2140; x_wconf 78' lang='lat' dir='ltr'><strong>Alexandri,</strong></span> <span class='ocrx_word' id='word_1_566' title='bbox 1642 2109 1725 2137; x_wconf 79' lang='lat' dir='ltr'><strong>Mam-</strong></span> 
     </span>
    </p>
   </div>
   <div class='ocr_carea' id='block_1_90' title="bbox 932 2154 1723 2190">
    <p class='ocr_par' dir='ltr' id='par_1_90' title="bbox 932 2154 1723 2190">
     <span class='ocr_line' id='line_1_90' title="bbox 932 2154 1723 2190; baseline 0.001 -8"><span class='ocrx_word' id='word_1_567' title='bbox 932 2164 1005 2182; x_wconf 68' lang='lat' dir='ltr'><strong>maue</strong></span> <span class='ocrx_word' id='word_1_568' title='bbox 1021 2156 1080 2183; x_wconf 83' lang='lat' dir='ltr'><strong>ﬁlii.</strong></span> <span class='ocrx_word' id='word_1_569' title='bbox 1095 2155 1212 2190; x_wconf 88' lang='lat' dir='ltr'><strong>Scripsit</strong></span> <span class='ocrx_word' id='word_1_570' title='bbox 1226 2156 1354 2182; x_wconf 74' lang='lat' dir='ltr'><strong>Historia:</strong></span> <span class='ocrx_word' id='word_1_571' title='bbox 1369 2154 1495 2182; x_wconf 71' lang='lat' dir='ltr'><strong>Romam:</strong></span> <span class='ocrx_word' id='word_1_572' title='bbox 1510 2155 1590 2181; x_wconf 80' lang='lat' dir='ltr'><strong>libros</strong></span> <span class='ocrx_word' id='word_1_573' title='bbox 1607 2154 1723 2188; x_wconf 80' lang='lat' dir='ltr'><strong><em>LXXX,</em></strong></span> 
     </span>
    </p>
   </div>
   <div class='ocr_carea' id='block_1_91' title="bbox 95 2197 1725 2238">
    <p class='ocr_par' dir='ltr' id='par_1_91' title="bbox 95 2197 1725 2238">
     <span class='ocr_line' id='line_1_91' title="bbox 95 2197 1725 2238; baseline 0.001 -11"><span class='ocrx_word' id='word_1_574' title='bbox 95 2201 164 2227; x_wconf 85' lang='lat' dir='ltr'><strong>modo</strong></span> <span class='ocrx_word' id='word_1_575' title='bbox 182 2202 270 2236; x_wconf 71' lang='lat' dir='ltr'><strong>opifex</strong></span> <span class='ocrx_word' id='word_1_576' title='bbox 294 2202 399 2236; x_wconf 80' lang='lat' dir='ltr'><strong>quidem</strong></span> <span class='ocrx_word' id='word_1_577' title='bbox 426 2209 538 2236; x_wconf 79' lang='lat' dir='ltr'><strong>semper,</strong></span> <span class='ocrx_word' id='word_1_578' title='bbox 563 2210 644 2236; x_wconf 76' lang='lat' dir='ltr'><strong>opera</strong></span> <span class='ocrx_word' id='word_1_579' title='bbox 674 2211 732 2230; x_wconf 78' lang='lat' dir='ltr'><strong>vero</strong></span> <span class='ocrx_word' id='word_1_580' title='bbox 750 2204 806 2238; x_wconf 84' lang='lat' dir='ltr'><strong>ejus</strong></span> <span class='ocrx_word' id='word_1_581' title='bbox 822 2212 873 2230; x_wconf 87' lang='lat' dir='ltr'><strong>non</strong></span> <span class='ocrx_word' id='word_1_582' title='bbox 893 2197 914 2224; x_wconf 86' lang='grc' dir='ltr'><strong>Ι)</strong></span> <span class='ocrx_word' id='word_1_583' title='bbox 930 2201 976 2235; x_wconf 82' lang='lat' dir='ltr'><strong>qui</strong></span> <span class='ocrx_word' id='word_1_584' title='bbox 991 2201 1016 2227; x_wconf 95' lang='lat' dir='ltr'><strong>in</strong></span> <span class='ocrx_word' id='word_1_585' title='bbox 1033 2200 1149 2227; x_wconf 83' lang='lat' dir='ltr'><strong>decailcs</strong></span> <span class='ocrx_word' id='word_1_586' title='bbox 1163 2199 1301 2226; x_wconf 87' lang='lat' dir='ltr'><strong>distributi</strong></span> <span class='ocrx_word' id='word_1_587' title='bbox 1319 2204 1394 2227; x_wconf 86' lang='lat' dir='ltr'><strong>sunt.</strong></span> <span class='ocrx_word' id='word_1_588' title='bbox 1413 2199 1478 2226; x_wconf 87' lang='lat' dir='ltr'><strong>item</strong></span> <span class='ocrx_word' id='word_1_589' title='bbox 1493 2199 1611 2233; x_wconf 79' lang='lat' dir='ltr'><strong>Persica,</strong></span> <span class='ocrx_word' id='word_1_590' title='bbox 1633 2200 1725 2228; x_wconf 83' lang='lat' dir='ltr'><strong>Getica</strong></span> 
     </span>
    </p>
   </div>
   <div class='ocr_carea' id='block_1_92' title="bbox 94 2247 876 2283">
    <p class='ocr_par' dir='ltr' id='par_1_92' title="bbox 94 2247 876 2283">
     <span class='ocr_line' id='line_1_92' title="bbox 94 2247 876 2283; baseline 0.004 -10"><span class='ocrx_word' id='word_1_591' title='bbox 94 2253 186 2280; x_wconf 72' lang='lat' dir='ltr'><strong>semper</strong></span> <span class='ocrx_word' id='word_1_592' title='bbox 200 2247 317 2283; x_wconf 79' lang='lat' dir='ltr'><strong>(fuerint</strong></span> <span class='ocrx_word' id='word_1_593' title='bbox 337 2251 384 2274; x_wconf 87' lang='lat' dir='ltr'><strong>aut</strong></span> <span class='ocrx_word' id='word_1_594' title='bbox 404 2249 605 2282; x_wconf 78' lang='lat' dir='ltr'><strong>permaneant).</strong></span> <span class='ocrx_word' id='word_1_595' title='bbox 620 2248 758 2280; x_wconf 82' lang='lat' dir='ltr'><strong>Quomodo</strong></span> <span class='ocrx_word' id='word_1_596' title='bbox 772 2249 837 2276; x_wconf 83' lang='lat' dir='ltr'><strong>velle</strong></span> <span class='ocrx_word' id='word_1_597' title='bbox 852 2253 876 2276; x_wconf 83' lang='lat' dir='ltr'><strong>et</strong></span> 
     </span>
    </p>
   </div>
   <div class='ocr_carea' id='block_1_93' title="bbox 95 2290 878 2329">
    <p class='ocr_par' dir='ltr' id='par_1_93' title="bbox 95 2290 878 2329">
     <span class='ocr_line' id='line_1_93' title="bbox 95 2290 878 2329; baseline 0.008 -14"><span class='ocrx_word' id='word_1_598' title='bbox 95 2290 156 2317; x_wconf 81' lang='lat' dir='ltr'><strong>nolle</strong></span> <span class='ocrx_word' id='word_1_599' title='bbox 170 2293 221 2318; x_wconf 70' lang='lat' dir='ltr'><strong>sint</strong></span> <span class='ocrx_word' id='word_1_600' title='bbox 235 2293 261 2319; x_wconf 90' lang='lat' dir='ltr'><strong>in</strong></span> <span class='ocrx_word' id='word_1_601' title='bbox 275 2292 327 2318; x_wconf 81' lang='lat' dir='ltr'><strong>Deo</strong></span> <span class='ocrx_word' id='word_1_602' title='bbox 343 2299 455 2320; x_wconf 72' lang='lat' dir='ltr'><strong>tmerna.</strong></span> <span class='ocrx_word' id='word_1_603' title='bbox 467 2292 568 2320; x_wconf 80' lang='lat' dir='ltr'><strong>Contra</strong></span> <span class='ocrx_word' id='word_1_604' title='bbox 583 2291 761 2329; x_wconf 80' lang='lat' dir='ltr'><strong>Porphyrium</strong></span> <span class='ocrx_word' id='word_1_605' title='bbox 775 2294 806 2321; x_wconf 86' lang='lat' dir='ltr'><strong>de</strong></span> <span class='ocrx_word' id='word_1_606' title='bbox 819 2295 878 2321; x_wconf 82' lang='lat' dir='ltr'><strong>ani-</strong></span> 
     </span>
    </p>
   </div>
   <div class='ocr_carea' id='block_1_94' title="bbox 95 2337 407 2372">
    <p class='ocr_par' dir='ltr' id='par_1_94' title="bbox 95 2337 407 2372">
     <span class='ocr_line' id='line_1_94' title="bbox 95 2337 407 2372; baseline 0.01 -10"><span class='ocrx_word' id='word_1_607' title='bbox 95 2337 200 2364; x_wconf 81' lang='lat' dir='ltr'><strong>malibus</strong></span> <span class='ocrx_word' id='word_1_608' title='bbox 218 2344 242 2364; x_wconf 88' lang='lat' dir='ltr'><strong>et</strong></span> <span class='ocrx_word' id='word_1_609' title='bbox 255 2338 407 2372; x_wconf 75' lang='lat' dir='ltr'><strong>sacriﬁciis.</strong></span> 
     </span>
    </p>
   </div>
   <div class='ocr_carea' id='block_1_95' title="bbox 126 2380 878 2419">
    <p class='ocr_par' dir='ltr' id='par_1_95' title="bbox 126 2380 878 2419">
     <span class='ocr_line' id='line_1_95' title="bbox 126 2380 878 2419; baseline 0.004 -11"><span class='ocrx_word' id='word_1_610' title='bbox 126 2380 246 2410; x_wconf 83' lang='lat' dir='ltr'><strong>Valerius</strong></span> <span class='ocrx_word' id='word_1_611' title='bbox 261 2383 406 2414; x_wconf 89' lang='lat' dir='ltr'><strong>Diodorus,</strong></span> <span class='ocrx_word' id='word_1_612' title='bbox 422 2383 613 2418; x_wconf 86' lang='lat' dir='ltr'><strong>philosophus,</strong></span> <span class='ocrx_word' id='word_1_613' title='bbox 627 2382 742 2411; x_wconf 86' lang='lat' dir='ltr'><strong>Teleclis</strong></span> <span class='ocrx_word' id='word_1_614' title='bbox 758 2384 878 2419; x_wconf 87' lang='lat' dir='ltr'><strong>discipu-</strong></span> 
     </span>
    </p>
   </div>
   <div class='ocr_carea' id='block_1_96' title="bbox 96 2425 876 2465">
    <p class='ocr_par' dir='ltr' id='par_1_96' title="bbox 96 2425 876 2465">
     <span class='ocr_line' id='line_1_96' title="bbox 96 2425 876 2465; baseline 0.008 -14"><span class='ocrx_word' id='word_1_615' title='bbox 96 2425 145 2460; x_wconf 91' lang='lat' dir='ltr'><strong>lus,</strong></span> <span class='ocrx_word' id='word_1_616' title='bbox 162 2427 374 2461; x_wconf 74' lang='lat' dir='ltr'><strong>Alexandrinus,</strong></span> <span class='ocrx_word' id='word_1_617' title='bbox 395 2427 466 2456; x_wconf 82' lang='lat' dir='ltr'><strong>ﬁlius</strong></span> <span class='ocrx_word' id='word_1_618' title='bbox 487 2428 610 2464; x_wconf 86' lang='lat' dir='ltr'><strong>(Valerii)</strong></span> <span class='ocrx_word' id='word_1_619' title='bbox 627 2429 767 2462; x_wconf 81' lang='lat' dir='ltr'><strong>Pollionis,</strong></span> <span class='ocrx_word' id='word_1_620' title='bbox 786 2430 876 2465; x_wconf 84' lang='lat' dir='ltr'><strong>philo-</strong></span> 
     </span>
    </p>
   </div>
   <div class='ocr_carea' id='block_1_97' title="bbox 97 2473 875 2511">
    <p class='ocr_par' dir='ltr' id='par_1_97' title="bbox 97 2473 875 2511">
     <span class='ocr_line' id='line_1_97' title="bbox 97 2473 875 2511; baseline 0.009 -14"><span class='ocrx_word' id='word_1_621' title='bbox 97 2473 178 2506; x_wconf 85' lang='lat' dir='ltr'><strong>sophi,</strong></span> <span class='ocrx_word' id='word_1_622' title='bbox 191 2475 237 2510; x_wconf 88' lang='lat' dir='ltr'><strong>qui</strong></span> <span class='ocrx_word' id='word_1_623' title='bbox 250 2475 284 2502; x_wconf 85' lang='lat' dir='ltr'><strong>de</strong></span> <span class='ocrx_word' id='word_1_624' title='bbox 297 2475 412 2502; x_wconf 89' lang='lat' dir='ltr'><strong>vocibus</strong></span> <span class='ocrx_word' id='word_1_625' title='bbox 427 2475 524 2503; x_wconf 86' lang='lat' dir='ltr'><strong>Atticis</strong></span> <span class='ocrx_word' id='word_1_626' title='bbox 539 2477 659 2511; x_wconf 85' lang='lat' dir='ltr'><strong>scripsit.</strong></span> <span class='ocrx_word' id='word_1_627' title='bbox 675 2476 748 2503; x_wconf 82' lang='lat' dir='ltr'><strong>Vixit</strong></span> <span class='ocrx_word' id='word_1_628' title='bbox 762 2477 875 2504; x_wconf 80' lang='lat' dir='ltr'><strong>Adriani</strong></span> 
     </span>
    </p>
   </div>
   <div class='ocr_carea' id='block_1_98' title="bbox 96 2515 400 2554">
    <p class='ocr_par' dir='ltr' id='par_1_98' title="bbox 96 2515 400 2554">
     <span class='ocr_line' id='line_1_98' title="bbox 96 2515 400 2554; baseline 0.016 -11"><span class='ocrx_word' id='word_1_629' title='bbox 96 2515 203 2546; x_wconf 73' lang='lat' dir='ltr'><strong>Caesaris</strong></span> <span class='ocrx_word' id='word_1_630' title='bbox 223 2521 400 2554; x_wconf 72' lang='lat' dir='ltr'><strong>temporibus.</strong></span> 
     </span>
    </p>
   </div>
   <div class='ocr_carea' id='block_1_99' title="bbox 129 2563 875 2602">
    <p class='ocr_par' dir='ltr' id='par_1_99' title="bbox 129 2563 875 2602">
     <span class='ocr_line' id='line_1_99' title="bbox 129 2563 875 2602; baseline 0.007 -13"><span class='ocrx_word' id='word_1_631' title='bbox 129 2563 268 2599; x_wconf 86' lang='lat' dir='ltr'><strong>Diodorus,</strong></span> <span class='ocrx_word' id='word_1_632' title='bbox 287 2566 406 2599; x_wconf 75' lang='lat' dir='ltr'><strong>Siculus,</strong></span> <span class='ocrx_word' id='word_1_633' title='bbox 424 2566 581 2600; x_wconf 84' lang='lat' dir='ltr'><strong>historicus,</strong></span> <span class='ocrx_word' id='word_1_634' title='bbox 600 2567 710 2602; x_wconf 85' lang='lat' dir='ltr'><strong>scripsit</strong></span> <span class='ocrx_word' id='word_1_635' title='bbox 727 2567 875 2595; x_wconf 81' lang='lat' dir='ltr'><strong>Bibliothe-</strong></span> 
     </span>
    </p>
   </div>
   <div class='ocr_carea' id='block_1_100' title="bbox 98 2613 874 2648">
    <p class='ocr_par' dir='ltr' id='par_1_100' title="bbox 98 2613 874 2648">
     <span class='ocr_line' id='line_1_100' title="bbox 98 2613 874 2648; baseline 0.004 -10"><span class='ocrx_word' id='word_1_636' title='bbox 98 2616 163 2643; x_wconf 76' lang='lat' dir='ltr'><strong>cam,</strong></span> <span class='ocrx_word' id='word_1_637' title='bbox 180 2620 238 2648; x_wconf 62' lang='lat' dir='ltr'><strong>quae</strong></span> <span class='ocrx_word' id='word_1_638' title='bbox 252 2613 398 2641; x_wconf 86' lang='lat' dir='ltr'><strong>Historiam</strong></span> <span class='ocrx_word' id='word_1_639' title='bbox 419 2613 571 2642; x_wconf 83' lang='lat' dir='ltr'><strong>Romanam</strong></span> <span class='ocrx_word' id='word_1_640' title='bbox 589 2619 617 2641; x_wconf 87' lang='lat' dir='ltr'><strong>et</strong></span> <span class='ocrx_word' id='word_1_641' title='bbox 632 2615 735 2642; x_wconf 85' lang='lat' dir='ltr'><strong>variam</strong></span> <span class='ocrx_word' id='word_1_642' title='bbox 748 2615 825 2642; x_wconf 90' lang='lat' dir='ltr'><strong>libris</strong></span> <span class='ocrx_word' id='word_1_643' title='bbox 840 2613 874 2641; x_wconf 78' lang='lat' dir='ltr'><strong>XI</strong></span> 
     </span>
    </p>
   </div>
   <div class='ocr_carea' id='block_1_101' title="bbox 99 2659 876 2727">
    <p class='ocr_par' dir='ltr' id='par_1_101' title="bbox 99 2659 876 2727">
     <span class='ocr_line' id='line_1_101' title="bbox 99 2659 876 2727; baseline 0 -40"><span class='ocrx_word' id='word_1_644' title='bbox 99 2659 288 2727; x_wconf 55' lang='lat' dir='ltr'><strong>fomplectitur.</strong></span> <span class='ocrx_word' id='word_1_645' title='bbox 304 2659 379 2688; x_wconf 76' lang='lat' dir='ltr'><strong>Vixit</strong></span> <span class='ocrx_word' id='word_1_646' title='bbox 396 2661 566 2696; x_wconf 88' lang='lat' dir='ltr'><strong>temporibus</strong></span> <span class='ocrx_word' id='word_1_647' title='bbox 587 2661 702 2696; x_wconf 76' lang='lat' dir='ltr'><strong>Augusti</strong></span> <span class='ocrx_word' id='word_1_648' title='bbox 723 2666 750 2688; x_wconf 85' lang='lat' dir='ltr'><strong>et</strong></span> <span class='ocrx_word' id='word_1_649' title='bbox 767 2666 828 2688; x_wconf 86' lang='lat' dir='ltr'><strong>ante</strong></span> <span class='ocrx_word' id='word_1_650' title='bbox 844 2661 876 2687; x_wconf 92' lang='lat' dir='ltr'><strong>il-</strong></span> 
     </span>
     <span class='ocr_line' id='line_1_102' title="bbox 110 2710 159 2727; baseline 0 0"><span class='ocrx_word' id='word_1_651' title='bbox 110 2710 159 2727; x_wconf 83' lang='lat' dir='ltr'><strong>llm.</strong></span> 
     </span>
    </p>
   </div>
   <div class='ocr_carea' id='block_1_102' title="bbox 110 2710 159 2730">
    <p class='ocr_par' dir='ltr' id='par_1_102' title="bbox 110 2710 159 2730">
     <span class='ocr_line' id='line_1_103' title="bbox 110 2710 159 2730; baseline 0.041 -2"><span class='ocrx_word' id='word_1_652' title='bbox 110 2710 159 2730; x_wconf 91' lang='lat' dir='ltr'><strong>um.</strong></span> 
     </span>
    </p>
   </div>
   <div class='ocr_carea' id='block_1_103' title="bbox 130 2803 874 2843">
    <p class='ocr_par' dir='ltr' id='par_1_103' title="bbox 130 2803 874 2843">
     <span class='ocr_line' id='line_1_104' title="bbox 130 2803 874 2843; baseline -0.003 -9"><span class='ocrx_word' id='word_1_653' title='bbox 130 2803 181 2843; x_wconf 69' lang='grc' dir='ltr'><strong>(ϐξ)</strong></span> <span class='ocrx_word' id='word_1_654' title='bbox 196 2805 224 2833; x_wconf 90' lang='lat' dir='ltr'><strong>ld</strong></span> <span class='ocrx_word' id='word_1_655' title='bbox 240 2810 282 2834; x_wconf 88' lang='lat' dir='ltr'><strong>est</strong></span> <span class='ocrx_word' id='word_1_656' title='bbox 305 2808 333 2834; x_wconf 89' lang='lat' dir='ltr'><strong>h.</strong></span> <span class='ocrx_word' id='word_1_657' title='bbox 357 2807 376 2834; x_wconf 96' lang='lat' dir='ltr'><strong>l.</strong></span> <span class='ocrx_word' id='word_1_658' title='bbox 395 2814 494 2834; x_wconf 82' lang='lat' dir='ltr'><strong>sensus</strong></span> <span class='ocrx_word' id='word_1_659' title='bbox 519 2805 672 2834; x_wconf 80' lang='lat' dir='ltr'><strong>abstrusior</strong></span> <span class='ocrx_word' id='word_1_660' title='bbox 686 2809 712 2833; x_wconf 85' lang='lat' dir='ltr'><strong>et</strong></span> <span class='ocrx_word' id='word_1_661' title='bbox 729 2806 874 2843; x_wconf 77' lang='lat' dir='ltr'><strong>mysticus,</strong></span> 
     </span>
    </p>
   </div>
   <div class='ocr_carea' id='block_1_104' title="bbox 99 2841 869 2878">
    <p class='ocr_par' dir='ltr' id='par_1_104' title="bbox 99 2841 869 2878">
     <span class='ocr_line' id='line_1_105' title="bbox 99 2841 869 2878; baseline 0 -9"><span class='ocrx_word' id='word_1_662' title='bbox 99 2841 138 2865; x_wconf 71' lang='lat' dir='ltr'><strong>Cui</strong></span> <span class='ocrx_word' id='word_1_663' title='bbox 164 2843 306 2876; x_wconf 67' lang='lat' dir='ltr'><strong>opponitur</strong></span> <span class='ocrx_word' id='word_1_664' title='bbox 336 2842 368 2869; x_wconf 84' lang='grc' dir='ltr'><strong>τὺ</strong></span> <span class='ocrx_word' id='word_1_665' title='bbox 394 2843 488 2878; x_wconf 72' lang='grc' dir='ltr'><strong>ῥητὸν,</strong></span> <span class='ocrx_word' id='word_1_666' title='bbox 519 2844 576 2870; x_wconf 85' lang='lat' dir='ltr'><strong>sive</strong></span> <span class='ocrx_word' id='word_1_667' title='bbox 602 2848 700 2870; x_wconf 83' lang='lat' dir='ltr'><strong>sensus</strong></span> <span class='ocrx_word' id='word_1_668' title='bbox 734 2841 869 2869; x_wconf 76' lang='lat' dir='ltr'><strong>litteratis.</strong></span> 
     </span>
    </p>
   </div>
   <div class='ocr_carea' id='block_1_105' title="bbox 931 2244 1723 2282">
    <p class='ocr_par' dir='ltr' id='par_1_105' title="bbox 931 2244 1723 2282">
     <span class='ocr_line' id='line_1_106' title="bbox 931 2244 1723 2282; baseline 0.001 -9"><span class='ocrx_word' id='word_1_669' title='bbox 931 2247 998 2282; x_wconf 74' lang='lat'><strong>(65),</strong></span> <span class='ocrx_word' id='word_1_670' title='bbox 1018 2246 1131 2279; x_wconf 84' lang='grc' dir='ltr'><strong>Ἐνόδια,</strong></span> <span class='ocrx_word' id='word_1_671' title='bbox 1145 2246 1179 2272; x_wconf 82' lang='grc' dir='ltr'><strong>τὰ</strong></span> <span class='ocrx_word' id='word_1_672' title='bbox 1189 2245 1259 2272; x_wconf 81' lang='grc' dir='ltr'><strong>κατὰ</strong></span> <span class='ocrx_word' id='word_1_673' title='bbox 1268 2245 1462 2280; x_wconf 70' lang='grc' dir='ltr'><strong>Τραϊανδν,τέδ</strong></span> <span class='ocrx_word' id='word_1_674' title='bbox 1475 2253 1490 2272; x_wconf 85' lang='grc' dir='ltr'><em>α</em></span> <span class='ocrx_word' id='word_1_675' title='bbox 1504 2244 1619 2280; x_wconf 76' lang='lat' dir='ltr'><strong>Trojano</strong></span> <span class='ocrx_word' id='word_1_676' title='bbox 1626 2250 1723 2281; x_wconf 79' lang='lat' dir='ltr'><strong>gestas,</strong></span> 
     </span>
    </p>
   </div>
   <div class='ocr_carea' id='block_1_106' title="bbox 937 2292 1323 2326">
    <p class='ocr_par' dir='ltr' id='par_1_106' title="bbox 937 2292 1323 2326">
     <span class='ocr_line' id='line_1_107' title="bbox 937 2292 1323 2326; baseline -0.003 -7"><span class='ocrx_word' id='word_1_677' title='bbox 937 2293 1024 2320; x_wconf 87' lang='lat' dir='ltr'><strong>Vitam</strong></span> <span class='ocrx_word' id='word_1_678' title='bbox 1042 2293 1151 2320; x_wconf 82' lang='lat' dir='ltr'><strong>Arriani</strong></span> <span class='ocrx_word' id='word_1_679' title='bbox 1163 2292 1323 2326; x_wconf 65' lang='lat' dir='ltr'><strong>philosophi.</strong></span> 
     </span>
    </p>
   </div>
   <div class='ocr_carea' id='block_1_107' title="bbox 968 2337 1723 2374">
    <p class='ocr_par' dir='ltr' id='par_1_107' title="bbox 968 2337 1723 2374">
     <span class='ocr_line' id='line_1_108' title="bbox 968 2337 1723 2374; baseline 0.004 -10"><span class='ocrx_word' id='word_1_680' title='bbox 968 2338 1125 2374; x_wconf 87' lang='lat' dir='ltr'><strong>Dionysius,</strong></span> <span class='ocrx_word' id='word_1_681' title='bbox 1146 2339 1322 2373; x_wconf 73' lang='lat' dir='ltr'><strong>Art-opogita,</strong></span> <span class='ocrx_word' id='word_1_682' title='bbox 1345 2337 1477 2365; x_wconf 59' lang='lat' dir='ltr'><strong>doctrina:</strong></span> <span class='ocrx_word' id='word_1_683' title='bbox 1501 2338 1658 2366; x_wconf 63' lang='lat' dir='ltr'><strong>Graecorum</strong></span> <span class='ocrx_word' id='word_1_684' title='bbox 1675 2346 1723 2374; x_wconf 86' lang='lat' dir='ltr'><strong>pe—</strong></span> 
     </span>
    </p>
   </div>
   <div class='ocr_carea' id='block_1_108' title="bbox 929 2384 1723 2420">
    <p class='ocr_par' dir='ltr' id='par_1_108' title="bbox 929 2384 1723 2420">
     <span class='ocr_line' id='line_1_109' title="bbox 929 2384 1723 2420; baseline 0.001 -9"><span class='ocrx_word' id='word_1_685' title='bbox 929 2384 1093 2416; x_wconf 88' lang='lat' dir='ltr'><strong>ritissimus,</strong></span> <span class='ocrx_word' id='word_1_686' title='bbox 1108 2384 1192 2412; x_wconf 82' lang='lat' dir='ltr'><strong>Paulo</strong></span> <span class='ocrx_word' id='word_1_687' title='bbox 1205 2384 1365 2412; x_wconf 80' lang='lat' dir='ltr'><strong>Atheniensi</strong></span> <span class='ocrx_word' id='word_1_688' title='bbox 1383 2385 1486 2417; x_wconf 85' lang='lat' dir='ltr'><strong>audito,</strong></span> <span class='ocrx_word' id='word_1_689' title='bbox 1505 2385 1538 2412; x_wconf 87' lang='lat' dir='ltr'><strong>ad</strong></span> <span class='ocrx_word' id='word_1_690' title='bbox 1563 2385 1723 2420; x_wconf 78' lang='lat' dir='ltr'><strong>religionem</strong></span> 
     </span>
    </p>
   </div>
   <div class='ocr_carea' id='block_1_109' title="bbox 931 2431 1724 2467">
    <p class='ocr_par' dir='ltr' id='par_1_109' title="bbox 931 2431 1724 2467">
     <span class='ocr_line' id='line_1_110' title="bbox 931 2431 1724 2467; baseline 0.001 -9"><span class='ocrx_word' id='word_1_691' title='bbox 931 2431 1116 2458; x_wconf 88' lang='lat' dir='ltr'><strong>Christianam</strong></span> <span class='ocrx_word' id='word_1_692' title='bbox 1131 2438 1282 2458; x_wconf 87' lang='lat' dir='ltr'><strong>conversus</strong></span> <span class='ocrx_word' id='word_1_693' title='bbox 1297 2436 1378 2466; x_wconf 88' lang='lat' dir='ltr'><strong>atque</strong></span> <span class='ocrx_word' id='word_1_694' title='bbox 1395 2431 1458 2458; x_wconf 88' lang='lat' dir='ltr'><strong>inde</strong></span> <span class='ocrx_word' id='word_1_695' title='bbox 1479 2431 1625 2467; x_wconf 82' lang='lat' dir='ltr'><strong>cpiscopus</strong></span> <span class='ocrx_word' id='word_1_696' title='bbox 1640 2431 1724 2459; x_wconf 83' lang='lat' dir='ltr'><strong>Athe-</strong></span> 
     </span>
    </p>
   </div>
   <div class='ocr_carea' id='block_1_110' title="bbox 931 2476 1723 2513">
    <p class='ocr_par' dir='ltr' id='par_1_110' title="bbox 931 2476 1723 2513">
     <span class='ocr_line' id='line_1_111' title="bbox 931 2476 1723 2513; baseline 0 -9"><span class='ocrx_word' id='word_1_697' title='bbox 931 2485 1028 2504; x_wconf 89' lang='lat' dir='ltr'><strong>narum</strong></span> <span class='ocrx_word' id='word_1_698' title='bbox 1047 2477 1212 2506; x_wconf 87' lang='lat' dir='ltr'><strong>constitutus</strong></span> <span class='ocrx_word' id='word_1_699' title='bbox 1227 2482 1278 2504; x_wconf 86' lang='lat' dir='ltr'><strong>est.</strong></span> <span class='ocrx_word' id='word_1_700' title='bbox 1295 2477 1396 2504; x_wconf 86' lang='lat' dir='ltr'><strong>Tiberii</strong></span> <span class='ocrx_word' id='word_1_701' title='bbox 1415 2477 1581 2512; x_wconf 88' lang='lat' dir='ltr'><strong>temporibus</strong></span> <span class='ocrx_word' id='word_1_702' title='bbox 1599 2478 1624 2504; x_wconf 92' lang='lat' dir='ltr'><strong>in</strong></span> <span class='ocrx_word' id='word_1_703' title='bbox 1638 2476 1723 2513; x_wconf 66' lang='lat' dir='ltr'><strong>Egy-</strong></span> 
     </span>
    </p>
   </div>
   <div class='ocr_carea' id='block_1_111' title="bbox 931 2522 1722 2558">
    <p class='ocr_par' dir='ltr' id='par_1_111' title="bbox 931 2522 1722 2558">
     <span class='ocr_line' id='line_1_112' title="bbox 931 2522 1722 2558; baseline -0.001 -9"><span class='ocrx_word' id='word_1_704' title='bbox 931 2526 1008 2557; x_wconf 87' lang='lat' dir='ltr'><strong>ptum</strong></span> <span class='ocrx_word' id='word_1_705' title='bbox 1027 2522 1166 2557; x_wconf 81' lang='lat' dir='ltr'><strong>profectus</strong></span> <span class='ocrx_word' id='word_1_706' title='bbox 1181 2526 1250 2554; x_wconf 86' lang='lat' dir='ltr'><strong>erat,</strong></span> <span class='ocrx_word' id='word_1_707' title='bbox 1268 2523 1368 2550; x_wconf 88' lang='lat' dir='ltr'><strong>comite</strong></span> <span class='ocrx_word' id='word_1_708' title='bbox 1379 2523 1573 2558; x_wconf 84' lang='lat' dir='ltr'><strong>Apollophane,</strong></span> <span class='ocrx_word' id='word_1_709' title='bbox 1587 2522 1722 2557; x_wconf 87' lang='lat' dir='ltr'><strong>sophista,</strong></span> 
     </span>
    </p>
   </div>
   <div class='ocr_carea' id='block_1_112' title="bbox 929 2567 1723 2602">
    <p class='ocr_par' dir='ltr' id='par_1_112' title="bbox 929 2567 1723 2602">
     <span class='ocr_line' id='line_1_113' title="bbox 929 2567 1723 2602; baseline -0.001 -7"><span class='ocrx_word' id='word_1_710' title='bbox 929 2569 1038 2601; x_wconf 87' lang='lat' dir='ltr'><strong>eodem,</strong></span> <span class='ocrx_word' id='word_1_711' title='bbox 1058 2575 1139 2602; x_wconf 89' lang='lat' dir='ltr'><strong>quem</strong></span> <span class='ocrx_word' id='word_1_712' title='bbox 1162 2567 1283 2601; x_wconf 80' lang='lat' dir='ltr'><strong>Polemo,</strong></span> <span class='ocrx_word' id='word_1_713' title='bbox 1307 2567 1496 2600; x_wconf 85' lang='lat' dir='ltr'><strong>Laodicensis,</strong></span> <span class='ocrx_word' id='word_1_714' title='bbox 1515 2568 1644 2602; x_wconf 80' lang='lat' dir='ltr'><strong>magister</strong></span> <span class='ocrx_word' id='word_1_715' title='bbox 1662 2568 1723 2594; x_wconf 84' lang='lat' dir='ltr'><strong>Ari-</strong></span> 
     </span>
    </p>
   </div>
   <div class='ocr_carea' id='block_1_113' title="bbox 931 2613 1721 2650">
    <p class='ocr_par' dir='ltr' id='par_1_113' title="bbox 931 2613 1721 2650">
     <span class='ocr_line' id='line_1_114' title="bbox 931 2613 1721 2650; baseline -0.003 -8"><span class='ocrx_word' id='word_1_716' title='bbox 931 2615 1022 2646; x_wconf 81' lang='lat' dir='ltr'><strong>stidis,</strong></span> <span class='ocrx_word' id='word_1_717' title='bbox 1038 2613 1161 2650; x_wconf 69' lang='lat' dir='ltr'><strong>Smyrnae</strong></span> <span class='ocrx_word' id='word_1_718' title='bbox 1174 2614 1286 2642; x_wconf 87' lang='lat' dir='ltr'><strong>audivit.</strong></span> <span class='ocrx_word' id='word_1_719' title='bbox 1303 2613 1438 2648; x_wconf 89' lang='lat' dir='ltr'><strong>Tempore</strong></span> <span class='ocrx_word' id='word_1_720' title='bbox 1461 2614 1597 2648; x_wconf 87' lang='lat' dir='ltr'><strong>passionis</strong></span> <span class='ocrx_word' id='word_1_721' title='bbox 1619 2613 1721 2642; x_wconf 88' lang='lat' dir='ltr'><strong>Christi</strong></span> 
     </span>
    </p>
   </div>
   <div class='ocr_carea' id='block_1_114' title="bbox 931 2659 1721 2696">
    <p class='ocr_par' dir='ltr' id='par_1_114' title="bbox 931 2659 1721 2696">
     <span class='ocr_line' id='line_1_115' title="bbox 931 2659 1721 2696; baseline 0 -9"><span class='ocrx_word' id='word_1_722' title='bbox 931 2661 1012 2688; x_wconf 89' lang='lat' dir='ltr'><strong>ambo</strong></span> <span class='ocrx_word' id='word_1_723' title='bbox 1028 2665 1106 2688; x_wconf 88' lang='lat' dir='ltr'><strong>erant</strong></span> <span class='ocrx_word' id='word_1_724' title='bbox 1119 2659 1252 2695; x_wconf 80' lang='lat' dir='ltr'><strong>Ileliopoli</strong></span> <span class='ocrx_word' id='word_1_725' title='bbox 1273 2661 1299 2687; x_wconf 93' lang='lat' dir='ltr'><strong>in</strong></span> <span class='ocrx_word' id='word_1_726' title='bbox 1313 2659 1442 2696; x_wconf 62' lang='lat' dir='ltr'><strong>Egypto,</strong></span> <span class='ocrx_word' id='word_1_727' title='bbox 1464 2666 1525 2687; x_wconf 88' lang='lat' dir='ltr'><strong>cum</strong></span> <span class='ocrx_word' id='word_1_728' title='bbox 1551 2659 1635 2687; x_wconf 87' lang='lat' dir='ltr'><strong>solem</strong></span> <span class='ocrx_word' id='word_1_729' title='bbox 1656 2659 1721 2687; x_wconf 77' lang='lat' dir='ltr'><strong>luna</strong></span> 
     </span>
    </p>
   </div>
   <div class='ocr_carea' id='block_1_115' title="bbox 931 2705 1722 2742">
    <p class='ocr_par' dir='ltr' id='par_1_115' title="bbox 931 2705 1722 2742">
     <span class='ocr_line' id='line_1_116' title="bbox 931 2705 1722 2742; baseline -0.003 -7"><span class='ocrx_word' id='word_1_730' title='bbox 931 2708 1010 2742; x_wconf 83' lang='lat' dir='ltr'><strong>plena</strong></span> <span class='ocrx_word' id='word_1_731' title='bbox 1027 2708 1205 2735; x_wconf 80' lang='lat' dir='ltr'><strong>obscuratum</strong></span> <span class='ocrx_word' id='word_1_732' title='bbox 1219 2707 1369 2735; x_wconf 85' lang='lat' dir='ltr'><strong>observans</strong></span> <span class='ocrx_word' id='word_1_733' title='bbox 1384 2707 1587 2742; x_wconf 81' lang='lat' dir='ltr'><strong>Apollophancs</strong></span> <span class='ocrx_word' id='word_1_734' title='bbox 1600 2715 1606 2733; x_wconf 87' lang='lat'><strong>:</strong></span> <span class='ocrx_word' id='word_1_735' title='bbox 1619 2705 1641 2735; x_wconf 89' lang='lat'><strong><em>0</em></strong></span> <span class='ocrx_word' id='word_1_736' title='bbox 1657 2706 1722 2734; x_wconf 85' lang='lat' dir='ltr'><strong>bone</strong></span> 
     </span>
    </p>
   </div>
   <div class='ocr_carea' id='block_1_116' title="bbox 935 2804 1516 2842">
    <p class='ocr_par' dir='ltr' id='par_1_116' title="bbox 935 2804 1516 2842">
     <span class='ocr_line' id='line_1_117' title="bbox 935 2804 1516 2842; baseline 0.002 -10"><span class='ocrx_word' id='word_1_737' title='bbox 935 2804 964 2832; x_wconf 85' lang='lat' dir='ltr'><strong>V.</strong></span> <span class='ocrx_word' id='word_1_738' title='bbox 985 2805 1087 2842; x_wconf 80' lang='lat' dir='ltr'><strong>Kustcr</strong></span> <span class='ocrx_word' id='word_1_739' title='bbox 1109 2807 1129 2839; x_wconf 91' lang='lat' dir='ltr'><strong>l,</strong></span> <span class='ocrx_word' id='word_1_740' title='bbox 1151 2815 1212 2842; x_wconf 80' lang='lat' dir='ltr'><strong>pag.</strong></span> <span class='ocrx_word' id='word_1_741' title='bbox 1231 2807 1293 2839; x_wconf 82' lang='grc'><strong>595,</strong></span> <span class='ocrx_word' id='word_1_742' title='bbox 1312 2811 1369 2834; x_wconf 89' lang='lat' dir='ltr'><strong>not.</strong></span> <span class='ocrx_word' id='word_1_743' title='bbox 1387 2808 1412 2834; x_wconf 70' lang='grc'><strong>4.</strong></span> <span class='ocrx_word' id='word_1_744' title='bbox 1432 2806 1516 2833; x_wconf 71' lang='lat' dir='ltr'><strong>&quot;Atil.</strong></span> 
     </span>
    </p>
   </div>
   <div class='ocr_carea' id='block_1_117' title="bbox 962 2841 1545 2877">
    <p class='ocr_par' dir='ltr' id='par_1_117' title="bbox 962 2841 1545 2877">
     <span class='ocr_line' id='line_1_118' title="bbox 962 2841 1545 2877; baseline 0.002 -8"><span class='ocrx_word' id='word_1_745' title='bbox 962 2842 1017 2877; x_wconf 80' lang='grc'><strong>(65)</strong></span> <span class='ocrx_word' id='word_1_746' title='bbox 1035 2841 1097 2871; x_wconf 72' lang='lat' dir='ltr'><strong>llaec</strong></span> <span class='ocrx_word' id='word_1_747' title='bbox 1116 2841 1219 2876; x_wconf 81' lang='lat' dir='ltr'><strong>Dionis,</strong></span> <span class='ocrx_word' id='word_1_748' title='bbox 1235 2842 1348 2876; x_wconf 74' lang='lat' dir='ltr'><strong>Pruszci,</strong></span> <span class='ocrx_word' id='word_1_749' title='bbox 1367 2843 1457 2877; x_wconf 88' lang='lat' dir='ltr'><strong>potius</strong></span> <span class='ocrx_word' id='word_1_750' title='bbox 1471 2847 1545 2870; x_wconf 84' lang='lat' dir='ltr'><strong>sunt.</strong></span> 
     </span>
    </p>
   </div>
  </div>
