1921 3072
218 109 286 141 1‘7‘55

825 112 949 144 INDEX
969 113 1214 148 SCRIPTORUM

1792 119 1849 151 12ἷὸ

213 169 333 200 colonia,
350 168 478 203 oppidum
495 167 656 201 obscurum,
669 168 780 204 etquod
797 169 886 197 bonos
900 174 1006 198 tantum
1024 174 1045 202 Α
1063 173 1141 200 utait
1155 171 1349 207 Epicharmus.
1367 173 1473 202 Dictum
1497 175 1531 202 ad
1559 175 1741 204 imitationem
1756 177 1848 206 illi-ts:

214 216 288 242 viros
300 215 373 242 alere
385 219 503 250 poterat.
516 216 593 242 Hanc
603 215 677 242 Zetto
693 216 780 251 magis
794 217 913 249 amabat,
924 225 1007 252 quam

213 261 423 288 Atheniensium
447 261 627 296 iactantiam;
647 261 738 296 itaque
763 269 825 289 raro
850 263 922 297 apud
948 262 1007 290 illos

213 312 336 335 versatus
353 307 380 334 in
397 308 484 342 patria
501 307 653 334 consenuit.

255 354 419 389 Ἐλεγείρειν
446 354 502 389 (65)
533 362 583 388 pro
609 353 724 380 delirare
753 355 864 388 quidam
883 360 1005 382 veterum

212 400 351 427 dixerunt.
365 399 398 426 Et
409 404 484 432 sunt,
493 399 540 434 qui
551 407 661 426 carmen
674 400 822 433 eli-giacunt
833 401 895 427 hinc
904 401 1006 428 dictum

212 451 317 482 putent.
343 446 488 478 Theocles,
516 445 619 473 Naxius
637 451 684 472 aut
704 445 878 477 Erclricnsis,
899 447 1005 474 insania

213 497 367 528 correptus,
383 499 493 519 carmen
511 492 563 519 hoc
578 493 683 527 primus
698 493 810 519 cecinit.

251 540 360 574 Elcgtts,
371 547 481 566 carmen
495 539 610 574 lugubre
618 539 656 566 sic
664 539 842 574 appellatum.
853 540 924 575 quod
935 548 1007 575 saepe

213 587 239 613 itt
257 594 289 614 eo
306 587 318 612 ἕ
334 586 345 612 Ξ
362 586 480 613 dicatur.
496 585 544 612 Vel
563 586 773 613 lamentationes
788 594 848 621 quze
863 587 896 613 ad
909 588 1003 614 tibiam

212 635 359 658 canuntur.
381 629 477 657 Postea
494 629 615 662 Midiam,
634 629 727 657 Gordii
755 630 851 662 ﬁlium,
880 632 944 658 dttttt
964 639 1006 660 re-

211 682 318 712 gnaret,
345 676 438 703 tibiam
465 675 497 702 ad
527 682 588 702 aras
621 680 648 702 et
673 675 807 702 sacrilicia
833 677 1005 705 transtulisse

211 724 318 755 dicunt,
332 723 403 758 quod
427 727 539 749 matrem
559 729 637 749 suam
663 722 820 749 defunctam
847 722 874 749 in
890 723 1004 751 dearum

212 777 356 797 numerum
376 768 479 796 referre
500 769 590 796 vellet.

244 815 380 847 Eleusins,
397 815 548 850 Cyziccnus
559 819 586 842 et
600 815 800 847 Marathortins,
813 820 841 844 et
852 816 933 844 CPol.
948 825 1002 844 non

1060 217 1136 246 Θεῶν
1153 220 1183 245 ὲν
1197 219 1311 253 γούνατι
1330 221 1429 247 κεῖται.
1447 219 1518 248 Olim
1550 222 1577 248 in
1609 223 1725 257 genibus
1748 224 1851 258 iudica

1060 265 1197 293 habebant
1210 273 1241 292 ca
1253 273 1315 301 qua:
1327 275 1400 294 nunc
1414 267 1441 293 in
1456 267 1564 294 tabellis
1579 269 1749 297 scribuntur.

1098 312 1313 347 Epaphroditus.
1333 313 1537 346 Chteronensis,
1563 316 1772 350 grammaticus,
1796 317 1849 343 Ar-

1059 359 1138 391 cltize,
1151 361 1340 393 Alexandrini,
1355 362 1539 396 grammatici,
1548 363 1678 390 alumnus
1689 363 1761 398 apud
1774 371 1849 398 quem

1057 405 1212 438 institutus,
1227 414 1242 433 a
1257 407 1388 443 Modesto,
1403 407 1512 443 {Egypli
1526 407 1666 442 praefecto,
1679 415 1789 443 emptus
1801 415 1848 440 cst.

1057 451 1137 487 cujus
1164 453 1250 480 lilium
1278 453 1429 481 Pitclinum
1459 455 1589 482 instituit.
1624 454 1732 482 Claruit
1760 455 1847 483 Roma:

1058 503 1180 533 tempore
1194 499 1312 528 Neronis
1324 500 1357 527 ad
1371 500 1488 528 Nervam
1502 509 1590 536 usque
1605 510 1612 528 :
1625 510 1680 536 quo
1695 506 1814 537 tempore
1824 508 1847 530 et

1058 545 1220 574 Ptolemzeus
1232 546 1431 582 Ilepltmstionis
1441 548 1513 575 ﬁlius
1525 549 1602 580 vixit,
1612 554 1639 576 et
1653 549 1732 576 tnnlti
1746 549 1790 576 alii
1800 549 1845 576 viri

1056 591 1179 618 doctrina
1199 592 1277 619 clari.
1302 593 1373 620 Idem
1387 594 1546 623 eumIibros
1565 596 1683 630 subinde
1700 597 1845 628 emeret,“

1057 637 1128 664 XXX
1146 638 1218 665 mille
1234 639 1286 666 sibi
1301 641 1480 675 comparavit,
1492 649 1596 676 eosque
1608 644 1695 670 bonos
1705 647 1732 669 et
1740 642 1846 669 minime

1056 683 1194 718 vulgares.
1213 684 1334 719 Corpore
1359 685 1410 714 fuit
1437 695 1537 722 magno
1552 693 1578 714 et
1600 689 1679 723 nigro
1696 690 1780 715 instar
1794 689 1845 716 ele-

1055 730 1192 764 pltantiaci
1209 731 1256 766 (ὠς
1271 732 1484 768 ἐλεφαντώδης).
1506 734 1646 762 Ilthitarit
1675 735 1703 761 in
1727 734 1844 762 Phania-

1056 776 1187 807 nocoriis,
1214 776 1260 803 ubi
1294 776 1373 805 binas
1388 779 1461 806 mdes
1491 779 1598 807 habuit.
1633 780 1755 808 Decessit
1779 789 1842 816 aqua

1055 822 1201 854 intercute,
1230 831 1332 851 annum
1354 833 1438 860 agens
1459 826 1565 860 LXXV,
1594 827 1736 864 multaque
1750 829 1841 864 scripta

209 863 318 898 quidem
337 870 433 898 tnagna
447 862 553 889 dicendi
572 861 703 889 facultate
728 863 848 897 praediti,
876 863 924 890 sed
950 872 1002 891 att—
1019 855 1041 882 Β
1056 870 1176 904 reliquit,
1194 870 1226 898 γ,
1243 877 1335 899 "Mam
1356 855 1459 909 |:pag,
1479 874 1541 902 790.

208 914 282 936 stero
304 909 365 936 vita:
392 916 490 944 genere
517 913 544 935 et
567 908 637 935 fictte
661 908 802 936 modestiae
828 909 1002 937 simulatione

207 964 334 992 magnam
357 956 449 991 adepti
469 955 672 987 auctoritatem,
697 955 831 991 plurimos
852 960 1001 984 sectatores

207 1002 257 1029 sibi
276 1001 459 1029 conciliarnnt
481 1006 509 1027 et
526 1000 705 1033 monasteria,
734 1000 838 1036 ingenti
857 1001 1000 1028 hominum

206 1048 352 1081 utrimque
368 1055 449 1074 serus
464 1047 641 1074 multitudine
654 1047 767 1080 referta,
786 1047 976 1075 instituerunt.

243 1093 430 1128 Empedocles,
450 1092 576 1125 Metonis,
599 1093 640 1120 vel
655 1093 832 1122 Archinomi.
847 1093 888 1120 vel
903 1092 998 1119 Xeneti

205 1138 250 1172 F.,
271 1138 355 1166 frater
372 1138 565 1170 Callia-ratidis,
576 1137 664 1174 primo
679 1138 783 1166 audivit
797 1137 998 1171 Partnenidem,

205 1186 285 1220 cujus
301 1186 394 1218 etiam,
409 1190 437 1212 ttt
450 1184 617 1220 Porphyrius
634 1185 660 1211 in
677 1184 795 1212 llistoria
811 1185 998 1220 philosophica

204 1239 302 1260 auctor
315 1237 366 1264 est,
385 1232 507 1259 antasius
522 1232 583 1258 fuit.
601 1231 654 1258 Alii
674 1232 754 1258 aittnt
770 1231 857 1259 fuisse
870 1232 999 1267 'I'elaugis

204 1277 379 1311 discipulum,
397 1277 561 1312 Pythagora:
580 1276 638 1303 fIlti.
653 1277 860 1312 Agrigentinus,
877 1277 998 1312 philoso-

203 1324 274 1359 pltus
290 1323 433 1358 physicus,
449 1322 611 1358 Pythagora:
630 1328 734 1350 sectam
763 1328 887 1355 secutus,
915 1330 996 1357 quam

203 1371 285 1397 etiam
303 1370 499 1397 temnlatusest
513 1369 675 1403 Apollonius
684 1368 825 1405 Tyaneus,
841 1373 894 1397 ctc.
906 1369 996 1397 Disci-

203 1417 298 1451 pulutn
310 1417 405 1443 habuit
419 1415 558 1449 Gorgiam,
574 1415 739 1443 Leontinum
757 1421 908 1445 oratorem.
922 1417 996 1444 Scri-

202 1463 257 1499 psit
273 1463 398 1490 versibus
412 1463 532 1490 heroicis
548 1468 600 1490 tres
614 1462 696 1489 libros
724 1464 793 1498 Περὶ
816 1462 926 1498 φύσεως
940 1464 995 1489 τῶν

202 1510 288 1537 ὅντων
321 1509 357 1536 De
387 1517 476 1536 rerum
507 1513 712 1543 naturapsunt
740 1514 831 1536 autem
864 1517 994 1538 versuum

201 1556 312 1584 circiter
330 1555 385 1583 duo
408 1555 504 1582 millia.
535 1556 600 1583 Item
630 1555 668 1582 De
696 1564 723 1583 re
748 1557 850 1583 mettica
871 1557 995 1584 oratione

201 1603 343 1634 soluta,et
370 1603 456 1630 multa
478 1603 543 1635 alia,
570 1608 623 1630 etc.
652 1603 820 1637 Empedoclis
840 1603 993 1636 inimicitia,

201 1651 388 1684 proverbium,
423 1651 496 1684 quod
525 1650 626 1677 dicitur
652 1651 686 1678 de
712 1651 746 1678 iis
771 1651 818 1686 qui
851 1650 995 1679 diuturnas

201 1696 359 1724 inimicitias
374 1695 505 1723 adversus
518 1696 625 1730 aliquos
641 1702 751 1731 gerunt.

236 1742 444 1777 Etnpedotimus
468 1744 579 1778 scripsit
604 1745 669 1778 περ).
684 1743 803 1779 φυσικῆς
822 1743 992 1779 ἀκροάσεως,

200 1788 239 1815 De
253 1789 361 1823 physica
376 1789 580 1820 auscultatione,
597 1789 631 1817 de
643 1797 698 1824 quo
708 1788 855 1824 (Julianus)
868 1791 882 1817 ό
901 1798 992 1825 παρα-

200 1836 285 1871 ϐάτης
302 1837 328 1863 in
344 1844 427 1871 opere
438 1836 511 1871 quod
528 1836 626 1864 Cronia
641 1836 814 1864 inscribitur:
827 1837 881 1863 Nos
893 1842 992 1870 autem,

201 1882 385 1917 Enapettotimo
413 1889 437 1910 et
468 1883 625 1919 Pytltagorte
651 1883 785 1910 credentes
802 1903 809 1916 ,
827 1888 852 1910 et
875 1883 909 1911 iis
937 1891 993 1920 qua:

198 1929 355 1959 Heraclides
365 1929 494 1957 Ponticus
507 1930 538 1957 ab
548 1931 603 1957 illis
618 1935 727 1965 accepta
739 1926 862 1963 tradidit,
876 1936 901 1958 et
911 1931 992 1964 paulo

198 1981 259 2004 ante
267 1977 381 2012 inclytus
391 1977 436 2003 ille
445 1985 532 2007 rerum
543 1977 694 2004 divinarum
705 1979 833 2012 interpres
841 1977 990 2006 Jamblicus

197 2024 271 2053 nobis
283 2024 406 2051 ostendit.

252 2070 390 2102 Ἐνιαυτὸς
404 2071 543 2104 Μέτωνος,
564 2079 651 2098 annus
665 2071 790 2104 Metonis,
808 2071 835 2098 id
847 2077 888 2099 est
914 2072 989 2100 orbis

195 2123 332 2145 annorum
345 2116 416 2144 XIX.
431 2117 501 2144 Meto
514 2118 599 2150 enim,
612 2118 833 2149 mathematicus,
845 2118 988 2153 periodum

196 2164 326 2196 temporis
340 2171 374 2191 ex
392 2163 451 2190 XIX
464 2164 543 2191 annis
555 2168 726 2194 constantem
748 2165 861 2192 invenit.

1088 917 1192 944 Ἐπειοῦ
1208 918 1370 954 δειλότερος,
1394 919 1465 954 Epeo
1493 921 1624 953 timidior,
1645 921 1782 954 Cratinus,
1797 929 1840 950 co-

1056 965 1154 997 micus,
1169 966 1322 999 dicebatur,
1342 966 1460 995 fortasse
1482 969 1566 1003 quod,
1588 977 1650 996 cttm
1668 969 1780 997 (Εηεὶἀί
1796 970 1838 996 tri-

1055 1010 1100 1036 bui
1115 1017 1255 1046 przeesset,
1271 1011 1395 1039 timidior
1410 1013 1563 1040 videretur.
1581 1014 1672 1049 Epeus
1687 1015 1758 1042 enim
1774 1015 1838 1042 timi-

1054 1056 1105 1084 dus
1120 1062 1190 1084 erat.

1089 1103 1227 1138 Ephectici
1256 1105 1410 1140 philosophi
1437 1106 1478 1133 sic
1505 1107 1632 1142 appellati
1665 1109 1700 1136 ab
1725 1110 1833 1146 ἐπέχειν,

1053 1150 1179 1184 inhibere,
1207 1152 1280 1184 quod
1305 1159 1449 1179 assensum
1481 1153 1514 1180 de
1555 1155 1638 1182 rebus
1668 1155 1832 1190 inhiberent,

1052 1204 1154 1232 easque
1179 1198 1375 1232 comprehendi
1404 1207 1458 1226 non
1485 1207 1566 1234 posse
1595 1206 1757 1230 statuerent.
1786 1204 1834 1231 Kal.

1051 1242 1225 1278 δογματίζειν
1241 1244 1296 1280 ((36)
1313 1244 1384 1271 αὐτὰ
1398 1246 1592 1280 ἀκατάληπτι.

1087 1289 1213 1324 Ephesiae
1241 1290 1347 1323 litteras,
1372 1292 1398 1318 id
1415 1297 1458 1319 est
1480 1293 1685 1323 incantationes
1720 1298 1834 1331 quaedam

1051 1336 1187 1368 ohscurm,
1206 1345 1275 1372 quas
1289 1342 1316 1364 et
1332 1337 1458 1366 Crmsum
1480 1339 1507 1366 in
1537 1348 1604 1376 rogo
1620 1342 1724 1370 dixisse
1739 1344 1832 1373 ferunt.

1051 1381 1083 1409 Et
1099 1382 1229 1418 Olyn-pize
1254 1383 1359 1410 Milesio
1382 1389 1409 1412 et
1427 1385 1546 1419 Ephesio
1562 1387 1743 1422 lnctantibus,
1764 1391 1833 1418 aiunt

1049 1427 1184 1455 Milesium
1207 1429 1306 1457 luctari
1325 1437 1378 1457 non
1395 1432 1529 1465 potuisse,
1557 1434 1630 1468 quod
1655 1435 1722 1462 alter
1740 1437 1835 1465 litteras

1049 1474 1182 1510 Ephesius
1207 1476 1262 1503 talo
1288 1476 1365 1511 pedis
1381 1477 1528 1512 alligasset.
1558 1479 1596 1506 Ea
1613 1485 1704 1508 autem
1722 1489 1751 1509 re
1766 1490 1836 1510 com-

1050 1525 1137 1555 perta,
1151 1521 1305 1557 litterisque
1321 1523 1376 1550 illis
1391 1523 1498 1557 solutis,
1514 1523 1658 1560 Ephesium
1675 1528 1768 1556 tricies
1784 1528 1833 1564 (67)

1047 1567 1134 1595 fuisse
1145 1573 1325 1603 prostratum.

1083 1613 1237 1649 Ephippus,
1265 1615 1452 1650 Atheniensis,
1481 1617 1603 1646 comicus
1621 1620 1718 1648 mediae
1738 1629 1835 1651 comm-

1046 1659 1106 1687 dite.
1341 1672 1352 1679 ει

1087 1706 1235 1740 I-Iphippns,
1255 1706 1406 1742 Cumanus,
1427 1709 1499 1738 ﬁlius
1515 1709 1670 1747 Demophili
1688 1714 1730 1741 vel
1748 1714 1834 1742 Antio-

1045 1752 1100 1784 chi,
1112 1753 1241 1780 lsocratis
1253 1755 1371 1782 oratoris
1387 1756 1505 1784 auditor.
1525 1757 1684 1793 historicus,
1698 1762 1744 1795 qui
1755 1761 1832 1789 ﬁlium

1045 1797 1144 1825 habttit
1165 1798 1367 1834 Demophilum,
1396 1802 1569 1830 historicum.
1602 1803 1833 1842 Vixitolytnpiade

1044 1843 1138 1877 XCIII,
1153 1845 1188 1872 ita
1204 1851 1231 1873 nt
1247 1846 1366 1882 Philippi
1384 1847 1540 1876 Macedonis
1558 1858 1672 1885 regnum
1685 1858 1833 1881 antecesse-

1044 1890 1089 1917 rit.
1105 1889 1221 1926 Scripsit
1233 1891 1416 1919 Historiarum
1433 1893 1467 1920 ab
1484 1893 1524 1920 Ilii
1538 1897 1744 1931 expugnatione
1768 1897 1831 1926 Tro-

1041 1936 1163 1973 janoque
1185 1937 1256 1965 bello
1277 1938 1310 1965 ad
1326 1946 1374 1966 sua
1389 1947 1475 1974 usque
1499 1945 1620 1976 tempora
1649 1943 1730 1970 libras
1745 1944 1831 1976 XXX.

1044 1983 1081 2010 De
1094 1983 1168 2010 bonis
1181 1988 1206 2010 et
1222 1984 1300 2012 malis
1314 1985 1389 2013 libris
1400 1985 1471 2013 XXI
1480 1986 1517 2020 V;
1531 1987 1628 2015 Rerum
1637 1990 1831 2018 admirabilium

1045 2030 1101 2055 τῶν
1116 2030 1281 2066 ἑκασταχοῦ,
1310 2039 1369 2066 qute
1385 2032 1412 2058 in
1425 2035 1517 2067 quavis
1534 2036 1638 2070 regione
1655 2038 1829 2071 observantur,

1041 2075 1124 2103 libros
1140 2075 1193 2102 XV
1208 2085 1218 2109 ,'
1240 2077 1276 2104 De
1292 2079 1368 2106 rebus
1381 2087 1446 2114 quas
1462 2081 1572 2116 quisque
1586 2082 1684 2109 invenit
1700 2083 1779 2111 libros
1793 2084 1829 2117 ll,

1041 2126 1068 2149 ct
1081 2122 1144 2149 alia.

1077 2168 1214 2203 Ephorus.
1230 2170 1383 2204 Cumanus,
1399 2177 1426 2199 et
1435 2171 1640 2210 Theopompus,
1655 2175 1830 2206 Damasistra-

230 2209 347 2242 Ennius,
377 2215 457 2245 poeta
484 2209 626 2237 Romanus
646 2210 683 2245 (id
701 2215 743 2238 est
759 2211 985 2247 Latinus),quem
1003 2214 1025 2244 υ
1042 2214 1061 2240 li
1074 2213 1117 2247 F.,
1130 2214 1227 2248 Chius,
1240 2216 1321 2243 ambo
1333 2215 1606 2253 Isocratisdiscipuli,
1623 2222 1672 2249 sed
1688 2222 1795 2258 ingenio
1805 2229 1830 2251 et

194 2254 321 2284 [Elianus
338 2255 419 2285 laude
435 2256 548 2291 dignum
578 2264 641 2284 esse
658 2257 706 2288 ait,
725 2258 798 2292 quod
829 2257 984 2294 Scipionem

193 2302 338 2336 magniﬁce
361 2303 490 2331 estollere
506 2303 620 2338 cupiens
640 2304 760 2338 scripsit,
777 2305 866 2333 solum
883 2305 985 2333 llome-

192 2356 254 2376 rum
282 2349 377 2377 laudes
404 2349 450 2376 illo
479 2348 576 2384 dignas
604 2357 702 2378 canere
741 2359 832 2386 posse,
861 2352 986 2387 adeoque

193 2396 380 2431 praestantiam
396 2395 456 2430 ejus
474 2396 624 2431 intelligere
643 2404 673 2424 se
693 2397 892 2425 demonstravit
906 2403 985 2434 poeta

194 2441 414 2476 Ili-ssapius(hoc
427 2445 469 2470 est
480 2440 593 2474 Ennius,
610 2441 681 2476 quia
693 2441 817 2477 Messapo
832 2451 894 2479 rege
905 2452 983 2471 suam

193 2488 331 2522 repetebat
350 2487 504 2522 originem).

233 2534 277 2560 Ἐν
301 2534 384 2560 πέντε
408 2533 511 2570 κριτῶν
535 2533 640 2568 γόνασι.
668 2534 703 2562 1η
724 2536 838 2572 quinque
859 2536 983 2572 jtttlicum

190 2580 307 2613 genibus.
319 2579 390 2607 Olim
402 2581 524 2615 quinque
532 2580 639 2615 iudices
647 2581 680 2608 de
690 2582 980 2616 comicisjudicabant,

224 2685 281 2719 (ὒό)
305 2684 338 2711 Αι
356 2684 489 2711 Iiitsterns
503 2693 517 2711 e
533 2684 612 2710 codd.
635 2683 720 2711 Paris.
736 2689 763 2711 et
786 2688 894 2718 propter
911 2683 981 2710 litte—

189 2729 281 2748 rarum
297 2721 395 2747 St'l'it'lll
412 2721 497 2747 edidit
511 2720 667 2753 ἐλεγείιειν.
687 2719 771 2746 ΙΙτιιιιη

227 2756 284 2789 (ϋῦ)
298 2755 408 2792 Fallitur
426 2756 534 2792 Snidas,
547 2757 682 2790 Set-plicis
696 2758 831 2788 tribuens,
845 2757 916 2792 quod
930 2757 981 2783 Init

187 2791 366 2825 quorumdam
376 2791 612 2827 Acmlcmicortnn.
631 2792 696 2818 Nam
712 2792 826 2827 St't-ptit-i
845 2791 910 2820 nihil
927 2798 981 2818 stti-

188 2830 299 2852 ιυιιινιιιιι
315 2833 402 2858 neque
415 2826 607 2860 ἐδογμᾶῖινταν,
622 2828 669 2853 sed
688 2826 877 2855 latttninntodo
898 2828 979 2854 dubi-

188 2865 247 2887 tare
263 2868 291 2887 se
314 2861 519 2893 proﬁtebantur.
545 2860 623 2890 Vide,
645 2870 667 2888 SI
684 2863 782 2898 p‘at'ct,
802 2872 863 2898 qua-
888 2863 978 2890 notavi

1040 2262 1110 2296 ston
1138 2269 1219 2296 quam
1245 2263 1366 2290 maxime
1389 2262 1459 2291 inter
1483 2272 1512 2292 se
1539 2265 1739 2302 discrepantes.
1764 2268 1827 2296 Nam

1040 2306 1167 2342 Ephorus
1176 2307 1286 2343 ingenio
1306 2315 1365 2336 erat
1379 2309 1507 2344 simplici,
1518 2316 1542 2338 et
1555 2314 1627 2346 quod
1639 2314 1673 2342 ad
1685 2315 1826 2343 dictiOuem

1039 2351 1098 2387 ejus
1111 2352 1269 2380 historicam
1283 2355 1392 2389 attinet,
1405 2358 1521 2391 supinus
1531 2362 1558 2385 et
1567 2360 1660 2394 segnis
1669 2368 1828 2397 semperque

1039 2399 1181 2426 retnissus.
1201 2399 1395 2436 Theopompus
1411 2409 1476 2430 vero
1493 2403 1605 2438 ingenio
1620 2411 1680 2433 erat
1692 2408 1790 2435 acerbo
1803 2413 1828 2436 et

1037 2443 1221 2480 maligno;at
1234 2446 1353 2474 dictione
1367 2449 1498 2483 copiosus
1517 2456 1546 2477 et
1567 2451 1684 2486 densus,
1702 2462 1734 2482 ac
1748 2456 1826 2482 vehes

1037 2492 1144 2518 mentite
1156 2491 1272 2526 plenus:
1286 2495 1435 2529 cteteroqui
1452 2496 1510 2522 veri
1526 2497 1671 2526 studiosus
1688 2500 1715 2526 in
1727 2501 1826 2535 iisquae

1034 2537 1182 2564 scribebat.
1203 2537 1338 2567 Isocrates
1363 2539 1447 2575 igitur
1461 2541 1533 2569 hunc
1557 2542 1652 2577 frettis,
1687 2545 1824 2581 Ephorum

1033 2591 1100 2611 vero
1114 2583 1268 2613 calcaribus
1282 2585 1404 2621 indigere
1416 2587 1496 2614 dixit.
1511 2588 1707 2630 Theopompus
1725 2597 1823 2627 autem,

1031 2684 1065 2712 ad
1081 2684 1193 2722 sextum
1212 2686 1391 2722 Empiricum.

1067 2721 1123 2762 (βῖ)
1140 2721 1287 2764 Kitsterfd
1305 2724 1333 2750 h.
1347 2724 1446 2764 l._to_m.
1460 2724 1494 2758 II,
1511 2733 1572 2764 pag.
1585 2726 1648 2759 9l9,
1663 2733 1722 2764 not.
1734 2729 1761 2761 8,
1775 2736 1821 2764 pro

1030 2756 1176 2798 eptti'xovu
1183 2757 1213 2783 τὸ
1222 2758 1284 2798 ξξῆς
1300 2761 1394 2798 πε-σείιζ
1409 2756 1496 2795 legere
1507 2756 1582 2788 [mihi
1593 2756 1653 2796 τρὶξ
1667 2763 1696 2789 τὸ
1708 2756 1820 2798 egi-ign,

1032 2795 1070 2832 ter
1079 2792 1207 2832 dejeetum
1218 2792 1299 2832 fuisse
1314 2796 1348 2821 ab
1362 2792 1530 2828 adversario,
1545 2792 1678 2832 suamque
1694 2792 1820 2826 emenda:

1033 2827 1133 2855 tionem
1145 2828 1199 2856 late
1209 2827 1378 2866 pulchreque
1393 2832 1511 2866 explicat
1524 2827 1527 2828 ν
1544 2827 1706 2869 probat-que.
1723 2835 1806 2862 Ηυιι..
