1921 3072
102 118 160 150 1257

700 115 748 145 DE
769 114 910 151 QUIBUS
930 114 1077 145 SUIDAS.

1632 116 1700 150 1258

97 179 123 206 in
145 175 267 204 exsilium
292 175 407 211 cjectus,
436 175 549 211 supplex
571 175 605 203 ad
630 174 759 209 templum
778 173 868 200 Diana:
882 177 904 204 Α
918 173 1066 206 quotannis
1092 173 1238 208 parentari,
1257 174 1308 202 sibi
1324 181 1387 202 vero
1409 174 1462 208 bis,
1492 179 1544 203 etc.
1574 175 1700 210 Epicurei

97 222 209 257 Ephesia:
232 222 364 257 confugit.
394 222 492 249 Multas
515 222 596 250 etiam
618 220 748 255 epistolas
769 224 864 247 contra

96 268 170 294 Chios
185 267 215 294 ad
238 268 423 294 Alexandrum
450 268 535 299 misit,
565 266 746 299 euntdetnquc
774 264 867 291 multis

95 311 211 339 laudibus
232 312 349 339 ornavit.
363 312 467 339 Dicitur
482 312 562 339 etiam
573 311 796 346 vituperationem
807 309 866 343 ejus

95 358 236 391 scripsisse,
254 359 300 385 sed
317 367 377 393 quae
391 367 443 385 non
460 362 558 385 exstat.

127 402 309 438 Epicharmus,
325 403 411 439 Tityri
425 404 466 431 vel
480 403 601 431 Chitnari
615 404 654 431 vol
669 404 767 432 Sieidis
782 404 865 436 (ilius,

95 447 283 482 Syracusanus,
309 447 349 474 vel
375 455 407 474 ex
435 448 596 475 Sicanorum
613 448 731 480 civitate,
758 449 866 481 Crasto,

94 493 134 527 qui
151 501 200 519 una
209 501 269 519 cum
282 493 409 520 Phormio
423 494 584 520 commdiam
599 493 740 528 Syracusis
754 494 865 520 invenit.

95 539 181 565 Docuit
195 538 298 566 fabulas
311 538 364 571 LII,
380 540 432 571 vel,
453 544 483 566 ttt
495 538 583 574 Lycon
597 540 646 572 ait,
664 539 771 566 XXXV.
799 539 867 572 Qui-

93 584 147 612 dam
167 585 275 611 tradunt
291 585 378 618 ipsunt
394 585 478 612 fuisse
496 584 592 615 Coum,
617 593 698 612 unutn
715 593 745 611 ex
766 585 799 612 iis
818 585 865 620 qui

94 638 148 657 eum
161 630 260 657 Cadmo
276 631 302 657 in
330 629 451 658 Siciliam
469 630 638 665 ntigrarunt;
659 631 702 658 alii
723 631 843 658 Samium
858 640 865 665 ;

93 677 131 703 alii
146 675 266 710 Megaris,
286 675 351 702 ttrbe
363 676 461 702 Sicilia:
474 676 628 703 oriundum.
651 676 712 703 Fuit
726 684 773 704 sex
784 677 864 705 annis

93 726 148 748 ante
162 722 258 748 bellum
275 721 414 748 Persicum
431 722 572 757 Syracusis
586 722 702 755 docens;
718 731 773 757 quo
796 728 867 750 tem-

93 775 151 802 pore
165 767 278 796 Athenis
294 768 392 796 Euetes
403 774 430 796 et
447 769 600 797 Euxenides
615 775 643 797 et
660 769 746 806 hlylus
761 770 866 798 fabulas

91 814 206 842 edebant.

124 859 278 893 Epicrates,
308 860 514 888 Atheniensium
545 866 653 893 orator,
678 862 862 898 σακεσφόρος,

91 903 201 938 corniger
213 905 378 939 appellatus,
396 905 475 939 cujus
491 907 639 933 meminere
655 907 862 942 Aristophanes,

91 949 158 976 Plato
173 951 295 978 comicus
309 957 336 978 et
349 951 552 984 Demosthenes,
569 957 638 979 orat.
654 952 691 980 De
705 954 774 988 falsa
791 954 864 990 (ego.

92 995 163 1021 tione.
180 996 268 1028 Alius,
297 997 375 1030 cujus
406 998 530 1024 tneminit
556 997 710 1033 Lycurgus,
736 1005 803 1027 orat.
826 1001 864 1028 De

91 1041 316 1069 administratione
336 1043 435 1074 a‘rarit‘.
466 1051 545 1078 qttem
570 1049 697 1071 sexcenta
718 1045 816 1072 talenta
837 1047 863 1073 in

91 1086 163 1114 bonis
185 1088 315 1116 imbuisse
332 1089 419 1116 aiunt.
450 1090 525 1116 Alius
548 1089 695 1123 Epictates,
726 1091 865 1120 Eschinis

91 1134 198 1160 oratoris
213 1134 313 1165 aﬂinis,
328 1135 372 1169 qui
385 1135 517 1170 Cyrcbion
531 1136 783 1170 cognominabatur,
798 1142 865 1165 teste

92 1179 277 1211 Dnntostbene,
289 1185 361 1206 orat.
378 1185 470 1207 contra
484 1180 653 1209 Eschinem.

121 1223 255 1258 Epictetus
282 1233 315 1252 ex
347 1226 484 1260 llicrapoli
512 1226 646 1262 Phrygia,
674 1228 863 1262 pltilosOphus,

90 1275 178 1296 Servus
194 1269 383 1304 Epaphroditi,
400 1271 480 1298 uttius
497 1271 531 1298 de
544 1272 705 1299 satellitibus
729 1273 793 1307 itnp.
810 1272 864 1300 Ne-

91 1313 166 1341 ronis.
181 1314 222 1341 0h
238 1314 417 1342 deﬂurionem
439 1316 523 1343 altero
537 1323 617 1343 crure
635 1316 732 1344 debilis
747 1317 772 1344 itt
790 1325 866 1346 nova:

90 1358 153 1392 Epiri
166 1360 245 1392 urbe,
259 1360 391 1394 Nicopoli,
405 1360 535 1387 habitavit
545 1365 572 1388 et
588 1361 667 1388 vitam
680 1370 766 1396 usque
777 1363 810 1389 ad
828 1363 864 1391 Μ.

89 1405 504 1441 Antoniniimperiutnproduxit.
518 1406 732 1441 Scripsitmulta.
747 1408 866 1436 Tltcosc-

89 1449 152 1482 hius,
159 1451 346 1486 philosophus.
359 1452 441 1479 tnulta
453 1460 484 1479 ex
494 1452 606 1487 Epicteti
616 1453 714 1481 scholis
724 1454 864 1489 desumpta

89 1496 159 1525 dixit.
183 1497 237 1524 alia
252 1502 278 1524 ct
299 1498 357 1530 ipse
377 1498 547 1533 excogitavit.
573 1499 662 1531 Quare
684 1503 710 1526 et
732 1505 863 1535 praecepta

90 1541 144 1568 vine
156 1542 256 1568 talibus
269 1542 344 1570 libris
363 1544 521 1577 complexus
534 1548 576 1572 est
601 1549 627 1572 et
642 1545 794 1580 posteritati
818 1555 861 1574 re-

90 1586 172 1620 liquit,
191 1588 321 1622 qualibus
334 1593 360 1615 et
376 1588 523 1622 Epictetus,
538 1590 572 1616 ita
589 1594 617 1617 ut
633 1591 716 1617 nostri
734 1591 862 1626 tempatis

89 1631 216 1666 Epictetus
233 1641 293 1661 esse
305 1634 435 1666 videatur,
449 1635 570 1669 exceptis
584 1640 672 1663 tamen
687 1637 863 1671 opinionibus

89 1677 189 1705 Stoicis.
207 1678 378 1707 'l‘heosebius
392 1680 463 1707 enim
485 1681 586 1707 nullius
602 1682 743 1715 scriptoris
757 1683 862 1717 opinio-

87 1731 131 1750 nes
146 1730 197 1751 tam
213 1725 431 1759 amplectebatur
444 1729 470 1753 et
485 1726 681 1758 admirabatur,
708 1736 789 1763 quam
804 1728 863 1756 Pla-

89 1769 154 1796 tonis
181 1771 333 1798 veritatem.
375 1771 527 1804 Qninetiatn
563 1771 707 1806 quemdam
743 1773 862 1801 libellunt

87 1817 253 1851 conscripsit,
271 1817 303 1844 de
321 1817 402 1844 rebus
422 1819 447 1844 in
470 1818 560 1853 magni
587 1817 684 1846 Politia
705 1819 862 1855 (Platonis)

86 1861 214 1895 eleganter
227 1863 319 1890 dietis.
342 1863 473 1896 Quamvis
501 1871 588 1898 remp.
620 1872 673 1891 non
701 1865 798 1900 attigit,
817 1867 863 1894 sed

87 1908 212 1942 privatum
229 1910 314 1936 coluit
337 1911 397 1937 vitae
412 1917 506 1944 genus.
524 1910 567 1937 cui
589 1913 616 1936 ct
637 1912 762 1938 Socrates
779 1912 823 1938 ille
837 1916 864 1939 et

88 1953 218 1988 I'Zpictetus
246 1956 357 1987 καὶπᾶς
369 1954 397 1982 εὖ
416 1956 532 1991 φρονῶν,
560 1962 586 1983 et
601 1956 714 1991 quilibet
737 1958 864 1986 cordatus

85 2001 178 2032 studet.
192 2007 260 2035 etc.,
271 2010 302 2028 ea:
318 2002 468 2029 Dmnascio.

117 2043 259 2078 Epicurus,
275 2045 380 2072 Neoclis
395 2045 438 2078 Εἴ,
451 2046 632 2078 Atheniensis,
643 2047 741 2081 populo
755 2047 865 2082 Garget-

86 2091 145 2123 tius,
161 2097 250 2118 matre
262 2091 454 2123 Cltmrt-su-ata,
478 2091 558 2118 frater
570 2091 686 2124 Neoclis,
698 2093 865 2121 Cltaercdetni

85 2142 111 2162 et
130 2137 292 2169 Aristobuli,
311 2138 367 2163 sive
383 2137 557 2167 Aristotletni,
586 2136 769 2171 philosophari
784 2138 866 2172 capit

917 218 986 246 SCto
1001 217 1086 245 Roma
1107 220 1272 253 suntejccti.
1300 222 1409 248 eosdem
1429 221 1557 256 expulere
1571 221 1700 250 Messenii

918 263 943 289 itt
956 263 1078 295 Arcadia,
1093 263 1179 298 iisque
1189 265 1309 298 expulsis
1321 270 1403 292 totam
1417 267 1510 294 urbem
1521 274 1536 292 a
1547 265 1701 301 Tintuchis,

918 309 1125 343 magistratibus
1137 310 1205 342 suis,
1223 310 1344 338 iecerunt
1363 312 1470 346 purgari
1488 312 1698 340 velutsordihus

918 354 1079 389 quibusdam
1095 360 1121 382 et
1136 357 1319 391 purgamentis
1331 358 1484 386 liberatam.
1498 357 1525 385 In
1535 358 1613 386 Creta
1629 367 1700 394 quo-

918 407 970 435 qtte
985 400 1068 436 Lyctii
1083 401 1137 437 (68)
1154 403 1287 437 quosdam
1306 403 1463 438 Epicureos.
1476 404 1539 431 illuc
1552 405 1700 439 profectos,

918 447 1091 482 expulerunt,
1117 449 1257 484 legemque
1273 450 1411 478 tulerunt:
1429 449 1552 484 Epicurei
1566 451 1702 485 sapientia:

918 492 1075 525 cﬂ'entinatw
1094 498 1118 520 et
1136 494 1269 528 degeneris
1285 503 1316 521 ac
1330 495 1414 528 turpis
1437 495 1581 522 inventores
1600 497 1702 531 diisque

919 537 995 563 invisi
1020 545 1066 572 per
1089 540 1218 572 prtecttnis
1247 547 1332 566 vocem
1362 539 1444 575 Lycto
1471 540 1592 568 excedere
1606 541 1702 577 juben-

920 586 970 613 ιον,
989 587 1042 610 etc.

953 628 1234 663 Epigenes,contiens.
1251 630 1288 658 Ex
1303 631 1363 666 cjns
1371 631 1468 660 fabulis
1483 637 1548 661 sunt
1568 632 1701 670 Ἦρωτνη,

919 673 1087 709 Μνημάτιον,
1107 675 1224 710 Βακχείι
1249 676 1306 712 (λιιι
1334 678 1372 704 uti
1394 678 1492 705 Kuster
1511 687 1544 706 ex
1573 679 1704 708 Athenaeo

918 719 964 751 IX,
981 728 1041 755 pag.
1068 721 1129 754 184,
1150 722 1224 749 malit
1248 723 1374 757 Βάκχαι).
1392 723 1522 752 Athenaeo
1537 731 1701 755 memoratae.

918 764 1035 792 Duarum
1049 765 1162 793 aliarum
1176 767 1284 794 nomina
1300 768 1375 795 addit
1389 769 1470 796 Kust.

959 810 1146 846 Ἐπίγραμμα.
1169 813 1268 840 Omnes
1282 813 1485 848 inscriptiones,
1502 816 1629 850 quamvis
1645 825 1699 844 non

883 848 902 875 Β
917 860 1041 883 constent
1054 857 1186 887 versibus.
1201 858 1327 885 dicuntur
1339 848 1545 893 epigrammata.

952 902 1087 937 Epylicus,
1104 909 1181 938 poeta
1196 905 1326 932 comicus.
1345 903 1381 932 Ex
1405 905 1503 933 fabrilis
1520 907 1578 941 ejus
1594 913 1636 935 est
1650 917 1697 934 xo-

918 947 1055 983 ρειΜσκος,
1075 954 1103 976 ιιι
1117 951 1192 977 testis
1206 955 1247 977 est
1261 951 1416 984 Atltenzeus,
1434 952 1481 980 lib.
1501 953 1544 985 IV,
1569 961 1631 989 pag.
1651 955 1703 982 I55

917 995 945 1018 et
961 991 1020 1024 HG,
1037 993 1081 1019 ubi
1103 993 1230 1020 scribitur
1251 995 1438 1029 Κωραλὶςκοί.

954 1037 1074 1072 Epimeni
1088 1039 1135 1071 les,
1164 1039 1260 1066 Pltzesti
1278 1045 1324 1067 aut
1340 1040 1460 1068 Dosiada:
1480 1047 1527 1069 attt
1542 1042 1700 1078 Agiasarcbi

918 1081 962 1114 ιε’..
979 1088 1064 1111 matre
1078 1083 1179 1116 Blasta,
1197 1086 1334 1113 Cretensis
1347 1086 1488 1118 Cnossius,
1508 1093 1584 1122 poeta
1598 1089 1701 1123 epicns.

919 1127 1006 1160 Ilnjns
1033 1130 1151 1156 animant
1170 1131 1261 1159 ferunt
1274 1139 1387 1166 corpore
1402 1134 1562 1166 excessisse,
1581 1137 1701 1170 quandiu

918 1174 975 1209 ipse
989 1175 1125 1207 voluisset.
1140 1181 1167 1203 ct
1180 1183 1272 1211 postea
1286 1177 1312 1204 in
1332 1178 1396 1205 illttd
1410 1186 1543 1206 reversam
1563 1188 1634 1212 esse,
1646 1190 1698 1209 cu-

920 1224 1029 1255 tt-mque
1046 1221 1127 1255 longo
1143 1226 1204 1255 post
1227 1226 1341 1250 mortem
1355 1223 1414 1257 ejus
1428 1227 1548 1258 tempore
1563 1225 1700 1253 inventam

918 1265 1062 1300 γράμμασι
1080 1267 1270 1301 κατάστικτον,
1288 1268 1382 1295 litteris
1397 1273 1530 1296 notatam.
1549 1271 1623 1298 Unde
1639 1279 1702 1307 pro-

919 1312 1039 1338 verbium
1057 1313 1220 1347 ὲπιμενίδιον
1234 1314 1321 1348 δέρμα
1336 1314 1368 1341 de
1385 1316 1466 1342 rebus
1483 1317 1639 1345 reconditis.
1656 1317 1703 1345 Vi-

920 1357 958 1383 xit
973 1357 1130 1392 Olympiade
1140 1357 1225 1390 ΧΧΧ.
1239 1364 1267 1386 ut
1281 1364 1306 1386 rt
1323 1365 1427 1395 septem
1439 1362 1575 1396 sapientes
1588 1363 1701 1392 Graeciae

919 1403 1093 1430 antecesserit
1104 1408 1193 1435 attate,
1203 1405 1243 1431 vel
1258 1405 1354 1433 saltem
1368 1406 1428 1434 illos
1436 1407 1566 1441 attigerit.
1583 1407 1632 1436 Hic
1643 1409 1701 1443 jam

919 1453 1000 1474 senex
1026 1448 1155 1481 Athenas,
1179 1448 1293 1484 Cylonio
1309 1451 1411 1478 scelere
1422 1452 1549 1486 pollutas,
1575 1454 1702 1481 lustravit

920 1490 1027 1528 Olymp.
1055 1493 1144 1521 XLIV.
1167 1494 1283 1530 Scripsit
1308 1497 1391 1524 multa
1418 1498 1562 1526 versibus:
1581 1499 1702 1535 itemque

916 1539 1037 1566 oratione
1048 1546 1139 1573 prosa,
1157 1541 1285 1575 mysteria
1300 1542 1423 1576 quaedam
1447 1548 1474 1570 et
1488 1543 1662 1572 lustrationes
1675 1550 1702 1572 et

913 1584 964 1610 alia
979 1585 1158 1619 aenigmatica.
1175 1586 1213 1613 Ad
1226 1587 1297 1614 hunc
1323 1588 1405 1615 Solon
1427 1589 1565 1623 Icgislator
1578 1591 1700 1625 scripsit.

915 1630 1115 1664 reprehendens
1141 1632 1215 1659 ttrbis
1233 1632 1432 1662 lustrationem.
1450 1634 1524 1661 Vixit
1553 1642 1640 1662 annos
1655 1635 1698 1662 αι

913 1680 940 1702 ct
953 1683 1000 1703 sex
1018 1677 1165 1709 continuos
1181 1679 1320 1706 dormivit.

949 1722 1076 1756 Epinicus
1100 1727 1126 1749 et
1146 1723 1202 1758 ipse
1211 1724 1341 1757 comicus,
1356 1732 1388 1752 ex
1406 1724 1483 1760 cujus
1495 1724 1594 1754 fabulis
1619 1725 1702 1753 Ύπο-

915 1766 1078 1802 σαλλὸμεναι
1089 1769 1220 1796 Athenaeo
1233 1775 1399 1797 memorata).

953 1813 1129 1847 Epiphanius,
1147 1814 1251 1848 Ulpiani
1264 1814 1306 1846 F.,
1320 1814 1450 1848 Petraeus,
1467 1815 1655 1851 sopbista,qui
1670 1821 1700 1843 ct

915 1858 941 1885 in
970 1859 1064 1892 patria,
1092 1860 1182 1891 Petra.
1204 1865 1232 1888 et
1251 1861 1365 1888 Athenis
1386 1861 1488 1888 docuit.
1506 1861 1618 1896 Scripsit
1633 1863 1701 1897 Περὶ

916 1904 1058 1935 κοινωνίας
1091 1905 1138 1930 καὶ
1171 1904 1302 1940 διαφορᾶς
1332 1905 1387 1931 τῶν
1419 1906 1557 1937 στάτεων,
1600 1905 1636 1932 De
1666 1906 1701 1932 iis

915 1956 974 1983 qua:
994 1953 1078 1975 status
1098 1957 1238 1976 causarum
1256 1950 1324 1976 inter
1356 1957 1383 1976 se
1397 1958 1544 1977 communes
1564 1949 1659 1976 habent
1675 1955 1701 1976 et

915 1996 942 2022 in
956 1995 1048 2030 quibus
1059 1995 1195 2029 (li/ferunt.
1211 1995 1461 2030 Progytnnasmata.
1478 1995 1697 2022 Declamationes.

918 2040 1056 2068 Orationes
1069 2040 1264 2067 Demarclticas.
1291 2041 1442 2066 Orationem
1461 2039 1698 2067 Polemon/ticum.

916 2087 1018 2121 Λόγους
1045 2086 1255 2120 ἐπιδεικτικοὺς,
1281 2087 1337 2114 sive
1370 2085 1534 2120 Eloquentia
1557 2086 1699 2121 specimina

916 2139 941 2160 et
957 2132 1127 2160 Theorentuta
1139 2133 1261 2168 quaedam
1276 2133 1453 2159 miscellanea.

84 2182 115 2208 ab
127 2182 719 2217 annoduodecitnoa-tatis:peeuliarisset‘tat
729 2184 863 2212 conditor.
881 2191 906 2220 υ
954 2179 1131 2214 Epiphanius.
1149 2179 1291 2214 episcopus
1311 2178 1488 2209 Εουειηιιιὶίῐὲν
1504 2177 1580 2205 urbis
1603 2177 1697 2213 Cypri.

85 2225 114 2252 Et
127 2228 243 2262 primum
267 2229 374 2263 quidem
401 2228 473 2255 Sami
490 2236 550 2255 cunt
568 2228 725 2262 parentibus
740 2236 863 2257 commo-

85 2281 155 2302 ratus
178 2281 234 2307 est,
260 2275 357 2302 deinde
372 2275 504 2310 Mitylenen
532 2282 634 2302 annum
665 2283 749 2302 unum
764 2275 864 2303 scholtn

85 2319 196 2352 praefuit,
209 2324 302 2353 postea
317 2318 455 2353 Lampsaci
469 2319 572 2351 docuit,
584 2324 610 2346 et
622 2314 738 2353 denique
749 2320 863 2348 Athenis

85 2363 109 2390 in
124 2363 202 2392 horto
219 2373 281 2392 suo.
298 2364 409 2391 Andivit
434 2364 634 2399 Nausiphanem
662 2364 861 2393 Democriteum

83 2414 108 2436 ct
135 2406 320 2445 Pamphilum,
352 2411 475 2438 Platonis
511 2411 687 2445 discipulum.
714 2412 801 2440 Natus
821 2417 863 2440 est

83 2455 238 2491 Uiympiade
249 2456 315 2489 CIX,
327 2462 429 2491 septctn
441 2457 519 2484 attnis
533 2462 596 2492 post
608 2463 720 2485 mortem
729 2457 860 2490 Platouis,

83 2507 108 2527 et
122 2503 200 2529 viuum
221 2504 349 2537 produxit
373 2511 458 2538 usque
473 2503 505 2530 ad
526 2511 699 2532 succcssmes
714 2505 860 2532 Alexandri

81 2546 114 2574 Μ.
131 2554 157 2576 et
173 2549 351 2584 Antigonum,
368 2550 414 2583 qui
435 2549 555 2577 Gonatas
580 2550 669 2577 dictus
683 2555 734 2577 est.
762 2551 861 2577 Schola

81 2593 137 2625 ejus
155 2595 305 2628 permansit
328 2602 413 2628 usque
433 2594 466 2621 ad
483 2594 617 2622 (Ia-sarem
641 2594 757 2626 primunt
775 2602 863 2622 annos

81 2637 255 2671 (LXXXVII,
276 2645 304 2666 et
322 2640 392 2667 intra
407 2644 514 2674 tempus
529 2640 600 2666 istud
618 2639 677 2666 XIV
690 2647 864 2667 successores

82 2683 185 2712 habuit.
199 2685 305 2720 Scripta
318 2686 379 2720 ejus
400 2690 464 2713 sunt
478 2686 574 2713 multa.
592 2685 620 2712 In
637 2689 800 2713 testamento
813 2692 864 2712 suo

81 2728 327 2763 jussitMetrodoro
349 2736 376 2759 ct
391 2731 517 2766 Polvazno
532 2731 673 2758 sodalibus
698 2731 756 2758 suis
781 2729 865 2757 semel

113 2817 168 2854 (68)
188 2818 288 2846 Confer
305 2818 468 2852 Tristanum,
485 2823 550 2846 tom.
568 2817 589 2849 1,
611 2826 671 2854 pag.
686 2817 747 2844 “5.

259 2868 394 2899 ΡΑτιιοι..
410 2867 468 2898 Gtt.
489 2866 607 2897 CXVII.

917 2224 981 2251 olim
1006 2224 1121 2251 Salamis
1147 2225 1233 2251 dictat.
1251 2224 1363 2257 Scripsit
1381 2227 1475 2250 contra
1499 2229 1592 2249 omnes
1612 2222 1698 2249 luere-

917 2277 981 2300 srs,
1013 2269 1117 2301 libros,
1143 2269 1188 2304 qui
1221 2268 1341 2296 Panaria
1373 2273 1514 2295 vocantur.
1540 2267 1606 2295 Item
1644 2268 1698 2295 alia

917 2315 1011 2346 multa,
1027 2322 1087 2348 quae
1101 2322 1115 2340 ε
1130 2314 1217 2341 doctis
1231 2319 1338 2348 propter
1360 2322 1402 2341 res
1421 2313 1504 2348 ipsas,
1529 2313 1563 2340 ab
1583 2312 1699 2341 Indoctis

917 2364 1025 2394 propter
1038 2359 1129 2386 stilum
1146 2360 1279 2393 leguntur.
1303 2359 1421 2387 Decessit
1440 2361 1467 2387 in
1482 2365 1602 2388 extrema
1618 2368 1697 2388 sene-

917 2409 1001 2432 ctute.
1650 2431 1662 2436 ,

950 2450 1129 2484 Epiphanius,
1155 2449 1299 2484 cpiscopus
1324 2449 1464 2485 Sclybrite,
1493 2451 1550 2478 sive
1569 2449 1695 2486 Olybrize.

914 2495 1030 2531 Scripsit
1058 2495 1136 2528 λόγον
1169 2495 1363 2530 ἀντιῤῥητικδν
1396 2496 1456 2521 κατ’
1479 2496 1695 2528 εἰκονοκαυτῶν,

911 2542 970 2568 λίαν
991 2541 1148 2576 ὠλςέλιμιλν,
1177 2541 1274 2568 librum
1303 2541 1380 2568 valde
1402 2541 1492 2568 utiletn
1518 2545 1610 2569 contra
1641 2548 1688 2569 eos

913 2588 959 2622 qui
976 2587 1108 2620 imagines
1121 2587 1287 2614 cremabant.

950 2634 1118 2669 Epiphanius
1131 2638 1158 2661 et
1170 2633 1332 2668 Euprepius,
1349 2632 1534 2665 Alexandrini,
1556 2632 1695 2661 initiorum

915 2681 972 2708 sive
997 2681 1199 2716 mysteriorum,
1216 2679 1286 2714 apud
1299 2679 1497 2707 Alexandrinos
1515 2683 1695 2714 receptorunt.

917 2725 1074 2763 peritissimi
1088 2734 1093 2752 :
1105 2725 1257 2760 Euprcpius
1267 2724 1374 2760 quidem
1391 2724 1509 2758 illorum,
1520 2732 1580 2760 qua:
1589 2724 1695 2752 Persica

899 2831 928 2848 ί,
937 2834 959 2844 .,,

1498 2859 1536 2891 to
