1921 3072
134 132 207 169 1245

752 138 801 168 DE
822 138 964 175 QUIBUS
983 138 1130 169 SUID.\S.

1703 140 1773 173 12ἷὸ

136 194 315 230 ξυμπάντων,
338 200 447 222 ornatus
464 201 564 222 morum
580 195 657 221 unius
686 196 800 222 omnium
825 195 928 230 optimi.
946 198 966 226 Α
982 195 1158 222 nosissimum
1172 200 1198 224 et
1214 195 1320 232 Botryis
1335 204 1368 224 ac
1382 197 1538 226 Philamidis
1559 200 1771 228 commentarios

175 240 316 273 Demades,
334 239 448 272 DL‘IIleti‘,
464 245 562 272 neutr,
579 240 620 272 F.,
631 249 663 267 ex
678 249 800 276 naupego
811 246 837 268 et
845 246 926 268 nauta

135 286 172 314 ad
189 286 294 321 negotia
311 286 376 320 reip.
391 286 529 313 tractanda
543 287 657 314 accessit
673 291 700 314 et
716 292 809 314 contra
833 286 928 313 Demo-

135 332 273 362 sthenem.
298 331 487 367 Olynthiorum
514 341 624 360 causam
647 337 782 367 agentem,
807 333 884 364 dixit.
901 337 928 360 ct

135 378 343 414 Euthycratcm,
362 378 528 414 Olynthium,
545 380 579 406 ait
593 380 802 406 Athrttiensihus
814 380 928 411 igne-ni-

136 425 183 452 nia
202 431 334 458 notatum,
345 426 454 452 decreto
470 434 520 452 suo
536 427 561 452 in
578 427 711 460 integrum
728 427 854 453 restituit.
873 425 927 453 Ma-

136 473 270 507 gistratus
284 478 384 502 autem,
399 479 412 497 ιι
427 480 455 499 se
470 472 550 505 gesti.
561 472 680 499 rationes
697 473 807 499 reddere
821 473 925 506 jusslts.

136 517 174 544 ob
203 521 303 543 metum
329 517 395 543 urbe
419 517 510 548 ecssit,
539 525 584 543 nec
609 518 662 550 ipse
686 522 809 547 vestrum.
827 517 925 549 inquit,

137 563 148 598 (
161 563 352 596 Athenienses),
363 571 408 590 nec
421 564 540 590 uteiestis
552 563 663 590 domini.
682 563 797 599 Scripsit
815 564 846 590 ad
863 563 926 590 I‘hi-

136 608 255 643 lippum,
275 609 413 642 liliumque
429 610 461 635 ad
479 617 540 636 eum
559 610 643 637 misit.
656 609 800 637 Decretum
819 617 927 644 quoque

136 654 260 688 scripsit,
279 659 308 681 ut
321 654 406 682 Grteci
424 654 545 690 Philippo
557 660 693 688 parerent.
709 656 781 682 Idem
795 655 821 682 iu
838 662 927 689 pugna

136 701 313 728 Charoneusi
337 707 432 736 captus
451 706 502 729 est.
527 701 659 730 Dimissus
678 710 741 729 vero
765 703 925 736 legationem

136 747 308 780 captivorum
320 747 406 783 gratia
424 747 501 779 obiit,
516 755 585 782 quos
598 747 739 783 Philippus
752 748 868 775 dimisit.
883 747 927 776 Bis

137 793 325 824 decretorum,
341 800 437 821 contra
462 793 535 827 leges
557 793 700 828 factorum,
716 802 780 822 reus
801 800 927 829 peractus

137 842 191 865 est.
213 838 306 873 Ren‘p.
333 839 414 866 etiam
440 839 492 867 sub
510 839 661 867 Alexandro
692 841 785 875 gessit.
811 840 927 877 [Sullas

980 241 1158 268 obscoenitate
1175 249 1224 268 sua
1239 247 1412 277 superantem
1427 244 1557 272 traduxit.

1018 286 1197 317 Democritus.
1215 285 1390 321 Hegesistrati
1410 290 1450 316 vel
1468 290 1636 318 Atheuocriti
1653 291 1692 319 vel
1717 293 1770 320 Da-

980 333 1096 367 masippi
1115 333 1156 364 F.,
1170 335 1236 360 visit
1250 341 1282 360 (ιο
1308 340 1439 365 tempore.
1469 343 1523 369 quo
1546 335 1683 367 Socrates.
1700 338 1771 366 circa

981 379 1087 413 Olymp.
1102 378 1217 406 LXXVII
1241 380 1281 406 vol
1298 379 1339 407 LX
1348 378 1406 407 XX.
1422 382 1548 408 Abderita
1566 382 1668 414 Thrax,
1686 385 1773 418 philo-

981 426 1084 459 ,nptms
1102 431 1127 452 ιιι
1142 425 1303 460 δίςρῑρηιιις,
1329 431 1357 453 ιιι
1377 427 1486 459 quidam
1515 428 1634 459 tradunt,
1664 429 1772 456 Anaxa-

981 478 1052 504 gorze
1076 475 1102 497 et
1120 469 1247 505 Leucippi
1271 480 1278 498 :
1305 473 1368 506 quin
1397 473 1490 505 Ietiam,
1511 478 1541 499 ut
1564 474 1608 500 alii
1638 475 1771 507 scribunt,

981 516 1119 548 Magorum
1137 523 1163 544 et
1185 518 1374 545 Gitaldmorum
1397 520 1422 545 in
1441 519 1542 546 Persia.
1563 521 1635 547 Adiit
1658 521 1730 548 enim
1747 527 1774 549 et
1790 543 1798 551 .

981 561 1077 590 Persas
1091 569 1116 589 et
1129 563 1209 591 Indos
1223 569 1249 591 ct
1262 563 1404 600 Egyptlos
1429 571 1456 592 et
1472 566 1642 597 singulorum
1666 567 1775 601 sapien-

981 609 1045 635 tiam
1073 609 1212 637 addidicit.
1231 611 1330 638 Deinde
1354 613 1465 638 domum
1481 620 1618 643 reversus.
1639 621 1700 640 cum
1722 613 1775 640 ira-

982 655 1067 682 tribus
1085 655 1221 682 I‘Ieroloto
1238 661 1266 683 et
1294 657 1420 684 Damaste
1438 658 1514 686 vixit.
1535 657 1645 685 Praefuit
1665 664 1690 685 et
1721 659 1775 686 Ab-

981 700 1130 728 deritarum
1148 703 1227 734 rcip.,
1246 704 1292 737 qui
1305 704 1391 730 honor
1406 710 1517 738 propter
1534 705 1697 738 sapientiam
1724 704 1775 739 ipsi

981 747 1090 774 habitus
1101 747 1160 775 fuit.
1172 748 1326 784 Discipulos
1337 750 1396 785 ejus
1407 750 1520 778 illustris
1532 751 1583 778 fuit
1596 751 1774 782 Metrodorus,

980 791 1076 824 Chius,
1092 794 1170 827 cujus
1181 794 1301 822 vicissim
1314 795 1452 822 auditores
1465 795 1575 822 fuerunt
1598 796 1777 822 Anaxarchus

984 843 1012 865 et
1025 838 1203 874 llippoerates
1223 841 1356 869 medicus.
1372 843 1446 869 Idem
1456 842 1667 876 coanominatus
1680 842 1775 876 Σοφία,

138 884 219 919 plura
233 884 258 910 in
274 885 392 915 duobus,
405 890 433 912 ut
449 885 483 912 ila
497 885 597 917 dicam,
613 886 734 913 articulis
751 886 784 913 tle
800 885 927 912 Demadis
944 880 963 907 Β
979 885 1108 918 sapientia
1121 907 1128 914 .
1144 891 1170 913 et
1180 886 1332 919 Γελασῖνος,
1347 888 1425 918 risor.
1437 887 1509 922 quod
1524 887 1615 914 inania
1631 887 1775 913 hominum

140 931 357 965 narratscriptis
374 934 399 958 et
426 931 508 958 trium
526 931 699 966 persequitur
716 931 865 958 Demadum
890 931 932 958 hi-

139 975 287 1012 storiam.]

178 1022 321 1054 Demades.
340 1023 479 1057 Laciades,
496 1024 670 1052 Atheniensis
684 1029 787 1058 orator,
803 1028 884 1052 natus
897 1032 929 1052 ex

139 1068 252 1096 tibicina
277 1074 303 1095 et
319 1076 332 1096 a
358 1070 498 1104 superiore
530 1068 659 1101 Demade,
699 1070 859 1105 denagogo,
883 1070 932 1097 ad-

139 1119 261 1148 optatus,
276 1120 350 1149 pater
359 1115 472 1147 Demeae,
481 1117 696 1150 oratoris,periit
712 1117 738 1143 in
750 1116 808 1144 lacu
819 1117 932 1152 Amphi-

139 1160 273 1195 politano,
295 1161 321 1187 in
333 1169 414 1194 quem
429 1162 464 1188 ab
482 1162 636 1196 Antipatro,
649 1162 798 1189 Cassandri
816 1168 892 1198 patre
906 1166 933 1190 ct

138 1203 286 1233 Alexandri
302 1214 472 1238 successore,
488 1207 628 1242 conjectus
644 1207 704 1234 fuit.
719 1206 818 1243 [ConL
839 1215 932 1242 supra,

138 1252 195 1279 v..l.
212 1251 242 1284 Il,
255 1260 315 1287 pag.
334 1253 385 1280 868
400 1253 479 1289 ειμι]

179 1299 340 1331 Demetrius.
354 1298 527 1327 Phanostrati
543 1299 586 1332 F.,
599 1299 747 1327 Phalereus
761 1300 792 1335 (c
807 1298 932 1332 Phalero,

139 1350 220 1380 portu
236 1345 341 1377 Atticm,
358 1346 403 1381 qui
416 1352 479 1374 ante
497 1345 637 1379 Phanus),
660 1347 838 1381 philosophus
857 1346 933 1373 Peri-

139 1393 284 1426 pateticus,
301 1393 346 1427 qui
362 1393 559 1427 philosophica,
573 1394 713 1423 historica.
727 1394 873 1425 rhetorica,
887 1402 935 1428 po-

139 1438 225 1470 litica,
239 1439 356 1472 itemque
371 1439 403 1466 de
420 1440 506 1473 poetis
520 1440 640 1472 scripsit.
653 1439 870 1474 Theophrastum
884 1447 934 1466 au-

139 1485 208 1512 divit
222 1489 248 1512 et
261 1490 353 1512 orator
365 1485 502 1520 popularis
514 1486 627 1512 Athenis
637 1486 695 1513 fuit.
721 1486 761 1513 0b
773 1485 866 1513 forma:
881 1486 933 1513 ele-

139 1533 260 1567 gantiam
277 1532 304 1559 iu
318 1532 500 1560 adolescentia
517 1534 606 1560 dictus
622 1532 752 1568 Lampeto
768 1539 793 1562 et
807 1534 934 1562 Charite-

139 1578 302 1612 blephnrus,
319 1583 345 1605 et
359 1578 394 1605 oh
410 1586 519 1606 amores
532 1578 642 1606 Cleonis
671 1563 741 1607 male
766 1581 859 1608 audiit.
889 1580 929 1607 Ad
950 1563 969 1591 Ο

139 1631 268 1658 magnam
296 1628 388 1658 postea
409 1624 556 1658 potentiam
572 1624 744 1659 gloriamque
772 1630 930 1661 provectum

140 1669 227 1696 invidi
258 1669 362 1697 artibus
389 1673 416 1697 et
433 1670 502 1697 dolis
527 1671 585 1697 suis
610 1671 790 1698 subruerunt.
818 1672 932 1699 Athenis

141 1714 228 1750 igitur
264 1715 359 1748 pulsus
380 1715 406 1742 in
425 1714 572 1750 Egyptum
588 1716 661 1743 venit
687 1721 725 1748 et,
749 1716 820 1752 apud
846 1717 933 1744 Ptole-

143 1771 242 1790 nucum
264 1763 386 1790 Sotn-rem
411 1763 522 1798 degens,
535 1771 626 1791 morsu
644 1763 747 1795 asnidis
770 1764 850 1798 periit
864 1768 891 1790 et
906 1764 932 1790 in

141 1809 304 1845 praefectura
319 1809 465 1837 aniritide
480 1817 563 1845 prope
578 1809 728 1844 Diospolin,
748 1811 773 1836 in
789 1809 934 1845 paludibus

141 1857 235 1888 si:ain,
257 1856 377 1890 sepultus
391 1861 442 1883 est.

180 1902 342 1935 Demetrius,
355 1907 534 1937 cognomento
549 1902 636 1935 Ixion,
647 1902 841 1937 grammaticus
850 1901 936 1929 Adra-

144 1953 295 1984 myttenus,
308 1949 422 1982 Augusti
437 1949 603 1984 temporibus
629 1948 752 1984 Pergami
767 1948 847 1980 vixit,
869 1948 936 1976 scri-

142 1996 253 2030 psitque
267 1995 298 2022 de
313 1995 394 2022 verbis
405 1995 431 2022 in
448 2004 488 2030 μι,
504 1996 568 2030 περὶ
583 1996 688 2022 ἀντωνυ
696 1995 775 2030 μιῶν,
793 1995 825 2022 de
839 2003 937 2029 prono-

144 2041 270 2068 minibus.
286 2040 318 2067 ln
339 2040 481 2067 Homerum
511 2041 739 2068 commentarium
754 2047 780 2068 et
796 2041 824 2068 in
843 2041 938 2067 [lesio-

147 2087 223 2114 dnm.
243 2086 318 2114 Ixion
342 2087 433 2114 dictus
450 2091 502 2119 est,
519 2087 590 2121 quod
609 2087 796 2121 deprehensus
810 2091 884 2114 esset
910 2088 936 2114 in

145 2132 230 2165 furto,
259 2141 356 2160 aureas
373 2133 496 2161 hracteas
524 2134 665 2161 simulacri
682 2133 798 2161 Junonis
819 2134 938 2167 Alexan-

143 2179 232 2206 drinae
243 2179 382 2214 subripere
403 2184 517 2207 conatus
531 2187 538 2211 ;
554 2180 606 2211 vel,
622 2181 694 2214 quod
714 2179 859 2215 Euripiden
878 2180 940 2207 l‘hi-

985 931 1075 958 studia
1104 932 1191 960 ridere
1222 933 1333 960 soleret.
1349 931 1465 961 Genuini
1481 934 1542 967 eius
1558 934 1617 961 libri
1635 939 1696 961 sunt
1711 934 1777 965 duo,

988 979 1075 1013 μέγις
1089 977 1246 1014 διάκοσμςς,
1263 987 1373 1014 magum
1381 979 1544 1010 diacosmus,
1560 980 1657 1013 etnzpi
1672 979 1779 1012 φύσεως

987 1023 1101 1058 κόσμου,
1115 1025 1256 1058 deuotum
1271 1026 1373 1052 mundi.
1389 1025 1504 1061 Scripsit
1519 1027 1600 1053 etiam
1629 1025 1777 1060 Epistolas.

986 1071 1107 1098 Athenas
1124 1079 1176 1097 non
1188 1072 1263 1104 adiit,
1278 1077 1327 1099 etc.
1345 1081 1359 1099 e
1370 1071 1487 1099 Laertia.
1500 1072 1693 1099 lliurtivieiuus
1705 1072 1779 1099 circa

987 1112 1265 1151 Thcsmophm'iorum
1294 1117 1404 1148 festum,
1423 1126 1456 1146 ne
1479 1126 1510 1144 ea
1529 1119 1601 1145 luctu
1629 1118 1679 1144 hoc
1701 1126 1780 1146 soror

986 1159 1046 1194 ejus
1072 1160 1208 1186 celebrare
1223 1160 1422 1193 prohiberetur,
1437 1161 1552 1195 panibus
1567 1161 1718 1188 calentibus
1746 1159 1780 1187 ad

988 1205 1195 1233 naresadmmis
1210 1206 1290 1233 \itam
1307 1207 1340 1233 ad
1352 1206 1450 1234 festum
1471 1215 1558 1242 usque
1571 1207 1708 1241 produxit.

1023 1250 1203 1283 Demodocus,
1213 1258 1319 1279 cautor.

1024 1297 1209 1332 Demophilus,
1227 1299 1370 1334 episcopus
1386 1299 1478 1331 Cl’ol.,
1492 1299 1576 1334 rapidi
1595 1299 1710 1334 vagique
1724 1303 1780 1325 tor-

988 1344 1072 1371 rentis
1082 1344 1167 1371 instar
1179 1345 1324 1378 plurimum
1337 1346 1384 1372 ltiti
1396 1351 1422 1372 et
1432 1346 1554 1372 sordium
1568 1346 1593 1372 in
1607 1345 1782 1373 sermonibus

988 1391 1045 1418 suis
1059 1391 1170 1423 vehens,
1183 1397 1247 1424 etc.,
1258 1401 1271 1418 ι
1286 1391 1465 1427 Pliilostorgio

1023 1436 1231 1468 Dmnosthencs,
1254 1438 1438 1469 Atheniensis,
1453 1438 1653 1471 Demosthenis,
1680 1438 1783 1473 gladio-

988 1490 1046 1509 rum
1063 1482 1141 1514 labri,
1151 1483 1295 1510 etCleobul
1305 1493 1318 1508 ιι
1329 1484 1370 1514 Ρ..
1384 1489 1486 1516 orator,
1497 1484 1596 1518 popqu
1608 1483 1782 1516 Pacaniensis,

988 1529 1033 1562 qui
1051 1529 1154 1562 majore
1170 1529 1306 1564 diligentia
1326 1531 1464 1561 etsludio,
1489 1539 1570 1565 quam
1599 1530 1697 1565 ingenii
1722 1529 1784 1556 feli-

987 1577 1070 1604 citate
1088 1577 1216 1612 prmnlitus
1234 1578 1294 1610 fuit,
1311 1584 1341 1604 ut
1367 1582 1461 1605 auctor
1474 1583 1514 1605 est
1541 1577 1713 1612 Ilermippus,
1729 1580 1775 1603 etc

982 1623 1061 1658 (Vide
1075 1631 1155 1658 supra
1176 1623 1311 1658 Botulus.)
1337 1624 1374 1650 Ad
1401 1624 1521 1652 studium
1544 1623 1706 1657 eloquentia:
1722 1622 1785 1648 ani-

983 1678 1057 1698 nmm
1077 1671 1190 1705 appulit,
1211 1678 1271 1697 cum
1288 1670 1484 1701 Callistratum,
1502 1677 1550 1704 pro
1564 1669 1672 1704 Ονυρίῑς
1689 1667 1783 1695 dicen.

983 1721 1047 1750 tem,
1067 1717 1191 1744 vidisset.
1214 1717 1444 1748 Audivitlsmum,
1463 1716 1591 1744 [Socratis
1606 1714 1783 1751 discipulum,

985 1771 1104 1797 ususque
1113 1768 1155 1790 est
1168 1763 1337 1790 orationibus
1347 1762 1427 1796 Zoili,
1439 1762 1639 1798 Amphipolitae,
1647 1761 1692 1796 qui
1701 1761 1785 1787 Athe-

984 1809 1027 1836 nis
1042 1809 1223 1843 eloquentiam
1238 1809 1340 1840 docuit,
1370 1809 1489 1843 itemque
1516 1808 1668 1843 Polycratis
1691 1813 1717 1834 et
1742 1807 1785 1833 Al-

985 1855 1147 1882 cidamautis
1176 1855 1301 1889 (Gorgiae
1317 1855 1446 1889 discipuli
1462 1857 1481 1889 ),
1500 1860 1526 1881 et
1538 1855 1625 1888 ipsius
1640 1854 1780 1881 Isocratis.

985 1901 1012 1929 lu
1025 1900 1185 1934 eloquentie
1200 1901 1291 1928 studio
1313 1902 1403 1928 socios
1436 1902 1531 1928 habuit
1547 1900 1685 1928 Aisionem
1702 1901 1785 1927 Athe-

987 1947 1108 1975 niensem
1119 1947 1358 1982 etTheopompum
1382 1948 1478 1975 Chium
1501 1947 1785 1982 pliilosophuin.Prtn-

989 1999 1062 2021 terea
1078 1994 1182 2021 audivit
1202 1994 1360 2021 Eubulidem
1385 1994 1569 2025 dialecticum,
1589 1999 1615 2020 et
1631 1993 1782 2020 Platonem.

989 2041 1109 2068 Decessit
1125 2041 1150 2067 in
1165 2039 1303 2073 Calabria,
1322 2049 1375 2074 quo
1394 2049 1448 2075 prae
1464 2047 1535 2067 mcl'tl
1547 2039 1692 2074 Antipatri,
1709 2039 1780 2072 regis

990 2088 1164 2119 Macedonian,
1182 2088 1299 2120 fugerat,
1315 2095 1377 2131 cum
1395 2096 1441 2122 per
1453 2088 1593 2118 Archiam,
1608 2086 1784 2119 histrionem,

990 2136 1016 2163 vi
1034 2135 1233 2162 abstrahendus
1253 2138 1336 2165 esset,
1355 2135 1453 2161 hausto
1468 2134 1493 2160 in
1518 2133 1575 2160 mde
1597 2131 1713 2167 Neptuni
1741 2139 1786 2158 ve-

992 2188 1072 2210 neno.
1088 2180 1160 2215 quod
1179 2179 1205 2206 in
1220 2179 1321 2206 annulo
1337 2178 1555 2210 circumferebat,
1575 2183 1719 2212 postquam
1746 2177 1785 2203 vi-

145 2225 242 2252 lotimo
271 2224 403 2257 Ιιὶοιιοιη,
432 2226 563 2258 fabulam,
591 2227 747 2254 abstulisset
759 2248 773 2259 .,
783 2227 834 2256 vel.
865 2227 936 2262 quod
956 2235 976 2262 ι)
993 2229 1076 2255 xisset
1092 2235 1179 2254 annos
1205 2226 1288 2258 LXII,
1304 2231 1355 2253 etc.
1373 2226 1491 2258 Mortuo,
1520 2230 1608 2252 statua
1627 2225 1740 2251 Athonis
1758 2223 1785 2250 iu

143 2280 207 2298 cum
234 2271 403 2304 Aristarcho,
421 2273 563 2307 magistro,
592 2273 786 2306 contendisset,
804 2274 937 2308 ingratus,

144 2316 219 2342 velut
234 2315 310 2342 Ixion
325 2316 460 2344 adversus
481 2317 558 2350 deos,
588 2319 635 2354 qui
652 2326 714 2346 eum
740 2318 879 2346 beneficiis
897 2318 938 2346 af-

144 2362 276 2390 fecerant.

182 2409 358 2442 Democedcs,
370 2410 559 2444 Calliphontis.
572 2411 618 2444 qui
639 2410 717 2436 Cnidi
728 2408 877 2444 [Esculapii
893 2419 940 2438 sa-

145 2458 243 2484 cerdos
261 2457 320 2489 fuit,
339 2457 419 2488 lilius,
436 2457 617 2489 Crotoniates,
637 2456 742 2492 digium
766 2463 851 2484 autem
880 2465 939 2484 me-

144 2503 234 2530 dicam
253 2503 374 2529 exercuit.
390 2508 417 2529 et
441 2510 553 2530 uxorem
584 2503 671 2529 duxit.
702 2502 869 2538 Polycratem
896 2507 939 2538 ty-

145 2555 275 2580 rannum,
288 2552 365 2582 pacta
376 2548 499 2574 mercede
510 2548 626 2574 duorum
638 2547 812 2579 talentorum,
821 2549 937 2576 curavit.

145 2594 259 2621 Curavit
272 2595 354 2621 etiam
372 2594 481 2621 Dariutn
510 2594 625 2629 ejusque
652 2603 778 2626 uxorem,
797 2596 938 2627 Atessam,

145 2648 286 2676 perquam
305 2641 470 2675 impetravit,
487 2647 515 2668 ut
530 2641 556 2667 in
576 2641 709 2669 Graeciam
730 2642 818 2668 redire
836 2642 888 2669 sibi
905 2642 938 2669 li-

144 2691 230 2720 ceret,
244 2691 297 2714 etc.
309 2687 318 2719 (
330 2687 370 2713 Ea:
387 2687 550 2722 Herodoto.)
564 2687 679 2722 Scripsit
694 2688 814 2724 ἰατρικὸν
825 2688 938 2723 βιϐλίον,

143 2731 244 2760 librum
260 2733 406 2761 medicum.

182 2779 375 2812 Demochares,
393 2780 584 2809 Demosthenis
602 2789 634 2808 ex
649 2788 742 2808 sorore
757 2788 854 2815 nepos.
869 2788 940 2815 prte-

144 2831 205 2853 tura
217 2830 244 2852 et
257 2826 363 2854 caeteris
377 2827 526 2854 honoribus
542 2833 656 2855 ornatus
667 2827 701 2854 ab
714 2827 936 2858 Atheniensibus.

144 2876 215 2899 teste
229 2871 359 2908 Polybio;
377 2872 495 2902 Timazus
508 2880 596 2902 tamen
610 2882 671 2902 eum
696 2879 822 2909 tauquam
847 2874 938 2902 libidi-

993 2272 1052 2299 loro
1069 2271 1155 2306 posita
1170 2274 1223 2302 est.
1244 2271 1285 2297 Itis
1302 2270 1392 2297 verbis
1409 2269 1465 2296 basi
1483 2269 1622 2303 inscriptis
1636 2277 1641 2294 :
1660 2267 1690 2294 Si
1704 2274 1783 2300 pares

991 2319 1080 2344 animo
1099 2319 1177 2348 vires,
1195 2317 1391 2346 Damon/tenes.
1407 2315 1555 2347 habuisses,
1571 2322 1707 2350 nunquam
1725 2312 1785 2339 Ma-

990 2365 1099 2390 cedones
1113 2363 1195 2390 armis
1211 2362 1341 2390 erciam
1355 2361 1540 2396 subjugassent

1027 2441 1113 2474 Εἴπερ
1126 2440 1187 2466 iam
1206 2439 1302 2475 ῥώμην
1316 2438 1424 2475 γνώμῃ.
1438 2437 1619 2475 Δημόσθενες.
1636 2445 1719 2475 εξχες.

1061 2472 1162 2502 υΰποτ“
1179 2472 1211 2501 ἂι)
1225 2472 1359 2509 Ἑλλήνων
1375 2472 1457 2509 ﬁgas»
1475 2474 1562 2508 ’Ἄρης
1573 2473 1714 2500 Μακεδών.

1026 2543 1232 2574 Demosthenes,
1246 2542 1346 2573 Thrax,
1361 2542 1468 2576 scripsit
1486 2541 1664 2574 metaphrasin
1681 2539 1778 2567 Iliadis

991 2592 1116 2619 oratione
1128 2590 1227 2618 soluta.
1245 2588 1384 2623 Epitomen
1396 2588 1545 2623 Damageti,
1562 2587 1732 2615 Ilerarleotte.
1749 2586 1785 2613 Da

991 2638 1073 2672 poetis
1088 2636 1298 2671 dithyrambicis.
1315 2635 1496 2670 Metapltrasin
1515 2633 1670 2670 Theogonia
1690 2633 1786 2660 (lesio-

991 2685 1057 2712 dcte.

1028 2732 1124 2766 Δέρας.
1138 2737 1250 2757 aureum
1264 2729 1349 2756 vellus
1362 2727 1434 2763 quod
1446 2727 1528 2755 Jason
1545 2735 1606 2755 cum
1620 2726 1787 2760 Argonautis

993 2778 1019 2806 in
1033 2777 1190 2805 Colchidem
1208 2783 1255 2809 per
1270 2776 1414 2804 Ponticum
1436 2782 1511 2801 mare
1526 2773 1674 2808 prolectus,
1701 2772 1784 2807 cepit.

992 2824 1109 2852 abducta
1137 2823 1218 2850 simul
1241 2821 1344 2855 Medea,
1360 2821 1455 2853 Aleae,
1471 2822 1552 2855 regis,
1572 2821 1638 2852 lilia,
1655 2828 1708 2848 non
1734 2819 1786 2847 luit

994 2871 1092 2902 Velius,
1108 2874 1137 2896 ut
1148 2868 1245 2896 fabulae
1257 2867 1357 2901 lerunt,
1377 2867 1423 2896 sed
1442 2866 1545 2903 βισλιον
1561 2866 1590 2893 ἐν
1603 2865 1721 2902 δέρμασι
1735 2872 1783 2898 για
