1921 3072
98 119 165 150 ΙΞίΊ

133 175 297 206 Dinarchus,
323 173 495 206 Corinthius,
515 181 586 200 unus
609 179 641 200 ex
668 171 691 199 Χ
721 173 890 204 oratoribus,
907 179 926 204 Α

94 221 206 256 scripsit
232 220 383 249 secundum
413 220 546 254 quosdam
576 219 714 246 orationes
730 218 810 250 CLX,
837 218 888 251 vel,

94 267 167 302 quod
183 267 277 294 verius
290 266 407 298 videtur,
423 265 481 298 LX,
499 273 595 293 omnes
611 265 746 296 forenses.
768 265 890 299 publicas

93 313 174 343 alias,
187 313 255 340 alias
268 311 399 347 privatas.
416 311 489 338 Obiit
503 311 682 346 Peloponnesi
695 312 839 345 prinl'cctus
853 310 886 336 ab

91 359 239 394 Antipatro
253 358 430 390 constitutus,
455 357 686 393 Polysperchoute
716 360 778 391 post
808 356 889 383 Anti-

92 405 166 440 patri
179 405 284 432 obitum
299 405 323 432 ei
341 408 464 431 struente
478 403 605 431 insidias.

131 451 310 481 Dinolochus.
327 449 519 486 Syracusanus
539 450 596 477 sive
612 449 824 483 Agrigentinus,
843 455 890 475 co-

92 497 196 531 micus,
212 497 280 523 vixit
300 496 457 532 Olympiade
483 495 600 522 LXXI".
623 495 779 530 Epicharmi
807 495 889 527 ﬁlius,

93 543 148 575 vel,
167 547 197 569 ut
212 543 324 575 quidam
342 541 462 574 tradunt,
481 542 643 576 discipulus.
661 541 758 568 Docuit
784 540 890 568 fabulas

90 588 166 621 XIV,
186 588 284 615 Dorica
298 588 413 616 dialecto
433 589 559 622 scriptas.

132 635 253 666 Diocles,
267 633 446 661 Atheniensis
463 640 510 661 aut
523 633 670 666 Phliasius,
684 631 805 661 comic'us
821 633 890 660 auti-

91 689 177 716 quus,
191 681 304 716 :rqualis
315 680 494 716 Sannyrionis
508 685 535 707 et
550 680 679 716 Philyllii.
694 680 804 707 Fabula:
819 681 889 714 ejus:

90 728 223 754 Θάλαττα
247 727 411 763 (meretricis
432 727 484 754 hoc
510 734 627 759 nomen,
653 731 720 754 teste
736 726 889 758 Αιιιυυςυυ),

91 774 242 806 Milium,
262 774 392 808 "Ovetpot,
408 773 524 808 Βάκχαι,
540 773 663 808 Θυέστης
679 772 711 808 β’.
726 772 803 799 Hunc
816 774 892 799 aiunt

92 820 238 847 invenisse
256 819 425 846 harmoniam
443 820 591 854 quamdam
610 821 756 851 musicam,
774 827 806 846 ex
824 827 892 846 souo

93 865 308 892 acetabulorum
341 869 368 891 et
387 872 514 891 vasorum
549 864 672 891 lictilmm
699 868 892 898 constantem,

92 919 158 946 quae
178 911 276 938 bacillo
293 911 382 945 ligneo
396 911 574 945 percutiebat.

133 957 323 984 Diocletianus
343 957 427 984 libros
440 956 477 984 De
497 957 598 984 chemia
621 958 676 993 igni
699 957 819 991 tradidit,
839 962 892 985 etc.

93 1002 198 1037 Supra,
217 1002 242 1029 iu
259 1002 378 1029 Cltemia.

134 1048 283 1081 Diodorus,
301 1049 463 1080 monachus,
480 1047 582 1075 Juliani
609 1053 636 1076 ct
660 1048 780 1077 Valentis
810 1051 894 1084 ilnpp.

95 1096 272 1131 temporibus
291 1096 357 1124 vixit
370 1103 396 1123 et
415 1096 492 1124 Tarsi
513 1097 538 1123 in
556 1097 651 1124 Cicilia
673 1097 816 1132 episcopus
830 1098 893 1125 l'uit.

95 1143 318 1177 Scripsitvaria,
338 1148 367 1170 ut
385 1143 545 1170 Theodorus
562 1143 658 1171 Lector
675 1143 702 1170 in
718 1143 788 1170 llist.
805 1146 893 1171 tccle-

94 1189 210 1215 siastitta
227 1188 318 1219 tradit,
332 1187 569 1222 [interpretationes
585 1188 611 1214 in
628 1192 711 1214 totum
730 1187 806 1214 Vetus
824 1188 894 1216 Tcst.

95 1233 219 1264 Ccacsin,
237 1232 358 1259 Exodum
375 1238 398 1259 et
411 1233 522 1268 reliqua.
538 1232 571 1259 In
584 1233 716 1261 Psalmos.
730 1233 761 1259 1a
781 1239 895 1268 quatuor

95 1278 181 1304 libros
193 1277 304 1312 Regum.
320 1277 353 1303 In
370 1278 426 1304 loca
440 1278 589 1312 difﬁciliora
609 1277 842 1313 Paralipomenon.
862 1279 895 1306 ln

95 1323 254 1350 Prorerlia.
265 1322 402 1354 Quomodo
413 1322 521 1357 cli/ferat
539 1323 638 1350 theoria
650 1324 706 1359 (ΘΞ)
720 1328 745 1350 et
757 1324 893 1359 allegoria.

96 1368 134 1396 In
154 1368 342 1395 Ecclesiasten.
363 1368 396 1394 In
419 1367 559 1396 Canticum
586 1370 762 1397 canticorum.
785 1371 817 1397 In
833 1380 896 1406 pro-

96 1415 205 1450 phetas.
219 1413 378 1446 Chronicou,
394 1414 419 1440 in
430 1422 480 1448 quo
496 1419 586 1440 errata
599 1414 630 1440 ab
641 1414 753 1441 Eusebio
766 1414 896 1450 Pamphili

96 1462 219 1488 adtttissa
235 1461 420 1488 emendantur.
438 1461 469 1487 In
484 1469 510 1488 tv
526 1460 679 1495 Evangelia.
696 1460 729 1487 In
751 1462 818 1499 Acta
834 1470 895 1496 apo-

96 1508 242 1535 stolorum.
258 1509 291 1535 In
306 1507 455 1542 Epistolam
467 1506 581 1534 Joannis
595 1507 772 1542 erangelistw.
796 1508 834 1534 De
853 1517 893 1541 eo,

96 1555 169 1590 quod
186 1556 220 1581 sit
243 1562 310 1580 unus
339 1553 407 1580 Deus
427 1553 454 1580 in
475 1553 616 1580 Trinitate.
639 1553 738 1580 Contra
756 1553 895 1581 Melchise-

95 1602 213 1628 decitos.
243 1601 342 1628 Contra
359 1599 479 1626 Iudicas.
507 1599 545 1626 De
571 1601 762 1627 resurrectione
779 1606 896 1627 mortuo-

98 1656 173 1675 rum.
194 1646 233 1673 De
249 1646 349 1673 anima.
367 1646 465 1672 Contra
479 1646 596 1672 diversas
610 1646 642 1671 de
662 1654 692 1672 ea
713 1646 895 1672 ltrereticorum

99 1694 247 1728 opiniones.
264 1693 304 1719 Ad
319 1691 477 1719 Gratianum
492 1692 590 1726 capita.
605 1691 705 1719 Contra
729 1697 895 1720 aatronomos

98 1745 126 1768 et
140 1740 290 1773 astrologos
307 1743 331 1764 et
348 1738 446 1772 fatum.
464 1737 503 1765 De
527 1738 630 1772 sphaera
645 1744 669 1765 et
699 1737 750 1765 VII
778 1741 850 1765 zonis
871 1744 895 1765 ct

98 1786 237 1813 contrario
253 1789 388 1811 astrorum
402 1789 486 1810 motu.
510 1783 549 1811 De
566 1783 715 1818 Hipparchi
731 1786 844 1819 splnvra.
858 1785 896 1812 De

98 1834 283 1862 Providentia.
310 1832 411 1860 Contra
440 1831 579 1858 Plutartem
607 1832 639 1857 de
663 1831 710 1858 deo
731 1838 754 1858 et
779 1833 840 1859 diis.
856 1832 895 1859 De

100 1887 201 1910 natura
227 1885 251 1907 et
278 1879 412 1911 materia,
435 1878 462 1904 in
490 1886 540 1912 quo
561 1885 638 1912 opere
659 1882 791 1904 tractatur
806 1879 837 1905 de
854 1887 895 1911 eo,

97 1926 282 1963 quod'justurn
299 1929 348 1951 est.
363 1923 400 1951 De
416 1923 470 1950 Dea
488 1929 511 1950 et
527 1923 596 1958 falsa
609 1923 761 1951 ercorum
772 1925 895 1955 materia,

98 1974 222 2000 Natura;
241 1970 383 1998 invisibiles
399 1978 450 1997 non
469 1971 613 2003 elementis,
628 1970 673 1997 sed
689 1978 742 1996 una
762 1979 820 1996 cum
841 1971 895 1998 illis

97 2026 133 2046 επ
149 2018 235 2044 nihilo
258 2018 343 2050 [actas
358 2024 424 2043 esse.
438 2015 477 2042 Ad
493 2014 687 2049 Euphronium,
701 2016 895 2050 philosophum,

96 2072 146 2099 per
163 2063 384 2097 interrogationes
399 2068 422 2088 et
442 2062 635 2096 responsiones.
651 2061 751 2088 Contra
767 2062 897 2090 Aristote-

97 2111 152 2138 lem
174 2111 206 2137 de
231 2117 340 2143 oorpore
366 2109 476 2136 ctelesti.
494 2107 632 2140 Quomodo
655 2109 696 2135 sol
723 2109 757 2135 sit
779 2110 895 2137 calidus.

100 2156 202 2184 Contra
218 2164 261 2183 eos
274 2176 280 2185 .
298 2155 342 2190 qui
358 2155 451 2182 ccelum
471 2156 571 2181 animal
592 2155 695 2182 dicunt.
720 2155 757 2182 Dc
772 2164 812 2187 eo,
831 2164 895 2191 quo-

724 117 773 147 DE
794 117 939 153 QUIBUS
956 117 1106 148 SUlDAS.

1663 114 1735 147 1250

981 172 1127 203 Diodorus,
1155 171 1285 204 .omicus,
1310 170 1390 205 cujus
1415 170 1538 198 dramata
1557 178 1563 197 :
1581 170 1735 207 Αὐλητρὶς..

945 218 1096 253 ἐπίκληρος
1119 222 1145 244 et
1168 217 1367 252 πανεγυρισταὶ
1386 217 1420 244 ab
1436 217 1566 244 Athean
1580 224 1737 245 memoran-

945 266 999 288 tur.

981 307 1174 342 Diogeuianus.
1205 306 1373 337 lleraeleota,
1402 305 1541 339 Pon'icus,
1567 308 1738 342 temporibus

945 354 1077 386 Adriani,
1104 355 1310 388 grammaticus.
1329 352 1480 380 Vidi-udum
1501 361 1534 380 an
1565 362 1618 380 non
1644 354 1736 381 forsan

945 400 980 427 sit
1014 400 1147 432 medicus,
1171 407 1203 426 ex
1230 399 1329 426 Albace
1351 397 1491 430 Heraclea,
1513 399 1613 433 oppido
1631 399 1736 431 Carim,

944 445 1078 473 oriundus
1093 454 1099 472 :
1119 450 1178 473 erat
1195 446 1267 472 enim
1282 445 1359 472 omni
1385 445 1515 471 doctrina:
1533 453 1630 479 genere
1646 447 1737 472 crudi-

946 497 1000 523 tus,
1017 499 1104 526 nequc
1120 499 1250 526 expresse
1266 491 1394 518 traditum
1417 489 1505 524 rcpcri
1522 497 1582 516 esse
1599 498 1631 517 ex
1651 490 1737 518 Hera-

944 538 999 564 clca
1013 537 1101 569 l’onti,
1117 537 1164 564 sed
1178 537 1212 564 ita
1227 536 1351 563 nonnulli
1367 536 1524 570 opinantur“.
1543 535 1617 563 Libri
1634 537 1692 571 ejus
1710 537 1736 563 hi

945 590 1008 612 sunt
1035 593 1042 610 :
1066 585 1156 610 (,‘mnis
1183 584 1285 618 generis
1310 583 1439 611 vocabula
1463 582 1554 609 ordine
1577 582 1738 616 alphabetico

944 630 1020 656 libris
1046 629 1074 656 ιν.
1103 629 1149 656 list
1180 634 1270 656 autem
1300 629 1417 663 cpitome
1438 628 1644 660 vocabulorum,
1675 636 1736 662 quzc

945 676 1105 711 Pamphilus
1131 680 1158 702 et
1191 675 1326 710 Zopyrion
1355 675 1431 701 libris
1456 673 1524 700 XCV
1545 679 1737 708 exposuerunt.

947 722 1120 756 Florilegium
1138 722 1379 756 epigrammatum;
1397 723 1428 747 de
1441 720 1738 755 ﬂuminibusJaculas,

945 768 1072 803 fontibus,
1089 768 1221 794 montibus
1237 773 1260 794 et
1277 768 1485 802 promontoriis;
1503 767 1657 793 Fluminum
1679 769 1738 794 bre-

945 814 983 841 vis
1005 814 1118 841 recensio
1137 815 1279 840 secundum
1303 813 1422 839 ordinem
1446 812 1661 846 alp/tubeticum;
1679 812 1740 840 Col-

947 861 1023 887 lectio
1050 865 1074 887 et
1102 859 1203 887 Tabula
1228 860 1345 887 omnium
1373 861 1452 886 totius
1472 864 1549 886 tarrw
1569 858 1694 890 urbium,
1713 864 1741 887 et

946 907 1008 933 alia.

981 952 1125 987 Diogenes,
1147 952 1257 984 llicesii,
1277 953 1425 988 trapezitae,
1441 952 1461 979 F
1477 973 1484 985 ,
1501 953 1674 988 Sinopensis,
1686 952 1741 987 pri-

947 1007 1021 1026 mum
1037 999 1119 1026 (ileon
1139 999 1257 1034 (Mrnag.
1276 999 1366 1034 κλύω)
1386 1000 1607 1034 cogttomittalus.
1630 1000 1717 1034 patria
1731 1019 1739 1031 ,

945 1045 1017 1078 quod
1030 1049 1165 1071 monetam
1180 1045 1371 1076 adulterassct,
1385 1043 1528 1079 profugus,
1539 1045 1741 1078 Antistheni-nl,

945 1090 1083 1125 ejuicum,
1098 1094 1218 1117 sectatus
1234 1096 1287 1122 est,
1309 1091 1415 1125 magnis
1438 1099 1507 1125 quas
1540 1091 1656 1118 habebat
1679 1092 1740 1125 opi-

946 1136 996 1162 bus
1015 1137 1190 1171 contemptis.
1228 1136 1316 1164 Scncx
1341 1144 1355 1163 a
1375 1137 1502 1169 Scirtalo,
1529 1137 1628 1171 pirata,
1645 1142 1741 1171 captus

946 1189 971 1209 et
988 1182 1124 1212 Xeniadze.
1145 1184 1300 1215 Corinthio,
1318 1184 1443 1211 venditus
1457 1185 1527 1218 apud
1541 1191 1602 1210 curti
1616 1191 1742 1218 perman-

947 1230 992 1262 sit,
1007 1237 1056 1256 nec
1070 1230 1103 1256 ab
1116 1230 1332 1257 Atheniensibus
1346 1237 1395 1256 nec
1412 1230 1445 1256 ab
1466 1230 1562 1256 amicis
1576 1231 1672 1256 redimi
1692 1238 1741 1257 γο-

947 1276 1016 1303 lens.
1036 1276 1110 1304 Obiit
1126 1277 1228 1312 olymp.
1244 1276 1336 1308 (IXlll,
1351 1284 1410 1303 cum
1427 1276 1595 1303 curationem
1613 1277 1712 1309 cruris,
1726 1285 1740 1304 a

946 1331 1013 1350 caue
1030 1324 1162 1356 admorsi,
1179 1324 1353 1358 neglexisset,
1371 1323 1464 1351 eodem
1484 1322 1528 1350 dic
1557 1330 1611 1357 quo
1625 1323 1740 1351 Alexan-

945 1369 994 1396 der
1011 1368 1149 1404 Babylone
1163 1369 1242 1400 obiit,
1257 1374 1310 1397 etc.

985 1414 1124 1449 Diogenes,
1150 1415 1187 1441 rrl
1204 1414 1397 1449 Diogeuianus,
1414 1413 1579 1450 Cyziccuus,
1603 1422 1742 1450 gramma-

947 1461 1028 1492 ticus,
1045 1461 1155 1494 SCIlpSll
1170 1460 1290 1495 Origines
1311 1460 1420 1495 Cyzict‘;
1435 1462 1501 1496 Περὶ
1515 1462 1570 1488 τῶν
1585 1463 1614 1487 ὲν
1629 1462 1685 1494 τρῖς
1702 1460 1742 1494 βι-

922 1526 930 1534 .
948 1507 1033 1538 (ﬁlim;
1043 1507 1176 1542 σημείων,
1188 1507 1223 1534 De
1236 1507 1304 1533 notis
1314 1507 1413 1533 criticis
1427 1507 1566 1534 librorum.
1577 1508 1614 1534 De
1628 1509 1740 1542 poetica.

949 1553 986 1579 De
1003 1552 1146 1580 clementis.

985 1599 1118 1634 Diogenes
1139 1599 1178 1626 vel
1202 1599 1376 1632 OEnomaus,
1398 1599 1582 1632 Atheniensis,
1606 1601 1742 1636 tragicus.

948 1649 1070 1678 tempore
1085 1645 1255 1671 sublatorum
1269 1644 1343 1671 XXX
1357 1650 1546 1680 tyrannorum.
1561 1645 1669 1674 Fabula:
1682 1647 1742 1680 ejus

947 1697 1011 1719 sunt
1027 1692 1153 1723 Achilles,
1174 1691 1274 1719 Helena
1285 1713 1292 1724 ,
1315 1691 1441 1719 llerculcs
1452 1713 1458 1724 ,
1475 1691 1609 1727 Thyestes,
1629 1694 1720 1720 Medea
1731 1714 1740 1726 ,

949 1739 1079 1774 OEdipus,
1101 1738 1274 1775 Chrysippus,
1291 1738 1347 1765 Seu.
1354 1739 1401 1765 rle.

983 1785 1062 1818 Dion,
1088 1785 1228 1820 Hipparini
1266 1785 1316 1818 F.,
1335 1785 1543 1822 Syracusanus,
1565 1787 1744 1822 philosophus

947 1832 1115 1865 Platonicus,
1133 1832 1330 1859 Aristomacha:
1343 1853 1351 1865 ,
1375 1833 1469 1860 uxoris
1490 1832 1612 1868 Dionysii
1632 1834 1741 1867 prioris,

947 1879 1046 1907 Siciliae
1063 1879 1180 1915 tyranni,
1195 1879 1288 1911 frater,
1310 1880 1386 1913 cujus
1408 1881 1504 1912 lilium,
1519 1881 1678 1919 Dionysium
1693 1881 1739 1915 ju-

947 1927 1064 1959 niorem,
1088 1925 1176 1960 ejccit,
1199 1925 1319 1959 dcjectus
1342 1926 1463 1954 vicissim
1479 1934 1493 1954 a
1522 1926 1606 1955 fratre
1637 1927 1740 1962 ipsius.

947 1972 1048 2000 Nisazo.
1079 1971 1198 2006 Scripsit
1222 1970 1357 2006 Epistolas
1382 1973 1415 1999 ad
1442 1971 1582 2001 Platonem
1613 1980 1640 2000 et
1673 1973 1742 2002 alios

947 2017 1092 2052 quosdam.

984 2063 1051 2089 Dion
1062 2061 1356 2096 Cassius,cognomine
1365 2061 1497 2089 Cocceius
1510 2061 1551 2088 vel
1561 2061 1741 2095 Cocceianus,

948 2109 1087 2140 Nicmuus.
1111 2107 1260 2135 historicus
1286 2108 1455 2142 temporibus
1477 2108 1637 2138 Alexandri,
1659 2108 1743 2135 Mam-

949 2163 1022 2182 manc
1038 2155 1097 2182 lilii.
1112 2155 1228 2188 Scripsit
1243 2155 1371 2180 Historia:
1386 2152 1512 2180 Romamn
1528 2154 1607 2180 libros
1624 2153 1740 2186 LXXX.

98 2203 180 2230 modo
199 2202 287 2236 opifex
311 2202 416 2236 quidem
443 2209 555 2236 semper,
580 2210 661 2236 opera
690 2210 749 2230 vero
768 2203 823 2237 ejus
839 2211 890 2230 non
911 2196 932 2223 D
947 2200 993 2234 qui
1008 2200 1034 2226 in
1050 2199 1166 2226 decatles
1180 2198 1317 2225 distributi
1335 2202 1410 2226 sunt.
1430 2198 1495 2225 Item
1509 2197 1628 2231 Persica,
1650 2198 1742 2226 Getica

97 2256 204 2283 semper
218 2247 334 2284 (fuerint
354 2252 402 2274 aut
421 2248 622 2282 permaneant).
637 2248 775 2280 Quomodo
789 2249 854 2276 velle
869 2253 894 2276 et

99 2293 171 2321 nolle
186 2294 238 2320 sint
252 2294 279 2320 in
293 2293 345 2319 Deo
360 2300 472 2320 aiterna.
485 2292 585 2320 Contra
601 2291 778 2329 Porphyrium
792 2293 824 2321 de
836 2294 896 2320 ani-

99 2340 218 2366 malibus
236 2345 259 2365 et
274 2339 425 2373 sacriﬁciis.

136 2383 263 2411 Valerius
278 2383 422 2415 Diodorus,
439 2383 631 2418 philosophus,
644 2382 760 2411 Teleclis
776 2384 896 2418 discipu-

100 2430 158 2463 lus,
177 2429 391 2461 Alexandrinus,
412 2428 484 2456 ﬁlius
504 2429 628 2464 (Valerii)
644 2429 784 2462 Pollionis,
804 2429 893 2465 philo-

100 2476 193 2511 sophi,
207 2476 254 2511 qui
268 2476 301 2503 de
315 2476 430 2503 vocibus
445 2475 541 2503 Atticis
557 2476 676 2511 scripsit.
693 2475 765 2503 Vixit
779 2477 893 2504 Adriani

99 2521 220 2549 Caesaris
240 2521 418 2556 temporibus.

137 2567 285 2600 Diodorus,
305 2566 424 2600 Siculus,
441 2566 598 2600 historicus,
618 2567 728 2602 scripsit
744 2567 893 2594 Bibliothe-

100 2622 176 2647 cam,
195 2622 256 2649 quae
269 2614 416 2642 Historiam
437 2613 589 2642 Romanam
608 2619 635 2641 et
650 2614 753 2641 variam
767 2614 843 2642 libris
859 2613 893 2641 XI

101 2661 306 2696 complectitur.
322 2660 397 2689 Vixit
414 2662 584 2696 temporibus
606 2661 720 2696 Augusti
741 2666 768 2688 et
785 2665 847 2688 ante
862 2661 894 2687 il-

102 2707 171 2734 lum.

136 2807 195 2843 (62)
212 2806 241 2834 ld
257 2811 300 2834 est
323 2808 351 2834 ll.
376 2807 395 2834 l.
414 2814 512 2834 sensus
537 2805 691 2834 abstrusior
705 2809 732 2833 ct
747 2805 892 2843 mysticus,

101 2841 145 2871 cui
175 2843 325 2878 opponitur
354 2842 386 2870 τὺ
413 2843 506 2878 ῥητὸν,
538 2843 594 2870 sive
619 2847 719 2870 sensus
753 2841 888 2869 litterariis.

948 2246 1016 2281 (65),
1035 2245 1149 2277 Ἐνόδια,
1161 2245 1196 2271 τὰ
1206 2244 1276 2271 κατὰ
1285 2245 1430 2278 Τραϊανὸν,
1439 2252 1479 2271 res
1492 2252 1507 2271 a
1521 2243 1637 2278 Trojano
1643 2249 1741 2280 gestas,

955 2292 1041 2319 Vitam
1060 2292 1168 2319 Arriani
1181 2291 1339 2325 philosophi.

986 2337 1142 2373 Dionysius,
1163 2338 1338 2372 An—opogita,
1362 2336 1494 2364 doctrina:
1518 2336 1675 2365 Graecorum
1693 2345 1741 2372 pe-

947 2384 1110 2415 ritissimus,
1125 2383 1209 2410 Paulo
1222 2383 1382 2411 Atheniensi
1401 2384 1504 2416 audito,
1523 2384 1556 2410 ad
1580 2383 1740 2419 religionem

949 2430 1134 2458 Christianam
1148 2437 1299 2458 conversus
1314 2436 1395 2465 atque
1412 2430 1476 2457 inde
1497 2430 1643 2465 episcopus
1657 2430 1742 2457 Athe-

949 2485 1046 2504 narum
1065 2477 1230 2505 constitutus
1244 2481 1296 2503 est.
1313 2476 1414 2503 Tiberii
1432 2476 1599 2511 temporibus
1617 2477 1642 2502 in
1656 2475 1741 2511 Egy-

949 2526 1026 2557 ptum
1045 2521 1183 2556 profectus
1198 2525 1268 2553 erat,
1286 2522 1386 2549 comite
1396 2521 1591 2556 Apollophane,
1605 2521 1739 2555 sophista,

948 2568 1056 2601 eodem,
1076 2575 1157 2602 quem
1179 2567 1300 2600 Polemo,
1325 2566 1513 2598 Laodicensis,
1533 2566 1662 2600 magister
1680 2566 1741 2593 Ari-

949 2615 1040 2645 stidis,
1056 2612 1179 2648 Smyrnae
1191 2613 1304 2640 audivit.
1321 2612 1456 2647 Tempore
1479 2612 1615 2647 passionis
1638 2611 1739 2640 Christi

949 2660 1030 2687 ambo
1046 2664 1124 2686 erant
1137 2658 1269 2694 lleliopoli
1291 2659 1317 2686 in
1331 2658 1461 2694 Egypto,
1482 2665 1543 2685 cum
1569 2658 1653 2685 solem
1674 2658 1739 2684 luna

949 2707 1028 2741 plena
1046 2707 1223 2734 obscuratum
1237 2706 1387 2734 observans
1403 2705 1605 2741 Apollophancs
1618 2713 1624 2732 :
1637 2703 1660 2733 0
1676 2704 1741 2732 bone

953 2803 982 2831 V.
1003 2804 1105 2841 Kuster
1127 2805 1147 2838 I,
1168 2813 1230 2841 pag.
1249 2805 1312 2837 595,
1330 2810 1387 2833 not.
1405 2806 1431 2832 4.
1451 2805 1534 2832 llAl’tL.

981 2841 1036 2875 (65)
1053 2840 1115 2869 ΙΙωο
1134 2840 1237 2874 Dionis,
1252 2841 1367 2875 Pruszci,
1385 2842 1475 2876 potius
1490 2845 1563 2868 sunt.
