1921 3072
203 108 270 141 1951

805 107 928 138 INDEX
947 106 1193 138 SCRIPTORUM

1784 107 1848 140 1252

203 166 323 201 Dionysi,
335 164 434 200 inquit,
446 163 562 199 ἀμοιϐαὶ
575 164 656 192 θείων
668 163 854 200 πραγμάτων,
867 165 936 191 vices
949 168 1010 191 sunt
1025 167 1046 193 A
1097 163 1255 196 Dionysius,
1286 162 1445 190 Corinthius
1456 182 1463 195 ,
1493 166 1572 198 pocla
1595 162 1704 198 epicos.
1735 161 1847 197 Scripsit

201 220 288 238 rerum
301 211 461 237 divinarum.
475 210 524 237 Cui
539 210 700 245 Dionysius;
712 210 744 236 "ll
760 210 790 236 τὸ
800 209 872 236 θετον
887 210 997 244 πάσχει,

200 258 217 293 ἢ
232 258 271 291 τῷ
288 257 420 291 πάσχοντι
435 257 603 292 συμπάσχει.
615 256 660 283 γει
673 256 741 283 Deus
752 258 865 291 patitur,
877 257 916 283 rel
928 264 1000 282 com-

200 306 303 339 patitur
325 313 384 331 cum
408 306 534 339 patiente.
558 303 674 338 Scripsit
689 303 834 338 Dionysius
858 304 890 330 ad
906 302 1000 330 Timo-

200 351 307 383 thEtim,
325 351 401 377 Pauli
423 351 588 385 discipulum
601 354 627 376 cl.
656 351 815 384 episcopum
839 349 937 384 Ephesi
961 348 999 375 De

201 397 297 423 divinis
315 396 466 423 nominibus
489 396 571 422 libros
596 394 656 424 ΧΗ
678 396 745 429 (into
761 396 860 430 capita,
881 403 999 430 quorum

201 443 296 470 titulos
312 443 441 477 deinceps
457 442 497 470 bis
512 443 611 470 Suidas
627 448 759 474 recenset,
774 443 878 470 omisso
892 443 1000 470 decimo

202 489 282 516 tertio
299 489 365 523 περὶ
375 488 480 514 τελείου
498 489 546 515 καὶ
560 488 640 521 ἑνός).
657 488 693 515 De
706 489 885 515 ecclesiastica
895 489 1001 514 hieraro

201 535 271 566 chia,
288 536 376 567 cupita
392 534 415 560 X
427 533 454 560 V.
468 534 506 561 De
520 534 619 561 cmlesti
632 535 793 567 hierarrhio,
812 537 900 570 capita
912 534 972 567 XV,
985 543 999 562 a

201 589 256 616 quo
271 582 342 607 male
364 585 493 615 tanquam
520 581 678 608 distinctum
704 580 787 608 refert
808 581 907 608 Suidas
935 582 999 616 περὶ

201 626 256 652 τῶν
270 626 408 661 οὐρανίων
433 625 584 660 ταγμάτων
610 626 658 651 καὶ
681 626 731 652 ὅσα
758 626 797 660 τῷ
822 626 942 660 ἀριθμῷ.
964 625 1000 653 De

201 673 315 706 mystica
345 671 475 706 theologia
498 672 587 705 capita
616 671 646 699 γ.
672 671 798 706 l‘.pistol;c
828 677 944 706 quatuor
966 672 999 698 ad

201 717 307 749 Caium,
331 718 507 744 monachum.
531 716 652 752 Singulae
667 718 700 743 ait
718 717 890 750 Dor-uilicum,
908 717 999 751 publi-

201 772 263 792 cum
281 764 449 796 ministrum,
465 763 499 790 ad
517 763 673 798 Supulrum,
691 765 874 795 sacerdotem,
887 765 920 791 ad
944 763 998 790 Po-

201 811 349 846 lycarpum,
382 811 540 845 episcopum
574 809 697 845 Smyrna:
733 813 777 845 (ex
814 818 867 845 qua
901 810 999 837 Snidas

1052 209 1191 243 Praecepta
1210 216 1324 236 morum.
1342 208 1492 235 Causarum
1507 208 1615 235 librum.
1633 207 1847 243 Meteorologica;

1052 255 1083 282 Et
1111 257 1237 283 oratione
1265 256 1355 282 soluta
1381 255 1609 282 Commentarium
1636 256 1663 281 in
1694 254 1847 283 Hesiodum.

1053 302 1129 329 Orbis
1156 308 1289 329 terrarum
1316 301 1542 335 descriptionem,
1571 302 1698 329 versibus
1721 303 1846 329 heroicis.

1051 349 1113 376 Ilzce
1126 353 1214 375 autem
1232 348 1319 382 reperi
1337 348 1419 374 etiam
1445 348 1471 374 in
1492 347 1637 383 Dionysto,
1654 349 1702 382 qui
1728 347 1847 374 Lithiaca

1051 402 1099 421 seu
1116 393 1150 420 de
1166 394 1301 428 lapidibus
1313 393 1435 428 scripsit.
1451 392 1518 420 Uter
1533 399 1625 420 tamen
1640 394 1738 420 borum
1754 398 1789 420 su.
1803 401 1847 420 auo

1051 445 1125 471 clor,
1145 441 1250 474 ignoro.

1089 484 1249 518 Dionysius,
1269 482 1402 513 Milesius.
1419 482 1579 514 historicus,
1595 481 1647 509 Res
1660 489 1718 517 post
1739 483 1845 510 Darium

1051 533 1136 563 gustus
1146 527 1165 554 V
1175 527 1251 554 libris
1262 527 1410 560 descripsit.
1424 527 1502 554 Orbis
1513 527 1726 560 descriptionem.
1734 528 1846 557 Persica.

1053 574 1143 600 Iunica
1164 574 1282 600 dialeclo
1297 594 1304 606 ,
1338 573 1435 600 Rerum
1461 572 1641 606 Trojanarum
1663 573 1746 599 libros
1770 578 1819 600 tres
1837 583 1846 600 :

1051 619 1169 654 fabulas.
1190 619 1297 646 Κύκλυν
1323 620 1459 655 ineptum
1489 621 1592 654 cyclum
1627 620 1782 647 historicum
1815 621 1847 648 li-

1051 666 1107 693 bris
1129 664 1199 695 VU.

1087 710 1236 745 Dionysius
1253 709 1437 745 Mitylenteus,
1454 713 1533 744 poeta
1551 710 1658 744 epicus,
1681 711 1727 744 qui
1754 718 1847 736 σκυτο-

1053 754 1175 791 6ραχιων
1196 761 1221 783 et
1242 759 1320 783 sutor
1338 756 1429 782 diclus
1440 755 1500 782 l'nit.
1512 755 1629 790 Scripsit
1644 755 1741 783 Bacchi
1757 762 1781 783 et
1800 756 1850 782 Mi-

1053 811 1138 829 ncrvw
1157 802 1347 836 expeditionem
1357 802 1553 836 :Argonaulica
1569 802 1644 828 libris
1656 810 1713 834 sex,
1728 804 1849 830 oratione

201 845 312 885 adducit
327 857 417 883 locum
436 857 468 883 de
481 856 576 891 eclipsi
591 858 646 891 jam
663 862 836 890 uictum-nti),
854 857 888 883 ad
905 855 989 882 Dento-

1066 849 1143 874 oluta
1156 857 1163 875 :
1177 847 1297 882 Mythico
1307 847 1341 873 ud
1361 845 1575 873 Permenontem.

199 903 313 938 philnm,
341 903 506 930 monachum
523 922 530 934 ,
555 909 581 930 ct
604 902 637 929 ad
663 901 796 929 Joannem
819 902 997 936 theologum,

200 954 288 984 apost.
320 953 347 974 et
371 948 579 983 evmgclistam.
616 947 764 975 Sciendum
795 952 847 980 est,
861 949 996 982 quosdam

200 1000 375 1023 externorum
388 995 556 1029 sapientum,
571 996 708 1029 praecipue
724 993 863 1028 Procluni,
879 993 998 1030 Dionysii

200 1043 430 1074 theorematilms,
447 1041 584 1069 interdum
607 1042 673 1076 ipsis
692 1042 784 1069 νυνωε
808 1049 874 1068 usos
898 1040 993 1068 fuisse.

202 1088 271 1116 llinc
288 1089 425 1122 suspicari
454 1088 529 1121 Iiccl,
556 1088 719 1115 vetustiores
742 1088 930 1123 philosolihos,
953 1087 1000 1121 qui

203 1137 320 1164 Athenis
333 1141 423 1168 erant,
442 1135 516 1163 illius
531 1143 614 1170 opera
627 1155 634 1168 ,
650 1143 766 1171 quorum
786 1135 843 1169 ipse
859 1134 1000 1166 meminit,

201 1183 236 1210 ad
251 1181 423 1209 Timorlieum
442 1182 565 1209 scribens
576 1202 583 1213 ,
600 1181 652 1208 sibi
667 1181 822 1208 vindicasse
842 1187 930 1214 eaque
951 1186 1000 1206 oc-

204 1229 334 1261 cultasse,
350 1233 379 1255 ut
394 1228 447 1263 ipsi
464 1227 619 1255 divinorum
634 1228 721 1261 ipsius
736 1235 893 1254 sermonum
911 1233 1001 1254 aucto-

201 1284 247 1304 res
262 1277 430 1304 viderentur.
443 1275 492 1303 llic
505 1276 600 1310 plenus
612 1275 730 1304 dictum.
746 1275 878 1310 martyrio
889 1274 1002 1309 spiritus

202 1328 410 1351 consummatus
440 1327 482 1350 cst
505 1328 627 1356 tempore
644 1321 756 1356 Trajani
774 1322 854 1356 imp.,
884 1321 1001 1351 eodem,

203 1377 259 1405 quo
281 1369 390 1396 divinus
414 1367 544 1404 lgnatius.
572 1367 660 1403 Magni
695 1366 815 1402 Dionysii
845 1367 1001 1394 encotnium

204 1416 315 1449 scripsit
336 1415 455 1442 Michael
479 1414 632 1450 Syncellus,
659 1413 935 1450 l'lierosolymitanus.

241 1469 399 1505 Dionysius,
415 1467 516 1502 Terus,
532 1469 744 1501 Alexandrinus,
777 1476 792 1496 τι
816 1472 893 1503 patre
909 1467 981 1496 Tcro
993 1489 1001 1501 ,

202 1514 309 1547 Thrax,
333 1514 489 1542 Aristarchi
520 1514 691 1549 discipulus,
720 1515 926 1549 grammaticus,

205 1563 299 1590 nonne
320 1561 413 1590 docuit
432 1561 554 1596 POlllpL‘ll
568 1561 657 1596 Magni
675 1561 844 1596 temporibus
860 1566 887 1588 et
897 1560 1005 1596 Tyran-

206 1608 299 1635 nionis
317 1607 417 1642 prioris
431 1607 562 1642 magister
579 1606 640 1635 fuit.
653 1605 773 1634 Plurima
793 1607 903 1642 scripsit
915 1614 1006 1642 gram-

203 1655 303 1684 matica
323 1659 351 1681 et
370 1654 570 1689 synlagmatica
585 1658 611 1680 et
625 1654 862 1681 commentarios.

263 1701 385 1736 iOnysius
399 1699 610 1730 Alexandrinus,
632 1699 726 1727 Glauci
742 1697 786 1730 F.,
799 1698 1005 1733 grammaticus,

203 1746 250 1781 qui
268 1751 389 1780 tempore
405 1743 521 1771 Neronis
538 1748 565 1771 et
581 1745 753 1779 sequentium
768 1745 851 1780 impp.
868 1753 954 1780 usque
970 1746 1004 1772 ad

204 1792 356 1827 Traianum
373 1791 441 1818 vixit
456 1795 482 1818 et
499 1791 670 1818 bibliothecis
683 1790 802 1826 pra:l'uit,
816 1795 843 1818 et
857 1791 891 1818 ab
902 1791 1005 1826 episto-

208 1841 253 1871 lis,
271 1838 455 1873 legationibus
472 1842 498 1864 et
512 1838 652 1872 responsis
668 1837 731 1864 fuit.
754 1836 826 1864 Idem
852 1836 1002 1871 Parthenii,

202 1885 384 1921 grammatici,
399 1884 707 1919 magister,discipulus
731 1883 920 1912 Chwremonis
940 1884 1004 1919 phi-

203 1933 324 1967 losophi,
343 1932 387 1958 cui
408 1931 491 1958 etiam
509 1930 687 1957 Alexandria:
705 1931 848 1958 successit.

239 1986 398 2022 Dionysius,
416 1984 633 2015 Alemndrinus,
651 1983 730 2018 cujus
747 1985 836 2012 inveni
857 1985 1004 2013 Commen—

203 2034 302 2061 larium
321 2032 399 2059 valde
420 2032 554 2058 disertum
573 2031 598 2057 in
615 2030 803 2058 Ecclesiasten
835 2031 1002 2059 Salomonis.

242 2079 400 2113 Dimaysuts,
416 2077 561 2104 Alexandri
583 2076 625 2108 F.,
645 2077 883 2109 Halicarnasseus,
900 2084 1001 2113 onator,

201 2130 229 2152 et
245 2125 318 2152 omni
333 2132 432 2159 genere
451 2115 588 2151 doctrinae
607 2125 744 2155 excultus,
759 2123 874 2152 Caesaris
886 2126 1001 2160 Augusti

1089 894 1246 929 Dionysius,
1264 893 1380 921 Musouii
1399 892 1446 924 F..
1467 893 1592 920 Rhodius
1608 899 1656 921 aut
1675 893 1794 926 Samius,
1811 894 1849 920 hi-

1049 941 1181 970 st0ricus,
1198 940 1339 974 quietiam
1357 939 1485 967 sacerdos
1497 939 1548 966 fuit
1564 941 1656 974 templi
1677 941 1761 971 Solis,
1779 941 1847 974 quod

1052 987 1109 1014 illic
1125 991 1195 1013 erat.
1220 985 1338 1022 Scripsit
1363 986 1486 1020 ἱστορίας
1505 986 1630 1018 τοπικὰξ,
1651 987 1771 1013 locorum
1795 988 1848 1014 sise

1051 1038 1188 1060 certarum
1215 1032 1357 1066 regionum
1380 1031 1519 1059 Historias
1538 1032 1615 1059 libris
1627 1031 1672 1059 Vl.
1700 1032 1778 1060 Orbis
1800 1032 1850 1059 De-

1051 1080 1231 1113 scriptionem,
1241 1078 1372 1114 ’ἱστορίας
1385 1078 1574 1112 παιδευτικῆς,
1592 1078 1734 1106 Historica-
1746 1080 1849 1105 institu-

1056 1126 1136 1152 tionis
1163 1125 1243 1154 libras
1265 1124 1302 1151 Χ.
1327 1125 1480 1157 Existimo,
1500 1125 1671 1160 Dionysium,
1690 1126 1735 1160 qui
1758 1126 1847 1152 υιικιιιι

1052 1171 1209 1206 descripsit,
1227 1170 1387 1205 Byzantium
1413 1170 1499 1198 fuisse
1515 1170 1643 1206 (Vossius
1669 1171 1734 1206 legit.
1758 1171 1848 1206 Bithy-

1053 1225 1133 1248 num,
1159 1222 1269 1251 propter
1288 1216 1413 1248 ﬂuvium,
1436 1216 1572 1244 lthebam.

1090 1264 1250 1298 Dionysius,
1280 1262 1379 1290 Sicilia‘
1398 1269 1533 1298 tyrannus
1545 1283 1553 1295 ,
1569 1262 1682 1298 scripsit
1697 1261 1847 1298 Tragmlias

1053 1314 1080 1337 et
1099 1308 1247 1336 Comoedias
1260 1314 1288 1336 et
1306 1308 1453 1336 Historias.

1090 1354 1248 1390 Dionysius,
1264 1354 1337 1382 lilius
1357 1354 1458 1382 Sicilia).
1474 1356 1594 1390 tyranni,
1606 1360 1632 1383 et
1649 1356 1708 1390 ipse
1721 1360 1847 1391 tyrannus

1053 1405 1081 1427 et
1097 1400 1290 1434 philosophus,
1308 1400 1419 1435 scripsit
1441 1399 1575 1435 Epistolas
1591 1406 1619 1429 et
1639 1401 1677 1428 De
1691 1400 1846 1436 poematibus

1055 1446 1220 1480 Epicharmi.

1092 1492 1218 1518 Διννύσια
1239 1491 1405 1527 σκώμματα,
1422 1491 1538 1519 dicteria
1562 1492 1590 1519 in
1619 1491 1845 1520 Bacchanalibus.

955 1522 1001 1572 βίη
1017 1521 1038 1549 c
1093 1536 1235 1572 Diopithes
1254 1521 1340 1572 legem
1355 1521 1465 1569 tulerat,
1482 1541 1552 1565 teste
1564 1537 1686 1571 IEliano,
1703 1545 1733 1566 ut
1749 1540 1811 1570 civi,
1822 1540 1846 1566 in

1058 1584 1149 1612 Piraeo
1171 1583 1342 1617 pernoctanti
1355 1602 1362 1615 ,
1383 1583 1500 1618 capitale
1519 1589 1601 1611 esset.
1620 1584 1683 1619 Ipse
1706 1585 1805 1612 deinde
1818 1593 1847 1612 eo

1056 1630 1179 1662 nomine,
1204 1637 1266 1658 cum
1297 1630 1458 1664 aliquando,
1477 1637 1591 1664 vespera
1610 1632 1803 1665 opprimente.
1823 1631 1846 1657 iu

1056 1675 1144 1703 Piraeo
1163 1681 1271 1704 noctem
1288 1677 1446 1710 mansisset,
1461 1677 1496 1704 ab
1517 1677 1637 1704 inimicis
1651 1678 1749 1712 capitis
1768 1685 1847 1705 accu-

1056 1726 1143 1749 satus.

1092 1766 1277 1799 Dioscorides,
1291 1766 1505 1799 Anazarbeusis,
1518 1767 1653 1800 medicus,
1669 1773 1848 1802 cognomento

1055 1813 1157 1846 Φακᾶς,
1176 1813 1211 1840 ob
1231 1813 1318 1840 lentes
1334 1821 1403 1848 quas
1416 1814 1442 1840 in
1460 1813 1529 1841 lacie
1543 1814 1672 1842 habebat.
1692 1813 1848 1850 Vixitapnd

1055 1859 1227 1894 Cleopatram
1260 1859 1372 1887 Antonii
1403 1864 1536 1895 tempore,
1567 1861 1736 1895 scripsitque
1765 1861 1847 1889 libros

1054 1905 1139 1935 XXIV
1153 1926 1161 1939 ,
1178 1913 1274 1934 omnes
1290 1906 1324 1933 de
1340 1914 1368 1933 re
1387 1907 1503 1939 medica,
1527 1915 1630 1942 eosque
1646 1908 1848 1936 cclebcrriums.

1091 1952 1250 1981 Dioscorius
1269 1973 1276 1985 ,
1308 1952 1436 1986 Mirans,
1465 1959 1680 1988 grammaticus,
1709 1955 1850 1989 praefectus

1055 1998 1116 2027 urbi
1134 2003 1160 2025 et
1180 1999 1320 2033 praetorio,
1341 1999 1388 2033 qui
1407 1999 1506 2027 Leonis
1540 2000 1607 2035 imp.
1635 2002 1705 2029 tilias
1727 2000 1850 2036 Bynntii

1054 2044 1156 2071 docuit.
1175 2044 1246 2071 lnlra
1276 2044 1425 2080 Θυάτειρα.

1090 2089 1254 2126 Dioxippus,
1268 2091 1453 2124 Atheniensis,
1471 2093 1605 2121 comicus.
1629 2093 1695 2129 Ejus
1726 2094 1826 2122 fabnlm
1842 2103 1849 2121 :

1061 2137 1330 2172 Ἀντιπορνοόοσκὸς,
1343 2138 1524 2176 Φιλάργυρος,
1543 2140 1775 2176 Ίστοριηγρὰφος,
1791 2144 1851 2168 Δια-

203 2174 372 2207 temporibns
388 2173 465 2198 vixit.
484 2171 524 2197 Ex
545 2171 628 2204 hujus
644 2171 761 2206 posteris
776 2172 828 2198 luit
841 2172 989 2208 Dionysius

1064 2184 1239 2218 ῖιχαζόμενοι.

202 2220 340 2250 Διιιειεω,
353 2220 405 2246 sub
420 2218 542 2244 Adriano
556 2217 623 2252 imp.

239 2265 385 2300 Dimysius
401 2285 409 2296 ,
435 2263 660 2291 Halicarnasseus
677 2283 685 2296 ,
707 2264 753 2299 qui
783 2265 851 2293 vixit
877 2269 1000 2300 temporc

202 2313 316 2343 Adriani
353 2313 432 2346 imp.,
468 2311 612 2345 sophista,
645 2319 828 2346 cognomenlo
865 2313 997 2346 Musicus,

202 2359 274 2394 quod
295 2361 321 2384 in
349 2361 407 2384 arte
424 2357 529 2384 musica
545 2358 624 2385 valde
641 2360 807 2386 exercitatus
822 2365 904 2389 esset.
923 2361 999 2388 Scri-

202 2414 256 2441 ['Stl.
278 2405 538 2435 Commentariorum
565 2405 771 2440 rhythmicorum
795 2407 878 2435 libros
901 2407 996 2435 XXIV.

203 2451 333 2479 Uis-toria
352 2450 459 2478 musicae
478 2450 564 2478 libros
580 2450 709 2484 χλχνι,
737 2453 763 2479 in
788 2453 889 2487 quibus
912 2454 1002 2482 tibici-

205 2507 282 2530 num,
313 2497 529 2525 cithartedoruin
555 2502 582 2525 et
608 2503 751 2534 poetarum
778 2501 869 2528 omnis
894 2502 1002 2535 generis

204 2545 372 2572 mentionem
391 2543 466 2571 facit.
480 2543 617 2572 Doctrina:
633 2546 741 2572 musice
750 2546 807 2573 sive
818 2546 1003 2574 Diatribarum

205 2592 290 2618 libras
298 2589 370 2619 XXI.
383 2590 421 2618 De
436 2590 481 2624 iis,
493 2599 552 2625 qua:
567 2592 594 2618 in
609 2590 672 2626 Rep.
684 2591 807 2619 Platonis
819 2594 918 2620 musice
930 2593 1002 2621 dicta

203 2642 277 2665 sunt.

240 2683 396 2719 Dionysius,
414 2683 573 2720 Byzantius,
595 2690 674 2720 poeta
693 2686 800 2721 epicos.
813 2686 928 2723 Scripsit
949 2688 1001 2715 De-

203 2730 373 2763 :triptionem
389 2732 565 2765 navigationis
589 2740 636 2767 per
654 2731 812 2766 Bosporum.
837 2733 875 2761 De
904 2734 1002 2762 threuis

204 2782 300 2809 poema
317 2776 448 2803 refertum
468 2778 610 2812 epicediis.

241 2831 296 2868 (64)
312 2832 365 2860 Sed
392 2833 493 2861 Kuster
508 2843 541 2863 ex
554 2836 700 2865 seholiaste
710 2838 756 2866 Ari

204 2867 308 2895 uellam
322 2869 542 2903 exspectavimus,
558 2875 612 2899 etc.
633 2871 719 2900 HABL.

1089 2231 1219 2266 AupOépz.
1236 2232 1281 2264 Et;
1294 2232 1435 2269 διφθέρας,
1450 2233 1476 2260 in
1493 2234 1608 2269 pellibus
1620 2234 1720 2270 scripta
1735 2236 1849 2263 consilia

1053 2283 1102 2304 sua
1125 2276 1280 2306 Thoracion
1296 2286 1361 2306 cum
1380 2280 1508 2307 hostibus
1532 2281 1559 2308 in
1577 2280 1699 2308 Laconia
1725 2290 1849 2310 coruinu-

1053 2322 1172 2350 nicabat.

1090 2368 1319 2404 Dipnosophistte,
1334 2371 1404 2399 liber
1418 2372 1494 2400 valde
1510 2373 1595 2405 utilis.
1611 2374 1691 2410 cujus
1703 2374 1847 2402 Atheuae!

1051 2420 1147 2443 auctor
1172 2421 1224 2444 est.
1246 2416 1376 2453 Ulpianus
1392 2426 1462 2446 unus
1480 2418 1767 2455 Dipnosopbistarum,
1797 2426 1847 2449 etc.

1057 2461 1154 2498 Supra,
1168 2464 1363 2497 ηιτούκειτος.

1092 2508 1413 2544 Dithyrambodidascali.
1422 2511 1454 2539 Hi
1469 2513 1503 2540 de
1516 2513 1611 2546 rebus,
1624 2521 1686 2549 qua:
1699 2514 1727 2542 in
1740 2515 1848 2544 sublimi

1057 2553 1126 2583 ﬁunt
1138 2559 1166 2581 et
1181 2556 1313 2588 nubibus,
1325 2559 1412 2584 multa
1425 2558 1517 2586 dicere
1531 2560 1668 2591 solebant.
1684 2562 1847 2596 vocibusque

1056 2602 1218 2636 compositis
1235 2603 1393 2636 utebantur.
1407 2604 1531 2632 dicentes
1543 2607 1663 2642 exempli
1677 2614 1762 2635 causa
1779 2608 1851 2635 ἐνδι-

1057 2649 1342 2684 αεριανερινηχέτους.
1359 2650 1433 2679 Talis
1450 2657 1510 2679 erat
1534 2651 1592 2685 lon,
1619 2654 1717 2686 Chius,
1749 2661 1828 2689 poets
1842 2676 1850 2689 .

1056 2694 1102 2728 qui
1120 2702 1215 2728 poema
1239 2696 1312 2729 fecit,
1338 2697 1417 2732 cujus
1449 2699 1557 2726 initium
1579 2705 1645 2728 est:
1673 2701 1759 2728 'Aoiov
1771 2703 1851 2738 ἠερο-

1057 2738 1152 2772 φοίταν
1168 2741 1272 2776 ἀστέρα
1287 2741 1360 2778 μῆνα
1373 2744 1423 2778 μέν
1436 2744 1493 2780 (64)
1503 2746 1575 2773 unde
1586 2746 1796 2782 Aristophanes,
1808 2750 1851 2783 jo-

1057 2792 1134 2819 cans,
1155 2792 1316 2816 matutmum
1333 2791 1439 2818 uallum
1458 2800 1521 2820 eum
1546 2799 1674 2822 vocatum
1696 2795 1783 2822 fuisse
1802 2795 1848 2821 ait.

760 2839 849 2874 stopli.
877 2841 989 2878 corriget

1064 2849 1100 2872 tet
1112 2845 1213 2880 ἀστέρα
1229 2846 1372 2883 μείναμεν,
1389 2854 1441 2877 etc.
1471 2851 1629 2878 matutinum
1661 2856 1685 2879 et
1702 2853 1850 2887 ceris-agam
