  <div class='ocr_page' id='page_1' title='image "/cluster/home/n/w/nwhite01/storage/ocr_20150623/117/njp.32101010943940/793.png"; bbox 0 0 1921 3072; ppageno 0'>
   <div class='ocr_carea' id='block_1_1' title="bbox 215 106 1848 147">
    <p class='ocr_par' dir='ltr' id='par_1_1' title="bbox 215 106 1848 147">
     <span class='ocr_line' id='line_1_1' title="bbox 215 106 1848 147; baseline 0.005 -9"><span class='ocrx_word' id='word_1_1' title='bbox 215 106 283 138; x_wconf 53' lang='lat' dir='ltr'>I&#39;T‘SS</span> <span class='ocrx_word' id='word_1_2' title='bbox 821 108 945 140; x_wconf 89' lang='lat' dir='ltr'><strong>INDEX</strong></span> <span class='ocrx_word' id='word_1_3' title='bbox 966 110 1211 144; x_wconf 81' lang='lat' dir='ltr'><strong>SCRIPTORUM</strong></span> <span class='ocrx_word' id='word_1_4' title='bbox 1789 115 1848 147; x_wconf 62' lang='lat' dir='ltr'><strong>li‘Eﬁ</strong></span> 
     </span>
    </p>
   </div>
   <div class='ocr_carea' id='block_1_2' title="bbox 210 163 1846 204">
    <p class='ocr_par' dir='ltr' id='par_1_2' title="bbox 210 163 1846 204">
     <span class='ocr_line' id='line_1_2' title="bbox 210 163 1846 204; baseline 0.005 -11"><span class='ocrx_word' id='word_1_5' title='bbox 210 165 330 196; x_wconf 69' lang='lat' dir='ltr'><strong>Colonia,</strong></span> <span class='ocrx_word' id='word_1_6' title='bbox 347 164 475 200; x_wconf 83' lang='lat' dir='ltr'><strong>oppidum</strong></span> <span class='ocrx_word' id='word_1_7' title='bbox 491 163 653 198; x_wconf 66' lang='lat' dir='ltr'><strong>obscurum,</strong></span> <span class='ocrx_word' id='word_1_8' title='bbox 666 164 777 200; x_wconf 86' lang='lat' dir='ltr'><strong>etquod</strong></span> <span class='ocrx_word' id='word_1_9' title='bbox 794 165 882 193; x_wconf 91' lang='lat' dir='ltr'><strong>bonos</strong></span> <span class='ocrx_word' id='word_1_10' title='bbox 897 170 1003 194; x_wconf 88' lang='lat' dir='ltr'><strong>tantum</strong></span> <span class='ocrx_word' id='word_1_11' title='bbox 1020 171 1042 199; x_wconf 81' lang='grc' dir='ltr'><strong>Α</strong></span> <span class='ocrx_word' id='word_1_12' title='bbox 1059 172 1088 194; x_wconf 91' lang='lat' dir='ltr'><strong>ut</strong></span> <span class='ocrx_word' id='word_1_13' title='bbox 1099 169 1138 196; x_wconf 98' lang='lat' dir='ltr'><strong>ait</strong></span> <span class='ocrx_word' id='word_1_14' title='bbox 1153 167 1346 204; x_wconf 85' lang='lat' dir='ltr'><strong>Epicharmus.</strong></span> <span class='ocrx_word' id='word_1_15' title='bbox 1364 170 1470 197; x_wconf 87' lang='lat' dir='ltr'><strong>Dictum</strong></span> <span class='ocrx_word' id='word_1_16' title='bbox 1493 171 1527 198; x_wconf 88' lang='lat' dir='ltr'><strong>ad</strong></span> <span class='ocrx_word' id='word_1_17' title='bbox 1556 171 1738 200; x_wconf 87' lang='lat' dir='ltr'><strong>imitationem</strong></span> <span class='ocrx_word' id='word_1_18' title='bbox 1754 173 1826 202; x_wconf 80' lang='lat' dir='ltr'><strong>illi-ts</strong></span> <span class='ocrx_word' id='word_1_19' title='bbox 1840 185 1846 201; x_wconf 92' lang='lat'><strong>:</strong></span> 
     </span>
    </p>
   </div>
   <div class='ocr_carea' id='block_1_3' title="bbox 210 211 990 254">
    <p class='ocr_par' dir='ltr' id='par_1_3' title="bbox 210 211 990 248">
     <span class='ocr_line' id='line_1_3' title="bbox 210 211 990 248; baseline 0.001 -10"><span class='ocrx_word' id='word_1_20' title='bbox 210 213 285 238; x_wconf 87' lang='lat' dir='ltr'><strong>viros</strong></span> <span class='ocrx_word' id='word_1_21' title='bbox 296 212 370 239; x_wconf 89' lang='lat' dir='ltr'><strong>alere</strong></span> <span class='ocrx_word' id='word_1_22' title='bbox 382 216 500 246; x_wconf 87' lang='lat' dir='ltr'><strong>poterat.</strong></span> <span class='ocrx_word' id='word_1_23' title='bbox 512 212 590 239; x_wconf 83' lang='lat' dir='ltr'><strong>Hanc</strong></span> <span class='ocrx_word' id='word_1_24' title='bbox 600 211 674 239; x_wconf 87' lang='lat' dir='ltr'><strong>Zeno</strong></span> <span class='ocrx_word' id='word_1_25' title='bbox 690 212 777 247; x_wconf 79' lang='lat' dir='ltr'><strong>magis</strong></span> <span class='ocrx_word' id='word_1_26' title='bbox 791 213 909 245; x_wconf 85' lang='lat' dir='ltr'><strong>amabat,</strong></span> <span class='ocrx_word' id='word_1_27' title='bbox 921 221 990 248; x_wconf 87' lang='lat' dir='ltr'><strong>quan</strong></span> 
     </span>
    </p>
   </div>
   <div class='ocr_carea' id='block_1_4' title="bbox 1050 211 1849 254">
    <p class='ocr_par' dir='ltr' id='par_1_4' title="bbox 1057 214 1849 254">
     <span class='ocr_line' id='line_1_4' title="bbox 1057 214 1849 254; baseline 0.006 -13"><span class='ocrx_word' id='word_1_28' title='bbox 1057 214 1133 242; x_wconf 80' lang='grc' dir='ltr'><strong>Θεῶν</strong></span> <span class='ocrx_word' id='word_1_29' title='bbox 1150 216 1179 242; x_wconf 83' lang='grc' dir='ltr'><strong>ὲν</strong></span> <span class='ocrx_word' id='word_1_30' title='bbox 1194 216 1308 249; x_wconf 71' lang='grc' dir='ltr'><strong>γούνασι</strong></span> <span class='ocrx_word' id='word_1_31' title='bbox 1326 217 1425 243; x_wconf 83' lang='grc' dir='ltr'><strong>κεῖται.</strong></span> <span class='ocrx_word' id='word_1_32' title='bbox 1444 215 1515 244; x_wconf 83' lang='lat' dir='ltr'><strong>Olim</strong></span> <span class='ocrx_word' id='word_1_33' title='bbox 1546 217 1573 244; x_wconf 84' lang='lat' dir='ltr'><strong>in</strong></span> <span class='ocrx_word' id='word_1_34' title='bbox 1605 219 1722 253; x_wconf 78' lang='lat' dir='ltr'><strong>genibus</strong></span> <span class='ocrx_word' id='word_1_35' title='bbox 1746 219 1849 254; x_wconf 69' lang='lat' dir='ltr'><strong>judice:</strong></span> 
     </span>
    </p>
   </div>
   <div class='ocr_carea' id='block_1_5' title="bbox 210 257 1004 294">
    <p class='ocr_par' dir='ltr' id='par_1_5' title="bbox 210 257 1004 294">
     <span class='ocr_line' id='line_1_5' title="bbox 210 257 1004 294; baseline 0.003 -10"><span class='ocrx_word' id='word_1_36' title='bbox 210 258 419 285; x_wconf 79' lang='lat' dir='ltr'><strong>Atheniensium</strong></span> <span class='ocrx_word' id='word_1_37' title='bbox 444 257 624 293; x_wconf 84' lang='lat' dir='ltr'><strong>jactantiam;</strong></span> <span class='ocrx_word' id='word_1_38' title='bbox 643 258 734 292; x_wconf 83' lang='lat' dir='ltr'><strong>itaque</strong></span> <span class='ocrx_word' id='word_1_39' title='bbox 760 266 821 285; x_wconf 82' lang='lat' dir='ltr'><strong>raro</strong></span> <span class='ocrx_word' id='word_1_40' title='bbox 847 259 919 294; x_wconf 84' lang='lat' dir='ltr'><strong>apud</strong></span> <span class='ocrx_word' id='word_1_41' title='bbox 945 258 1004 286; x_wconf 82' lang='lat' dir='ltr'><strong>illos</strong></span> 
     </span>
    </p>
   </div>
   <div class='ocr_carea' id='block_1_6' title="bbox 210 304 649 339">
    <p class='ocr_par' dir='ltr' id='par_1_6' title="bbox 210 304 649 339">
     <span class='ocr_line' id='line_1_6' title="bbox 210 304 649 339; baseline -0.002 -8"><span class='ocrx_word' id='word_1_42' title='bbox 210 308 333 332; x_wconf 82' lang='lat' dir='ltr'><strong>versatus</strong></span> <span class='ocrx_word' id='word_1_43' title='bbox 350 304 377 330; x_wconf 92' lang='lat' dir='ltr'><strong>in</strong></span> <span class='ocrx_word' id='word_1_44' title='bbox 394 304 481 339; x_wconf 89' lang='lat' dir='ltr'><strong>patria</strong></span> <span class='ocrx_word' id='word_1_45' title='bbox 497 304 649 331; x_wconf 83' lang='lat' dir='ltr'><strong>consenuit.</strong></span> 
     </span>
    </p>
   </div>
   <div class='ocr_carea' id='block_1_7' title="bbox 252 350 1002 386">
    <p class='ocr_par' dir='ltr' id='par_1_7' title="bbox 252 350 1002 386">
     <span class='ocr_line' id='line_1_7' title="bbox 252 350 1002 386; baseline 0.003 -10"><span class='ocrx_word' id='word_1_46' title='bbox 252 351 416 386; x_wconf 76' lang='grc' dir='ltr'><strong>Ἐλεγείρειν</strong></span> <span class='ocrx_word' id='word_1_47' title='bbox 443 350 499 385; x_wconf 82' lang='grc'>(65)</span> <span class='ocrx_word' id='word_1_48' title='bbox 530 358 580 385; x_wconf 91' lang='lat' dir='ltr'><strong>pro</strong></span> <span class='ocrx_word' id='word_1_49' title='bbox 606 350 721 377; x_wconf 74' lang='lat' dir='ltr'><strong>delirare</strong></span> <span class='ocrx_word' id='word_1_50' title='bbox 750 351 861 385; x_wconf 86' lang='lat' dir='ltr'><strong>quidam</strong></span> <span class='ocrx_word' id='word_1_51' title='bbox 880 357 1002 378; x_wconf 84' lang='lat' dir='ltr'><strong>veterum</strong></span> 
     </span>
    </p>
   </div>
   <div class='ocr_carea' id='block_1_8' title="bbox 209 396 1003 431">
    <p class='ocr_par' dir='ltr' id='par_1_8' title="bbox 209 396 1003 431">
     <span class='ocr_line' id='line_1_8' title="bbox 209 396 1003 431; baseline 0.001 -8"><span class='ocrx_word' id='word_1_52' title='bbox 209 396 348 424; x_wconf 67' lang='lat' dir='ltr'><strong>dixerunt.</strong></span> <span class='ocrx_word' id='word_1_53' title='bbox 361 396 395 422; x_wconf 86' lang='lat' dir='ltr'><strong>Et</strong></span> <span class='ocrx_word' id='word_1_54' title='bbox 406 400 480 429; x_wconf 91' lang='lat' dir='ltr'><strong>sunt,</strong></span> <span class='ocrx_word' id='word_1_55' title='bbox 490 396 536 431; x_wconf 91' lang='lat' dir='ltr'><strong>qui</strong></span> <span class='ocrx_word' id='word_1_56' title='bbox 548 403 658 423; x_wconf 73' lang='lat' dir='ltr'><strong>carmen</strong></span> <span class='ocrx_word' id='word_1_57' title='bbox 671 396 818 430; x_wconf 70' lang='lat' dir='ltr'><strong>elegiacum</strong></span> <span class='ocrx_word' id='word_1_58' title='bbox 830 397 892 424; x_wconf 85' lang='lat' dir='ltr'><strong>hinc</strong></span> <span class='ocrx_word' id='word_1_59' title='bbox 900 397 1003 424; x_wconf 82' lang='lat' dir='ltr'><strong>dictum</strong></span> 
     </span>
    </p>
   </div>
   <div class='ocr_carea' id='block_1_9' title="bbox 209 441 1002 478">
    <p class='ocr_par' dir='ltr' id='par_1_9' title="bbox 209 441 1002 478">
     <span class='ocr_line' id='line_1_9' title="bbox 209 441 1002 478; baseline 0 -8"><span class='ocrx_word' id='word_1_60' title='bbox 209 448 314 478; x_wconf 89' lang='lat' dir='ltr'><strong>putent.</strong></span> <span class='ocrx_word' id='word_1_61' title='bbox 340 442 485 474; x_wconf 78' lang='lat' dir='ltr'><strong>Theocles,</strong></span> <span class='ocrx_word' id='word_1_62' title='bbox 513 441 616 470; x_wconf 79' lang='lat' dir='ltr'><strong>Naxius</strong></span> <span class='ocrx_word' id='word_1_63' title='bbox 634 447 681 469; x_wconf 83' lang='lat' dir='ltr'><strong>alit</strong></span> <span class='ocrx_word' id='word_1_64' title='bbox 701 442 875 474; x_wconf 80' lang='lat' dir='ltr'><strong>Eretriensis,</strong></span> <span class='ocrx_word' id='word_1_65' title='bbox 896 443 1002 470; x_wconf 79' lang='lat' dir='ltr'><strong>insania</strong></span> 
     </span>
    </p>
   </div>
   <div class='ocr_carea' id='block_1_10' title="bbox 210 489 807 524">
    <p class='ocr_par' dir='ltr' id='par_1_10' title="bbox 210 489 807 524">
     <span class='ocr_line' id='line_1_10' title="bbox 210 489 807 524; baseline -0.002 -7"><span class='ocrx_word' id='word_1_66' title='bbox 210 493 364 524; x_wconf 78' lang='lat' dir='ltr'><strong>correptus,</strong></span> <span class='ocrx_word' id='word_1_67' title='bbox 380 496 490 516; x_wconf 80' lang='lat' dir='ltr'><strong>carmen</strong></span> <span class='ocrx_word' id='word_1_68' title='bbox 508 489 560 515; x_wconf 90' lang='lat' dir='ltr'><strong>hoc</strong></span> <span class='ocrx_word' id='word_1_69' title='bbox 575 489 680 523; x_wconf 90' lang='lat' dir='ltr'><strong>primus</strong></span> <span class='ocrx_word' id='word_1_70' title='bbox 695 489 807 516; x_wconf 84' lang='lat' dir='ltr'><strong>cecinit.</strong></span> 
     </span>
    </p>
   </div>
   <div class='ocr_carea' id='block_1_11' title="bbox 248 535 1004 572">
    <p class='ocr_par' dir='ltr' id='par_1_11' title="bbox 248 535 1004 572">
     <span class='ocr_line' id='line_1_11' title="bbox 248 535 1004 572; baseline 0.004 -10"><span class='ocrx_word' id='word_1_71' title='bbox 248 536 357 570; x_wconf 77' lang='lat' dir='ltr'><strong>Elegns,</strong></span> <span class='ocrx_word' id='word_1_72' title='bbox 367 543 478 562; x_wconf 77' lang='lat' dir='ltr'><strong>carmen</strong></span> <span class='ocrx_word' id='word_1_73' title='bbox 493 535 607 570; x_wconf 84' lang='lat' dir='ltr'><strong>lugubre</strong></span> <span class='ocrx_word' id='word_1_74' title='bbox 615 535 653 562; x_wconf 87' lang='lat' dir='ltr'><strong>sic</strong></span> <span class='ocrx_word' id='word_1_75' title='bbox 661 535 839 570; x_wconf 88' lang='lat' dir='ltr'><strong>appellatum,</strong></span> <span class='ocrx_word' id='word_1_76' title='bbox 850 536 921 571; x_wconf 85' lang='lat' dir='ltr'><strong>quod</strong></span> <span class='ocrx_word' id='word_1_77' title='bbox 932 544 1004 572; x_wconf 72' lang='lat' dir='ltr'><strong>Stepe</strong></span> 
     </span>
    </p>
   </div>
   <div class='ocr_carea' id='block_1_12' title="bbox 210 581 1000 617">
    <p class='ocr_par' dir='ltr' id='par_1_12' title="bbox 210 581 1000 617">
     <span class='ocr_line' id='line_1_12' title="bbox 210 581 1000 617; baseline 0.001 -8"><span class='ocrx_word' id='word_1_78' title='bbox 210 583 236 610; x_wconf 90' lang='lat' dir='ltr'><strong>in</strong></span> <span class='ocrx_word' id='word_1_79' title='bbox 254 590 286 610; x_wconf 86' lang='lat' dir='ltr'><strong>eo</strong></span> <span class='ocrx_word' id='word_1_80' title='bbox 303 583 316 608; x_wconf 80' lang='grc' dir='ltr'>ἑ</span> <span class='ocrx_word' id='word_1_81' title='bbox 331 583 343 608; x_wconf 75' lang='grc' dir='ltr'><strong>ἒ</strong></span> <span class='ocrx_word' id='word_1_82' title='bbox 359 583 476 610; x_wconf 89' lang='lat' dir='ltr'><strong>dicatur.</strong></span> <span class='ocrx_word' id='word_1_83' title='bbox 493 581 541 609; x_wconf 81' lang='lat' dir='ltr'><strong>Vel</strong></span> <span class='ocrx_word' id='word_1_84' title='bbox 561 582 771 610; x_wconf 86' lang='lat' dir='ltr'><strong>lamentationes</strong></span> <span class='ocrx_word' id='word_1_85' title='bbox 785 591 845 617; x_wconf 74' lang='lat' dir='ltr'><strong>qua:</strong></span> <span class='ocrx_word' id='word_1_86' title='bbox 860 583 892 610; x_wconf 83' lang='lat' dir='ltr'><strong>ad</strong></span> <span class='ocrx_word' id='word_1_87' title='bbox 906 584 1000 610; x_wconf 89' lang='lat' dir='ltr'><strong>tibiam</strong></span> 
     </span>
    </p>
   </div>
   <div class='ocr_carea' id='block_1_13' title="bbox 209 626 1004 659">
    <p class='ocr_par' dir='ltr' id='par_1_13' title="bbox 209 626 1004 659">
     <span class='ocr_line' id='line_1_13' title="bbox 209 626 1004 659; baseline 0.001 -4"><span class='ocrx_word' id='word_1_88' title='bbox 209 631 356 655; x_wconf 78' lang='lat' dir='ltr'><strong>canuntur.</strong></span> <span class='ocrx_word' id='word_1_89' title='bbox 378 626 474 654; x_wconf 85' lang='lat' dir='ltr'><strong>Postea</strong></span> <span class='ocrx_word' id='word_1_90' title='bbox 491 626 612 659; x_wconf 79' lang='lat' dir='ltr'><strong>Midiam,</strong></span> <span class='ocrx_word' id='word_1_91' title='bbox 631 626 724 654; x_wconf 87' lang='lat' dir='ltr'><strong>Gurdii</strong></span> <span class='ocrx_word' id='word_1_92' title='bbox 752 626 848 659; x_wconf 84' lang='lat' dir='ltr'><strong>lilium.</strong></span> <span class='ocrx_word' id='word_1_93' title='bbox 877 628 941 655; x_wconf 92' lang='lat' dir='ltr'><strong>dum</strong></span> <span class='ocrx_word' id='word_1_94' title='bbox 961 636 1004 656; x_wconf 87' lang='lat' dir='ltr'><strong>re-</strong></span> 
     </span>
    </p>
   </div>
   <div class='ocr_carea' id='block_1_14' title="bbox 209 671 1003 708">
    <p class='ocr_par' dir='ltr' id='par_1_14' title="bbox 209 671 1003 708">
     <span class='ocr_line' id='line_1_14' title="bbox 209 671 1003 708; baseline 0.003 -9"><span class='ocrx_word' id='word_1_95' title='bbox 209 678 315 708; x_wconf 80' lang='lat' dir='ltr'><strong>gnaret,</strong></span> <span class='ocrx_word' id='word_1_96' title='bbox 342 673 435 699; x_wconf 84' lang='lat' dir='ltr'><strong>tibiam</strong></span> <span class='ocrx_word' id='word_1_97' title='bbox 462 672 495 698; x_wconf 87' lang='lat' dir='ltr'><strong>ad</strong></span> <span class='ocrx_word' id='word_1_98' title='bbox 524 679 586 698; x_wconf 84' lang='lat' dir='ltr'><strong>aras</strong></span> <span class='ocrx_word' id='word_1_99' title='bbox 618 677 645 698; x_wconf 90' lang='lat' dir='ltr'><strong>et</strong></span> <span class='ocrx_word' id='word_1_100' title='bbox 670 671 804 699; x_wconf 87' lang='lat' dir='ltr'><strong>sacrificia</strong></span> <span class='ocrx_word' id='word_1_101' title='bbox 830 673 1003 701; x_wconf 88' lang='lat' dir='ltr'><strong>transtulisse</strong></span> 
     </span>
    </p>
   </div>
   <div class='ocr_carea' id='block_1_15' title="bbox 208 718 1001 754">
    <p class='ocr_par' dir='ltr' id='par_1_15' title="bbox 208 718 1001 754">
     <span class='ocr_line' id='line_1_15' title="bbox 208 718 1001 754; baseline 0.001 -7"><span class='ocrx_word' id='word_1_102' title='bbox 208 720 315 751; x_wconf 72' lang='lat' dir='ltr'><strong>dicunt,</strong></span> <span class='ocrx_word' id='word_1_103' title='bbox 329 719 401 754; x_wconf 85' lang='lat' dir='ltr'><strong>quod</strong></span> <span class='ocrx_word' id='word_1_104' title='bbox 424 724 537 745; x_wconf 81' lang='lat' dir='ltr'><strong>matrem</strong></span> <span class='ocrx_word' id='word_1_105' title='bbox 556 726 634 746; x_wconf 88' lang='lat' dir='ltr'><strong>suam</strong></span> <span class='ocrx_word' id='word_1_106' title='bbox 660 718 817 745; x_wconf 87' lang='lat' dir='ltr'><strong>defuttetam</strong></span> <span class='ocrx_word' id='word_1_107' title='bbox 844 719 871 745; x_wconf 96' lang='lat' dir='ltr'><strong>in</strong></span> <span class='ocrx_word' id='word_1_108' title='bbox 887 719 1001 748; x_wconf 91' lang='lat' dir='ltr'><strong>dearum</strong></span> 
     </span>
    </p>
   </div>
   <div class='ocr_carea' id='block_1_16' title="bbox 209 764 587 793">
    <p class='ocr_par' dir='ltr' id='par_1_16' title="bbox 209 764 587 793">
     <span class='ocr_line' id='line_1_16' title="bbox 209 764 587 793; baseline -0.003 0"><span class='ocrx_word' id='word_1_109' title='bbox 209 774 354 793; x_wconf 88' lang='lat' dir='ltr'><strong>numerum</strong></span> <span class='ocrx_word' id='word_1_110' title='bbox 374 764 477 792; x_wconf 77' lang='lat' dir='ltr'><strong>referre</strong></span> <span class='ocrx_word' id='word_1_111' title='bbox 498 765 587 792; x_wconf 82' lang='lat' dir='ltr'><strong>vellet.</strong></span> 
     </span>
    </p>
   </div>
   <div class='ocr_carea' id='block_1_17' title="bbox 241 811 999 846">
    <p class='ocr_par' dir='ltr' id='par_1_17' title="bbox 241 811 999 846">
     <span class='ocr_line' id='line_1_17' title="bbox 241 811 999 846; baseline 0.004 -8"><span class='ocrx_word' id='word_1_112' title='bbox 241 811 377 844; x_wconf 85' lang='lat' dir='ltr'><strong>Eleusius,</strong></span> <span class='ocrx_word' id='word_1_113' title='bbox 394 811 544 846; x_wconf 86' lang='lat' dir='ltr'><strong>Cyzicenus</strong></span> <span class='ocrx_word' id='word_1_114' title='bbox 557 815 584 838; x_wconf 91' lang='lat' dir='ltr'><strong>et</strong></span> <span class='ocrx_word' id='word_1_115' title='bbox 597 811 797 843; x_wconf 81' lang='lat' dir='ltr'><strong>Marathonius,</strong></span> <span class='ocrx_word' id='word_1_116' title='bbox 810 817 838 840; x_wconf 88' lang='lat' dir='ltr'><strong>et</strong></span> <span class='ocrx_word' id='word_1_117' title='bbox 849 812 930 840; x_wconf 86' lang='lat' dir='ltr'><strong>CPoI.</strong></span> <span class='ocrx_word' id='word_1_118' title='bbox 946 821 999 841; x_wconf 93' lang='lat' dir='ltr'><strong>non</strong></span> 
     </span>
    </p>
   </div>
   <div class='ocr_carea' id='block_1_18' title="bbox 1056 261 1746 297">
    <p class='ocr_par' dir='ltr' id='par_1_18' title="bbox 1056 261 1746 297">
     <span class='ocr_line' id='line_1_18' title="bbox 1056 261 1746 297; baseline 0.007 -9"><span class='ocrx_word' id='word_1_119' title='bbox 1056 261 1193 289; x_wconf 79' lang='lat' dir='ltr'><strong>habebant</strong></span> <span class='ocrx_word' id='word_1_120' title='bbox 1207 269 1237 289; x_wconf 89' lang='lat' dir='ltr'><strong>ea</strong></span> <span class='ocrx_word' id='word_1_121' title='bbox 1250 269 1312 297; x_wconf 67' lang='lat' dir='ltr'><strong>qua:</strong></span> <span class='ocrx_word' id='word_1_122' title='bbox 1324 271 1397 290; x_wconf 91' lang='lat' dir='ltr'><strong>nunc</strong></span> <span class='ocrx_word' id='word_1_123' title='bbox 1411 263 1438 290; x_wconf 93' lang='lat' dir='ltr'><strong>in</strong></span> <span class='ocrx_word' id='word_1_124' title='bbox 1452 263 1560 290; x_wconf 86' lang='lat' dir='ltr'><strong>tabellis</strong></span> <span class='ocrx_word' id='word_1_125' title='bbox 1575 265 1746 293; x_wconf 90' lang='lat' dir='ltr'><strong>scribuntur.</strong></span> 
     </span>
    </p>
   </div>
   <div class='ocr_carea' id='block_1_19' title="bbox 1095 308 1846 346">
    <p class='ocr_par' dir='ltr' id='par_1_19' title="bbox 1095 308 1846 346">
     <span class='ocr_line' id='line_1_19' title="bbox 1095 308 1846 346; baseline 0.005 -11"><span class='ocrx_word' id='word_1_126' title='bbox 1095 308 1310 343; x_wconf 85' lang='lat' dir='ltr'><strong>Epaphroditus,</strong></span> <span class='ocrx_word' id='word_1_127' title='bbox 1330 309 1534 343; x_wconf 69' lang='lat' dir='ltr'><strong>Chreronensis,</strong></span> <span class='ocrx_word' id='word_1_128' title='bbox 1560 312 1770 346; x_wconf 78' lang='lat' dir='ltr'><strong>grammaticus,</strong></span> <span class='ocrx_word' id='word_1_129' title='bbox 1793 313 1846 339; x_wconf 81' lang='lat' dir='ltr'><strong>Ar-</strong></span> 
     </span>
    </p>
   </div>
   <div class='ocr_carea' id='block_1_20' title="bbox 1055 355 1846 394">
    <p class='ocr_par' dir='ltr' id='par_1_20' title="bbox 1055 355 1846 394">
     <span class='ocr_line' id='line_1_20' title="bbox 1055 355 1846 394; baseline 0.005 -12"><span class='ocrx_word' id='word_1_130' title='bbox 1055 355 1135 387; x_wconf 76' lang='lat' dir='ltr'><strong>chiae,</strong></span> <span class='ocrx_word' id='word_1_131' title='bbox 1147 357 1337 389; x_wconf 77' lang='lat' dir='ltr'><strong>Alexandrini,</strong></span> <span class='ocrx_word' id='word_1_132' title='bbox 1352 358 1535 392; x_wconf 79' lang='lat' dir='ltr'><strong>grammatici,</strong></span> <span class='ocrx_word' id='word_1_133' title='bbox 1545 358 1674 386; x_wconf 88' lang='lat' dir='ltr'><strong>alumnus</strong></span> <span class='ocrx_word' id='word_1_134' title='bbox 1686 359 1758 394; x_wconf 86' lang='lat' dir='ltr'><strong>apud</strong></span> <span class='ocrx_word' id='word_1_135' title='bbox 1772 367 1846 394; x_wconf 85' lang='lat' dir='ltr'><strong>quem</strong></span> 
     </span>
    </p>
   </div>
   <div class='ocr_carea' id='block_1_21' title="bbox 1055 401 1845 440">
    <p class='ocr_par' dir='ltr' id='par_1_21' title="bbox 1055 401 1845 440">
     <span class='ocr_line' id='line_1_21' title="bbox 1055 401 1845 440; baseline 0.006 -12"><span class='ocrx_word' id='word_1_136' title='bbox 1055 401 1208 435; x_wconf 86' lang='lat' dir='ltr'><strong>institutus,</strong></span> <span class='ocrx_word' id='word_1_137' title='bbox 1224 411 1239 430; x_wconf 85' lang='lat' dir='ltr'><strong>a</strong></span> <span class='ocrx_word' id='word_1_138' title='bbox 1254 403 1385 439; x_wconf 77' lang='lat' dir='ltr'><strong>Modesto,</strong></span> <span class='ocrx_word' id='word_1_139' title='bbox 1400 404 1509 440; x_wconf 67' lang='lat' dir='ltr'><strong>[Egypli</strong></span> <span class='ocrx_word' id='word_1_140' title='bbox 1523 404 1663 439; x_wconf 63' lang='lat' dir='ltr'><strong>prmfecto,</strong></span> <span class='ocrx_word' id='word_1_141' title='bbox 1676 410 1787 439; x_wconf 85' lang='lat' dir='ltr'><strong>emptus</strong></span> <span class='ocrx_word' id='word_1_142' title='bbox 1798 411 1845 436; x_wconf 79' lang='lat' dir='ltr'><strong>est,</strong></span> 
     </span>
    </p>
   </div>
   <div class='ocr_carea' id='block_1_22' title="bbox 1054 447 1844 483">
    <p class='ocr_par' dir='ltr' id='par_1_22' title="bbox 1054 447 1844 483">
     <span class='ocr_line' id='line_1_22' title="bbox 1054 447 1844 483; baseline 0.006 -9"><span class='ocrx_word' id='word_1_143' title='bbox 1054 447 1134 483; x_wconf 76' lang='lat' dir='ltr'><strong>cujus</strong></span> <span class='ocrx_word' id='word_1_144' title='bbox 1161 449 1247 476; x_wconf 92' lang='lat' dir='ltr'><strong>lilium</strong></span> <span class='ocrx_word' id='word_1_145' title='bbox 1276 450 1425 477; x_wconf 85' lang='lat' dir='ltr'><strong>Pitelinum</strong></span> <span class='ocrx_word' id='word_1_146' title='bbox 1455 450 1585 478; x_wconf 89' lang='lat' dir='ltr'><strong>instituit.</strong></span> <span class='ocrx_word' id='word_1_147' title='bbox 1621 450 1729 478; x_wconf 86' lang='lat' dir='ltr'><strong>Claruit</strong></span> <span class='ocrx_word' id='word_1_148' title='bbox 1758 451 1844 479; x_wconf 77' lang='lat' dir='ltr'><strong>Roma:</strong></span> 
     </span>
    </p>
   </div>
   <div class='ocr_carea' id='block_1_23' title="bbox 1054 495 1845 533">
    <p class='ocr_par' dir='ltr' id='par_1_23' title="bbox 1054 495 1845 533">
     <span class='ocr_line' id='line_1_23' title="bbox 1054 495 1845 533; baseline 0.005 -11"><span class='ocrx_word' id='word_1_149' title='bbox 1054 499 1177 530; x_wconf 88' lang='lat' dir='ltr'><strong>tempore</strong></span> <span class='ocrx_word' id='word_1_150' title='bbox 1191 495 1308 523; x_wconf 82' lang='lat' dir='ltr'><strong>Nemnis</strong></span> <span class='ocrx_word' id='word_1_151' title='bbox 1321 496 1354 523; x_wconf 88' lang='lat' dir='ltr'><strong>ad</strong></span> <span class='ocrx_word' id='word_1_152' title='bbox 1368 496 1485 524; x_wconf 81' lang='lat' dir='ltr'><strong>Nervam</strong></span> <span class='ocrx_word' id='word_1_153' title='bbox 1499 505 1587 532; x_wconf 87' lang='lat' dir='ltr'><strong>usque</strong></span> <span class='ocrx_word' id='word_1_154' title='bbox 1602 506 1608 524; x_wconf 87' lang='lat'><strong>:</strong></span> <span class='ocrx_word' id='word_1_155' title='bbox 1621 505 1677 532; x_wconf 89' lang='lat' dir='ltr'><strong>quo</strong></span> <span class='ocrx_word' id='word_1_156' title='bbox 1692 502 1811 533; x_wconf 81' lang='lat' dir='ltr'><strong>tempore</strong></span> <span class='ocrx_word' id='word_1_157' title='bbox 1821 504 1845 526; x_wconf 88' lang='lat' dir='ltr'><strong>et</strong></span> 
     </span>
    </p>
   </div>
   <div class='ocr_carea' id='block_1_24' title="bbox 1055 541 1843 578">
    <p class='ocr_par' dir='ltr' id='par_1_24' title="bbox 1055 541 1843 578">
     <span class='ocr_line' id='line_1_24' title="bbox 1055 541 1843 578; baseline 0.004 -10"><span class='ocrx_word' id='word_1_158' title='bbox 1055 541 1217 570; x_wconf 65' lang='lat' dir='ltr'><strong>Ptolemaeus</strong></span> <span class='ocrx_word' id='word_1_159' title='bbox 1228 542 1428 578; x_wconf 67' lang='lat' dir='ltr'><strong>IIephrestionis</strong></span> <span class='ocrx_word' id='word_1_160' title='bbox 1438 544 1510 571; x_wconf 78' lang='lat' dir='ltr'><strong>illius</strong></span> <span class='ocrx_word' id='word_1_161' title='bbox 1522 545 1598 576; x_wconf 77' lang='lat' dir='ltr'><strong>vixit,</strong></span> <span class='ocrx_word' id='word_1_162' title='bbox 1609 550 1636 571; x_wconf 81' lang='lat' dir='ltr'><strong>et</strong></span> <span class='ocrx_word' id='word_1_163' title='bbox 1650 545 1729 571; x_wconf 88' lang='lat' dir='ltr'><strong>multi</strong></span> <span class='ocrx_word' id='word_1_164' title='bbox 1743 545 1789 571; x_wconf 86' lang='lat' dir='ltr'><strong>alii</strong></span> <span class='ocrx_word' id='word_1_165' title='bbox 1798 545 1843 572; x_wconf 82' lang='lat' dir='ltr'><strong>viri</strong></span> 
     </span>
    </p>
   </div>
   <div class='ocr_carea' id='block_1_25' title="bbox 1053 588 1843 627">
    <p class='ocr_par' dir='ltr' id='par_1_25' title="bbox 1053 588 1843 627">
     <span class='ocr_line' id='line_1_25' title="bbox 1053 588 1843 627; baseline 0.006 -14"><span class='ocrx_word' id='word_1_166' title='bbox 1053 588 1177 614; x_wconf 79' lang='lat' dir='ltr'><strong>doctrina</strong></span> <span class='ocrx_word' id='word_1_167' title='bbox 1196 589 1274 615; x_wconf 87' lang='lat' dir='ltr'><strong>clari.</strong></span> <span class='ocrx_word' id='word_1_168' title='bbox 1298 589 1370 616; x_wconf 88' lang='lat' dir='ltr'><strong>Idem</strong></span> <span class='ocrx_word' id='word_1_169' title='bbox 1385 591 1543 619; x_wconf 84' lang='lat' dir='ltr'><strong>cutulibros</strong></span> <span class='ocrx_word' id='word_1_170' title='bbox 1562 592 1680 627; x_wconf 68' lang='lat' dir='ltr'><strong>subinde</strong></span> <span class='ocrx_word' id='word_1_171' title='bbox 1697 593 1843 624; x_wconf 63' lang='lat' dir='ltr'><strong>emeret,“</strong></span> 
     </span>
    </p>
   </div>
   <div class='ocr_carea' id='block_1_26' title="bbox 1054 633 1844 672">
    <p class='ocr_par' dir='ltr' id='par_1_26' title="bbox 1054 633 1844 672">
     <span class='ocr_line' id='line_1_26' title="bbox 1054 633 1844 672; baseline 0.008 -13"><span class='ocrx_word' id='word_1_172' title='bbox 1054 633 1125 660; x_wconf 75' lang='lat' dir='ltr'><strong>XXX</strong></span> <span class='ocrx_word' id='word_1_173' title='bbox 1143 634 1215 661; x_wconf 90' lang='lat' dir='ltr'><strong>mille</strong></span> <span class='ocrx_word' id='word_1_174' title='bbox 1231 635 1282 662; x_wconf 83' lang='lat' dir='ltr'><strong>sibi</strong></span> <span class='ocrx_word' id='word_1_175' title='bbox 1297 637 1477 671; x_wconf 75' lang='lat' dir='ltr'><strong>comparavit,</strong></span> <span class='ocrx_word' id='word_1_176' title='bbox 1489 645 1592 672; x_wconf 87' lang='lat' dir='ltr'><strong>eosque</strong></span> <span class='ocrx_word' id='word_1_177' title='bbox 1605 639 1692 665; x_wconf 85' lang='lat' dir='ltr'><strong>bonos</strong></span> <span class='ocrx_word' id='word_1_178' title='bbox 1702 643 1729 665; x_wconf 88' lang='lat' dir='ltr'><strong>et</strong></span> <span class='ocrx_word' id='word_1_179' title='bbox 1738 638 1844 665; x_wconf 81' lang='lat' dir='ltr'><strong>minime</strong></span> 
     </span>
    </p>
   </div>
   <div class='ocr_carea' id='block_1_27' title="bbox 1054 679 1843 719">
    <p class='ocr_par' dir='ltr' id='par_1_27' title="bbox 1054 679 1843 719">
     <span class='ocr_line' id='line_1_27' title="bbox 1054 679 1843 719; baseline 0.009 -14"><span class='ocrx_word' id='word_1_180' title='bbox 1054 679 1191 714; x_wconf 77' lang='lat' dir='ltr'><strong>vulgares.</strong></span> <span class='ocrx_word' id='word_1_181' title='bbox 1211 680 1331 715; x_wconf 85' lang='lat' dir='ltr'><strong>Corpore</strong></span> <span class='ocrx_word' id='word_1_182' title='bbox 1356 681 1407 709; x_wconf 88' lang='lat' dir='ltr'><strong>fuit</strong></span> <span class='ocrx_word' id='word_1_183' title='bbox 1434 690 1534 718; x_wconf 75' lang='lat' dir='ltr'><strong>magno</strong></span> <span class='ocrx_word' id='word_1_184' title='bbox 1549 689 1575 710; x_wconf 83' lang='lat' dir='ltr'><strong>et</strong></span> <span class='ocrx_word' id='word_1_185' title='bbox 1596 685 1676 719; x_wconf 74' lang='lat' dir='ltr'><strong>nigro</strong></span> <span class='ocrx_word' id='word_1_186' title='bbox 1693 685 1779 712; x_wconf 85' lang='lat' dir='ltr'><strong>instar</strong></span> <span class='ocrx_word' id='word_1_187' title='bbox 1792 684 1843 712; x_wconf 76' lang='lat' dir='ltr'><strong>ele-</strong></span> 
     </span>
    </p>
   </div>
   <div class='ocr_carea' id='block_1_28' title="bbox 1052 725 1843 764">
    <p class='ocr_par' dir='ltr' id='par_1_28' title="bbox 1052 725 1843 764">
     <span class='ocr_line' id='line_1_28' title="bbox 1052 725 1843 764; baseline 0.008 -12"><span class='ocrx_word' id='word_1_188' title='bbox 1052 725 1189 760; x_wconf 84' lang='lat' dir='ltr'><strong>phantiaci</strong></span> <span class='ocrx_word' id='word_1_189' title='bbox 1206 727 1253 762; x_wconf 85' lang='grc' dir='ltr'><strong>(ὠς</strong></span> <span class='ocrx_word' id='word_1_190' title='bbox 1268 728 1481 764; x_wconf 50' lang='lat' dir='ltr'><strong>memet“).</strong></span> <span class='ocrx_word' id='word_1_191' title='bbox 1503 730 1643 758; x_wconf 68' lang='lat' dir='ltr'><strong>IIIltitavit</strong></span> <span class='ocrx_word' id='word_1_192' title='bbox 1672 731 1700 757; x_wconf 93' lang='lat' dir='ltr'><strong>iu</strong></span> <span class='ocrx_word' id='word_1_193' title='bbox 1725 730 1843 758; x_wconf 60' lang='lat' dir='ltr'><strong>Phania-</strong></span> 
     </span>
    </p>
   </div>
   <div class='ocr_carea' id='block_1_29' title="bbox 1053 772 1842 812">
    <p class='ocr_par' dir='ltr' id='par_1_29' title="bbox 1053 772 1842 812">
     <span class='ocr_line' id='line_1_29' title="bbox 1053 772 1842 812; baseline 0.011 -16"><span class='ocrx_word' id='word_1_194' title='bbox 1053 772 1184 804; x_wconf 89' lang='lat' dir='ltr'><strong>uocoriis,</strong></span> <span class='ocrx_word' id='word_1_195' title='bbox 1211 772 1257 799; x_wconf 92' lang='lat' dir='ltr'><strong>ubi</strong></span> <span class='ocrx_word' id='word_1_196' title='bbox 1291 773 1370 802; x_wconf 86' lang='lat' dir='ltr'><strong>binas</strong></span> <span class='ocrx_word' id='word_1_197' title='bbox 1385 775 1458 802; x_wconf 59' lang='lat' dir='ltr'><strong>ardes</strong></span> <span class='ocrx_word' id='word_1_198' title='bbox 1488 775 1596 802; x_wconf 73' lang='lat' dir='ltr'><strong>habuit.</strong></span> <span class='ocrx_word' id='word_1_199' title='bbox 1630 776 1753 804; x_wconf 76' lang='lat' dir='ltr'><strong>Decessit</strong></span> <span class='ocrx_word' id='word_1_200' title='bbox 1777 785 1842 812; x_wconf 80' lang='lat' dir='ltr'><strong>aqua</strong></span> 
     </span>
    </p>
   </div>
   <div class='ocr_carea' id='block_1_30' title="bbox 1052 818 1841 860">
    <p class='ocr_par' dir='ltr' id='par_1_30' title="bbox 1052 818 1841 860">
     <span class='ocr_line' id='line_1_30' title="bbox 1052 818 1841 860; baseline 0.01 -16"><span class='ocrx_word' id='word_1_201' title='bbox 1052 818 1198 851; x_wconf 79' lang='lat' dir='ltr'><strong>intercute,</strong></span> <span class='ocrx_word' id='word_1_202' title='bbox 1227 826 1329 847; x_wconf 86' lang='lat' dir='ltr'><strong>annum</strong></span> <span class='ocrx_word' id='word_1_203' title='bbox 1351 829 1434 856; x_wconf 80' lang='lat' dir='ltr'><strong>agens</strong></span> <span class='ocrx_word' id='word_1_204' title='bbox 1456 821 1561 856; x_wconf 76' lang='lat' dir='ltr'><strong>LXXV,</strong></span> <span class='ocrx_word' id='word_1_205' title='bbox 1591 823 1734 860; x_wconf 88' lang='lat' dir='ltr'><strong>multaque</strong></span> <span class='ocrx_word' id='word_1_206' title='bbox 1747 825 1841 860; x_wconf 85' lang='lat' dir='ltr'><strong>scripta</strong></span> 
     </span>
    </p>
   </div>
   <div class='ocr_carea' id='block_1_31' title="bbox 206 851 1538 905">
    <p class='ocr_par' dir='ltr' id='par_1_31' title="bbox 206 851 1538 905">
     <span class='ocr_line' id='line_1_31' title="bbox 206 851 1538 905; baseline 0.002 -19"><span class='ocrx_word' id='word_1_207' title='bbox 206 859 315 895; x_wconf 81' lang='lat' dir='ltr'><strong>quidem</strong></span> <span class='ocrx_word' id='word_1_208' title='bbox 334 867 430 894; x_wconf 78' lang='lat' dir='ltr'><strong>magna</strong></span> <span class='ocrx_word' id='word_1_209' title='bbox 445 859 551 886; x_wconf 73' lang='lat' dir='ltr'><strong>dicendi</strong></span> <span class='ocrx_word' id='word_1_210' title='bbox 570 858 700 885; x_wconf 81' lang='lat' dir='ltr'><strong>facultate</strong></span> <span class='ocrx_word' id='word_1_211' title='bbox 724 859 845 893; x_wconf 61' lang='lat' dir='ltr'><strong>praediti,</strong></span> <span class='ocrx_word' id='word_1_212' title='bbox 873 859 921 887; x_wconf 88' lang='lat' dir='ltr'><strong>sed</strong></span> <span class='ocrx_word' id='word_1_213' title='bbox 948 867 999 887; x_wconf 87' lang='lat' dir='ltr'><strong>au-</strong></span> <span class='ocrx_word' id='word_1_214' title='bbox 1016 851 1038 878; x_wconf 78' lang='grc' dir='ltr'><strong>Β</strong></span> <span class='ocrx_word' id='word_1_215' title='bbox 1053 866 1173 901; x_wconf 48' lang='lat' dir='ltr'><strong>reliquit,</strong></span> <span class='ocrx_word' id='word_1_216' title='bbox 1190 866 1223 894; x_wconf 72' lang='grc' dir='ltr'><strong>ν,</strong></span> <span class='ocrx_word' id='word_1_217' title='bbox 1240 873 1332 895; x_wconf 70' lang='lat' dir='ltr'><strong>&quot;mam</strong></span> <span class='ocrx_word' id='word_1_218' title='bbox 1353 851 1456 905; x_wconf 36' lang='lat' dir='ltr'><strong>apag,</strong></span> <span class='ocrx_word' id='word_1_219' title='bbox 1477 870 1538 898; x_wconf 48' lang='lat'><strong>790.</strong></span> 
     </span>
    </p>
   </div>
   <div class='ocr_carea' id='block_1_32' title="bbox 205 904 999 940">
    <p class='ocr_par' dir='ltr' id='par_1_32' title="bbox 205 904 999 940">
     <span class='ocr_line' id='line_1_32' title="bbox 205 904 999 940; baseline 0 -7"><span class='ocrx_word' id='word_1_220' title='bbox 205 911 279 933; x_wconf 86' lang='lat' dir='ltr'><strong>stero</strong></span> <span class='ocrx_word' id='word_1_221' title='bbox 301 906 362 932; x_wconf 65' lang='lat' dir='ltr'><strong>vitae</strong></span> <span class='ocrx_word' id='word_1_222' title='bbox 389 913 487 940; x_wconf 81' lang='lat' dir='ltr'><strong>genere</strong></span> <span class='ocrx_word' id='word_1_223' title='bbox 515 909 541 932; x_wconf 88' lang='lat' dir='ltr'><strong>et</strong></span> <span class='ocrx_word' id='word_1_224' title='bbox 564 904 633 931; x_wconf 68' lang='lat' dir='ltr'><strong>ﬁctae</strong></span> <span class='ocrx_word' id='word_1_225' title='bbox 658 904 800 932; x_wconf 70' lang='lat' dir='ltr'><strong>modestia:</strong></span> <span class='ocrx_word' id='word_1_226' title='bbox 825 905 999 933; x_wconf 80' lang='lat' dir='ltr'><strong>simulatione</strong></span> 
     </span>
    </p>
   </div>
   <div class='ocr_carea' id='block_1_33' title="bbox 205 951 999 988">
    <p class='ocr_par' dir='ltr' id='par_1_33' title="bbox 205 951 999 988">
     <span class='ocr_line' id='line_1_33' title="bbox 205 951 999 988; baseline -0.003 -8"><span class='ocrx_word' id='word_1_227' title='bbox 205 961 332 988; x_wconf 84' lang='lat' dir='ltr'><strong>magnam</strong></span> <span class='ocrx_word' id='word_1_228' title='bbox 355 952 446 988; x_wconf 79' lang='lat' dir='ltr'><strong>adepti</strong></span> <span class='ocrx_word' id='word_1_229' title='bbox 465 952 670 983; x_wconf 87' lang='lat' dir='ltr'><strong>auctoritatem,</strong></span> <span class='ocrx_word' id='word_1_230' title='bbox 694 951 829 987; x_wconf 87' lang='lat' dir='ltr'><strong>plurimos</strong></span> <span class='ocrx_word' id='word_1_231' title='bbox 849 956 999 980; x_wconf 83' lang='lat' dir='ltr'><strong>sectatores</strong></span> 
     </span>
    </p>
   </div>
   <div class='ocr_carea' id='block_1_34' title="bbox 204 996 997 1032">
    <p class='ocr_par' dir='ltr' id='par_1_34' title="bbox 204 996 997 1032">
     <span class='ocr_line' id='line_1_34' title="bbox 204 996 997 1032; baseline -0.003 -7"><span class='ocrx_word' id='word_1_232' title='bbox 204 998 254 1026; x_wconf 80' lang='lat' dir='ltr'><strong>sibi</strong></span> <span class='ocrx_word' id='word_1_233' title='bbox 273 997 456 1025; x_wconf 86' lang='lat' dir='ltr'><strong>conciliarunt</strong></span> <span class='ocrx_word' id='word_1_234' title='bbox 479 1002 506 1024; x_wconf 91' lang='lat' dir='ltr'><strong>et</strong></span> <span class='ocrx_word' id='word_1_235' title='bbox 524 997 702 1029; x_wconf 77' lang='lat' dir='ltr'><strong>monasteria,</strong></span> <span class='ocrx_word' id='word_1_236' title='bbox 731 996 835 1032; x_wconf 78' lang='lat' dir='ltr'><strong>ingenti</strong></span> <span class='ocrx_word' id='word_1_237' title='bbox 854 997 997 1024; x_wconf 92' lang='lat' dir='ltr'><strong>hominum</strong></span> 
     </span>
    </p>
   </div>
   <div class='ocr_carea' id='block_1_35' title="bbox 204 1043 973 1078">
    <p class='ocr_par' dir='ltr' id='par_1_35' title="bbox 204 1043 973 1078">
     <span class='ocr_line' id='line_1_35' title="bbox 204 1043 973 1078; baseline -0.003 -7"><span class='ocrx_word' id='word_1_238' title='bbox 204 1045 349 1078; x_wconf 73' lang='lat' dir='ltr'><strong>utriusque</strong></span> <span class='ocrx_word' id='word_1_239' title='bbox 365 1052 447 1070; x_wconf 74' lang='lat' dir='ltr'><strong>sexus</strong></span> <span class='ocrx_word' id='word_1_240' title='bbox 461 1043 638 1070; x_wconf 87' lang='lat' dir='ltr'><strong>multitudine</strong></span> <span class='ocrx_word' id='word_1_241' title='bbox 651 1043 764 1076; x_wconf 84' lang='lat' dir='ltr'><strong>referta,</strong></span> <span class='ocrx_word' id='word_1_242' title='bbox 784 1043 973 1071; x_wconf 88' lang='lat' dir='ltr'><strong>instituerunt.</strong></span> 
     </span>
    </p>
   </div>
   <div class='ocr_carea' id='block_1_36' title="bbox 241 1088 995 1124">
    <p class='ocr_par' dir='ltr' id='par_1_36' title="bbox 241 1088 995 1124">
     <span class='ocr_line' id='line_1_36' title="bbox 241 1088 995 1124; baseline -0.001 -8"><span class='ocrx_word' id='word_1_243' title='bbox 241 1090 427 1124; x_wconf 69' lang='lat' dir='ltr'><strong>Erupedocles,</strong></span> <span class='ocrx_word' id='word_1_244' title='bbox 447 1089 573 1121; x_wconf 73' lang='lat' dir='ltr'><strong>Metonis,</strong></span> <span class='ocrx_word' id='word_1_245' title='bbox 596 1089 637 1115; x_wconf 92' lang='lat' dir='ltr'><strong>vcl</strong></span> <span class='ocrx_word' id='word_1_246' title='bbox 652 1089 829 1118; x_wconf 83' lang='lat' dir='ltr'><strong>Archinomi.</strong></span> <span class='ocrx_word' id='word_1_247' title='bbox 844 1089 885 1116; x_wconf 89' lang='lat' dir='ltr'><strong>vel</strong></span> <span class='ocrx_word' id='word_1_248' title='bbox 899 1088 995 1116; x_wconf 75' lang='lat' dir='ltr'><strong>Xeneti</strong></span> 
     </span>
    </p>
   </div>
   <div class='ocr_carea' id='block_1_37' title="bbox 203 1134 996 1170">
    <p class='ocr_par' dir='ltr' id='par_1_37' title="bbox 203 1134 996 1170">
     <span class='ocr_line' id='line_1_37' title="bbox 203 1134 996 1170; baseline -0.003 -7"><span class='ocrx_word' id='word_1_249' title='bbox 203 1135 247 1168; x_wconf 85' lang='lat' dir='ltr'><strong>F.,</strong></span> <span class='ocrx_word' id='word_1_250' title='bbox 269 1134 352 1162; x_wconf 80' lang='lat' dir='ltr'><strong>frater</strong></span> <span class='ocrx_word' id='word_1_251' title='bbox 369 1134 562 1166; x_wconf 77' lang='lat' dir='ltr'><strong>Callirratidis,</strong></span> <span class='ocrx_word' id='word_1_252' title='bbox 573 1134 661 1170; x_wconf 89' lang='lat' dir='ltr'><strong>primo</strong></span> <span class='ocrx_word' id='word_1_253' title='bbox 677 1135 781 1162; x_wconf 90' lang='lat' dir='ltr'><strong>audivit</strong></span> <span class='ocrx_word' id='word_1_254' title='bbox 794 1134 996 1167; x_wconf 87' lang='lat' dir='ltr'><strong>Parmenidem,</strong></span> 
     </span>
    </p>
   </div>
   <div class='ocr_carea' id='block_1_38' title="bbox 202 1180 995 1217">
    <p class='ocr_par' dir='ltr' id='par_1_38' title="bbox 202 1180 995 1217">
     <span class='ocr_line' id='line_1_38' title="bbox 202 1180 995 1217; baseline -0.003 -8"><span class='ocrx_word' id='word_1_255' title='bbox 202 1182 282 1217; x_wconf 88' lang='lat' dir='ltr'><strong>cujus</strong></span> <span class='ocrx_word' id='word_1_256' title='bbox 298 1183 391 1215; x_wconf 88' lang='lat' dir='ltr'><strong>etiam,</strong></span> <span class='ocrx_word' id='word_1_257' title='bbox 406 1187 435 1208; x_wconf 91' lang='lat' dir='ltr'><strong>ut</strong></span> <span class='ocrx_word' id='word_1_258' title='bbox 447 1181 615 1217; x_wconf 78' lang='lat' dir='ltr'><strong>Porphyrius</strong></span> <span class='ocrx_word' id='word_1_259' title='bbox 631 1181 657 1207; x_wconf 95' lang='lat' dir='ltr'><strong>in</strong></span> <span class='ocrx_word' id='word_1_260' title='bbox 674 1180 793 1208; x_wconf 83' lang='lat' dir='ltr'><strong>Ilisturia</strong></span> <span class='ocrx_word' id='word_1_261' title='bbox 808 1181 995 1216; x_wconf 86' lang='lat' dir='ltr'><strong>philosophica</strong></span> 
     </span>
    </p>
   </div>
   <div class='ocr_carea' id='block_1_39' title="bbox 201 1227 996 1263">
    <p class='ocr_par' dir='ltr' id='par_1_39' title="bbox 201 1227 996 1263">
     <span class='ocr_line' id='line_1_39' title="bbox 201 1227 996 1263; baseline -0.003 -7"><span class='ocrx_word' id='word_1_262' title='bbox 201 1235 299 1256; x_wconf 87' lang='lat' dir='ltr'><strong>anetor</strong></span> <span class='ocrx_word' id='word_1_263' title='bbox 312 1233 364 1260; x_wconf 87' lang='lat' dir='ltr'><strong>cst,</strong></span> <span class='ocrx_word' id='word_1_264' title='bbox 382 1228 504 1255; x_wconf 83' lang='lat' dir='ltr'><strong>amasius</strong></span> <span class='ocrx_word' id='word_1_265' title='bbox 520 1228 581 1254; x_wconf 88' lang='lat' dir='ltr'><strong>fuit.</strong></span> <span class='ocrx_word' id='word_1_266' title='bbox 599 1227 652 1254; x_wconf 82' lang='lat' dir='ltr'><strong>Alii</strong></span> <span class='ocrx_word' id='word_1_267' title='bbox 672 1228 750 1255; x_wconf 88' lang='lat' dir='ltr'><strong>aiunt</strong></span> <span class='ocrx_word' id='word_1_268' title='bbox 767 1227 854 1255; x_wconf 80' lang='lat' dir='ltr'><strong>fuisse</strong></span> <span class='ocrx_word' id='word_1_269' title='bbox 867 1227 996 1263; x_wconf 84' lang='lat' dir='ltr'><strong>Telaugis</strong></span> 
     </span>
    </p>
   </div>
   <div class='ocr_carea' id='block_1_40' title="bbox 201 1273 996 1308">
    <p class='ocr_par' dir='ltr' id='par_1_40' title="bbox 201 1273 996 1308">
     <span class='ocr_line' id='line_1_40' title="bbox 201 1273 996 1308; baseline -0.001 -8"><span class='ocrx_word' id='word_1_270' title='bbox 201 1274 376 1308; x_wconf 83' lang='lat' dir='ltr'><strong>discipulum,</strong></span> <span class='ocrx_word' id='word_1_271' title='bbox 394 1273 558 1308; x_wconf 78' lang='lat' dir='ltr'><strong>Pythagorae</strong></span> <span class='ocrx_word' id='word_1_272' title='bbox 578 1273 635 1300; x_wconf 87' lang='lat' dir='ltr'><strong>filii.</strong></span> <span class='ocrx_word' id='word_1_273' title='bbox 650 1273 857 1308; x_wconf 72' lang='lat' dir='ltr'><strong>Agrigentinus,</strong></span> <span class='ocrx_word' id='word_1_274' title='bbox 875 1273 996 1308; x_wconf 84' lang='lat' dir='ltr'><strong>philoso-</strong></span> 
     </span>
    </p>
   </div>
   <div class='ocr_carea' id='block_1_41' title="bbox 201 1318 993 1356">
    <p class='ocr_par' dir='ltr' id='par_1_41' title="bbox 201 1318 993 1356">
     <span class='ocr_line' id='line_1_41' title="bbox 201 1318 993 1356; baseline 0 -10"><span class='ocrx_word' id='word_1_275' title='bbox 201 1321 272 1356; x_wconf 87' lang='lat' dir='ltr'><strong>phus</strong></span> <span class='ocrx_word' id='word_1_276' title='bbox 288 1320 430 1355; x_wconf 82' lang='lat' dir='ltr'><strong>physicus,</strong></span> <span class='ocrx_word' id='word_1_277' title='bbox 446 1318 608 1354; x_wconf 68' lang='lat' dir='ltr'><strong>Pythagorae</strong></span> <span class='ocrx_word' id='word_1_278' title='bbox 627 1325 731 1346; x_wconf 83' lang='lat' dir='ltr'><strong>sectam</strong></span> <span class='ocrx_word' id='word_1_279' title='bbox 761 1324 884 1351; x_wconf 84' lang='lat' dir='ltr'><strong>secutus,</strong></span> <span class='ocrx_word' id='word_1_280' title='bbox 912 1326 993 1353; x_wconf 88' lang='lat' dir='ltr'><strong>quam</strong></span> 
     </span>
    </p>
   </div>
   <div class='ocr_carea' id='block_1_42' title="bbox 200 1365 993 1401">
    <p class='ocr_par' dir='ltr' id='par_1_42' title="bbox 200 1365 993 1401">
     <span class='ocr_line' id='line_1_42' title="bbox 200 1365 993 1401; baseline -0.001 -8"><span class='ocrx_word' id='word_1_281' title='bbox 200 1367 283 1394; x_wconf 85' lang='lat' dir='ltr'><strong>etiam</strong></span> <span class='ocrx_word' id='word_1_282' title='bbox 301 1366 496 1393; x_wconf 75' lang='lat' dir='ltr'><strong>temnlatusest</strong></span> <span class='ocrx_word' id='word_1_283' title='bbox 511 1365 672 1400; x_wconf 83' lang='lat' dir='ltr'><strong>Apollonius</strong></span> <span class='ocrx_word' id='word_1_284' title='bbox 682 1365 822 1401; x_wconf 83' lang='lat' dir='ltr'><strong>Tyaneus,</strong></span> <span class='ocrx_word' id='word_1_285' title='bbox 839 1370 891 1394; x_wconf 85' lang='lat' dir='ltr'><strong>etc.</strong></span> <span class='ocrx_word' id='word_1_286' title='bbox 904 1365 993 1393; x_wconf 84' lang='lat' dir='ltr'><strong>Disci—</strong></span> 
     </span>
    </p>
   </div>
   <div class='ocr_carea' id='block_1_43' title="bbox 200 1411 993 1447">
    <p class='ocr_par' dir='ltr' id='par_1_43' title="bbox 200 1411 993 1447">
     <span class='ocr_line' id='line_1_43' title="bbox 200 1411 993 1447; baseline 0.001 -9"><span class='ocrx_word' id='word_1_287' title='bbox 200 1413 295 1447; x_wconf 88' lang='lat' dir='ltr'><strong>pulum</strong></span> <span class='ocrx_word' id='word_1_288' title='bbox 308 1413 402 1439; x_wconf 91' lang='lat' dir='ltr'><strong>habuit</strong></span> <span class='ocrx_word' id='word_1_289' title='bbox 417 1412 555 1446; x_wconf 84' lang='lat' dir='ltr'><strong>Gorgiam,</strong></span> <span class='ocrx_word' id='word_1_290' title='bbox 571 1411 736 1439; x_wconf 84' lang='lat' dir='ltr'><strong>Leontinum</strong></span> <span class='ocrx_word' id='word_1_291' title='bbox 754 1417 905 1441; x_wconf 88' lang='lat' dir='ltr'><strong>oratorem.</strong></span> <span class='ocrx_word' id='word_1_292' title='bbox 920 1413 993 1440; x_wconf 90' lang='lat' dir='ltr'><strong>Scri-</strong></span> 
     </span>
    </p>
   </div>
   <div class='ocr_carea' id='block_1_44' title="bbox 200 1459 992 1495">
    <p class='ocr_par' dir='ltr' id='par_1_44' title="bbox 200 1459 992 1495">
     <span class='ocr_line' id='line_1_44' title="bbox 200 1459 992 1495; baseline 0 -10"><span class='ocrx_word' id='word_1_293' title='bbox 200 1460 255 1495; x_wconf 83' lang='lat' dir='ltr'><strong>psit</strong></span> <span class='ocrx_word' id='word_1_294' title='bbox 271 1460 396 1486; x_wconf 87' lang='lat' dir='ltr'><strong>vct&#39;sibns</strong></span> <span class='ocrx_word' id='word_1_295' title='bbox 410 1459 529 1486; x_wconf 85' lang='lat' dir='ltr'><strong>heroicis</strong></span> <span class='ocrx_word' id='word_1_296' title='bbox 545 1464 597 1486; x_wconf 69' lang='lat' dir='ltr'><strong>tres</strong></span> <span class='ocrx_word' id='word_1_297' title='bbox 611 1459 694 1486; x_wconf 73' lang='lat' dir='ltr'><strong>libros</strong></span> <span class='ocrx_word' id='word_1_298' title='bbox 722 1459 791 1494; x_wconf 69' lang='grc' dir='ltr'><strong>Περὶ</strong></span> <span class='ocrx_word' id='word_1_299' title='bbox 814 1459 924 1494; x_wconf 81' lang='grc' dir='ltr'><strong>φύσεως</strong></span> <span class='ocrx_word' id='word_1_300' title='bbox 937 1460 992 1486; x_wconf 81' lang='grc' dir='ltr'><strong>τῶν</strong></span> 
     </span>
    </p>
   </div>
   <div class='ocr_carea' id='block_1_45' title="bbox 199 1505 991 1540">
    <p class='ocr_par' dir='ltr' id='par_1_45' title="bbox 199 1505 991 1540">
     <span class='ocr_line' id='line_1_45' title="bbox 199 1505 991 1540; baseline 0.001 -8"><span class='ocrx_word' id='word_1_301' title='bbox 199 1506 286 1533; x_wconf 77' lang='grc' dir='ltr'><strong>ὄντων</strong></span> <span class='ocrx_word' id='word_1_302' title='bbox 318 1505 355 1533; x_wconf 82' lang='lat' dir='ltr'><strong>De</strong></span> <span class='ocrx_word' id='word_1_303' title='bbox 384 1513 473 1532; x_wconf 85' lang='lat' dir='ltr'><strong>rerum</strong></span> <span class='ocrx_word' id='word_1_304' title='bbox 505 1510 709 1540; x_wconf 29' lang='lat' dir='ltr'><strong>naturaksunt</strong></span> <span class='ocrx_word' id='word_1_305' title='bbox 738 1511 829 1533; x_wconf 83' lang='lat' dir='ltr'><strong>autem</strong></span> <span class='ocrx_word' id='word_1_306' title='bbox 861 1513 991 1534; x_wconf 88' lang='lat' dir='ltr'><strong>versuum</strong></span> 
     </span>
    </p>
   </div>
   <div class='ocr_carea' id='block_1_46' title="bbox 199 1551 993 1581">
    <p class='ocr_par' dir='ltr' id='par_1_46' title="bbox 199 1551 993 1581">
     <span class='ocr_line' id='line_1_46' title="bbox 199 1551 993 1581; baseline -0.001 0"><span class='ocrx_word' id='word_1_307' title='bbox 199 1552 310 1581; x_wconf 86' lang='lat' dir='ltr'><strong>circiter</strong></span> <span class='ocrx_word' id='word_1_308' title='bbox 328 1552 383 1580; x_wconf 91' lang='lat' dir='ltr'><strong>duo</strong></span> <span class='ocrx_word' id='word_1_309' title='bbox 405 1551 501 1579; x_wconf 83' lang='lat' dir='ltr'><strong>millia.</strong></span> <span class='ocrx_word' id='word_1_310' title='bbox 533 1552 597 1579; x_wconf 88' lang='lat' dir='ltr'><strong>Item</strong></span> <span class='ocrx_word' id='word_1_311' title='bbox 628 1551 665 1579; x_wconf 83' lang='lat' dir='ltr'><strong>De</strong></span> <span class='ocrx_word' id='word_1_312' title='bbox 694 1561 720 1579; x_wconf 83' lang='lat' dir='ltr'><strong>re</strong></span> <span class='ocrx_word' id='word_1_313' title='bbox 745 1553 847 1579; x_wconf 82' lang='lat' dir='ltr'><strong>medica</strong></span> <span class='ocrx_word' id='word_1_314' title='bbox 869 1553 993 1580; x_wconf 88' lang='lat' dir='ltr'><strong>oratione</strong></span> 
     </span>
    </p>
   </div>
   <div class='ocr_carea' id='block_1_47' title="bbox 199 1599 990 1634">
    <p class='ocr_par' dir='ltr' id='par_1_47' title="bbox 199 1599 990 1634">
     <span class='ocr_line' id='line_1_47' title="bbox 199 1599 990 1634; baseline 0 -8"><span class='ocrx_word' id='word_1_315' title='bbox 199 1600 299 1631; x_wconf 85' lang='lat' dir='ltr'><strong>soluta,</strong></span> <span class='ocrx_word' id='word_1_316' title='bbox 314 1606 341 1626; x_wconf 86' lang='lat' dir='ltr'><strong>et</strong></span> <span class='ocrx_word' id='word_1_317' title='bbox 367 1599 453 1626; x_wconf 87' lang='lat' dir='ltr'><strong>multa</strong></span> <span class='ocrx_word' id='word_1_318' title='bbox 476 1599 540 1631; x_wconf 86' lang='lat' dir='ltr'><strong>alia,</strong></span> <span class='ocrx_word' id='word_1_319' title='bbox 568 1604 620 1627; x_wconf 89' lang='lat' dir='ltr'><strong>etc.</strong></span> <span class='ocrx_word' id='word_1_320' title='bbox 650 1599 818 1634; x_wconf 82' lang='lat' dir='ltr'><strong>Empedoclis</strong></span> <span class='ocrx_word' id='word_1_321' title='bbox 837 1600 990 1632; x_wconf 79' lang='lat' dir='ltr'><strong>inimicitia,</strong></span> 
     </span>
    </p>
   </div>
   <div class='ocr_carea' id='block_1_48' title="bbox 199 1646 992 1682">
    <p class='ocr_par' dir='ltr' id='par_1_48' title="bbox 199 1646 992 1682">
     <span class='ocr_line' id='line_1_48' title="bbox 199 1646 992 1682; baseline 0.001 -8"><span class='ocrx_word' id='word_1_322' title='bbox 199 1647 386 1680; x_wconf 81' lang='lat' dir='ltr'><strong>proverbium,</strong></span> <span class='ocrx_word' id='word_1_323' title='bbox 421 1647 493 1681; x_wconf 87' lang='lat' dir='ltr'><strong>quod</strong></span> <span class='ocrx_word' id='word_1_324' title='bbox 523 1647 624 1673; x_wconf 90' lang='lat' dir='ltr'><strong>dicitur</strong></span> <span class='ocrx_word' id='word_1_325' title='bbox 649 1647 684 1674; x_wconf 88' lang='lat' dir='ltr'><strong>de</strong></span> <span class='ocrx_word' id='word_1_326' title='bbox 709 1647 744 1674; x_wconf 87' lang='lat' dir='ltr'><strong>iis</strong></span> <span class='ocrx_word' id='word_1_327' title='bbox 768 1647 816 1682; x_wconf 89' lang='lat' dir='ltr'><strong>qui</strong></span> <span class='ocrx_word' id='word_1_328' title='bbox 848 1646 992 1675; x_wconf 89' lang='lat' dir='ltr'><strong>diuturnas</strong></span> 
     </span>
    </p>
   </div>
   <div class='ocr_carea' id='block_1_49' title="bbox 198 1692 749 1727">
    <p class='ocr_par' dir='ltr' id='par_1_49' title="bbox 198 1692 749 1727">
     <span class='ocr_line' id='line_1_49' title="bbox 198 1692 749 1727; baseline 0 -8"><span class='ocrx_word' id='word_1_329' title='bbox 198 1693 357 1720; x_wconf 87' lang='lat' dir='ltr'><strong>inimicitias</strong></span> <span class='ocrx_word' id='word_1_330' title='bbox 371 1692 502 1719; x_wconf 86' lang='lat' dir='ltr'><strong>adversus</strong></span> <span class='ocrx_word' id='word_1_331' title='bbox 515 1693 622 1726; x_wconf 86' lang='lat' dir='ltr'><strong>aliquos</strong></span> <span class='ocrx_word' id='word_1_332' title='bbox 639 1698 749 1727; x_wconf 83' lang='lat' dir='ltr'><strong>gerunt.</strong></span> 
     </span>
    </p>
   </div>
   <div class='ocr_carea' id='block_1_50' title="bbox 234 1739 989 1775">
    <p class='ocr_par' dir='ltr' id='par_1_50' title="bbox 234 1739 989 1775">
     <span class='ocr_line' id='line_1_50' title="bbox 234 1739 989 1775; baseline 0 -8"><span class='ocrx_word' id='word_1_333' title='bbox 234 1739 441 1774; x_wconf 81' lang='lat' dir='ltr'><strong>Empedotimus</strong></span> <span class='ocrx_word' id='word_1_334' title='bbox 466 1740 577 1774; x_wconf 88' lang='lat' dir='ltr'><strong>scripsit</strong></span> <span class='ocrx_word' id='word_1_335' title='bbox 602 1741 667 1775; x_wconf 75' lang='grc' dir='ltr'>περὶ</span> <span class='ocrx_word' id='word_1_336' title='bbox 682 1740 800 1775; x_wconf 74' lang='grc' dir='ltr'><strong>φυσικῆς</strong></span> <span class='ocrx_word' id='word_1_337' title='bbox 819 1739 989 1775; x_wconf 74' lang='grc' dir='ltr'><strong>ἀκροάσεως,</strong></span> 
     </span>
    </p>
   </div>
   <div class='ocr_carea' id='block_1_51' title="bbox 197 1785 989 1821">
    <p class='ocr_par' dir='ltr' id='par_1_51' title="bbox 197 1785 989 1821">
     <span class='ocr_line' id='line_1_51' title="bbox 197 1785 989 1821; baseline 0.003 -10"><span class='ocrx_word' id='word_1_338' title='bbox 197 1785 237 1812; x_wconf 76' lang='lat' dir='ltr'><strong>De</strong></span> <span class='ocrx_word' id='word_1_339' title='bbox 251 1786 359 1820; x_wconf 76' lang='lat' dir='ltr'><strong>physica</strong></span> <span class='ocrx_word' id='word_1_340' title='bbox 373 1785 578 1816; x_wconf 80' lang='lat' dir='ltr'><strong>auscultatione,</strong></span> <span class='ocrx_word' id='word_1_341' title='bbox 595 1786 629 1813; x_wconf 90' lang='lat' dir='ltr'><strong>de</strong></span> <span class='ocrx_word' id='word_1_342' title='bbox 640 1793 696 1820; x_wconf 86' lang='lat' dir='ltr'><strong>quo</strong></span> <span class='ocrx_word' id='word_1_343' title='bbox 706 1785 853 1821; x_wconf 81' lang='lat' dir='ltr'><strong>(Julianus)</strong></span> <span class='ocrx_word' id='word_1_344' title='bbox 866 1787 880 1813; x_wconf 81' lang='grc' dir='ltr'>ὁ</span> <span class='ocrx_word' id='word_1_345' title='bbox 899 1795 989 1821; x_wconf 83' lang='grc' dir='ltr'>παρα-</span> 
     </span>
    </p>
   </div>
   <div class='ocr_carea' id='block_1_52' title="bbox 197 1832 990 1868">
    <p class='ocr_par' dir='ltr' id='par_1_52' title="bbox 197 1832 990 1868">
     <span class='ocr_line' id='line_1_52' title="bbox 197 1832 990 1868; baseline 0.003 -10"><span class='ocrx_word' id='word_1_346' title='bbox 197 1833 282 1868; x_wconf 78' lang='grc' dir='ltr'><strong>ὃάτης</strong></span> <span class='ocrx_word' id='word_1_347' title='bbox 300 1833 325 1859; x_wconf 92' lang='lat' dir='ltr'><strong>in</strong></span> <span class='ocrx_word' id='word_1_348' title='bbox 342 1840 424 1867; x_wconf 86' lang='lat' dir='ltr'><strong>opere</strong></span> <span class='ocrx_word' id='word_1_349' title='bbox 436 1833 509 1868; x_wconf 92' lang='lat' dir='ltr'><strong>quod</strong></span> <span class='ocrx_word' id='word_1_350' title='bbox 525 1832 624 1860; x_wconf 81' lang='lat' dir='ltr'><strong>Cronia</strong></span> <span class='ocrx_word' id='word_1_351' title='bbox 639 1832 812 1860; x_wconf 88' lang='lat' dir='ltr'><strong>inscribitur:</strong></span> <span class='ocrx_word' id='word_1_352' title='bbox 824 1833 879 1860; x_wconf 75' lang='lat' dir='ltr'><strong>Nos</strong></span> <span class='ocrx_word' id='word_1_353' title='bbox 890 1839 990 1866; x_wconf 85' lang='lat' dir='ltr'><strong>autem,</strong></span> 
     </span>
    </p>
   </div>
   <div class='ocr_carea' id='block_1_53' title="bbox 198 1879 990 1916">
    <p class='ocr_par' dir='ltr' id='par_1_53' title="bbox 198 1879 990 1916">
     <span class='ocr_line' id='line_1_53' title="bbox 198 1879 990 1916; baseline 0.001 -10"><span class='ocrx_word' id='word_1_354' title='bbox 198 1879 383 1913; x_wconf 80' lang='lat' dir='ltr'><strong>Empedatimo</strong></span> <span class='ocrx_word' id='word_1_355' title='bbox 410 1885 434 1906; x_wconf 89' lang='lat' dir='ltr'><strong>et</strong></span> <span class='ocrx_word' id='word_1_356' title='bbox 466 1879 623 1915; x_wconf 73' lang='lat' dir='ltr'><strong>Pythagora:</strong></span> <span class='ocrx_word' id='word_1_357' title='bbox 649 1879 782 1907; x_wconf 76' lang='lat' dir='ltr'><strong>credentes</strong></span> <span class='ocrx_word' id='word_1_358' title='bbox 799 1900 806 1912; x_wconf 92' lang='lat'><strong>,</strong></span> <span class='ocrx_word' id='word_1_359' title='bbox 825 1884 849 1907; x_wconf 85' lang='lat' dir='ltr'><strong>et</strong></span> <span class='ocrx_word' id='word_1_360' title='bbox 872 1880 906 1907; x_wconf 73' lang='lat' dir='ltr'><strong>iis</strong></span> <span class='ocrx_word' id='word_1_361' title='bbox 934 1888 990 1916; x_wconf 59' lang='lat' dir='ltr'><strong>gate</strong></span> 
     </span>
    </p>
   </div>
   <div class='ocr_carea' id='block_1_54' title="bbox 196 1923 989 1962">
    <p class='ocr_par' dir='ltr' id='par_1_54' title="bbox 196 1923 989 1962">
     <span class='ocr_line' id='line_1_54' title="bbox 196 1923 989 1962; baseline 0 -8"><span class='ocrx_word' id='word_1_362' title='bbox 196 1925 352 1955; x_wconf 75' lang='lat' dir='ltr'><strong>Heraclides</strong></span> <span class='ocrx_word' id='word_1_363' title='bbox 363 1925 492 1954; x_wconf 73' lang='lat' dir='ltr'><strong>Ponticus</strong></span> <span class='ocrx_word' id='word_1_364' title='bbox 505 1927 600 1954; x_wconf 75' lang='lat' dir='ltr'><strong>abillis</strong></span> <span class='ocrx_word' id='word_1_365' title='bbox 616 1932 724 1962; x_wconf 78' lang='lat' dir='ltr'><strong>atcepla</strong></span> <span class='ocrx_word' id='word_1_366' title='bbox 736 1923 860 1959; x_wconf 85' lang='lat' dir='ltr'><strong>tradidit,</strong></span> <span class='ocrx_word' id='word_1_367' title='bbox 874 1932 899 1954; x_wconf 82' lang='lat' dir='ltr'><strong>et</strong></span> <span class='ocrx_word' id='word_1_368' title='bbox 909 1928 989 1961; x_wconf 84' lang='lat' dir='ltr'><strong>paulo</strong></span> 
     </span>
    </p>
   </div>
   <div class='ocr_carea' id='block_1_55' title="bbox 196 1973 988 2009">
    <p class='ocr_par' dir='ltr' id='par_1_55' title="bbox 196 1973 988 2009">
     <span class='ocr_line' id='line_1_55' title="bbox 196 1973 988 2009; baseline 0.003 -9"><span class='ocrx_word' id='word_1_369' title='bbox 196 1977 257 2000; x_wconf 80' lang='lat' dir='ltr'><strong>ante</strong></span> <span class='ocrx_word' id='word_1_370' title='bbox 265 1973 379 2008; x_wconf 77' lang='lat' dir='ltr'><strong>inclytus</strong></span> <span class='ocrx_word' id='word_1_371' title='bbox 389 1973 433 2000; x_wconf 80' lang='lat' dir='ltr'><strong>ille</strong></span> <span class='ocrx_word' id='word_1_372' title='bbox 443 1982 530 2001; x_wconf 82' lang='lat' dir='ltr'><strong>rerum</strong></span> <span class='ocrx_word' id='word_1_373' title='bbox 541 1974 691 2001; x_wconf 74' lang='lat' dir='ltr'><strong>divinarum</strong></span> <span class='ocrx_word' id='word_1_374' title='bbox 703 1975 831 2009; x_wconf 79' lang='lat' dir='ltr'><strong>interpres</strong></span> <span class='ocrx_word' id='word_1_375' title='bbox 838 1974 988 2003; x_wconf 72' lang='lat' dir='ltr'><strong>.Iamlllicus</strong></span> 
     </span>
    </p>
   </div>
   <div class='ocr_carea' id='block_1_56' title="bbox 195 2020 404 2050">
    <p class='ocr_par' dir='ltr' id='par_1_56' title="bbox 195 2020 404 2050">
     <span class='ocr_line' id='line_1_56' title="bbox 195 2020 404 2050; baseline -0.005 -3"><span class='ocrx_word' id='word_1_376' title='bbox 195 2020 269 2050; x_wconf 75' lang='lat' dir='ltr'><strong>nobis</strong></span> <span class='ocrx_word' id='word_1_377' title='bbox 281 2021 404 2048; x_wconf 80' lang='lat' dir='ltr'><strong>ostendit.</strong></span> 
     </span>
    </p>
   </div>
   <div class='ocr_carea' id='block_1_57' title="bbox 250 2067 987 2100">
    <p class='ocr_par' dir='ltr' id='par_1_57' title="bbox 250 2067 987 2100">
     <span class='ocr_line' id='line_1_57' title="bbox 250 2067 987 2100; baseline 0.004 -7"><span class='ocrx_word' id='word_1_378' title='bbox 250 2067 388 2098; x_wconf 78' lang='grc' dir='ltr'><strong>Ἐνιαυτὸς</strong></span> <span class='ocrx_word' id='word_1_379' title='bbox 401 2067 540 2100; x_wconf 77' lang='grc' dir='ltr'><strong>Μέτωνος,</strong></span> <span class='ocrx_word' id='word_1_380' title='bbox 562 2076 648 2094; x_wconf 73' lang='lat' dir='ltr'><strong>annus</strong></span> <span class='ocrx_word' id='word_1_381' title='bbox 664 2067 788 2100; x_wconf 76' lang='lat' dir='ltr'><strong>Metonis,</strong></span> <span class='ocrx_word' id='word_1_382' title='bbox 806 2067 833 2095; x_wconf 88' lang='lat' dir='ltr'><strong>id</strong></span> <span class='ocrx_word' id='word_1_383' title='bbox 845 2074 886 2095; x_wconf 87' lang='lat' dir='ltr'><strong>est</strong></span> <span class='ocrx_word' id='word_1_384' title='bbox 911 2069 987 2097; x_wconf 86' lang='lat' dir='ltr'><strong>orbis</strong></span> 
     </span>
    </p>
   </div>
   <div class='ocr_carea' id='block_1_58' title="bbox 193 2112 986 2149">
    <p class='ocr_par' dir='ltr' id='par_1_58' title="bbox 193 2112 986 2149">
     <span class='ocr_line' id='line_1_58' title="bbox 193 2112 986 2149; baseline 0.004 -10"><span class='ocrx_word' id='word_1_385' title='bbox 193 2119 330 2142; x_wconf 78' lang='lat' dir='ltr'><strong>annorum</strong></span> <span class='ocrx_word' id='word_1_386' title='bbox 343 2112 414 2143; x_wconf 69' lang='lat' dir='ltr'><strong>XIX.</strong></span> <span class='ocrx_word' id='word_1_387' title='bbox 428 2113 499 2140; x_wconf 82' lang='lat' dir='ltr'><strong>Moto</strong></span> <span class='ocrx_word' id='word_1_388' title='bbox 513 2114 596 2146; x_wconf 87' lang='lat' dir='ltr'><strong>enim,</strong></span> <span class='ocrx_word' id='word_1_389' title='bbox 610 2114 830 2145; x_wconf 83' lang='lat' dir='ltr'><strong>mathematicus,</strong></span> <span class='ocrx_word' id='word_1_390' title='bbox 844 2115 986 2149; x_wconf 87' lang='lat' dir='ltr'><strong>periodum</strong></span> 
     </span>
    </p>
   </div>
   <div class='ocr_carea' id='block_1_59' title="bbox 194 2159 858 2193">
    <p class='ocr_par' dir='ltr' id='par_1_59' title="bbox 194 2159 858 2193">
     <span class='ocr_line' id='line_1_59' title="bbox 194 2159 858 2193; baseline 0.003 -7"><span class='ocrx_word' id='word_1_391' title='bbox 194 2160 324 2193; x_wconf 79' lang='lat' dir='ltr'><strong>temporis</strong></span> <span class='ocrx_word' id='word_1_392' title='bbox 339 2167 372 2188; x_wconf 78' lang='lat' dir='ltr'><strong>ex</strong></span> <span class='ocrx_word' id='word_1_393' title='bbox 389 2159 448 2186; x_wconf 77' lang='lat' dir='ltr'><strong>XIX</strong></span> <span class='ocrx_word' id='word_1_394' title='bbox 462 2160 540 2187; x_wconf 86' lang='lat' dir='ltr'><strong>annis</strong></span> <span class='ocrx_word' id='word_1_395' title='bbox 553 2165 724 2189; x_wconf 84' lang='lat' dir='ltr'><strong>constantem</strong></span> <span class='ocrx_word' id='word_1_396' title='bbox 746 2161 858 2188; x_wconf 74' lang='lat' dir='ltr'><strong>invenit.</strong></span> 
     </span>
    </p>
   </div>
   <div class='ocr_carea' id='block_1_60' title="bbox 1085 913 1840 950">
    <p class='ocr_par' dir='ltr' id='par_1_60' title="bbox 1085 913 1840 950">
     <span class='ocr_line' id='line_1_60' title="bbox 1085 913 1840 950; baseline 0.009 -11"><span class='ocrx_word' id='word_1_397' title='bbox 1085 913 1189 940; x_wconf 78' lang='grc' dir='ltr'><strong>Ἐπειοῦ</strong></span> <span class='ocrx_word' id='word_1_398' title='bbox 1205 914 1367 950; x_wconf 76' lang='grc' dir='ltr'><strong>δειλότερος,</strong></span> <span class='ocrx_word' id='word_1_399' title='bbox 1391 915 1462 950; x_wconf 79' lang='lat' dir='ltr'><strong>Epeo</strong></span> <span class='ocrx_word' id='word_1_400' title='bbox 1490 917 1621 949; x_wconf 79' lang='lat' dir='ltr'><strong>timidior,</strong></span> <span class='ocrx_word' id='word_1_401' title='bbox 1642 917 1781 950; x_wconf 85' lang='lat' dir='ltr'><strong>Cratinus,</strong></span> <span class='ocrx_word' id='word_1_402' title='bbox 1796 926 1840 946; x_wconf 85' lang='lat' dir='ltr'><strong>co-</strong></span> 
     </span>
    </p>
   </div>
   <div class='ocr_carea' id='block_1_61' title="bbox 1053 961 1839 999">
    <p class='ocr_par' dir='ltr' id='par_1_61' title="bbox 1053 961 1839 999">
     <span class='ocr_line' id='line_1_61' title="bbox 1053 961 1839 999; baseline 0.006 -11"><span class='ocrx_word' id='word_1_403' title='bbox 1053 961 1152 994; x_wconf 80' lang='lat' dir='ltr'><strong>micus,</strong></span> <span class='ocrx_word' id='word_1_404' title='bbox 1166 962 1320 995; x_wconf 87' lang='lat' dir='ltr'><strong>dicebatur,</strong></span> <span class='ocrx_word' id='word_1_405' title='bbox 1339 963 1456 991; x_wconf 85' lang='lat' dir='ltr'><strong>fortasse</strong></span> <span class='ocrx_word' id='word_1_406' title='bbox 1480 965 1563 999; x_wconf 88' lang='lat' dir='ltr'><strong>quod,</strong></span> <span class='ocrx_word' id='word_1_407' title='bbox 1585 973 1647 992; x_wconf 86' lang='lat' dir='ltr'><strong>cum</strong></span> <span class='ocrx_word' id='word_1_408' title='bbox 1665 965 1779 993; x_wconf 69' lang='grc' dir='ltr'><strong>αἰηθὶᾱί</strong></span> <span class='ocrx_word' id='word_1_409' title='bbox 1795 966 1839 992; x_wconf 86' lang='lat' dir='ltr'><strong>tri-</strong></span> 
     </span>
    </p>
   </div>
   <div class='ocr_carea' id='block_1_62' title="bbox 1052 1006 1839 1045">
    <p class='ocr_par' dir='ltr' id='par_1_62' title="bbox 1052 1006 1839 1045">
     <span class='ocr_line' id='line_1_62' title="bbox 1052 1006 1839 1045; baseline 0.006 -12"><span class='ocrx_word' id='word_1_410' title='bbox 1052 1006 1098 1033; x_wconf 89' lang='lat' dir='ltr'><strong>bui</strong></span> <span class='ocrx_word' id='word_1_411' title='bbox 1113 1012 1252 1042; x_wconf 68' lang='lat' dir='ltr'><strong>prmesset,</strong></span> <span class='ocrx_word' id='word_1_412' title='bbox 1268 1008 1392 1035; x_wconf 86' lang='lat' dir='ltr'><strong>timidior</strong></span> <span class='ocrx_word' id='word_1_413' title='bbox 1407 1009 1560 1037; x_wconf 86' lang='lat' dir='ltr'><strong>videretur.</strong></span> <span class='ocrx_word' id='word_1_414' title='bbox 1579 1010 1670 1045; x_wconf 87' lang='lat' dir='ltr'><strong>Epeus</strong></span> <span class='ocrx_word' id='word_1_415' title='bbox 1684 1011 1757 1038; x_wconf 84' lang='lat' dir='ltr'><strong>enim</strong></span> <span class='ocrx_word' id='word_1_416' title='bbox 1773 1011 1839 1038; x_wconf 87' lang='lat' dir='ltr'><strong>timi-</strong></span> 
     </span>
    </p>
   </div>
   <div class='ocr_carea' id='block_1_63' title="bbox 1051 1052 1186 1080">
    <p class='ocr_par' dir='ltr' id='par_1_63' title="bbox 1051 1052 1186 1080">
     <span class='ocr_line' id='line_1_63' title="bbox 1051 1052 1186 1080; baseline -0.007 0"><span class='ocrx_word' id='word_1_417' title='bbox 1051 1052 1102 1080; x_wconf 87' lang='lat' dir='ltr'><strong>dus</strong></span> <span class='ocrx_word' id='word_1_418' title='bbox 1117 1058 1186 1080; x_wconf 89' lang='lat' dir='ltr'><strong>erat.</strong></span> 
     </span>
    </p>
   </div>
   <div class='ocr_carea' id='block_1_64' title="bbox 1086 1099 1835 1142">
    <p class='ocr_par' dir='ltr' id='par_1_64' title="bbox 1086 1099 1835 1142">
     <span class='ocr_line' id='line_1_64' title="bbox 1086 1099 1835 1142; baseline 0.011 -16"><span class='ocrx_word' id='word_1_419' title='bbox 1086 1099 1224 1134; x_wconf 83' lang='lat' dir='ltr'><strong>Ephectici</strong></span> <span class='ocrx_word' id='word_1_420' title='bbox 1253 1101 1407 1135; x_wconf 86' lang='lat' dir='ltr'><strong>philosophi</strong></span> <span class='ocrx_word' id='word_1_421' title='bbox 1435 1102 1475 1129; x_wconf 88' lang='lat' dir='ltr'><strong>sic</strong></span> <span class='ocrx_word' id='word_1_422' title='bbox 1501 1103 1629 1138; x_wconf 78' lang='lat' dir='ltr'><strong>appellati</strong></span> <span class='ocrx_word' id='word_1_423' title='bbox 1661 1105 1696 1132; x_wconf 89' lang='lat' dir='ltr'><strong>ab</strong></span> <span class='ocrx_word' id='word_1_424' title='bbox 1723 1106 1835 1142; x_wconf 76' lang='grc' dir='ltr'><strong>ἐπέχειν,</strong></span> 
     </span>
    </p>
   </div>
   <div class='ocr_carea' id='block_1_65' title="bbox 1051 1147 1834 1186">
    <p class='ocr_par' dir='ltr' id='par_1_65' title="bbox 1051 1147 1834 1186">
     <span class='ocr_line' id='line_1_65' title="bbox 1051 1147 1834 1186; baseline 0.009 -13"><span class='ocrx_word' id='word_1_425' title='bbox 1051 1147 1176 1180; x_wconf 77' lang='lat' dir='ltr'><strong>inhibere,</strong></span> <span class='ocrx_word' id='word_1_426' title='bbox 1203 1148 1276 1180; x_wconf 92' lang='lat' dir='ltr'><strong>quod</strong></span> <span class='ocrx_word' id='word_1_427' title='bbox 1302 1156 1447 1175; x_wconf 83' lang='lat' dir='ltr'><strong>assensum</strong></span> <span class='ocrx_word' id='word_1_428' title='bbox 1478 1149 1512 1176; x_wconf 87' lang='lat' dir='ltr'><strong>de</strong></span> <span class='ocrx_word' id='word_1_429' title='bbox 1552 1151 1634 1178; x_wconf 84' lang='lat' dir='ltr'><strong>rebus</strong></span> <span class='ocrx_word' id='word_1_430' title='bbox 1664 1151 1834 1186; x_wconf 88' lang='lat' dir='ltr'><strong>inhiberent,</strong></span> 
     </span>
    </p>
   </div>
   <div class='ocr_carea' id='block_1_66' title="bbox 1050 1194 1836 1229">
    <p class='ocr_par' dir='ltr' id='par_1_66' title="bbox 1050 1194 1836 1229">
     <span class='ocr_line' id='line_1_66' title="bbox 1050 1194 1836 1229; baseline 0.01 -10"><span class='ocrx_word' id='word_1_431' title='bbox 1050 1201 1151 1228; x_wconf 85' lang='lat' dir='ltr'><strong>easque</strong></span> <span class='ocrx_word' id='word_1_432' title='bbox 1176 1194 1372 1228; x_wconf 78' lang='lat' dir='ltr'><strong>comprehendi</strong></span> <span class='ocrx_word' id='word_1_433' title='bbox 1401 1203 1455 1222; x_wconf 86' lang='lat' dir='ltr'><strong>non</strong></span> <span class='ocrx_word' id='word_1_434' title='bbox 1482 1203 1563 1229; x_wconf 87' lang='lat' dir='ltr'><strong>posse</strong></span> <span class='ocrx_word' id='word_1_435' title='bbox 1592 1202 1756 1226; x_wconf 85' lang='lat' dir='ltr'><strong>statuerent.</strong></span> <span class='ocrx_word' id='word_1_436' title='bbox 1786 1200 1836 1227; x_wconf 75' lang='grc' dir='ltr'><strong>Κιὶ</strong></span> 
     </span>
    </p>
   </div>
   <div class='ocr_carea' id='block_1_67' title="bbox 1048 1238 1589 1276">
    <p class='ocr_par' dir='ltr' id='par_1_67' title="bbox 1048 1238 1589 1276">
     <span class='ocr_line' id='line_1_67' title="bbox 1048 1238 1589 1276; baseline 0.007 -11"><span class='ocrx_word' id='word_1_437' title='bbox 1048 1238 1222 1274; x_wconf 72' lang='grc' dir='ltr'><strong>δογματίζειν</strong></span> <span class='ocrx_word' id='word_1_438' title='bbox 1239 1240 1294 1276; x_wconf 77' lang='grc'><strong>((56)</strong></span> <span class='ocrx_word' id='word_1_439' title='bbox 1310 1240 1381 1267; x_wconf 73' lang='grc' dir='ltr'><strong>αὐτὰ</strong></span> <span class='ocrx_word' id='word_1_440' title='bbox 1395 1241 1589 1276; x_wconf 61' lang='grc' dir='ltr'><strong>ἀκατάληπτα.</strong></span> 
     </span>
    </p>
   </div>
   <div class='ocr_carea' id='block_1_68' title="bbox 1085 1285 1835 1327">
    <p class='ocr_par' dir='ltr' id='par_1_68' title="bbox 1085 1285 1835 1327">
     <span class='ocr_line' id='line_1_68' title="bbox 1085 1285 1835 1327; baseline 0.012 -15"><span class='ocrx_word' id='word_1_441' title='bbox 1085 1285 1210 1321; x_wconf 64' lang='lat' dir='ltr'><strong>Ephesia:</strong></span> <span class='ocrx_word' id='word_1_442' title='bbox 1239 1286 1344 1319; x_wconf 72' lang='lat' dir='ltr'><strong>litterm,</strong></span> <span class='ocrx_word' id='word_1_443' title='bbox 1370 1288 1395 1314; x_wconf 91' lang='lat' dir='ltr'><strong>id</strong></span> <span class='ocrx_word' id='word_1_444' title='bbox 1413 1293 1455 1315; x_wconf 83' lang='lat' dir='ltr'><strong>est</strong></span> <span class='ocrx_word' id='word_1_445' title='bbox 1477 1289 1682 1318; x_wconf 84' lang='lat' dir='ltr'><strong>incantationes</strong></span> <span class='ocrx_word' id='word_1_446' title='bbox 1718 1294 1835 1327; x_wconf 72' lang='lat' dir='ltr'><strong>quaedam</strong></span> 
     </span>
    </p>
   </div>
   <div class='ocr_carea' id='block_1_69' title="bbox 1049 1331 1834 1372">
    <p class='ocr_par' dir='ltr' id='par_1_69' title="bbox 1049 1331 1834 1372">
     <span class='ocr_line' id='line_1_69' title="bbox 1049 1331 1834 1372; baseline 0.011 -14"><span class='ocrx_word' id='word_1_447' title='bbox 1049 1331 1184 1364; x_wconf 72' lang='lat' dir='ltr'><strong>obscurte,</strong></span> <span class='ocrx_word' id='word_1_448' title='bbox 1203 1341 1272 1368; x_wconf 87' lang='lat' dir='ltr'><strong>qttas</strong></span> <span class='ocrx_word' id='word_1_449' title='bbox 1287 1338 1313 1361; x_wconf 87' lang='lat' dir='ltr'><strong>et</strong></span> <span class='ocrx_word' id='word_1_450' title='bbox 1329 1333 1455 1361; x_wconf 72' lang='lat' dir='ltr'><strong>Crtesum</strong></span> <span class='ocrx_word' id='word_1_451' title='bbox 1478 1335 1505 1362; x_wconf 93' lang='lat' dir='ltr'><strong>in</strong></span> <span class='ocrx_word' id='word_1_452' title='bbox 1534 1344 1601 1372; x_wconf 77' lang='lat' dir='ltr'><strong>rogo</strong></span> <span class='ocrx_word' id='word_1_453' title='bbox 1617 1338 1722 1366; x_wconf 77' lang='lat' dir='ltr'><strong>dixisse</strong></span> <span class='ocrx_word' id='word_1_454' title='bbox 1737 1340 1834 1370; x_wconf 88' lang='lat' dir='ltr'><strong>ferunt.</strong></span> 
     </span>
    </p>
   </div>
   <div class='ocr_carea' id='block_1_70' title="bbox 1048 1377 1835 1416">
    <p class='ocr_par' dir='ltr' id='par_1_70' title="bbox 1048 1377 1835 1416">
     <span class='ocr_line' id='line_1_70' title="bbox 1048 1377 1835 1416; baseline 0.013 -12"><span class='ocrx_word' id='word_1_455' title='bbox 1048 1377 1080 1405; x_wconf 85' lang='lat' dir='ltr'><strong>Et</strong></span> <span class='ocrx_word' id='word_1_456' title='bbox 1096 1378 1226 1414; x_wconf 68' lang='lat' dir='ltr'><strong>Olympiae</strong></span> <span class='ocrx_word' id='word_1_457' title='bbox 1251 1379 1356 1406; x_wconf 83' lang='lat' dir='ltr'><strong>Milesio</strong></span> <span class='ocrx_word' id='word_1_458' title='bbox 1379 1385 1407 1408; x_wconf 91' lang='lat' dir='ltr'><strong>et</strong></span> <span class='ocrx_word' id='word_1_459' title='bbox 1424 1381 1543 1415; x_wconf 82' lang='lat' dir='ltr'><strong>Ephesio</strong></span> <span class='ocrx_word' id='word_1_460' title='bbox 1559 1383 1741 1416; x_wconf 79' lang='lat' dir='ltr'><strong>luctantibus,</strong></span> <span class='ocrx_word' id='word_1_461' title='bbox 1763 1387 1835 1414; x_wconf 87' lang='lat' dir='ltr'><strong>aiunt</strong></span> 
     </span>
    </p>
   </div>
   <div class='ocr_carea' id='block_1_71' title="bbox 1047 1424 1837 1464">
    <p class='ocr_par' dir='ltr' id='par_1_71' title="bbox 1047 1424 1837 1464">
     <span class='ocr_line' id='line_1_71' title="bbox 1047 1424 1837 1464; baseline 0.014 -14"><span class='ocrx_word' id='word_1_462' title='bbox 1047 1424 1181 1451; x_wconf 90' lang='lat' dir='ltr'><strong>Milesium</strong></span> <span class='ocrx_word' id='word_1_463' title='bbox 1205 1425 1303 1453; x_wconf 88' lang='lat' dir='ltr'><strong>luctari</strong></span> <span class='ocrx_word' id='word_1_464' title='bbox 1323 1433 1376 1453; x_wconf 93' lang='lat' dir='ltr'><strong>non</strong></span> <span class='ocrx_word' id='word_1_465' title='bbox 1392 1427 1526 1461; x_wconf 89' lang='lat' dir='ltr'><strong>potuisse,</strong></span> <span class='ocrx_word' id='word_1_466' title='bbox 1554 1430 1628 1464; x_wconf 91' lang='lat' dir='ltr'><strong>quod</strong></span> <span class='ocrx_word' id='word_1_467' title='bbox 1652 1431 1720 1458; x_wconf 83' lang='lat' dir='ltr'><strong>alter</strong></span> <span class='ocrx_word' id='word_1_468' title='bbox 1739 1433 1837 1461; x_wconf 81' lang='lat' dir='ltr'><strong>litteras</strong></span> 
     </span>
    </p>
   </div>
   <div class='ocr_carea' id='block_1_72' title="bbox 1047 1470 1837 1508">
    <p class='ocr_par' dir='ltr' id='par_1_72' title="bbox 1047 1470 1837 1508">
     <span class='ocr_line' id='line_1_72' title="bbox 1047 1470 1837 1508; baseline 0.011 -11"><span class='ocrx_word' id='word_1_469' title='bbox 1047 1470 1179 1506; x_wconf 86' lang='lat' dir='ltr'><strong>Ephesias</strong></span> <span class='ocrx_word' id='word_1_470' title='bbox 1204 1472 1260 1499; x_wconf 86' lang='lat' dir='ltr'><strong>talo</strong></span> <span class='ocrx_word' id='word_1_471' title='bbox 1285 1472 1362 1507; x_wconf 87' lang='lat' dir='ltr'><strong>pedis</strong></span> <span class='ocrx_word' id='word_1_472' title='bbox 1378 1473 1526 1508; x_wconf 82' lang='lat' dir='ltr'><strong>alligasset.</strong></span> <span class='ocrx_word' id='word_1_473' title='bbox 1556 1475 1593 1502; x_wconf 83' lang='lat' dir='ltr'><strong>Ea</strong></span> <span class='ocrx_word' id='word_1_474' title='bbox 1611 1480 1702 1504; x_wconf 87' lang='lat' dir='ltr'><strong>autem</strong></span> <span class='ocrx_word' id='word_1_475' title='bbox 1720 1485 1750 1505; x_wconf 88' lang='lat' dir='ltr'><strong>re</strong></span> <span class='ocrx_word' id='word_1_476' title='bbox 1765 1486 1837 1506; x_wconf 89' lang='lat' dir='ltr'><strong>com-</strong></span> 
     </span>
    </p>
   </div>
   <div class='ocr_carea' id='block_1_73' title="bbox 1007 1517 1834 1562">
    <p class='ocr_par' dir='ltr' id='par_1_73' title="bbox 1007 1517 1834 1562">
     <span class='ocr_line' id='line_1_73' title="bbox 1007 1517 1834 1562; baseline 0.012 -19"><span class='ocrx_word' id='word_1_477' title='bbox 1007 1534 1028 1562; x_wconf 74' lang='lat' dir='ltr'><strong><em>C</em></strong></span> <span class='ocrx_word' id='word_1_478' title='bbox 1047 1521 1134 1551; x_wconf 86' lang='lat' dir='ltr'><strong>porta,</strong></span> <span class='ocrx_word' id='word_1_479' title='bbox 1149 1517 1302 1553; x_wconf 88' lang='lat' dir='ltr'><strong>litterisque</strong></span> <span class='ocrx_word' id='word_1_480' title='bbox 1319 1519 1373 1546; x_wconf 93' lang='lat' dir='ltr'><strong>illis</strong></span> <span class='ocrx_word' id='word_1_481' title='bbox 1388 1519 1495 1553; x_wconf 87' lang='lat' dir='ltr'><strong>solutis,</strong></span> <span class='ocrx_word' id='word_1_482' title='bbox 1511 1520 1656 1556; x_wconf 77' lang='lat' dir='ltr'><strong>Ephesium</strong></span> <span class='ocrx_word' id='word_1_483' title='bbox 1673 1524 1768 1552; x_wconf 88' lang='lat' dir='ltr'><strong>tricies</strong></span> <span class='ocrx_word' id='word_1_484' title='bbox 1783 1524 1834 1560; x_wconf 77' lang='lat' dir='ltr'><strong>(G7)</strong></span> 
     </span>
    </p>
   </div>
   <div class='ocr_carea' id='block_1_74' title="bbox 1045 1563 1322 1599">
    <p class='ocr_par' dir='ltr' id='par_1_74' title="bbox 1045 1563 1322 1599">
     <span class='ocr_line' id='line_1_74' title="bbox 1045 1563 1322 1599; baseline 0.004 -9"><span class='ocrx_word' id='word_1_485' title='bbox 1045 1563 1131 1591; x_wconf 85' lang='lat' dir='ltr'><strong>fuisse</strong></span> <span class='ocrx_word' id='word_1_486' title='bbox 1143 1569 1322 1599; x_wconf 84' lang='lat' dir='ltr'><strong>prostratum.</strong></span> 
     </span>
    </p>
   </div>
   <div class='ocr_carea' id='block_1_75' title="bbox 1080 1609 1835 1646">
    <p class='ocr_par' dir='ltr' id='par_1_75' title="bbox 1080 1609 1835 1646">
     <span class='ocr_line' id='line_1_75' title="bbox 1080 1609 1835 1646; baseline 0.015 -11"><span class='ocrx_word' id='word_1_487' title='bbox 1080 1609 1234 1645; x_wconf 82' lang='lat' dir='ltr'><strong>Ephippus,</strong></span> <span class='ocrx_word' id='word_1_488' title='bbox 1262 1611 1450 1646; x_wconf 84' lang='lat' dir='ltr'><strong>Atheniensis,</strong></span> <span class='ocrx_word' id='word_1_489' title='bbox 1479 1613 1601 1642; x_wconf 89' lang='lat' dir='ltr'><strong>comicus</strong></span> <span class='ocrx_word' id='word_1_490' title='bbox 1618 1616 1717 1644; x_wconf 68' lang='lat' dir='ltr'><strong>media:</strong></span> <span class='ocrx_word' id='word_1_491' title='bbox 1736 1625 1835 1646; x_wconf 72' lang='lat' dir='ltr'><strong>comm-</strong></span> 
     </span>
    </p>
   </div>
   <div class='ocr_carea' id='block_1_76' title="bbox 1043 1655 1350 1683">
    <p class='ocr_par' dir='ltr' id='par_1_76' title="bbox 1043 1655 1350 1683">
     <span class='ocr_line' id='line_1_76' title="bbox 1043 1655 1350 1683; baseline 0 0"><span class='ocrx_word' id='word_1_492' title='bbox 1043 1655 1103 1683; x_wconf 73' lang='lat' dir='ltr'><strong>dite.</strong></span> <span class='ocrx_word' id='word_1_493' title='bbox 1340 1667 1350 1675; x_wconf 74' lang='grc' dir='ltr'><strong>ο</strong></span> 
     </span>
    </p>
   </div>
   <div class='ocr_carea' id='block_1_77' title="bbox 1084 1702 1835 1743">
    <p class='ocr_par' dir='ltr' id='par_1_77' title="bbox 1084 1702 1835 1743">
     <span class='ocr_line' id='line_1_77' title="bbox 1084 1702 1835 1743; baseline 0.015 -16"><span class='ocrx_word' id='word_1_494' title='bbox 1084 1702 1233 1736; x_wconf 68' lang='grc' dir='ltr'><strong>Ιέιιῐιῑρριις,</strong></span> <span class='ocrx_word' id='word_1_495' title='bbox 1252 1702 1404 1738; x_wconf 87' lang='lat' dir='ltr'><strong>Cumanus,</strong></span> <span class='ocrx_word' id='word_1_496' title='bbox 1424 1705 1496 1733; x_wconf 87' lang='lat' dir='ltr'><strong>filius</strong></span> <span class='ocrx_word' id='word_1_497' title='bbox 1513 1705 1668 1743; x_wconf 89' lang='lat' dir='ltr'><strong>Demophili</strong></span> <span class='ocrx_word' id='word_1_498' title='bbox 1686 1709 1728 1736; x_wconf 79' lang='lat' dir='ltr'><strong>rel</strong></span> <span class='ocrx_word' id='word_1_499' title='bbox 1747 1710 1835 1738; x_wconf 79' lang='lat' dir='ltr'><strong>Antio-</strong></span> 
     </span>
    </p>
   </div>
   <div class='ocr_carea' id='block_1_78' title="bbox 1043 1748 1832 1791">
    <p class='ocr_par' dir='ltr' id='par_1_78' title="bbox 1043 1748 1832 1791">
     <span class='ocr_line' id='line_1_78' title="bbox 1043 1748 1832 1791; baseline 0.014 -17"><span class='ocrx_word' id='word_1_500' title='bbox 1043 1748 1097 1780; x_wconf 86' lang='lat' dir='ltr'><strong>chi,</strong></span> <span class='ocrx_word' id='word_1_501' title='bbox 1110 1749 1238 1776; x_wconf 81' lang='lat' dir='ltr'><strong>Isoeratis</strong></span> <span class='ocrx_word' id='word_1_502' title='bbox 1251 1751 1368 1778; x_wconf 85' lang='lat' dir='ltr'><strong>oratoris</strong></span> <span class='ocrx_word' id='word_1_503' title='bbox 1384 1752 1502 1780; x_wconf 88' lang='lat' dir='ltr'><strong>auditor.</strong></span> <span class='ocrx_word' id='word_1_504' title='bbox 1522 1753 1682 1788; x_wconf 78' lang='lat' dir='ltr'><strong>historicus,</strong></span> <span class='ocrx_word' id='word_1_505' title='bbox 1696 1758 1743 1791; x_wconf 89' lang='lat' dir='ltr'><strong>qui</strong></span> <span class='ocrx_word' id='word_1_506' title='bbox 1753 1757 1832 1785; x_wconf 83' lang='lat' dir='ltr'><strong>ﬁlium</strong></span> 
     </span>
    </p>
   </div>
   <div class='ocr_carea' id='block_1_79' title="bbox 1043 1794 1833 1838">
    <p class='ocr_par' dir='ltr' id='par_1_79' title="bbox 1043 1794 1833 1838">
     <span class='ocr_line' id='line_1_79' title="bbox 1043 1794 1833 1838; baseline 0.013 -17"><span class='ocrx_word' id='word_1_507' title='bbox 1043 1794 1141 1821; x_wconf 85' lang='lat' dir='ltr'><strong>habuit</strong></span> <span class='ocrx_word' id='word_1_508' title='bbox 1163 1794 1364 1830; x_wconf 86' lang='lat' dir='ltr'><strong>Demophilum,</strong></span> <span class='ocrx_word' id='word_1_509' title='bbox 1394 1797 1567 1826; x_wconf 77' lang='lat' dir='ltr'><strong>historicum.</strong></span> <span class='ocrx_word' id='word_1_510' title='bbox 1599 1799 1672 1827; x_wconf 75' lang='lat' dir='ltr'><strong>Vixit</strong></span> <span class='ocrx_word' id='word_1_511' title='bbox 1686 1803 1833 1838; x_wconf 78' lang='lat' dir='ltr'><strong>Olympiade</strong></span> 
     </span>
    </p>
   </div>
   <div class='ocr_carea' id='block_1_80' title="bbox 1042 1839 1832 1880">
    <p class='ocr_par' dir='ltr' id='par_1_80' title="bbox 1042 1839 1832 1880">
     <span class='ocr_line' id='line_1_80' title="bbox 1042 1839 1832 1880; baseline 0.014 -14"><span class='ocrx_word' id='word_1_512' title='bbox 1042 1839 1136 1873; x_wconf 77' lang='lat' dir='ltr'><strong>XCIII,</strong></span> <span class='ocrx_word' id='word_1_513' title='bbox 1150 1842 1185 1868; x_wconf 83' lang='lat' dir='ltr'><strong>ita</strong></span> <span class='ocrx_word' id='word_1_514' title='bbox 1201 1846 1229 1869; x_wconf 91' lang='lat' dir='ltr'><strong>nt</strong></span> <span class='ocrx_word' id='word_1_515' title='bbox 1245 1842 1364 1878; x_wconf 84' lang='lat' dir='ltr'><strong>Philippi</strong></span> <span class='ocrx_word' id='word_1_516' title='bbox 1382 1843 1537 1872; x_wconf 77' lang='lat' dir='ltr'><strong>Macedonis</strong></span> <span class='ocrx_word' id='word_1_517' title='bbox 1555 1853 1670 1880; x_wconf 84' lang='lat' dir='ltr'><strong>regnum</strong></span> <span class='ocrx_word' id='word_1_518' title='bbox 1683 1854 1832 1877; x_wconf 66' lang='lat' dir='ltr'><strong>antecesse-</strong></span> 
     </span>
    </p>
   </div>
   <div class='ocr_carea' id='block_1_81' title="bbox 1041 1885 1831 1926">
    <p class='ocr_par' dir='ltr' id='par_1_81' title="bbox 1041 1885 1831 1926">
     <span class='ocr_line' id='line_1_81' title="bbox 1041 1885 1831 1926; baseline 0.011 -13"><span class='ocrx_word' id='word_1_519' title='bbox 1041 1886 1086 1913; x_wconf 85' lang='lat' dir='ltr'><strong>rit.</strong></span> <span class='ocrx_word' id='word_1_520' title='bbox 1103 1885 1218 1922; x_wconf 87' lang='lat' dir='ltr'><strong>Scripsit</strong></span> <span class='ocrx_word' id='word_1_521' title='bbox 1231 1887 1414 1916; x_wconf 81' lang='lat' dir='ltr'><strong>Historiarum</strong></span> <span class='ocrx_word' id='word_1_522' title='bbox 1430 1889 1464 1916; x_wconf 80' lang='lat' dir='ltr'><strong>al)</strong></span> <span class='ocrx_word' id='word_1_523' title='bbox 1482 1889 1522 1916; x_wconf 91' lang='lat' dir='ltr'><strong>Ilii</strong></span> <span class='ocrx_word' id='word_1_524' title='bbox 1536 1893 1742 1926; x_wconf 78' lang='lat' dir='ltr'><strong>expugnatione</strong></span> <span class='ocrx_word' id='word_1_525' title='bbox 1766 1893 1831 1922; x_wconf 78' lang='lat' dir='ltr'><strong>Tro-</strong></span> 
     </span>
    </p>
   </div>
   <div class='ocr_carea' id='block_1_82' title="bbox 1038 1932 1831 1972">
    <p class='ocr_par' dir='ltr' id='par_1_82' title="bbox 1038 1932 1831 1972">
     <span class='ocr_line' id='line_1_82' title="bbox 1038 1932 1831 1972; baseline 0.011 -13"><span class='ocrx_word' id='word_1_526' title='bbox 1038 1932 1160 1969; x_wconf 79' lang='lat' dir='ltr'><strong>janoqtle</strong></span> <span class='ocrx_word' id='word_1_527' title='bbox 1183 1933 1253 1961; x_wconf 88' lang='lat' dir='ltr'><strong>bello</strong></span> <span class='ocrx_word' id='word_1_528' title='bbox 1275 1934 1307 1961; x_wconf 92' lang='lat' dir='ltr'><strong>ad</strong></span> <span class='ocrx_word' id='word_1_529' title='bbox 1324 1942 1372 1961; x_wconf 89' lang='lat' dir='ltr'><strong>sua</strong></span> <span class='ocrx_word' id='word_1_530' title='bbox 1386 1942 1473 1969; x_wconf 91' lang='lat' dir='ltr'><strong>usque</strong></span> <span class='ocrx_word' id='word_1_531' title='bbox 1497 1941 1617 1972; x_wconf 85' lang='lat' dir='ltr'><strong>tempora</strong></span> <span class='ocrx_word' id='word_1_532' title='bbox 1647 1939 1728 1966; x_wconf 80' lang='lat' dir='ltr'><strong>libras</strong></span> <span class='ocrx_word' id='word_1_533' title='bbox 1743 1940 1831 1972; x_wconf 75' lang='grc' dir='ltr'><strong>ΧΧΧ.</strong></span> 
     </span>
    </p>
   </div>
   <div class='ocr_carea' id='block_1_83' title="bbox 1041 1979 1832 2015">
    <p class='ocr_par' dir='ltr' id='par_1_83' title="bbox 1041 1979 1832 2015">
     <span class='ocr_line' id='line_1_83' title="bbox 1041 1979 1832 2015; baseline 0.013 -10"><span class='ocrx_word' id='word_1_534' title='bbox 1041 1979 1078 2006; x_wconf 85' lang='lat' dir='ltr'><strong>De</strong></span> <span class='ocrx_word' id='word_1_535' title='bbox 1092 1979 1166 2006; x_wconf 78' lang='lat' dir='ltr'><strong>bouis</strong></span> <span class='ocrx_word' id='word_1_536' title='bbox 1179 1984 1203 2006; x_wconf 84' lang='lat' dir='ltr'><strong>et</strong></span> <span class='ocrx_word' id='word_1_537' title='bbox 1219 1980 1297 2007; x_wconf 77' lang='lat' dir='ltr'><strong>malis</strong></span> <span class='ocrx_word' id='word_1_538' title='bbox 1311 1981 1386 2008; x_wconf 73' lang='lat' dir='ltr'><strong>Itbris</strong></span> <span class='ocrx_word' id='word_1_539' title='bbox 1398 1981 1514 2015; x_wconf 80' lang='lat' dir='ltr'><strong><em>XXIV;</em></strong></span> <span class='ocrx_word' id='word_1_540' title='bbox 1528 1983 1625 2011; x_wconf 83' lang='lat' dir='ltr'><strong>Rerum</strong></span> <span class='ocrx_word' id='word_1_541' title='bbox 1635 1986 1832 2015; x_wconf 75' lang='lat' dir='ltr'><strong>admirabilium</strong></span> 
     </span>
    </p>
   </div>
   <div class='ocr_carea' id='block_1_84' title="bbox 1043 2026 1830 2067">
    <p class='ocr_par' dir='ltr' id='par_1_84' title="bbox 1043 2026 1830 2067">
     <span class='ocr_line' id='line_1_84' title="bbox 1043 2026 1830 2067; baseline 0.011 -16"><span class='ocrx_word' id='word_1_542' title='bbox 1043 2026 1098 2052; x_wconf 82' lang='grc' dir='ltr'><strong>τῶν</strong></span> <span class='ocrx_word' id='word_1_543' title='bbox 1114 2026 1279 2062; x_wconf 83' lang='grc' dir='ltr'><strong>ἑκασταχοῦ,</strong></span> <span class='ocrx_word' id='word_1_544' title='bbox 1308 2035 1366 2062; x_wconf 65' lang='lat' dir='ltr'><strong>qua?</strong></span> <span class='ocrx_word' id='word_1_545' title='bbox 1383 2028 1410 2054; x_wconf 87' lang='lat' dir='ltr'><strong>in</strong></span> <span class='ocrx_word' id='word_1_546' title='bbox 1422 2030 1514 2063; x_wconf 67' lang='lat' dir='ltr'><strong>quasi:</strong></span> <span class='ocrx_word' id='word_1_547' title='bbox 1531 2031 1636 2065; x_wconf 81' lang='lat' dir='ltr'><strong>regione</strong></span> <span class='ocrx_word' id='word_1_548' title='bbox 1652 2034 1830 2067; x_wconf 78' lang='lat' dir='ltr'><strong>observantur,</strong></span> 
     </span>
    </p>
   </div>
   <div class='ocr_carea' id='block_1_85' title="bbox 1039 2071 1831 2114">
    <p class='ocr_par' dir='ltr' id='par_1_85' title="bbox 1039 2071 1831 2114">
     <span class='ocr_line' id='line_1_85' title="bbox 1039 2071 1831 2114; baseline 0.014 -17"><span class='ocrx_word' id='word_1_549' title='bbox 1039 2071 1121 2099; x_wconf 71' lang='lat' dir='ltr'><strong>libros</strong></span> <span class='ocrx_word' id='word_1_550' title='bbox 1138 2071 1191 2098; x_wconf 75' lang='lat' dir='ltr'><strong>XV</strong></span> <span class='ocrx_word' id='word_1_551' title='bbox 1205 2081 1215 2106; x_wconf 87' lang='lat'><strong><em>;</em></strong></span> <span class='ocrx_word' id='word_1_552' title='bbox 1237 2073 1274 2100; x_wconf 89' lang='lat' dir='ltr'><strong>De</strong></span> <span class='ocrx_word' id='word_1_553' title='bbox 1289 2074 1365 2101; x_wconf 73' lang='lat' dir='ltr'><strong>rebus</strong></span> <span class='ocrx_word' id='word_1_554' title='bbox 1378 2082 1444 2110; x_wconf 72' lang='lat' dir='ltr'><strong>quas</strong></span> <span class='ocrx_word' id='word_1_555' title='bbox 1459 2076 1569 2112; x_wconf 71' lang='lat' dir='ltr'><strong>quisque</strong></span> <span class='ocrx_word' id='word_1_556' title='bbox 1584 2077 1682 2105; x_wconf 68' lang='lat' dir='ltr'><strong>invenit</strong></span> <span class='ocrx_word' id='word_1_557' title='bbox 1698 2079 1778 2107; x_wconf 78' lang='lat' dir='ltr'><strong>libros</strong></span> <span class='ocrx_word' id='word_1_558' title='bbox 1794 2080 1831 2114; x_wconf 88' lang='lat' dir='ltr'><strong>Il,</strong></span> 
     </span>
    </p>
   </div>
   <div class='ocr_carea' id='block_1_86' title="bbox 1039 2118 1142 2146">
    <p class='ocr_par' dir='ltr' id='par_1_86' title="bbox 1039 2118 1142 2146">
     <span class='ocr_line' id='line_1_86' title="bbox 1039 2118 1142 2146; baseline 0 -1"><span class='ocrx_word' id='word_1_559' title='bbox 1039 2122 1066 2145; x_wconf 87' lang='lat' dir='ltr'><strong>et.</strong></span> <span class='ocrx_word' id='word_1_560' title='bbox 1079 2118 1142 2146; x_wconf 86' lang='lat' dir='ltr'><strong>alia.</strong></span> 
     </span>
    </p>
   </div>
   <div class='ocr_carea' id='block_1_87' title="bbox 1074 2164 1831 2205">
    <p class='ocr_par' dir='ltr' id='par_1_87' title="bbox 1074 2164 1831 2205">
     <span class='ocr_line' id='line_1_87' title="bbox 1074 2164 1831 2205; baseline 0.015 -14"><span class='ocrx_word' id='word_1_561' title='bbox 1074 2164 1211 2199; x_wconf 88' lang='lat' dir='ltr'><strong>Ephorus,</strong></span> <span class='ocrx_word' id='word_1_562' title='bbox 1228 2166 1381 2200; x_wconf 86' lang='lat' dir='ltr'><strong>Cumanus,</strong></span> <span class='ocrx_word' id='word_1_563' title='bbox 1396 2166 1638 2205; x_wconf 87' lang='lat' dir='ltr'><strong>etTheopompus,</strong></span> <span class='ocrx_word' id='word_1_564' title='bbox 1652 2171 1831 2202; x_wconf 80' lang='lat' dir='ltr'><strong>Damasistra-</strong></span> 
     </span>
    </p>
   </div>
   <div class='ocr_carea' id='block_1_88' title="bbox 228 2205 1831 2254">
    <p class='ocr_par' dir='ltr' id='par_1_88' title="bbox 228 2205 1831 2254">
     <span class='ocr_line' id='line_1_88' title="bbox 228 2205 1831 2254; baseline 0.009 -22"><span class='ocrx_word' id='word_1_565' title='bbox 228 2205 346 2239; x_wconf 84' lang='lat' dir='ltr'><strong>Ennius,</strong></span> <span class='ocrx_word' id='word_1_566' title='bbox 375 2211 454 2242; x_wconf 84' lang='lat' dir='ltr'><strong>poeta</strong></span> <span class='ocrx_word' id='word_1_567' title='bbox 482 2206 624 2234; x_wconf 77' lang='lat' dir='ltr'><strong>Romanus</strong></span> <span class='ocrx_word' id='word_1_568' title='bbox 643 2206 680 2242; x_wconf 89' lang='lat' dir='ltr'><strong>(id</strong></span> <span class='ocrx_word' id='word_1_569' title='bbox 699 2212 740 2234; x_wconf 87' lang='lat' dir='ltr'><strong>est</strong></span> <span class='ocrx_word' id='word_1_570' title='bbox 757 2207 983 2243; x_wconf 87' lang='lat' dir='ltr'><strong>Latiuus),quem</strong></span> <span class='ocrx_word' id='word_1_571' title='bbox 1000 2210 1023 2240; x_wconf 82' lang='grc' dir='ltr'><strong>Ι)</strong></span> <span class='ocrx_word' id='word_1_572' title='bbox 1039 2210 1059 2236; x_wconf 87' lang='lat' dir='ltr'><strong>ti</strong></span> <span class='ocrx_word' id='word_1_573' title='bbox 1071 2209 1114 2243; x_wconf 83' lang='lat' dir='ltr'><strong>F.,</strong></span> <span class='ocrx_word' id='word_1_574' title='bbox 1128 2209 1225 2243; x_wconf 88' lang='lat' dir='ltr'><strong>Chius,</strong></span> <span class='ocrx_word' id='word_1_575' title='bbox 1238 2211 1318 2239; x_wconf 91' lang='lat' dir='ltr'><strong>ambo</strong></span> <span class='ocrx_word' id='word_1_576' title='bbox 1331 2211 1604 2249; x_wconf 89' lang='lat' dir='ltr'><strong>Isocratisdiscipuli,</strong></span> <span class='ocrx_word' id='word_1_577' title='bbox 1621 2217 1670 2244; x_wconf 88' lang='lat' dir='ltr'><strong>sed</strong></span> <span class='ocrx_word' id='word_1_578' title='bbox 1686 2218 1796 2254; x_wconf 77' lang='lat' dir='ltr'><strong>ingenio</strong></span> <span class='ocrx_word' id='word_1_579' title='bbox 1806 2224 1831 2247; x_wconf 89' lang='lat' dir='ltr'><strong>et</strong></span> 
     </span>
    </p>
   </div>
   <div class='ocr_carea' id='block_1_89' title="bbox 191 2251 981 2289">
    <p class='ocr_par' dir='ltr' id='par_1_89' title="bbox 191 2251 981 2289">
     <span class='ocr_line' id='line_1_89' title="bbox 191 2251 981 2289; baseline 0.005 -11"><span class='ocrx_word' id='word_1_580' title='bbox 191 2251 319 2282; x_wconf 65' lang='lat' dir='ltr'><strong>Allienus</strong></span> <span class='ocrx_word' id='word_1_581' title='bbox 336 2252 417 2280; x_wconf 85' lang='lat' dir='ltr'><strong>laude</strong></span> <span class='ocrx_word' id='word_1_582' title='bbox 433 2253 546 2288; x_wconf 76' lang='lat' dir='ltr'><strong>dignum</strong></span> <span class='ocrx_word' id='word_1_583' title='bbox 576 2260 638 2280; x_wconf 86' lang='lat' dir='ltr'><strong>esse</strong></span> <span class='ocrx_word' id='word_1_584' title='bbox 656 2254 704 2285; x_wconf 88' lang='lat' dir='ltr'><strong>ait,</strong></span> <span class='ocrx_word' id='word_1_585' title='bbox 723 2254 796 2288; x_wconf 74' lang='lat' dir='ltr'><strong>quod</strong></span> <span class='ocrx_word' id='word_1_586' title='bbox 827 2253 981 2289; x_wconf 86' lang='lat' dir='ltr'><strong>Scipionem</strong></span> 
     </span>
    </p>
   </div>
   <div class='ocr_carea' id='block_1_90' title="bbox 191 2298 983 2334">
    <p class='ocr_par' dir='ltr' id='par_1_90' title="bbox 191 2298 983 2334">
     <span class='ocr_line' id='line_1_90' title="bbox 191 2298 983 2334; baseline 0.005 -9"><span class='ocrx_word' id='word_1_587' title='bbox 191 2298 336 2333; x_wconf 83' lang='lat' dir='ltr'><strong>magnifice</strong></span> <span class='ocrx_word' id='word_1_588' title='bbox 358 2299 488 2328; x_wconf 75' lang='lat' dir='ltr'><strong>extollere</strong></span> <span class='ocrx_word' id='word_1_589' title='bbox 504 2299 618 2334; x_wconf 86' lang='lat' dir='ltr'><strong>cupiens</strong></span> <span class='ocrx_word' id='word_1_590' title='bbox 638 2300 758 2334; x_wconf 83' lang='lat' dir='ltr'><strong>scripsit,</strong></span> <span class='ocrx_word' id='word_1_591' title='bbox 775 2301 863 2329; x_wconf 91' lang='lat' dir='ltr'><strong>solum</strong></span> <span class='ocrx_word' id='word_1_592' title='bbox 881 2301 983 2329; x_wconf 80' lang='lat' dir='ltr'><strong>Ilonte-</strong></span> 
     </span>
    </p>
   </div>
   <div class='ocr_carea' id='block_1_91' title="bbox 190 2345 984 2383">
    <p class='ocr_par' dir='ltr' id='par_1_91' title="bbox 190 2345 984 2383">
     <span class='ocr_line' id='line_1_91' title="bbox 190 2345 984 2383; baseline 0.005 -11"><span class='ocrx_word' id='word_1_593' title='bbox 190 2352 252 2372; x_wconf 90' lang='lat' dir='ltr'><strong>rum</strong></span> <span class='ocrx_word' id='word_1_594' title='bbox 281 2346 375 2374; x_wconf 76' lang='lat' dir='ltr'><strong>laudes</strong></span> <span class='ocrx_word' id='word_1_595' title='bbox 402 2345 448 2373; x_wconf 94' lang='lat' dir='ltr'><strong>illo</strong></span> <span class='ocrx_word' id='word_1_596' title='bbox 477 2345 574 2380; x_wconf 76' lang='lat' dir='ltr'><strong>dignas</strong></span> <span class='ocrx_word' id='word_1_597' title='bbox 601 2354 700 2374; x_wconf 85' lang='lat' dir='ltr'><strong>canere</strong></span> <span class='ocrx_word' id='word_1_598' title='bbox 739 2355 830 2382; x_wconf 82' lang='lat' dir='ltr'><strong>posse,</strong></span> <span class='ocrx_word' id='word_1_599' title='bbox 859 2349 984 2383; x_wconf 84' lang='lat' dir='ltr'><strong>adeoque</strong></span> 
     </span>
    </p>
   </div>
   <div class='ocr_carea' id='block_1_92' title="bbox 191 2392 983 2431">
    <p class='ocr_par' dir='ltr' id='par_1_92' title="bbox 191 2392 983 2431">
     <span class='ocr_line' id='line_1_92' title="bbox 191 2392 983 2431; baseline 0.005 -13"><span class='ocrx_word' id='word_1_600' title='bbox 191 2392 378 2428; x_wconf 64' lang='lat' dir='ltr'><strong>prmstantiam</strong></span> <span class='ocrx_word' id='word_1_601' title='bbox 394 2392 454 2427; x_wconf 87' lang='lat' dir='ltr'><strong>ejus</strong></span> <span class='ocrx_word' id='word_1_602' title='bbox 471 2392 622 2428; x_wconf 75' lang='lat' dir='ltr'><strong>intelligere</strong></span> <span class='ocrx_word' id='word_1_603' title='bbox 641 2400 671 2420; x_wconf 87' lang='lat' dir='ltr'><strong>se</strong></span> <span class='ocrx_word' id='word_1_604' title='bbox 691 2393 890 2421; x_wconf 81' lang='lat' dir='ltr'><strong>demonstravit</strong></span> <span class='ocrx_word' id='word_1_605' title='bbox 903 2400 983 2431; x_wconf 84' lang='lat' dir='ltr'><strong>poeta</strong></span> 
     </span>
    </p>
   </div>
   <div class='ocr_carea' id='block_1_93' title="bbox 191 2436 980 2475">
    <p class='ocr_par' dir='ltr' id='par_1_93' title="bbox 191 2436 980 2475">
     <span class='ocr_line' id='line_1_93' title="bbox 191 2436 980 2475; baseline 0.004 -11"><span class='ocrx_word' id='word_1_606' title='bbox 191 2437 412 2472; x_wconf 67' lang='grc' dir='ltr'><strong>Ιιι-δεερίυείὴοε</strong></span> <span class='ocrx_word' id='word_1_607' title='bbox 425 2441 466 2464; x_wconf 88' lang='lat' dir='ltr'><strong>est</strong></span> <span class='ocrx_word' id='word_1_608' title='bbox 477 2436 591 2470; x_wconf 84' lang='lat' dir='ltr'><strong>Ennius,</strong></span> <span class='ocrx_word' id='word_1_609' title='bbox 608 2437 678 2472; x_wconf 89' lang='lat' dir='ltr'><strong>quia</strong></span> <span class='ocrx_word' id='word_1_610' title='bbox 690 2437 815 2473; x_wconf 78' lang='lat' dir='ltr'><strong>Messapo</strong></span> <span class='ocrx_word' id='word_1_611' title='bbox 829 2447 891 2475; x_wconf 70' lang='lat' dir='ltr'><strong>rege</strong></span> <span class='ocrx_word' id='word_1_612' title='bbox 903 2447 980 2467; x_wconf 83' lang='lat' dir='ltr'><strong>suam</strong></span> 
     </span>
    </p>
   </div>
   <div class='ocr_carea' id='block_1_94' title="bbox 191 2483 503 2519">
    <p class='ocr_par' dir='ltr' id='par_1_94' title="bbox 191 2483 503 2519">
     <span class='ocr_line' id='line_1_94' title="bbox 191 2483 503 2519; baseline 0 -9"><span class='ocrx_word' id='word_1_613' title='bbox 191 2485 329 2518; x_wconf 81' lang='lat' dir='ltr'><strong>repetebat</strong></span> <span class='ocrx_word' id='word_1_614' title='bbox 347 2483 503 2519; x_wconf 82' lang='lat' dir='ltr'><strong>originem).</strong></span> 
     </span>
    </p>
   </div>
   <div class='ocr_carea' id='block_1_95' title="bbox 231 2530 980 2568">
    <p class='ocr_par' dir='ltr' id='par_1_95' title="bbox 231 2530 980 2568">
     <span class='ocr_line' id='line_1_95' title="bbox 231 2530 980 2568; baseline 0.005 -12"><span class='ocrx_word' id='word_1_615' title='bbox 231 2530 274 2556; x_wconf 85' lang='grc' dir='ltr'><strong>Ἐν</strong></span> <span class='ocrx_word' id='word_1_616' title='bbox 299 2531 382 2556; x_wconf 81' lang='grc' dir='ltr'><strong>πέντε</strong></span> <span class='ocrx_word' id='word_1_617' title='bbox 406 2530 509 2566; x_wconf 79' lang='grc' dir='ltr'><strong>κριτῶν</strong></span> <span class='ocrx_word' id='word_1_618' title='bbox 533 2530 638 2564; x_wconf 71' lang='grc' dir='ltr'><strong>γόνασι.</strong></span> <span class='ocrx_word' id='word_1_619' title='bbox 666 2530 700 2558; x_wconf 84' lang='grc' dir='ltr'><em>1η</em></span> <span class='ocrx_word' id='word_1_620' title='bbox 722 2532 836 2568; x_wconf 78' lang='lat' dir='ltr'><strong>quinque</strong></span> <span class='ocrx_word' id='word_1_621' title='bbox 857 2532 980 2568; x_wconf 76' lang='lat' dir='ltr'><strong>judicum</strong></span> 
     </span>
    </p>
   </div>
   <div class='ocr_carea' id='block_1_96' title="bbox 187 2576 978 2612">
    <p class='ocr_par' dir='ltr' id='par_1_96' title="bbox 187 2576 978 2612">
     <span class='ocr_line' id='line_1_96' title="bbox 187 2576 978 2612; baseline 0.003 -9"><span class='ocrx_word' id='word_1_622' title='bbox 187 2576 304 2609; x_wconf 79' lang='lat' dir='ltr'><strong>genibus.</strong></span> <span class='ocrx_word' id='word_1_623' title='bbox 317 2576 388 2603; x_wconf 87' lang='lat' dir='ltr'><strong>Olim</strong></span> <span class='ocrx_word' id='word_1_624' title='bbox 400 2577 522 2611; x_wconf 84' lang='lat' dir='ltr'><strong>quinque</strong></span> <span class='ocrx_word' id='word_1_625' title='bbox 530 2576 636 2612; x_wconf 69' lang='lat' dir='ltr'><strong>iudices</strong></span> <span class='ocrx_word' id='word_1_626' title='bbox 645 2577 678 2604; x_wconf 88' lang='lat' dir='ltr'><strong>de</strong></span> <span class='ocrx_word' id='word_1_627' title='bbox 688 2578 802 2605; x_wconf 80' lang='lat' dir='ltr'><strong>comicis</strong></span> <span class='ocrx_word' id='word_1_628' title='bbox 809 2578 978 2612; x_wconf 80' lang='lat' dir='ltr'><strong>judicabant,</strong></span> 
     </span>
    </p>
   </div>
   <div class='ocr_carea' id='block_1_97' title="bbox 223 2679 979 2716">
    <p class='ocr_par' dir='ltr' id='par_1_97' title="bbox 223 2679 979 2716">
     <span class='ocr_line' id='line_1_97' title="bbox 223 2679 979 2716; baseline -0.001 -9"><span class='ocrx_word' id='word_1_629' title='bbox 223 2681 278 2716; x_wconf 76' lang='lat'><strong>(65)</strong></span> <span class='ocrx_word' id='word_1_630' title='bbox 302 2680 336 2707; x_wconf 83' lang='lat' dir='ltr'><strong>At</strong></span> <span class='ocrx_word' id='word_1_631' title='bbox 353 2680 487 2708; x_wconf 65' lang='lat' dir='ltr'><strong>Kusterus</strong></span> <span class='ocrx_word' id='word_1_632' title='bbox 501 2689 514 2707; x_wconf 93' lang='lat' dir='ltr'><strong>e</strong></span> <span class='ocrx_word' id='word_1_633' title='bbox 531 2680 610 2707; x_wconf 72' lang='lat' dir='ltr'><strong>codd.</strong></span> <span class='ocrx_word' id='word_1_634' title='bbox 633 2680 718 2716; x_wconf 77' lang='lat' dir='ltr'><strong>Paris.</strong></span> <span class='ocrx_word' id='word_1_635' title='bbox 734 2685 761 2707; x_wconf 73' lang='lat' dir='ltr'><strong>et</strong></span> <span class='ocrx_word' id='word_1_636' title='bbox 784 2684 892 2714; x_wconf 89' lang='lat' dir='ltr'><strong>propter</strong></span> <span class='ocrx_word' id='word_1_637' title='bbox 909 2679 979 2706; x_wconf 77' lang='lat' dir='ltr'><strong>litte-</strong></span> 
     </span>
    </p>
   </div>
   <div class='ocr_carea' id='block_1_98' title="bbox 187 2715 770 2749">
    <p class='ocr_par' dir='ltr' id='par_1_98' title="bbox 187 2715 770 2749">
     <span class='ocr_line' id='line_1_98' title="bbox 187 2715 770 2749; baseline -0.005 -4"><span class='ocrx_word' id='word_1_638' title='bbox 187 2725 279 2745; x_wconf 86' lang='lat' dir='ltr'><strong>rarum</strong></span> <span class='ocrx_word' id='word_1_639' title='bbox 295 2718 393 2743; x_wconf 64' lang='lat' dir='ltr'><strong>seriem</strong></span> <span class='ocrx_word' id='word_1_640' title='bbox 410 2716 495 2743; x_wconf 87' lang='lat' dir='ltr'><strong>edidit</strong></span> <span class='ocrx_word' id='word_1_641' title='bbox 509 2715 665 2749; x_wconf 57' lang='grc' dir='ltr'><strong>ἐλεγείιειν,</strong></span> <span class='ocrx_word' id='word_1_642' title='bbox 684 2715 770 2742; x_wconf 73' lang='lat' dir='ltr'><strong>“ant.</strong></span> 
     </span>
    </p>
   </div>
   <div class='ocr_carea' id='block_1_99' title="bbox 226 2751 979 2788">
    <p class='ocr_par' dir='ltr' id='par_1_99' title="bbox 226 2751 979 2788">
     <span class='ocr_line' id='line_1_99' title="bbox 226 2751 979 2788; baseline 0.001 -11"><span class='ocrx_word' id='word_1_643' title='bbox 226 2752 281 2785; x_wconf 68' lang='lat' dir='ltr'><strong>(iiii)</strong></span> <span class='ocrx_word' id='word_1_644' title='bbox 296 2751 406 2788; x_wconf 42' lang='lat' dir='ltr'><strong>[fallitur</strong></span> <span class='ocrx_word' id='word_1_645' title='bbox 424 2751 532 2788; x_wconf 74' lang='lat' dir='ltr'><strong>Suidas,</strong></span> <span class='ocrx_word' id='word_1_646' title='bbox 545 2752 680 2785; x_wconf 64' lang='lat' dir='ltr'><strong>Set-plicis</strong></span> <span class='ocrx_word' id='word_1_647' title='bbox 694 2753 828 2784; x_wconf 63' lang='lat' dir='ltr'><strong>tribuens,</strong></span> <span class='ocrx_word' id='word_1_648' title='bbox 843 2753 914 2788; x_wconf 79' lang='lat' dir='ltr'><strong>quod</strong></span> <span class='ocrx_word' id='word_1_649' title='bbox 928 2753 979 2780; x_wconf 88' lang='lat' dir='ltr'><strong>luit</strong></span> 
     </span>
    </p>
   </div>
   <div class='ocr_carea' id='block_1_100' title="bbox 185 2787 979 2823">
    <p class='ocr_par' dir='ltr' id='par_1_100' title="bbox 185 2787 979 2823">
     <span class='ocr_line' id='line_1_100' title="bbox 185 2787 979 2823; baseline 0.001 -10"><span class='ocrx_word' id='word_1_650' title='bbox 185 2787 364 2821; x_wconf 83' lang='lat' dir='ltr'><strong>quorumdam</strong></span> <span class='ocrx_word' id='word_1_651' title='bbox 375 2787 611 2823; x_wconf 76' lang='lat' dir='ltr'><strong>Academicorum.</strong></span> <span class='ocrx_word' id='word_1_652' title='bbox 629 2788 694 2814; x_wconf 82' lang='lat' dir='ltr'><strong>Nam</strong></span> <span class='ocrx_word' id='word_1_653' title='bbox 710 2788 824 2823; x_wconf 63' lang='grc' dir='ltr'><strong>δωριὶυὶ</strong></span> <span class='ocrx_word' id='word_1_654' title='bbox 843 2787 908 2816; x_wconf 86' lang='lat' dir='ltr'><strong>nihil</strong></span> <span class='ocrx_word' id='word_1_655' title='bbox 925 2794 979 2814; x_wconf 76' lang='lat' dir='ltr'><strong>sta-</strong></span> 
     </span>
    </p>
   </div>
   <div class='ocr_carea' id='block_1_101' title="bbox 186 2822 978 2856">
    <p class='ocr_par' dir='ltr' id='par_1_101' title="bbox 186 2822 978 2856">
     <span class='ocr_line' id='line_1_101' title="bbox 186 2822 978 2856; baseline 0.003 -8"><span class='ocrx_word' id='word_1_656' title='bbox 186 2826 297 2848; x_wconf 65' lang='grc' dir='ltr'><strong>ιυε-τιιιιι</strong></span> <span class='ocrx_word' id='word_1_657' title='bbox 313 2829 400 2855; x_wconf 70' lang='lat' dir='ltr'><strong>neque</strong></span> <span class='ocrx_word' id='word_1_658' title='bbox 413 2822 605 2856; x_wconf 64' lang='lat' dir='ltr'><strong>eoo‘rttiztmv,</strong></span> <span class='ocrx_word' id='word_1_659' title='bbox 620 2824 667 2849; x_wconf 77' lang='lat' dir='ltr'><strong>sed</strong></span> <span class='ocrx_word' id='word_1_660' title='bbox 685 2822 874 2851; x_wconf 80' lang='lat' dir='ltr'><strong>tantummodo</strong></span> <span class='ocrx_word' id='word_1_661' title='bbox 896 2824 978 2850; x_wconf 83' lang='lat' dir='ltr'><strong>dubi-</strong></span> 
     </span>
    </p>
   </div>
   <div class='ocr_carea' id='block_1_102' title="bbox 186 2856 977 2894">
    <p class='ocr_par' dir='ltr' id='par_1_102' title="bbox 186 2856 977 2894">
     <span class='ocr_line' id='line_1_102' title="bbox 186 2856 977 2894; baseline 0.003 -11"><span class='ocrx_word' id='word_1_662' title='bbox 186 2863 244 2884; x_wconf 82' lang='lat' dir='ltr'><strong>tare</strong></span> <span class='ocrx_word' id='word_1_663' title='bbox 261 2864 289 2883; x_wconf 83' lang='lat' dir='ltr'><strong>se</strong></span> <span class='ocrx_word' id='word_1_664' title='bbox 312 2857 517 2889; x_wconf 76' lang='lat' dir='ltr'><strong>proﬁtebantur.</strong></span> <span class='ocrx_word' id='word_1_665' title='bbox 545 2856 621 2886; x_wconf 75' lang='lat' dir='ltr'><strong>Vade.</strong></span> <span class='ocrx_word' id='word_1_666' title='bbox 643 2866 664 2884; x_wconf 83' lang='lat' dir='ltr'><strong>st</strong></span> <span class='ocrx_word' id='word_1_667' title='bbox 682 2860 780 2894; x_wconf 78' lang='lat' dir='ltr'><strong>p&#39;ncct,</strong></span> <span class='ocrx_word' id='word_1_668' title='bbox 801 2868 860 2894; x_wconf 69' lang='lat' dir='ltr'><strong>qua-</strong></span> <span class='ocrx_word' id='word_1_669' title='bbox 886 2859 977 2885; x_wconf 85' lang='lat' dir='ltr'><strong>notavi</strong></span> 
     </span>
    </p>
   </div>
   <div class='ocr_carea' id='block_1_103' title="bbox 1038 2258 1828 2298">
    <p class='ocr_par' dir='ltr' id='par_1_103' title="bbox 1038 2258 1828 2298">
     <span class='ocr_line' id='line_1_103' title="bbox 1038 2258 1828 2298; baseline 0.011 -15"><span class='ocrx_word' id='word_1_670' title='bbox 1038 2258 1108 2291; x_wconf 88' lang='lat' dir='ltr'><strong>ston</strong></span> <span class='ocrx_word' id='word_1_671' title='bbox 1135 2265 1217 2292; x_wconf 76' lang='lat' dir='ltr'><strong>quam</strong></span> <span class='ocrx_word' id='word_1_672' title='bbox 1243 2258 1363 2285; x_wconf 82' lang='lat' dir='ltr'><strong>maxime</strong></span> <span class='ocrx_word' id='word_1_673' title='bbox 1386 2258 1457 2286; x_wconf 88' lang='lat' dir='ltr'><strong>inter</strong></span> <span class='ocrx_word' id='word_1_674' title='bbox 1480 2267 1510 2288; x_wconf 86' lang='lat' dir='ltr'><strong>se</strong></span> <span class='ocrx_word' id='word_1_675' title='bbox 1537 2261 1738 2298; x_wconf 85' lang='lat' dir='ltr'><strong>diserepantes.</strong></span> <span class='ocrx_word' id='word_1_676' title='bbox 1763 2264 1828 2292; x_wconf 87' lang='lat' dir='ltr'><strong>Nam</strong></span> 
     </span>
    </p>
   </div>
   <div class='ocr_carea' id='block_1_104' title="bbox 1037 2302 1827 2342">
    <p class='ocr_par' dir='ltr' id='par_1_104' title="bbox 1037 2302 1827 2342">
     <span class='ocr_line' id='line_1_104' title="bbox 1037 2302 1827 2342; baseline 0.014 -13"><span class='ocrx_word' id='word_1_677' title='bbox 1037 2302 1284 2339; x_wconf 78' lang='lat' dir='ltr'><strong>Ephorusingenio</strong></span> <span class='ocrx_word' id='word_1_678' title='bbox 1304 2310 1363 2332; x_wconf 89' lang='lat' dir='ltr'><strong>erat</strong></span> <span class='ocrx_word' id='word_1_679' title='bbox 1377 2305 1505 2340; x_wconf 79' lang='lat' dir='ltr'><strong>simplici,</strong></span> <span class='ocrx_word' id='word_1_680' title='bbox 1516 2312 1540 2334; x_wconf 88' lang='lat' dir='ltr'><strong>et</strong></span> <span class='ocrx_word' id='word_1_681' title='bbox 1553 2309 1625 2342; x_wconf 88' lang='lat' dir='ltr'><strong>quod</strong></span> <span class='ocrx_word' id='word_1_682' title='bbox 1637 2309 1671 2337; x_wconf 90' lang='lat' dir='ltr'><strong>ad</strong></span> <span class='ocrx_word' id='word_1_683' title='bbox 1684 2311 1827 2339; x_wconf 87' lang='lat' dir='ltr'><strong>dictionem</strong></span> 
     </span>
    </p>
   </div>
   <div class='ocr_carea' id='block_1_105' title="bbox 1037 2348 1829 2393">
    <p class='ocr_par' dir='ltr' id='par_1_105' title="bbox 1037 2348 1829 2393">
     <span class='ocr_line' id='line_1_105' title="bbox 1037 2348 1829 2393; baseline 0.013 -18"><span class='ocrx_word' id='word_1_684' title='bbox 1037 2348 1096 2383; x_wconf 82' lang='lat' dir='ltr'><strong>ejus</strong></span> <span class='ocrx_word' id='word_1_685' title='bbox 1109 2348 1267 2377; x_wconf 88' lang='lat' dir='ltr'><strong>historicam</strong></span> <span class='ocrx_word' id='word_1_686' title='bbox 1281 2351 1389 2384; x_wconf 88' lang='lat' dir='ltr'><strong>attinet,</strong></span> <span class='ocrx_word' id='word_1_687' title='bbox 1403 2353 1519 2386; x_wconf 89' lang='lat' dir='ltr'><strong>supinus</strong></span> <span class='ocrx_word' id='word_1_688' title='bbox 1529 2358 1555 2380; x_wconf 85' lang='lat' dir='ltr'><strong>et</strong></span> <span class='ocrx_word' id='word_1_689' title='bbox 1565 2355 1658 2389; x_wconf 86' lang='lat' dir='ltr'><strong>segnis</strong></span> <span class='ocrx_word' id='word_1_690' title='bbox 1667 2363 1829 2393; x_wconf 82' lang='lat' dir='ltr'><strong>semperque</strong></span> 
     </span>
    </p>
   </div>
   <div class='ocr_carea' id='block_1_106' title="bbox 1037 2394 1829 2434">
    <p class='ocr_par' dir='ltr' id='par_1_106' title="bbox 1037 2394 1829 2434">
     <span class='ocr_line' id='line_1_106' title="bbox 1037 2394 1829 2434; baseline 0.014 -13"><span class='ocrx_word' id='word_1_691' title='bbox 1037 2395 1179 2422; x_wconf 84' lang='lat' dir='ltr'><strong>remissus.</strong></span> <span class='ocrx_word' id='word_1_692' title='bbox 1199 2394 1392 2432; x_wconf 85' lang='lat' dir='ltr'><strong>Theopompus</strong></span> <span class='ocrx_word' id='word_1_693' title='bbox 1409 2405 1474 2425; x_wconf 87' lang='lat' dir='ltr'><strong>vero</strong></span> <span class='ocrx_word' id='word_1_694' title='bbox 1491 2399 1604 2434; x_wconf 78' lang='lat' dir='ltr'><strong>ingenio</strong></span> <span class='ocrx_word' id='word_1_695' title='bbox 1618 2407 1678 2429; x_wconf 89' lang='lat' dir='ltr'><strong>erat</strong></span> <span class='ocrx_word' id='word_1_696' title='bbox 1690 2404 1790 2431; x_wconf 87' lang='lat' dir='ltr'><strong>acerbo</strong></span> <span class='ocrx_word' id='word_1_697' title='bbox 1803 2408 1829 2432; x_wconf 87' lang='lat' dir='ltr'><strong>et</strong></span> 
     </span>
    </p>
   </div>
   <div class='ocr_carea' id='block_1_107' title="bbox 1035 2440 1826 2481">
    <p class='ocr_par' dir='ltr' id='par_1_107' title="bbox 1035 2440 1826 2481">
     <span class='ocr_line' id='line_1_107' title="bbox 1035 2440 1826 2481; baseline 0.013 -13"><span class='ocrx_word' id='word_1_698' title='bbox 1035 2440 1156 2476; x_wconf 84' lang='lat' dir='ltr'><strong>maligno</strong></span> <span class='ocrx_word' id='word_1_699' title='bbox 1167 2449 1174 2474; x_wconf 90' lang='lat'><strong>;</strong></span> <span class='ocrx_word' id='word_1_700' title='bbox 1185 2446 1219 2469; x_wconf 80' lang='lat' dir='ltr'><strong>at</strong></span> <span class='ocrx_word' id='word_1_701' title='bbox 1232 2442 1350 2470; x_wconf 90' lang='lat' dir='ltr'><strong>dictione</strong></span> <span class='ocrx_word' id='word_1_702' title='bbox 1365 2445 1496 2479; x_wconf 88' lang='lat' dir='ltr'><strong>copiosus</strong></span> <span class='ocrx_word' id='word_1_703' title='bbox 1515 2451 1543 2473; x_wconf 91' lang='lat' dir='ltr'><strong>et</strong></span> <span class='ocrx_word' id='word_1_704' title='bbox 1565 2446 1683 2481; x_wconf 82' lang='lat' dir='ltr'><strong>densus,</strong></span> <span class='ocrx_word' id='word_1_705' title='bbox 1700 2457 1732 2477; x_wconf 88' lang='lat' dir='ltr'><strong>ac</strong></span> <span class='ocrx_word' id='word_1_706' title='bbox 1747 2451 1826 2478; x_wconf 85' lang='lat' dir='ltr'><strong>vehe-</strong></span> 
     </span>
    </p>
   </div>
   <div class='ocr_carea' id='block_1_108' title="bbox 1034 2487 1825 2531">
    <p class='ocr_par' dir='ltr' id='par_1_108' title="bbox 1034 2487 1825 2531">
     <span class='ocr_line' id='line_1_108' title="bbox 1034 2487 1825 2531; baseline 0.014 -18"><span class='ocrx_word' id='word_1_707' title='bbox 1034 2487 1142 2514; x_wconf 79' lang='lat' dir='ltr'><strong>mentiaa</strong></span> <span class='ocrx_word' id='word_1_708' title='bbox 1154 2487 1270 2522; x_wconf 86' lang='lat' dir='ltr'><strong>plenus:</strong></span> <span class='ocrx_word' id='word_1_709' title='bbox 1284 2491 1433 2524; x_wconf 60' lang='lat' dir='ltr'><strong>ceteroqui</strong></span> <span class='ocrx_word' id='word_1_710' title='bbox 1451 2491 1507 2518; x_wconf 77' lang='lat' dir='ltr'><strong>veri</strong></span> <span class='ocrx_word' id='word_1_711' title='bbox 1524 2492 1669 2522; x_wconf 90' lang='lat' dir='ltr'><strong>studiosus</strong></span> <span class='ocrx_word' id='word_1_712' title='bbox 1686 2496 1714 2522; x_wconf 90' lang='lat' dir='ltr'><strong>in</strong></span> <span class='ocrx_word' id='word_1_713' title='bbox 1725 2496 1825 2531; x_wconf 70' lang='lat' dir='ltr'><strong>iisquae</strong></span> 
     </span>
    </p>
   </div>
   <div class='ocr_carea' id='block_1_109' title="bbox 1032 2533 1823 2576">
    <p class='ocr_par' dir='ltr' id='par_1_109' title="bbox 1032 2533 1823 2576">
     <span class='ocr_line' id='line_1_109' title="bbox 1032 2533 1823 2576; baseline 0.014 -17"><span class='ocrx_word' id='word_1_714' title='bbox 1032 2533 1180 2561; x_wconf 87' lang='lat' dir='ltr'><strong>scribebat.</strong></span> <span class='ocrx_word' id='word_1_715' title='bbox 1201 2533 1335 2562; x_wconf 80' lang='lat' dir='ltr'><strong>Isocrates</strong></span> <span class='ocrx_word' id='word_1_716' title='bbox 1361 2535 1444 2571; x_wconf 77' lang='lat' dir='ltr'><strong>igitur</strong></span> <span class='ocrx_word' id='word_1_717' title='bbox 1458 2536 1531 2565; x_wconf 90' lang='lat' dir='ltr'><strong>hunc</strong></span> <span class='ocrx_word' id='word_1_718' title='bbox 1554 2538 1650 2573; x_wconf 87' lang='lat' dir='ltr'><strong>frenis,</strong></span> <span class='ocrx_word' id='word_1_719' title='bbox 1685 2541 1823 2576; x_wconf 85' lang='lat' dir='ltr'><strong>Ephorum</strong></span> 
     </span>
    </p>
   </div>
   <div class='ocr_carea' id='block_1_110' title="bbox 1031 2579 1823 2626">
    <p class='ocr_par' dir='ltr' id='par_1_110' title="bbox 1031 2579 1823 2626">
     <span class='ocr_line' id='line_1_110' title="bbox 1031 2579 1823 2626; baseline 0.01 -20"><span class='ocrx_word' id='word_1_720' title='bbox 1031 2586 1097 2607; x_wconf 89' lang='lat' dir='ltr'><strong>vero</strong></span> <span class='ocrx_word' id='word_1_721' title='bbox 1112 2579 1266 2608; x_wconf 81' lang='lat' dir='ltr'><strong>calcaribus</strong></span> <span class='ocrx_word' id='word_1_722' title='bbox 1280 2581 1401 2617; x_wconf 80' lang='lat' dir='ltr'><strong>indigere</strong></span> <span class='ocrx_word' id='word_1_723' title='bbox 1414 2582 1493 2610; x_wconf 81' lang='lat' dir='ltr'><strong>dixit.</strong></span> <span class='ocrx_word' id='word_1_724' title='bbox 1509 2583 1706 2626; x_wconf 71' lang='lat' dir='ltr'><strong>Theopompus</strong></span> <span class='ocrx_word' id='word_1_725' title='bbox 1724 2593 1823 2623; x_wconf 88' lang='lat' dir='ltr'><strong>autem,</strong></span> 
     </span>
    </p>
   </div>
   <div class='ocr_carea' id='block_1_111' title="bbox 1029 2680 1388 2717">
    <p class='ocr_par' dir='ltr' id='par_1_111' title="bbox 1029 2680 1388 2717">
     <span class='ocr_line' id='line_1_111' title="bbox 1029 2680 1388 2717; baseline 0.006 -9"><span class='ocrx_word' id='word_1_726' title='bbox 1029 2680 1063 2708; x_wconf 85' lang='lat' dir='ltr'><strong>ad</strong></span> <span class='ocrx_word' id='word_1_727' title='bbox 1079 2680 1191 2708; x_wconf 79' lang='lat' dir='ltr'><strong>Sextum</strong></span> <span class='ocrx_word' id='word_1_728' title='bbox 1210 2681 1388 2717; x_wconf 84' lang='lat' dir='ltr'><strong>Empiricurn.</strong></span> 
     </span>
    </p>
   </div>
   <div class='ocr_carea' id='block_1_112' title="bbox 1065 2716 1822 2759">
    <p class='ocr_par' dir='ltr' id='par_1_112' title="bbox 1065 2716 1822 2759">
     <span class='ocr_line' id='line_1_112' title="bbox 1065 2716 1822 2759; baseline 0.012 -16"><span class='ocrx_word' id='word_1_729' title='bbox 1065 2716 1121 2758; x_wconf 56' lang='lat' dir='ltr'><strong>(b7)</strong></span> <span class='ocrx_word' id='word_1_730' title='bbox 1138 2716 1285 2759; x_wconf 58' lang='lat' dir='ltr'><strong>Kﬁstcrad</strong></span> <span class='ocrx_word' id='word_1_731' title='bbox 1303 2719 1330 2746; x_wconf 92' lang='lat' dir='ltr'><strong>h.</strong></span> <span class='ocrx_word' id='word_1_732' title='bbox 1345 2719 1444 2759; x_wconf 89' lang='lat' dir='ltr'><strong>l._to_m.</strong></span> <span class='ocrx_word' id='word_1_733' title='bbox 1459 2720 1491 2753; x_wconf 89' lang='lat' dir='ltr'><strong>II,</strong></span> <span class='ocrx_word' id='word_1_734' title='bbox 1508 2728 1570 2756; x_wconf 83' lang='lat' dir='ltr'><strong>pag.</strong></span> <span class='ocrx_word' id='word_1_735' title='bbox 1583 2721 1647 2754; x_wconf 80' lang='lat' dir='ltr'><strong>9m,</strong></span> <span class='ocrx_word' id='word_1_736' title='bbox 1662 2728 1722 2750; x_wconf 90' lang='lat' dir='ltr'><strong>not.</strong></span> <span class='ocrx_word' id='word_1_737' title='bbox 1733 2724 1760 2756; x_wconf 81' lang='lat'><strong>8,</strong></span> <span class='ocrx_word' id='word_1_738' title='bbox 1775 2732 1822 2759; x_wconf 87' lang='lat' dir='ltr'><strong>pro</strong></span> 
     </span>
    </p>
   </div>
   <div class='ocr_carea' id='block_1_113' title="bbox 1028 2753 1820 2794">
    <p class='ocr_par' dir='ltr' id='par_1_113' title="bbox 1028 2753 1820 2794">
     <span class='ocr_line' id='line_1_113' title="bbox 1028 2753 1820 2794; baseline 0.011 -17"><span class='ocrx_word' id='word_1_739' title='bbox 1028 2753 1211 2794; x_wconf 51' lang='grc' dir='ltr'><strong>ῖριςξκξντατὸ</strong></span> <span class='ocrx_word' id='word_1_740' title='bbox 1220 2754 1282 2794; x_wconf 44' lang='lat' dir='ltr'><strong>egi};</strong></span> <span class='ocrx_word' id='word_1_741' title='bbox 1298 2756 1392 2794; x_wconf 45' lang='lat' dir='ltr'><strong>masta</strong></span> <span class='ocrx_word' id='word_1_742' title='bbox 1406 2757 1495 2794; x_wconf 78' lang='lat' dir='ltr'><strong>legere</strong></span> <span class='ocrx_word' id='word_1_743' title='bbox 1504 2753 1580 2783; x_wconf 70' lang='grc' dir='ltr'><strong>ιίιιιῙιὶ</strong></span> <span class='ocrx_word' id='word_1_744' title='bbox 1591 2753 1652 2792; x_wconf 63' lang='grc' dir='ltr'>τρὶς</span> <span class='ocrx_word' id='word_1_745' title='bbox 1666 2759 1695 2784; x_wconf 71' lang='grc' dir='ltr'>τὸ</span> <span class='ocrx_word' id='word_1_746' title='bbox 1707 2753 1820 2794; x_wconf 38' lang='lat' dir='ltr'><strong>eisin,</strong></span> 
     </span>
    </p>
   </div>
   <div class='ocr_carea' id='block_1_114' title="bbox 1030 2788 1820 2828">
    <p class='ocr_par' dir='ltr' id='par_1_114' title="bbox 1030 2788 1820 2828">
     <span class='ocr_line' id='line_1_114' title="bbox 1030 2788 1820 2828; baseline 0.013 -15"><span class='ocrx_word' id='word_1_747' title='bbox 1030 2791 1068 2828; x_wconf 71' lang='lat' dir='ltr'><strong>ter</strong></span> <span class='ocrx_word' id='word_1_748' title='bbox 1077 2788 1205 2828; x_wconf 68' lang='lat' dir='ltr'><strong>dejeetum</strong></span> <span class='ocrx_word' id='word_1_749' title='bbox 1216 2788 1297 2828; x_wconf 69' lang='lat' dir='ltr'><strong>fuisse</strong></span> <span class='ocrx_word' id='word_1_750' title='bbox 1312 2791 1346 2817; x_wconf 88' lang='lat' dir='ltr'><strong>ab</strong></span> <span class='ocrx_word' id='word_1_751' title='bbox 1360 2788 1528 2824; x_wconf 62' lang='lat' dir='ltr'><strong>adversario,</strong></span> <span class='ocrx_word' id='word_1_752' title='bbox 1543 2788 1677 2828; x_wconf 74' lang='lat' dir='ltr'><strong>suamque.</strong></span> <span class='ocrx_word' id='word_1_753' title='bbox 1693 2788 1820 2822; x_wconf 57' lang='lat' dir='ltr'><strong>eluenda:</strong></span> 
     </span>
    </p>
   </div>
   <div class='ocr_carea' id='block_1_115' title="bbox 1030 2823 1806 2864">
    <p class='ocr_par' dir='ltr' id='par_1_115' title="bbox 1030 2823 1806 2864">
     <span class='ocr_line' id='line_1_115' title="bbox 1030 2823 1806 2864; baseline 0.012 -15"><span class='ocrx_word' id='word_1_754' title='bbox 1030 2823 1131 2851; x_wconf 89' lang='lat' dir='ltr'><strong>tionem</strong></span> <span class='ocrx_word' id='word_1_755' title='bbox 1144 2824 1197 2852; x_wconf 85' lang='lat' dir='ltr'><strong>late</strong></span> <span class='ocrx_word' id='word_1_756' title='bbox 1206 2826 1376 2861; x_wconf 79' lang='lat' dir='ltr'><strong>pulchreque</strong></span> <span class='ocrx_word' id='word_1_757' title='bbox 1390 2828 1509 2862; x_wconf 80' lang='lat' dir='ltr'><strong>explicat</strong></span> <span class='ocrx_word' id='word_1_758' title='bbox 1542 2823 1705 2864; x_wconf 53' lang='lat' dir='ltr'><strong>probat-quc.</strong></span> <span class='ocrx_word' id='word_1_759' title='bbox 1723 2830 1806 2858; x_wconf 73' lang='lat' dir='ltr'><strong>IIABL.</strong></span> 
     </span>
    </p>
   </div>
  </div>
