1921 3072
101 143 157 176 ιξω

698 142 746 171 DE
766 141 909 177 QUIBUS
928 141 1079 172 SUlDAS.

1635 139 1703 170 1:262

129 199 240 232 Εὐεστὼ,
253 199 336 226 animi
349 198 568 232 tranquillitatem
585 197 765 230 Democritus,
781 199 868 225 Abdc-
885 204 907 231 Α
924 200 949 226 in
964 200 1077 234 poeticis
1103 206 1167 226 vero
1187 198 1343 232 Archcbuli,
1366 197 1482 231 Thermi,
1504 201 1599 232 poetae.
1623 198 1702 231 cujus

99 246 249 279 rita,docuit
263 246 342 272 linem
359 252 420 272 esse
433 250 458 272 et
471 251 609 272 sumtnum
627 244 777 276 felicitatis,
799 249 853 271 etc.

131 292 277 323 Euetcrius.
304 290 440 317 .Iminiani
465 290 530 324 imp.
558 289 727 324 temporibus
751 291 872 317 doctrina

98 338 196 373 quidem
211 342 236 364 et
254 337 352 371 ingenii
369 336 522 371 praestantia
540 336 658 370 antiquis
675 343 729 363 non
751 335 871 368 inferior,

99 386 140 411 scd
152 384 194 418 qui
206 391 236 409 ex
253 382 326 408 molli
343 382 513 416 simplicitate
525 381 625 408 multos
639 381 760 408 insontes
776 388 873 416 passus

99 435 134 458 cst
147 429 234 464 judicii
252 427 356 462 laqueis
373 426 484 453 irretiri.

130 474 269 508 Engenius,
285 472 423 507 Trophimi
438 471 758 507 F.,Augustopolitanus,
771 471 872 506 Phryx,

98 520 293 554 grammaticus,
314 518 406 544 docuit
427 516 518 548 CPoli,
547 516 592 543 ubi
619 516 696 543 valde
715 516 805 543 clarus
823 516 873 543 fuit

94 566 146 598 jam
175 570 254 590 senex
283 567 405 596 telixpore
432 560 568 587 Anastasii
601 560 667 596 imp.
693 559 807 594 Set-ipsit
840 561 873 587 de

96 610 258 637 dimensione
271 615 399 635 versuum
413 607 572 634 mclicorum
590 605 722 642 Aischyli,
731 605 872 640 Sophoclis

95 661 120 683 ct
133 655 266 689 Euripidis
280 654 306 680 in
323 653 422 680 fabulis
433 651 491 679 XV.
511 652 546 679 De
561 652 667 687 pa'onio
682 657 709 679 et
725 651 873 686 palimbac-

96 703 152 730 chio
166 707 252 728 tnctro
266 709 273 734 ;
290 702 323 727 de
341 699 497 726 nominibus
512 699 676 733 tempEOrum
690 703 717 725 et
732 697 872 733 quomodo

96 756 124 774 ea
147 747 258 782 proferri
288 746 416 778 debeant,
438 750 467 772 ut
491 744 652 775 Atovdcstov,
674 743 870 779 “Ασκληπίειον.

97 793 228 820 Vocabula
252 791 422 818 miscellanea
449 790 544 817 ordine
568 789 748 824 alphabetico,
767 790 794 815 in
818 797 871 824 quo

95 847 170 874 opere
197 838 281 865 etiam
300 845 367 864 nova
385 836 510 872 quadam
527 841 554 863 et
578 835 727 871 singularia
745 835 825 862 habet
838 836 871 862 a'l

93 873 240 913 accentum,
251 880 690 917 spiritum,scripturam,fabulam
706 885 751 907 aut
762 888 872 914 prover-
890 873 908 901 Β

97 930 164 956 bium
180 928 363 963 pertinentia;
379 927 412 953 de
426 927 593 958 nominibus,
607 926 632 953 in
648 935 663 952 α
679 925 872 957 desinentibus,

94 979 121 1000 ut
136 974 218 1000 ἐνίειαι
234 973 274 1000 vel
289 972 372 1004 Evolat,
382 977 407 1000 et
419 973 527 1007 quando
537 980 567 998 ea
581 971 704 998 bifariam
718 971 872 998 eﬂ‘eranlur.

94 1019 152 1046 Item
169 1019 220 1045 alia
237 1018 358 1053 qumdam
379 1018 491 1044 iamhica
511 1017 643 1043 trimetro.

125 1066 242 1100 Εὔλογον
266 1066 396 1100 ἀξίωμα..
424 1065 530 1090 axioma
558 1064 714 1098 probabile,
743 1063 832 1091 diﬂert
857 1071 873 1092 a

93 1111 278 1146 καταληπτικῇ
306 1110 453 1145 φαντασίᾳ,
477 1117 500 1137 s.
523 1109 771 1143 comprehendente
790 1110 875 1144 phan-

93 1159 168 1184 tasia.
196 1157 345 1184 Cleanthes
366 1156 557 1191 philosophus,
572 1155 704 1190 appositis
723 1155 773 1190 ipsi
795 1156 874 1190 jussu

91 1201 223 1230 Ptolemaei
254 1204 323 1237 regis
341 1203 420 1230 nudis
444 1204 550 1236 punicis
579 1202 675 1234 cereis,
700 1203 806 1236 negavit
833 1210 872 1234 se,

92 1247 156 1275 falso
171 1249 232 1276 viso
260 1256 421 1281 assensum,
447 1249 496 1277 sed
527 1254 633 1277 tantum
659 1249 798 1285 probabile
821 1257 872 1284 pus

92 1300 169 1328 tasse,
185 1299 239 1322 etc.

125 1340 292 1376 Eumolpidae
319 1340 353 1368 ab
383 1341 526 1375 Eumolpo,
544 1341 658 1373 Thrace,
679 1341 724 1376 qui
741 1341 874 1368 rationem

92 1387 212 1414 in.tandi
237 1387 351 1420 invenit,
369 1388 409 1414 vel
435 1395 450 1414 a
467 1387 559 1415 Musaei
574 1388 640 1420 lilio,
658 1388 704 1422 qui
727 1387 777 1414 fuit
795 1395 810 1415 a
832 1395 875 1415 sc-

91 1433 177 1459 cundo
192 1432 317 1467 quintus.

124 1479 294 1513 Eumolpus,
326 1479 480 1508 Eleusinius
507 1481 547 1508 vel
578 1480 771 1512 Atheniensis.
804 1481 874 1509 filius

90 1523 189 1556 Mnsmi,
215 1528 312 1560 poctte,
338 1529 374 1555 et,
389 1530 417 1552 ut
444 1526 554 1560 quidam
583 1527 702 1557 tradunt.
721 1526 872 1561 discipulus

90 1571 197 1605 Orphei,
219 1577 300 1605 poeta
328 1567 422 1605 opicus
437 1577 499 1599 ante
521 1571 679 1600 llutnerum.
700 1572 769 1600 Vicit
789 1573 871 1600 etiam

89 1617 193 1652 Pythia.
221 1618 263 1645 Ad
280 1617 365 1652 lyram
393 1618 466 1645 enim
491 1623 575 1652 poeta:
602 1618 635 1645 de
658 1619 745 1653 pahna
761 1618 831 1645 inter
845 1625 874 1645 se

89 1665 240 1692 certabant.
257 1664 372 1699 Scripsit.
393 1665 510 1696 Τελετέις
523 1666 677 1700 Δήμητρος,
699 1664 781 1691 Initia
797 1663 874 1690 Utre-

90 1710 134 1739 n‘s.
157 1711 274 1745 ejusque
301 1709 334 1736 ad
359 1710 468 1737 Ceieum
491 1711 636 1737 adventum
662 1715 689 1737 et
712 1709 873 1742 ministeria,

91 1756 195 1783 liliabus
206 1757 269 1790 ejus
289 1756 397 1788 tradita,
414 1764 500 1790 eaque
511 1756 603 1784 omnia
617 1756 740 1783 versibus
757 1756 874 1782 heroicis

88 1802 174 1834 ωιιι.
197 1803 444 1838 εΙιὶνοδοορίιοηηιι
469 1803 568 1831 librutn
596 1811 678 1830 unum
691 1822 698 1835 ,
717 1811 796 1838 prosa
812 1810 875 1830 ora-

89 1849 170 1876 tione.

121 1893 234 1921 Euuida:
246 1894 319 1930 apud
330 1894 506 1922 Athenienses
528 1894 628 1922 familia
641 1894 851 1922 citharmdnrum
865 1914 874 1927 ,

86 1940 170 1966 sacris
187 1939 409 1967 inservientium.

121 1984 301 2018 Eunomius,
330 1990 450 2019 tempore
481 1985 600 2012 Valentis
636 1985 702 2020 imp.
730 1985 875 2020 episcopus

86 2030 262 2064 Cyliccnus,
295 2030 417 2056 notarius
446 2030 536 2061 Actii,
571 2038 652 2065 quem
682 2031 876 2065 εοειιοιιιῐιιιιιιι

85 2076 194 2101 atheutn
211 2094 219 2106 .
232 2082 297 2102 cum
323 2082 377 2108 quo
397 2074 442 2100 diu
470 2079 601 2105 versatus.
626 2075 801 2109 sophisticum
817 2075 876 2109 ejus

84 2120 238 2147 disserendi
265 2119 375 2146 tnodum
397 2119 517 2146 imitatus
537 2126 589 2146 est.
614 2120 678 2154 Ejus
698 2126 792 2153 scplem
815 2120 876 2146 libri

85 2165 111 2190 in
126 2166 273 2200 epistulam
294 2165 328 2191 ad
342 2164 473 2191 Rmuanos
493 2169 517 2191 et
533 2165 594 2192 ala:
608 2174 667 2200 qua:
680 2166 877 2192 circumferun-

84 2215 138 2243 tur,
159 2212 383 2240 lucubrationes.
400 2212 546 2239 verborum
570 2211 680 2245 quidem
695 2212 771 2245 copia
788 2211 876 2237 abutt-
892 2223 914 2250 η

84 2255 191 2289 dantis,
211 2262 242 2284 at
261 2257 460 2284 sententiarum
481 2257 586 2292 inopes.
613 2256 651 2283 Ex
675 2256 794 2283 SUCruliS
807 2256 875 2283 llisl.

82 2303 180 2330 eet-les.
196 2311 236 2336 tv,
255 2303 284 2329 7.

119 2349 245 2380 liuidus,
264 2349 398 2382 lthodius,
415 2354 493 2384 poeta
503 2349 608 2383 cpit-us,
621 2349 736 2375 Neronis
754 2353 876 2383 tempore

82 2395 159 2427 vixit,
178 2400 264 2430 poeta
287 2393 401 2422 Latinus
416 2395 596 2423 admirabilis.
626 2394 712 2430 llujus
729 2395 790 2421 hbr.
810 2394 875 2421 nulli

80 2447 202 2469 CXSIRIH-

119 2487 301 2522 Euphorion,
325 2487 394 2516 filius
411 2487 543 2523 Eschyli,
565 2487 669 2522 tragici,
691 2487 874 2519 Atheniensis,

81 2534 204 2566 tragicus
220 2539 250 2560 et
270 2533 329 2567 ipse
350 2543 358 2561 :
378 2535 423 2568 qui
447 2533 555 2566 fabulis,
579 2540 648 2568 quas
665 2538 740 2567 pater
763 2538 826 2560 ante
848 2533 875 2559 in

79 2579 166 2605 lucem
186 2587 245 2606 non
260 2579 394 2610 ediderat,
411 2585 516 2606 certans
530 2584 626 2614 quater
639 2579 712 2612 vicit,
727 2579 836 2612 scripsit
847 2584 874 2606 ct

82 2632 137 2658 ipse
153 2625 289 2659 qua-dam
302 2624 436 2651 dramata.

113 2669 297 2704 Euphorion,
314 2669 478 2705 Polymnesti
500 2669 543 2701 F.,
560 2677 590 2696 ex
608 2669 737 2696 Chah-ide
753 2669 873 2699 Euboan.

80 2714 236 2750 Jisvipulus
266 2716 295 2742 in
317 2715 511 2750 philosophicis
530 2715 643 2750 Lacydis
660 2719 686 2742 et
704 2715 848 2742 l‘rilanidis
865 2724 871 2741 ε

111 2819 168 2852 (Td)
192 2818 302 2846 KIISU‘T
314 2819 386 2846 malit
402 2820 489 2853 legere
506 2819 599 2852 ὲπιγρ.
616 2819 643 2845 δὲ
658 2818 762 2849 Χιλιὰς,
777 2818 792 2852 ἦ
811 2818 874 2851 περὶ

73 2854 231 2890 Χρηςμών,
253 2854 360 2882 mnisso
377 2855 468 2882 vocab.
486 2855 610 2890 πέμπτη,
626 2860 652 2882 et
668 2862 708 2882 sc
724 2860 810 2888 virtu,
824 2856 869 2881 sed

923 245 1004 271 etiam
1028 244 1129 270 delicia;
1153 243 1238 271 fuisse
1265 243 1359 271 fertur.
1378 243 1463 270 Natus
1478 247 1519 270 est
1543 241 1702 278 Olympiade

923 289 1039 322 CXXVI,
1054 297 1108 324 quo
1124 294 1242 324 tempore
1255 295 1281 316 et
1299 289 1416 324 Pyrrhus
1437 297 1450 316 a
1466 289 1596 316 Romanis
1613 289 1702 315 victus

922 341 973 363 est.
997 336 1061 362 Eum
1089 334 1165 362 Nicia
1180 335 1334 366 Alexandri,
1366 335 1436 367 regis
1452 335 1571 367 Euboeae,
1594 333 1698 362 Crateri

925 381 982 412 lilii,
1009 388 1075 407 uxor
1099 380 1219 413 amavit;
1246 381 1308 407 hinc
1332 380 1463 414 prmdivus
1479 380 1512 406 ad
1536 380 1700 406 Antiochum

924 434 1062 460 magnum,
1083 433 1172 461 regem
1191 425 1286 460 Syriae,
1303 433 1332 453 se
1347 425 1463 452 contulit
1486 429 1512 451 et
1534 425 1592 460 ejus
1605 424 1704 451 biblio-

924 473 1007 499 thecae
1020 472 1172 507 praefectus,
1188 472 1286 499 ibidem
1302 471 1456 502 defunctus,
1473 473 1605 505 Apamete,
1619 471 1659 498 vel
1675 476 1705 497 ut

923 518 979 550 alii,
992 518 1150 549 Antio.h‘.a2.
1167 517 1288 552 sepultus
1314 521 1366 544 est.
1393 516 1465 543 Libri
1490 517 1550 549 ejus
1577 516 1703 543 versibus

924 564 1041 591 heroicis
1068 563 1159 598 scripti
1185 567 1249 590 sunt
1279 563 1304 589 lii
1332 571 1340 590 :
1370 561 1515 590 Hesiodus.
1531 560 1660 594 Μοψοπίσ.
1686 560 1703 594 ἢ

923 610 1037 642 ἄτακτα,
1057 605 1192 642 Mopsopiit
1211 608 1267 635 sive
1291 606 1462 634 Miscellanea
1485 606 1563 633 libris
1585 614 1611 638 v,
1636 612 1706 639 opus

923 655 1064 683 continens
1089 654 1217 682 historias
1246 654 1401 685 miseellas,
1419 652 1632 686 inscribiturqnc
1648 649 1707 677 Mo-

924 701 1027 735 psopia,
1046 699 1108 734 quia
1125 699 1211 726 Attica
1237 698 1302 725 olim
1327 697 1363 724 ita
1375 697 1444 724 dicta
1457 702 1497 724 est
1509 705 1523 724 a
1547 695 1685 730 Mopsopia
1698 716 1706 727 .

923 747 975 774 lilia
989 745 1100 773 Oceani.
1122 745 1223 772 Desinit
1245 744 1271 771 in
1288 744 1375 771 Attica
1388 743 1509 770 Chiliade
1525 751 1534 776 ;
1558 750 1619 769 nam
1640 742 1707 769 liber

923 791 1035 825 quintius
1066 789 1222 817 inscribitur
1247 788 1429 823 ἐπιγράφεται
1454 789 1469 823 ὴ
1494 787 1606 822 πέμπτη
1633 787 1705 820 (scil.

925 836 1037 872 βῶλος),
1055 836 1142 871 χιλιὰς
1156 835 1219 870 περὶ
1233 835 1366 870 χρησμῶν
1383 834 1452 869 (70),
1473 833 1575 860 Chilias
1600 833 1632 859 de
1645 841 1707 859 ora-

925 882 1002 914 tulis,
1019 890 1079 916 qtt;e
1099 887 1159 916 post
1176 881 1248 908 mille.
1269 888 1356 908 annos
1372 884 1485 907 eventus
1506 879 1704 914 comprobavit.

927 929 1049 963 Disputat
1070 929 1142 955 enim
1169 927 1297 954 adversus
1323 934 1371 954 eos
1395 926 1440 960 qui
1461 926 1562 961 ipsum,
1584 925 1707 960 deposita

924 974 995 1008 apud
1010 974 1070 1000 illos
1083 973 1194 1008 pecunia
1210 966 1378 1004 fraudaraut',
1394 972 1494 999 docens
1502 979 1549 1000 eos
1564 971 1605 999 vel
1622 972 1706 1000 multo

926 1023 986 1053 post
1002 1023 1122 1053 tempore
1137 1025 1231 1053 poenas
1247 1016 1360 1044 daturos
1371 1024 1441 1044 esse.

961 1063 1103 1099 Eupithius
1129 1069 1156 1091 et
1178 1064 1338 1094 Archiadas,
1348 1063 1400 1090 duo
1415 1063 1506 1097 [legite
1520 1063 1706 1098 (philosophi),

926 1110 982 1142 lilii,
1002 1110 1035 1137 de
1062 1117 1178 1145 quarum
1196 1110 1305 1147 ingenio
1329 1114 1356 1137 et
1383 1110 1505 1137 moribus
1525 1109 1647 1145 quaedam
1673 1118 1708 1138 ex

928 1155 1079 1188 Damascio,
1092 1161 1144 1184 ctc.

961 1202 1080 1237 Eupolis,
1098 1202 1282 1234 Atheniensis.
1307 1203 1438 1236 comicus,
1456 1203 1501 1237 qui
1524 1212 1610 1232 annos
1628 1210 1708 1233 nates

926 1246 1018 1279 XVII,
1047 1248 1074 1274 in
1103 1255 1184 1275 scena
1198 1255 1301 1277 certare
1324 1250 1408 1285 coepit
1434 1250 1573 1286 ediditque
1601 1250 1707 1278 fabulas

925 1290 1006 1323 XVII,
1020 1291 1084 1318 vicit
1104 1292 1212 1326 septies.
1237 1293 1310 1320 [dem
1327 1295 1353 1320 in
1381 1295 1451 1321 bello
1465 1299 1559 1322 contra
1582 1294 1709 1322 Laccd:c-

925 1337 1032 1364 monios
1054 1337 1195 1373 naufragio
1222 1339 1248 1365 in
1268 1339 1439 1374 Hellesponto
1455 1341 1544 1375 periit.
1572 1340 1648 1368 Unde
1666 1342 1708 1368 lex

926 1382 933 1408 l
953 1387 978 1409 ta
998 1387 1040 1410 est
1070 1391 1131 1418 qua:
1146 1390 1241 1419 poetas
1257 1386 1344 1412 vetuit
1367 1386 1494 1415 militare.
1520 1386 1627 1414 Fabula:
1647 1387 1707 1422 ejus

925 1432 990 1454 sunt
1007 1436 1014 1454 :
1031 1426 1123 1462 Δῖγες,
1142 1430 1333 1464 ’Δςτράτευτος
1347 1432 1362 1467 ἢ
1378 1433 1528 1468 ἁνδρογὺνη
1542 1439 1568 1460 ct
1584 1435 1653 1461 alie.

961 1472 997 1500 ΕΒ
1024 1474 1176 1509 πράττειν,
1201 1476 1270 1504 hanc
1297 1476 1440 1505 formulam
1469 1479 1603 1506 salutandi
1634 1480 1709 1507 Plat.

927 1519 1048 1553 epistolis
1070 1522 1128 1548 suis
1152 1523 1328 1555 praescribere
1351 1525 1463 1552 solebat.
1489 1526 1603 1560 Scripsit
1618 1532 1708 1553 autem

924 1566 1059 1599 Epistolas
1086 1566 1155 1598 Xlll.
1181 1576 1281 1604 easque
1309 1571 1435 1599 tuorales.
1472 1570 1537 1599 Vide
1561 1580 1656 1608 supra,
1678 1572 1708 1600 εὗ

924 1611 1035 1645 διάγειν,
1051 1617 1078 1640 et
1090 1612 1183 1646 Cleon,
1201 1615 1316 1649 χαίρειν.

963 1656 1126 1693 Eurybalus,
1145 1660 1163 1686 i.
1178 1667 1203 1687 e.
1228 1661 1305 1688 Itonia
1323 1662 1419 1690 nmlus.
1440 1663 1555 1694 Ductum
1579 1673 1621 1695 est
1646 1677 1710 1704 pro-

926 1705 1047 1731 verbium
1065 1707 1099 1734 ab
1116 1707 1251 1742 Eurybato
1263 1709 1398 1743 quoiam;
1417 1712 1552 1740 variorum
1567 1715 1709 1750 opiniones

925 1754 1006 1784 atque
1031 1751 1279 1786 interpretationes.
1304 1755 1364 1782 Vide
1381 1758 1450 1793 apud
1479 1757 1609 1794 Suidatn;
1640 1763 1708 1789 adde

926 1794 1034 1822 liusteri
1051 1796 1142 1825 Notas.
1344 1828 1366 1837 ,-

962 1840 1115 1875 Euripides,
1139 1843 1323 1875 Atheniensis.
1353 1848 1473 1882 tragicm
1493 1851 1632 1885 antiquior
1663 1861 1708 1880 ce-

926 1885 991 1912 lebri
1006 1886 1050 1912 illo
1065 1887 1200 1921 Euripide.
1219 1888 1312 1916 Docuit
1330 1890 1434 1920 fabulas
1450 1893 1507 1926 XII,
1526 1897 1589 1922 vicit
1606 1897 1655 1925 bis.

961 1932 1112 1966 Euripides,
1142 1932 1292 1962 Mnesarclti
1312 1945 1359 1964 seu
1384 1937 1578 1968 Mnesarchidm
1602 1949 1628 1970 et
1650 1942 1708 1971 Cli-

926 1978 997 2004 lonis
1014 1978 1057 2011 Β,
1076 1987 1128 2005 non
1147 1987 1178 2006 cx
1197 1986 1293 2015 matre,
1312 1982 1415 2010 olerum
1433 1987 1592 2019 venditricc,
1617 1989 1664 2016 sed
1676 1998 1708 2017 ex

927 2033 1023 2061 genere
1054 2027 1233 2059 nobitissimo,
1259 2033 1288 2055 ut
1316 2029 1487 2058 denonstrat
1516 2033 1707 2064 PilllOCilOl'llS.

927 2071 1010 2099 Natus
1028 2071 1078 2099 fuit
1093 2080 1124 2100 eo
1140 2074 1183 2100 die
1205 2081 1258 2108 quo
1274 2074 1358 2102 Graeci
1370 2075 1465 2104 Persas
1480 2078 1617 2114 fugarunt.
1631 2082 1710 2110 Initio

927 2118 1024 2151 pictor,
1049 2118 1146 2146 deinde
1168 2120 1275 2148 Prodici
1299 2121 1326 2148 in
1343 2122 1494 2157 rhetoricis,
1512 2125 1632 2156 Socratis
1646 2137 1710 2156 vero

927 2164 953 2190 in
969 2164 1092 2190 doctrina
1116 2165 1149 2191 dc
1173 2166 1295 2194 moribus
1308 2172 1335 2194 et
1360 2169 1386 2195 in
1408 2170 1488 2197 rebus
1513 2172 1710 2208 philosophicis

928 2209 1088 2244 discipulus.
1107 2211 1218 2238 Audivit
1234 2214 1315 2239 etiam
1337 2214 1525 2249 Anaxagoram
1545 2225 1625 2251 queui
1646 2227 1707 2246 cntn

930 2255 1039 2282 vidisset
1056 2257 1080 2282 in
1097 2257 1244 2284 discrimen
1267 2260 1363 2292 capitis
1390 2262 1425 2288 ob
1446 2262 1570 2296 dogmata
1593 2265 1709 2295 venisse.

929 2301 1051 2328 animum
1070 2303 1102 2329 ad
1131 2304 1289 2338 Iragmdiam
1306 2307 1408 2341 appulit
1436 2308 1515 2334 hutno
1531 2311 1632 2337 severis
1651 2319 1711 2338 tuo-

929 2347 1005 2374 rtbus
1027 2355 1057 2374 ac
1082 2349 1177 2380 tristis,
1200 2351 1271 2377 unde
1285 2357 1312 2378 et
1331 2353 1479 2387 μισογίνης
1494 2355 1551 2381 sive
1566 2356 1709 2383 mulierum

928 2400 992 2420 osor
1003 2398 1043 2421 est
1058 2395 1238 2422 existimatus.
1251 2397 1330 2425 ltuxit
1349 2403 1437 2426 tamen
1450 2400 1621 2434 Clmerinam.
1635 2403 1710 2429 Muc-

928 2440 1022 2466 silochi
1040 2440 1132 2471 ﬁliani.
1150 2449 1181 2467 ex
1198 2450 1250 2476 qua
1265 2442 1471 2478 Mnesilochum,
1497 2446 1709 2475 Mnesarchidcm

928 2491 956 2512 ct
995 2486 1146 2520 Euripidem
1179 2489 1308 2522 suscepit.
1341 2489 1395 2518 Hac
1423 2493 1573 2526 rtpudiala,
1599 2495 1710 2522 alteram

930 2539 1007 2566 mque
1037 2533 1200 2566 impudicam
1234 2540 1275 2560 est
1302 2541 1440 2569 expertus.
1469 2539 1583 2567 Athenis
1611 2541 1711 2568 relictis

928 2578 999 2611 apud
1023 2579 1198 2610 Archelaum,
1228 2579 1390 2609 Macednum:
1416 2591 1518 2618 regem,
1548 2587 1574 2612 in
1604 2594 1711 2614 summa

929 2625 996 2651 vixit
1022 2626 1136 2658 honore,
1159 2627 1295 2658 sublatus,
1322 2632 1350 2654 ut
1373 2629 1459 2662 aiunt,
1482 2639 1496 2657 τι
1527 2633 1642 2660 canibus
1664 2641 1712 2668 per

929 2670 1197 2703 insidiasArrhidmi,
1220 2673 1388 2705 Macedonis,
1417 2680 1444 2701 et
1470 2675 1601 2709 Crateta‘,
1623 2678 1710 2705 ΤΙιρς-

929 2717 988 2749 sali,
1006 2723 1156 2752 poeiarum,
1179 2719 1229 2754 ipsi
1251 2719 1428 2747 invidentium
1456 2729 1462 2747 :
1487 2722 1527 2748 vel
1545 2723 1678 2751 laceratus
1696 2733 1710 2751 ιι

931 2820 1046 2860 ιυιηιῐειςι
1069 2819 1173 2860 Fuluia.
1195 2821 1415 2857 interpretatione
1442 2827 1467 2852 et
1486 2824 1582 2860 cllipsi‘,
1604 2826 1640 2854 nil
1660 2827 1712 2855 erit

929 2857 1095 2884 Inulanitttn.
1119 2855 1201 2884 il.tr.t..
