1921 3072
210 153 280 186 126Ἷ

809 157 929 188 INDEX
948 157 1194 189 SCRIPTORUM

1766 156 1833 188 121:8

208 213 254 240 de:
267 211 480 239 Mar/talitrornm
494 221 503 245 ;
520 212 623 240 Laudes
637 213 778 248 Cypriani;
792 212 895 240 Laudes
910 213 995 239 Atlm-
1010 215 1031 243 Α
1047 213 1096 240 lari
1121 218 1204 245 secta,
1227 213 1300 240 nulla
1316 213 1389 240 enim
1411 213 1491 240 habet
1505 213 1644 247 dogmata.
1662 212 1762 239 Prteter
1787 213 1834 239 has

208 259 295 291 noxii;
316 257 419 285 Laudes
434 258 548 285 Heronis
581 258 746 293 philosophi;
765 259 864 286 Contra
901 258 992 286 Julia-

209 312 271 331 nnnt
311 305 376 339 imp.
415 305 570 336 orationes;
597 304 634 332 De
663 304 765 339 Spiritu
794 312 885 333 sancto
907 306 993 332 oratio

208 359 278 383 ana;
301 351 441 378 Orationes
463 352 629 386 panegyrictz
655 351 692 383 Χ,
711 352 823 386 aliaeque
850 352 992 386 plurima),

206 403 267 430 quae
281 396 409 423 omnibus
425 400 495 423 noue
504 402 576 423 sunt.
595 396 709 424 Secutus
717 402 758 423 est
774 404 858 432 genus
875 398 991 429 dicendi,

205 449 261 476 quo
281 449 347 469 usus
372 446 413 469 est.
435 441 561 473 Polemo,
589 441 774 474 Laodicensis,
798 443 844 477 qui
872 443 994 477 Smyrna:

206 487 390 521 eloquentiam
406 487 499 514 docuit
519 492 545 515 ct
561 488 685 515 Aristidis
703 489 819 516 rhetoris
844 494 993 523 prmceptor

206 532 268 560 fuit.
289 532 404 567 Scripsit
421 538 447 560 et
459 533 556 560 librum
573 534 696 561 versibus
705 535 880 567 hexametris,
898 535 925 562 in
939 543 992 570 quo

212 578 358 614 Virginitas
373 584 398 606 et
412 579 570 614 Coniugium
586 580 655 607 inter
669 587 699 608 se.
712 580 910 615 colloquuntur.
926 580 991 608 Item

206 626 241 653 de
269 625 330 653 aliis
351 626 518 660 argumentis
536 626 644 653 diverso
669 630 696 653 et
723 626 869 653 omnifario
895 634 993 662 genere

206 671 336 699 carminis
353 672 385 698 ad
404 679 532 699 versuum
547 672 657 706 triginta
679 671 774 698 millia.
787 671 874 706 llujus
898 671 993 699 memi-

206 719 245 745 nit
261 717 468 752 Philostorgius,
481 717 542 744 licet
556 717 684 750 Arianus,
697 723 750 744 etc.
765 717 924 753 Gregorius,
939 717 992 745 alio

206 763 334 791 Ecclesia
354 771 409 791 sua:
427 764 554 798 episcopo
577 763 603 790 in
621 764 709 791 locutu
735 771 815 791 suum
833 764 991 796 substituto,

206 810 264 844 ipse
283 809 339 836 ruri
361 809 442 836 vitam
464 810 589 836 monachi
612 809 666 843 egit
690 809 861 844 decessitque
885 809 992 837 decimo

206 855 286 882 tertio
295 854 441 882 Theodosii
458 855 536 890 imp.,
561 863 647 882 annos
664 860 741 882 natus
756 855 870 889 amplius
882 854 937 882 “XC.

1047 264 1120 287 secta
1137 259 1262 286 cclectica
1279 259 1431 286 introducta
1447 263 1488 286 est
1501 266 1515 286 a
1535 257 1694 288 Potatnone.
1717 257 1834 284 Alexan-

1048 305 1136 337 drino.
1154 306 1198 340 qui
1212 314 1244 332 ex
1263 305 1376 340 singulis
1396 305 1476 332 scctis
1485 311 1526 336 ea,
1543 311 1604 338 quze
1616 304 1667 330 sibi
1685 303 1833 336 placerent,

1047 352 1172 385 eligi-bat,
1187 356 1238 379 etc.
1256 351 1304 386 (Ex
1318 351 1425 378 Laertio
1441 351 1462 382 l,
1478 358 1563 385 segm.
1583 351 1614 378 l9
1630 355 1657 377 et
1673 349 1729 383 20.)

1083 396 1255 430 Harpocras,
1281 397 1425 422 Ammonio
1440 394 1587 429 (Hermea')
1618 394 1783 426 familiaris,
1808 399 1833 420 et

1046 442 1196 474 Nicomedi,
1206 443 1317 475 Isidoro,
1335 441 1511 476 Horapollini,
1525 441 1740 471 licraisco.ctc..
1753 441 1832 466 homo

1046 489 1190 524 Egyptius
1201 489 1246 523 qui
1261 488 1378 515 Zenonis
1394 488 1458 520 imp.
1476 492 1598 521 tempore
1618 487 1696 513 vixit.
1716 486 1788 512 Infra
1805 486 1830 512 in

1046 535 1231 569 Horapollinc.
1255 534 1305 567 (Ex
1322 533 1485 567 Damascio.)

1082 580 1288 614 liarpocratiou,
1304 580 1432 614 Argivus,
1459 579 1615 606 Platonicus
1635 578 1830 613 philosophus,

1046 627 1146 655 Caesari
1173 626 1327 654 familiaris.
1358 626 1472 660 Scripsit
1512 625 1771 652 Commentariorum
1806 625 1830 650 in

1045 673 1182 700 Platonem
1201 672 1280 715 libros
1294 670 1362 698 XXI
1373 671 1402 704 γ,
1418 677 1442 698 et
1459 671 1611 697 Dictionum
1629 670 1832 697 Platonicorum

1047 721 1127 748 libros
1144 719 1186 747 II.

1080 765 1276 801 Ilarpocration
1296 764 1409 800 (Caius),
1425 765 1558 799 sophista,
1576 764 1687 798 scripsit
1703 763 1742 790 De
1756 763 1832 790 Anti—

1045 813 1148 848 phontis
1171 811 1282 847 ﬁguris;
1299 810 1336 837 De
1354 810 1491 846 Hyperidis
1505 813 1529 836 et
1543 808 1629 843 Lysiae
1644 808 1829 840 orationibus,

1045 864 1071 887 et
1086 859 1150 887 alia.

240 900 396 936 Gregorius,
424 900 509 935 episc.
537 900 695 936 Nyssenus,
716 900 799 928 frater
816 900 908 928 Basilii
938 899 992 928 Ca2-

1081 904 1279 940 Harpocration
1297 903 1423 939 (Elius),
1440 902 1573 936 sophista,
1585 901 1693 935 scripsit
1709 900 1746 927 De
1761 900 1830 931 illis,

204 946 484 978 sar.,crudilissimus
493 951 519 973 et
529 946 690 980 cit-quentia:
705 945 784 972 laude
797 945 860 972 nulli
872 949 992 972 Vcterum

204 992 315 1019 cedens.
334 991 470 1019 Exintium
484 991 583 1018 librum
596 991 695 1018 Contra
710 990 869 1018 Eunomium
886 991 995 1025 scripsit

205 1040 231 1062 ct
245 1036 318 1063 aliud
332 1035 371 1063 De
385 1036 559 1070 fabricatione
574 1036 699 1068 hominis,
718 1036 840 1071 aliasque
866 1036 993 1064 homilias

206 1082 348 1116 plurimas.
365 1081 430 1109 item
445 1081 478 1108 In
490 1082 602 1109 Cantica
615 1083 791 1115 canticorum,
809 1081 841 1109 In
859 1081 995 1109 Ecclesia-

205 1133 282 1160 stem,
304 1133 331 1156 et
344 1129 383 1155 Ad
398 1137 514 1156 sororem
536 1128 696 1160 Macrinam,
717 1128 823 1163 longam
843 1132 869 1154 et
886 1128 991 1162 elegan-

208 1181 263 1201 tem
278 1173 431 1201 orationem
448 1173 481 1200 de
497 1173 599 1200 anima.
626 1173 742 1207 Scripsit
760 1178 787 1200 et
800 1173 883 1200 multa
902 1173 953 1201 alia
969 1177 996 1202 et

205 1220 367 1248 admirabile
391 1220 457 1247 illud
485 1219 642 1246 Encomiunt
666 1218 802 1253 Stephani,
823 1219 901 1254 primi
921 1227 994 1246 tuar-

205 1267 285 1302 tyris,
297 1271 324 1294 et
344 1266 431 1294 Vitam
448 1265 568 1301 Gregorii
600 1265 804 1299 Tlraumatnrgi.

241 1313 398 1349 Gregorius,
430 1313 476 1347 qui
505 1318 532 1340 et
558 1311 741 1344 Theodorus,
761 1311 994 1346 Thaumalurgus,

205 1360 389 1388 Ncoctesarete
403 1359 429 1386 in
442 1358 528 1386 Ponto
541 1359 700 1393 episcopus,
717 1358 752 1385 ob
769 1357 924 1385 Grzecarum
942 1357 995 1384 La-

207 1406 381 1441 tinarumque
397 1405 549 1432 litterarum
565 1404 686 1432 studium
704 1411 719 1431 e
739 1403 909 1438 Cappadocia
928 1404 995 1430 ado-

205 1452 312 1479 lescens
342 1458 372 1479 se
401 1450 529 1485 Berytum
559 1455 585 1478 et
600 1450 663 1477 inde
679 1449 829 1477 Caesaream
844 1448 994 1476 Palazstinas

206 1497 321 1525 contulit
345 1504 406 1525 eum
419 1496 501 1524 fratre
517 1496 701 1523 Athenodoro.
726 1495 780 1522 llos
797 1494 925 1529 Origenes
946 1502 994 1529 per

205 1542 422 1578 quinquennium
440 1542 541 1569 erudiit
552 1545 578 1568 ct
598 1541 631 1568 ad
647 1541 725 1568 ﬁdem
743 1540 843 1567 Christi
862 1540 990 1575 paulatim
1006 1560 1026 1587 ρ

206 1589 324 1618 reduxit.
347 1588 503 1624 Gregorius,
522 1587 548 1614 in
574 1587 688 1622 patriam
715 1587 863 1617 rediturus,
882 1586 990 1621 Origeni

206 1633 335 1669 pur-senti
359 1633 462 1669 gratias
490 1632 544 1668 egit
571 1631 697 1660 Oratione
723 1632 879 1666 panegyriea
896 1651 903 1662 ,
931 1637 994 1665 (μηδ

205 1680 354 1707 etiamnum
367 1682 466 1706 exstat.
485 1677 600 1712 Scripsit
613 1683 638 1704 et
651 1676 841 1711 Metapltrasim
856 1677 882 1702 in
901 1675 992 1703 Eccle-

205 1727 325 1757 siastetn,
339 1725 448 1752 brevem
466 1724 551 1755 illam,
563 1723 608 1750 sed
623 1723 808 1750 admirabilem
820 1732 826 1749 :
839 1726 993 1757 multasque

206 1771 354 1806 Epistolas.
370 1770 492 1797 Decessit
505 1769 557 1796 sub
571 1769 718 1795 Aureliano
735 1767 825 1795 clarus
843 1768 991 1801 miraculis,

207 1825 269 1853 qua:
292 1817 438 1852 episcopus
467 1815 563 1842 edidit.
579 1829 615 1834 —
629 1813 831 1846 Athenodorus,
868 1813 991 1848 Gregorii

208 1864 304 1896 frater,
322 1862 463 1897 sophista,
491 1860 601 1895 scripsit
629 1859 668 1887 De
685 1859 870 1886 incarnatione
893 1864 916 1886 et
940 1859 992 1894 ﬁde

205 1911 361 1937 orationem.

243 1956 400 1991 Gregorius,
429 1953 556 1986 Hermia,
585 1951 761 1988 philosophi,
786 1950 888 1982 frater,
914 1950 994 1985 plane

206 2002 363 2033 dissimilis,
382 2007 464 2036 supra
488 2000 599 2027 modum
626 2003 723 2026 acutus
738 2001 765 2024 et
775 1997 808 2024 ad
828 1997 994 2031 quaestiones

206 2055 234 2077 et
243 2048 401 2083 disciplinas
415 2046 565 2081 expeditus,
575 2044 720 2079 caatcroqui
730 2043 877 2078 inquietus,
888 2046 951 2075 etc.,
961 2042 994 2077 (Ε

206 2094 342 2122 Damascii
353 2093 424 2119 llist.
433 2089 643 2126 philosophica.)

242 2140 322 2175 Gygis
351 2138 475 2171 annulus,
488 2137 521 2165 de
544 2135 700 2163 hominibus
725 2133 802 2161 valde
827 2133 944 2161 versutis
966 2137 994 2161 et

207 2186 322 2218 callidis,
333 2189 386 2212 etc.

1045 958 1102 985 qua’
1116 954 1232 976 oratores
1248 949 1383 983 ignorasse
1403 947 1540 978 videntur,-
1555 946 1714 981 Argumenta
1734 947 1832 972 oratio-

1045 1005 1107 1023 num
1119 995 1258 1030 Iiyperidis
1268 1002 1278 1026 ;
1289 994 1446 1020 Ementitam
1458 1001 1513 1020 esse
1523 992 1654 1018 Herodoti
1666 991 1832 1023 Ilistoriam;

1045 1041 1083 1069 De
1093 1041 1227 1068 ordinibus
1239 1039 1397 1066 militaribus
1410 1038 1479 1072 apud
1495 1037 1691 1072 Xenophontem
1704 1045 1712 1068 ;
1727 1035 1766 1062 De
1779 1042 1833 1062 arte

1045 1087 1194 1117 rhetorica;
1213 1086 1250 1112 De
1265 1084 1358 1119 {armis
1373 1084 1533 1110 orationum.

1078 1132 1277 1167 Harpocration
1311 1129 1472 1165 (Valerius),
1500 1131 1591 1155 rhetor
1613 1127 1831 1158 Alexandrinus,

1046 1179 1155 1214 scripsit
1171 1178 1283 1205 ιιι-ἰ(οη
1298 1177 1385 1203 decem
1405 1180 1562 1206 oratorum;
1583 1173 1723 1208 Ἀνϐηρῶν
1749 1181 1831 1198 συντι-

1045 1225 1148 1260 γωγὴν,
1164 1224 1220 1250 sive
1237 1222 1393 1258 [loridorum
1408 1221 1576 1248 collectanea.

1080 1272 1232 1303 Ilecata-us,
1245 1269 1397 1300 Abderites,
1409 1268 1598 1303 philosophus,
1611 1266 1658 1301 qui
1673 1271 1700 1293 ct
1715 1265 1831 1292 Criticus

1046 1322 1072 1346 et
1088 1316 1288 1344 Grammaticus
1313 1313 1519 1349 COgnOtninatt'ts
1534 1318 1591 1342 est,
1607 1311 1678 1346 quod
1702 1316 1830 1345 apparatu

1046 1362 1223 1398 grammatico
1256 1361 1363 1388 abunde
1389 1360 1538 1386 instructus
1564 1362 1645 1384 esset.
1677 1357 1752 1384 Vixit
1783 1357 1832 1384 sub

1044 1408 1190 1436 Alexandri
1218 1406 1307 1442 Magni
1341 1403 1558 1432 successoribus.
1589 1402 1705 1438 Scripsit.
1735 1406 1831 1437 pra-Jer

1044 1455 1095 1482 alia
1114 1455 1147 1481 de
1162 1453 1271 1480 llomeri
1289 1457 1315 1479 ct
1329 1451 1438 1479 llcsiodi
1452 1450 1536 1485 poesi.

1080 1501 1230 1531 llecatteus,
1244 1497 1458 1534 Hegesamlr-iE,
1472 1496 1604 1527 Milesius,
1617 1495 1685 1522 vixit
1701 1494 1830 1527 tempori-

1043 1547 1095 1574 bus
1107 1546 1189 1576 Darii,
1200 1544 1244 1580 qui
1262 1548 1321 1578 post
1332 1542 1492 1578 Cambyscm
1507 1541 1627 1576 regnavit
1638 1543 1702 1575 (quo
1712 1544 1830 1573 tempore

1019 1580 1026 1588 ’
1045 1597 1071 1620 ct
1085 1591 1226 1626 Dionysius
1240 1588 1358 1617 Milesius
1371 1588 1462 1622 vixi:).
1476 1587 1635 1622 Olympiade
1663 1585 1730 1612 LXV
1751 1587 1831 1611 histo-

1046 1638 1217 1673 riograpbus.
1235 1636 1291 1663 Hoc
1304 1635 1394 1671 junior
1408 1634 1460 1661 fuit
1475 1633 1629 1660 Herodotus
1639 1653 1646 1663 ,
1661 1632 1832 1659 Halicarnas-

1046 1693 1108 1713 seus
1119 1704 1126 1717 ,
1149 1683 1195 1718 qui
1211 1682 1325 1710 multum
1341 1681 1365 1708 ei
1388 1680 1476 1708 debet.
1495 1679 1557 1706 Fuit
1570 1678 1711 1705 liccattcus
1726 1678 1832 1704 auditor

1045 1728 1200 1764 Protagoras
1224 1730 1251 1754 et
1286 1726 1388 1760 primus
1418 1724 1559 1751 historiam
1597 1723 1720 1750 oratione
1753 1729 1830 1754 prosa

1046 1773 1208 1808 scripsit,uti
1225 1773 1329 1807 primus
1343 1770 1511 1805 Pherecydes
1527 1770 1585 1804 (res
1609 1767 1830 1803 philomphicasl.

1047 1819 1139 1847 itidem
1161 1819 1284 1846 oratione
1298 1817 1384 1844 soluta
1401 1816 1535 1850 exposuit.
1553 1815 1658 1848 Scripta
1672 1815 1746 1841 enim
1763 1815 1832 1841 Acu-

1047 1865 1105 1892 silai
1121 1863 1272 1890 adulterina
1287 1867 1359 1889 Slttll.
1378 1861 1457 1896 (intra
1468 1881 1476 1891 ,
1491 1861 1516 1887 in
1533 1860 1697 1894 ἱστορῆσαι.)

1087 1909 1237 1936 Ἠκάτειον.
1268 1907 1389 1934 llabebat
1412 1905 1570 1940 Theagencs
1593 1903 1700 1930 lli-cata:
1722 1902 1832 1929 simula-

1047 1962 1140 1987 crum,
1166 1953 1251 1988 quod.
1286 1958 1451 1987 quocunque
1483 1951 1550 1982 iret,
1586 1948 1755 1976 consulebat.
1784 1947 1832 1975 [lic

1047 2000 1160 2032 καπνὸς,
1175 2000 1263 2034 fumus
1281 1998 1437 2025 vocabatur.
1452 1996 1573 2023 Fuerunt.
1583 2001 1608 2023 et
1622 1995 1666 2021 alii
1685 1996 1738 2022 duo
1751 1995 1834 2021 Theo-

1046 2054 1140 2081 genes,
1162 2051 1278 2080 quorum
1296 2043 1365 2070 alter
1387 2043 1421 2069 de
1438 2041 1555 2068 Homero
1574 2041 1697 2075 scripsit,
1716 2041 1784 2066 alter
1798 2039 1833 2066 ob

1046 2091 1186 2119 mollitiem
1211 2089 1262 2116 fuit
1276 2089 1396 2116 infamis.
1418 2087 1497 2116 Coni.
1515 2087 1622 2115 Iit‘tstcri
1648 2091 1705 2114 not.
1730 2091 1795 2113 tom.
1812 2085 1832 2118 Ι,

1045 2146 1107 2174 pag.
1124 2137 1186 2164 687.

1083 2183 1258 2214 Hecebolius,
1276 2181 1398 2215 sophista
1421 2179 1598 2217 CPtililantts,
1623 2179 1674 2206 sub
1697 2179 1832 2205 Constan-

237 2231 377 2267 Γυμνασια
403 2229 573 2263 διαλεκτική.
601 2225 760 2262 Huiusmodi
775 2225 861 2252 libros
890 2224 992 2251 Aristo-

1058 2232 1104 2258 ino
1118 2227 1318 2257 Cbristianismi
1332 2234 1361 2254 se
1377 2226 1473 2253 ardore
1488 2224 1602 2260 flagrare
1622 2225 1754 2252 simulans
1765 2247 1771 2257 ,
1784 2226 1833 2252 sub

207 2280 275 2307 telcs
290 2283 317 2307 et
345 2277 551 2311 Theophrastus
578 2274 755 2308 scripserunt,
775 2271 874 2306 quibus
898 2270 996 2298 docent

209 2325 344 2352 rationem
370 2320 548 2362 prpbabilitcr
563 2319 589 2346 in
607 2323 751 2351 utramque
779 2319 883 2351 partem
908 2314 996 2341 disse-

208 2371 296 2399 rcndi.

245 2415 429 2453 Gymnasius,
458 2412 587 2441 Sidonius
604 2432 612 2445 ,
645 2409 792 2446 sophista,
824 2407 995 2442 imperatoris

208 2462 381 2494 Constantini
413 2459 582 2494 temporibus
595 2457 673 2484 vixit.
689 2453 804 2488 Scripsit
819 2452 996 2479 Declamatio-

210 2519 254 2538 nes
280 2515 306 2537 ct
335 2505 560 2536 Commentariunt
596 2505 622 2530 in
655 2501 855 2529 Demosthenem
886 2503 914 2525 et
943 2498 995 2525 alia

209 2556 343 2592 quzcdant.

588 2595 610 2622 II

247 2648 375 2677 lltcrcsis.
393 2645 563 2681 Hippobotus
587 2641 664 2673 dicit,
691 2646 786 2666 novem
817 2643 878 2663 csse
904 2639 995 2681 sectas

210 2696 268 2724 sive
285 2678 454 2727 disciplinas
467 2687 702 2724 philosophorum,
728 2681 887 2716 Megaricum
898 2699 906 2711 ,
916 2678 995 2727 ’ἔνθα

212 2737 525 2773 triuram,Cyrenaicam.
538 2734 706 2768 Epicuream,
722 2726 899 2755 Anniceriam,
915 2723 994 2750 Theo-

211 2787 336 2816 tloriam,
364 2783 507 2811 lenoniam
535 2788 583 2808 sctt
613 2777 742 2805 Stoicam.
759 2771 943 2800 Academicum
970 2773 994 2795 ct

213 2815 429 2865 f’chpaIeticam.
456 2826 565 2861 Cynica:
591 2829 682 2851 autent
700 2826 726 2848 et
744 2819 841 2846 Eliaca:
858 2823 888 2843 ac
912 2815 996 2865 diale.

213 2861 287 2904 (lica:
308 2883 361 2903 non
383 2873 515 2900 meminit.
540 2868 689 2905 i‘yrrhouia
708 2873 761 2893 non
780 2862 878 2899 poterit
900 2861 993 2895 appel-

1045 2277 1153 2304 Juliano
1175 2274 1287 2302 Stolidus
1304 2273 1445 2303 ethnicus,
1464 2277 1524 2306 post
1539 2272 1598 2305 ejus
1614 2271 1718 2298 obitum
1736 2272 1832 2298 iterum

1046 2322 1236 2353 Christianus,
1252 2319 1394 2354 ﬁatﬂtaté
1416 2326 1462 2352 με,
1486 2317 1630 2347 clamavit,
1658 2317 1686 2343 τὸ
1714 2316 1781 2348 ἃλας
1804 2318 1834 2344 τὸ

1046 2368 1218 2403 ἀναίσθητον,
1232 2365 1382 2393 conca/cate
1398 2372 1448 2394 me.
1464 2362 1567 2398 fatuum
1585 2362 1678 2388 salem.

1082 2413 1265 2449 Hegelochus,
1282 2411 1401 2445 tragicus
1418 2409 1529 2440 histrio,
1546 2408 1572 2434 in
1588 2407 1726 2441 Euripidis
1742 2407 1835 2436 Oreste

1045 2468 1094 2496 pro
1108 2459 1212 2494 γαληνὰ
1228 2457 1283 2492 ὸρῶ
1299 2455 1484 2492 pronuntiavit
1504 2454 1590 2489 γαὶῆν
1616 2455 1682 2489 ὁρῶ.
1703 2454 1790 2488 Eum,
1807 2459 1836 2482 ut

1045 2512 1112 2539 ιὀὴρ
1127 2505 1277 2534 insuavem,
1293 2501 1448 2536 perstringit
1463 2500 1549 2527 Plato.

1082 2549 1238 2583 licgentoa,
1269 2545 1444 2573 Demostheni
1473 2548 1641 2571 memoratus
1670 2552 1719 2578 pro
1746 2545 1835 2572 Ctesi-

1046 2597 1156 2631 photttc.
1176 2594 1252 2621 Unus
1269 2597 1327 2620 crat
1347 2592 1472 2622 illm-um,
1490 2589 1536 2624 qui
1556 2589 1732 2616 Macedonum
1751 2590 1836 2624 parti-

1045 2643 1097 2670 bus
1114 2641 1239 2668 favebant
1254 2646 1280 2666 et
1294 2639 1453 2666 muneribus
1468 2635 1587 2670 corrupti
1604 2635 1799 2663 credi-bantur.

1081 2688 1235 2721 llcgcmou,
1251 2685 1369 2712 Thasius
1380 2703 1387 2715 ,
1413 2686 1594 2717 cognomento
1611 2682 1702 2715 Φακῆ.
1719 2682 1757 2708 Es
1777 2682 1835 2716 cjus

1046 2733 1216 2761 dramalibus
1238 2731 1347 2758 Φιλίυνα
1369 2734 1437 2757 teste
1453 2729 1583 2755 Athenaeo
1603 2727 1628 2753 itt
1650 2727 1834 2762 Dipnosopbi-

1046 2779 1105 2810 stis,
1133 2777 1189 2809 XV,
1216 2785 1242 2804 c.
1269 2777 1317 2806 16,
1345 2784 1405 2810 pag.
1428 2774 1491 2802 699.
1515 2773 1544 2799 V.
1565 2771 1675 2804 Kﬁster,
1703 2781 1764 2809 pag.
1788 2773 1832 2805 42,

1047 2831 1104 2852 not.
1119 2833 1152 2854 tl:
1169 2829 1196 2851 ct
1207 2831 1269 2858 pag.
1283 2823 1328 2856 45,
1347 2827 1402 2849 not.
1419 2828 1438 2848 ι.

1084 2870 1269 2904 llcgcsippus,
1287 2867 1419 2902 Crobylus
1447 2870 1643 2901 cognmnento,
1670 2865 1750 2898 cujus
1772 2875 1830 2894 esse
