1921 3072
179 125 245 157 ῙΞΠ

776 127 898 157 INDEX
918 127 1162 159 SCRIPTORUM

1731 127 1801 158 1272

178 182 368 217 Αξῦῐριίυτυηὶ
393 182 471 210 “bris
495 183 598 210 dilllillS
623 182 792 216 ilanlIiIUS,
821 184 962 219 lltenlngiw
977 186 996 214 A
1013 191 1067 213 tate
1084 186 1190 213 locutus
1209 185 1300 218 fuerit,
1319 185 1425 218 dicens,
1440 186 1465 212 in
1479 186 1613 212 Tt-initate
1634 192 1716 212 unam
1739 193 1801 213 esse

178 229 299 261 ipsorum
316 235 347 255 ac
365 228 503 261 sapientiae
518 229 640 263 peritior.
657 229 803 256 Heraiscus
815 229 960 257 simulacra

178 272 294 300 Numine
324 272 440 299 animata
457 280 471 299 a
489 274 576 300 cassis
601 273 770 309 distinguere
787 279 892 308 poterat
906 278 962 309 (su-

179 325 226 353 pra
242 317 268 344 in
280 317 453 353 διαγνώμων)
466 328 473 352 ς
489 327 550 346 nam
566 319 599 346 iis
614 321 767 355 conspectis
782 322 895 356 eorejus
910 331 962 349 nu-

178 363 252 391 mine
280 365 410 400 agitatum
437 366 680 399 compungebatur.
709 367 754 394 Sic
779 368 907 402 cognovit
930 369 961 395 τὸ

179 410 297 446 ἄρῤητον
316 411 426 445 ἄγαλμα
443 411 489 437 τοῦ
504 412 605 443 Αἰῶνος
617 432 624 444 ,
643 420 771 439 arcanum
788 414 960 440 simulacrum

179 455 287 489 dionis,
300 457 372 491 quod
385 457 558 484 Alexandrini
571 457 685 485 Osiridis
697 463 723 485 et
735 459 866 486 Adonidis
880 460 960 486 simul

179 503 290 530 nomine
302 503 395 529 colunt
408 502 477 529 κατὰ
490 503 622 538 μυστικὴν
633 504 810 539 θεοκρασίαν.
823 505 961 532 Mulierem

179 553 374 575 ntcrtstruatam
400 548 501 575 videnti
525 549 632 576 dolebat
657 554 746 584 caput.
771 549 878 577 Mortuo
900 558 961 578 cum

179 594 197 620 A
204 593 353 628 sclepiades
365 594 481 621 bonares
494 595 680 622 sacerdotibus
688 596 793 624 debitos
804 596 927 629 reddere,
936 602 963 625 et

177 641 226 673 τὰς
234 640 364 677 Ὀσίριδος
375 642 419 668 ἐπὶ
430 642 468 677 τῷ
478 641 582 677 σώματι
593 643 749 677 περιϐολὰς,
758 643 872 672 Osiridis
879 645 961 672 vesti-

179 686 229 713 bus
245 694 343 721 corpus
359 688 418 722 ejus
433 692 521 722 tegere
538 693 654 722 pararet,
670 689 813 716 confestim
834 690 892 717 luce
910 699 961 718 un-

179 732 261 766 dique
276 732 501 760 illuminabantur
517 734 570 760 τῶν
593 734 719 761 σινδόνων
744 736 888 770 ἀπόρῤητα
902 736 962 763 δια.-

178 779 329 814 γράμματκ
347 787 452 807 urcanre
465 781 610 807 sindonum
625 781 730 813 litterae,
746 786 772 809 et
785 782 857 810 circa
873 783 961 818 ipsum

180 826 417 860 conspiciebantur
440 827 641 861 φαντασμάτων
659 827 715 862 εἴδη
737 827 886 863 θεοπρεπῆ,
908 829 963 856 for-

181 879 231 898 ma:
243 876 413 906 spectrorum
428 872 536 899 divinm.
549 872 645 900 Fertur
656 881 690 900 ex
702 874 797 901 matris
809 879 887 902 utero
902 883 963 909 pro—

179 919 262 946 diisse
287 919 415 954 digitum,
440 919 540 946 silentii
567 919 695 950 indicem,
722 919 801 947 labiis
822 921 960 947 admotum

182 963 285 990 habens
307 963 445 998 quomodo
460 963 580 998 Egyptii
606 964 770 995 fabulantur,
794 970 886 992 natum
902 973 963 993 esse

180 1008 262 1035 Orum
278 1013 305 1035 et
320 1007 410 1036 Solem
428 1013 490 1036 atttc
504 1009 596 1040 Orum,
613 1009 648 1035 ita
665 1013 695 1036 ut
709 1011 830 1037 sectione
844 1012 875 1037 ad
895 1011 964 1046 digi-

180 1058 235 1080 tum
247 1055 440 1082 removendum
451 1062 518 1089 opus
533 1054 621 1082 fuerit.
637 1054 668 1082 Et
681 1054 827 1082 Heraiscus
839 1055 888 1083 fuit
900 1057 963 1084 liac-

180 1099 259 1130 chus,
285 1103 314 1126 ut
338 1101 473 1127 somnium
490 1100 631 1128 indicavit.
649 1102 682 1128 At
697 1101 872 1136 Asclepiades
887 1103 962 1130 theo—

181 1145 257 1180 logia:
275 1146 367 1180 patriae
385 1146 576 1181 peritissimus,
603 1147 681 1181 cujus
707 1147 745 1174 rei
768 1148 961 1176 documentum

180 1195 244 1218 sunt
261 1191 358 1227 Ilyumi
374 1200 442 1227 quos
469 1192 495 1219 in
509 1192 695 1227 zEgyptiorum
710 1193 774 1221 deos
789 1195 961 1228 conscripsit,

181 1236 244 1263 item
261 1245 340 1271 opus,
357 1238 428 1272 quod
441 1238 561 1265 scribere
582 1238 698 1265 instituit
715 1238 751 1265 De
768 1240 883 1266 omnium
900 1241 962 1267 reti-

181 1283 286 1317 gionum
309 1291 446 1311 catzsettsu.
475 1283 589 1318 Scripsit
615 1284 696 1311 etiam
723 1293 792 1318 opus
806 1287 962 1319 Αἰγυπτίων

180 1328 318 1362 ὼγυγίων,
331 1328 516 1364 lEgyptt'orum
533 1330 767 1356 vetustissimorum
782 1338 821 1356 res
836 1337 920 1365 gestas
936 1337 961 1358 et

183 1373 324 1400 historiam
349 1381 482 1401 annorum
513 1375 593 1408 paulo
618 1374 679 1410 plus
709 1375 817 1409 triginta
848 1377 962 1404 millium

181 1420 376 1454 complectens.
393 1422 618 1448 etc.Ammonius
640 1427 666 1448 et
687 1421 844 1456 Erythraeos
876 1422 962 1458 Egy-

181 1467 254 1502 ptius
269 1467 341 1495 inter
355 1476 385 1495 se
402 1469 599 1497 contendebant
616 1469 749 1505 Byzantii.
768 1475 820 1497 etc.

1015 231 1154 258 Do-itatem.
1167 229 1220 258 Ἦν
1235 232 1290 265 φῶς
1310 231 1402 266 νοερὸν
1422 231 1491 264 πρὸς
1509 231 1614 265 vespm],
1632 231 1680 257 καὶ
1699 229 1733 265 ἧν
1755 232 1801 257 ἀεὶ

1012 277 1074 308 νηῦς
1086 278 1143 308 νοὸς
1155 278 1283 311 φωτεινὸς
1295 277 1341 303 καὶ
1355 276 1431 303 οὐδὲν
1446 277 1537 311 ἕτερον
1553 274 1586 310 ἦν
1601 276 1617 310 ἢ
1632 275 1728 302 τούτου
1743 277 1800 302 ἑνό-

1011 332 1060 357 της
1071 344 1077 354 ,
1096 323 1141 350 καὶ
1161 323 1270 357 πνεῦμα
1287 323 1376 348 πάντα
1393 322 1519 356 περιέχον
1536 329 1542 335 ·
1561 321 1639 351 ἐκτὸς
1655 321 1750 347 rod-mu
1767 322 1799 347 οὗ

1012 369 1087 400 Θεδς,
1102 370 1151 395 οὐκ
1165 369 1289 403 ἄγγελος,
1303 369 1353 394 οὐκ
1366 368 1444 394 οὐσία
1456 367 1534 402 ἄλλη,
1546 372 1598 394 etc.
1609 367 1651 402 (ex
1663 367 1776 401 Cyrillo.
1790 375 1797 393 ι

1012 416 1039 442 in
1054 415 1167 448 Julian.)

1049 462 1170 489 llermias
1182 482 1189 494 .
1204 463 1346 490 eunuchus
1357 483 1364 495 ,
1380 464 1504 494 Atarnre,
1524 463 1626 498 regioni
1641 462 1745 498 Mysia,
1764 462 1796 488 ad

1013 508 1216 543 Hellespontum
1239 509 1364 544 praefuit,
1392 511 1446 545 regi
1472 510 1616 536 Persarum
1646 509 1797 542 subjectus.

1014 553 1162 582 Eunuchus
1176 562 1236 581 cum
1252 561 1323 582 esset
1338 560 1365 582 et
1382 563 1476 582 servus
1491 556 1599 584 Eubuli,
1614 555 1734 589 Bithyni,
1751 554 1799 590 dy-

1014 604 1097 626 nastzc
1114 605 1141 627 et
1157 601 1324 635 philosophi,
1346 601 1445 628 litteris
1469 602 1502 628 ab
1526 601 1674 628 Arislotele
1690 601 1799 627 institu-

1012 648 1068 675 tus,
1091 645 1126 671 De
1147 646 1235 672 anima
1257 646 1382 680 scripsit,
1406 654 1520 681 eamque
1538 647 1724 673 immortalem
1741 653 1800 672 esse

1013 690 1115 717 docuit.
1133 690 1181 717 Hic
1194 696 1235 718 est
1248 692 1391 718 eunuchus
1408 692 1465 721 ille,
1486 696 1526 718 ter
1541 692 1678 721 venditus,
1692 691 1799 718 Aristo-

1014 736 1075 763 telis
1092 737 1207 769 amicus,
1230 738 1274 764 cui
1301 738 1383 764 tiliam
1405 745 1482 765 suam
1502 738 1656 770 adoptivum
1686 745 1798 763 uxorem

1013 781 1096 808 dedit.
1118 781 1169 808 Sed
1185 787 1212 809 et
1232 783 1290 817 ipse
1301 803 1308 815 ,
1328 783 1389 810 licet
1402 783 1528 814 Θλαδίας,
1545 783 1628 809 tiliam
1653 783 1751 809 habuit
1766 790 1798 808 ex

1014 833 1099 853 uxore
1117 825 1285 860 Pythiadem.
1305 826 1442 853 Scrihitur
1462 827 1592 860 Ἐρμίας,
1608 831 1636 852 ut
1652 827 1679 852 in
1698 826 1800 859 στίχοις

1015 870 1150 904 ἰαμϐικῡῖς
1165 871 1339 906 Hipponactis
1349 872 1404 908 (75)
1418 882 1424 899 z
1440 871 1572 906 Εὑνοῦχος
1588 871 1626 898 ὢν
1642 872 1690 898 καὶ
1707 871 1800 902 δοῦλος

1020 917 1146 952 Ἐρμεας.

1049 963 1172 990 llermias
1198 963 1374 998 (Ἑρμείας),
1391 963 1581 998 philosophus.
1606 963 1746 990 Ammonii
1772 968 1800 990 et

1012 1008 1169 1041 Heliodori,
1190 1009 1383 1042 magistrorum
1401 1009 1552 1039 Damascii,
1578 1014 1667 1043 pater,
1694 1009 1799 1035 amicus

1013 1055 1125 1082 intimus
1152 1054 1280 1089 disrari,
1310 1055 1480 1088 cupidissimi
1510 1055 1676 1087 litterarum,
1708 1055 1799 1081 fratris

1013 1101 1172 1133 Theodotae,
1200 1108 1260 1136 qute
1304 1106 1360 1128 erat
1388 1106 1474 1129 mater
1502 1101 1595 1128 lsidori
1629 1101 1797 1135 p'.ilosoplti.

1013 1146 1080 1174 Huic
1091 1146 1219 1182 Egypto,
1233 1147 1368 1180 morienti,
1378 1146 1557 1181 jurejurando
1573 1147 1728 1175 atlirmavit,
1741 1147 1799 1172 ani-

1014 1202 1085 1221 mam
1100 1201 1161 1220 esse
1178 1194 1374 1224 immortalem,
1391 1201 1470 1227 quam
1489 1193 1614 1220 ﬁduciam
1635 1193 1686 1227 ipsi
1705 1193 1799 1219 alit-re-

1013 1240 1059 1266 bat
1076 1240 1136 1266 vitm
1154 1240 1303 1274 integritas.
1317 1239 1520 1273 Philosophiam
1537 1239 1622 1265 coluit
1638 1239 1690 1265 sub
1704 1246 1801 1271 n-agno

1013 1284 1138 1320 Syriano,
1156 1285 1288 1312 industria
1314 1285 1380 1311 nulli
1399 1285 1534 1312 sodalium
1550 1291 1674 1315 suorum,
1692 1292 1725 1310 ne
1739 1283 1800 1310 Pro-

1013 1330 1055 1356 clo
1070 1330 1190 1363 quidem,
1204 1329 1326 1356 inferior.
1341 1329 1417 1356 Licet
1429 1335 1493 1356 vero
1508 1328 1542 1354 τὰ
1561 1329 1610 1362 μὲν
1627 1329 1800 1362 περὶ,λόγους

1013 1376 1195 1411 ἐνδεέστερος,
1210 1376 1226 1411 ἢ
1243 1376 1313 1402 κατὰ
1327 1375 1376 1410 τὴν
1393 1375 1548 1410 ἀκρίϐειαν,
1576 1375 1610 1402 ab
1637 1375 1800 1401 eruditionis

1015 1427 1042 1449 et,
1054 1422 1216 1456 eloquentia:
1232 1421 1398 1456 perfectione
1420 1421 1528 1449 abesset
1540 1441 1547 1453 ,
1565 1421 1694 1447 virtutem
1711 1424 1798 1447 tamen

1016 1468 1051 1495 ita
1070 1468 1235 1499 sectabatur,
1250 1472 1280 1494 ut
1296 1475 1327 1494 ne
1342 1467 1448 1494 Momus
1462 1466 1571 1502 quidem
1589 1467 1799 1500 reprehendere,

217 1512 357 1548 Hercules,
369 1515 503 1543 Alcmena:
520 1516 550 1543 F.
566 1515 642 1543 Hunc
658 1518 767 1545 tradunt
781 1518 863 1545 fuisse
878 1518 965 1552 philo-
979 1518 1002 1549 C
1019 1522 1068 1541 nec
1083 1514 1183 1541 invidia
1200 1515 1256 1548 ipsa
1269 1514 1332 1540 odio
1348 1521 1407 1540 eum
1425 1514 1550 1548 proscqtti
1567 1518 1669 1547 posset.
1684 1512 1800 1539 Tantum

182 1559 308 1594 sopitum,
329 1568 409 1595 quem
427 1561 541 1596 pingunt
565 1561 633 1596 pelle
648 1562 764 1593 leonina.
777 1563 828 1590 hoc
845 1569 885 1590 est
899 1571 962 1597 prn—

181 1606 270 1633 tientia
286 1610 313 1634 et
327 1608 492 1640 constantia,
511 1608 653 1640 amictum,
672 1607 718 1641 qui
740 1608 815 1636 clava
841 1609 961 1643 philoso-

182 1652 252 1686 phia:
265 1653 533 1686 peretnitdraconem
549 1653 717 1687 cupiditatis,
726 1658 752 1680 et
763 1654 797 1681 ab
807 1662 836 1680 ea
852 1655 964 1682 abstulit

183 1701 238 1725 tres
252 1698 375 1730 virtutes,
390 1698 494 1726 scilicet
508 1706 562 1725 non
580 1699 677 1730 irasci,
694 1706 746 1726 non
762 1707 822 1726 esse
840 1707 962 1732 avarum,

184 1749 235 1769 nec
260 1741 445 1776 Voluptatibus
472 1742 602 1769 deditum.
617 1756 653 1762 -—
680 1742 738 1769 Sub
752 1742 841 1770 Minoe
861 1743 965 1771 exstitit

185 1785 325 1819 Hercules,
341 1786 450 1822 Tyrius,
475 1787 520 1822 qui
544 1795 669 1822 purpurte
687 1788 833 1816 tincturam
850 1789 964 1822 invenit,

185 1840 253 1859 eane
284 1833 409 1860 maxillas
441 1833 591 1868 (sanguine
615 1833 771 1869 conchylii)
803 1839 963 1869 cruentato;

185 1884 301 1912 eamque
323 1877 420 1905 obtulit
435 1878 558 1906 Phtenici
576 1879 644 1914 regi,
664 1879 710 1914 qui
738 1879 843 1914 primus
863 1887 965 1915 purpu-

185 1931 244 1950 ram
261 1924 386 1959 gestavit.
861 1948 863 1951 .

221 1969 384 1997 Herennius.
403 1963 481 1997 Philo
495 1969 623 2005 Byblius,
650 1970 802 1999 Herennius
825 1971 966 2007 cognomi-

186 2020 278 2047 natus,
296 2019 326 2042 ut
341 2015 399 2050 ipse
414 2015 490 2043 dicit.

222 2060 413 2096 Hermagoras,
430 2060 683 2095 Ampltipolitanus,
699 2060 886 2095 philosophus,
903 2061 968 2088 Per-

187 2106 233 2133 smi
252 2106 413 2140 discipulus.
433 2106 533 2140 Dialogi
550 2106 637 2140 ipsius
653 2111 726 2138 sunt,
740 2105 882 2141 Misocyon.
899 2106 968 2141 Περὶ

186 2153 378 2187 ἀτυχημάτων,
394 2151 430 2180 De
446 2152 613 2186 infortuniis,
628 2152 772 2187 Ἐκχυτόν.
788 2153 845 2178 ἐστι
862 2152 890 2178 δὲ
918 2152 969 2179 dio-

188 2199 298 2232 σκοπίτι,
318 2198 440 2233 Effusum
462 2199 520 2226 sive
531 2199 568 2226 De
591 2206 697 2225 ovorum
718 2199 887 2233 inspectione.
903 2199 970 2234 Περὶ

189 2245 362 2280 σοφιστείας,
390 2244 428 2272 οε
452 2249 509 2272 arte
535 2244 680 2279 sophistica
707 2244 839 2273 adversus
866 2244 970 2272 Acade-

188 2293 286 2320 micos.

225 2336 407 2372 Hermagoras
432 2345 464 2364 ex
490 2336 611 2369 ’l'emno,
639 2336 733 2365 IEolite
763 2336 846 2369 urbe,
870 2343 972 2370 cogno-

190 2388 282 2410 mento
305 2383 423 2415 Carinn,
446 2382 550 2414 rhetor,
574 2383 683 2417 scripsit
707 2387 790 2409 artem
814 2382 971 2408 rhetoricam

190 2429 266 2457 libris
279 2428 329 2462 Vl,
347 2429 415 2464 Περὶ
439 2428 619 2464 ἐξεργασίας,
635 2428 674 2454 De
697 2427 885 2455 elaboratione.
904 2427 972 2462 Περὶ

191 2475 353 2510 πρέποντος,
366 2474 403 2501 De
417 2474 521 2502 decoro.
534 2474 600 2509 Περὶ
612 2474 749 2509 φράσεως,
763 2472 800 2499 De
815 2473 972 2500 elocutione.

191 2523 258 2557 Περὶ
284 2521 431 2557 σχημάτων
443 2540 451 2553 ,
477 2520 515 2547 De
537 2521 638 2555 ﬁguris.
656 2519 706 2546 Hic
722 2526 775 2546 una
791 2527 851 2545 cum
864 2519 974 2546 Caecilio

191 2567 284 2595 Roma:
297 2568 391 2595 docuit
403 2567 519 2595 Caesaris
532 2565 646 2601 Augusti
666 2565 844 2600 temporibus,
856 2569 883 2592 et.
896 2569 972 2592 aetate

190 2617 314 2648 provecta
331 2613 409 2640 obiit.

228 2660 353 2693 Hermes,
369 2658 478 2694 sapiens
495 2657 647 2693 Aigypthts,
665 2662 728 2684 ante
743 2656 911 2684 Pharaonem
925 2655 974 2683 llo—

193 2705 246 2733 rttit
261 2710 426 2741 vocatusque
450 2704 500 2732 fuit
526 2703 726 2738 Trismegistus,
743 2703 814 2739 quod
832 2703 864 2730 de
878 2702 971 2745 Trini-

1014 1565 1073 1586 erat
1091 1559 1118 1586 in
1139 1560 1185 1586 illo
1204 1559 1339 1594 aequitatis
1353 1558 1473 1586 studium
1485 1579 1491 1591 ,
1509 1563 1553 1590 ut,
1569 1559 1591 1585 si
1608 1558 1673 1592 quid
1688 1561 1798 1587 erueret.

1015 1605 1114 1632 librum
1129 1605 1204 1632 verbi
1218 1605 1302 1640 gratia
1314 1625 1321 1634 ,
1339 1604 1470 1630 venditori
1487 1603 1601 1630 minoris
1623 1603 1715 1630 forsan
1732 1601 1800 1628 οπε-

1015 1651 1086 1678 renti
1119 1658 1200 1686 quam
1227 1659 1275 1686 par
1301 1654 1390 1682 ess‘t,
1417 1650 1521 1685 justum
1564 1650 1656 1684 potius
1684 1649 1799 1684 pretium

1015 1697 1101 1724 daret.

1051 1744 1231 1778 Hermippus,
1256 1743 1447 1774 Atheniensis,
1474 1742 1597 1769 comicus
1622 1741 1740 1774 antiquae
1754 1747 1799 1767 co.

1016 1790 1134 1822 mediae,
1152 1791 1255 1821 luscus,
1271 1789 1355 1816 frater
1370 1788 1466 1824 Myrtili
1486 1788 1593 1820 comici,
1611 1787 1728 1819 tabulas
1754 1787 1802 1814 do-

1018 1837 1072 1864 cuit
1087 1836 1144 1862 XL.

1053 1882 1226 1916 Hertnippus,
1240 1880 1375 1916 B.-rytius,
1391 1888 1422 1906 ex
1440 1880 1500 1907 vico
1530 1879 1743 1910 mediterraneo,
1759 1878 1802 1905 di-

1017 1929 1138 1964 scipulus
1158 1928 1295 1957 Philonis,
1310 1927 1429 1961 ijlii,a
1453 1933 1507 1960 quo
1528 1926 1736 1952 commendatus
1753 1925 1802 1951 fuit

1019 1974 1156 2002 Herennio
1172 1973 1273 2000 Severo
1293 1973 1343 1999 sub
1360 1971 1498 1998 Hadriano
1532 1971 1598 2005 imp.
1617 1970 1665 1997 Hic
1679 1971 1802 2005 quamvis

1019 2027 1119 2055 genere
1137 2019 1278 2046 libertinus
1293 2022 1380 2050 esset,
1398 2022 1487 2044 tamen
1510 2017 1633 2044 eruditus
1658 2017 1804 2044 admodum

1019 2067 1069 2094 fuit
1086 2071 1113 2094 et
1128 2066 1211 2093 multa
1228 2065 1348 2098 scripsit.

1055 2110 1256 2144 Hermogenes,
1282 2109 1442 2138 Tarsensis,
1471 2112 1652 2143 cognomento
1679 2108 1804 2142 Ξυστὴρ.

1020 2155 1099 2190 quasi
1114 2162 1230 2181 ratorem
1250 2153 1352 2180 dixeris
1369 2162 1375 2180 :
1395 2153 1534 2186 sophista,
1559 2160 1638 2187 quem
1666 2152 1805 2179 Musonius

1023 2201 1214 2237 philosophus,
1231 2204 1257 2226 et
1273 2200 1382 2226 Marcus
1414 2199 1478 2233 imp.
1497 2199 1619 2229 audivit,
1634 2198 1678 2225 vix
1712 2204 1803 2224 natum

1021 2255 1108 2274 annos
1119 2246 1176 2277 XV,
1193 2245 1292 2280 ingenii
1306 2245 1436 2272 felicitate
1449 2249 1476 2272 et
1487 2245 1610 2272 doctrina
1624 2250 1735 2278 captum
1747 2245 1805 2278 ejus

1020 2293 1106 2320 tctatis
1123 2293 1203 2327 longe
1218 2296 1375 2326 superante.
1391 2291 1485 2318 Annos
1499 2296 1578 2318 natus
1592 2291 1702 2318 circiter
1714 2291 1805 2322 XVIII,

1021 2339 1129 2374 scripsit
1143 2343 1225 2365 artem
1244 2338 1413 2369 rhetoricam,
1427 2345 1507 2371 quam
1525 2344 1619 2363 omnes
1636 2337 1663 2363 iu
1682 2338 1807 2365 manibus

1023 2386 1140 2418 habent;
1158 2384 1194 2411 De
1217 2385 1330 2411 statibus
1354 2392 1497 2410 causarum
1522 2383 1637 2414 librum,
1663 2382 1699 2410 De
1718 2384 1807 2417 formis

1023 2431 1152 2459 orationis
1168 2431 1248 2457 libros
1264 2429 1348 2461 duos;
1363 2429 1401 2456 De
1418 2429 1560 2463 Caelesyria
1582 2430 1664 2455 libros
1681 2428 1723 2456 II.
1741 2429 1806 2455 Cum

1024 2484 1125 2504 annum
1146 2475 1233 2503 :etatis
1263 2474 1346 2502 XXIV
1364 2475 1514 2509 attigisset,
1540 2474 1648 2508 ingenio
1671 2474 1770 2501 defecit
1784 2478 1808 2501 et

1026 2524 1067 2551 sui
1092 2530 1204 2557 prorsus
1231 2521 1372 2548 dissimilis
1396 2521 1482 2548 evasit
1507 2521 1565 2547 sine
1589 2520 1642 2546 ulla
1665 2520 1808 2547 manifesta

1026 2575 1110 2595 causa
1122 2572 1169 2594 aut
1183 2567 1276 2593 morbo
1292 2567 1418 2597 corporis
1435 2575 1441 2593 :
1465 2565 1537 2592 unde
1553 2565 1654 2592 dictum
1676 2565 1809 2599 Ἑρμογέ-

1027 2621 1075 2647 νης
1098 2613 1111 2638 ό
1126 2614 1154 2638 ὲν
1181 2612 1257 2638 παισὶ
1283 2611 1385 2647 γέρων,
1405 2612 1434 2637 ὲν
1457 2611 1486 2637 δὲ
1509 2610 1620 2644 γέρουσι
1639 2611 1723 2641 παῖς,
1740 2609 1810 2636 Inter

1027 2666 1119 2692 pueros
1135 2665 1212 2684 unca:
1224 2662 1247 2684 et
1262 2657 1411 2692 interisenes
1423 2664 1496 2689 puer.
1511 2655 1548 2682 De
1564 2656 1616 2682 hoc
1629 2655 1810 2682 Philostratus

1028 2689 1168 2735 Ila-nntius,
1186 2708 1238 2730 etc.
1254 2689 1392 2730 Cadai'ere
1407 2701 1465 2736 ejus
1492 2701 1609 2728 dissecto
1639 2707 1689 2727 cor
1714 2699 1810 2728 dicitur

228 2805 284 2840 (75)
299 2805 411 2840 Oportet
439 2812 536 2832 nomen
574 2812 633 2840 esse
663 2808 838 2840 corruptum,
864 2803 903 2831 vel
927 2803 1060 2838 Ῑιιιιίιςιειι
1076 2801 1271 2838 llipponactcm
1297 2801 1419 2837 intelligi.
1453 2800 1518 2827 Nam
1544 2800 1685 2836 llipponax
1704 2799 1750 2827 ille
1763 2806 1808 2826 .m-

194 2839 284 2875 tiquus
301 2839 347 2868 diu
363 2844 426 2867 ante
442 2839 577 2867 llermimn
597 2839 658 2866 fuit.
