1921 3072
100 163 172 196 1273

718 169 769 198 DE
786 169 930 204 QUIBUS
951 169 1102 199 SUIDAS.

1658 171 1724 202 1275

99 223 243 250 inventum
259 223 320 257 pilis
334 223 453 250 obsitum
475 227 501 250 et
524 230 696 250 communem
717 224 883 259 magnitudi-
898 226 920 254 Α
958 224 1100 256 'Hersilia,
1125 231 1223 251 nomen
1240 225 1392 259 proprium.
1420 224 1455 252 De
1471 232 1501 252 ea
1521 225 1631 262 Dionys.
1651 227 1723 254 Itali-

98 276 164 296 nem
183 269 260 304 longe
277 277 431 304 superasse.

135 315 316 348 Hermolaus,
350 315 544 350 grammaticus
571 315 747 350 Cpolitanus,
775 314 886 348 scripsit

97 361 243 396 ltpitonten
263 361 378 388 ἐθνικῶν
401 362 532 396 Stephani
553 363 742 397 grammatici,
770 369 885 398 eamque

96 405 253 433 .Iustiniano
287 406 352 441 imp.
369 406 514 434 dedicavit.

131 452 257 479 Herodes
271 452 368 484 Julius,
382 453 452 480 filius
464 453 556 485 Attici,
574 453 710 480 Plutarchi
729 460 822 487 nepos.
839 461 885 487 ge-

96 506 165 525 nere
180 497 326 530 Eacides,
354 498 546 530 Atheniensis,
570 507 604 526 ex
630 500 778 533 municipio
794 498 883 525 Mara-

97 544 196 571 thonio
207 565 214 575 ,
231 544 369 578 sophista,
387 545 423 571 ob
437 545 595 572 thesaurum
612 546 787 580 (repertum)
806 546 883 573 valde

95 590 184 621 dives,
202 590 270 617 adeo
284 595 315 617 ut
330 595 356 617 et
373 590 490 617 stadium
509 596 535 618 et
552 592 688 619 theatrum
706 597 776 619 tecto
792 592 883 618 muni-

95 641 154 662 tum
177 635 390 663 Atheniensibus
413 636 575 664 condiderit.
603 636 692 669 Ipsius
717 642 792 670 pater
814 638 883 664 Asiae

97 680 208 714 praefuit
232 685 259 707 ct
282 681 323 708 bis
347 681 518 708 consulatum
544 681 638 716 gessit.
664 681 736 707 Vixit
760 681 882 714 Trajani,

95 727 229 754 lladriani
248 731 274 753 et
291 726 372 753 Marci
386 726 532 758 Antonini,
559 727 642 761 itnpp.
667 727 833 760 temporibus
855 732 882 753 et

95 772 264 799 Favorinum
299 771 526 806 Polemonemque
564 777 742 806 pra‘ceptorcs
777 773 880 799 habuit.

96 817 412 852 δετὶρείιἚιρημερὶδις.
422 825 499 852 opus.
513 818 584 844 raria
595 818 745 845 eruditione
757 818 880 851 plu-num:

95 864 159 890 item
178 862 311 896 Epistolas
335 867 361 888 et
383 863 515 888 orationes
531 863 747 896 extemporales,
766 871 880 897 quarum

94 908 223 935 meminit
242 908 422 935 Philostratus
443 909 470 935 itt
491 907 559 935 Vitis
586 909 783 943 sophistarum.
808 910 835 935 Ei
854 910 880 936 in

95 955 194 982 sebola
209 955 342 982 successit
356 954 489 981 Adrianus
501 975 508 987 ,
525 954 657 989 sophista.
675 954 881 982 Circumferun-

96 1010 142 1030 tur
156 1007 185 1030 et
201 1002 286 1029 multa
298 1002 350 1029 alia
364 1002 437 1028 illius
450 1003 562 1036 scripta,
577 1009 609 1028 ex
623 1003 722 1036 quibus
739 1007 765 1028 et
782 1003 881 1036 ingenii

93 1049 154 1083 ejus
170 1047 348 1082 magnitudo,
366 1052 393 1072 et
408 1048 506 1074 mentis
530 1047 685 1074 sublimitas
701 1047 816 1081 perspici
834 1054 882 1081 po-

93 1099 156 1122 test.
181 1093 256 1121 Obiit
279 1093 350 1120 circa
368 1092 474 1119 LXXVI
489 1093 576 1120 aetatis
593 1100 711 1125 annum,
735 1092 795 1119 tabe
817 1100 882 1119 cetr-

93 1140 195 1168 fectus.

129 1185 315 1217 Herodianus,
331 1184 539 1217 Alexandrinus,
554 1184 757 1219 grammaticus.
774 1184 882 1218 Apo‘lo—

94 1232 143 1264 nii,
158 1230 344 1267 grammatici,
359 1231 523 1264 cognomine
539 1230 642 1266 [)yscoli
655 1249 661 1261 ,
678 1230 707 1256 F.
727 1230 797 1256 Vixit
813 1235 880 1256 tetri-

94 1285 160 1312 pore
175 1276 260 1304 Marci
274 1276 402 1303 Antonini
418 1276 495 1310 imp.,
510 1284 595 1311 quare
613 1276 706 1310 junior
725 1282 766 1303 est
783 1276 880 1311 Diony-

94 1324 146 1355 sio,
163 1323 213 1358 qui
229 1323 361 1349 musicam
375 1323 516 1349 historiam
530 1323 702 1356 conscripsit,
718 1327 744 1349 et
768 1321 880 1350 Philone

94 1368 202 1404 liyblio.
219 1368 269 1404 [De
283 1369 343 1403 ejus
361 1368 488 1402 operibus
504 1368 605 1394 multus
621 1374 662 1396 est
679 1368 787 1396 Kuster.
803 1369 836 1396 ad
851 1370 877 1396 lt.

94 1415 114 1441 l.
130 1420 199 1442 tum.
215 1415 245 1446 ll,
262 1423 323 1449 pag.
338 1415 382 1445 78,
399 1422 427 1442 ιι.
440 1414 479 1450 8.]

129 1460 300 1492 Herodotus,
324 1460 390 1496 Lyxi
413 1465 440 1487 et
463 1460 575 1495 Dryonis
591 1461 632 1493 Ρη
646 1460 878 1495 Halicarnasseus,

95 1506 194 1534 illustri
216 1514 314 1541 genere
333 1511 423 1539 tratus,
448 1507 557 1534 fratrem
585 1508 679 1534 habuit
696 1509 877 1536 Theodorum.

936 276 1012 296 carn.
1029 269 1143 304 Antiqq.
1159 269 1239 297 Rom.
1259 270 1305 298 lib.
1323 278 1353 297 ιι.

971 314 1116 346 Hesiodus,
1131 314 1281 347 Cumanus,
1298 323 1312 342 a
1328 320 1404 350 patre
1425 316 1488 347 Dio,
1514 323 1540 344 et
1570 322 1655 345 tnatre
1673 319 1723 354 l‘y-

935 360 1053 392 cimexle,
1071 360 1229 387 adolescens
1253 361 1400 388 translatus
1421 367 1461 388 est
1476 362 1599 394 Aser-am,
1611 364 1720 392 Boeotias

935 407 1082 433 civitatem.
1098 405 1162 432 Dius
1180 406 1251 433 filius
1270 406 1435 440 Ampelidae.
1466 416 1548 439 nepos
1575 409 1718 442 Melanopi.

934 459 1013 486 quem
1032 451 1107 479 aiunt
1123 451 1208 479 fuisse
1225 460 1305 479 avum
1326 451 1433 478 llomeri
1451 453 1492 479 ari
1504 473 1510 484 ,
1528 454 1563 480 ita
1579 459 1604 480 ut
1621 454 1719 481 llotnc-

935 505 982 524 rtts
997 502 1077 524 natus
1092 498 1126 525 sit
1141 506 1171 524 ex
1190 498 1310 532 patruele
1327 497 1446 524 Hesiodi.
1473 497 1618 532 Ull'lllSqltl‘
1633 507 1718 532 genus

935 544 969 571 ab
982 543 1089 570 Atlante
1104 544 1200 570 dv-dur‘i
1228 543 1327 570 ferunt.
1343 544 1469 569 Poemata
1491 543 1597 571 Hesiodi
1611 565 1617 576 ,
1635 545 1719 570 Thro-

934 590 1024 624 gnm'a.
1045 588 1131 623 Opera
1148 594 1171 615 et
1191 589 1263 619 dies,
1280 588 1410 623 Clypnus,
1436 589 1609 615 Hrroiuarum
1630 590 1721 616 mulie-

934 643 990 660 rum
1007 633 1150 669 Catnlogus
1193 635 1268 661 libris
1289 633 1318 666 V,
1335 634 1487 667 Epiredirutr
1507 635 1530 660 iu
1549 634 1720 667 Balrnclram,

933 688 1012 714 quem
1031 684 1168 706 amaverat
1183 699 1190 709 ,
1210 679 1245 705 l)e
1261 678 1340 705 Irlmis
1359 679 1493 712 Dactylis,
1511 683 1535 705 el
1554 680 1605 706 alia
1624 680 1718 707 tnnlta.

933 725 1005 751 Obiit
1022 725 1139 758 hospitio
1156 730 1285 758 exceptus
1300 725 1334 751 a'o
1347 725 1466 758 Antipho
1481 729 1507 750 et
1522 725 1655 754 Ctimeno.
1672 726 1720 759 qui

934 776 1013 797 noctu
1039 776 1162 804 putant-ts
1173 778 1201 797 se
1224 770 1325 797 sororis
1344 779 1400 796 sua:
1416 776 1596 804 stupratorem
1615 771 1720 797 interfi-

933 824 1010 847 cere,
1027 815 1172 842 llr-siolurn
1202 817 1404 842 obtruncarunt
1430 816 1522 843 inviti.
1538 815 1655 843 llotnero
1674 817 1718 844 alii

933 862 1114 896 antiquiorem
1132 861 1245 891 faciunt.
1263 862 1393 896 :eqnalr-m
1410 862 1464 890 alii.
1480 862 1647 896 Porphyrius
1660 863 1721 889 alii-

934 916 986 940 qne
1008 908 1115 939 plurimi
1145 908 1223 934 antris
1249 913 1356 934 centum
1378 907 1535 942 juniorem.
1563 914 1589 934 ιιι
1613 913 1717 936 tantum

934 951 1031 979 XXXII
1055 952 1133 980 annis
1166 953 1279 987 primam
1308 953 1494 988 Olympiadem
1531 954 1717 982 antecesserit.

934 998 1008 1025 Adde
1024 997 1132 1025 Knsteri
1151 1004 1208 1025 not.
1222 998 1238 1025 5
1253 1003 1278 1024 et
1292 999 1317 1030 6,
1336 1004 1401 1025 tom.
1420 999 1450 1030 ll,
1467 1000 1579 1033 pag.80.

969 1044 1115 1079 Ἕσπερος.
1134 1043 1308 1071 Parmenides
1336 1045 1396 1079 (alii
1432 1046 1507 1071 aiunt
1529 1045 1715 1080 Pythagoras).

933 1090 1036 1123 prirrtus
1060 1091 1254 1125 deprehendit,
1279 1091 1404 1117 eumdem
1431 1099 1491 1118 esse
1519 1090 1664 1126 Vesper-um
1691 1095 1718 1118 et

933 1134 1099 1162 Luciferum.

969 1180 1119 1214 Hesychius
1130 1181 1256 1213 Milesius,
1269 1182 1348 1217 Ilesyr
1358 1181 1406 1209 hii.
1419 1181 1560 1213 causidici,
1573 1186 1597 1208 et
1611 1182 1718 1216 Sophia!

934 1226 976 1259 Β,
988 1228 1153 1261 temporibus
1167 1229 1300 1254 Anastasii
1321 1230 1354 1256 (el
1366 1227 1521 1260 .lnstiniani)
1532 1228 1628 1261 impp.,
1639 1229 1713 1254 ruit.

933 1273 1049 1307 Scripsit
1061 1273 1283 1306 Ὀ-ιομπτολόγον,
1296 1273 1311 1306 ἢ
1326 1273 1426 1298 πῖνακα
1435 1272 1489 1298 τῶν
1504 1272 1645 1306 ivno-15:1;
1658 1271 1716 1297 ζνς-

933 1320 1053 1353 μαστών,
1067 1316 1096 1345 οὒ
1111 1321 1225 1353 ἐπιτομὴ
1241 1321 1297 1345 ἐστι
1316 1319 1394 1345 τοῦτο
1413 1319 1443 1345 τὸ
1459 1319 1574 1353 βιϐλίον,
1595 1318 1695 1345 Nomen
1706 1332 1717 1339 ρ

932 1366 1068 1395 datorem.
1085 1366 1151 1395 sive,
1165 1366 1210 1399 qtti
1228 1366 1291 1391 liber
1309 1365 1380 1391 illius
1395 1369 1434 1392 est
1451 1364 1583 1397 Epitome,
1599 1364 1716 1391 Iudicem

932 1408 1046 1437 viFor-trrrr
1075 1412 1119 1445 qui
1134 1411 1253 1438 doctrina
1269 1412 1336 1438 clari
1353 1411 1468 1445 fuerunt.
1486 1411 1550 1437 ltetn
1571 1410 1717 1436 Historiam

932 1457 1097 1486 clrrotticam.
1113 1465 1193 1491 quant
1217 1458 1243 1484 in
1269 1465 1315 1484 sea:
1329 1458 1487 1484 diastemata
1507 1457 1557 1491 (sic
1574 1457 1644 1482 enim
1662 1457 1718 1483 sin-

932 1504 1007 1538 gulos
1025 1503 1107 1530 libros
1125 1503 1262 1537 appellati.
1281 1503 1415 1530 distinxit.
1433 1503 1461 1529 In
1481 1503 1522 1529 his
1538 1502 1615 1528 libris
1630 1503 1717 1528 conti-

96 1553 210 1579 Samum
231 1553 356 1587 migravit
381 1557 492 1588 propter
516 1552 725 1588 Lygdanlidmn'
751 1555 797 1588 qui
820 1556 914 1589 βοεια
932 1553 1031 1574 nenlur
1048 1548 1130 1582 impp.
1150 1548 1333 1575 Romanorum
1358 1557 1417 1579 res,
1444 1548 1524 1575 rariis
1551 1548 1717 1581 tctnporibus

93 1597 264 1631 Pisindelim,
279 1603 394 1633 patrem,
409 1600 551 1633 aviantque
560 1600 731 1626 Artemisiam
749 1605 879 1635 tyrannus

96 1643 279 1671 llalicarnassi
301 1649 370 1671 erat.
395 1643 468 1672 Sami
494 1644 610 1671 lonieam
632 1645 776 1672 dialerturn
797 1654 880 1672 exco-

95 1690 154 1723 luit,
174 1695 202 1717 et
221 1689 366 1716 Historiam
387 1690 462 1716 libris
482 1690 523 1717 IX
548 1691 666 1725 scripsit,
690 1682 848 1724 auspicatus
864 1699 879 1718 a

95 1736 174 1772 Cyro,
190 1735 284 1768 Persa,
300 1741 326 1763 et
338 1736 490 1769 Candaule,
504 1736 637 1772 Lydorum
656 1745 727 1771 rege.
745 1737 879 1764 Reversus

96 1782 194 1810 deinde
210 1782 445 1815 Halicarnassum,
465 1788 608 1818 tyrannum
627 1784 747 1816 expulit,
766 1783 878 1812 invidia-

95 1837 146 1864 que
161 1829 263 1855 civium
281 1830 352 1864 tangi
368 1836 397 1856 se
412 1837 475 1856 cum
489 1829 636 1862 sensisset,
654 1829 786 1857 Titurium
798 1851 806 1862 ,
825 1839 879 1865 quo

96 1879 158 1901 tunc
169 1874 355 1901 Athenienses
373 1874 504 1901 coloniam
521 1874 705 1908 deduu‘bant,
727 1876 798 1903 ultro
814 1884 879 1903 cott-

95 1921 187 1954 cessit,
203 1921 248 1948 ubi
264 1921 408 1948 defunctus
428 1926 455 1948 et
477 1922 504 1948 in
529 1921 588 1948 foro
606 1922 727 1953 sepultus
740 1927 792 1949 est.
810 1922 879 1950 Sunt

96 1971 198 1999 tamen,
213 1967 259 2001 qui
275 1967 362 1998 aiunt,
379 1967 458 1994 Pella:
472 1967 581 1994 obiisse.
599 1967 635 1994 De
652 1967 785 1994 Herodoto
798 1970 812 1994 ὁ
828 1977 879 1995 πα-

97 2013 219 2047 ραϐάτης
242 2012 394 2048 (Julianus)
414 2014 439 2040 in
463 2013 575 2048 epistola
599 2022 606 2040 :
633 2014 665 2040 Et
690 2023 728 2048 τῳ
751 2015 845 2046 πιστὸς
864 2016 878 2042 ὁ

94 2058 206 2093 Θούριος
226 2057 293 2084 εἶναι
310 2058 449 2092 λογοποιὸς
468 2059 558 2091 δοκεῖ,
578 2058 608 2086 Si
629 2059 672 2085 cui
692 2059 804 2086 Titurius
822 2059 877 2094 ille,

93 2104 211 2131 historiae
224 2105 346 2137 scriptor,
364 2104 415 2138 ﬁde
429 2104 523 2138 dignus
539 2112 595 2131 esse
610 2104 722 2131 videtur.

128 2149 237 2181 lleron,
252 2150 352 2184 Cotyos
361 2150 403 2182 Ρη
419 2149 608 2182 Atheniensis,
627 2151 729 2182 rhetor,
745 2151 790 2185 qui
805 2150 877 2178 Cou-

94 2204 148 2228 sat,
160 2196 272 2223 Atlteui:
286 2201 372 2228 actas,
386 2196 505 2230 scripsit.
519 2195 583 2222 ltem
598 2196 794 2229 Expositiottent
806 2197 878 2230 (ora-

96 2242 216 2276 tionum)
245 2241 371 2268 Dinorclti
392 2249 402 2268 :

95 2286 309 2321 Xenophontem,
329 2286 516 2321 Thucydidem.
536 2287 714 2322 Κεκριμένων
735 2287 877 2321 ὀνομάτων

94 2333 246 2360 selectorum
261 2333 447 2360 vocabulorum
462 2333 542 2359 libros
557 2333 615 2360 Ill.
633 2333 771 2368 Epitomen
789 2333 876 2360 Hera-

94 2379 169 2407 clidis
184 2379 355 2406 historiarum
364 2387 374 2412 ,‘
392 2379 428 2406 De
444 2380 560 2413 antiquis
577 2379 725 2406 oratoribus
740 2384 764 2406 et
779 2380 878 2406 oratio—

95 2425 187 2459 nibus,
213 2426 306 2460 quibus
330 2426 355 2452 in
381 2427 607 2453 commissionibus
631 2427 757 2453 uicerunt.
775 2426 876 2454 Heroni

95 2470 206 2500 Proetus
221 2480 250 2499 se
264 2473 411 2503 commisit,
432 2472 492 2499 viro
517 2472 562 2507 pio
581 2475 610 2499 et
631 2472 678 2506 qui
702 2472 822 2507 perfecte
848 2480 878 2500 se

96 2522 298 2552 comparaverat
312 2518 344 2545 ad
358 2518 537 2547 institutionis
552 2518 684 2546 rationem
707 2518 878 2546 Alexandria:

96 2562 232 2590 usitatam.

131 2607 287 2642 lleroplrila,
304 2615 364 2643 quae
387 2612 414 2636 et
437 2607 540 2641 Sibylla
563 2608 703 2644 Erythraea
716 2629 723 2641 ,
740 2608 877 2636 Theodori

96 2652 159 2680 ﬁlia.
179 2653 293 2688 Scripsit
307 2661 388 2681 versu
402 2654 511 2681 heroico
532 2654 622 2689 βιϐλία
638 2653 662 2688 γ’
681 2655 808 2689 μαντικὰ,
827 2659 878 2682 tres

95 2699 285 2727 divinationum
301 2700 381 2727 libros
392 2720 400 2732 ,
413 2705 439 2728 et
455 2700 609 2733 consulum,
628 2701 668 2728 vel
699 2701 748 2735 (ut
763 2701 807 2727 alii
821 2706 878 2728 tra-

95 2743 183 2778 dunt),
195 2743 335 2779 Tarquinii
350 2745 517 2779 temporibus
528 2745 643 2772 Romam
666 2745 750 2779 venit,
765 2754 878 2780 sperans

95 2796 142 2817 eos
157 2798 255 2825 magno
270 2790 323 2818 sibi
339 2791 453 2826 questui
469 2790 539 2818 fore.
553 2790 605 2818 Sed
620 2798 682 2818 cum
697 2791 833 2818 contemni
850 2799 880 2819 sc

96 2835 214 2868 rideret,
238 2837 308 2864 duos
321 2837 405 2865 libros
419 2837 552 2864 cremavit
567 2845 574 2864 :
590 2844 662 2864 unus
677 2844 741 2863 vero
755 2842 879 2864 set-ratus

97 2883 151 2911 est,
167 2888 247 2915 quem
260 2881 375 2910 Romani
391 2889 489 2917 magno
504 2881 591 2917 pretio
609 2882 791 2910 redemerunt.

931 1597 1011 1627 gestae
1025 1598 1051 1619 et
1068 1593 1180 1619 historia
1199 1601 1291 1627 regum
1308 1601 1340 1619 ac
1355 1593 1506 1627 principum
1540 1592 1584 1626 qui
1602 1593 1716 1625 singulis

930 1638 1054 1672 gentibus
1069 1639 1257 1672 imperitarunt
1272 1647 1278 1665 ;
1296 1638 1358 1665 i:em
1375 1646 1405 1665 ea
1429 1645 1489 1672 quae
1503 1637 1620 1672 Byzantii
1636 1642 1711 1671 gesta

931 1689 994 1709 sunt
1018 1691 1104 1717 usque
1127 1684 1158 1710 ad
1187 1683 1328 1718 imperium
1353 1683 1509 1714 Anastasii,
1535 1687 1715 1716 cognomento

931 1727 1031 1756 Dicori.
1049 1729 1075 1756 lll
1093 1730 1183 1756 Indice
1199 1738 1250 1756 suo
1269 1729 1369 1756 nullam
1396 1730 1459 1756 facit
1485 1729 1648 1755 mentionem
1671 1735 1717 1754 ec-'

930 1774 1515 1810 clesiasticoruullo-teritunquis-radiarint:
1525 1774 1588 1801 clari
1599 1773 1717 1806 fuerunt,

931 1826 959 1848 ut
970 1821 1031 1848 ltinc
1045 1822 1177 1856 suspicari
1189 1822 1275 1853 liceat,
1287 1830 1348 1848 eum
1365 1829 1416 1848 n0o
1428 1821 1510 1848 fuisse
1520 1821 1715 1853 Christianum,

930 1866 976 1893 sed
990 1867 1160 1893 ethnicorum
1177 1867 1255 1900 nugis
1269 1871 1295 1892 et
1310 1867 1386 1893 ranis
1403 1866 1498 1893 studiis
1513 1865 1661 1892 addictum.

966 1911 1100 1939 Hierocles
1112 1932 1119 1943 ,
1136 1913 1315 1946 philosophus
1331 1911 1532 1938 Alexandrinus
1543 1931 1549 1941 ,
1568 1910 1676 1945 ingenio
1691 1914 1717 1937 ct

930 1957 1034 1984 (licendi
1053 1957 1182 1984 facultate
1199 1958 1344 1986 excellens,
1360 1958 1436 1990 cujus
1452 1957 1610 1989 discipulus,
1630 1954 1716 1980 'l‘lno-

929 2003 1032 2034 sobius,
1047 2003 1134 2030 aiebat
1148 2002 1298 2030 Hieran-lem
1317 2002 1462 2036 aliqu-mdo
1480 2002 1548 2027 inter
1563 2000 1713 2027 docendum

929 2050 1047 2081 dixisse,
1065 2048 1184 2076 Socratis
1212 2055 1351 2075 sermones
1381 2047 1488 2073 tesseris
1513 2054 1574 2072 esse
1604 2046 1715 2077 similes,

929 2101 957 2123 ut
975 2095 1021 2130 qni
1033 2102 1141 2129 semper
1153 2094 1235 2121 erecti
1252 2098 1340 2125 stent,
1365 2100 1529 2127 quoeunqne
1544 2091 1716 2120 cecidissent.

929 2142 1062 2169 Hieroclis
1080 2141 1202 2168 animum
1219 2140 1322 2166 virilem
1342 2146 1523 2174 magnumque
1540 2138 1650 2164 adrcrsa
1661 2136 1717 2163 fur-

931 2193 994 2215 tuna
1008 2185 1215 2214 dentonstraxit.
1231 2185 1298 2211 Cum
1318 2184 1389 2210 cnitn
1406 2183 1563 2217 Byzantium
1579 2181 1716 2216 profectus

433 2220 504 2230 Tw.
807 2220 864 2230 κη-

425 2242 627 2268 commentarios
652 2242 678 2268 in
701 2241 876 2273 Herodotum,

935 2233 1232 2266 Dltristianos,qnorum
1249 2238 1355 2257 summa
1367 2234 1484 2262 potestas
1498 2234 1568 2258 erat,
1587 2220 1718 2254 oﬂ‘euﬁis-

931 2285 981 2309 set,
998 2278 1164 2313 injudicium
1181 2278 1279 2303 ductus
1294 2280 1320 2303 et
1335 2275 1491 2302 verberibus
1511 2281 1598 2300 caesus
1609 2273 1718 2307 sangui-

932 2332 1003 2356 nem,
1022 2331 1075 2358 quo
1093 2323 1230 2354 manabat,
1245 2330 1311 2349 cara
1330 2329 1410 2348 tnanu
1426 2321 1542 2354 excepit,
1563 2328 1650 2354 coque
1670 2319 1717 2354 ju-

931 2369 1018 2396 dicetn
1040 2369 1156 2402 aspersit
1176 2368 1298 2403 dixitque
1325 2376 1332 2394 :
1361 2367 1480 2401 Κύκλωψ
1499 2367 1533 2401 τῆ
1549 2387 1556 2398 ,
1581 2366 1619 2393 πῖ¹
1649 2363 1716 2395 ἴνον.

931 2415 992 2441 ἐπεὶ
999 2415 1083 2450 φάγες
1090 2415 1223 2450 ἀνδρόμεα
1233 2415 1299 2449 κρέα.
1308 2414 1414 2449 (Odyss.
1423 2415 1445 2444 l,
1454 2413 1527 2447 547).
1539 2412 1588 2443 Ειι,
1597 2412 1716 2446 Cyclops,

933 2460 989 2487 bibo
1016 2462 1103 2488 uinum
1119 2467 1257 2495 postquam
1285 2461 1426 2486 humanam
1448 2467 1552 2485 carnem
1574 2459 1717 2486 devorasti.

932 2505 995 2534 Post
1019 2507 1144 2534 exsilium
1169 2507 1230 2533 irtde
1253 2514 1380 2533 reversus
1404 2505 1606 2537 Alexandriam,
1642 2512 1718 2532 more

932 2553 1013 2581 solito
1051 2552 1250 2587 philosophiam
1277 2551 1415 2585 discipulis
1459 2551 1593 2585 exposuit.
1620 2549 1718 2576 Mentis

933 2598 992 2632 ejus
1022 2598 1175 2625 sublimitas
1208 2597 1322 2631 perspici
1355 2599 1442 2630 potest
1461 2603 1493 2622 ex
1521 2595 1718 2622 commentariis

933 2651 1002 2679 quos
1026 2643 1135 2677 scripsit
1158 2643 1186 2669 in
1206 2651 1286 2669 aurea
1304 2643 1422 2668 carmina
1439 2641 1673 2676 Pythagoreorum,
1692 2646 1719 2669 et

933 2690 1056 2725 pluribus
1071 2690 1131 2717 aliis
1145 2688 1219 2715 llbl'lS
1236 2689 1272 2715 De
1287 2688 1465 2719 Providentia,
1478 2695 1509 2714 ex
1522 2688 1620 2722 quibus
1637 2695 1717 2721 appa-

935 2740 975 2763 ret
1000 2736 1087 2762 virum
1100 2735 1175 2761 illurn
1191 2734 1281 2760 animo
1297 2733 1404 2768 quidem
1417 2733 1535 2766 excelso,
1546 2732 1592 2760 sed
1605 2733 1717 2760 scientia

935 2781 1024 2807 minus
1042 2785 1167 2806 accurata
1186 2778 1326 2814 prazditum
1345 2777 1439 2805 fuisse.

970 2837 1168 2871 Hieronymus,
1192 2840 1341 2870 tyrannus,
1367 2835 1400 2861 de
1424 2834 1502 2869 cujus
1519 2838 1604 2861 morte
1620 2833 1719 2868 (καταο

936 2881 1050 2916 στροφῇ)
1064 2881 1110 2915 qui
1125 2881 1303 2915 scripserunt,
1319 2879 1439 2908 historici
1456 2879 1539 2907 multa
1553 2879 1633 2907 verba
1647 2878 1718 2906 [θυο-
