1921 3072
190 178 260 212 1275

782 171 901 201 lNDEX
922 169 1168 200 SCRIPTORUM

1743 165 1813 196 1275

191 243 255 267 runt
272 238 305 265 de
322 237 402 263 rebus
420 234 572 263 atrocibus,
591 240 650 266 qua:
664 231 690 258 in
707 231 793 265 ipsius
813 229 886 256 obitu
902 228 973 255 acci-
990 230 1011 256 A
1026 228 1053 254 in
1070 226 1237 256 Macedonia,
1258 224 1303 251 ubi
1321 224 1373 259 regi
1391 223 1525 250 Perdicrm
1548 222 1694 250 admodum
1718 225 1818 250 charm

191 286 297 315 derunt,
315 287 344 310 ut
359 289 408 308 nec
423 280 554 312 Phalaris,
573 285 622 305 nec
638 276 830 312 Apollodorus,
849 281 897 302 nec
909 281 979 301 unus

191 330 260 357 alius
277 334 407 364 tyrannus
425 326 506 353 fuerit
524 325 569 351 illo
584 323 719 354 acerbior,
734 327 786 349 etc.

227 375 417 409 Hieronymus,
432 371 595 401 Cardianus,
610 369 654 403 qui
672 377 710 395 res
724 368 757 394 ad
786 367 979 394 Alexandriam

189 420 327 458 9θιιιιδ,τὰ
341 418 383 445 ἐπ’
399 415 584 451 Ἀλεξανδρείᾳ
596 414 748 449 πραχθέντι
758 415 906 444 (Kustcrus
918 411 980 446 legit

190 457 223 494 ἢ
239 467 282 492 ὑπ’
298 463 486 496 Ἀλεξάνδρου,
509 469 549 487 res
566 459 709 486 Alexandri
727 458 815 493 Magni
827 462 847 488 ,1,
861 457 981 484 conscri-

191 510 362 548 psit.Cardia
379 515 475 535 nomen
492 506 568 533 urbis
586 506 623 540 (in
635 505 766 531 Thracica
782 502 978 537 Chersoneso).

227 556 355 586 Hilarius,
369 553 468 589 Phryx,
483 552 533 579 sub
545 551 659 578 Joviano
687 552 753 584 imp.
780 549 858 581 vi.\it,
872 549 912 575 vir
925 555 979 575 non

191 603 299 639 quidem
314 599 466 628 eruditione
481 598 606 628 celebris,
621 597 667 624 sed
682 596 736 624 Deo
749 596 835 622 vismn
852 598 923 625 erat,
941 593 982 620 i'u-

165 648 315 681 Ltitrorum
341 644 537 681 prmsrientiam
565 643 602 669 illi
629 642 772 677 impertiri.
798 642 890 680 Itaque
908 647 980 676 pra:-

154 689 164 704 ί
192 694 377 723 stantissimus
392 695 468 718 vates
486 689 546 717 fuit.

228 739 374 769 Himerius,
406 735 518 763 Aminite
534 734 650 761 rhetoris
664 732 708 765 F.,
726 740 757 759 ex
774 732 916 765 Prusiade,
933 731 978 758 lli-

194 785 291 820 tbyuize
306 783 431 815 civitate,
453 780 584 815 sophista,
599 779 698 806 .Iuliani
715 779 782 812 imp.
811 777 979 811 temporibus

193 830 257 855 vixit
274 833 299 855 et
313 826 428 853 Athenis
446 824 585 851 Proreresii
607 823 721 849 :etnulus
744 822 792 848 fuit
806 841 813 853 ,
831 821 979 855 oculosque

194 875 219 901 in
236 877 373 900 senectute
389 870 489 897 atnisit.
505 868 620 903 Scripsit
640 867 860 894 Declamationes.

229 917 389 953 Hipparcltia
400 937 407 948 ,
424 923 501 944 soror
517 914 651 941 Metruclis
662 933 669 945 ,
688 913 802 948 Cynici,
824 912 977 944 Maronitis,

192 963 356 1000 philosopha
370 963 470 998 Cynica
481 982 488 994 ,
504 968 573 987 uxor
587 959 680 994 Cynici
696 958 812 986 Cratctis
823 978 830 989 ,
856 958 901 992 qui
930 957 980 984 fuit

192 1010 381 1042 Atheniensis,
404 1007 554 1042 discipulus
582 1006 725 1041 Brysonis,
744 1005 852 1034 Achai.
878 1003 935 1036 vel,
951 1007 980 1029 ut

195 1057 239 1084 alii
255 1056 381 1087 tradunt,
403 1053 541 1088 Diogenis.
560 1051 673 1086 Scripsit
697 1050 881 1085 philosophica
905 1057 980 1083 quae-

193 1101 266 1130 dam.
279 1100 342 1127 item
358 1098 607 1133 argumentationes
622 1095 764 1122 nonnullas
775 1100 802 1121 et
815 1094 979 1128 quaestiones

193 1148 226 1176 ad
241 1146 431 1177 Theodorum,
453 1143 574 1170 atheum.
600 1141 705 1168 Flornit
728 1139 886 1176 Olympiade
912 1137 978 1165 CXI.

195 1192 311 1228 (Confer
324 1199 383 1227 quae
397 1189 494 1217 Suidas
508 1188 534 1215 in
550 1186 648 1222 Ἥρα.)

230 1236 412 1273 Ilipparcbion
430 1239 531 1262 mutus.
548 1233 605 1259 Duo
619 1232 728 1259 fuerunt
739 1230 899 1263 Citbarozdi,
913 1230 978 1264 [lip-

195 1284 325 1320 parchion
352 1288 379 1309 et
406 1280 532 1308 Rufinus.
553 1278 621 1305 Cum
645 1283 734 1305 autem
759 1277 870 1304 instaret
893 1281 978 1303 certa-

196 1338 268 1362 men,
284 1327 467 1362 llipparchion
484 1329 575 1352 mutus
589 1324 673 1351 stetit.

232 1374 412 1410 Hipparchus,
423 1372 545 1400 comicus
559 1371 676 1405 antiquae
688 1367 838 1396 commdiw.
854 1367 978 1400 Dramata

193 1421 265 1456 ejus.
281 1421 314 1447 de
332 1419 443 1454 nuptiis.

230 1466 416 1501 Hipparchus,
435 1462 574 1497 Stagirita,
601 1460 798 1496 philosophus,
825 1459 979 1486 Aristotelis

193 1512 343 1547 discipulus
356 1515 383 1538 et
394 1514 535 1544 cognatus.
547 1507 663 1541 Scripsit
674 1506 706 1533 de
721 1505 871 1532 masculino
896 1510 922 1532 et
939 1505 978 1531 te-

195 1557 298 1586 miniuo
311 1563 377 1584 sexu
393 1554 550 1589 nuptiisque
565 1552 676 1579 deorum
689 1571 695 1583 ,
709 1556 735 1577 et
752 1550 801 1576 alia
817 1550 950 1584 q'ttl‘dam.

230 1602 420 1638 Hipparchus,
450 1599 611 1631 Nicaeensis,
641 1596 833 1632 philosophus,
858 1595 903 1629 qui
931 1596 981 1622 sub

194 1649 353 1678 consulibus
377 1646 452 1673 vixit.
480 1645 593 1679 Scripsit
619 1644 655 1670 De
681 1645 757 1671 Arati
785 1643 981 1678 plmmomt’ttis;

196 1696 234 1722 De
255 1694 390 1722 stellarum
413 1692 588 1719 inerrantium
609 1691 794 1717 constitutione
812 1695 835 1716 et
854 1691 983 1720 statione;

196 1739 234 1766 De
246 1743 378 1765 ntenstruo
391 1737 459 1763 luna:
473 1740 544 1762 motu
556 1736 696 1762 secundum
714 1735 892 1765 latitudinem,
910 1739 936 1760 et
951 1734 981 1760 In

195 1785 356 1812 asterismos.
369 1782 477 1818 [Proba
489 1786 529 1809 est
552 1781 703 1808 emendatio
726 1781 758 1808 In
777 1782 937 1807 asteristnus.
954 1781 982 1807 In

196 1831 288 1859 Suidae
309 1834 382 1857 textu
401 1828 496 1864 legitur
514 1828 560 1858 Ei;
575 1828 636 1858 τοὺς
648 1827 792 1862 ἀρίστους.
821 1834 880 1861 qum
905 1827 983 1853 lectio

194 1877 254 1911 jure
275 1874 416 1901 videbatur
436 1873 531 1900 vitiosa
550 1871 684 1902 Kustero,
707 1876 735 1899 at
758 1872 822 1907 qui,
848 1871 983 1905 quomodo

197 1921 287 1950 sanari
305 1924 410 1955 posset,
428 1926 482 1945 non
496 1917 677 1954 reperiel)at.]

236 1966 350 1997 Ίππὰς,
370 1970 486 2000 equester
516 1963 590 1990 ordo.
615 1962 713 1996 Solon,
738 1964 783 1998 qtti
811 1964 882 1998 leges
898 1963 982 1989 Athe-

197 2012 341 2040 niensibus
358 2010 484 2044 scripsit.
503 2013 588 2036 totam
617 2017 711 2036 eorum
737 2009 937 2036 multitudinem
957 2009 982 2035 in

197 2062 315 2093 quatuor
329 2056 431 2083 classes
445 2054 586 2086 distinxit,
603 2059 654 2081 etc.

232 2102 354 2136 Hippias,
372 2100 505 2135 Diopithis
522 2098 565 2132 F.,
583 2099 672 2131 Eleus,
689 2098 809 2133 sophista
823 2103 849 2125 et
866 2097 984 2132 philoso-

198 2147 282 2183 phus,
301 2145 450 2180 discipulus
469 2144 638 2179 llcgcsidattti
649 2165 657 2177 ,
669 2145 715 2178 qui
729 2151 865 2171 summum
882 2144 982 2170 bonttm

198 2194 333 2222 statuebat
356 2192 530 2226 αὐτάρκειαν.
548 2191 629 2217 Multa
659 2190 777 2224 scripsit.
805 2205 840 2209 —
860 2190 984 2216 Diversus

1032 273 1093 303 luit,
1108 272 1262 306 relictisque
1282 271 1387 297 duobus
1405 270 1476 301 ﬁliis,
1494 268 1626 296 Thessalo
1642 274 1668 296 ct
1686 269 1816 303 Dracone,

1030 318 1096 345 obiit
1117 325 1187 344 anno
1203 316 1289 343 relatis
1306 314 1373 344 CIV.
1391 315 1512 349 Sepultus
1526 314 1642 341 Larissae
1659 315 1685 341 in
1700 316 1818 343 Thcssa-

1031 363 1076 390 lia.
1093 363 1119 389 ln
1142 362 1297 389 simulacris
1323 366 1349 387 et
1369 360 1532 394 imaginibus
1557 367 1639 394 caput
1654 361 1713 395 ejus
1729 363 1817 388 cerni-

1032 413 1076 435 tur
1091 408 1172 443 pallio
1192 413 1291 434 tectum
1307 415 1312 433 :
1326 406 1366 433 vel
1385 406 1455 440 quod
1472 406 1514 432 hic
1526 412 1597 433 esset
1613 414 1672 432 mos
1692 407 1763 439 ejus.
1776 409 1817 433 vel

1032 457 1141 488 propter
1163 451 1352 487 peregrinandi
1380 450 1510 482 studium,
1525 450 1564 477 vel
1592 449 1664 483 quod
1676 458 1709 477 eo
1728 450 1818 476 habitu

1031 499 1194 533 chirurg‘am
1220 504 1346 524 exercere
1366 496 1476 523 soleret.
1503 496 1550 522 llic
1567 496 1650 521 multa
1673 495 1782 527 scripsit
1796 501 1821 521 ct

1031 545 1101 579 apud
1119 551 1214 570 omnes
1233 544 1323 570 clarus
1346 543 1443 573 evasit,
1461 541 1528 568 adeo
1542 546 1570 568 nt
1585 549 1701 575 magnus
1726 541 1821 568 Persa-

1033 598 1090 618 rum
1105 598 1163 621 rex,
1180 590 1353 620 Artaxerxes,
1372 589 1483 622 scriptis
1499 589 1530 614 azl
1547 588 1694 623 llystancm
1715 589 1820 617 litteris.

1033 636 1114 671 bnjus
1128 636 1176 662 viri
1192 636 1350 671 sapientiam
1368 635 1521 669 expetierit.
1537 634 1591 661 Rex
1607 643 1697 670 regum
1711 643 1821 669 magnis

1032 683 1202 714 Artaxerxes,
1219 687 1271 709 etc.
1288 681 1361 709 Libri
1379 681 1549 716 Hippocratis
1565 682 1693 708 omttibus
1707 682 1821 708 medici-

1032 736 1073 755 na:
1090 728 1219 756 studiosis
1233 733 1295 755 sunt
1312 727 1456 757 notissimi,
1482 727 1528 760 qui
1542 734 1589 753 eos
1605 732 1634 754 ut
1647 727 1759 753 oracula
1781 727 1822 752 di-

1032 781 1042 799 t
1051 773 1106 804 ina,
1123 773 1160 804 ὡς
1173 773 1240 799 Θεοῦ
1256 773 1346 806 φωνὰς
1361 772 1407 798 καὶ
1420 773 1470 798 οὐκ
1479 771 1623 807 ἀνθρώπου
1636 772 1822 807 προελθούπς

1031 820 1064 846 ὲκ
1080 821 1224 853 στόματος,
1243 823 1415 846 venerantur.
1430 817 1538 845 Primus
1554 817 1765 852 Jusjurandum.
1779 826 1823 845 se—

1032 866 1138 892 cundus
1150 864 1352 895 Prwdictiones,
1372 864 1469 891 tertius
1484 864 1700 898 Aphorismorum
1718 864 1821 898 ἀνθρω-

1031 912 1114 946 πῖνην
1138 911 1308 946 ὑπερϐαίνων
1338 909 1464 941 σύνεσιν,
1491 910 1534 945 (μιὶ
1561 915 1668 943 superat
1691 910 1822 944 ingenium

1029 958 1184 984 humanum.
1200 957 1330 989 Quartum
1346 957 1436 983 locum
1450 961 1522 983 tenet
1534 956 1743 983 ecleberriuium
1760 957 1823 983 illud

1029 1009 1052 1029 cI
1067 1002 1228 1029 admirabile
1246 1009 1314 1037 opus
1337 1001 1477 1037 sexaginta
1500 1001 1631 1028 librorum
1655 1001 1714 1028 sive
1740 1001 1825 1028 liere-

1030 1048 1207 1079 cantabibtus,
1222 1047 1294 1082 quod
1307 1054 1414 1074 omnem
1429 1047 1561 1074 medicam
1579 1047 1722 1074 scientiam
1738 1053 1765 1074 et
1779 1055 1820 1075 sa-

1029 1094 1159 1128 piettliam
1178 1094 1309 1121 continet.

1066 1140 1254 1175 Hippocrates,
1275 1139 1398 1167 Thessali
1416 1139 1460 1172 F.,
1473 1139 1556 1171 Cous,
1579 1140 1716 1170 medicus.
1740 1148 1823 1175 nepos

1029 1185 1203 1222 Hippocratis
1218 1185 1341 1217 secundi,
1357 1185 1402 1212 [iiii
1422 1184 1579 1213 lleraclidte.
1598 1185 1715 1218 Scripsit
1729 1192 1755 1212 et
1767 1187 1823 1220 ipse

1030 1231 1146 1258 tnedica.

1063 1277 1250 1312 Hippocrates,
1275 1275 1406 1304 Draconis
1422 1276 1466 1309 F.,
1485 1277 1569 1308 Cous.
1599 1277 1733 1307 medicus.
1752 1278 1823 1312 ejus-

1029 1324 1088 1350 dem
1100 1323 1275 1357 llippocratis
1288 1323 1399 1350 secundi
1417 1331 1510 1356 nepos,
1525 1323 1569 1357 qui
1587 1323 1727 1350 lioxanent
1742 1332 1822 1350 cura-

1030 1367 1068 1394 vit
1084 1371 1110 1394 et
1127 1367 1177 1394 sub
1192 1367 1357 1397 Cassandro,
1379 1367 1511 1402 Antipatri
1529 1367 1571 1401 F.,
1586 1376 1601 1396 e
1622 1368 1677 1394 vita
1695 1369 1824 1396 excessit.

1030 1413 1145 1447 Scripsit
1159 1418 1186 1440 et
1200 1413 1257 1447 ipse
1269 1413 1384 1440 medica.

1065 1457 1256 1492 Hippocrates,
1282 1458 1394 1492 quintus
1417 1463 1444 1485 et
1467 1464 1574 1491 sextus,
1601 1461 1699 1487 medici
1725 1462 1823 1492 amho.

1031 1504 1184 1538 Thymbraei
1208 1504 1266 1537 ﬂiii,
1289 1504 1334 1531 Coi
1353 1508 1381 1531 et
1404 1505 1467 1539 ipsi,
1490 1505 1669 1541 ejusdemque
1701 1508 1820 1541 generis.

993 1563 1016 1594 ρ
1033 1550 1207 1584 Scripseruut
1223 1550 1304 1577 ambo
1320 1551 1352 1577 de
1366 1551 1461 1578 eadetn
1478 1552 1603 1579 scientia.

1069 1595 1256 1630 Hippocrates,
1278 1596 1421 1630 septimus,
1447 1598 1529 1629 Cons,
1557 1603 1583 1624 et
1606 1598 1663 1632 ipse
1692 1600 1824 1630 medicus,

1035 1641 1219 1669 Praxiauactis
1231 1642 1272 1674 F.,
1286 1644 1462 1678 ejusdemque
1474 1644 1591 1678 generis.
1603 1644 1718 1679 Scripsit
1730 1652 1754 1673 et
1769 1647 1828 1681 ipse

1034 1685 1068 1712 de
1086 1685 1180 1712 eadem
1196 1690 1264 1713 arte.

1070 1729 1241 1765 Hippolytus.
1263 1729 1311 1758 llic
1334 1731 1444 1766 scripsit
1467 1732 1493 1758 in
1521 1733 1679 1768 prophetias
1710 1734 1827 1763 Danielis

1035 1776 1270 1807 commentarium,
1284 1783 1310 1803 et
1321 1777 1347 1803 in
1363 1777 1507 1805 Proverbia
1518 1777 1685 1807 Salomonis.

1071 1820 1241 1856 Hippolytum
1261 1822 1394 1856 imitabor,
1412 1824 1445 1850 de
1461 1824 1493 1852 iis
1508 1826 1553 1859 qui
1572 1827 1726 1854 castitatem
1747 1828 1826 1862 proﬁ-

1035 1871 1140 1895 tentur.

1071 1912 1219 1946 llipponax,
1230 1913 1336 1948 Pythem
1345 1918 1370 1940 et
1379 1913 1514 1942 Procridis
1526 1915 1567 1948 F.,
1581 1915 1714 1951 Ephesius
1724 1923 1750 1946 et
1762 1920 1828 1946 iam-

1035 1957 1130 1984 borum
1154 1959 1279 1993 scriptor,
1305 1960 1351 1994 qui
1364 1960 1538 1988 Clazomenis
1564 1963 1707 1996 habitarit,
1733 1967 1828 1998 pulsus

1035 2011 1049 2030 a
1063 2005 1194 2038 tyrannis,
1211 2005 1381 2040 Athenagora
1396 2011 1425 2033 et
1451 2007 1545 2034 Coma.
1566 2009 1682 2043 Scripsit
1701 2012 1726 2037 in
1744 2012 1829 2047 Bupa-

1034 2048 1089 2075 lutn
1102 2053 1129 2075 et
1141 2050 1313 2083 Atltcuidctn,
1325 2051 1479 2083 statuarios,
1496 2053 1567 2086 quod
1591 2054 1723 2089 imagines
1747 2058 1831 2091 ipsius

1036 2092 1142 2121 ludibrii
1155 2099 1180 2121 et
1195 2096 1365 2122 contumeliae
1382 2097 1467 2130 gratia
1492 2098 1668 2127 etllnsiseut.
1683 2102 1733 2128 llic
1750 2104 1831 2130 etiam

1036 2142 1140 2175 primus
1171 2143 1308 2177 parodiain
1333 2148 1360 2171 et
1376 2146 1560 2173 eholiambum
1584 2148 1706 2182 scripsit,
1722 2154 1749 2176 et
1763 2150 1826 2176 alia.

1037 2186 1085 2222 |V.
1100 2188 1208 2214 Kuster.
1222 2193 1289 2215 tom.
1303 2189 1341 2222 ll,
1364 2198 1426 2224 pag.
1453 2191 1517 2224 HS,
1538 2198 1593 2220 not.
1614 2194 1648 2225 4,
1668 2195 1715 2228 qui
1742 2195 1832 2222 lucum

199 2243 241 2267 est
260 2237 386 2272 Hippias,
404 2241 536 2272 tyrannus
558 2234 746 2266 Atheniensis,
763 2234 796 2262 de
812 2242 865 2270 quo
883 2235 985 2261 multus
1002 2240 1022 2267 ιζ)
1039 2234 1129 2261 Suidae
1156 2235 1225 2261 male
1249 2238 1446 2270 transpositum
1472 2237 1505 2265 de
1518 2245 1630 2266 auclore
1663 2242 1783 2275 parodiag
1807 2249 1833 2268 et

199 2289 242 2312 est
258 2283 367 2311 Suidas.

235 2335 419 2370 Hippobotus.
436 2333 625 2369 philosoplms,
645 2333 690 2367 qui
716 2332 783 2359 dixit
810 2339 904 2359 novem
931 2338 992 2359 esse

198 2380 424 2416 philosophorum
445 2383 544 2406 sectas.
565 2377 632 2405 Vide
645 2386 726 2412 supra
743 2378 768 2404 in
785 2377 910 2404 Iltcrcsis.

235 2427 422 2462 Hippocrates,
439 2425 576 2452 Gnosidici
589 2425 630 2458 F.,
646 2425 727 2455 Cons.
749 2428 823 2458 pater
834 2422 990 2460 Heraclida;

198 2472 314 2500 celebris
332 2470 500 2506 Hippocratis
516 2478 593 2502 avus,
617 2471 737 2497 medicus
749 2473 776 2495 ct
790 2469 846 2502 ipse
861 2476 875 2495 e
889 2467 990 2494 familia

199 2516 431 2552 Asclepiadarutn.
450 2515 565 2550 Scripsit
580 2519 666 2541 artem
684 2514 825 2540 medicam.

236 2561 422 2596 Hippocrates,
443 2559 525 2590 Cous,
542 2559 673 2590 medicus,
701 2553 851 2584 lleraclidai
874 2555 904 2583 Ρ.
926 2555 989 2590 llip-

202 2605 320 2639 poctatis
341 2612 424 2638 nepos
453 2612 504 2631 avo
528 2603 680 2638 praefertur.
703 2602 778 2629 sidus
803 2603 937 2636 quoddam
956 2609 987 2628 ac

201 2650 292 2678 lutneu
305 2649 455 2680 lllcdlclttll',
472 2656 525 2683 quo
540 2649 605 2675 nihil
620 2654 662 2675 est
674 2649 734 2675 vitm
762 2648 863 2674 utilius.
882 2648 919 2674 Ex
947 2655 990 2682 po-

202 2696 282 2723 steris
301 2695 396 2730 Chrysi
420 2700 447 2722 el
465 2696 523 2729 ejus
538 2695 595 2727 lilii,
614 2694 718 2729 Elaphi,
730 2695 775 2729 qui
801 2699 827 2721 et
851 2695 899 2728 ipsi
917 2694 991 2721 i'uere

205 2741 312 2768 medici.
330 2741 482 2775 Discipulus
499 2741 614 2776 primum
633 2741 727 2775 patris.
743 2745 833 2774 postea
852 2740 986 2770 llerolici,

206 2785 355 2819 Sclybriani
373 2790 399 2812 et
414 2786 528 2817 Gorgiae,
545 2786 661 2813 oratoris
674 2794 705 2812 ac
719 2786 882 2819 philosophi.
904 2785 987 2811 Aiunt

205 2829 298 2860 etiam,
311 2830 508 2856 adolescentem
526 2830 673 2857 accessisse
686 2831 717 2856 ad
738 2830 918 2856 Dcnmcritu'u
933 2831 986 2856 Ab-

207 2874 331 2905 ulcritam,
350 2874 394 2900 alii
414 2875 556 2902 Prodicum
579 2875 712 2902 audivisse
740 2875 931 2902 Conttuorutus
947 2881 988 2903 cst

1043 2281 1187 2308 choliambi
1203 2282 1270 2308 bene
1285 2282 1394 2308 reduxit
1406 2284 1431 2309 in
1443 2290 1520 2310 suam
1534 2285 1638 2318 sedem,
1651 2293 1757 2320 suoque
1785 2296 1833 2314 an-

1042 2327 1109 2354 ctori
1125 2327 1236 2354 reddidit
1252 2329 1457 2364 inventionetn.]

1080 2373 1191 2408 llippys,
1208 2373 1356 2408 Hbcginus,
1371 2375 1527 2407 historicus,
1542 2377 1587 2411 qtti
1602 2382 1724 2412 tempore
1749 2379 1833 2405 hellc-

1043 2426 1103 2445 rum
1126 2418 1297 2446 Persicorum
1311 2420 1378 2446 vixit
1392 2424 1418 2447 et
1441 2421 1545 2455 primus
1561 2421 1609 2449 Res
1634 2422 1740 2450 Siculos
1767 2427 1834 2452 scri-

1042 2465 1108 2498 psit,
1121 2472 1187 2499 quas
1200 2470 1292 2500 postea
1304 2465 1375 2500 Myes
1391 2467 1490 2500 redegit
1504 2468 1529 2494 iu
1546 2470 1748 2503 compendium.
1771 2471 1833 2497 ltctu

1042 2510 1162 2545 Origines
1178 2510 1265 2538 Italia!
1281 2520 1288 2544 ;
1306 2511 1455 2538 Sicularum
1467 2521 1552 2539 rerum
1570 2515 1651 2541 libros
1668 2515 1708 2547 γ;
1723 2516 1834 2543 Chroni-

1044 2565 1134 2583 corum
1151 2557 1230 2583 libros
1249 2557 1286 2590 V;
1300 2558 1481 2592 Argolicorum
1496 2559 1577 2586 libros
1590 2560 1646 2588 III.

1085 2603 1250 2637 'loropﬁaat.
1272 2603 1337 2630 Vide
1351 2612 1432 2639 supra
1449 2606 1475 2632 in
1502 2605 1645 2633 Hecatam:
1657 2628 1664 2638 ,
1680 2608 1723 2634 ubi
1738 2609 1832 2635 eadem

1042 2649 1075 2675 de
1093 2648 1227 2680 llecatzeo,
1243 2648 1395 2684 Pherecyde
1412 2656 1438 2677 et
1452 2651 1581 2678 Acttsilao
1595 2652 1733 2685 leguntur.

1078 2694 1239 2726 llomeridte,
1252 2696 1296 2729 qui
1311 2703 1406 2723 versus
1425 2697 1582 2725 Homericos
1599 2699 1762 2726 recitabant.
1779 2701 1832 2726 Alii

1043 2741 1172 2768 familiam
1190 2742 1241 2768 hoc
1259 2742 1334 2768 aiunt
1349 2750 1447 2769 nomen
1468 2745 1562 2770 tulisse
1575 2752 1589 2769 a
1605 2750 1682 2778 poeta
1701 2745 1829 2772 llumcrn.

1041 2787 1091 2814 Alii
1105 2792 1226 2821 posti-ros
1237 2788 1379 2819 Chiorum,
1394 2790 1438 2823 qui
1453 2789 1477 2815 in
1493 2789 1706 2817 llacclian.:l.lms
1717 2799 1765 2825 per
1775 2792 1835 2819 data

1043 2833 1156 2859 invicem
1180 2833 1271 2866 ὅμηρα
1302 2835 1359 2861 sive
1380 2835 1487 2862 obsides
1508 2841 1631 2870 :tct‘l'plos
1652 2845 1665 2862 a
1694 2845 1784 2873 pugna
1810 2844 1834 2866 ιι

1043 2876 1132 2904 furare
1147 2878 1316 2911 quieverunt.
