1921 3072
102 178 165 208 1277
183 167 190 171 ’

127 232 268 266 ὐμήρειος
283 232 371 267 λόγος.
395 233 544 269 Ὁμηρίζω,
558 235 640 261 verbis
656 234 763 261 Ilomcri
776 240 844 261 ulor.

132 276 169 304 De
183 277 300 309 Homeri,
314 284 408 313 poetae,
421 287 528 314 genere.
541 280 635 314 patria,
649 285 735 311 aetate,
749 283 813 311 etc.,
824 280 883 314 plu-

99 326 164 351 rima
186 324 255 359 apud
273 323 382 351 Snidam
401 328 428 350 ct
452 323 478 350 iu
508 323 614 350 Kusteri
627 323 660 350 ad
688 323 763 350 illum
793 324 881 356 notis,

101 376 163 398 tom.
177 370 209 401 II,
226 376 286 404 pag.
300 369 352 396 682
367 376 444 404 seqq.
462 369 598 404 leguntur,
621 369 667 404 qui
681 368 750 396 Vita:
774 378 881 404 quoque

99 417 166 449 ejus,
180 415 213 442 ab
229 414 364 442 Herodoto
383 415 513 442 historico
539 415 655 449 scriptae,
675 416 798 442 meminit
812 421 837 442 et
848 423 879 442 ex

100 462 142 488 illa
157 461 262 495 longam
284 461 363 496 ῥῆσιν
379 460 483 487 recitat.
502 460 635 488 Praeterea
653 461 686 487 de
700 461 809 495 scriptis
822 461 881 495 ejus

100 507 154 534 Iure
182 506 279 533 habet:
307 505 435 533 Poemata
462 505 582 537 Homeri,
611 514 671 540 qua:
690 514 704 533 a
721 507 829 533 nemine
854 507 879 534 in

99 553 206 579 dubium
233 556 375 585 vocantur,
395 557 459 580 sunt
488 551 554 579 Ilias
569 557 595 580 et
612 551 740 587 Odyssea.
767 552 881 586 Scripsit

99 604 185 625 amem
213 598 321 625 Iliadem
348 606 401 625 non
427 598 519 631 simul,
541 606 628 632 neque
642 598 770 626 continua
796 599 878 630 serie,

99 643 322 679 quemadmodum
346 650 418 670 nunc
434 647 476 670 est
491 643 657 678 composita.
682 644 729 671 sed
754 644 812 678 ipse
824 643 880 670 sin-

99 689 173 723 gnlos
200 689 283 716 libros
300 696 315 716 a
332 696 362 716 se
386 689 501 723 scriptos
527 689 660 721 recitavit,
677 694 703 715 et
721 689 747 715 in
766 688 879 715 urbibus

99 742 162 768 quas
175 735 265 761 victus
279 734 416 768 qmerendi
427 734 512 767 gratia
527 734 628 765 obibat,
643 734 762 768 reliquit.
779 733 877 760 Postea

99 786 159 806 vero
179 779 323 813 compositi
346 783 373 806 et
402 779 429 805 in
455 778 578 806 ordinem
606 779 706 806 redacti
736 778 844 806 fuerunt
863 785 877 805 a

99 824 197 856 multis,
222 823 359 858 praecipue
378 830 442 850 vero
456 831 472 850 a
499 822 651 855 Pisistrato,
671 823 876 850 Atheniensium

99 874 221 905 tyranno.
239 868 358 896 Homero
373 868 424 896 alia
441 869 520 895 etiam
541 868 664 903 quaedam
682 872 805 902 poemata
830 868 879 894 tri-

100 918 226 947 linuntur,
244 919 275 941 ut
297 914 453 945 Amazonia,
471 914 538 941 Ilias
560 915 656 944 minor.
673 913 782 944 Νόστοι,
803 913 879 939 Ἐπι-

99 960 213 995 κιχλίδες
235 960 293 988 sive
311 959 404 991 Turdi,
428 959 608 990 Ἦθιέπακτος
630 958 784 993 (Bentleius
818 957 879 992 legit

102 1005 325 1040 Ἐπταπάκτιον),
350 1006 408 1033 sive
435 1004 528 1036 lumbi,
559 1004 696 1030 Ranarum
717 1007 742 1030 et
765 1003 880 1029 murium

99 1050 201 1085 Pugna,
223 1050 438 1085 Ἀραχνομαχία.
457 1049 513 1076 sive
528 1049 691 1075 Araneorum
708 1046 810 1081 Pugna,
829 1047 882 1073 Κε-

101 1097 188 1131 ραμὶς,
207 1095 374 1130 Amphiarai,
398 1094 547 1127 Ἐξέλευσις
568 1102 614 1121 seu
631 1093 770 1127 Ezpeditio
782 1113 789 1125 ,
815 1092 881 1119 Hal-

99 1151 158 1175 γνια
173 1142 228 1169 sive
245 1141 363 1168 Ludicra
375 1150 406 1168 ac
420 1141 482 1172 iaci;
502 1139 599 1168 Siciliae
616 1139 797 1174 Erpugnatio.
815 1138 880 1172 Epi-

101 1187 236 1220 thalamio,
255 1187 362 1219 Κύκλος
379 1187 434 1214 sive
459 1185 556 1212 Poama
580 1186 720 1220 cyclicum,
745 1184 843 1219 [lynmi
856 1188 880 1211 el

101 1233 204 1268 Cypria.
223 1233 273 1260 His
291 1232 359 1259 infra
382 1239 414 1259 ex
440 1231 577 1258 Herodoto
594 1230 668 1257 addit
685 1230 838 1263 Κέρκωπας
855 1234 881 1256 et

101 1279 278 1314 Ψειρομαχιαν
293 1278 349 1305 sive
363 1276 522 1304 Stumorum
537 1283 652 1310 pugnam
666 1284 675 1307 ;
691 1275 822 1309 aﬂ'ertqne
837 1275 880 1301 itt-

101 1331 200 1361 tegrum
216 1325 358 1352 Caminum
373 1324 497 1358 variaque
515 1322 566 1349 alia
586 1321 694 1348 Homeri
716 1321 806 1348 brevia
821 1328 881 1348 car-

103 1361 181 1397 mina.
196 1369 256 1397 Filii
274 1368 381 1396 Homeri
398 1367 472 1394 I‘uere
486 1366 606 1401 Eriphon
622 1370 650 1393 et
666 1365 812 1397 'l‘heolaus,
826 1372 874 1399 ge-

102 1423 147 1442 ner
161 1415 299 1445 Stasinus,
314 1413 438 1449 Cyprius,
454 1417 508 1439 etc.

136 1460 285 1492 Homerus,
302 1458 485 1487 Andromachi
503 1462 528 1484 et
543 1457 644 1492 Myrns,
671 1456 823 1492 Byzantizc,
835 1456 855 1482 ιθ
872 1474 881 1488 ,

102 1505 291 1542 grammaticus
305 1509 333 1532 et
346 1509 423 1538 poeta
437 1503 566 1537 tragicus,
580 1510 649 1528 unus
659 1509 674 1528 c
686 1502 798 1536 pleiade.
816 1501 880 1528 Flo-

103 1553 153 1580 ruit
166 1550 324 1588 Olympiade
339 1549 456 1577 CXXIV.
472 1549 585 1582 Scripsit
601 1547 746 1582 tragoedias
768 1547 849 1574 XLV.

136 1596 285 1628 Homerus,
312 1599 494 1630 cognomento
527 1593 635 1623 Sollius,
671 1592 880 1627 grammaticus,

103 1645 208 1680 scripsit
228 1644 359 1680 Hymnos,
376 1641 492 1669 Ludicra
515 1641 583 1668 varii
607 1640 723 1675 generis,
739 1640 880 1667 versibus:

103 1696 129 1718 et
143 1690 222 1718 Prosa
237 1690 272 1717 de
290 1689 412 1724 personis
428 1688 538 1714 comicis
554 1691 580 1714 et
596 1687 760 1722 Argumenta
784 1693 883 1713 comte-

103 1736 202 1765 diarum
219 1735 367 1762 Menandri.
385 1733 465 1765 Infra,
481 1733 598 1763 Σέλλιος.

141 1781 343 1817 Ὀμοιομέρεια.
368 1781 543 1814 Anaxagoras
575 1777 753 1813 philosophus
777 1777 883 1805 dicebat

105 1827 129 1853 iu
152 1826 216 1854 luna
243 1824 359 1852 habitari
374 1829 400 1851 et
413 1830 474 1850 esse
490 1823 517 1849 in
533 1830 565 1849 ea
584 1822 666 1849 colles
685 1825 712 1848 et
734 1821 881 1847 convalles.

105 1869 238 1905 Principia
259 1876 324 1897 vero
342 1875 432 1896 rerum
449 1875 508 1895 esse
526 1866 732 1893 IIomwomerias
751 1867 808 1893 sive
822 1873 884 1900 par-

105 1914 207 1947 titnlas,
222 1913 305 1941 rebus
321 1913 435 1948 singulis
449 1912 563 1945 similes,
579 1917 632 1939 etc.

895 1564 915 1592 C

138 1969 296 1998 Homoloius
309 1967 482 2005 (Ὅμολὼϊος)
498 1967 613 2002 Jupiter,
630 1966 730 1994 Thebis
743 1971 769 1994 et
786 1967 812 1993 iu
824 1967 884 1994 aliis

105 2015 211 2044 {moliar
228 2015 384 2043 civitatibus
402 2015 490 2042 cultus
509 2019 535 2041 et
558 2014 584 2040 in
612 2013 763 2046 Thessalia,
785 2020 884 2040 nomen

109 2062 183 2090 habet
203 2063 238 2089 ab
261 2061 401 2088 Homoloia
428 2059 546 2091 fatidica,
579 2059 682 2095 Euuyei
703 2059 768 2092 lilia,
791 2066 885 2094 quam.

107 2113 200 2140 vatem,
214 2107 332 2143 Delphos
346 2107 457 2134 missam
481 2106 564 2134 fuisse
580 2106 667 2138 aiunt,
681 2110 710 2132 ut
725 2105 886 2140 Aristopha-

107 2161 154 2182 nes
166 2154 235 2181 libro
250 2153 368 2180 secundo
385 2153 484 2179 Herum
500 2152 696 2178 ’I‘hcbaicarnm
713 2151 802 2178 tradit.
818 2151 887 2178 Ister

107 2207 168 2227 vero
189 2200 260 2227 libro
274 2199 322 2226 XII
340 2199 506 2233 Συναγωγῆς
531 2199 586 2225 sive
609 2198 853 2230 Collectnneorum,
871 2205 885 2225 a

709 179 757 208 DE
777 179 923 214 QUIBUS
943 179 1093 210 SUIDAS.

1650 175 1717 207 1278

895 239 920 267 Λ
933 240 956 262 et
982 235 1046 262 locis
1073 235 1181 266 sacris;
1196 233 1419 261 Commentariun:
1438 234 1464 260 in
1484 233 1649 267 Sophoclem,
1672 233 1718 259 ΑΙ·

934 289 1016 307 ca'um
1034 285 1058 307 et
1074 279 1227 307 Homerum.
1250 279 1360 306 Videtur
1377 279 1548 306 Christianus
1575 278 1660 306 fuisse
1676 277 1716 305 ia-

934 331 1005 357 ctus,
1024 330 1052 352 ut
1068 325 1215 352 Hcraiscus
1231 325 1392 359 praedixerat
1407 324 1475 355 (ore,
1488 329 1540 352 etc.

974 373 1150 408 Ὑμνοτεόλος,
1159 373 1318 399 carminibus
1328 373 1393 398 alios
1402 371 1547 398 celebrans.
1561 371 1596 397 Dc
1605 371 1713 397 Alcma-

933 426 978 451 ne,
996 419 1090 453 lyrico,
1100 419 1277 452 epigramma,
1290 417 1387 443 πολλαὶ
1403 417 1530 450 πατρίδες
1546 415 1714 450 (iuvarentur.

975 464 1096 495 Ύώδεις.
1115 464 1208 490 Suillis
1224 463 1346 490 moribus
1357 467 1382 489 ct
1394 462 1475 489 oviuo
1490 462 1598 496 ingenio
1610 461 1715 495 ιιι-ωιιὶιὶ

934 511 980 538 lilii
1010 510 1182 545 Hippocratis
1215 509 1325 543 (diversi
1356 516 1371 535 a
1397 508 1522 540 medico),
1548 507 1717 540 Tclcsi;-pus,

934 557 1101 590 Demophon,
1122 556 1253 587 Pericles,
1267 563 1281 582 a
1298 554 1411 581 comicis
1425 553 1652 588 perstringuntur.

968 601 1101 637 Hypatia,
1117 601 1237 628 Theonis
1258 604 1412 635 geometra),
1433 596 1607 624 Alexandrini
1630 595 1718 629 philo-

932 650 1022 684 sophi,
1039 649 1104 681 lilia,
1123 656 1194 676 uxor
1210 647 1306 675 lsidori
1323 645 1487 681 philosophi,
1504 644 1595 671 ﬂoruit
1615 647 1718 676 tempo-

932 695 1008 722 ribus
1036 694 1144 721 Arcadii
1182 693 1248 727 imp.
1285 691 1401 726 Scripsit
1431 688 1657 717 Commentariun:
1689 687 1718 713 in

934 739 1088 772 Diophantis
1131 737 1339 764 astronomicum
1375 735 1526 765 Cononem;
1555 733 1582 758 in
1618 731 1716 758 Conica

931 784 1073 818 Apollonii.
1101 782 1271 810 Alexandriae
1304 786 1377 810 nata,
1405 779 1518 806 educata
1541 782 1567 804 et
1591 776 1716 806 erudita,

930 829 1040 864 ingenio
1053 828 1241 863 praestantiore
1256 833 1337 861 quam
1361 829 1447 859 pater,
1469 830 1523 850 non
1539 822 1718 856 acquinsccus

930 880 1041 909 paterna
1058 874 1084 901 in
1098 872 1296 900 mathematicis
1322 870 1502 900 institutione,
1520 872 1623 895 eadem
1634 867 1715 893 etiam

932 919 1109 954 philosophia:
1129 924 1268 946 strenuam
1290 923 1399 951 operam
1425 913 1565 949 impendit,
1580 917 1608 940 et
1620 912 1718 938 mulier

931 970 1040 999 sumpto
1073 964 1154 999 pallio
1187 971 1234 998 per
1266 962 1382 989 mediam
1415 960 1507 986 urbem
1542 956 1718 992 progredivtll

931 1011 1038 1046 publice
1054 1010 1148 1037 audire
1162 1017 1192 1036 se
1206 1008 1358 1035 volentibus
1375 1007 1513 1033 Platonem
1528 1004 1569 1030 vel
1585 1003 1718 1029 Aristote-

932 1056 984 1083 lem
999 1055 1038 1082 vel
1054 1054 1176 1089 cujusvis
1190 1053 1302 1080 alterius
1317 1050 1469 1086 philosophi
1489 1049 1590 1082 scripta
1604 1054 1717 1074 enarra-

932 1102 988 1129 bat.
1016 1101 1130 1136 Hypatia
1157 1100 1304 1127 dilacerata
1331 1097 1382 1125 fuit
1408 1098 1441 1123 ab
1461 1093 1659 1124 Alexandrinis,
1690 1096 1718 1118 ct

932 1155 1031 1182 corpus
1061 1148 1120 1182 ejus
1146 1154 1207 1173 cum
1237 1145 1354 1172 ludibrio
1381 1151 1428 1178 per
1444 1142 1535 1170 urbem
1559 1140 1716 1175 disjcctuut,

931 1194 1002 1230 quod
1026 1193 1125 1220 factum
1142 1192 1219 1219 aiunt
1244 1199 1276 1218 ex
1302 1189 1404 1217 invidia
1424 1187 1530 1223 Cyrilli,
1546 1186 1597 1218 vel,
1613 1191 1641 1211 nt
1656 1184 1715 1216 alii,

932 1240 1003 1275 quod
1018 1237 1192 1266 Alexandrini
1206 1242 1303 1264 natura
1321 1240 1410 1262 essent
1427 1234 1545 1261 audaces
1556 1237 1582 1258 et
1598 1231 1630 1257 ad
1646 1230 1718 1257 sedi-

932 1286 1032 1313 tionem
1051 1284 1195 1319 proclives.
1221 1281 1288 1309 Nam
1306 1281 1406 1308 multus
1421 1280 1502 1305 etiam
1524 1278 1715 1312 episcoporum

932 1338 1043 1359 suorum
1073 1330 1108 1356 ita
1139 1332 1311 1359 tractarunt,
1340 1330 1370 1352 ut
1397 1324 1543 1358 Georgium
1567 1326 1594 1349 et
1621 1320 1716 1347 Prote-

933 1378 1014 1408 rinm,
1035 1381 1087 1403 etc.
1106 1375 1255 1409 Imperator
1269 1380 1329 1400 eam
1353 1379 1409 1399 rem
1427 1369 1586 1405 gravissime
1609 1367 1678 1399 tulit,
1690 1371 1716 1393 et

932 1423 1006 1449 ultus
1021 1425 1104 1452 esset,
1125 1421 1176 1448 nisi
1193 1419 1319 1447 Aidesins
1339 1417 1442 1445 amicos
1469 1413 1641 1449 imperatoris
1656 1419 1717 1439 cor-

932 1469 1060 1503 rupisset.
1082 1466 1133 1494 Sed
1151 1466 1296 1500 imperator
1313 1470 1418 1498 pomam
1434 1461 1576 1488 remittens
1610 1457 1707 1485 interie

933 1514 1064 1545 ctoribus,
1080 1513 1107 1540 in
1133 1519 1212 1540 suum
1245 1511 1331 1544 ipsius
1357 1512 1437 1543 caput
1458 1511 1485 1533 (ιι
1506 1506 1617 1540 stirpem
1639 1511 1716 1530 suam

933 1559 1063 1586 ultionem
1083 1558 1203 1585 attraxit.
1223 1556 1288 1590 Ejus
1304 1555 1374 1582 enim
1387 1560 1471 1588 nepos
1483 1559 1577 1587 poenas
1592 1548 1716 1576 exsolvit.

932 1603 1004 1630 Nihil
1022 1611 1052 1630 ea
1075 1611 1118 1630 res
1133 1602 1272 1629 imminuit
1294 1599 1541 1627 Alexandrinorum
1556 1595 1673 1623 studium
1690 1593 1716 1618 in

932 1651 1085 1683 lsidorum;
1101 1658 1162 1677 nam
1181 1649 1198 1676 ii
1224 1649 1318 1679 etiam,
1332 1647 1377 1682 qui
1397 1645 1540 1672 rhetoricis
1557 1647 1584 1670 et
1606 1640 1719 1677 poeticis

932 1696 1034 1723 scholis
1058 1699 1211 1730 przeerant,
1236 1693 1391 1728 frequentes
1409 1689 1561 1726 philosophi
1586 1694 1719 1721 congres-

933 1750 981 1769 sus
1006 1742 1143 1769 amabant.
1168 1740 1226 1767 Mea
1248 1746 1313 1766 vero
1337 1743 1402 1764 aetas
1420 1741 1474 1763 tres
1493 1734 1567 1762 novit
1597 1732 1717 1761 criticos.

934 1788 979 1822 qui
994 1787 1028 1814 de
1042 1788 1086 1820 iis,
1099 1793 1158 1821 qua!
1169 1786 1201 1813 de
1212 1785 1300 1812 soluta
1313 1784 1437 1811 oratione
1449 1779 1719 1813 dicuntur,jmlicaxc

934 1838 1059 1869 possunt.
1080 1832 1239 1859 l‘oematnm
1252 1832 1324 1857 enim
1345 1833 1373 1856 et
1389 1829 1552 1861 scriptorum
1577 1825 1718 1860 prosaico-

935 1886 994 1904 rum
1022 1877 1090 1904 idem
1112 1876 1244 1910 judicium
1270 1881 1331 1900 esse
1353 1878 1470 1900 constat.
1487 1871 1541 1905 Ego
1561 1877 1622 1896 vero
1635 1870 1716 1896 etiam

935 1929 1112 1956 utrorumque
1131 1921 1256 1948 eumdem
1267 1919 1397 1947 artiﬁcem
1410 1926 1471 1944 esse
1485 1917 1588 1952 judico.
1604 1916 1626 1942 si
1641 1915 1720 1942 modo

936 1975 1082 2002 utrumque
1105 1967 1162 2001 pari
1190 1966 1281 1994 studio
1303 1969 1474 1992 exerceatur.
1501 1962 1636 1988 Isidorum
1655 1967 1719 1986 vero

936 2014 1007 2040 inter
1032 2012 1141 2039 criticos
1166 2011 1229 2038 illos
1250 2017 1304 2037 non
1334 2015 1475 2038 recenseo,
1491 2006 1537 2033 sed
1559 2005 1645 2032 tribus
1665 2003 1719 2031 illis

936 2060 1016 2094 longe
1036 2057 1191 2085 inferiorem
1215 2064 1277 2083 esse
1294 2059 1367 2090 puto.
1387 2053 1496 2080 Judiccs
1519 2059 1584 2078 vero
1601 2050 1638 2076 illi
1655 2052 1721 2075 sunt

937 2104 1067 2140 Agapius,
1088 2103 1264 2133 Severianus,
1282 2100 1397 2127 Nonius.
1417 2097 1519 2125 Nnmus
1538 2103 1602 2123 vero
1627 2099 1721 2122 noster

937 2155 979 2179 cst
991 2150 1112 2185 aequalis.
1138 2149 1169 2184 (Ε
1186 2146 1350 2179 Damascio.)

976 2194 1156 2230 Hyperbolus,
1186 2193 1362 2226 demagogus,
1394 2195 1473 2223 quem
1501 2185 1672 2220 Thucydides
1690 2185 1721 2210 li-

109 2245 179 2280 pacis
194 2245 297 2277 studio,
317 2244 388 2279 quod
402 2230 496 2278 auctr»)
514 2248 554 2270 est
566 2243 636 2278 apud
651 2243 742 2272 .Eolcs
757 2243 824 2278 (76).
838 2243 885 2270 Est
902 2230 923 2257 Β
936 2241 984 2267 bro
1002 2249 1048 2267 vm
1074 2247 1121 2274 per
1133 2238 1323 2265 ostracismmn
1341 2236 1486 2269 relegatum
1507 2232 1609 2260 scribit.
1623 2231 1720 2257 Litium

107 2295 133 2319 et
146 2289 246 2318 Thebis
265 2290 354 2322 Ceres,
371 2298 430 2325 quae
447 2289 590 2316 llomaloia
602 2289 765 2324 apptltatur.

139 2335 229 2374 Ὧραι.
248 2338 295 2365 Est
314 2337 382 2364 liber
407 2337 515 2372 quidam
540 2336 665 2368 Prodici,
684 2336 763 2362 (lora:
790 2335 886 2362 inscri-

107 2388 177 2419 ptus,
193 2384 220 2411 in
234 2391 287 2418 quo
299 2383 438 2411 Herculem
451 2383 513 2410 facit
524 2382 613 2408 virtuti
626 2386 652 2408 et
666 2382 731 2409 vitio
741 2390 886 2409 occurren-

108 2435 170 2464 tem,
184 2437 301 2465 cumque
313 2433 427 2463 utraque
442 2428 473 2455 ad
489 2435 554 2455 suos
569 2435 656 2454 mores
674 2435 735 2454 cum
751 2427 887 2458 invitaret,

108 2474 247 2503 Herculem
271 2475 366 2502 virtuti
389 2481 417 2501 se
440 2473 609 2508 adjuuxissc,
632 2477 659 2500 et
677 2472 750 2499 illius
773 2472 887 2499 sudores

108 2521 294 2556 anteposuisse
313 2520 496 2555 voluptatibus
526 2519 593 2552 vitii,
617 2518 650 2545 ad
677 2520 758 2546 breve
782 2522 886 2545 tantum

109 2569 212 2602 tempus
225 2566 399 2593 durantibus.

142 2611 296 2647 Horapollo,
314 2619 346 2638 ex
375 2610 575 2645 Phaenebytidc,
598 2609 659 2637 vico
687 2609 888 2644 Panopolitaua:

109 2658 280 2692 pralecturrc,
293 2657 500 2693 grammaticus,
511 2657 545 2684 ob
563 2661 647 2683 artem
661 2655 761 2688 clarus,
776 2659 802 2681 et
822 2655 888 2681 nulli

109 2708 225 2730 veterum
242 2703 461 2731 doctis.~imorum
478 2702 717 2737 grammaticorum
739 2701 886 2732 secundus,

110 2749 199 2776 docuit
227 2749 396 2776 Alrxandrize
415 2749 442 2775 in
464 2748 591 2784 Egypto,
605 2747 702 2774 deinde
719 2746 799 2773 CPoli
816 2751 887 2772 tt-m-

109 2799 172 2826 pore
182 2792 326 2822 Theodosii
354 2795 419 2828 imp.
438 2793 552 2828 Scripsit
567 2790 713 2826 Τεμενιχὰ,
727 2791 761 2817 Ife
772 2791 886 2817 delubris

939 2294 1032 2313 amans
1045 2286 1079 2312 ab
1093 2284 1274 2319 Aristophane
1293 2281 1495 2317 perstringitur.
1516 2278 1548 2306 ν.
1562 2277 1661 2304 Kusler
1676 2275 1721 2307 HI,

939 2340 999 2367 pag.
1014 2331 1077 2358 559.

975 2376 1159 2413 llyperechius
1174 2373 1386 2405 Alexandrinus,
1404 2370 1607 2407 grammaticus,
1622 2375 1724 2402 tempo-

939 2425 1015 2451 ribus
1027 2422 1153 2450 Marciani
1171 2421 1236 2455 imp.
1262 2419 1378 2453 Scripsit.
1392 2420 1482 2445 Artem
1506 2415 1723 2451 gronunaticum;

941 2470 979 2497 De
992 2469 1160 2499 nominibus;
1178 2467 1214 2493 De
1237 2467 1313 2493 verba
1327 2473 1336 2497 ,'
1357 2465 1392 2491 lle
1408 2462 1604 2498 orthographia.

975 2514 1132 2550 Hyperides,
1151 2511 1305 2545 Glaucippi,
1330 2509 1458 2541 rhetoris,
1479 2508 1530 2539 vel,
1550 2511 1579 2533 ut
1593 2505 1650 2536 alii,
1667 2504 1720 2539 Py-

939 2561 1036 2588 thoclis
1045 2559 1086 2592 F.,
1099 2558 1281 2590 Atheniensis,
1292 2557 1456 2590 demagogus
1471 2554 1588 2588 optimus
1600 2555 1724 2578 ctorator

940 2614 1011 2634 nuns
1030 2614 1061 2632 ex
1077 2605 1130 2632 illis
1151 2604 1244 2631 decem
1273 2603 1320 2637 qui
1336 2601 1472 2637 principes
1488 2603 1642 2626 censentur.
1661 2596 1722 2623 Dis-

939 2652 1045 2686 cipulus
1060 2650 1111 2677 fuit
1130 2657 1182 2676 una
1196 2656 1258 2676 cum
1280 2648 1404 2683 Lycurgo
1421 2645 1541 2672 Platonis
1557 2642 1721 2678 philosophi,

940 2703 966 2724 et
986 2696 1112 2724 Isocratis
1136 2695 1266 2721 rhetoris.
1293 2693 1405 2720 Amicus
1436 2692 1499 2718 licet
1521 2688 1720 2719 Demosthenis,

941 2744 1030 2778 ip-um
1052 2747 1141 2768 tamen
1159 2741 1195 2768 ob
1211 2739 1363 2774 pecuniam,
1387 2738 1421 2765 ab
1441 2736 1555 2771 Harpalo
1573 2738 1720 2768 acceptam,

941 2790 1090 2818 accumvil.
1108 2788 1252 2816 Amoribus
1266 2786 1408 2814 mulierum
1428 2783 1556 2812 atldictior
1573 2782 1631 2810 fuit.
1651 2781 1722 2809 Sub-

141 2881 197 2917 (76)
213 2882 290 2909 Conl‘.
307 2882 436 2911 Valckctt.
452 2882 483 2909 ad
510 2881 599 2911 Schol.
628 2881 719 2917 Eut"p.
733 2881 860 2908 Pluruiss.

946 2881 1002 2913 I90,
1019 2888 1078 2915 [ηις.
1095 2879 1157 2907 752.
1187 2878 1272 2906 Hum.
