1921 3072
167 141 234 173 1283

766 139 892 169 INDEX
913 139 1157 170 SCRIPTORUM

1726 138 1800 169 128i

165 207 219 229 tur.
238 200 264 226 in
297 199 397 233 quibus
423 197 561 225 execllunt
587 197 724 224 Sermones
748 197 780 223 de
805 197 953 223 sacerdotio
969 199 991 226 A
1005 196 1066 225 Tito
1085 197 1144 231 ejus
1163 196 1219 223 ﬁlio
1232 216 1239 229 ,
1254 199 1360 230 captus,
1378 203 1466 231 usque
1488 195 1521 223 ad
1541 196 1797 232 Hierosolymorum

164 251 221 273 tum
256 244 419 272 sublimitate
443 247 470 270 et
494 243 656 271 elocutione.
687 247 742 269 tum
768 243 902 269 suavitate
927 245 954 268 ct

165 290 298 324 elegantia
329 289 489 316 verborum.
518 289 586 316 Cum
619 289 660 316 his
682 292 787 315 certant
813 288 952 315 Sermones

165 336 225 371 ejus
248 336 275 361 in
299 335 408 363 Davidis
430 334 549 361 Psalntos
563 338 589 360 et
603 334 629 360 in
649 334 760 360 Joannis
782 333 953 368 Evangelium

166 382 360 413 aditolatioues,
377 385 403 407 et
427 380 453 406 in
473 379 640 410 Matt/imum,
659 379 779 405 Marcum
804 383 829 405 et
854 377 953 404 Lucam

166 427 368 454 Commentarii.
384 426 488 453 Caetera
515 432 579 452 vero
596 425 659 459 ejus
685 425 787 459 scripta
810 432 953 451 numerum

166 476 308 507 superant.
325 471 422 498 Totam
438 471 510 497 enim
524 469 703 497 etJudaicam
722 474 748 497 et
767 470 954 497 Christianam

166 519 334 554 Seripturam
348 517 552 545 commentariis
563 516 718 551 explicavit,
730 520 760 542 ut
774 515 844 542 alius
857 523 951 542 nemo.

165 565 303 592 Plurimus
332 564 415 590 etiam
440 563 579 589 orationes
607 563 634 588 in
667 561 774 588 laudem
803 565 953 597 martyrum

166 613 291 645 prompte
306 612 333 635 et
355 615 387 635 ex
407 612 527 641 tempore
552 607 657 639 habuit,
670 607 770 641 quippe
782 605 829 640 qui
845 605 955 632 ﬂumine

168 657 330 691 eloquentur.-
352 656 425 689 ipsas
449 654 502 681 Nili
522 658 674 680 cataractas
694 657 844 688 superaret.
860 651 955 679 Nullus

167 702 239 729 enim
257 701 411 728 mortalium
438 699 473 726 ab
493 699 567 726 omni
589 706 647 726 arvo
660 703 735 726 tanta
753 698 859 725 dicendi
876 698 955 733 copia

168 747 323 778 abundavit,
346 746 423 777 adeo,
447 750 475 772 ut
501 745 575 772 soltts
597 745 696 771 merito
711 751 825 771 aureum
846 743 911 771 illud
930 747 957 770 et

169 794 291 820 divinum
321 799 419 819 nomen
443 796 609 818 consecutus
636 790 682 817 sit.
705 790 874 824 Scriptorum
897 789 957 823 ejus

169 845 311 866 numerum
328 844 472 864 recensere
488 844 541 863 non
557 836 677 863 hominis
693 836 737 867 sit,
761 835 807 862 sed
832 835 889 866 Dei,
910 835 956 869 qui

168 885 260 913 omnia
284 884 433 918 cognoscit.
464 882 512 910 llic
533 881 562 909 S.
592 881 712 909 Joannes
739 881 823 908 vitam
849 888 957 908 summe
974 872 993 899 Β

168 931 314 958 asceticam
336 931 443 964 agebat.
462 932 514 955 etc.

204 977 342 1007 Joannes.
371 975 583 1011 grammaticus,
617 974 829 1006 Alexandrinus,
859 981 958 1010 cogno-

168 1031 262 1051 mento
286 1022 466 1057 Philoponus.
494 1020 583 1055 Hujus
617 1020 734 1056 plurima
760 1025 824 1048 sunt
856 1022 959 1056 scripta

168 1068 344 1105 grammatica
355 1087 363 1099 ,
381 1066 568 1102 philosophica
583 1085 590 1098 ,
611 1065 783 1092 arithmetica
797 1086 805 1099 ,
824 1065 958 1093 rhetorica

169 1120 197 1142 et
218 1115 244 1141 in
269 1121 375 1141 sacram
404 1112 574 1147 Scripturam
599 1116 626 1138 et
650 1116 745 1138 contra
763 1111 845 1138 XVIII
870 1110 960 1139 Procli

169 1163 330 1195 argumenta
338 1157 382 1193 (de
394 1157 547 1185 aeternitate
557 1156 698 1190 mundi)et
709 1161 805 1183 contra
817 1156 958 1183 Severum.

171 1207 224 1235 Sed
251 1211 341 1233 tamen
371 1205 406 1232 ab
431 1203 558 1231 Ecclesia:
586 1203 744 1230 doctoribus
767 1208 797 1229 ut
825 1202 959 1230 Trithcita

170 1253 305 1288 rcjicitur,
322 1259 373 1279 nec
391 1251 417 1278 in
440 1249 659 1278 orthodoxorum
688 1249 841 1283 catalogum
862 1249 961 1276 admit-

172 1299 250 1326 titur.

207 1344 339 1376 Joanncs,
363 1340 610 1376 Philadelphiensis
639 1339 742 1376 Lydus.
772 1339 821 1368 llic
854 1340 963 1375 scripsit

173 1391 210 1417 De
231 1390 362 1416 Iliensibus
390 1388 490 1414 librum
509 1391 645 1420 unutn,ct
668 1386 705 1413 De
729 1386 886 1419 Diosemeis,
905 1387 962 1413 sire

172 1441 357 1469 tempestatum
385 1434 588 1469 significatione,
615 1433 741 1464 alterunt,
764 1433 885 1467 itemque
906 1440 963 1459 ma-

172 1481 319 1512 thematica
343 1481 430 1506 varia.
454 1480 490 1506 Ea
515 1478 651 1506 dedicavit
675 1477 806 1510 Gabrieli,
823 1477 961 1512 prarfccto.

206 1527 338 1558 Joannes,
363 1528 546 1560 cognomento
560 1524 696 1556 Stobaus,
717 1524 829 1558 scripsit
849 1523 962 1551 Florile-

172 1573 267 1609 gium,
294 1573 432 1599 variorum
465 1570 617 1597 sententias
652 1569 855 1604 cotnplectens,
882 1570 961 1597 libris

172 1625 300 1656 quatuor,
320 1619 392 1654 quod
414 1625 484 1653 opus
509 1621 550 1644 est
574 1617 732 1652 prmclarum
754 1621 782 1644 et
804 1617 878 1644 varia
912 1617 962 1644 do-

173 1666 258 1693 ctrina
273 1665 393 1700 plenum,
411 1665 443 1690 ad
459 1662 610 1697 Epiutiuut,
627 1662 711 1688 [ilium
730 1669 820 1688 suum.

207 1710 342 1741 Ioannes,
364 1708 548 1735 Damasccnus
559 1726 566 1739 ,
583 1707 744 1741 cognomine
767 1707 907 1742 Μανσοὺρ,
924 1707 964 1733 ιὶι·

172 1762 199 1785 et
214 1757 271 1791 ipse
285 1755 478 1783 celeberrimus
493 1758 520 1780 et
535 1754 622 1780 aetatis
637 1761 694 1780 sua:
711 1753 776 1779 nulli
791 1760 897 1785 eorum,
913 1753 960 1787 qui

172 1802 297 1830 doctrina
327 1800 401 1826 fuere
428 1798 565 1830 illustres,
595 1798 743 1825 secundus.
768 1797 834 1832 Ejus
863 1799 963 1832 scripta

173 1852 237 1876 sunt
251 1846 386 1882 permulta
398 1848 424 1871 et
438 1844 572 1878 ιιι-πείρης)
584 1843 781 1878 philosophica,
796 1849 822 1870 ct
832 1843 857 1870 iu
888 1843 963 1870 Scri-

173 1898 280 1928 pturam
305 1897 411 1917 sacrant
437 1889 567 1917 Parallela
583 1888 682 1916 selecta
695 1892 720 1915 et
738 1889 906 1914 canticorum
919 1895 963 1915 sa-

173 1946 282 1966 crorum
298 1936 423 1964 Canoues
441 1940 495 1961 tam
515 1934 612 1961 iambis
627 1941 708 1968 quam
726 1934 850 1960 oratione
868 1933 957 1960 soluta

174 1983 331 2018 conscripti.
346 1981 447 2009 Eodem
466 1985 586 2014 tempore
600 1979 725 2010 Cosmas,
741 1978 963 2014 llierosolymita-

173 2039 236 2063 nus,
252 2029 360 2062 ﬂoruit,
377 2028 418 2054 vir
434 2026 677 2061 ingeniosissimus
689 2045 696 2058 ,
711 2030 738 2051 et
751 2025 863 2052 omnino
877 2025 963 2051 musi-

172 2083 232 2103 cam
268 2075 378 2109 spirans
405 2073 588 2100 harmoniam.
617 2072 656 2098 llli
681 2075 772 2098 autem
794 2071 962 2098 canticorum

173 2122 296 2148 Cauoncs
318 2119 431 2146 Joannis
457 2123 484 2146 et
513 2119 619 2145 Cosma:
645 2117 748 2143 nullam
764 2124 827 2144 cum
845 2117 961 2144 aliorum

174 2166 284 2202 scriptis
304 2165 535 2200 comparationem
546 2163 719 2190 admiserunt
735 2169 785 2189 nec
801 2163 960 2195 admittunt,

174 2213 293 2248 quaudiu
313 2211 452 2238 hominum
466 2211 519 2237 vita
537 2209 657 2236 durabit.

210 2258 338 2290 .lobatcs,
356 2257 532 2284 Sthenobcea:
557 2259 643 2290 pater,
662 2254 695 2281 ad
713 2262 794 2290 quem
809 2255 917 2282 Proetus
933 2255 965 2282 de

173 2303 365 2332 interficiendo
381 2301 591 2336 Bellerophonte
605 2301 709 2328 litteras
727 2301 811 2328 dedit.

207 2349 301 2377 Jobus.
318 2348 406 2375 Habes
420 2347 577 2382 philosophi
591 2347 672 2381 hujus
693 2347 814 2381 prmmia.
829 2345 920 2374 Habes
940 2352 966 2373 rt.

172 2395 230 2429 ejus
258 2395 370 2426 librum,
393 2393 536 2420 Homerica
558 2398 585 2420 et
604 2393 743 2420 Platonica
766 2392 842 2420 Musa
856 2393 965 2420 suavius

173 2441 237 2476 quid
263 2444 416 2472 canentem,
437 2440 482 2474 qui
500 2446 550 2466 nec
566 2438 720 2466 fabularum
751 2446 800 2465 nec
814 2439 964 2466 alienarum

172 2487 359 2514 calamitatum
374 2485 556 2512 narrationem
575 2485 702 2520 praedicat
716 2504 724 2516 ,
738 2484 780 2511 vel
814 2484 965 2512 audacissi-

173 2541 246 2560 mum
260 2532 403 2563 Achillcm,
420 2535 467 2558 aut
479 2530 686 2558 callidissimum
704 2529 844 2565 Ulyssem,
863 2531 964 2565 quibus

173 2579 260 2606 caedes
287 2582 349 2604 sunt
366 2577 530 2611 triumphus,
545 2581 572 2603 et
589 2576 731 2602 mulierum
758 2581 850 2610 stupra
865 2597 872 2609 ,
895 2585 965 2611 prae-

172 2628 245 2653 clara
259 2625 396 2658 facinora;
413 2625 460 2652 sed
484 2624 613 2651 Satanam
640 2624 770 2651 describit
783 2632 798 2650 a
815 2625 888 2651 nudo
904 2625 964 2659 qui-

172 2672 232 2700 dem
249 2676 276 2699 et
293 2672 389 2699 inermi
404 2677 430 2698 et
444 2671 503 2698 solo
520 2675 688 2705 superatutn,
703 2676 756 2697 etc.

208 2720 356 2755 Joscphus,
370 2719 479 2747 Judaaus
493 2718 656 2754 φιλαλήθης,
672 2719 794 2746 veritatis
810 2726 916 2750 amans,
930 2718 964 2746 de

172 2766 275 2793 Joanne
297 2766 429 2801 Baptista.
447 2765 623 2792 Przccursore
646 2770 673 2792 et
692 2766 724 2791 de
744 2765 856 2792 Domino
871 2771 964 2794 nostro

174 2813 228 2839 Deo
243 2817 270 2838 et
286 2810 460 2838 Sotcre'Jesu
477 2811 587 2838 Christo
602 2811 733 2845 loquitur.
747 2804 812 2837 'Fuit
833 2811 961 2845 lllattlzzci,

173 2857 322 2885 sacerdotis
355 2857 595 2892 Ilierosolytnitani
625 2857 655 2883 F.
675 2859 695 2883 Δ
727 2857 900 2890 Vespasiano,
937 2866 961 2886 ct

1003 242 1229 278 expugnationem
1242 242 1312 277 apud
1336 242 1397 269 illos
1409 243 1520 275 mansit,
1534 247 1559 269 et
1576 250 1638 269 cum
1655 242 1722 277 ipsis
1738 242 1800 268 Ro-

1003 296 1075 315 mam
1093 287 1232 322 profectus
1249 287 1331 314 libras
1351 285 1407 313 VII
1428 286 1463 313 De
1482 286 1586 313 excidia
1603 286 1800 321 Hierosolymi-

1004 339 1066 361 tano
1087 334 1297 370 imperatoribus
1319 333 1434 366 obtulit,
1451 334 1497 368 qui
1516 334 1543 360 iu
1562 333 1730 362 bibliotheca
1745 342 1799 368 pu-

1004 382 1074 409 blica
1091 388 1156 409 sunt
1173 381 1298 416 repositi,
1313 381 1395 408 etiob
1407 380 1480 406 illius
1497 380 1592 414 scripti
1605 380 1799 407 celebritatem

1004 431 1093 453 statua
1121 427 1238 453 donattts
1262 431 1314 454 est.
1344 425 1459 459 Scripsit
1488 426 1569 451 etiam
1597 425 1799 459 Antiquitatum

1004 471 1180 498 Jndaicarum
1203 471 1285 497 libros
1308 469 1372 502 XX,
1396 470 1430 497 ab
1455 470 1569 497 exordio
1593 471 1688 497 mundi
1710 478 1801 504 usque

1005 518 1037 545 ad
1054 517 1111 545 XIV
1127 526 1229 544 annum
1248 517 1393 544 Domitiani
1413 516 1538 544 Caesaris.
1559 517 1624 544 Item
1639 517 1708 543 duo:
1726 517 1799 543 alios

1005 564 1200 598 Antiquitatum
1216 563 1296 590 libros
1309 568 1401 590 contra
1415 562 1568 597 Appiouem,
1585 563 1798 597 grammaticum

1006 609 1096 642 Alcm,
1115 609 1160 644 qui
1181 610 1233 636 sub
1252 608 1372 644 Caligula
1400 616 1414 635 a
1431 613 1506 643 parte
1529 608 1669 643 gentilium
1691 609 1801 643 legatus

1006 654 1106 681 missus
1118 658 1169 683 est.
1180 659 1208 681 ut
1221 654 1345 681 oratione
1357 653 1474 688 quadam
1485 653 1627 680 Philonem
1641 659 1799 683 accusaret.

1007 708 1066 735 qua:
1081 701 1169 735 gentis
1186 700 1306 727 Judnicze
1322 700 1540 727 criminationem
1559 701 1692 727 continet.
1712 700 1759 727 Est
1774 706 1802 726 ct

1007 746 1076 773 alius
1094 746 1161 773 liber
1173 746 1286 772 omnino
1297 745 1444 780 pra'elarus
1455 745 1492 772 De
1504 745 1655 780 principatu
1673 746 1800 775 rationis,

1008 792 1034 818 iu
1054 799 1108 826 quo
1127 791 1250 826 martyrii
1273 791 1490 818 Maehabaaorum
1507 791 1643 818 meminit.
1661 790 1711 817 Ilie
1729 790 1802 816 libro

1007 836 1090 864 XVIII
1112 837 1247 872 Antiquit.
1271 842 1363 872 aperte
1378 836 1490 868 fatetur,
1518 841 1629 872 propter
1646 837 1804 864 multitudi-

1009 892 1070 911 nem
1086 884 1281 912 miraculorum
1305 883 1445 912 Christum
1463 891 1478 910 a
1499 883 1600 911 Judtcis
1626 883 1802 910 interfectum

1009 929 1103 962 fuisse,
1124 935 1151 957 et
1171 929 1304 957 Joannem
1334 930 1483 964 Baptistam
1499 937 1563 957 vere
1583 929 1669 956 fuisse
1685 929 1804 964 prophe-

1010 981 1075 1008 tam,
1094 981 1120 1003 et
1147 980 1258 1010 propter
1278 976 1379 1002 caulem
1403 975 1497 1003 Jacobi
1520 975 1647 1010 ap0stoli,
1673 975 1804 1003 Hieroso-

1010 1022 1082 1057 lyma
1098 1026 1202 1061 vastat?
1226 1021 1320 1048 fuisse.
1333 1021 1379 1048 Sic
1401 1026 1492 1048 autem
1508 1022 1541 1048 de
1564 1021 1681 1048 Domino
1705 1026 1802 1048 nostro

1009 1065 1073 1095 Jesu
1087 1067 1198 1094 Christo
1219 1066 1316 1093 scribit
1332 1075 1338 1093 :
1355 1065 1454 1092 Eodem
1478 1071 1592 1101 tempore
1605 1067 1707 1093 exstitit
1722 1065 1803 1093 Jews

1010 1115 1050 1140 vir
1076 1113 1191 1147 rapiens,
1207 1113 1242 1144 si,
1259 1117 1312 1140 etc.
1338 1105 1460 1148 (Joseph.
1480 1120 1559 1145 xviu,
1575 1113 1603 1145 4,
1618 1113 1721 1147 Απιίιι.)
1752 1113 1804 1139 Hic

1010 1159 1179 1194 Vespasiano
1190 1159 1315 1194 praedixit
1354 1159 1499 1193 imperium
1524 1159 1576 1194 (ιιι,
1597 1159 1647 1191 H,
1673 1158 1709 1185 De
1733 1159 1802 1185 bello

1011 1205 1087 1239 Jud.)

1045 1251 1186 1283 Joviauus,
1218 1250 1403 1278 Romanorum
1442 1251 1508 1285 imp.
1548 1250 1730 1282 orthodoxus,
1755 1250 1804 1285 qui

1013 1304 1138 1331 magnam
1157 1304 1251 1324 curam
1277 1297 1359 1331 gessit
1387 1296 1583 1328 Ecclesiarum,
1601 1301 1630 1324 et
1657 1297 1803 1332 episcopos

1013 1351 1108 1370 omnes
1125 1343 1158 1370 ab
1172 1343 1270 1370 exsilio
1280 1343 1428 1369 revocavit.
1444 1341 1517 1370 idem
1531 1342 1563 1369 ad
1581 1343 1608 1369 ὃ.
1623 1343 1802 1370 Athanasium

1013 1389 1132 1423 scripsit,
1143 1394 1172 1416 ut
1190 1393 1346 1415 accuratam
1361 1388 1421 1415 tidei
1438 1387 1595 1420 formulam,
1611 1389 1714 1423 scripto
1726 1397 1803 1415 man-

1014 1436 1115 1467 datam,
1140 1442 1233 1462 secum
1259 1435 1486 1462 communicaret.
1504 1434 1551 1461 llle
1572 1442 1635 1461 vero
1661 1435 1712 1469 ipsi
1729 1436 1802 1462 misi:

1013 1480 1166 1514 epistolam,
1181 1480 1339 1507 orthodoxa:
1352 1479 1483 1506 doctrina:
1491 1480 1609 1514 plenam.
1621 1479 1698 1507 Hunc
1707 1479 1802 1507 Jovia-

1015 1533 1078 1552 num
1114 1525 1149 1551 ob
1179 1525 1306 1551 traditam
1345 1524 1436 1552 Persis
1473 1524 1578 1552 Nisibin
1620 1527 1800 1559 carminibus,

1015 1572 1135 1608 parodiis
1150 1577 1177 1600 ct
1192 1573 1306 1599 famosis
1330 1572 1429 1600 libellis
1455 1573 1656 1607 prosciderunt.
1674 1574 1739 1602 Item
1757 1573 1803 1601 Jo-

1013 1619 1122 1651 vianus,
1140 1619 1174 1645 ab
1193 1613 1279 1646 uxore
1297 1618 1442 1653 impulsus,
1457 1619 1549 1646 fanum
1576 1621 1801 1654 pulcherrimum.

1013 1665 1047 1691 ab
1074 1664 1210 1692 lladriauo
1246 1666 1312 1700 imp.
1341 1666 1374 1693 ad
1403 1666 1617 1693 consecrandam
1646 1667 1732 1701 patris
1758 1669 1801 1695 sui

1014 1710 1124 1745 Trajani
1141 1711 1302 1738 tucmoriam
1318 1711 1470 1744 conditum,
1489 1720 1521 1739 ex
1544 1720 1599 1747 quo
1613 1712 1742 1740 Juliaitus
1765 1713 1803 1740 bi-

1015 1756 1177 1783 bliothecam
1198 1758 1326 1784 eunucho
1358 1758 1478 1790 cuidam,
1502 1757 1662 1792 Tbeophilo,
1688 1760 1800 1790 fecerat,

1014 1810 1075 1829 cum
1091 1803 1219 1829 omnibus
1236 1803 1312 1830 libris
1332 1804 1475 1837 cretuavit,
1491 1805 1557 1839 ipsis
1577 1805 1638 1840 ejus
1658 1806 1801 1840 pollicibus

1014 1848 1103 1882 igucm
1125 1856 1187 1875 cum
1213 1849 1268 1876 risu
1293 1850 1512 1884 subjicientibus.
1539 1852 1701 1880 Antiocheui
1727 1861 1801 1884 vero.

1014 1893 1197 1928 indignatione
1209 1895 1338 1922 adversus
1352 1897 1418 1930 imp.
1432 1897 1549 1930 accensi,
1564 1897 1683 1925 famosos
1698 1900 1802 1928 libellos

1015 1940 1111 1973 partim
1139 1941 1213 1967 humi
1235 1941 1386 1976 jactarunt,
1407 1945 1466 1970 uta
1489 1944 1610 1978 quolibet
1628 1945 1686 1972 tolli
1709 1952 1735 1973 cl
1751 1947 1801 1981 legi

1014 1992 1143 2020 possent,
1178 1987 1275 2020 partim
1309 1988 1458 2022 parietibus
1478 1990 1631 2021 alliseruut,
1660 1996 1714 2018 etc.
1746 1994 1801 2020 Sub

1013 2031 1128 2058 Joviano
1155 2033 1222 2059 vixit
1254 2033 1384 2066 Aeacius,
1411 2034 1542 2062 Caesarea:
1565 2035 1718 2064 Palzcstiute
1748 2041 1804 2074 epi-

1014 2086 1125 2113 scopus,
1145 2079 1191 2112 qui
1210 2078 1327 2105 libellum
1350 2079 1387 2106 De
1406 2080 1552 2107 orthodoxa
1575 2082 1627 2116 ﬁde
1639 2084 1801 2118 scripsit,iu

1014 2131 1069 2158 quo
1084 2125 1189 2159 synodo
1207 2123 1322 2152 Nica'nae
1341 2126 1501 2152 asscutitur.

1049 2169 1118 2197 Juba
1133 2171 1254 2206 (Ἰάδας),
1272 2171 1361 2207 Libya:
1387 2178 1414 2199 et
1436 2172 1607 2201 Mauritania:
1628 2175 1696 2207 rex,
1721 2176 1802 2211 qui-nt

983 2219 1002 2246 Β
1020 2215 1135 2242 Romani
1171 2221 1279 2250 captum
1307 2222 1334 2244 ct
1367 2218 1450 2252 virgis
1482 2227 1582 2246 caesum
1608 2221 1635 2247 in
1665 2223 1803 2257 ttiumpho

1017 2261 1166 2294 (luserunt,
1184 2270 1238 2288 non
1265 2267 1356 2290 autem
1379 2264 1539 2290 occiderttnt
1556 2266 1590 2292 ob
1607 2267 1800 2296 eruditionem.

1017 2307 1091 2334 Vixit
1101 2312 1222 2343 tempore
1238 2309 1351 2344 Augusti
1365 2309 1491 2341 Caesaris.
1505 2317 1530 2337 et
1542 2311 1693 2347 Clcopatrx
1709 2315 1801 2346 tiliam,

1018 2353 1151 2387 Sclcncn,
1176 2362 1259 2388 quam
1284 2363 1317 2382 ex
1335 2355 1365 2382 (Σ.
1385 2355 1491 2384 Caesare
1518 2363 1609 2384 natam
1638 2360 1800 2394 adoptarat,

1018 2406 1129 2425 morem
1147 2399 1233 2426 duxit.
1251 2400 1366 2435 Scripsit
1388 2402 1533 2436 pertnulta.
1550 2403 1664 2436 Eodem,
1681 2414 1735 2440 quo
1747 2407 1800 2438 ille.

1018 2449 1138 2479 tempore
1160 2445 1251 2472 ﬂoruit
1267 2446 1407 2482 Didymus,
1424 2447 1620 2478 Chalcenterus
1641 2451 1741 2485 dictus,
1756 2454 1801 2488 qui

1017 2491 1100 2517 multa
1117 2496 1211 2518 contra
1230 2493 1317 2526 ipsutn
1335 2494 1452 2528 scripsit.

1051 2536 1178 2564 Julianus
1189 2557 1196 2569 ,
1211 2537 1370 2572 Chaldaeus,
1387 2541 1578 2577 philosophus,
1594 2549 1672 2579 pater
1689 2545 1801 2575 Juliani.

1017 2582 1135 2618 thrurgi.
1167 2584 1283 2618 Scripsit
1306 2585 1344 2612 De
1367 2587 1530 2616 dtentunibu:
1556 2591 1637 2617 libros
1659 2591 1713 2623 li’,
1730 2594 1798 2628 quod

1016 2637 1085 2663 opus
1104 2630 1182 2657 docet
1198 2631 1293 2658 modos
1314 2634 1490 2666 propulsandi
1509 2637 1578 2663 mala
1594 2639 1628 2664 ab
1644 2639 1800 2667 hominibus

1016 2677 1199 2709 omnibu5que
1213 2684 1308 2704 eorttm
1324 2680 1460 2712 partibus,
1476 2682 1566 2715 qualia
1579 2689 1644 2710 sunt
1654 2685 1801 2720 τελεπιουρ-

1015 2723 1081 2755 γικὰ
1097 2723 1150 2748 Xa.)
1157 2723 1247 2750 ὀαῖκᾶ.

1048 2769 1182 2801 Julianus,
1199 2770 1255 2804 jam
1279 2770 1342 2798 dicti
1357 2771 1440 2805 ﬁlius,
1457 2774 1519 2800 vixit
1536 2779 1658 2808 [corpore
1672 2777 1708 2806 Μ,
1722 2779 1801 2804 Anto-

1017 2816 1072 2841 nini
1098 2817 1162 2849 imp.
1197 2816 1314 2850 Scripsit
1336 2824 1362 2845 ct
1389 2819 1446 2853 ipse
1472 2819 1636 2855 Titum-gica;
1655 2824 1801 2852 Τξλεστιπὲι

1015 2861 1047 2887 de
1062 2862 1143 2887 modis
1155 2870 1194 2888 rcs
1209 2863 1305 2897 nmyit'c
1323 2866 1491 2892 ronsctrmtzti
1509 2866 1554 2899 (γ.
1576 2867 1683 2896 ΚιιξΙι-ιί
1704 2876 1748 2897 tto:
1774 2871 1799 2904 7,
