  <div class='ocr_page' id='page_1' title='image "/cluster/home/n/w/nwhite01/storage/ocr_20150623/117/njp.32101010943940/811.png"; bbox 0 0 1921 3072; ppageno 0'>
   <div class='ocr_carea' id='block_1_1' title="bbox 202 130 269 163">
    <p class='ocr_par' dir='ltr' id='par_1_1' title="bbox 202 130 269 163">
     <span class='ocr_line' id='line_1_1' title="bbox 202 130 269 163; baseline -0.03 0"><span class='ocrx_word' id='word_1_1' title='bbox 202 130 269 163; x_wconf 69' lang='lat'><strong>1291</strong></span> 
     </span>
    </p>
   </div>
   <div class='ocr_carea' id='block_1_2' title="bbox 808 128 1196 159">
    <p class='ocr_par' dir='ltr' id='par_1_2' title="bbox 808 128 1196 159">
     <span class='ocr_line' id='line_1_2' title="bbox 808 128 1196 159; baseline 0.003 -1"><span class='ocrx_word' id='word_1_2' title='bbox 808 128 930 159; x_wconf 70' lang='lat' dir='ltr'><strong>INDEX</strong></span> <span class='ocrx_word' id='word_1_3' title='bbox 950 129 1196 159; x_wconf 53' lang='lat' dir='ltr'><strong>Sliliii‘Tlll’tL&#39;P-l</strong></span> 
     </span>
    </p>
   </div>
   <div class='ocr_carea' id='block_1_3' title="bbox 1769 130 1845 163">
    <p class='ocr_par' dir='ltr' id='par_1_3' title="bbox 1769 130 1845 163">
     <span class='ocr_line' id='line_1_3' title="bbox 1769 130 1845 163; baseline 0.013 -1"><span class='ocrx_word' id='word_1_4' title='bbox 1769 130 1845 163; x_wconf 67' lang='lat'><strong>1292</strong></span> 
     </span>
    </p>
   </div>
   <div class='ocr_carea' id='block_1_4' title="bbox 200 183 995 223">
    <p class='ocr_par' dir='ltr' id='par_1_4' title="bbox 200 183 991 223">
     <span class='ocr_line' id='line_1_4' title="bbox 200 183 991 223; baseline -0.01 -7"><span class='ocrx_word' id='word_1_5' title='bbox 200 189 254 223; x_wconf 72' lang='lat' dir='ltr'><strong>psit</strong></span> <span class='ocrx_word' id='word_1_6' title='bbox 270 188 352 215; x_wconf 81' lang='lat' dir='ltr'><strong>etiam</strong></span> <span class='ocrx_word' id='word_1_7' title='bbox 369 185 459 212; x_wconf 78' lang='lat' dir='ltr'><strong>Artem</strong></span> <span class='ocrx_word' id='word_1_8' title='bbox 476 185 621 212; x_wconf 71' lang='lat' dir='ltr'><strong>oratoriam</strong></span> <span class='ocrx_word' id='word_1_9' title='bbox 635 189 662 211; x_wconf 86' lang='lat' dir='ltr'><strong>ct</strong></span> <span class='ocrx_word' id='word_1_10' title='bbox 677 184 865 219; x_wconf 69' lang='grc' dir='ltr'><strong>Δ.’,μτ,γορίας,</strong></span> <span class='ocrx_word' id='word_1_11' title='bbox 883 183 991 212; x_wconf 67' lang='lat' dir='ltr'><strong>Concin-</strong></span> 
     </span>
    </p>
   </div>
   <div class='ocr_carea' id='block_1_5' title="bbox 1061 183 1842 223">
    <p class='ocr_par' dir='ltr' id='par_1_5' title="bbox 1061 185 1842 221">
     <span class='ocr_line' id='line_1_5' title="bbox 1061 185 1842 221; baseline 0.005 -9"><span class='ocrx_word' id='word_1_12' title='bbox 1061 185 1187 220; x_wconf 77' lang='lat' dir='ltr'><strong>laguetis,</strong></span> <span class='ocrx_word' id='word_1_13' title='bbox 1205 185 1394 220; x_wconf 63' lang='grc' dir='ltr'><strong>Βαρϐατιστὰς</strong></span> <span class='ocrx_word' id='word_1_14' title='bbox 1409 192 1436 214; x_wconf 82' lang='lat' dir='ltr'><strong>et</strong></span> <span class='ocrx_word' id='word_1_15' title='bbox 1455 185 1597 221; x_wconf 77' lang='grc' dir='ltr'>Ὀρνιθας.</span> <span class='ocrx_word' id='word_1_16' title='bbox 1610 185 1728 221; x_wconf 70' lang='lat' dir='ltr'><strong>Scripsit</strong></span> <span class='ocrx_word' id='word_1_17' title='bbox 1752 189 1842 216; x_wconf 74' lang='lat' dir='ltr'><strong>etiam</strong></span> 
     </span>
    </p>
   </div>
   <div class='ocr_carea' id='block_1_6' title="bbox 198 231 992 266">
    <p class='ocr_par' dir='ltr' id='par_1_6' title="bbox 198 231 992 266">
     <span class='ocr_line' id='line_1_6' title="bbox 198 231 992 266; baseline -0.004 -5"><span class='ocrx_word' id='word_1_18' title='bbox 198 242 252 266; x_wconf 68' lang='lat' dir='ltr'><strong>nec,</strong></span> <span class='ocrx_word' id='word_1_19' title='bbox 280 233 399 266; x_wconf 86' lang='lat' dir='ltr'><strong>itemque</strong></span> <span class='ocrx_word' id='word_1_20' title='bbox 437 231 567 261; x_wconf 76' lang='lat' dir='ltr'><strong>Encomia</strong></span> <span class='ocrx_word' id='word_1_21' title='bbox 595 235 622 258; x_wconf 81' lang='lat' dir='ltr'><strong>et</strong></span> <span class='ocrx_word' id='word_1_22' title='bbox 651 231 791 260; x_wconf 73' lang='lat' dir='ltr'><strong>Orationes</strong></span> <span class='ocrx_word' id='word_1_23' title='bbox 821 231 941 265; x_wconf 75' lang='lat' dir='ltr'><strong>funebres</strong></span> <span class='ocrx_word' id='word_1_24' title='bbox 964 235 992 258; x_wconf 84' lang='lat' dir='ltr'><strong>et</strong></span> 
     </span>
    </p>
   </div>
   <div class='ocr_carea' id='block_1_7' title="bbox 199 276 990 313">
    <p class='ocr_par' dir='ltr' id='par_1_7' title="bbox 199 276 990 313">
     <span class='ocr_line' id='line_1_7' title="bbox 199 276 990 313; baseline -0.003 -8"><span class='ocrx_word' id='word_1_25' title='bbox 199 277 334 313; x_wconf 74' lang='lat' dir='ltr'><strong>Epistolas</strong></span> <span class='ocrx_word' id='word_1_26' title='bbox 359 276 423 310; x_wconf 78' lang='grc' dir='ltr'><strong>νη,</strong></span> <span class='ocrx_word' id='word_1_27' title='bbox 447 284 528 304; x_wconf 91' lang='lat' dir='ltr'><strong>unam</strong></span> <span class='ocrx_word' id='word_1_28' title='bbox 553 276 759 311; x_wconf 72' lang='lat' dir='ltr'><strong>pragmaticam,</strong></span> <span class='ocrx_word' id='word_1_29' title='bbox 783 276 904 311; x_wconf 87' lang='lat' dir='ltr'><strong>reliquas</strong></span> <span class='ocrx_word' id='word_1_30' title='bbox 924 283 990 304; x_wconf 74' lang='lat' dir='ltr'><strong>vero</strong></span> 
     </span>
    </p>
   </div>
   <div class='ocr_carea' id='block_1_8' title="bbox 199 323 990 363">
    <p class='ocr_par' dir='ltr' id='par_1_8' title="bbox 199 323 990 363">
     <span class='ocr_line' id='line_1_8' title="bbox 199 323 990 363; baseline -0.004 -11"><span class='ocrx_word' id='word_1_31' title='bbox 199 324 359 357; x_wconf 83' lang='lat' dir='ltr'><strong>amatorias,</strong></span> <span class='ocrx_word' id='word_1_32' title='bbox 380 331 504 363; x_wconf 79' lang='lat' dir='ltr'><strong>quarum</strong></span> <span class='ocrx_word' id='word_1_33' title='bbox 527 323 648 360; x_wconf 86' lang='lat' dir='ltr'><strong>quinque</strong></span> <span class='ocrx_word' id='word_1_34' title='bbox 681 327 746 351; x_wconf 89' lang='lat' dir='ltr'><strong>sunt</strong></span> <span class='ocrx_word' id='word_1_35' title='bbox 770 323 803 350; x_wconf 89' lang='lat' dir='ltr'><strong>ad</strong></span> <span class='ocrx_word' id='word_1_36' title='bbox 829 323 990 351; x_wconf 85' lang='lat' dir='ltr'><strong>adolescen-</strong></span> 
     </span>
    </p>
   </div>
   <div class='ocr_carea' id='block_1_9' title="bbox 199 373 282 400">
    <p class='ocr_par' dir='ltr' id='par_1_9' title="bbox 199 373 282 400">
     <span class='ocr_line' id='line_1_9' title="bbox 199 373 282 400; baseline 0 0"><span class='ocrx_word' id='word_1_37' title='bbox 199 373 282 400; x_wconf 78' lang='lat' dir='ltr'><strong>tutos.</strong></span> 
     </span>
    </p>
   </div>
   <div class='ocr_carea' id='block_1_10' title="bbox 239 415 990 455">
    <p class='ocr_par' dir='ltr' id='par_1_10' title="bbox 239 415 990 455">
     <span class='ocr_line' id='line_1_10' title="bbox 239 415 990 455; baseline -0.007 -8"><span class='ocrx_word' id='word_1_38' title='bbox 239 418 430 455; x_wconf 81' lang='lat' dir='ltr'><strong>Lysimachus,</strong></span> <span class='ocrx_word' id='word_1_39' title='bbox 458 416 537 452; x_wconf 83' lang='lat' dir='ltr'><strong>cujus</strong></span> <span class='ocrx_word' id='word_1_40' title='bbox 571 415 696 444; x_wconf 87' lang='lat' dir='ltr'><strong>meminit</strong></span> <span class='ocrx_word' id='word_1_41' title='bbox 732 415 928 443; x_wconf 70' lang='lat' dir='ltr'><strong>Demosthenes</strong></span> <span class='ocrx_word' id='word_1_42' title='bbox 963 415 990 442; x_wconf 88' lang='lat' dir='ltr'><strong>in</strong></span> 
     </span>
    </p>
   </div>
   <div class='ocr_carea' id='block_1_11' title="bbox 200 459 990 495">
    <p class='ocr_par' dir='ltr' id='par_1_11' title="bbox 200 459 990 495">
     <span class='ocr_line' id='line_1_11' title="bbox 200 459 990 495; baseline -0.008 -2"><span class='ocrx_word' id='word_1_43' title='bbox 200 466 329 493; x_wconf 73' lang='lat' dir='ltr'><strong>Oratione</strong></span> <span class='ocrx_word' id='word_1_44' title='bbox 357 464 391 491; x_wconf 87' lang='lat' dir='ltr'><strong>dc</strong></span> <span class='ocrx_word' id='word_1_45' title='bbox 422 462 654 495; x_wconf 78' lang='lat' dir='ltr'><strong>immunitatibus,</strong></span> <span class='ocrx_word' id='word_1_46' title='bbox 681 465 739 489; x_wconf 89' lang='lat' dir='ltr'><strong>erat</strong></span> <span class='ocrx_word' id='word_1_47' title='bbox 764 461 893 488; x_wconf 76' lang='lat' dir='ltr'><strong>Aristidis</strong></span> <span class='ocrx_word' id='word_1_48' title='bbox 920 459 990 488; x_wconf 75' lang='lat' dir='ltr'><strong>Iusti</strong></span> 
     </span>
    </p>
   </div>
   <div class='ocr_carea' id='block_1_12' title="bbox 201 507 990 546">
    <p class='ocr_par' dir='ltr' id='par_1_12' title="bbox 201 507 990 546">
     <span class='ocr_line' id='line_1_12' title="bbox 201 507 990 546; baseline -0.006 -7"><span class='ocrx_word' id='word_1_49' title='bbox 201 513 288 545; x_wconf 74' lang='lat' dir='ltr'><strong>ﬁlius;</strong></span> <span class='ocrx_word' id='word_1_50' title='bbox 305 517 332 539; x_wconf 91' lang='lat' dir='ltr'><strong>at</strong></span> <span class='ocrx_word' id='word_1_51' title='bbox 361 509 553 546; x_wconf 83' lang='lat' dir='ltr'><strong>Lysimachus,</strong></span> <span class='ocrx_word' id='word_1_52' title='bbox 574 508 655 544; x_wconf 85' lang='lat' dir='ltr'><strong>cujus</strong></span> <span class='ocrx_word' id='word_1_53' title='bbox 686 508 809 535; x_wconf 89' lang='lat' dir='ltr'><strong>meminit</strong></span> <span class='ocrx_word' id='word_1_54' title='bbox 836 507 990 543; x_wconf 79' lang='lat' dir='ltr'><strong>Lycurgus,</strong></span> 
     </span>
    </p>
   </div>
   <div class='ocr_carea' id='block_1_13' title="bbox 200 556 569 592">
    <p class='ocr_par' dir='ltr' id='par_1_13' title="bbox 200 556 569 592">
     <span class='ocr_line' id='line_1_13' title="bbox 200 556 569 592; baseline -0.011 -5"><span class='ocrx_word' id='word_1_55' title='bbox 200 564 258 587; x_wconf 86' lang='lat' dir='ltr'><strong>erat</strong></span> <span class='ocrx_word' id='word_1_56' title='bbox 275 559 335 586; x_wconf 78' lang='lat' dir='ltr'><strong>vilis</strong></span> <span class='ocrx_word' id='word_1_57' title='bbox 350 562 430 592; x_wconf 84' lang='lat' dir='ltr'><strong>poeta</strong></span> <span class='ocrx_word' id='word_1_58' title='bbox 447 556 569 584; x_wconf 78' lang='lat' dir='ltr'><strong>melleus.</strong></span> 
     </span>
    </p>
   </div>
   <div class='ocr_carea' id='block_1_14' title="bbox 241 601 993 640">
    <p class='ocr_par' dir='ltr' id='par_1_14' title="bbox 241 601 993 640">
     <span class='ocr_line' id='line_1_14' title="bbox 241 601 993 640; baseline -0.004 -9"><span class='ocrx_word' id='word_1_59' title='bbox 241 605 387 640; x_wconf 82' lang='lat' dir='ltr'><strong>Lysippus,</strong></span> <span class='ocrx_word' id='word_1_60' title='bbox 401 611 434 631; x_wconf 83' lang='lat' dir='ltr'><strong>ex</strong></span> <span class='ocrx_word' id='word_1_61' title='bbox 456 604 535 638; x_wconf 85' lang='lat' dir='ltr'><strong>cujus</strong></span> <span class='ocrx_word' id='word_1_62' title='bbox 553 602 724 629; x_wconf 86' lang='lat' dir='ltr'><strong>dramatibus</strong></span> <span class='ocrx_word' id='word_1_63' title='bbox 750 606 815 630; x_wconf 78' lang='lat' dir='ltr'><strong>sunt</strong></span> <span class='ocrx_word' id='word_1_64' title='bbox 828 601 946 636; x_wconf 69' lang='grc' dir='ltr'><strong>Βάκχαι,</strong></span> <span class='ocrx_word' id='word_1_65' title='bbox 963 607 993 628; x_wconf 90' lang='lat' dir='ltr'><strong>ut</strong></span> 
     </span>
    </p>
   </div>
   <div class='ocr_carea' id='block_1_15' title="bbox 202 647 992 683">
    <p class='ocr_par' dir='ltr' id='par_1_15' title="bbox 202 647 992 683">
     <span class='ocr_line' id='line_1_15' title="bbox 202 647 992 683; baseline -0.005 -5"><span class='ocrx_word' id='word_1_66' title='bbox 202 651 325 678; x_wconf 82' lang='lat' dir='ltr'><strong>tm-minit</strong></span> <span class='ocrx_word' id='word_1_67' title='bbox 346 651 492 678; x_wconf 70' lang='lat' dir='ltr'><strong>Athena-us</strong></span> <span class='ocrx_word' id='word_1_68' title='bbox 516 648 547 676; x_wconf 92' lang='lat' dir='ltr'><strong>Ill</strong></span> <span class='ocrx_word' id='word_1_69' title='bbox 574 653 599 675; x_wconf 87' lang='lat' dir='ltr'><strong>et</strong></span> <span class='ocrx_word' id='word_1_70' title='bbox 627 647 684 675; x_wconf 70' lang='lat' dir='ltr'><strong>Vill</strong></span> <span class='ocrx_word' id='word_1_71' title='bbox 701 648 908 683; x_wconf 80' lang='lat' dir='ltr'><strong>Dipnosophist.</strong></span> <span class='ocrx_word' id='word_1_72' title='bbox 923 648 992 675; x_wconf 82' lang='lat' dir='ltr'><strong>Sunt</strong></span> 
     </span>
    </p>
   </div>
   <div class='ocr_carea' id='block_1_16' title="bbox 201 697 794 733">
    <p class='ocr_par' dir='ltr' id='par_1_16' title="bbox 201 697 794 733">
     <span class='ocr_line' id='line_1_16' title="bbox 201 697 794 733; baseline -0.005 -6"><span class='ocrx_word' id='word_1_73' title='bbox 201 706 227 727; x_wconf 83' lang='lat' dir='ltr'><strong>et</strong></span> <span class='ocrx_word' id='word_1_74' title='bbox 245 699 304 726; x_wconf 74' lang='lat' dir='ltr'><strong>alia:</strong></span> <span class='ocrx_word' id='word_1_75' title='bbox 319 699 378 733; x_wconf 77' lang='lat' dir='ltr'><strong>ejus</strong></span> <span class='ocrx_word' id='word_1_76' title='bbox 391 697 543 729; x_wconf 68' lang='lat' dir='ltr'><strong>contmdiae,</strong></span> <span class='ocrx_word' id='word_1_77' title='bbox 559 702 587 724; x_wconf 87' lang='lat' dir='ltr'><strong>ut</strong></span> <span class='ocrx_word' id='word_1_78' title='bbox 609 697 794 732; x_wconf 65' lang='lat' dir='ltr'><strong>Gupsazépng.</strong></span> 
     </span>
    </p>
   </div>
   <div class='ocr_carea' id='block_1_17' title="bbox 584 754 608 781">
    <p class='ocr_par' dir='ltr' id='par_1_17' title="bbox 584 754 608 781">
     <span class='ocr_line' id='line_1_17' title="bbox 584 754 608 781; baseline 0 0"><span class='ocrx_word' id='word_1_79' title='bbox 584 754 608 781; x_wconf 70' lang='lat' dir='ltr'><strong>Bl</strong></span> 
     </span>
    </p>
   </div>
   <div class='ocr_carea' id='block_1_18' title="bbox 242 800 992 833">
    <p class='ocr_par' dir='ltr' id='par_1_18' title="bbox 242 800 992 833">
     <span class='ocr_line' id='line_1_18' title="bbox 242 800 992 833; baseline 0 -5"><span class='ocrx_word' id='word_1_80' title='bbox 242 802 351 829; x_wconf 78' lang='lat' dir='ltr'><strong>Macarii</strong></span> <span class='ocrx_word' id='word_1_81' title='bbox 365 801 420 828; x_wconf 89' lang='lat' dir='ltr'><strong>duo</strong></span> <span class='ocrx_word' id='word_1_82' title='bbox 432 801 506 833; x_wconf 75' lang='lat' dir='ltr'><strong>luere</strong></span> <span class='ocrx_word' id='word_1_83' title='bbox 521 801 643 827; x_wconf 81' lang='lat' dir='ltr'><strong>celebres</strong></span> <span class='ocrx_word' id='word_1_84' title='bbox 668 800 704 826; x_wconf 88' lang='lat' dir='ltr'><strong>ob</strong></span> <span class='ocrx_word' id='word_1_85' title='bbox 718 800 909 827; x_wconf 75' lang='lat' dir='ltr'><strong>abstinentiam</strong></span> <span class='ocrx_word' id='word_1_86' title='bbox 934 809 992 828; x_wconf 88' lang='lat' dir='ltr'><strong>mo-</strong></span> 
     </span>
    </p>
   </div>
   <div class='ocr_carea' id='block_1_19' title="bbox 202 845 993 883">
    <p class='ocr_par' dir='ltr' id='par_1_19' title="bbox 202 845 993 883">
     <span class='ocr_line' id='line_1_19' title="bbox 202 845 993 883; baseline -0.005 -7"><span class='ocrx_word' id='word_1_87' title='bbox 202 857 302 883; x_wconf 78' lang='lat' dir='ltr'><strong>resque</strong></span> <span class='ocrx_word' id='word_1_88' title='bbox 317 853 343 875; x_wconf 76' lang='lat' dir='ltr'><strong>ct</strong></span> <span class='ocrx_word' id='word_1_89' title='bbox 357 849 392 874; x_wconf 89' lang='lat' dir='ltr'><strong>ob</strong></span> <span class='ocrx_word' id='word_1_90' title='bbox 410 847 551 875; x_wconf 84' lang='lat' dir='ltr'><strong>miracula.</strong></span> <span class='ocrx_word' id='word_1_91' title='bbox 574 847 650 874; x_wconf 74' lang='lat' dir='ltr'><strong>Alter</strong></span> <span class='ocrx_word' id='word_1_92' title='bbox 665 851 725 874; x_wconf 84' lang='lat' dir='ltr'><strong>erat</strong></span> <span class='ocrx_word' id='word_1_93' title='bbox 746 845 900 882; x_wconf 70' lang='lat' dir='ltr'><strong>A‘Igyptius,</strong></span> <span class='ocrx_word' id='word_1_94' title='bbox 915 847 993 877; x_wconf 85' lang='lat' dir='ltr'><strong>alter,</strong></span> 
     </span>
    </p>
   </div>
   <div class='ocr_carea' id='block_1_20' title="bbox 203 892 996 928">
    <p class='ocr_par' dir='ltr' id='par_1_20' title="bbox 203 892 996 928">
     <span class='ocr_line' id='line_1_20' title="bbox 203 892 996 928; baseline -0.005 -6"><span class='ocrx_word' id='word_1_95' title='bbox 203 894 405 922; x_wconf 74' lang='lat' dir='ltr'><strong>Alexandrinus</strong></span> <span class='ocrx_word' id='word_1_96' title='bbox 423 903 430 927; x_wconf 89' lang='lat'><strong>;</strong></span> <span class='ocrx_word' id='word_1_97' title='bbox 448 894 474 920; x_wconf 89' lang='lat' dir='ltr'><strong>in</strong></span> <span class='ocrx_word' id='word_1_98' title='bbox 488 893 540 920; x_wconf 88' lang='lat' dir='ltr'><strong>hoc</strong></span> <span class='ocrx_word' id='word_1_99' title='bbox 557 900 611 920; x_wconf 90' lang='lat' dir='ltr'><strong>uno</strong></span> <span class='ocrx_word' id='word_1_100' title='bbox 626 892 800 928; x_wconf 77' lang='lat' dir='ltr'><strong>discrepabat</strong></span> <span class='ocrx_word' id='word_1_101' title='bbox 811 893 845 920; x_wconf 85' lang='lat' dir='ltr'><strong>ab</strong></span> <span class='ocrx_word' id='word_1_102' title='bbox 858 892 996 927; x_wconf 74' lang='lat' dir='ltr'><strong>IEgyptio,</strong></span> 
     </span>
    </p>
   </div>
   <div class='ocr_carea' id='block_1_21' title="bbox 202 938 997 977">
    <p class='ocr_par' dir='ltr' id='par_1_21' title="bbox 202 938 997 977">
     <span class='ocr_line' id='line_1_21' title="bbox 202 938 997 977; baseline -0.001 -9"><span class='ocrx_word' id='word_1_103' title='bbox 202 942 274 977; x_wconf 85' lang='lat' dir='ltr'><strong>quod</strong></span> <span class='ocrx_word' id='word_1_104' title='bbox 303 940 415 968; x_wconf 77' lang='lat' dir='ltr'><strong>hilarior</strong></span> <span class='ocrx_word' id='word_1_105' title='bbox 438 944 522 970; x_wconf 81' lang='lat' dir='ltr'><strong>esset,</strong></span> <span class='ocrx_word' id='word_1_106' title='bbox 540 944 567 966; x_wconf 85' lang='lat' dir='ltr'><strong>ct</strong></span> <span class='ocrx_word' id='word_1_107' title='bbox 584 939 713 967; x_wconf 83' lang='lat' dir='ltr'><strong>comitate</strong></span> <span class='ocrx_word' id='word_1_108' title='bbox 728 939 847 974; x_wconf 86' lang='lat' dir='ltr'><strong>quadam</strong></span> <span class='ocrx_word' id='word_1_109' title='bbox 872 938 997 974; x_wconf 76' lang='lat' dir='ltr'><strong>juniorcs</strong></span> 
     </span>
    </p>
   </div>
   <div class='ocr_carea' id='block_1_22' title="bbox 204 985 998 1022">
    <p class='ocr_par' dir='ltr' id='par_1_22' title="bbox 204 985 998 1022">
     <span class='ocr_line' id='line_1_22' title="bbox 204 985 998 1022; baseline -0.004 -6"><span class='ocrx_word' id='word_1_110' title='bbox 204 988 237 1016; x_wconf 87' lang='lat' dir='ltr'><strong>ad</strong></span> <span class='ocrx_word' id='word_1_111' title='bbox 252 987 423 1022; x_wconf 75' lang='lat' dir='ltr'><strong>disciplinam</strong></span> <span class='ocrx_word' id='word_1_112' title='bbox 438 986 618 1014; x_wconf 73' lang='lat' dir='ltr'><strong>monasticam</strong></span> <span class='ocrx_word' id='word_1_113' title='bbox 645 985 777 1013; x_wconf 79' lang='lat' dir='ltr'><strong>alliceret.</strong></span> <span class='ocrx_word' id='word_1_114' title='bbox 796 986 898 1013; x_wconf 89' lang='lat' dir='ltr'><strong>liorum</strong></span> <span class='ocrx_word' id='word_1_115' title='bbox 916 986 998 1014; x_wconf 86' lang='lat' dir='ltr'><strong>disci-</strong></span> 
     </span>
    </p>
   </div>
   <div class='ocr_carea' id='block_1_23' title="bbox 203 1031 997 1069">
    <p class='ocr_par' dir='ltr' id='par_1_23' title="bbox 203 1031 997 1069">
     <span class='ocr_line' id='line_1_23' title="bbox 203 1031 997 1069; baseline -0.004 -8"><span class='ocrx_word' id='word_1_116' title='bbox 203 1034 283 1069; x_wconf 87' lang='lat' dir='ltr'><strong>pulus</strong></span> <span class='ocrx_word' id='word_1_117' title='bbox 296 1032 440 1067; x_wconf 79' lang='lat' dir='ltr'><strong>Eragrius,</strong></span> <span class='ocrx_word' id='word_1_118' title='bbox 457 1031 502 1067; x_wconf 87' lang='lat' dir='ltr'><strong>qui</strong></span> <span class='ocrx_word' id='word_1_119' title='bbox 528 1033 646 1066; x_wconf 90' lang='lat' dir='ltr'><strong>primum</strong></span> <span class='ocrx_word' id='word_1_120' title='bbox 662 1039 677 1058; x_wconf 88' lang='lat' dir='ltr'><strong>a</strong></span> <span class='ocrx_word' id='word_1_121' title='bbox 698 1031 830 1065; x_wconf 69' lang='lat' dir='ltr'><strong>Gregorio</strong></span> <span class='ocrx_word' id='word_1_122' title='bbox 857 1031 997 1066; x_wconf 76' lang='lat' dir='ltr'><strong>Theologo</strong></span> 
     </span>
    </p>
   </div>
   <div class='ocr_carea' id='block_1_24' title="bbox 202 1078 998 1112">
    <p class='ocr_par' dir='ltr' id='par_1_24' title="bbox 202 1078 998 1112">
     <span class='ocr_line' id='line_1_24' title="bbox 202 1078 998 1112; baseline -0.001 -5"><span class='ocrx_word' id='word_1_123' title='bbox 202 1079 282 1107; x_wconf 73' lang='lat' dir='ltr'><strong>CPoli</strong></span> <span class='ocrx_word' id='word_1_124' title='bbox 295 1079 426 1106; x_wconf 80' lang='lat' dir='ltr'><strong>diaconus</strong></span> <span class='ocrx_word' id='word_1_125' title='bbox 438 1079 591 1111; x_wconf 83' lang='lat' dir='ltr'><strong>ordinatus,</strong></span> <span class='ocrx_word' id='word_1_126' title='bbox 607 1078 780 1112; x_wconf 83' lang='lat' dir='ltr'><strong>postmodum</strong></span> <span class='ocrx_word' id='word_1_127' title='bbox 805 1086 856 1105; x_wconf 85' lang='lat' dir='ltr'><strong>una</strong></span> <span class='ocrx_word' id='word_1_128' title='bbox 873 1086 935 1106; x_wconf 89' lang='lat' dir='ltr'><strong>cum</strong></span> <span class='ocrx_word' id='word_1_129' title='bbox 951 1078 998 1106; x_wconf 82' lang='lat' dir='ltr'><strong>illo</strong></span> 
     </span>
    </p>
   </div>
   <div class='ocr_carea' id='block_1_25' title="bbox 204 1124 998 1162">
    <p class='ocr_par' dir='ltr' id='par_1_25' title="bbox 204 1124 998 1162">
     <span class='ocr_line' id='line_1_25' title="bbox 204 1124 998 1162; baseline -0.003 -8"><span class='ocrx_word' id='word_1_130' title='bbox 204 1127 231 1154; x_wconf 89' lang='lat' dir='ltr'><strong>in</strong></span> <span class='ocrx_word' id='word_1_131' title='bbox 261 1126 409 1162; x_wconf 59' lang='lat' dir='ltr'><strong>Egyptum</strong></span> <span class='ocrx_word' id='word_1_132' title='bbox 437 1125 471 1152; x_wconf 82' lang='lat' dir='ltr'><strong>ad</strong></span> <span class='ocrx_word' id='word_1_133' title='bbox 500 1125 562 1152; x_wconf 89' lang='lat' dir='ltr'><strong>illos</strong></span> <span class='ocrx_word' id='word_1_134' title='bbox 591 1125 730 1160; x_wconf 86' lang='lat' dir='ltr'><strong>prolectus</strong></span> <span class='ocrx_word' id='word_1_135' title='bbox 760 1130 811 1152; x_wconf 87' lang='lat' dir='ltr'><strong>est.</strong></span> <span class='ocrx_word' id='word_1_136' title='bbox 838 1124 888 1152; x_wconf 84' lang='lat' dir='ltr'><strong>Hie</strong></span> <span class='ocrx_word' id='word_1_137' title='bbox 911 1125 998 1152; x_wconf 88' lang='lat' dir='ltr'><strong>libros</strong></span> 
     </span>
    </p>
   </div>
   <div class='ocr_carea' id='block_1_26' title="bbox 206 1171 996 1208">
    <p class='ocr_par' dir='ltr' id='par_1_26' title="bbox 206 1171 996 1208">
     <span class='ocr_line' id='line_1_26' title="bbox 206 1171 996 1208; baseline -0.005 -7"><span class='ocrx_word' id='word_1_138' title='bbox 206 1173 317 1208; x_wconf 83' lang='lat' dir='ltr'><strong>scripsit</strong></span> <span class='ocrx_word' id='word_1_139' title='bbox 335 1173 412 1199; x_wconf 79' lang='lat' dir='ltr'><strong>valde</strong></span> <span class='ocrx_word' id='word_1_140' title='bbox 434 1172 524 1204; x_wconf 83' lang='lat' dir='ltr'><strong>utiles,</strong></span> <span class='ocrx_word' id='word_1_141' title='bbox 540 1179 658 1206; x_wconf 88' lang='lat' dir='ltr'><strong>quorum</strong></span> <span class='ocrx_word' id='word_1_142' title='bbox 684 1179 756 1199; x_wconf 89' lang='lat' dir='ltr'><strong>uttus</strong></span> <span class='ocrx_word' id='word_1_143' title='bbox 781 1171 925 1198; x_wconf 76' lang='lat' dir='ltr'><strong>Monachus</strong></span> <span class='ocrx_word' id='word_1_144' title='bbox 954 1171 996 1197; x_wconf 87' lang='lat' dir='ltr'><strong>in-</strong></span> 
     </span>
    </p>
   </div>
   <div class='ocr_carea' id='block_1_27' title="bbox 205 1217 999 1250">
    <p class='ocr_par' dir='ltr' id='par_1_27' title="bbox 205 1217 999 1250">
     <span class='ocr_line' id='line_1_27' title="bbox 205 1217 999 1250; baseline -0.008 -1"><span class='ocrx_word' id='word_1_145' title='bbox 205 1222 334 1249; x_wconf 82' lang='lat' dir='ltr'><strong>scribitur</strong></span> <span class='ocrx_word' id='word_1_146' title='bbox 347 1228 394 1248; x_wconf 85' lang='lat' dir='ltr'><strong>seu</strong></span> <span class='ocrx_word' id='word_1_147' title='bbox 402 1221 434 1248; x_wconf 88' lang='lat' dir='ltr'><strong>de</strong></span> <span class='ocrx_word' id='word_1_148' title='bbox 446 1219 546 1247; x_wconf 85' lang='lat' dir='ltr'><strong>virtute</strong></span> <span class='ocrx_word' id='word_1_149' title='bbox 555 1220 643 1247; x_wconf 75' lang='lat' dir='ltr'><strong>activa</strong></span> <span class='ocrx_word' id='word_1_150' title='bbox 656 1228 663 1246; x_wconf 90' lang='lat'>:</span> <span class='ocrx_word' id='word_1_151' title='bbox 680 1219 748 1246; x_wconf 88' lang='lat' dir='ltr'><strong>alter</strong></span> <span class='ocrx_word' id='word_1_152' title='bbox 757 1217 906 1250; x_wconf 78' lang='lat' dir='ltr'><strong>Gnosticua,</strong></span> <span class='ocrx_word' id='word_1_153' title='bbox 917 1217 957 1244; x_wconf 77' lang='lat' dir='ltr'><strong>vel</strong></span> <span class='ocrx_word' id='word_1_154' title='bbox 965 1217 999 1244; x_wconf 85' lang='lat' dir='ltr'><strong>de</strong></span> 
     </span>
    </p>
   </div>
   <div class='ocr_carea' id='block_1_28' title="bbox 205 1263 997 1303">
    <p class='ocr_par' dir='ltr' id='par_1_28' title="bbox 205 1263 997 1303">
     <span class='ocr_line' id='line_1_28' title="bbox 205 1263 997 1303; baseline -0.009 -8"><span class='ocrx_word' id='word_1_155' title='bbox 205 1268 240 1296; x_wconf 90' lang='lat' dir='ltr'><strong>iis</strong></span> <span class='ocrx_word' id='word_1_156' title='bbox 256 1266 302 1303; x_wconf 84' lang='lat' dir='ltr'><strong>qui</strong></span> <span class='ocrx_word' id='word_1_157' title='bbox 333 1266 477 1294; x_wconf 82' lang='lat' dir='ltr'><strong>scientiam</strong></span> <span class='ocrx_word' id='word_1_158' title='bbox 499 1267 630 1300; x_wconf 86' lang='lat' dir='ltr'><strong>consequi</strong></span> <span class='ocrx_word' id='word_1_159' title='bbox 661 1268 830 1297; x_wconf 85' lang='lat' dir='ltr'><strong>meruerunt,</strong></span> <span class='ocrx_word' id='word_1_160' title='bbox 848 1263 874 1290; x_wconf 93' lang='lat' dir='ltr'><strong>in</strong></span> <span class='ocrx_word' id='word_1_161' title='bbox 889 1267 997 1290; x_wconf 84' lang='lat' dir='ltr'><strong>centum</strong></span> 
     </span>
    </p>
   </div>
   <div class='ocr_carea' id='block_1_29' title="bbox 205 1303 998 1351">
    <p class='ocr_par' dir='ltr' id='par_1_29' title="bbox 205 1303 998 1351">
     <span class='ocr_line' id='line_1_29' title="bbox 205 1303 998 1351; baseline -0.009 -8"><span class='ocrx_word' id='word_1_162' title='bbox 205 1312 425 1351; x_wconf 77' lang='lat' dir='ltr'><strong>(quinquaginta)</strong></span> <span class='ocrx_word' id='word_1_163' title='bbox 441 1312 546 1339; x_wconf 74' lang='lat' dir='ltr'><strong>divisus</strong></span> <span class='ocrx_word' id='word_1_164' title='bbox 561 1303 661 1346; x_wconf 80' lang='lat' dir='ltr'><strong>capita.</strong></span> <span class='ocrx_word' id='word_1_165' title='bbox 677 1310 788 1338; x_wconf 86' lang='lat' dir='ltr'><strong>Tertius</strong></span> <span class='ocrx_word' id='word_1_166' title='bbox 807 1309 998 1336; x_wconf 71' lang='lat' dir='ltr'><strong>.lntirrheticus</strong></span> 
     </span>
    </p>
   </div>
   <div class='ocr_carea' id='block_1_30' title="bbox 206 1357 996 1392">
    <p class='ocr_par' dir='ltr' id='par_1_30' title="bbox 206 1357 996 1392">
     <span class='ocr_line' id='line_1_30' title="bbox 206 1357 996 1392; baseline -0.009 -3"><span class='ocrx_word' id='word_1_167' title='bbox 206 1366 300 1389; x_wconf 86' lang='lat' dir='ltr'><strong>contra</strong></span> <span class='ocrx_word' id='word_1_168' title='bbox 329 1364 480 1387; x_wconf 81' lang='lat' dir='ltr'><strong>tentatores</strong></span> <span class='ocrx_word' id='word_1_169' title='bbox 501 1358 649 1390; x_wconf 80' lang='lat' dir='ltr'><strong>daemones,</strong></span> <span class='ocrx_word' id='word_1_170' title='bbox 665 1357 800 1392; x_wconf 81' lang='lat' dir='ltr'><strong>capitibus</strong></span> <span class='ocrx_word' id='word_1_171' title='bbox 816 1361 879 1383; x_wconf 89' lang='lat' dir='ltr'><strong>octo</strong></span> <span class='ocrx_word' id='word_1_172' title='bbox 896 1363 996 1383; x_wconf 86' lang='lat' dir='ltr'><strong>secun-</strong></span> 
     </span>
    </p>
   </div>
   <div class='ocr_carea' id='block_1_31' title="bbox 206 1401 999 1438">
    <p class='ocr_par' dir='ltr' id='par_1_31' title="bbox 206 1401 999 1438">
     <span class='ocr_line' id='line_1_31' title="bbox 206 1401 999 1438; baseline -0.008 -5"><span class='ocrx_word' id='word_1_173' title='bbox 206 1406 271 1433; x_wconf 89' lang='lat' dir='ltr'><strong>dum</strong></span> <span class='ocrx_word' id='word_1_174' title='bbox 289 1411 434 1432; x_wconf 81' lang='lat' dir='ltr'><strong>numerum</strong></span> <span class='ocrx_word' id='word_1_175' title='bbox 449 1407 512 1430; x_wconf 89' lang='lat' dir='ltr'><strong>octo</strong></span> <span class='ocrx_word' id='word_1_176' title='bbox 527 1403 732 1438; x_wconf 64' lang='lat' dir='ltr'><strong>(-oovitatimlum.</strong></span> <span class='ocrx_word' id='word_1_177' title='bbox 753 1401 869 1436; x_wconf 85' lang='lat' dir='ltr'><strong>Scripsit</strong></span> <span class='ocrx_word' id='word_1_178' title='bbox 887 1404 999 1436; x_wconf 68' lang='lat' dir='ltr'><strong>praeter-</strong></span> 
     </span>
    </p>
   </div>
   <div class='ocr_carea' id='block_1_32' title="bbox 207 1446 1000 1485">
    <p class='ocr_par' dir='ltr' id='par_1_32' title="bbox 207 1446 1000 1485">
     <span class='ocr_line' id='line_1_32' title="bbox 207 1446 1000 1485; baseline -0.01 -5"><span class='ocrx_word' id='word_1_179' title='bbox 207 1459 238 1480; x_wconf 81' lang='lat' dir='ltr'><strong>ea</strong></span> <span class='ocrx_word' id='word_1_180' title='bbox 269 1450 443 1485; x_wconf 74' lang='lat' dir='ltr'><strong>Prognostica</strong></span> <span class='ocrx_word' id='word_1_181' title='bbox 465 1449 629 1483; x_wconf 78' lang='lat' dir='ltr'><strong>problemata</strong></span> <span class='ocrx_word' id='word_1_182' title='bbox 651 1452 783 1474; x_wconf 66' lang='lat' dir='ltr'><strong>sexcenta.</strong></span> <span class='ocrx_word' id='word_1_183' title='bbox 796 1446 919 1482; x_wconf 87' lang='lat' dir='ltr'><strong>Denique</strong></span> <span class='ocrx_word' id='word_1_184' title='bbox 943 1455 1000 1473; x_wconf 71' lang='grc' dir='ltr'><strong>στι-</strong></span> 
     </span>
    </p>
   </div>
   <div class='ocr_carea' id='block_1_33' title="bbox 208 1492 1000 1532">
    <p class='ocr_par' dir='ltr' id='par_1_33' title="bbox 208 1492 1000 1532">
     <span class='ocr_line' id='line_1_33' title="bbox 208 1492 1000 1532; baseline -0.005 -9"><span class='ocrx_word' id='word_1_185' title='bbox 208 1496 281 1532; x_wconf 72' lang='grc' dir='ltr'><strong>χηρὰ</strong></span> <span class='ocrx_word' id='word_1_186' title='bbox 293 1495 326 1531; x_wconf 87' lang='grc' dir='ltr'><strong>β’,</strong></span> <span class='ocrx_word' id='word_1_187' title='bbox 340 1495 405 1522; x_wconf 73' lang='lat' dir='ltr'><strong>duos</strong></span> <span class='ocrx_word' id='word_1_188' title='bbox 421 1495 500 1522; x_wconf 71' lang='lat' dir='ltr'><strong>libros</strong></span> <span class='ocrx_word' id='word_1_189' title='bbox 519 1494 748 1529; x_wconf 71' lang='lat' dir='ltr'><strong>Apltoritmorum,</strong></span> <span class='ocrx_word' id='word_1_190' title='bbox 763 1493 879 1520; x_wconf 86' lang='lat' dir='ltr'><strong>alterum</strong></span> <span class='ocrx_word' id='word_1_191' title='bbox 890 1492 923 1520; x_wconf 89' lang='lat' dir='ltr'><strong>ad</strong></span> <span class='ocrx_word' id='word_1_192' title='bbox 943 1499 1000 1520; x_wconf 90' lang='lat' dir='ltr'><strong>mo-</strong></span> 
     </span>
    </p>
   </div>
   <div class='ocr_carea' id='block_1_34' title="bbox 208 1540 999 1579">
    <p class='ocr_par' dir='ltr' id='par_1_34' title="bbox 208 1540 999 1579">
     <span class='ocr_line' id='line_1_34' title="bbox 208 1540 999 1579; baseline -0.008 -7"><span class='ocrx_word' id='word_1_193' title='bbox 208 1544 321 1577; x_wconf 82' lang='lat' dir='ltr'><strong>nachos,</strong></span> <span class='ocrx_word' id='word_1_194' title='bbox 339 1542 387 1579; x_wconf 86' lang='lat' dir='ltr'><strong>qui</strong></span> <span class='ocrx_word' id='word_1_195' title='bbox 406 1543 432 1570; x_wconf 90' lang='lat' dir='ltr'><strong>in</strong></span> <span class='ocrx_word' id='word_1_196' title='bbox 445 1541 580 1570; x_wconf 69' lang='lat' dir='ltr'><strong>coenobiis</strong></span> <span class='ocrx_word' id='word_1_197' title='bbox 602 1541 715 1577; x_wconf 76' lang='lat' dir='ltr'><strong>degunt,</strong></span> <span class='ocrx_word' id='word_1_198' title='bbox 727 1540 843 1568; x_wconf 82' lang='lat' dir='ltr'><strong>alterum</strong></span> <span class='ocrx_word' id='word_1_199' title='bbox 868 1540 901 1568; x_wconf 86' lang='lat' dir='ltr'><strong>ad</strong></span> <span class='ocrx_word' id='word_1_200' title='bbox 916 1540 999 1576; x_wconf 77' lang='lat' dir='ltr'><strong>virgi-</strong></span> 
     </span>
    </p>
   </div>
   <div class='ocr_carea' id='block_1_35' title="bbox 208 1595 350 1625">
    <p class='ocr_par' dir='ltr' id='par_1_35' title="bbox 208 1595 350 1625">
     <span class='ocr_line' id='line_1_35' title="bbox 208 1595 350 1625; baseline 0 -7"><span class='ocrx_word' id='word_1_201' title='bbox 208 1599 281 1625; x_wconf 85' lang='lat' dir='ltr'><strong>nem,</strong></span> <span class='ocrx_word' id='word_1_202' title='bbox 297 1595 350 1619; x_wconf 90' lang='lat' dir='ltr'><strong>etc.</strong></span> 
     </span>
    </p>
   </div>
   <div class='ocr_carea' id='block_1_36' title="bbox 249 1633 997 1670">
    <p class='ocr_par' dir='ltr' id='par_1_36' title="bbox 249 1633 997 1670">
     <span class='ocr_line' id='line_1_36' title="bbox 249 1633 997 1670; baseline -0.005 -6"><span class='ocrx_word' id='word_1_203' title='bbox 249 1636 424 1664; x_wconf 83' lang='lat' dir='ltr'><strong>Macedonius</strong></span> <span class='ocrx_word' id='word_1_204' title='bbox 451 1635 618 1663; x_wconf 82' lang='lat' dir='ltr'><strong>Novalianos</strong></span> <span class='ocrx_word' id='word_1_205' title='bbox 646 1634 781 1670; x_wconf 89' lang='lat' dir='ltr'><strong>quosdam</strong></span> <span class='ocrx_word' id='word_1_206' title='bbox 809 1634 842 1661; x_wconf 89' lang='lat' dir='ltr'><strong>ad</strong></span> <span class='ocrx_word' id='word_1_207' title='bbox 865 1633 997 1661; x_wconf 87' lang='lat' dir='ltr'><strong>Arianum</strong></span> 
     </span>
    </p>
   </div>
   <div class='ocr_carea' id='block_1_37' title="bbox 209 1679 999 1720">
    <p class='ocr_par' dir='ltr' id='par_1_37' title="bbox 209 1679 999 1720">
     <span class='ocr_line' id='line_1_37' title="bbox 209 1679 999 1720; baseline -0.006 -9"><span class='ocrx_word' id='word_1_208' title='bbox 209 1685 307 1720; x_wconf 78' lang='lat' dir='ltr'><strong>dogma</strong></span> <span class='ocrx_word' id='word_1_209' title='bbox 321 1683 461 1718; x_wconf 73' lang='lat' dir='ltr'><strong>impellere</strong></span> <span class='ocrx_word' id='word_1_210' title='bbox 475 1687 591 1710; x_wconf 86' lang='lat' dir='ltr'><strong>conatus</strong></span> <span class='ocrx_word' id='word_1_211' title='bbox 606 1686 657 1713; x_wconf 82' lang='lat' dir='ltr'><strong>est,</strong></span> <span class='ocrx_word' id='word_1_212' title='bbox 672 1685 700 1708; x_wconf 86' lang='lat' dir='ltr'><strong>et</strong></span> <span class='ocrx_word' id='word_1_213' title='bbox 714 1681 845 1715; x_wconf 79' lang='lat' dir='ltr'><strong>reliquias</strong></span> <span class='ocrx_word' id='word_1_214' title='bbox 861 1679 999 1708; x_wconf 85' lang='lat' dir='ltr'><strong>Constan-</strong></span> 
     </span>
    </p>
   </div>
   <div class='ocr_carea' id='block_1_38' title="bbox 211 1725 998 1760">
    <p class='ocr_par' dir='ltr' id='par_1_38' title="bbox 211 1725 998 1760">
     <span class='ocr_line' id='line_1_38' title="bbox 211 1725 998 1760; baseline -0.006 -3"><span class='ocrx_word' id='word_1_215' title='bbox 211 1730 258 1757; x_wconf 90' lang='lat' dir='ltr'><strong>tini</strong></span> <span class='ocrx_word' id='word_1_216' title='bbox 273 1730 299 1756; x_wconf 92' lang='lat' dir='ltr'><strong>in</strong></span> <span class='ocrx_word' id='word_1_217' title='bbox 316 1729 400 1755; x_wconf 85' lang='lat' dir='ltr'><strong>alium</strong></span> <span class='ocrx_word' id='word_1_218' title='bbox 418 1727 510 1755; x_wconf 93' lang='lat' dir='ltr'><strong>locum</strong></span> <span class='ocrx_word' id='word_1_219' title='bbox 535 1725 686 1757; x_wconf 76' lang='lat' dir='ltr'><strong>transtulit.</strong></span> <span class='ocrx_word' id='word_1_220' title='bbox 708 1726 826 1760; x_wconf 81' lang='lat' dir='ltr'><strong>denique</strong></span> <span class='ocrx_word' id='word_1_221' title='bbox 848 1725 998 1760; x_wconf 79' lang='lat' dir='ltr'><strong>depositus,</strong></span> 
     </span>
    </p>
   </div>
   <div class='ocr_carea' id='block_1_39' title="bbox 208 1772 563 1805">
    <p class='ocr_par' dir='ltr' id='par_1_39' title="bbox 208 1772 563 1805">
     <span class='ocr_line' id='line_1_39' title="bbox 208 1772 563 1805; baseline -0.011 -3"><span class='ocrx_word' id='word_1_222' title='bbox 208 1779 261 1802; x_wconf 89' lang='lat' dir='ltr'><strong>ctc.</strong></span> <span class='ocrx_word' id='word_1_223' title='bbox 276 1781 309 1802; x_wconf 82' lang='lat' dir='ltr'><strong>ex</strong></span> <span class='ocrx_word' id='word_1_224' title='bbox 327 1773 458 1805; x_wconf 86' lang='lat' dir='ltr'><strong>Socratis,</strong></span> <span class='ocrx_word' id='word_1_225' title='bbox 474 1772 506 1805; x_wconf 85' lang='lat' dir='ltr'><strong>ll,</strong></span> <span class='ocrx_word' id='word_1_226' title='bbox 519 1772 563 1799; x_wconf 75' lang='lat'><strong>58.</strong></span> 
     </span>
    </p>
   </div>
   <div class='ocr_carea' id='block_1_40' title="bbox 248 1817 996 1854">
    <p class='ocr_par' dir='ltr' id='par_1_40' title="bbox 248 1817 996 1854">
     <span class='ocr_line' id='line_1_40' title="bbox 248 1817 996 1854; baseline -0.003 -6"><span class='ocrx_word' id='word_1_227' title='bbox 248 1819 426 1848; x_wconf 79' lang='lat' dir='ltr'><strong>Macedonius</strong></span> <span class='ocrx_word' id='word_1_228' title='bbox 456 1819 536 1851; x_wconf 88' lang='lat' dir='ltr'><strong>alius,</strong></span> <span class='ocrx_word' id='word_1_229' title='bbox 567 1818 614 1853; x_wconf 89' lang='lat' dir='ltr'><strong>qui</strong></span> <span class='ocrx_word' id='word_1_230' title='bbox 645 1817 697 1846; x_wconf 88' lang='lat' dir='ltr'><strong>sub</strong></span> <span class='ocrx_word' id='word_1_231' title='bbox 726 1817 836 1846; x_wconf 83' lang='lat' dir='ltr'><strong>Juliano</strong></span> <span class='ocrx_word' id='word_1_232' title='bbox 874 1822 996 1854; x_wconf 77' lang='lat' dir='ltr'><strong>apostata</strong></span> 
     </span>
    </p>
   </div>
   <div class='ocr_carea' id='block_1_41' title="bbox 210 1865 536 1901">
    <p class='ocr_par' dir='ltr' id='par_1_41' title="bbox 210 1865 536 1901">
     <span class='ocr_line' id='line_1_41' title="bbox 210 1865 536 1901; baseline -0.009 -7"><span class='ocrx_word' id='word_1_233' title='bbox 210 1868 293 1894; x_wconf 77' lang='lat' dir='ltr'><strong>vitam</strong></span> <span class='ocrx_word' id='word_1_234' title='bbox 315 1865 447 1901; x_wconf 76' lang='lat' dir='ltr'><strong>martyrio</strong></span> <span class='ocrx_word' id='word_1_235' title='bbox 458 1865 536 1892; x_wconf 82' lang='lat' dir='ltr'><strong>liniit.</strong></span> 
     </span>
    </p>
   </div>
   <div class='ocr_carea' id='block_1_42' title="bbox 246 1910 997 1943">
    <p class='ocr_par' dir='ltr' id='par_1_42' title="bbox 246 1910 997 1943">
     <span class='ocr_line' id='line_1_42' title="bbox 246 1910 997 1943; baseline -0.003 -3"><span class='ocrx_word' id='word_1_236' title='bbox 246 1913 389 1943; x_wconf 83' lang='lat' dir='ltr'><strong>Machaon,</strong></span> <span class='ocrx_word' id='word_1_237' title='bbox 399 1919 497 1938; x_wconf 88' lang='lat' dir='ltr'><strong>nomen</strong></span> <span class='ocrx_word' id='word_1_238' title='bbox 513 1910 622 1943; x_wconf 87' lang='lat' dir='ltr'><strong>medici,</strong></span> <span class='ocrx_word' id='word_1_239' title='bbox 636 1915 664 1937; x_wconf 91' lang='lat' dir='ltr'><strong>ut</strong></span> <span class='ocrx_word' id='word_1_240' title='bbox 677 1914 705 1938; x_wconf 87' lang='lat' dir='ltr'><strong>et</strong></span> <span class='ocrx_word' id='word_1_241' title='bbox 715 1910 826 1943; x_wconf 88' lang='lat' dir='ltr'><strong>Chiron,</strong></span> <span class='ocrx_word' id='word_1_242' title='bbox 840 1915 997 1939; x_wconf 85' lang='lat' dir='ltr'><strong>centaurus.</strong></span> 
     </span>
    </p>
   </div>
   <div class='ocr_carea' id='block_1_43' title="bbox 248 1956 999 1992">
    <p class='ocr_par' dir='ltr' id='par_1_43' title="bbox 248 1956 999 1992">
     <span class='ocr_line' id='line_1_43' title="bbox 248 1956 999 1992; baseline -0.004 -6"><span class='ocrx_word' id='word_1_243' title='bbox 248 1959 404 1990; x_wconf 74' lang='lat' dir='ltr'><strong>Mzeonidcs,</strong></span> <span class='ocrx_word' id='word_1_244' title='bbox 429 1958 574 1985; x_wconf 88' lang='lat' dir='ltr'><strong>liomerus.</strong></span> <span class='ocrx_word' id='word_1_245' title='bbox 602 1956 685 1985; x_wconf 72' lang='lat' dir='ltr'><strong>Vetus</strong></span> <span class='ocrx_word' id='word_1_246' title='bbox 717 1957 886 1992; x_wconf 72' lang='lat' dir='ltr'><strong>epigramma</strong></span> <span class='ocrx_word' id='word_1_247' title='bbox 905 1965 912 1984; x_wconf 90' lang='lat'><strong>:</strong></span> <span class='ocrx_word' id='word_1_248' title='bbox 929 1957 960 1983; x_wconf 82' lang='grc' dir='ltr'><strong>Εἰ</strong></span> <span class='ocrx_word' id='word_1_249' title='bbox 976 1957 999 1983; x_wconf 79' lang='grc' dir='ltr'><strong>δ’</strong></span> 
     </span>
    </p>
   </div>
   <div class='ocr_carea' id='block_1_44' title="bbox 209 2003 1000 2040">
    <p class='ocr_par' dir='ltr' id='par_1_44' title="bbox 209 2003 1000 2040">
     <span class='ocr_line' id='line_1_44' title="bbox 209 2003 1000 2040; baseline -0.006 -6"><span class='ocrx_word' id='word_1_250' title='bbox 209 2007 307 2039; x_wconf 70' lang='grc' dir='ltr'><strong>ἑάλως,</strong></span> <span class='ocrx_word' id='word_1_251' title='bbox 343 2005 527 2040; x_wconf 69' lang='grc' dir='ltr'><strong>συγγνωστὸν,</strong></span> <span class='ocrx_word' id='word_1_252' title='bbox 572 2003 634 2030; x_wconf 62' lang='grc' dir='ltr'><strong>ἐπεὶ</strong></span> <span class='ocrx_word' id='word_1_253' title='bbox 665 2004 712 2030; x_wconf 79' lang='grc' dir='ltr'><strong>καὶ</strong></span> <span class='ocrx_word' id='word_1_254' title='bbox 743 2003 869 2038; x_wconf 75' lang='grc' dir='ltr'>κοίρανος</span> <span class='ocrx_word' id='word_1_255' title='bbox 906 2003 1000 2039; x_wconf 84' lang='grc' dir='ltr'><strong>ὕμνων</strong></span> 
     </span>
    </p>
   </div>
   <div class='ocr_carea' id='block_1_45' title="bbox 208 2049 997 2086">
    <p class='ocr_par' dir='ltr' id='par_1_45' title="bbox 208 2049 997 2086">
     <span class='ocr_line' id='line_1_45' title="bbox 208 2049 997 2086; baseline -0.006 -6"><span class='ocrx_word' id='word_1_256' title='bbox 208 2052 355 2084; x_wconf 80' lang='grc' dir='ltr'><strong>Μαιονίδας</strong></span> <span class='ocrx_word' id='word_1_257' title='bbox 386 2051 492 2086; x_wconf 68' lang='grc' dir='ltr'>γρίφων</span> <span class='ocrx_word' id='word_1_258' title='bbox 517 2049 666 2085; x_wconf 73' lang='grc' dir='ltr'><strong>ἰχθυϐόλων</strong></span> <span class='ocrx_word' id='word_1_259' title='bbox 688 2049 777 2076; x_wconf 73' lang='grc' dir='ltr'><strong>ἔθανε.</strong></span> <span class='ocrx_word' id='word_1_260' title='bbox 796 2049 825 2076; x_wconf 76' lang='lat' dir='ltr'><strong>Si</strong></span> <span class='ocrx_word' id='word_1_261' title='bbox 853 2055 945 2084; x_wconf 78' lang='lat' dir='ltr'><strong>captus</strong></span> <span class='ocrx_word' id='word_1_262' title='bbox 961 2058 997 2082; x_wconf 63' lang='lat' dir='ltr'><strong>es,</strong></span> 
     </span>
    </p>
   </div>
   <div class='ocr_carea' id='block_1_46' title="bbox 209 2097 997 2132">
    <p class='ocr_par' dir='ltr' id='par_1_46' title="bbox 209 2097 997 2132">
     <span class='ocr_line' id='line_1_46' title="bbox 209 2097 997 2132; baseline -0.005 -6"><span class='ocrx_word' id='word_1_263' title='bbox 209 2099 281 2126; x_wconf 76' lang='lat' dir='ltr'><strong>renia</strong></span> <span class='ocrx_word' id='word_1_264' title='bbox 298 2099 345 2125; x_wconf 85' lang='lat' dir='ltr'><strong>tibi</strong></span> <span class='ocrx_word' id='word_1_265' title='bbox 358 2098 448 2125; x_wconf 87' lang='lat' dir='ltr'><strong>danda</strong></span> <span class='ocrx_word' id='word_1_266' title='bbox 461 2102 511 2130; x_wconf 78' lang='lat' dir='ltr'><strong>est,</strong></span> <span class='ocrx_word' id='word_1_267' title='bbox 526 2097 650 2132; x_wconf 81' lang='lat' dir='ltr'><strong>quoniam</strong></span> <span class='ocrx_word' id='word_1_268' title='bbox 665 2101 688 2122; x_wconf 85' lang='lat' dir='ltr'><strong>et</strong></span> <span class='ocrx_word' id='word_1_269' title='bbox 701 2097 815 2131; x_wconf 84' lang='lat' dir='ltr'><strong>principi</strong></span> <span class='ocrx_word' id='word_1_270' title='bbox 830 2097 997 2131; x_wconf 79' lang='lat' dir='ltr'><strong>hymnorum,</strong></span> 
     </span>
    </p>
   </div>
   <div class='ocr_carea' id='block_1_47' title="bbox 209 2142 884 2178">
    <p class='ocr_par' dir='ltr' id='par_1_47' title="bbox 209 2142 884 2178">
     <span class='ocr_line' id='line_1_47' title="bbox 209 2142 884 2178; baseline -0.003 -7"><span class='ocrx_word' id='word_1_271' title='bbox 209 2144 337 2175; x_wconf 74' lang='lat' dir='ltr'><strong>[Imm-ro,</strong></span> <span class='ocrx_word' id='word_1_272' title='bbox 353 2143 465 2178; x_wconf 75' lang='lat' dir='ltr'><strong>tenigma</strong></span> <span class='ocrx_word' id='word_1_273' title='bbox 479 2142 639 2176; x_wconf 76' lang='lat' dir='ltr'><strong>piscatorum</strong></span> <span class='ocrx_word' id='word_1_274' title='bbox 656 2146 766 2168; x_wconf 73' lang='lat' dir='ltr'><strong>mortem</strong></span> <span class='ocrx_word' id='word_1_275' title='bbox 781 2142 884 2169; x_wconf 80' lang='lat' dir='ltr'><strong>attulit.</strong></span> 
     </span>
    </p>
   </div>
   <div class='ocr_carea' id='block_1_48' title="bbox 253 2188 997 2226">
    <p class='ocr_par' dir='ltr' id='par_1_48' title="bbox 253 2188 997 2226">
     <span class='ocr_line' id='line_1_48' title="bbox 253 2188 997 2226; baseline 0.001 -9"><span class='ocrx_word' id='word_1_276' title='bbox 253 2191 351 2226; x_wconf 71' lang='lat' dir='ltr'><strong>Magia,</strong></span> <span class='ocrx_word' id='word_1_277' title='bbox 376 2190 513 2216; x_wconf 75' lang='lat' dir='ltr'><strong>invocatio</strong></span> <span class='ocrx_word' id='word_1_278' title='bbox 535 2189 690 2216; x_wconf 67' lang='lat' dir='ltr'><strong>daemonum</strong></span> <span class='ocrx_word' id='word_1_279' title='bbox 713 2188 908 2223; x_wconf 78' lang='lat' dir='ltr'><strong>beneficorum,</strong></span> <span class='ocrx_word' id='word_1_280' title='bbox 933 2190 997 2218; x_wconf 85' lang='lat' dir='ltr'><strong>boni</strong></span> 
     </span>
    </p>
   </div>
   <div class='ocr_carea' id='block_1_49' title="bbox 209 2235 951 2272">
    <p class='ocr_par' dir='ltr' id='par_1_49' title="bbox 209 2235 951 2272">
     <span class='ocr_line' id='line_1_49' title="bbox 209 2235 951 2272; baseline -0.001 -8"><span class='ocrx_word' id='word_1_281' title='bbox 209 2237 325 2272; x_wconf 86' lang='lat' dir='ltr'><strong>alicujus</strong></span> <span class='ocrx_word' id='word_1_282' title='bbox 341 2235 474 2264; x_wconf 80' lang='lat' dir='ltr'><strong>ellicicndi</strong></span> <span class='ocrx_word' id='word_1_283' title='bbox 488 2242 582 2269; x_wconf 87' lang='lat' dir='ltr'><strong>causa,</strong></span> <span class='ocrx_word' id='word_1_284' title='bbox 597 2239 662 2267; x_wconf 86' lang='lat' dir='ltr'><strong>etc.,</strong></span> <span class='ocrx_word' id='word_1_285' title='bbox 683 2242 764 2269; x_wconf 90' lang='lat' dir='ltr'><strong>supra</strong></span> <span class='ocrx_word' id='word_1_286' title='bbox 778 2235 804 2262; x_wconf 90' lang='lat' dir='ltr'><strong>in</strong></span> <span class='ocrx_word' id='word_1_287' title='bbox 814 2236 951 2269; x_wconf 84' lang='grc' dir='ltr'><strong>Γοητεία.</strong></span> 
     </span>
    </p>
   </div>
   <div class='ocr_carea' id='block_1_50' title="bbox 247 2280 884 2317">
    <p class='ocr_par' dir='ltr' id='par_1_50' title="bbox 247 2280 884 2317">
     <span class='ocr_line' id='line_1_50' title="bbox 247 2280 884 2317; baseline 0 -7"><span class='ocrx_word' id='word_1_288' title='bbox 247 2282 371 2317; x_wconf 83' lang='grc' dir='ltr'><strong>Μαγικὴ.</strong></span> <span class='ocrx_word' id='word_1_289' title='bbox 386 2281 462 2308; x_wconf 88' lang='lat' dir='ltr'><strong>lianc</strong></span> <span class='ocrx_word' id='word_1_290' title='bbox 477 2281 545 2308; x_wconf 68' lang='lat' dir='ltr'><strong>Medi</strong></span> <span class='ocrx_word' id='word_1_291' title='bbox 562 2287 587 2308; x_wconf 88' lang='lat' dir='ltr'><strong>et</strong></span> <span class='ocrx_word' id='word_1_292' title='bbox 605 2280 696 2308; x_wconf 71' lang='lat' dir='ltr'><strong>Persa:</strong></span> <span class='ocrx_word' id='word_1_293' title='bbox 711 2282 884 2310; x_wconf 72' lang='lat' dir='ltr'><strong>invenerunt.</strong></span> 
     </span>
    </p>
   </div>
   <div class='ocr_carea' id='block_1_51' title="bbox 247 2327 999 2365">
    <p class='ocr_par' dir='ltr' id='par_1_51' title="bbox 247 2327 999 2365">
     <span class='ocr_line' id='line_1_51' title="bbox 247 2327 999 2365; baseline 0.001 -9"><span class='ocrx_word' id='word_1_294' title='bbox 247 2329 316 2364; x_wconf 71' lang='lat' dir='ltr'><strong>Magi</strong></span> <span class='ocrx_word' id='word_1_295' title='bbox 333 2329 403 2364; x_wconf 86' lang='lat' dir='ltr'><strong>apud</strong></span> <span class='ocrx_word' id='word_1_296' title='bbox 419 2327 519 2355; x_wconf 84' lang='lat' dir='ltr'><strong>Persas</strong></span> <span class='ocrx_word' id='word_1_297' title='bbox 533 2334 667 2355; x_wconf 74' lang='lat' dir='ltr'><strong>vocantur</strong></span> <span class='ocrx_word' id='word_1_298' title='bbox 689 2329 843 2363; x_wconf 85' lang='lat' dir='ltr'><strong>philosophi</strong></span> <span class='ocrx_word' id='word_1_299' title='bbox 864 2333 891 2356; x_wconf 89' lang='lat' dir='ltr'><strong>et</strong></span> <span class='ocrx_word' id='word_1_300' title='bbox 912 2330 999 2365; x_wconf 85' lang='lat' dir='ltr'><strong>philo-</strong></span> 
     </span>
    </p>
   </div>
   <div class='ocr_carea' id='block_1_52' title="bbox 209 2375 996 2412">
    <p class='ocr_par' dir='ltr' id='par_1_52' title="bbox 209 2375 996 2412">
     <span class='ocr_line' id='line_1_52' title="bbox 209 2375 996 2412; baseline -0.001 -8"><span class='ocrx_word' id='word_1_301' title='bbox 209 2378 277 2409; x_wconf 83' lang='lat' dir='ltr'><strong>tltci,</strong></span> <span class='ocrx_word' id='word_1_302' title='bbox 292 2383 411 2412; x_wconf 83' lang='lat' dir='ltr'><strong>quorum</strong></span> <span class='ocrx_word' id='word_1_303' title='bbox 426 2375 552 2411; x_wconf 74' lang='lat' dir='ltr'><strong>princeps</strong></span> <span class='ocrx_word' id='word_1_304' title='bbox 567 2376 616 2404; x_wconf 85' lang='lat' dir='ltr'><strong>luit</strong></span> <span class='ocrx_word' id='word_1_305' title='bbox 631 2375 791 2403; x_wconf 81' lang='lat' dir='ltr'><strong>Zoroastres</strong></span> <span class='ocrx_word' id='word_1_306' title='bbox 814 2381 841 2403; x_wconf 84' lang='lat' dir='ltr'><strong>et</strong></span> <span class='ocrx_word' id='word_1_307' title='bbox 854 2381 915 2411; x_wconf 83' lang='lat' dir='ltr'><strong>post</strong></span> <span class='ocrx_word' id='word_1_308' title='bbox 935 2383 996 2404; x_wconf 84' lang='lat' dir='ltr'><strong>cum</strong></span> 
     </span>
    </p>
   </div>
   <div class='ocr_carea' id='block_1_53' title="bbox 208 2423 591 2458">
    <p class='ocr_par' dir='ltr' id='par_1_53' title="bbox 208 2423 591 2458">
     <span class='ocr_line' id='line_1_53' title="bbox 208 2423 591 2458; baseline -0.008 -6"><span class='ocrx_word' id='word_1_309' title='bbox 208 2425 317 2452; x_wconf 74' lang='lat' dir='ltr'><strong>Ostath</strong></span> <span class='ocrx_word' id='word_1_310' title='bbox 333 2428 362 2450; x_wconf 89' lang='lat' dir='ltr'><strong>et</strong></span> <span class='ocrx_word' id='word_1_311' title='bbox 375 2423 591 2458; x_wconf 77' lang='lat' dir='ltr'><strong>Astrampsyclii.</strong></span> 
     </span>
    </p>
   </div>
   <div class='ocr_carea' id='block_1_54' title="bbox 250 2469 995 2505">
    <p class='ocr_par' dir='ltr' id='par_1_54' title="bbox 250 2469 995 2505">
     <span class='ocr_line' id='line_1_54' title="bbox 250 2469 995 2505; baseline -0.001 -8"><span class='ocrx_word' id='word_1_312' title='bbox 250 2471 361 2505; x_wconf 68' lang='lat' dir='ltr'><strong>Magnus</strong></span> <span class='ocrx_word' id='word_1_313' title='bbox 389 2477 422 2497; x_wconf 78' lang='lat' dir='ltr'><strong>ex</strong></span> <span class='ocrx_word' id='word_1_314' title='bbox 445 2470 542 2500; x_wconf 83' lang='lat' dir='ltr'><strong>lcario.</strong></span> <span class='ocrx_word' id='word_1_315' title='bbox 563 2470 631 2497; x_wconf 86' lang='lat' dir='ltr'><strong>urbe</strong></span> <span class='ocrx_word' id='word_1_316' title='bbox 655 2470 760 2502; x_wconf 68' lang='lat' dir='ltr'><strong>Atticas,</strong></span> <span class='ocrx_word' id='word_1_317' title='bbox 789 2469 921 2502; x_wconf 86' lang='lat' dir='ltr'><strong>comicus,</strong></span> <span class='ocrx_word' id='word_1_318' title='bbox 937 2470 995 2504; x_wconf 88' lang='lat' dir='ltr'><strong>qui,</strong></span> 
     </span>
    </p>
   </div>
   <div class='ocr_carea' id='block_1_55' title="bbox 209 2515 998 2552">
    <p class='ocr_par' dir='ltr' id='par_1_55' title="bbox 209 2515 998 2552">
     <span class='ocr_line' id='line_1_55' title="bbox 209 2515 998 2552; baseline -0.003 -7"><span class='ocrx_word' id='word_1_319' title='bbox 209 2518 369 2545; x_wconf 80' lang='lat' dir='ltr'><strong>adolescens</strong></span> <span class='ocrx_word' id='word_1_320' title='bbox 392 2516 587 2552; x_wconf 87' lang='lat' dir='ltr'><strong>Epicharmum</strong></span> <span class='ocrx_word' id='word_1_321' title='bbox 603 2523 696 2544; x_wconf 87' lang='lat' dir='ltr'><strong>senem</strong></span> <span class='ocrx_word' id='word_1_322' title='bbox 713 2515 815 2550; x_wconf 71' lang='lat' dir='ltr'><strong>attigit.</strong></span> <span class='ocrx_word' id='word_1_323' title='bbox 830 2515 929 2543; x_wconf 86' lang='lat' dir='ltr'><strong>Docuit</strong></span> <span class='ocrx_word' id='word_1_324' title='bbox 943 2515 998 2543; x_wconf 74' lang='lat' dir='ltr'><strong>(Io-</strong></span> 
     </span>
    </p>
   </div>
   <div class='ocr_carea' id='block_1_56' title="bbox 210 2562 995 2598">
    <p class='ocr_par' dir='ltr' id='par_1_56' title="bbox 210 2562 995 2598">
     <span class='ocr_line' id='line_1_56' title="bbox 210 2562 995 2598; baseline -0.001 -7"><span class='ocrx_word' id='word_1_325' title='bbox 210 2564 325 2592; x_wconf 68' lang='lat' dir='ltr'><strong>muadias</strong></span> <span class='ocrx_word' id='word_1_326' title='bbox 338 2571 444 2596; x_wconf 77' lang='lat' dir='ltr'><strong>novem,</strong></span> <span class='ocrx_word' id='word_1_327' title='bbox 462 2563 528 2590; x_wconf 77' lang='lat' dir='ltr'><strong>vicit</strong></span> <span class='ocrx_word' id='word_1_328' title='bbox 546 2562 603 2595; x_wconf 90' lang='lat' dir='ltr'><strong>bis;</strong></span> <span class='ocrx_word' id='word_1_329' title='bbox 617 2562 736 2598; x_wconf 69' lang='lat' dir='ltr'><strong>antiqua:</strong></span> <span class='ocrx_word' id='word_1_330' title='bbox 747 2562 888 2590; x_wconf 67' lang='lat' dir='ltr'><strong>cotnmdize</strong></span> <span class='ocrx_word' id='word_1_331' title='bbox 905 2567 995 2597; x_wconf 85' lang='lat' dir='ltr'><strong>poeta.</strong></span> 
     </span>
    </p>
   </div>
   <div class='ocr_carea' id='block_1_57' title="bbox 209 2608 997 2645">
    <p class='ocr_par' dir='ltr' id='par_1_57' title="bbox 209 2608 997 2645">
     <span class='ocr_line' id='line_1_57' title="bbox 209 2608 997 2645; baseline -0.004 -7"><span class='ocrx_word' id='word_1_332' title='bbox 209 2610 406 2645; x_wconf 76' lang='lat' dir='ltr'><strong>Aristophanes</strong></span> <span class='ocrx_word' id='word_1_333' title='bbox 436 2609 475 2645; x_wconf 89' lang='lat' dir='ltr'><strong>(in</strong></span> <span class='ocrx_word' id='word_1_334' title='bbox 509 2608 683 2644; x_wconf 77' lang='lat' dir='ltr'><strong>Equitibus),</strong></span> <span class='ocrx_word' id='word_1_335' title='bbox 711 2608 808 2636; x_wconf 88' lang='lat' dir='ltr'><strong>alludit</strong></span> <span class='ocrx_word' id='word_1_336' title='bbox 841 2608 874 2636; x_wconf 86' lang='lat' dir='ltr'><strong>ad</strong></span> <span class='ocrx_word' id='word_1_337' title='bbox 903 2608 997 2636; x_wconf 81' lang='lat' dir='ltr'><strong>drnma</strong></span> 
     </span>
    </p>
   </div>
   <div class='ocr_carea' id='block_1_58' title="bbox 246 2710 995 2748">
    <p class='ocr_par' dir='ltr' id='par_1_58' title="bbox 246 2710 995 2748">
     <span class='ocr_line' id='line_1_58' title="bbox 246 2710 995 2748; baseline -0.003 -8"><span class='ocrx_word' id='word_1_338' title='bbox 246 2713 301 2748; x_wconf 85' lang='lat' dir='ltr'><strong>(8i)</strong></span> <span class='ocrx_word' id='word_1_339' title='bbox 315 2712 414 2740; x_wconf 79' lang='lat' dir='ltr'><strong>Kuster</strong></span> <span class='ocrx_word' id='word_1_340' title='bbox 429 2713 455 2740; x_wconf 91' lang='lat' dir='ltr'><strong>in</strong></span> <span class='ocrx_word' id='word_1_341' title='bbox 474 2716 538 2740; x_wconf 85' lang='lat' dir='ltr'><strong>uota</strong></span> <span class='ocrx_word' id='word_1_342' title='bbox 551 2711 577 2743; x_wconf 86' lang='lat'><strong>5,</strong></span> <span class='ocrx_word' id='word_1_343' title='bbox 595 2716 662 2738; x_wconf 88' lang='lat' dir='ltr'><strong>tom.</strong></span> <span class='ocrx_word' id='word_1_344' title='bbox 679 2711 789 2748; x_wconf 44' lang='grc' dir='ltr'><strong>Ἆρες.</strong></span> <span class='ocrx_word' id='word_1_345' title='bbox 800 2710 859 2748; x_wconf 32' lang='grc'><strong>’490</strong></span> <span class='ocrx_word' id='word_1_346' title='bbox 871 2711 995 2748; x_wconf 79' lang='lat' dir='ltr'><strong>animad-</strong></span> 
     </span>
    </p>
   </div>
   <div class='ocr_carea' id='block_1_59' title="bbox 211 2745 996 2782">
    <p class='ocr_par' dir='ltr' id='par_1_59' title="bbox 211 2745 996 2782">
     <span class='ocr_line' id='line_1_59' title="bbox 211 2745 996 2782; baseline 0 -9"><span class='ocrx_word' id='word_1_347' title='bbox 211 2745 296 2774; x_wconf 41' lang='lat' dir='ltr'><strong>veitit&#39;</strong></span> <span class='ocrx_word' id='word_1_348' title='bbox 315 2749 537 2782; x_wconf 80' lang='lat' dir='ltr'><strong>antiquissimum</strong></span> <span class='ocrx_word' id='word_1_349' title='bbox 572 2748 694 2775; x_wconf 80' lang='lat' dir='ltr'><strong>codicem</strong></span> <span class='ocrx_word' id='word_1_350' title='bbox 721 2745 836 2774; x_wconf 80' lang='lat' dir='ltr'><strong>Parisin.</strong></span> <span class='ocrx_word' id='word_1_351' title='bbox 866 2747 996 2773; x_wconf 77' lang='lat' dir='ltr'><strong>exhibere</strong></span> 
     </span>
    </p>
   </div>
   <div class='ocr_carea' id='block_1_60' title="bbox 211 2782 994 2817">
    <p class='ocr_par' dir='ltr' id='par_1_60' title="bbox 211 2782 994 2817">
     <span class='ocr_line' id='line_1_60' title="bbox 211 2782 994 2817; baseline 0 -10"><span class='ocrx_word' id='word_1_352' title='bbox 211 2805 217 2815; x_wconf 77' lang='lat'><em>_</em></span> <span class='ocrx_word' id='word_1_353' title='bbox 226 2782 460 2817; x_wconf 68' lang='grc' dir='ltr'><strong>Δλωπικοννήσιος</strong></span> <span class='ocrx_word' id='word_1_354' title='bbox 471 2802 479 2814; x_wconf 82' lang='grc'><em>,</em></span> <span class='ocrx_word' id='word_1_355' title='bbox 504 2784 575 2809; x_wconf 76' lang='grc' dir='ltr'><strong>κατὰ</strong></span> <span class='ocrx_word' id='word_1_356' title='bbox 601 2783 629 2808; x_wconf 70' lang='grc' dir='ltr'><strong>δέ</strong></span> <span class='ocrx_word' id='word_1_357' title='bbox 657 2791 734 2813; x_wconf 69' lang='grc' dir='ltr'><strong>τινας</strong></span> <span class='ocrx_word' id='word_1_358' title='bbox 766 2782 914 2817; x_wconf 62' lang='grc' dir='ltr'><strong>Πρᾳικθννή</strong></span> <span class='ocrx_word' id='word_1_359' title='bbox 920 2789 975 2812; x_wconf 69' lang='lat' dir='ltr'><strong>Sto;</strong></span> <span class='ocrx_word' id='word_1_360' title='bbox 987 2790 994 2797; x_wconf 89' lang='grc'>·</span> 
     </span>
    </p>
   </div>
   <div class='ocr_carea' id='block_1_61' title="bbox 212 2816 997 2852">
    <p class='ocr_par' dir='ltr' id='par_1_61' title="bbox 212 2816 997 2852">
     <span class='ocr_line' id='line_1_61' title="bbox 212 2816 997 2852; baseline 0.001 -10"><span class='ocrx_word' id='word_1_361' title='bbox 212 2823 329 2852; x_wconf 82' lang='lat' dir='ltr'><strong>_\&#39;ereque</strong></span> <span class='ocrx_word' id='word_1_362' title='bbox 349 2818 377 2851; x_wconf 84' lang='lat' dir='ltr'><strong>ju</strong></span> <span class='ocrx_word' id='word_1_363' title='bbox 391 2816 464 2850; x_wconf 74' lang='lat' dir='ltr'><strong>lirat,</strong></span> <span class='ocrx_word' id='word_1_364' title='bbox 487 2818 638 2852; x_wconf 76' lang='lat' dir='ltr'><strong>posteriora</strong></span> <span class='ocrx_word' id='word_1_365' title='bbox 658 2818 740 2844; x_wconf 84' lang='lat' dir='ltr'><strong>verba</strong></span> <span class='ocrx_word' id='word_1_366' title='bbox 765 2825 779 2843; x_wconf 89' lang='lat' dir='ltr'><strong>a</strong></span> <span class='ocrx_word' id='word_1_367' title='bbox 806 2816 997 2843; x_wconf 77' lang='lat' dir='ltr'><strong>icstinantihns</strong></span> 
     </span>
    </p>
   </div>
   <div class='ocr_carea' id='block_1_62' title="bbox 211 2849 995 2887">
    <p class='ocr_par' dir='ltr' id='par_1_62' title="bbox 211 2849 995 2887">
     <span class='ocr_line' id='line_1_62' title="bbox 211 2849 995 2887; baseline 0.003 -11"><span class='ocrx_word' id='word_1_368' title='bbox 211 2849 332 2879; x_wconf 82' lang='lat' dir='ltr'><strong>librariis</strong></span> <span class='ocrx_word' id='word_1_369' title='bbox 344 2849 446 2879; x_wconf 76' lang='lat' dir='ltr'><strong>omissa</strong></span> <span class='ocrx_word' id='word_1_370' title='bbox 459 2849 544 2879; x_wconf 81' lang='lat' dir='ltr'><strong>fuisse</strong></span> <span class='ocrx_word' id='word_1_371' title='bbox 557 2858 666 2887; x_wconf 84' lang='lat' dir='ltr'><strong>propter</strong></span> <span class='ocrx_word' id='word_1_372' title='bbox 682 2853 800 2879; x_wconf 79' lang='lat' dir='ltr'><strong>similem</strong></span> <span class='ocrx_word' id='word_1_373' title='bbox 818 2860 875 2878; x_wconf 87' lang='lat' dir='ltr'><strong>voc.</strong></span> <span class='ocrx_word' id='word_1_374' title='bbox 895 2852 995 2878; x_wconf 60' lang='grc' dir='ltr'><strong>’Λὶωτλ</strong></span> 
     </span>
    </p>
   </div>
   <div class='ocr_carea' id='block_1_63' title="bbox 1041 232 1843 268">
    <p class='ocr_par' dir='ltr' id='par_1_63' title="bbox 1041 232 1843 268">
     <span class='ocr_line' id='line_1_63' title="bbox 1041 232 1843 268; baseline 0.004 -9"><span class='ocrx_word' id='word_1_375' title='bbox 1041 232 1144 263; x_wconf 65' lang='grc' dir='ltr'>Λυδοὺς</span> <span class='ocrx_word' id='word_1_376' title='bbox 1163 232 1262 268; x_wconf 70' lang='lat' dir='ltr'><strong>(Supra</strong></span> <span class='ocrx_word' id='word_1_377' title='bbox 1276 232 1354 268; x_wconf 80' lang='lat' dir='ltr'><strong>Lydi)</strong></span> <span class='ocrx_word' id='word_1_378' title='bbox 1369 238 1395 260; x_wconf 67' lang='lat' dir='ltr'><strong>rt</strong></span> <span class='ocrx_word' id='word_1_379' title='bbox 1409 232 1503 266; x_wconf 75' lang='grc' dir='ltr'>Ψῆνας</span> <span class='ocrx_word' id='word_1_380' title='bbox 1517 238 1545 260; x_wconf 83' lang='grc' dir='ltr'><strong>ει</strong></span> <span class='ocrx_word' id='word_1_381' title='bbox 1559 233 1727 268; x_wconf 61' lang='lat' dir='ltr'><strong>Bupalo-4;.</strong></span> <span class='ocrx_word' id='word_1_382' title='bbox 1743 234 1843 262; x_wconf 75' lang='lat' dir='ltr'><strong>Genius</strong></span> 
     </span>
    </p>
   </div>
   <div class='ocr_carea' id='block_1_64' title="bbox 1042 279 1841 315">
    <p class='ocr_par' dir='ltr' id='par_1_64' title="bbox 1042 279 1841 315">
     <span class='ocr_line' id='line_1_64' title="bbox 1042 279 1841 315; baseline 0.005 -10"><span class='ocrx_word' id='word_1_383' title='bbox 1042 283 1132 306; x_wconf 84' lang='lat' dir='ltr'><strong>autem</strong></span> <span class='ocrx_word' id='word_1_384' title='bbox 1149 279 1251 306; x_wconf 90' lang='lat' dir='ltr'><strong>coloris</strong></span> <span class='ocrx_word' id='word_1_385' title='bbox 1266 284 1308 307; x_wconf 88' lang='lat' dir='ltr'><strong>est</strong></span> <span class='ocrx_word' id='word_1_386' title='bbox 1324 279 1490 315; x_wconf 73' lang='grc' dir='ltr'><strong>Βιτράχιον,</strong></span> <span class='ocrx_word' id='word_1_387' title='bbox 1501 287 1557 314; x_wconf 91' lang='lat' dir='ltr'><strong>quo</strong></span> <span class='ocrx_word' id='word_1_388' title='bbox 1571 279 1719 308; x_wconf 70' lang='lat' dir='ltr'><strong>histriones</strong></span> <span class='ocrx_word' id='word_1_389' title='bbox 1738 281 1841 309; x_wconf 74' lang='lat' dir='ltr'><strong>faciem</strong></span> 
     </span>
    </p>
   </div>
   <div class='ocr_carea' id='block_1_65' title="bbox 1043 324 1842 362">
    <p class='ocr_par' dir='ltr' id='par_1_65' title="bbox 1043 324 1842 362">
     <span class='ocr_line' id='line_1_65' title="bbox 1043 324 1842 362; baseline 0.005 -11"><span class='ocrx_word' id='word_1_390' title='bbox 1043 324 1196 358; x_wconf 75' lang='lat' dir='ltr'><strong>illincbant,</strong></span> <span class='ocrx_word' id='word_1_391' title='bbox 1234 330 1382 361; x_wconf 77' lang='lat' dir='ltr'><strong>antequam</strong></span> <span class='ocrx_word' id='word_1_392' title='bbox 1425 327 1563 354; x_wconf 72' lang='lat' dir='ltr'><strong>latr-arum</strong></span> <span class='ocrx_word' id='word_1_393' title='bbox 1601 334 1669 354; x_wconf 83' lang='lat' dir='ltr'><strong>usus</strong></span> <span class='ocrx_word' id='word_1_394' title='bbox 1711 333 1842 362; x_wconf 77' lang='lat' dir='ltr'><strong>repertus</strong></span> 
     </span>
    </p>
   </div>
   <div class='ocr_carea' id='block_1_66' title="bbox 1043 376 1126 398">
    <p class='ocr_par' dir='ltr' id='par_1_66' title="bbox 1043 376 1126 398">
     <span class='ocr_line' id='line_1_66' title="bbox 1043 376 1126 398; baseline 0 -1"><span class='ocrx_word' id='word_1_395' title='bbox 1043 376 1126 398; x_wconf 84' lang='lat' dir='ltr'><strong>esset.</strong></span> 
     </span>
    </p>
   </div>
   <div class='ocr_carea' id='block_1_67' title="bbox 1084 416 1841 454">
    <p class='ocr_par' dir='ltr' id='par_1_67' title="bbox 1084 416 1841 454">
     <span class='ocr_line' id='line_1_67' title="bbox 1084 416 1841 454; baseline 0.007 -11"><span class='ocrx_word' id='word_1_396' title='bbox 1084 416 1206 452; x_wconf 77' lang='lat' dir='ltr'><strong>Magnus.</strong></span> <span class='ocrx_word' id='word_1_397' title='bbox 1223 418 1263 446; x_wconf 86' lang='lat' dir='ltr'><strong>vir</strong></span> <span class='ocrx_word' id='word_1_398' title='bbox 1290 417 1459 454; x_wconf 59' lang='lat' dir='ltr'><strong>Smyrnaeus.</strong></span> <span class='ocrx_word' id='word_1_399' title='bbox 1479 419 1556 454; x_wconf 87' lang='lat' dir='ltr'><strong>poesi</strong></span> <span class='ocrx_word' id='word_1_400' title='bbox 1582 423 1611 446; x_wconf 78' lang='lat' dir='ltr'><strong>ct</strong></span> <span class='ocrx_word' id='word_1_401' title='bbox 1638 419 1746 447; x_wconf 78' lang='lat' dir='ltr'><strong>musica</strong></span> <span class='ocrx_word' id='word_1_402' title='bbox 1779 425 1841 448; x_wconf 74' lang='lat' dir='ltr'><strong>arte</strong></span> 
     </span>
    </p>
   </div>
   <div class='ocr_carea' id='block_1_68' title="bbox 1043 464 1842 500">
    <p class='ocr_par' dir='ltr' id='par_1_68' title="bbox 1043 464 1842 500">
     <span class='ocr_line' id='line_1_68' title="bbox 1043 464 1842 500; baseline 0.005 -10"><span class='ocrx_word' id='word_1_403' title='bbox 1043 464 1170 498; x_wconf 75' lang='lat' dir='ltr'><strong>insignis,</strong></span> <span class='ocrx_word' id='word_1_404' title='bbox 1190 465 1318 499; x_wconf 83' lang='lat' dir='ltr'><strong>idemque</strong></span> <span class='ocrx_word' id='word_1_405' title='bbox 1342 465 1430 492; x_wconf 75' lang='lat' dir='ltr'><strong>forma</strong></span> <span class='ocrx_word' id='word_1_406' title='bbox 1460 466 1580 500; x_wconf 70' lang='lat' dir='ltr'><strong>egregia,</strong></span> <span class='ocrx_word' id='word_1_407' title='bbox 1597 466 1680 494; x_wconf 76' lang='lat' dir='ltr'><strong>nrbes</strong></span> <span class='ocrx_word' id='word_1_408' title='bbox 1702 467 1842 494; x_wconf 71' lang='lat' dir='ltr'><strong>circuiltat</strong></span> 
     </span>
    </p>
   </div>
   <div class='ocr_carea' id='block_1_69' title="bbox 1042 511 1841 546">
    <p class='ocr_par' dir='ltr' id='par_1_69' title="bbox 1042 511 1841 546">
     <span class='ocr_line' id='line_1_69' title="bbox 1042 511 1841 546; baseline 0.003 -8"><span class='ocrx_word' id='word_1_409' title='bbox 1042 515 1069 538; x_wconf 89' lang='lat' dir='ltr'><strong>et</strong></span> <span class='ocrx_word' id='word_1_410' title='bbox 1088 511 1209 538; x_wconf 83' lang='lat' dir='ltr'><strong>carmina</strong></span> <span class='ocrx_word' id='word_1_411' title='bbox 1237 519 1286 538; x_wconf 86' lang='lat' dir='ltr'><strong>sua</strong></span> <span class='ocrx_word' id='word_1_412' title='bbox 1321 511 1429 546; x_wconf 78' lang='lat' dir='ltr'><strong>publice</strong></span> <span class='ocrx_word' id='word_1_413' title='bbox 1459 512 1602 539; x_wconf 83' lang='lat' dir='ltr'><strong>recitabat.</strong></span> <span class='ocrx_word' id='word_1_414' title='bbox 1627 511 1714 546; x_wconf 82' lang='lat' dir='ltr'><strong>Hujus</strong></span> <span class='ocrx_word' id='word_1_415' title='bbox 1743 520 1841 540; x_wconf 81' lang='lat' dir='ltr'><strong>amore</strong></span> 
     </span>
    </p>
   </div>
   <div class='ocr_carea' id='block_1_70' title="bbox 1044 556 1795 592">
    <p class='ocr_par' dir='ltr' id='par_1_70' title="bbox 1044 556 1795 592">
     <span class='ocr_line' id='line_1_70' title="bbox 1044 556 1795 592; baseline 0.003 -9"><span class='ocrx_word' id='word_1_416' title='bbox 1044 561 1099 583; x_wconf 89' lang='lat' dir='ltr'><strong>tum</strong></span> <span class='ocrx_word' id='word_1_417' title='bbox 1119 556 1164 583; x_wconf 86' lang='lat' dir='ltr'><strong>alii</strong></span> <span class='ocrx_word' id='word_1_418' title='bbox 1179 557 1269 589; x_wconf 90' lang='lat' dir='ltr'><strong>multi,</strong></span> <span class='ocrx_word' id='word_1_419' title='bbox 1284 561 1340 584; x_wconf 91' lang='lat' dir='ltr'><strong>tum</strong></span> <span class='ocrx_word' id='word_1_420' title='bbox 1355 557 1443 592; x_wconf 68' lang='lat' dir='ltr'><strong>Gyges</strong></span> <span class='ocrx_word' id='word_1_421' title='bbox 1458 558 1577 585; x_wconf 77' lang='lat' dir='ltr'><strong>maxime</strong></span> <span class='ocrx_word' id='word_1_422' title='bbox 1596 558 1721 591; x_wconf 83' lang='lat' dir='ltr'><strong>ardebat,</strong></span> <span class='ocrx_word' id='word_1_423' title='bbox 1739 564 1795 586; x_wconf 83' lang='lat' dir='ltr'><strong>etc.</strong></span> 
     </span>
    </p>
   </div>
   <div class='ocr_carea' id='block_1_71' title="bbox 1083 602 1840 640">
    <p class='ocr_par' dir='ltr' id='par_1_71' title="bbox 1083 602 1840 640">
     <span class='ocr_line' id='line_1_71' title="bbox 1083 602 1840 640; baseline 0.004 -11"><span class='ocrx_word' id='word_1_424' title='bbox 1083 602 1168 630; x_wconf 85' lang='lat' dir='ltr'><strong>Maior</strong></span> <span class='ocrx_word' id='word_1_425' title='bbox 1194 603 1326 638; x_wconf 75' lang='grc' dir='ltr'><strong>(Μαίωρ),</strong></span> <span class='ocrx_word' id='word_1_426' title='bbox 1353 604 1482 635; x_wconf 80' lang='lat' dir='ltr'><strong>Arabius.</strong></span> <span class='ocrx_word' id='word_1_427' title='bbox 1503 605 1643 638; x_wconf 83' lang='lat' dir='ltr'><strong>Sopltista,</strong></span> <span class='ocrx_word' id='word_1_428' title='bbox 1669 606 1785 640; x_wconf 85' lang='lat' dir='ltr'><strong>scripsit</strong></span> <span class='ocrx_word' id='word_1_429' title='bbox 1804 605 1840 632; x_wconf 83' lang='lat' dir='ltr'><strong>De</strong></span> 
     </span>
    </p>
   </div>
   <div class='ocr_carea' id='block_1_72' title="bbox 1043 649 1841 686">
    <p class='ocr_par' dir='ltr' id='par_1_72' title="bbox 1043 649 1841 686">
     <span class='ocr_line' id='line_1_72' title="bbox 1043 649 1841 686; baseline 0.004 -11"><span class='ocrx_word' id='word_1_430' title='bbox 1043 649 1156 676; x_wconf 67' lang='lat' dir='ltr'><strong>statibus</strong></span> <span class='ocrx_word' id='word_1_431' title='bbox 1187 658 1328 676; x_wconf 76' lang='lat' dir='ltr'><strong>causarum</strong></span> <span class='ocrx_word' id='word_1_432' title='bbox 1367 651 1447 677; x_wconf 59' lang='lat' dir='ltr'><strong>libros</strong></span> <span class='ocrx_word' id='word_1_433' title='bbox 1490 650 1578 678; x_wconf 80' lang='lat' dir='ltr'><strong><em>XIII.</em></strong></span> <span class='ocrx_word' id='word_1_434' title='bbox 1612 651 1686 678; x_wconf 84' lang='lat' dir='ltr'><strong>idem</strong></span> <span class='ocrx_word' id='word_1_435' title='bbox 1724 653 1841 686; x_wconf 69' lang='lat' dir='ltr'><strong>aequalis</strong></span> 
     </span>
    </p>
   </div>
   <div class='ocr_carea' id='block_1_73' title="bbox 1043 696 1840 732">
    <p class='ocr_par' dir='ltr' id='par_1_73' title="bbox 1043 696 1840 732">
     <span class='ocr_line' id='line_1_73' title="bbox 1043 696 1840 732; baseline 0.003 -9"><span class='ocrx_word' id='word_1_436' title='bbox 1043 696 1152 730; x_wconf 73' lang='lat' dir='ltr'><strong>Apsina:</strong></span> <span class='ocrx_word' id='word_1_437' title='bbox 1172 702 1199 723; x_wconf 83' lang='lat' dir='ltr'><strong>ct</strong></span> <span class='ocrx_word' id='word_1_438' title='bbox 1222 696 1365 732; x_wconf 68' lang='lat' dir='ltr'><strong>Nicagnrm</strong></span> <span class='ocrx_word' id='word_1_439' title='bbox 1388 697 1440 723; x_wconf 82' lang='lat' dir='ltr'><strong>sub</strong></span> <span class='ocrx_word' id='word_1_440' title='bbox 1460 696 1598 732; x_wconf 78' lang='lat' dir='ltr'><strong>Philippo,</strong></span> <span class='ocrx_word' id='word_1_441' title='bbox 1613 697 1794 732; x_wconf 80' lang='lat' dir='ltr'><strong>imperatore.</strong></span> <span class='ocrx_word' id='word_1_442' title='bbox 1812 705 1840 725; x_wconf 75' lang='lat' dir='ltr'><strong>et</strong></span> 
     </span>
    </p>
   </div>
   <div class='ocr_carea' id='block_1_74' title="bbox 1044 748 1119 770">
    <p class='ocr_par' dir='ltr' id='par_1_74' title="bbox 1044 748 1119 770">
     <span class='ocr_line' id='line_1_74' title="bbox 1044 748 1119 770; baseline 0 -1"><span class='ocrx_word' id='word_1_443' title='bbox 1044 748 1119 770; x_wconf 84' lang='lat' dir='ltr'><strong>ante.</strong></span> 
     </span>
    </p>
   </div>
   <div class='ocr_carea' id='block_1_75' title="bbox 1085 790 1840 826">
    <p class='ocr_par' dir='ltr' id='par_1_75' title="bbox 1085 790 1840 826">
     <span class='ocr_line' id='line_1_75' title="bbox 1085 790 1840 826; baseline 0.003 -9"><span class='ocrx_word' id='word_1_444' title='bbox 1085 790 1218 822; x_wconf 85' lang='lat' dir='ltr'><strong>Malchus,</strong></span> <span class='ocrx_word' id='word_1_445' title='bbox 1236 790 1392 826; x_wconf 84' lang='lat' dir='ltr'><strong>Byzantius,</strong></span> <span class='ocrx_word' id='word_1_446' title='bbox 1406 791 1543 825; x_wconf 78' lang='lat' dir='ltr'><strong>Snphista.</strong></span> <span class='ocrx_word' id='word_1_447' title='bbox 1557 791 1675 826; x_wconf 78' lang='lat' dir='ltr'><strong>Scripsit</strong></span> <span class='ocrx_word' id='word_1_448' title='bbox 1688 791 1840 819; x_wconf 72' lang='lat' dir='ltr'><strong>Historia-</strong></span> 
     </span>
    </p>
   </div>
   <div class='ocr_carea' id='block_1_76' title="bbox 1011 837 1837 886">
    <p class='ocr_par' dir='ltr' id='par_1_76' title="bbox 1011 837 1837 886">
     <span class='ocr_line' id='line_1_76' title="bbox 1011 837 1837 886; baseline 0.002 -23"><span class='ocrx_word' id='word_1_449' title='bbox 1011 859 1030 886; x_wconf 65' lang='grc' dir='ltr'><strong>Β</strong></span> <span class='ocrx_word' id='word_1_450' title='bbox 1046 837 1081 864; x_wconf 88' lang='lat' dir='ltr'><strong>ab</strong></span> <span class='ocrx_word' id='word_1_451' title='bbox 1105 837 1221 872; x_wconf 87' lang='lat' dir='ltr'><strong>imperio</strong></span> <span class='ocrx_word' id='word_1_452' title='bbox 1244 837 1417 864; x_wconf 80' lang='lat' dir='ltr'><strong>Constantini</strong></span> <span class='ocrx_word' id='word_1_453' title='bbox 1434 845 1522 872; x_wconf 87' lang='lat' dir='ltr'><strong>usque</strong></span> <span class='ocrx_word' id='word_1_454' title='bbox 1545 838 1579 865; x_wconf 88' lang='lat' dir='ltr'><strong>ad</strong></span> <span class='ocrx_word' id='word_1_455' title='bbox 1603 839 1793 869; x_wconf 78' lang='lat' dir='ltr'><strong>Anastasium,</strong></span> <span class='ocrx_word' id='word_1_456' title='bbox 1810 841 1837 865; x_wconf 83' lang='lat' dir='ltr'><strong>in</strong></span> 
     </span>
    </p>
   </div>
   <div class='ocr_carea' id='block_1_77' title="bbox 1048 883 1837 919">
    <p class='ocr_par' dir='ltr' id='par_1_77' title="bbox 1048 883 1837 919">
     <span class='ocr_line' id='line_1_77' title="bbox 1048 883 1837 919; baseline 0.004 -12"><span class='ocrx_word' id='word_1_457' title='bbox 1048 890 1101 918; x_wconf 87' lang='lat' dir='ltr'><strong>qua</strong></span> <span class='ocrx_word' id='word_1_458' title='bbox 1118 888 1263 918; x_wconf 73' lang='lat' dir='ltr'><strong>res’gestas</strong></span> <span class='ocrx_word' id='word_1_459' title='bbox 1283 883 1402 910; x_wconf 85' lang='lat' dir='ltr'><strong>Zenonis</strong></span> <span class='ocrx_word' id='word_1_460' title='bbox 1423 888 1451 910; x_wconf 90' lang='lat' dir='ltr'><strong>ct</strong></span> <span class='ocrx_word' id='word_1_461' title='bbox 1466 883 1587 910; x_wconf 85' lang='lat' dir='ltr'><strong>Basilisci</strong></span> <span class='ocrx_word' id='word_1_462' title='bbox 1602 890 1628 911; x_wconf 87' lang='lat' dir='ltr'><strong>et</strong></span> <span class='ocrx_word' id='word_1_463' title='bbox 1644 883 1837 919; x_wconf 79' lang='lat' dir='ltr'><strong>conﬂagratio-</strong></span> 
     </span>
    </p>
   </div>
   <div class='ocr_carea' id='block_1_78' title="bbox 1049 930 1838 965">
    <p class='ocr_par' dir='ltr' id='par_1_78' title="bbox 1049 930 1838 965">
     <span class='ocr_line' id='line_1_78' title="bbox 1049 930 1838 965; baseline 0 -9"><span class='ocrx_word' id='word_1_464' title='bbox 1049 937 1110 956; x_wconf 83' lang='lat' dir='ltr'><strong>nem</strong></span> <span class='ocrx_word' id='word_1_465' title='bbox 1127 930 1242 965; x_wconf 72' lang='lat' dir='ltr'><strong>publica:</strong></span> <span class='ocrx_word' id='word_1_466' title='bbox 1262 930 1435 956; x_wconf 66' lang='lat' dir='ltr'><strong>bibliotheca:</strong></span> <span class='ocrx_word' id='word_1_467' title='bbox 1448 934 1476 956; x_wconf 91' lang='lat' dir='ltr'><strong>et</strong></span> <span class='ocrx_word' id='word_1_468' title='bbox 1489 934 1645 957; x_wconf 78' lang='lat' dir='ltr'><strong>statuarum</strong></span> <span class='ocrx_word' id='word_1_469' title='bbox 1667 930 1838 965; x_wconf 77' lang='lat' dir='ltr'><strong>Augustalis.</strong></span> 
     </span>
    </p>
   </div>
   <div class='ocr_carea' id='block_1_79' title="bbox 1048 975 1838 1011">
    <p class='ocr_par' dir='ltr' id='par_1_79' title="bbox 1048 975 1838 1011">
     <span class='ocr_line' id='line_1_79' title="bbox 1048 975 1838 1011; baseline 0 -9"><span class='ocrx_word' id='word_1_470' title='bbox 1048 979 1075 1002; x_wconf 83' lang='lat' dir='ltr'><strong>et</strong></span> <span class='ocrx_word' id='word_1_471' title='bbox 1087 975 1144 1002; x_wconf 81' lang='lat' dir='ltr'><strong>alia</strong></span> <span class='ocrx_word' id='word_1_472' title='bbox 1170 975 1293 1010; x_wconf 71' lang='lat' dir='ltr'><strong>quredam</strong></span> <span class='ocrx_word' id='word_1_473' title='bbox 1322 980 1529 1007; x_wconf 84' lang='lat' dir='ltr'><strong>commemorat,</strong></span> <span class='ocrx_word' id='word_1_474' title='bbox 1555 975 1627 1011; x_wconf 78' lang='lat' dir='ltr'><strong>stylo</strong></span> <span class='ocrx_word' id='word_1_475' title='bbox 1646 981 1726 1003; x_wconf 90' lang='lat' dir='ltr'><strong>utens</strong></span> <span class='ocrx_word' id='word_1_476' title='bbox 1749 977 1838 1010; x_wconf 58' lang='lat' dir='ltr'><strong>gravi.</strong></span> 
     </span>
    </p>
   </div>
   <div class='ocr_carea' id='block_1_80' title="bbox 1048 1021 1785 1057">
    <p class='ocr_par' dir='ltr' id='par_1_80' title="bbox 1048 1021 1785 1057">
     <span class='ocr_line' id='line_1_80' title="bbox 1048 1021 1785 1057; baseline 0 -9"><span class='ocrx_word' id='word_1_477' title='bbox 1048 1026 1075 1049; x_wconf 87' lang='lat' dir='ltr'><strong>ct</strong></span> <span class='ocrx_word' id='word_1_478' title='bbox 1090 1022 1183 1056; x_wconf 76' lang='lat' dir='ltr'><strong>tragici</strong></span> <span class='ocrx_word' id='word_1_479' title='bbox 1199 1022 1285 1049; x_wconf 81' lang='lat' dir='ltr'><strong>instar</strong></span> <span class='ocrx_word' id='word_1_480' title='bbox 1300 1029 1332 1049; x_wconf 85' lang='lat' dir='ltr'><strong>ea</strong></span> <span class='ocrx_word' id='word_1_481' title='bbox 1345 1029 1406 1057; x_wconf 71' lang='lat' dir='ltr'><strong>qua:</strong></span> <span class='ocrx_word' id='word_1_482' title='bbox 1427 1021 1588 1049; x_wconf 84' lang='lat' dir='ltr'><strong>acciderunt</strong></span> <span class='ocrx_word' id='word_1_483' title='bbox 1603 1029 1785 1057; x_wconf 80' lang='lat' dir='ltr'><strong>exaggerans.</strong></span> 
     </span>
    </p>
   </div>
   <div class='ocr_carea' id='block_1_81' title="bbox 1085 1077 1838 1114">
    <p class='ocr_par' dir='ltr' id='par_1_81' title="bbox 1085 1077 1838 1114">
     <span class='ocr_line' id='line_1_81' title="bbox 1085 1077 1838 1114; baseline 0 -10"><span class='ocrx_word' id='word_1_484' title='bbox 1085 1078 1192 1104; x_wconf 77' lang='grc' dir='ltr'><strong>Μᾶλλον</strong></span> <span class='ocrx_word' id='word_1_485' title='bbox 1218 1079 1232 1104; x_wconf 77' lang='grc' dir='ltr'>ὁ</span> <span class='ocrx_word' id='word_1_486' title='bbox 1256 1077 1340 1114; x_wconf 82' lang='grc' dir='ltr'>Φρύξ.</span> <span class='ocrx_word' id='word_1_487' title='bbox 1367 1077 1474 1112; x_wconf 73' lang='lat' dir='ltr'><strong>Septem</strong></span> <span class='ocrx_word' id='word_1_488' title='bbox 1501 1078 1638 1112; x_wconf 83' lang='lat' dir='ltr'><strong>sapientes</strong></span> <span class='ocrx_word' id='word_1_489' title='bbox 1664 1077 1797 1107; x_wconf 68' lang='lat' dir='ltr'><strong>Graeciaa.</strong></span> <span class='ocrx_word' id='word_1_490' title='bbox 1823 1085 1838 1104; x_wconf 83' lang='lat' dir='ltr'><strong>a</strong></span> 
     </span>
    </p>
   </div>
   <div class='ocr_carea' id='block_1_82' title="bbox 1049 1124 1841 1159">
    <p class='ocr_par' dir='ltr' id='par_1_82' title="bbox 1049 1124 1841 1159">
     <span class='ocr_line' id='line_1_82' title="bbox 1049 1124 1841 1159; baseline -0.001 -6"><span class='ocrx_word' id='word_1_491' title='bbox 1049 1126 1144 1153; x_wconf 63' lang='lat' dir='ltr'><strong>Croeso</strong></span> <span class='ocrx_word' id='word_1_492' title='bbox 1161 1124 1332 1159; x_wconf 80' lang='lat' dir='ltr'><strong>interrogati,</strong></span> <span class='ocrx_word' id='word_1_493' title='bbox 1353 1124 1414 1158; x_wconf 92' lang='lat' dir='ltr'><strong>quis</strong></span> <span class='ocrx_word' id='word_1_494' title='bbox 1424 1124 1546 1151; x_wconf 87' lang='lat' dir='ltr'><strong>omnium</strong></span> <span class='ocrx_word' id='word_1_495' title='bbox 1560 1129 1632 1152; x_wconf 85' lang='lat' dir='ltr'><strong>esset</strong></span> <span class='ocrx_word' id='word_1_496' title='bbox 1643 1124 1841 1152; x_wconf 80' lang='lat' dir='ltr'><strong>beatissimus?</strong></span> 
     </span>
    </p>
   </div>
   <div class='ocr_carea' id='block_1_83' title="bbox 1050 1169 1841 1206">
    <p class='ocr_par' dir='ltr' id='par_1_83' title="bbox 1050 1169 1841 1206">
     <span class='ocr_line' id='line_1_83' title="bbox 1050 1169 1841 1206; baseline -0.001 -7"><span class='ocrx_word' id='word_1_497' title='bbox 1050 1172 1096 1199; x_wconf 89' lang='lat' dir='ltr'><strong>alii</strong></span> <span class='ocrx_word' id='word_1_498' title='bbox 1116 1171 1323 1206; x_wconf 88' lang='lat' dir='ltr'><strong>responderunt,</strong></span> <span class='ocrx_word' id='word_1_499' title='bbox 1344 1169 1417 1198; x_wconf 83' lang='lat' dir='ltr'><strong>feras</strong></span> <span class='ocrx_word' id='word_1_500' title='bbox 1442 1171 1611 1204; x_wconf 83' lang='lat' dir='ltr'><strong>animantes,</strong></span> <span class='ocrx_word' id='word_1_501' title='bbox 1632 1179 1680 1198; x_wconf 87' lang='lat' dir='ltr'><strong>cas</strong></span> <span class='ocrx_word' id='word_1_502' title='bbox 1699 1171 1772 1198; x_wconf 89' lang='lat' dir='ltr'><strong>enim</strong></span> <span class='ocrx_word' id='word_1_503' title='bbox 1792 1179 1841 1205; x_wconf 67' lang='lat' dir='ltr'><strong>pro</strong></span> 
     </span>
    </p>
   </div>
   <div class='ocr_carea' id='block_1_84' title="bbox 1050 1216 1840 1252">
    <p class='ocr_par' dir='ltr' id='par_1_84' title="bbox 1050 1216 1840 1252">
     <span class='ocr_line' id='line_1_84' title="bbox 1050 1216 1840 1252; baseline -0.003 -7"><span class='ocrx_word' id='word_1_504' title='bbox 1050 1219 1176 1245; x_wconf 74' lang='lat' dir='ltr'><strong>libertate</strong></span> <span class='ocrx_word' id='word_1_505' title='bbox 1191 1218 1259 1244; x_wconf 86' lang='lat' dir='ltr'><strong>mori</strong></span> <span class='ocrx_word' id='word_1_506' title='bbox 1276 1225 1283 1250; x_wconf 85' lang='lat'><strong>;</strong></span> <span class='ocrx_word' id='word_1_507' title='bbox 1306 1216 1350 1243; x_wconf 88' lang='lat' dir='ltr'><strong>alii</strong></span> <span class='ocrx_word' id='word_1_508' title='bbox 1367 1217 1499 1248; x_wconf 86' lang='lat' dir='ltr'><strong>ciconias,</strong></span> <span class='ocrx_word' id='word_1_509' title='bbox 1517 1224 1564 1243; x_wconf 71' lang='lat' dir='ltr'><strong>cas</strong></span> <span class='ocrx_word' id='word_1_510' title='bbox 1581 1218 1682 1252; x_wconf 80' lang='lat' dir='ltr'><strong>quippe</strong></span> <span class='ocrx_word' id='word_1_511' title='bbox 1698 1217 1757 1244; x_wconf 82' lang='lat' dir='ltr'><strong>sine</strong></span> <span class='ocrx_word' id='word_1_512' title='bbox 1773 1217 1840 1251; x_wconf 71' lang='lat' dir='ltr'><strong>lege,</strong></span> 
     </span>
    </p>
   </div>
   <div class='ocr_carea' id='block_1_85' title="bbox 1050 1262 1840 1297">
    <p class='ocr_par' dir='ltr' id='par_1_85' title="bbox 1050 1262 1840 1297">
     <span class='ocr_line' id='line_1_85' title="bbox 1050 1262 1840 1297; baseline -0.001 -6"><span class='ocrx_word' id='word_1_513' title='bbox 1050 1264 1119 1291; x_wconf 87' lang='lat' dir='ltr'><strong>duce</strong></span> <span class='ocrx_word' id='word_1_514' title='bbox 1135 1268 1242 1295; x_wconf 87' lang='lat' dir='ltr'><strong>natura,</strong></span> <span class='ocrx_word' id='word_1_515' title='bbox 1255 1262 1389 1297; x_wconf 88' lang='lat' dir='ltr'><strong>justitiam</strong></span> <span class='ocrx_word' id='word_1_516' title='bbox 1407 1263 1514 1295; x_wconf 81' lang='lat' dir='ltr'><strong>colere;</strong></span> <span class='ocrx_word' id='word_1_517' title='bbox 1533 1262 1617 1289; x_wconf 77' lang='lat' dir='ltr'><strong>Solon</strong></span> <span class='ocrx_word' id='word_1_518' title='bbox 1632 1271 1696 1290; x_wconf 81' lang='lat' dir='ltr'><strong>vero</strong></span> <span class='ocrx_word' id='word_1_519' title='bbox 1709 1263 1778 1290; x_wconf 72' lang='lat' dir='ltr'><strong>dixit</strong></span> <span class='ocrx_word' id='word_1_520' title='bbox 1795 1271 1840 1291; x_wconf 83' lang='lat' dir='ltr'><strong>nc-</strong></span> 
     </span>
    </p>
   </div>
   <div class='ocr_carea' id='block_1_86' title="bbox 1051 1307 1840 1344">
    <p class='ocr_par' dir='ltr' id='par_1_86' title="bbox 1051 1307 1840 1344">
     <span class='ocr_line' id='line_1_86' title="bbox 1051 1307 1840 1344; baseline -0.003 -7"><span class='ocrx_word' id='word_1_521' title='bbox 1051 1310 1152 1337; x_wconf 88' lang='lat' dir='ltr'><strong>minem</strong></span> <span class='ocrx_word' id='word_1_522' title='bbox 1170 1314 1233 1336; x_wconf 86' lang='lat' dir='ltr'><strong>ante</strong></span> <span class='ocrx_word' id='word_1_523' title='bbox 1248 1309 1364 1336; x_wconf 86' lang='lat' dir='ltr'><strong>obitum.</strong></span> <span class='ocrx_word' id='word_1_524' title='bbox 1383 1307 1461 1335; x_wconf 87' lang='lat' dir='ltr'><strong>Tunc</strong></span> <span class='ocrx_word' id='word_1_525' title='bbox 1480 1313 1574 1335; x_wconf 79' lang='lat' dir='ltr'><strong>astans</strong></span> <span class='ocrx_word' id='word_1_526' title='bbox 1592 1307 1733 1344; x_wconf 52' lang='lat' dir='ltr'><strong>isopus,</strong></span> <span class='ocrx_word' id='word_1_527' title='bbox 1761 1308 1840 1335; x_wconf 80' lang='lat' dir='ltr'><strong>fabu-</strong></span> 
     </span>
    </p>
   </div>
   <div class='ocr_carea' id='block_1_87' title="bbox 1051 1355 1839 1390">
    <p class='ocr_par' dir='ltr' id='par_1_87' title="bbox 1051 1355 1839 1390">
     <span class='ocr_line' id='line_1_87' title="bbox 1051 1355 1839 1390; baseline -0.001 -7"><span class='ocrx_word' id='word_1_528' title='bbox 1051 1357 1119 1384; x_wconf 88' lang='lat' dir='ltr'><strong>lator</strong></span> <span class='ocrx_word' id='word_1_529' title='bbox 1136 1365 1143 1383; x_wconf 86' lang='lat'><strong>:</strong></span> <span class='ocrx_word' id='word_1_530' title='bbox 1161 1355 1291 1388; x_wconf 83' lang='lat' dir='ltr'><strong>Tantum,</strong></span> <span class='ocrx_word' id='word_1_531' title='bbox 1309 1355 1406 1390; x_wconf 90' lang='lat' dir='ltr'><strong>inquit,</strong></span> <span class='ocrx_word' id='word_1_532' title='bbox 1422 1359 1536 1382; x_wconf 64' lang='lat' dir='ltr'><strong>caeteros</strong></span> <span class='ocrx_word' id='word_1_533' title='bbox 1552 1362 1678 1389; x_wconf 86' lang='lat' dir='ltr'><strong>superas,</strong></span> <span class='ocrx_word' id='word_1_534' title='bbox 1707 1360 1839 1390; x_wconf 88' lang='lat' dir='ltr'><strong>quantum</strong></span> 
     </span>
    </p>
   </div>
   <div class='ocr_carea' id='block_1_88' title="bbox 1051 1401 1839 1435">
    <p class='ocr_par' dir='ltr' id='par_1_88' title="bbox 1051 1401 1839 1435">
     <span class='ocr_line' id='line_1_88' title="bbox 1051 1401 1839 1435; baseline -0.004 -5"><span class='ocrx_word' id='word_1_535' title='bbox 1051 1411 1125 1430; x_wconf 84' lang='lat' dir='ltr'><strong>mare</strong></span> <span class='ocrx_word' id='word_1_536' title='bbox 1141 1402 1257 1435; x_wconf 77' lang='lat' dir='ltr'><strong>ﬂuvios;</strong></span> <span class='ocrx_word' id='word_1_537' title='bbox 1283 1401 1394 1429; x_wconf 71' lang='lat' dir='ltr'><strong>Crmsus</strong></span> <span class='ocrx_word' id='word_1_538' title='bbox 1420 1406 1525 1434; x_wconf 88' lang='lat' dir='ltr'><strong>autetn,</strong></span> <span class='ocrx_word' id='word_1_539' title='bbox 1545 1401 1596 1428; x_wconf 84' lang='lat' dir='ltr'><strong>hoc</strong></span> <span class='ocrx_word' id='word_1_540' title='bbox 1622 1401 1728 1432; x_wconf 84' lang='lat' dir='ltr'><strong>audito,</strong></span> <span class='ocrx_word' id='word_1_541' title='bbox 1750 1401 1839 1428; x_wconf 65' lang='lat' dir='ltr'><strong>dixit:</strong></span> 
     </span>
    </p>
   </div>
   <div class='ocr_carea' id='block_1_89' title="bbox 1052 1448 1330 1484">
    <p class='ocr_par' dir='ltr' id='par_1_89' title="bbox 1052 1448 1330 1484">
     <span class='ocr_line' id='line_1_89' title="bbox 1052 1448 1330 1484; baseline 0.004 -9"><span class='ocrx_word' id='word_1_542' title='bbox 1052 1448 1138 1484; x_wconf 75' lang='lat' dir='ltr'><strong>Magis</strong></span> <span class='ocrx_word' id='word_1_543' title='bbox 1155 1450 1210 1484; x_wconf 80' lang='lat' dir='ltr'><strong>ipse</strong></span> <span class='ocrx_word' id='word_1_544' title='bbox 1226 1448 1330 1483; x_wconf 66' lang='lat' dir='ltr'><strong>Phryx.</strong></span> 
     </span>
    </p>
   </div>
   <div class='ocr_carea' id='block_1_90' title="bbox 1088 1494 1841 1530">
    <p class='ocr_par' dir='ltr' id='par_1_90' title="bbox 1088 1494 1841 1530">
     <span class='ocr_line' id='line_1_90' title="bbox 1088 1494 1841 1530; baseline -0.001 -8"><span class='ocrx_word' id='word_1_545' title='bbox 1088 1495 1291 1527; x_wconf 72' lang='lat' dir='ltr'><strong>Mantechmus,</strong></span> <span class='ocrx_word' id='word_1_546' title='bbox 1322 1494 1556 1530; x_wconf 82' lang='lat' dir='ltr'><strong>Alopeconncsius</strong></span> <span class='ocrx_word' id='word_1_547' title='bbox 1578 1494 1644 1530; x_wconf 80' lang='lat' dir='ltr'><strong>(8i),</strong></span> <span class='ocrx_word' id='word_1_548' title='bbox 1664 1495 1841 1529; x_wconf 80' lang='lat' dir='ltr'><strong>philo-opbus</strong></span> 
     </span>
    </p>
   </div>
   <div class='ocr_carea' id='block_1_91' title="bbox 1014 1541 1841 1576">
    <p class='ocr_par' dir='ltr' id='par_1_91' title="bbox 1014 1541 1841 1576">
     <span class='ocr_line' id='line_1_91' title="bbox 1014 1541 1841 1576; baseline -0.001 -8"><span class='ocrx_word' id='word_1_549' title='bbox 1014 1541 1034 1568; x_wconf 87' lang='lat' dir='ltr'>C</span> <span class='ocrx_word' id='word_1_550' title='bbox 1051 1542 1218 1574; x_wconf 84' lang='lat' dir='ltr'><strong>Platonicus,</strong></span> <span class='ocrx_word' id='word_1_551' title='bbox 1237 1541 1348 1576; x_wconf 89' lang='lat' dir='ltr'><strong>scripsit</strong></span> <span class='ocrx_word' id='word_1_552' title='bbox 1378 1541 1575 1576; x_wconf 73' lang='lat' dir='ltr'><strong>Philosophica,</strong></span> <span class='ocrx_word' id='word_1_553' title='bbox 1599 1546 1624 1568; x_wconf 74' lang='lat' dir='ltr'><strong>et</strong></span> <span class='ocrx_word' id='word_1_554' title='bbox 1650 1542 1678 1567; x_wconf 85' lang='lat' dir='ltr'><strong>in</strong></span> <span class='ocrx_word' id='word_1_555' title='bbox 1703 1541 1841 1568; x_wconf 71' lang='lat' dir='ltr'><strong>Plu/onem</strong></span> 
     </span>
    </p>
   </div>
   <div class='ocr_carea' id='block_1_92' title="bbox 1051 1587 1316 1623">
    <p class='ocr_par' dir='ltr' id='par_1_92' title="bbox 1051 1587 1316 1623">
     <span class='ocr_line' id='line_1_92' title="bbox 1051 1587 1316 1623; baseline -0.004 -8"><span class='ocrx_word' id='word_1_556' title='bbox 1051 1589 1088 1616; x_wconf 85' lang='lat' dir='ltr'><strong>De</strong></span> <span class='ocrx_word' id='word_1_557' title='bbox 1098 1597 1151 1623; x_wconf 82' lang='lat' dir='ltr'><strong>rep.</strong></span> <span class='ocrx_word' id='word_1_558' title='bbox 1167 1588 1246 1615; x_wconf 82' lang='lat' dir='ltr'><strong>libros</strong></span> <span class='ocrx_word' id='word_1_559' title='bbox 1256 1587 1316 1615; x_wconf 89' lang='lat' dir='ltr'><strong><em>III.</em></strong></span> 
     </span>
    </p>
   </div>
   <div class='ocr_carea' id='block_1_93' title="bbox 1086 1634 1844 1669">
    <p class='ocr_par' dir='ltr' id='par_1_93' title="bbox 1086 1634 1844 1669">
     <span class='ocr_line' id='line_1_93' title="bbox 1086 1634 1844 1669; baseline -0.001 -7"><span class='ocrx_word' id='word_1_560' title='bbox 1086 1635 1279 1667; x_wconf 63' lang='lat' dir='ltr'><strong>Man-xchmus,</strong></span> <span class='ocrx_word' id='word_1_561' title='bbox 1297 1635 1452 1669; x_wconf 78' lang='lat' dir='ltr'><strong>Sicyonius,</strong></span> <span class='ocrx_word' id='word_1_562' title='bbox 1481 1634 1552 1662; x_wconf 86' lang='lat' dir='ltr'><strong>lilius</strong></span> <span class='ocrx_word' id='word_1_563' title='bbox 1576 1634 1670 1661; x_wconf 83' lang='lat' dir='ltr'><strong>Alcibii</strong></span> <span class='ocrx_word' id='word_1_564' title='bbox 1699 1634 1742 1661; x_wconf 82' lang='lat' dir='ltr'><strong>vel</strong></span> <span class='ocrx_word' id='word_1_565' title='bbox 1768 1634 1844 1661; x_wconf 83' lang='lat' dir='ltr'><strong>Alci-</strong></span> 
     </span>
    </p>
   </div>
   <div class='ocr_carea' id='block_1_94' title="bbox 1051 1679 1844 1716">
    <p class='ocr_par' dir='ltr' id='par_1_94' title="bbox 1051 1679 1844 1716">
     <span class='ocr_line' id='line_1_94' title="bbox 1051 1679 1844 1716; baseline 0 -8"><span class='ocrx_word' id='word_1_566' title='bbox 1051 1681 1149 1712; x_wconf 78' lang='lat' dir='ltr'><strong>biadis,</strong></span> <span class='ocrx_word' id='word_1_567' title='bbox 1177 1681 1334 1713; x_wconf 84' lang='lat' dir='ltr'><strong>historicus,</strong></span> <span class='ocrx_word' id='word_1_568' title='bbox 1359 1680 1407 1716; x_wconf 88' lang='lat' dir='ltr'><strong>qui</strong></span> <span class='ocrx_word' id='word_1_569' title='bbox 1430 1681 1481 1708; x_wconf 91' lang='lat' dir='ltr'><strong>sub</strong></span> <span class='ocrx_word' id='word_1_570' title='bbox 1503 1680 1648 1707; x_wconf 74' lang='lat' dir='ltr'><strong>Alexandri</strong></span> <span class='ocrx_word' id='word_1_571' title='bbox 1670 1679 1704 1707; x_wconf 73' lang='grc' dir='ltr'><strong>Μ.</strong></span> <span class='ocrx_word' id='word_1_572' title='bbox 1730 1688 1844 1708; x_wconf 78' lang='lat' dir='ltr'><strong>succos-</strong></span> 
     </span>
    </p>
   </div>
   <div class='ocr_carea' id='block_1_95' title="bbox 1052 1725 1843 1762">
    <p class='ocr_par' dir='ltr' id='par_1_95' title="bbox 1052 1725 1843 1762">
     <span class='ocr_line' id='line_1_95' title="bbox 1052 1725 1843 1762; baseline -0.001 -8"><span class='ocrx_word' id='word_1_573' title='bbox 1052 1728 1161 1755; x_wconf 86' lang='lat' dir='ltr'><strong>soribus</strong></span> <span class='ocrx_word' id='word_1_574' title='bbox 1186 1727 1264 1755; x_wconf 70' lang='lat' dir='ltr'><strong>vixit.</strong></span> <span class='ocrx_word' id='word_1_575' title='bbox 1294 1727 1409 1762; x_wconf 78' lang='lat' dir='ltr'><strong>Scripsit</strong></span> <span class='ocrx_word' id='word_1_576' title='bbox 1437 1725 1588 1754; x_wconf 73' lang='lat' dir='ltr'><strong>Historiam</strong></span> <span class='ocrx_word' id='word_1_577' title='bbox 1609 1726 1754 1753; x_wconf 73' lang='lat' dir='ltr'><strong>Alexandri</strong></span> <span class='ocrx_word' id='word_1_578' title='bbox 1781 1726 1843 1753; x_wconf 73' lang='lat' dir='ltr'><strong>Hn-</strong></span> 
     </span>
    </p>
   </div>
   <div class='ocr_carea' id='block_1_96' title="bbox 1051 1774 1167 1801">
    <p class='ocr_par' dir='ltr' id='par_1_96' title="bbox 1051 1774 1167 1801">
     <span class='ocr_line' id='line_1_96' title="bbox 1051 1774 1167 1801; baseline -0.009 0"><span class='ocrx_word' id='word_1_579' title='bbox 1051 1774 1167 1801; x_wconf 81' lang='lat' dir='ltr'><strong>cedonis.</strong></span> 
     </span>
    </p>
   </div>
   <div class='ocr_carea' id='block_1_97' title="bbox 1088 1819 1843 1854">
    <p class='ocr_par' dir='ltr' id='par_1_97' title="bbox 1088 1819 1843 1854">
     <span class='ocr_line' id='line_1_97' title="bbox 1088 1819 1843 1854; baseline -0.001 -7"><span class='ocrx_word' id='word_1_580' title='bbox 1088 1821 1247 1852; x_wconf 65' lang='lat' dir='ltr'><strong>Maurethos,</strong></span> <span class='ocrx_word' id='word_1_581' title='bbox 1269 1819 1432 1851; x_wconf 86' lang='lat' dir='ltr'><strong>Mendesius,</strong></span> <span class='ocrx_word' id='word_1_582' title='bbox 1453 1819 1581 1846; x_wconf 73' lang='lat' dir='ltr'><strong>sacerdos</strong></span> <span class='ocrx_word' id='word_1_583' title='bbox 1599 1819 1756 1854; x_wconf 72' lang='lat' dir='ltr'><strong>Aigyptius,</strong></span> <span class='ocrx_word' id='word_1_584' title='bbox 1775 1820 1843 1847; x_wconf 82' lang='lat' dir='ltr'><strong>scri-</strong></span> 
     </span>
    </p>
   </div>
   <div class='ocr_carea' id='block_1_98' title="bbox 1052 1865 1573 1902">
    <p class='ocr_par' dir='ltr' id='par_1_98' title="bbox 1052 1865 1573 1902">
     <span class='ocr_line' id='line_1_98' title="bbox 1052 1865 1573 1902; baseline -0.004 -8"><span class='ocrx_word' id='word_1_585' title='bbox 1052 1868 1104 1902; x_wconf 85' lang='lat' dir='ltr'><strong>psit</strong></span> <span class='ocrx_word' id='word_1_586' title='bbox 1125 1867 1161 1894; x_wconf 76' lang='grc' dir='ltr'><em>οε</em></span> <span class='ocrx_word' id='word_1_587' title='bbox 1177 1867 1367 1901; x_wconf 73' lang='lat' dir='ltr'><strong>compositione</strong></span> <span class='ocrx_word' id='word_1_588' title='bbox 1385 1866 1441 1901; x_wconf 74' lang='lat'><strong>(82)</strong></span> <span class='ocrx_word' id='word_1_589' title='bbox 1458 1865 1573 1900; x_wconf 67' lang='grc' dir='ltr'><strong>κυφίων.</strong></span> 
     </span>
    </p>
   </div>
   <div class='ocr_carea' id='block_1_99' title="bbox 1087 1910 1841 1947">
    <p class='ocr_par' dir='ltr' id='par_1_99' title="bbox 1087 1910 1841 1947">
     <span class='ocr_line' id='line_1_99' title="bbox 1087 1910 1841 1947; baseline -0.001 -8"><span class='ocrx_word' id='word_1_590' title='bbox 1087 1913 1247 1945; x_wconf 77' lang='lat' dir='ltr'><strong>Mamctltos,</strong></span> <span class='ocrx_word' id='word_1_591' title='bbox 1272 1911 1485 1946; x_wconf 85' lang='lat' dir='ltr'><strong>Diospolitanus,</strong></span> <span class='ocrx_word' id='word_1_592' title='bbox 1503 1910 1648 1947; x_wconf 66' lang='lat' dir='ltr'><strong>Aigyptins</strong></span> <span class='ocrx_word' id='word_1_593' title='bbox 1674 1911 1715 1939; x_wconf 80' lang='lat' dir='ltr'><strong>rei</strong></span> <span class='ocrx_word' id='word_1_594' title='bbox 1739 1910 1841 1938; x_wconf 83' lang='lat' dir='ltr'><strong>Seben-</strong></span> 
     </span>
    </p>
   </div>
   <div class='ocr_carea' id='block_1_100' title="bbox 1051 1960 1841 1996">
    <p class='ocr_par' dir='ltr' id='par_1_100' title="bbox 1051 1960 1841 1996">
     <span class='ocr_line' id='line_1_100' title="bbox 1051 1960 1841 1996; baseline -0.003 -7"><span class='ocrx_word' id='word_1_595' title='bbox 1051 1963 1131 1989; x_wconf 83' lang='lat' dir='ltr'><strong>nites.</strong></span> <span class='ocrx_word' id='word_1_596' title='bbox 1146 1961 1263 1996; x_wconf 87' lang='lat' dir='ltr'><strong>Scripsit</strong></span> <span class='ocrx_word' id='word_1_597' title='bbox 1279 1960 1468 1995; x_wconf 81' lang='lat' dir='ltr'><strong>Phystologica</strong></span> <span class='ocrx_word' id='word_1_598' title='bbox 1483 1960 1701 1995; x_wconf 76' lang='lat' dir='ltr'><strong>apotelesntatica</strong></span> <span class='ocrx_word' id='word_1_599' title='bbox 1717 1968 1778 1988; x_wconf 73' lang='lat' dir='ltr'><strong>vels</strong></span> <span class='ocrx_word' id='word_1_600' title='bbox 1792 1960 1841 1988; x_wconf 87' lang='lat' dir='ltr'><strong>bus</strong></span> 
     </span>
    </p>
   </div>
   <div class='ocr_carea' id='block_1_101' title="bbox 1051 2006 1684 2041">
    <p class='ocr_par' dir='ltr' id='par_1_101' title="bbox 1051 2006 1684 2041">
     <span class='ocr_line' id='line_1_101' title="bbox 1051 2006 1684 2041; baseline 0 -7"><span class='ocrx_word' id='word_1_601' title='bbox 1051 2008 1228 2039; x_wconf 77' lang='lat' dir='ltr'><strong>hexametris,</strong></span> <span class='ocrx_word' id='word_1_602' title='bbox 1245 2011 1272 2034; x_wconf 92' lang='lat' dir='ltr'><strong>et</strong></span> <span class='ocrx_word' id='word_1_603' title='bbox 1287 2006 1338 2033; x_wconf 86' lang='lat' dir='ltr'><strong>alia</strong></span> <span class='ocrx_word' id='word_1_604' title='bbox 1355 2006 1478 2041; x_wconf 60' lang='lat' dir='ltr'><strong>quaedam</strong></span> <span class='ocrx_word' id='word_1_605' title='bbox 1495 2007 1684 2034; x_wconf 71' lang='lat' dir='ltr'><strong>astronomica.</strong></span> 
     </span>
    </p>
   </div>
   <div class='ocr_carea' id='block_1_102' title="bbox 1086 2052 1842 2085">
    <p class='ocr_par' dir='ltr' id='par_1_102' title="bbox 1086 2052 1842 2085">
     <span class='ocr_line' id='line_1_102' title="bbox 1086 2052 1842 2085; baseline -0.001 -5"><span class='ocrx_word' id='word_1_606' title='bbox 1086 2053 1211 2081; x_wconf 79' lang='lat' dir='ltr'><strong>Mancros</strong></span> <span class='ocrx_word' id='word_1_607' title='bbox 1235 2057 1262 2080; x_wconf 87' lang='lat' dir='ltr'><strong>et</strong></span> <span class='ocrx_word' id='word_1_608' title='bbox 1291 2052 1462 2085; x_wconf 88' lang='lat' dir='ltr'><strong>Perimauos,</strong></span> <span class='ocrx_word' id='word_1_609' title='bbox 1481 2053 1591 2079; x_wconf 88' lang='lat' dir='ltr'><strong>nomina</strong></span> <span class='ocrx_word' id='word_1_610' title='bbox 1615 2052 1761 2080; x_wconf 85' lang='lat' dir='ltr'><strong>cautionis.</strong></span> <span class='ocrx_word' id='word_1_611' title='bbox 1790 2053 1842 2079; x_wconf 87' lang='lat' dir='ltr'><strong>Eu-</strong></span> 
     </span>
    </p>
   </div>
   <div class='ocr_carea' id='block_1_103' title="bbox 1050 2099 1342 2135">
    <p class='ocr_par' dir='ltr' id='par_1_103' title="bbox 1050 2099 1342 2135">
     <span class='ocr_line' id='line_1_103' title="bbox 1050 2099 1342 2135; baseline -0.007 -8"><span class='ocrx_word' id='word_1_612' title='bbox 1050 2101 1130 2128; x_wconf 86' lang='lat' dir='ltr'><strong>bulus</strong></span> <span class='ocrx_word' id='word_1_613' title='bbox 1151 2099 1342 2135; x_wconf 80' lang='lat' dir='ltr'><strong>Campyliouc.</strong></span> 
     </span>
    </p>
   </div>
   <div class='ocr_carea' id='block_1_104' title="bbox 1087 2144 1842 2173">
    <p class='ocr_par' dir='ltr' id='par_1_104' title="bbox 1087 2144 1842 2173">
     <span class='ocr_line' id='line_1_104' title="bbox 1087 2144 1842 2173; baseline -0.003 -1"><span class='ocrx_word' id='word_1_614' title='bbox 1087 2146 1189 2173; x_wconf 88' lang='lat' dir='ltr'><strong>Manes.</strong></span> <span class='ocrx_word' id='word_1_615' title='bbox 1215 2145 1265 2172; x_wconf 88' lang='lat' dir='ltr'><strong>llic</strong></span> <span class='ocrx_word' id='word_1_616' title='bbox 1296 2144 1472 2172; x_wconf 80' lang='lat' dir='ltr'><strong>exsecrabilis</strong></span> <span class='ocrx_word' id='word_1_617' title='bbox 1505 2145 1586 2171; x_wconf 88' lang='lat' dir='ltr'><strong>homo</strong></span> <span class='ocrx_word' id='word_1_618' title='bbox 1613 2145 1665 2172; x_wconf 88' lang='lat' dir='ltr'><strong>sub</strong></span> <span class='ocrx_word' id='word_1_619' title='bbox 1695 2145 1842 2171; x_wconf 74' lang='lat' dir='ltr'><strong>Aureliano</strong></span> 
     </span>
    </p>
   </div>
   <div class='ocr_carea' id='block_1_105' title="bbox 1053 2191 1840 2227">
    <p class='ocr_par' dir='ltr' id='par_1_105' title="bbox 1053 2191 1840 2227">
     <span class='ocr_line' id='line_1_105' title="bbox 1053 2191 1840 2227; baseline -0.003 -8"><span class='ocrx_word' id='word_1_620' title='bbox 1053 2193 1118 2227; x_wconf 90' lang='lat' dir='ltr'><strong>imp.</strong></span> <span class='ocrx_word' id='word_1_621' title='bbox 1135 2192 1255 2225; x_wconf 80' lang='lat' dir='ltr'><strong>exstitit;</strong></span> <span class='ocrx_word' id='word_1_622' title='bbox 1284 2199 1314 2218; x_wconf 86' lang='lat' dir='ltr'><strong>se</strong></span> <span class='ocrx_word' id='word_1_623' title='bbox 1341 2191 1482 2219; x_wconf 85' lang='lat' dir='ltr'><strong>Christum</strong></span> <span class='ocrx_word' id='word_1_624' title='bbox 1507 2195 1534 2218; x_wconf 89' lang='lat' dir='ltr'><strong>et</strong></span> <span class='ocrx_word' id='word_1_625' title='bbox 1559 2191 1692 2225; x_wconf 84' lang='lat' dir='ltr'><strong>Spiritum</strong></span> <span class='ocrx_word' id='word_1_626' title='bbox 1719 2197 1840 2219; x_wconf 76' lang='lat' dir='ltr'><strong>saucium</strong></span> 
     </span>
    </p>
   </div>
   <div class='ocr_carea' id='block_1_106' title="bbox 1052 2236 1842 2272">
    <p class='ocr_par' dir='ltr' id='par_1_106' title="bbox 1052 2236 1842 2272">
     <span class='ocr_line' id='line_1_106' title="bbox 1052 2236 1842 2272; baseline -0.004 -6"><span class='ocrx_word' id='word_1_627' title='bbox 1052 2246 1112 2266; x_wconf 73' lang='lat' dir='ltr'><strong>csso</strong></span> <span class='ocrx_word' id='word_1_628' title='bbox 1127 2238 1340 2266; x_wconf 80' lang='lat' dir='ltr'><strong>comminiscens</strong></span> <span class='ocrx_word' id='word_1_629' title='bbox 1353 2257 1361 2270; x_wconf 89' lang='lat'><strong>,</strong></span> <span class='ocrx_word' id='word_1_630' title='bbox 1385 2242 1412 2264; x_wconf 86' lang='lat' dir='ltr'><strong>et</strong></span> <span class='ocrx_word' id='word_1_631' title='bbox 1428 2236 1473 2264; x_wconf 84' lang='lat' dir='ltr'><strong>Xll</strong></span> <span class='ocrx_word' id='word_1_632' title='bbox 1491 2237 1640 2272; x_wconf 88' lang='lat' dir='ltr'><strong>discipulos</strong></span> <span class='ocrx_word' id='word_1_633' title='bbox 1663 2242 1691 2263; x_wconf 90' lang='lat' dir='ltr'><strong>ut</strong></span> <span class='ocrx_word' id='word_1_634' title='bbox 1716 2238 1842 2264; x_wconf 73' lang='lat' dir='ltr'><strong>Chtistus</strong></span> 
     </span>
    </p>
   </div>
   <div class='ocr_carea' id='block_1_107' title="bbox 1053 2284 1842 2319">
    <p class='ocr_par' dir='ltr' id='par_1_107' title="bbox 1053 2284 1842 2319">
     <span class='ocr_line' id='line_1_107' title="bbox 1053 2284 1842 2319; baseline -0.001 -8"><span class='ocrx_word' id='word_1_635' title='bbox 1053 2292 1145 2311; x_wconf 82' lang='lat' dir='ltr'><strong>secum</strong></span> <span class='ocrx_word' id='word_1_636' title='bbox 1173 2284 1288 2317; x_wconf 87' lang='lat' dir='ltr'><strong>habens,</strong></span> <span class='ocrx_word' id='word_1_637' title='bbox 1314 2284 1362 2319; x_wconf 91' lang='lat' dir='ltr'><strong>qui</strong></span> <span class='ocrx_word' id='word_1_638' title='bbox 1388 2291 1450 2311; x_wconf 89' lang='lat' dir='ltr'><strong>cum</strong></span> <span class='ocrx_word' id='word_1_639' title='bbox 1476 2291 1508 2311; x_wconf 76' lang='lat' dir='ltr'><strong>ex</strong></span> <span class='ocrx_word' id='word_1_640' title='bbox 1535 2284 1663 2311; x_wconf 87' lang='lat' dir='ltr'><strong>omnibus</strong></span> <span class='ocrx_word' id='word_1_641' title='bbox 1693 2284 1842 2311; x_wconf 78' lang='lat' dir='ltr'><strong>Incrcstbus</strong></span> 
     </span>
    </p>
   </div>
   <div class='ocr_carea' id='block_1_108' title="bbox 1052 2330 1842 2366">
    <p class='ocr_par' dir='ltr' id='par_1_108' title="bbox 1052 2330 1842 2366">
     <span class='ocr_line' id='line_1_108' title="bbox 1052 2330 1842 2366; baseline -0.003 -8"><span class='ocrx_word' id='word_1_642' title='bbox 1052 2339 1114 2366; x_wconf 74' lang='lat' dir='ltr'><strong>quae</strong></span> <span class='ocrx_word' id='word_1_643' title='bbox 1131 2331 1156 2358; x_wconf 82' lang='lat' dir='ltr'><strong>in</strong></span> <span class='ocrx_word' id='word_1_644' title='bbox 1176 2331 1209 2358; x_wconf 87' lang='lat' dir='ltr'><strong>iis</strong></span> <span class='ocrx_word' id='word_1_645' title='bbox 1226 2331 1297 2358; x_wconf 84' lang='lat' dir='ltr'><strong>mala</strong></span> <span class='ocrx_word' id='word_1_646' title='bbox 1315 2337 1404 2363; x_wconf 87' lang='lat' dir='ltr'><strong>erant,</strong></span> <span class='ocrx_word' id='word_1_647' title='bbox 1420 2330 1586 2365; x_wconf 80' lang='lat' dir='ltr'><strong>collegisset,</strong></span> <span class='ocrx_word' id='word_1_648' title='bbox 1603 2338 1636 2357; x_wconf 77' lang='lat' dir='ltr'><strong>ex</strong></span> <span class='ocrx_word' id='word_1_649' title='bbox 1660 2330 1773 2358; x_wconf 83' lang='lat' dir='ltr'><strong>Perside</strong></span> <span class='ocrx_word' id='word_1_650' title='bbox 1796 2330 1842 2356; x_wconf 67' lang='lat' dir='ltr'><strong>Dei</strong></span> 
     </span>
    </p>
   </div>
   <div class='ocr_carea' id='block_1_109' title="bbox 1053 2376 1843 2412">
    <p class='ocr_par' dir='ltr' id='par_1_109' title="bbox 1053 2376 1843 2412">
     <span class='ocr_line' id='line_1_109' title="bbox 1053 2376 1843 2412; baseline 0 -9"><span class='ocrx_word' id='word_1_651' title='bbox 1053 2378 1186 2412; x_wconf 86' lang='lat' dir='ltr'><strong>permissu</strong></span> <span class='ocrx_word' id='word_1_652' title='bbox 1217 2378 1243 2404; x_wconf 91' lang='lat' dir='ltr'><strong>in</strong></span> <span class='ocrx_word' id='word_1_653' title='bbox 1270 2377 1402 2404; x_wconf 88' lang='lat' dir='ltr'><strong>ditionetn</strong></span> <span class='ocrx_word' id='word_1_654' title='bbox 1427 2376 1579 2404; x_wconf 83' lang='lat' dir='ltr'><strong>Romanam</strong></span> <span class='ocrx_word' id='word_1_655' title='bbox 1604 2376 1689 2404; x_wconf 76' lang='lat' dir='ltr'><strong>Venit.</strong></span> <span class='ocrx_word' id='word_1_656' title='bbox 1711 2376 1771 2408; x_wconf 87' lang='lat' dir='ltr'><strong>llic,</strong></span> <span class='ocrx_word' id='word_1_657' title='bbox 1797 2377 1843 2412; x_wconf 86' lang='lat' dir='ltr'><strong>qni</strong></span> 
     </span>
    </p>
   </div>
   <div class='ocr_carea' id='block_1_110' title="bbox 1051 2422 1845 2459">
    <p class='ocr_par' dir='ltr' id='par_1_110' title="bbox 1051 2422 1845 2459">
     <span class='ocr_line' id='line_1_110' title="bbox 1051 2422 1845 2459; baseline -0.001 -9"><span class='ocrx_word' id='word_1_658' title='bbox 1051 2429 1077 2450; x_wconf 90' lang='lat' dir='ltr'><strong>ct</strong></span> <span class='ocrx_word' id='word_1_659' title='bbox 1101 2423 1192 2451; x_wconf 76' lang='lat' dir='ltr'><strong>Manes</strong></span> <span class='ocrx_word' id='word_1_660' title='bbox 1222 2427 1249 2450; x_wconf 88' lang='lat' dir='ltr'><strong>et</strong></span> <span class='ocrx_word' id='word_1_661' title='bbox 1278 2423 1443 2459; x_wconf 83' lang='lat' dir='ltr'><strong>Scythianus</strong></span> <span class='ocrx_word' id='word_1_662' title='bbox 1471 2423 1632 2456; x_wconf 68' lang='lat' dir='ltr'><strong>vocabatur,</strong></span> <span class='ocrx_word' id='word_1_663' title='bbox 1664 2422 1717 2450; x_wconf 84' lang='lat' dir='ltr'><strong>fuit</strong></span> <span class='ocrx_word' id='word_1_664' title='bbox 1746 2431 1845 2458; x_wconf 79' lang='lat' dir='ltr'><strong>genere</strong></span> 
     </span>
    </p>
   </div>
   <div class='ocr_carea' id='block_1_111' title="bbox 1050 2468 1844 2505">
    <p class='ocr_par' dir='ltr' id='par_1_111' title="bbox 1050 2468 1844 2505">
     <span class='ocr_line' id='line_1_111' title="bbox 1050 2468 1844 2505; baseline 0 -9"><span class='ocrx_word' id='word_1_665' title='bbox 1050 2469 1214 2502; x_wconf 86' lang='lat' dir='ltr'><strong>Brachman,</strong></span> <span class='ocrx_word' id='word_1_666' title='bbox 1233 2475 1484 2505; x_wconf 77' lang='lat' dir='ltr'><strong>praeceptoremque</strong></span> <span class='ocrx_word' id='word_1_667' title='bbox 1507 2469 1602 2496; x_wconf 84' lang='lat' dir='ltr'><strong>habuit</strong></span> <span class='ocrx_word' id='word_1_668' title='bbox 1631 2468 1765 2501; x_wconf 78' lang='lat' dir='ltr'><strong>Buddam,</strong></span> <span class='ocrx_word' id='word_1_669' title='bbox 1793 2469 1844 2496; x_wconf 82' lang='lat' dir='ltr'><strong>Te—</strong></span> 
     </span>
    </p>
   </div>
   <div class='ocr_carea' id='block_1_112' title="bbox 1051 2517 1844 2553">
    <p class='ocr_par' dir='ltr' id='par_1_112' title="bbox 1051 2517 1844 2553">
     <span class='ocr_line' id='line_1_112' title="bbox 1051 2517 1844 2553; baseline -0.001 -9"><span class='ocrx_word' id='word_1_670' title='bbox 1051 2518 1208 2546; x_wconf 90' lang='lat' dir='ltr'><strong>rcbiuthum</strong></span> <span class='ocrx_word' id='word_1_671' title='bbox 1235 2522 1297 2546; x_wconf 87' lang='lat' dir='ltr'><strong>ante</strong></span> <span class='ocrx_word' id='word_1_672' title='bbox 1317 2523 1456 2552; x_wconf 86' lang='lat' dir='ltr'><strong>vocatum,</strong></span> <span class='ocrx_word' id='word_1_673' title='bbox 1484 2518 1530 2553; x_wconf 91' lang='lat' dir='ltr'><strong>qui</strong></span> <span class='ocrx_word' id='word_1_674' title='bbox 1559 2517 1716 2545; x_wconf 73' lang='lat' dir='ltr'><strong>Grtccorum</strong></span> <span class='ocrx_word' id='word_1_675' title='bbox 1746 2517 1844 2543; x_wconf 73' lang='lat' dir='ltr'><strong>litteris</strong></span> 
     </span>
    </p>
   </div>
   <div class='ocr_carea' id='block_1_113' title="bbox 1053 2563 1845 2599">
    <p class='ocr_par' dir='ltr' id='par_1_113' title="bbox 1053 2563 1845 2599">
     <span class='ocr_line' id='line_1_113' title="bbox 1053 2563 1845 2599; baseline -0.003 -9"><span class='ocrx_word' id='word_1_676' title='bbox 1053 2563 1205 2596; x_wconf 80' lang='lat' dir='ltr'><strong>institutus,</strong></span> <span class='ocrx_word' id='word_1_677' title='bbox 1222 2564 1393 2599; x_wconf 81' lang='lat' dir='ltr'><strong>Empedoclis</strong></span> <span class='ocrx_word' id='word_1_678' title='bbox 1408 2569 1510 2592; x_wconf 85' lang='lat' dir='ltr'><strong>sectam</strong></span> <span class='ocrx_word' id='word_1_679' title='bbox 1526 2563 1675 2596; x_wconf 75' lang='lat' dir='ltr'><strong>adamarit,</strong></span> <span class='ocrx_word' id='word_1_680' title='bbox 1700 2564 1754 2590; x_wconf 91' lang='lat' dir='ltr'><strong>duo</strong></span> <span class='ocrx_word' id='word_1_681' title='bbox 1769 2563 1845 2598; x_wconf 76' lang='lat' dir='ltr'><strong>prin-</strong></span> 
     </span>
    </p>
   </div>
   <div class='ocr_carea' id='block_1_114' title="bbox 1054 2609 1845 2645">
    <p class='ocr_par' dir='ltr' id='par_1_114' title="bbox 1054 2609 1845 2645">
     <span class='ocr_line' id='line_1_114' title="bbox 1054 2609 1845 2645; baseline -0.004 -8"><span class='ocrx_word' id='word_1_682' title='bbox 1054 2609 1134 2645; x_wconf 81' lang='lat' dir='ltr'><strong>cipia,</strong></span> <span class='ocrx_word' id='word_1_683' title='bbox 1154 2611 1226 2637; x_wconf 82' lang='lat' dir='ltr'><strong>inter</strong></span> <span class='ocrx_word' id='word_1_684' title='bbox 1238 2617 1267 2637; x_wconf 84' lang='lat' dir='ltr'><strong>Sc</strong></span> <span class='ocrx_word' id='word_1_685' title='bbox 1282 2610 1429 2643; x_wconf 84' lang='lat' dir='ltr'><strong>contraria,</strong></span> <span class='ocrx_word' id='word_1_686' title='bbox 1450 2610 1607 2642; x_wconf 83' lang='lat' dir='ltr'><strong>statuentis,</strong></span> <span class='ocrx_word' id='word_1_687' title='bbox 1626 2609 1700 2636; x_wconf 76' lang='lat' dir='ltr'><strong>litem</strong></span> <span class='ocrx_word' id='word_1_688' title='bbox 1723 2613 1750 2636; x_wconf 76' lang='lat' dir='ltr'><strong>et</strong></span> <span class='ocrx_word' id='word_1_689' title='bbox 1776 2609 1845 2635; x_wconf 63' lang='lat' dir='ltr'><strong>auri.</strong></span> 
     </span>
    </p>
   </div>
   <div class='ocr_carea' id='block_1_115' title="bbox 1016 2214 1038 2241">
    <p class='ocr_par' dir='ltr' id='par_1_115' title="bbox 1016 2214 1038 2241">
     <span class='ocr_line' id='line_1_115' title="bbox 1016 2214 1038 2241; baseline 0 0"><span class='ocrx_word' id='word_1_690' title='bbox 1016 2214 1038 2241; x_wconf 89' lang='lat' dir='ltr'><strong>D</strong></span> 
     </span>
    </p>
   </div>
   <div class='ocr_carea' id='block_1_116' title="bbox 1050 2711 1594 2749">
    <p class='ocr_par' dir='ltr' id='par_1_116' title="bbox 1050 2711 1594 2749">
     <span class='ocr_line' id='line_1_116' title="bbox 1050 2711 1594 2749; baseline 0.002 -12"><span class='ocrx_word' id='word_1_691' title='bbox 1050 2715 1077 2738; x_wconf 83' lang='lat' dir='ltr'><strong>ct</strong></span> <span class='ocrx_word' id='word_1_692' title='bbox 1095 2712 1237 2749; x_wconf 52' lang='grc' dir='ltr'><strong>ῌροιξοξιν.</strong></span> <span class='ocrx_word' id='word_1_693' title='bbox 1259 2712 1496 2749; x_wconf 59' lang='lat' dir='ltr'><strong>terminationem.</strong></span> <span class='ocrx_word' id='word_1_694' title='bbox 1508 2711 1594 2739; x_wconf 69' lang='lat' dir='ltr'><strong>litat.</strong></span> 
     </span>
    </p>
   </div>
   <div class='ocr_carea' id='block_1_117' title="bbox 1089 2746 1844 2782">
    <p class='ocr_par' dir='ltr' id='par_1_117' title="bbox 1089 2746 1844 2782">
     <span class='ocr_line' id='line_1_117' title="bbox 1089 2746 1844 2782; baseline -0.001 -9"><span class='ocrx_word' id='word_1_695' title='bbox 1089 2746 1145 2782; x_wconf 71' lang='lat'><strong>(8&#39;2)</strong></span> <span class='ocrx_word' id='word_1_696' title='bbox 1166 2746 1242 2780; x_wconf 72' lang='grc' dir='ltr'><strong>Κῦςρι</strong></span> <span class='ocrx_word' id='word_1_697' title='bbox 1260 2747 1374 2774; x_wconf 88' lang='lat' dir='ltr'><strong>mislura</strong></span> <span class='ocrx_word' id='word_1_698' title='bbox 1391 2747 1527 2774; x_wconf 76' lang='lat' dir='ltr'><strong>sexdecim</strong></span> <span class='ocrx_word' id='word_1_699' title='bbox 1543 2747 1699 2782; x_wconf 75' lang='lat' dir='ltr'><strong>specierum</strong></span> <span class='ocrx_word' id='word_1_700' title='bbox 1721 2746 1844 2782; x_wconf 62' lang='lat' dir='ltr'><strong>inlisum</strong></span> 
     </span>
    </p>
   </div>
   <div class='ocr_carea' id='block_1_118' title="bbox 1052 2780 1846 2814">
    <p class='ocr_par' dir='ltr' id='par_1_118' title="bbox 1052 2780 1846 2814">
     <span class='ocr_line' id='line_1_118' title="bbox 1052 2780 1846 2814; baseline 0 -6"><span class='ocrx_word' id='word_1_701' title='bbox 1052 2780 1161 2809; x_wconf 69' lang='lat' dir='ltr'><strong>sacrum</strong></span> <span class='ocrx_word' id='word_1_702' title='bbox 1178 2783 1343 2809; x_wconf 81' lang='lat' dir='ltr'><strong>adhibenda.</strong></span> <span class='ocrx_word' id='word_1_703' title='bbox 1361 2781 1428 2811; x_wconf 86' lang='lat' dir='ltr'><strong>Vide</strong></span> <span class='ocrx_word' id='word_1_704' title='bbox 1445 2780 1623 2810; x_wconf 81' lang='lat' dir='ltr'><strong>Plutarchum</strong></span> <span class='ocrx_word' id='word_1_705' title='bbox 1635 2802 1645 2814; x_wconf 86' lang='lat'><strong>,</strong></span> <span class='ocrx_word' id='word_1_706' title='bbox 1669 2781 1707 2809; x_wconf 87' lang='lat' dir='ltr'><strong>De</strong></span> <span class='ocrx_word' id='word_1_707' title='bbox 1727 2780 1800 2809; x_wconf 81' lang='lat' dir='ltr'><strong>Iside</strong></span> <span class='ocrx_word' id='word_1_708' title='bbox 1819 2785 1846 2807; x_wconf 77' lang='lat' dir='ltr'><strong>et</strong></span> 
     </span>
    </p>
   </div>
   <div class='ocr_carea' id='block_1_119' title="bbox 1051 2816 1388 2852">
    <p class='ocr_par' dir='ltr' id='par_1_119' title="bbox 1051 2816 1388 2852">
     <span class='ocr_line' id='line_1_119' title="bbox 1051 2816 1388 2852; baseline 0.003 -8"><span class='ocrx_word' id='word_1_709' title='bbox 1051 2816 1168 2848; x_wconf 70' lang='lat' dir='ltr'><strong>Osiride,</strong></span> <span class='ocrx_word' id='word_1_710' title='bbox 1186 2825 1246 2852; x_wconf 78' lang='lat' dir='ltr'><strong>pag.</strong></span> <span class='ocrx_word' id='word_1_711' title='bbox 1264 2817 1317 2845; x_wconf 77' lang='grc'><strong>585</strong></span> <span class='ocrx_word' id='word_1_712' title='bbox 1330 2826 1388 2852; x_wconf 88' lang='lat' dir='ltr'><strong>seq.</strong></span> 
     </span>
    </p>
   </div>
  </div>
