1921 3072
113 174 182 206 1301

737 172 787 203 DE
805 170 948 208 QUIBUS
967 169 1116 200 SUIDAS.

1672 166 1748 198 I302

149 229 335 262 Nausicrates,
351 232 483 259 comicus.
501 229 538 256 Ε).
554 230 612 265 cius
628 228 796 257 dramatibus
811 231 876 255 sunt
892 235 898 253 :
915 229 938 258 Α
953 225 1010 262 (95)
1025 225 1113 252 duxit.
1134 223 1200 251 Nam
1216 224 1288 251 ﬁlius
1304 223 1355 250 fuit
1371 223 1465 251 Cilicis
1483 222 1644 257 (Tlrcanri)
1658 228 1684 251 ct
1697 223 1747 250 Sa-

109 277 282 312 Ναύκληροι,
297 277 395 312 Περσίς
407 277 476 313 (9i).

148 323 262 350 Nauson
287 323 431 359 Naucrati,
446 324 479 351 de
504 323 537 350 iis
557 322 603 357 qui
627 321 702 356 paria
727 319 778 348 sibi
807 321 903 346 mutuo

109 370 243 398 reddunt.
259 369 353 398 Genus
367 369 505 398 scribendi
522 370 549 397 in
563 368 687 404 epistolis
705 367 834 394 usitatum
846 383 854 397 ,
873 368 903 392 ut

111 415 258 451 Pompullus
275 416 407 451 Pompila.

149 464 323 498 Ναξωραῖυς,
338 462 392 490 Deo
406 467 500 498 gratus
511 468 538 490 et
550 465 738 491 consecratus,
753 459 795 486 vel
810 465 904 486 mona-

111 510 197 537 chus.
228 509 395 540 Sciendum,
422 514 544 542 tempore
569 507 690 539 Claudii,
716 505 903 532 Romanorum

114 556 186 590 imp.
212 562 274 582 cum
297 554 394 582 Petrus
416 554 557 589 apostolus
583 552 716 580 Evodium
751 549 903 590 Antiochiae

114 601 316 635 (episcopum)
334 605 474 631 creasset,
492 600 567 631 illos,
583 599 629 634 qui
649 598 723 632 prius
740 596 860 624 Nazarai
879 589 906 622 cl

115 647 222 674 Galilaei
239 647 419 677 vocabantur,
436 645 585 680 appellatos
601 644 780 672 Christianos.

153 693 302 724 Neanthcs,
318 692 481 728 Cyzicenus,
498 697 601 723 orator,
617 690 767 725 discipulus
783 689 906 721 Philisci,

114 739 226 766 Milesii.

152 785 303 818 Nearchus,
311 785 464 812 Alexandro
474 784 652 819 expeditionis
661 791 752 811 comes
762 782 822 816 fuit,
831 787 858 809 et
866 781 908 809 Iri-

115 831 229 859 storiam
239 832 273 858 de
284 839 317 858 eo
328 830 503 864 conscripsit.
515 829 594 857 Falso
606 833 696 856 autem
707 836 736 856 se
752 828 907 863 praefectum

113 878 214 906 classis
226 877 310 904 fuisse
325 877 442 911 scripsit,
458 883 521 903 cum
534 876 702 911 gubernator
718 875 795 902 navis
812 874 905 901 fnerlt.

954 271 1087 300 mosateni
1106 270 1206 307 (Pauli)
1230 277 1324 306 nepos.
1348 269 1411 297 l'ost
1431 269 1505 296 hunc
1529 269 1666 304 Eutyches
1698 277 1748 297 ct-

954 320 1034 351 stitit,
1050 322 1104 346 clc.

989 364 1096 394 Nestor,
1116 363 1308 395 Larandensis,
1326 370 1341 389 e
1357 363 1447 398 Lycia,
1461 368 1539 396 poeta
1553 363 1657 398 cpieus,
1671 369 1747 397 pater

954 414 1040 445 poeta:
1057 409 1191 441 Pisaudri,
1210 408 1262 435 fuit
1286 408 1337 435 sub
1363 407 1429 441 imp.
1454 407 1555 436 Severo
1580 407 1746 443 scripsitque

954 456 1068 483 Iliadem
1093 455 1345 490 λειπογρὰμματον.
1372 453 1470 480 litteris
1486 453 1569 480 certis
1585 458 1721 480 carentem
1737 471 1744 483 .

956 503 1068 537 perinde
1085 506 1112 528 ut
1129 501 1336 536 Tryphiodorus
1357 499 1514 535 Odysseam.
1532 499 1597 526 Nam
1614 499 1641 526 in
1657 498 1745 533 primo

956 549 1026 578 libro
1037 549 1141 575 nullum
1159 547 1299 583 reperitur
1314 556 1340 579 α,
1356 547 1382 574 in
1397 545 1519 574 secundo
1534 545 1638 572 nullum
1654 545 1679 580 β,
1692 550 1744 573 etc.

957 593 1071 630 Scripsit
1088 594 1170 621 etiam
1192 593 1424 628 Metamorphoses,
1448 597 1477 620 ut
1494 592 1667 624 Parthenius,
1700 592 1748 619 Ni-

957 641 1075 671 caensis.
1097 645 1124 667 ct
1141 640 1206 667 alia.

993 686 1150 722 Nicagoras,
1161 686 1279 718 Mnesmi,
1297 686 1427 718 rhetoris,
1443 684 1487 718 F.,
1504 684 1691 716 Atheniensis.
1705 691 1751 711 so-

959 732 1059 768 phista,
1077 737 1198 768 tempore
1213 732 1328 768 Philippi
1354 733 1420 766 imp.
1439 731 1555 767 Scripsit
1576 731 1649 758 Vitas
1664 731 1752 758 clara-

959 786 1017 805 rum
1034 780 1170 811 virorum;
1191 778 1226 806 De
1247 778 1406 814 Cleopatra,
1419 785 1489 813 Iqute
1504 777 1556 812 fuit
1580 777 1607 804 in
1628 777 1749 808 Troade;

961 824 1124 858 Orationem,
1142 825 1260 852 habitam
1274 824 1302 851 in
1318 825 1453 859 legatione
1468 824 1502 850 ad
1516 823 1667 858 Philippum
1683 823 1750 858 imp.

996 870 1142 902 Nicander,
1159 871 1335 907 Xenophanis
1349 871 1392 905 ιε’..
1408 871 1597 906 Colophonius
1618 871 1658 897 vel
1670 870 1749 898 Αἰκο-

152 923 298 951 Nemcsian
320 923 465 958 (Dattlascli
484 905 613 955 amicus).
633 921 734 948 Conl‘er
748 920 861 948 Suidam
879 921 905 947 in
924 905 944 933 Β
959 918 1012 949 lus,
1038 918 1244 953 grammaticus.
1270 923 1361 954 poeta.
1387 918 1520 947 medicus.
1546 917 1613 944 vixit
1629 921 1750 951 tempore

116 969 326 1004 Ἀνεπτεροῦτο,
342 973 369 996 et
389 969 531 1004 Ἑρμαῖον.

156 1016 296 1051 Νεμήσεις
320 1015 486 1050 ὐπῡκριτῶν,
513 1014 715 1041 Distributiones
736 1013 906 1040 histrionum.

116 1062 209 1090 Poetis
223 1068 278 1090 tres
293 1062 439 1089 histriones
453 1061 521 1088 forte
534 1061 734 1092 dividebantur,
748 1060 794 1096 qui
809 1059 908 1087 fabulis

115 1113 238 1144 agerent.
257 1108 328 1136 Inter
345 1109 407 1140 hos,
423 1108 469 1142 qui
488 1107 573 1134 victor
591 1107 704 1140 fuissat,
720 1107 826 1142 absque
840 1114 909 1134 exa-

116 1154 193 1182 mine
208 1153 307 1181 deinde
322 1153 496 1181 assumebatu
502 1161 523 1180 r.

155 1199 268 1228 Neocles
282 1200 470 1232 Atheniensis,
484 1199 674 1234 philosophus,
689 1198 772 1226 frater
784 1197 906 1232 Epicuri,

123 1246 172 1280 qui
191 1245 299 1280 scripsit
316 1245 348 1271 de
364 1250 438 1271 secta
454 1252 514 1272 sua.
538 1245 568 1271 Et
586 1245 707 1275 Neoclis.
725 1249 766 1271 cst
780 1245 882 1271 dictum
902 1251 908 1269 :

117 1292 193 1319 Λάϐε
207 1290 319 1326 βιώσας,
335 1291 381 1325 qui
396 1290 458 1316 bene
469 1289 560 1321 latuit,
574 1291 636 1316 bene
649 1290 723 1317 vixit.
741 1289 785 1325 (V.
802 1288 909 1324 Menag.

117 1338 155 1365 ad
174 1337 250 1371 Diog.
266 1335 358 1363 Laert.
371 1335 407 1368 X,
424 1344 505 1371 segm.
520 1335 593 1370 Ill.)

158 1383 303 1418 Ncophron
319 1390 366 1410 seu
384 1382 526 1416 Neophon,
543 1383 698 1418 Sicyonius,
716 1382 844 1418 tragicus.
864 1389 911 1409 cu-

117 1431 166 1466 jus
180 1437 239 1456 esse
257 1429 350 1456 dicunt
363 1427 499 1462 Euripidi;
512 1428 639 1461 Medeam,
657 1429 750 1456 docuit
765 1427 911 1463 tragtedias

120 1477 208 1510 CXX,
225 1481 279 1506 etc.

158 1523 239 1556 Nero,
252 1523 349 1552 studiis
363 1524 528 1559 imperatore
539 1531 651 1558 prorsus
661 1523 788 1558 indignis,
800 1530 910 1558 operam

958 965 1039 992 Attali
1054 965 1184 1000 junioris,
1201 966 1258 993 sive
1273 965 1361 992 ultimi
1375 964 1559 998 Galatonirm,
1573 965 1615 991 t-ui
1638 971 1749 999 regnum

959 1009 1115 1044 ademptum
1132 1018 1146 1038 a
1162 1010 1302 1038 Romanis.
1316 1010 1432 1046 Scripsit
1448 1010 1578 1042 theriaca,
1594 1010 1747 1044 Alm‘ipltar-

959 1063 1043 1088 maca,
1050 1055 1187 1091 Georgica,
1196 1056 1432 1092 'Erspotoupivwv,
1440 1056 1471 1083 de
1485 1057 1635 1090 rumoribus
1647 1057 1672 1083 iu
1679 1057 1749 1083 alia:

960 1103 1060 1136 formas
1076 1104 1196 1135 mutatis,
1212 1103 1291 1130 libras
1312 1103 1342 1136 γ;
1360 1102 1544 1130 Rernediorum
1559 1102 1751 1133 collectionem;

961 1147 1132 1184 Prognostica
1158 1150 1292 1181 versibus,
1313 1157 1345 1176 ex
1365 1149 1537 1184 Hippocratis
1563 1149 1751 1184 Prognosticis

961 1195 1108 1224 translata:
1131 1195 1168 1222 De
1189 1195 1444 1223 omnibusomculis
1463 1195 1544 1223 libros
1564 1195 1623 1229 III,
1648 1200 1674 1223 et
1699 1196 1752 1224 alia

962 1242 1090 1276 pluritna,
1107 1243 1228 1270 carmine
1243 1244 1333 1277 epico.

998 1287 1148 1315 Nicanurcs
1162 1293 1214 1315 tres
1226 1288 1333 1317 fuerunt
1349 1298 1354 1316 :
1371 1297 1454 1322 unus,
1471 1289 1543 1316 illius
1554 1288 1670 1321 Balacri,
1686 1288 1754 1315 alter

961 1333 1163 1364 Parmenionis.
1182 1335 1278 1363 tertius
1289 1344 1386 1371 genere
1400 1336 1546 1372 Stagyrita,
1562 1336 1639 1370 cujus
1657 1335 1754 1362 memi-

963 1382 999 1408 nit
1019 1381 1165 1416 Hyperides
1181 1381 1310 1409 Oratione
1328 1383 1354 1408 iu
1374 1383 1592 1410 Itetnnsthencm.

997 1428 1125 1461 Nicanor,
1141 1429 1256 1457 Hermia:
1266 1428 1308 1462 Κ,
1318 1430 1528 1461 Alexandrinus.
1543 1429 1750 1465 grammaticus.

963 1476 1133 1511 temporibus
1149 1476 1276 1503 Hadriani
1291 1478 1345 1512 imp
1361 1498 1368 1510 ,
1380 1485 1435 1512 quo
1454 1482 1576 1513 tempore
1590 1482 1616 1504 et
1633 1477 1757 1511 Hermip-

964 1530 1024 1558 pns.
1045 1523 1179 1559 Berylius.
1196 1524 1271 1550 vixit.
1289 1523 1401 1556 Scripsit
1414 1523 1479 1560 Περὶ
1493 1525 1619 1560 στιγμῆς,
1638 1523 1673 1550 De
1687 1531 1756 1557 puu-

119 1570 208 1603 dedit,
224 1571 328 1598 cithara
343 1570 448 1603 ludens,
464 1570 609 1605 tragtzedias
623 1577 706 1604 agens
717 1574 744 1596 et
759 1569 785 1596 in
801 1569 913 1596 theatris
927 1573 949 1602 (ζ
965 1570 1015 1595 clis
1029 1570 1100 1603 apud
1118 1571 1272 1601 Homerum,
1290 1575 1314 1596 et
1333 1569 1370 1596 De
1385 1571 1544 1604 lli/ferentia,
1563 1578 1623 1606 qua:
1649 1569 1710 1597 inde
1729 1570 1756 1597 ἰιι

122 1616 237 1644 saltans.
259 1615 310 1643 Sed
326 1616 415 1643 adhuc
434 1616 594 1644 adolescents
613 1615 712 1643 studiis
730 1615 911 1650 philosophia:

122 1663 255 1696 vacabat,
280 1666 305 1690 et
331 1662 365 1690 de
387 1662 496 1690 Christo
521 1661 690 1698 inquirebat,
719 1670 799 1697 quem
823 1662 912 1689 adhuc

123 1716 270 1745 superesse
286 1708 312 1735 in
329 1708 396 1735 viris
410 1708 605 1735 arbitrabatur.
621 1706 745 1742 Cumque
759 1707 912 1741 comperis-

122 1760 177 1787 set.
193 1763 208 1783 a
223 1754 321 1782 ludatis
340 1754 367 1781 in
383 1761 491 1782 crucem
509 1759 599 1781 actum
616 1760 686 1786 esse,
706 1753 791 1780 iratus
808 1752 912 1779 Annam

122 1807 152 1829 et
168 1801 299 1837 Caipham
317 1808 379 1829 curn
396 1799 494 1834 Pilato,
511 1806 576 1828 tunc
591 1799 691 1827 JlldiBtB
706 1799 832 1835 prmsitlc,
849 1799 910 1826 vin-

122 1854 185 1878 ctos
207 1848 240 1876 ad
266 1856 296 1876 se
320 1847 381 1876 duci
403 1848 497 1884 jussit,
519 1848 553 1875 ab
575 1847 664 1882 iiSquc
683 1848 840 1875 sciscitatus
861 1852 912 1878 cst.

123 1901 297 1929 quaecunque
323 1894 349 1920 iu
374 1893 434 1928 ejus
462 1893 565 1925 iudicio
588 1896 647 1920 acta
669 1895 772 1924 essent,
801 1896 854 1918 etc.
876 1891 914 1918 En

124 1945 249 1976 tempore
262 1945 289 1968 et
305 1939 398 1967 Simon
426 1940 519 1974 Magus
536 1939 660 1972 ﬂorebat,
679 1946 798 1974 cumque
815 1938 914 1966 Petrus

123 1993 153 2014 et
180 1987 275 2014 Simon
298 1991 431 2021 praesente
453 1986 558 2014 Nerone
583 1986 652 2013 inter
678 1992 707 2012 se
731 1985 913 2020 disputarem,

124 2033 241 2060 eductus
255 2036 296 2059 est
315 2039 348 2058 ex
381 2039 492 2059 carcere
517 2031 630 2058 Pilatus.
662 2029 733 2057 Nero
767 2029 909 2057 Simonem

124 2079 274 2113 interrogat
286 2085 319 2105 an
331 2082 404 2105 esset
423 2077 548 2105 Christus
557 2077 570 2104 9
584 2077 631 2104 Ille
643 2085 671 2104 sc
682 2084 742 2105 esse
754 2077 802 2104 ait.
812 2075 917 2111 Negant

127 2125 226 2152 Petrus
247 2130 274 2151 et
294 2123 399 2152 Pilatus
423 2133 429 2150 :
455 2123 516 2157 llic,
536 2124 636 2159 inquit,
657 2122 800 2159 Ai'gyptius
822 2127 871 2155 est,
892 2126 915 2149 et

127 2171 205 2199 obeso
220 2179 327 2206 corpore
341 2176 366 2198 et
389 2170 500 2206 prolixis
547 2171 651 2205 capillis
667 2175 693 2198 ct
708 2171 781 2206 niger
796 2170 916 2197 omnino-

127 2226 177 2252 que
189 2218 221 2244 ab
230 2218 286 2252 ejus
298 2218 384 2252 forma
398 2218 509 2250 alienus,
526 2223 579 2244 ctc.

166 2263 263 2294 Nerva.
281 2263 464 2291 llmnannrnm
480 2263 700 2298 innp.,.loanncm
716 2263 920 2297 evangelistam,

127 2319 162 2338 ex
185 2309 279 2338 Pattno
293 2317 347 2344 quo
366 2310 500 2343 relegatus
513 2314 581 2341 erat,
597 2314 766 2340 revocatum,
783 2309 919 2343 Ephesum

130 2357 249 2387 reduxit.
287 2364 319 2383 co
351 2361 472 2391 tempore
499 2357 556 2391 (1)2)
579 2365 632 2391 quo
657 2361 684 2383 ct
708 2355 920 2383 Maniclueorum

130 2405 229 2438 dogma
261 2404 286 2430 in
317 2404 404 2430 lucem
426 2403 535 2438 prodiit,
557 2402 661 2430 Mam-te
689 2403 814 2430 lucresim
843 2409 921 2429 suam

131 2453 225 2485 aperte
247 2450 373 2476 docente.

167 2496 320 2523 Nestorius.
338 2496 557 2528 I’ostManetem,
571 2501 595 2523 ct
605 2495 730 2527 Paulum,
746 2495 920 2529 ctApollina-

131 2552 200 2574 rem,
211 2547 237 2569 et
247 2543 432 2573 'I‘hemlorum,
449 2543 548 2577 prodiit
559 2542 713 2574 Nestorius,
726 2541 917 2573 Gcrmanicca,

131 2590 220 2624 Syria:
236 2590 311 2619 urbe,
328 2589 471 2619 oriundus,
485 2589 530 2623 qui
544 2589 608 2616 sede
624 2587 705 2616 CPol.
725 2589 838 2623 potitus,
857 2596 921 2614 voce

129 2638 248 2664 duarum
267 2636 293 2662 in
311 2635 421 2662 Christo
443 2640 603 2662 naturarum
621 2635 693 2662 malo
713 2644 807 2662 errore
822 2635 924 2662 abimus

130 2689 184 2714 est,
200 2690 277 2717 a-que
296 2690 328 2709 ac
350 2682 450 2709 Paulus
464 2681 671 2714 etThcozlorus,
692 2689 707 2708 ει
728 2682 826 2717 quibus
840 2690 924 2716 genus

173 2771 229 2803 (9|)
246 2771 371 2797 Monente
387 2771 505 2797 It'ustero
522 2776 576 2797 not,
595 2771 611 2796 '7
628 2771 716 2803 (tom.
735 2771 768 2798 Il.
787 2778 814 2805 p.
831 2770 883 2795 61111
895 2770 902 2797 1
916 2790 922 2799 .

132 2815 188 2832 r-tm
203 2805 361 2832 Nausicruli
373 2808 490 2835 t'ltlllll't),
503 2806 548 2832 sml
564 2805 696 2832 Naucrati
710 2806 840 2833 fabulam.
855 2805 925 2839 Πέρ-

133 2850 177 2871 σις
198 2843 317 2875 assignat
340 2842 485 2868 Athena-us
499 2863 505 2873 ,
527 2842 571 2868 lib.
597 2840 640 2867 IX.
662 2841 714 2867 Sed
734 2849 757 2867 ι’.
785 2849 878 2875 supra,
899 2841 924 2866 in

132 2876 497 2910 τιι1.11,[);ι;.ι.741,11.ιιιι.,

170 2913 227 2947 (vi)
256 2912 383 2940 \‘idcutur
409 2913 459 2939 huc
484 2913 543 2939 loco
566 2911 636 2946 apu'l
663 2911 774 2939 Suidam
798 2911 929 2937 noumtlla

964 1623 1040 1642 sensu
1057 1616 1161 1646 oritur;
1177 1615 1215 1642 De
1227 1616 1434 1651 interpunctione
1446 1616 1473 1643 in
1493 1624 1596 1651 genere,
1613 1616 1692 1643 libros
1707 1614 1757 1647 Vl;

964 1661 1057 1688 horum
1072 1661 1257 1696 Compemlium
1275 1663 1341 1690 libro
1358 1662 1389 1695 I;
1407 1662 1443 1690 De
1468 1663 1570 1697 punctis
1586 1663 1657 1698 apud
1673 1661 1759 1689 Calli-

965 1708 1097 1741 machum,
1112 1713 1138 1735 et
1154 1709 1217 1736 alia.

1001 1753 1119 1781 Nicetas.
1138 1753 1224 1789 Supra
1242 1755 1268 1782 in
1289 1754 1440 1788 Heraclide,
1461 1754 1553 1791 Lycio.

1000 1798 1175 1833 Nicochares,
1201 1800 1351 1828 Philonida:
1377 1802 1475 1829 comici
1502 1801 1544 1834 F.,
1568 1802 1758 1833 Atheniensis.

965 1846 1100 1877 comicus.
1113 1847 1225 1881 aequalis
1240 1847 1444 1882 Aristophanis.
1456 1847 1494 1874 Ex
1510 1847 1570 1882 ejus
1586 1847 1685 1876 fabulis
1696 1852 1763 1875 sunt

971 1891 1131 1927 Ἀμυμώνη,
1143 1892 1241 1927 Πέλοψ,
1254 1893 1398 1926 Γαλάτεια,
1416 1892 1557 1929 Ἡρακλῆς
1569 1894 1759 1929 γαμῶν,Χορ-

967 1937 1043 1972 ηγὺς,
1063 1938 1181 1974 Κρῆτες,
1196 1939 1335 1972 Λάκωνεξ,
1346 1940 1475 1974 Λήμνιαι,
1489 1940 1652 1975 Κένταυροι,
1665 1942 1762 1978 Χειροο

967 1986 1112 2022 γάστορες.

1003 2033 1140 2065 Nicolans,
1158 2043 1189 2061 ex
1203 2034 1284 2070 Myris
1297 2034 1394 2070 Lycizc,
1408 2034 1527 2063 fervidus
1537 2035 1755 2062 Christianorum

967 2083 1154 2114 propugnator
1177 2083 1204 2106 et
1229 2079 1367 2110 sacerdos,
1389 2079 1436 2114 qui
1458 2086 1555 2114 magna
1579 2086 1641 2107 cum
1658 2079 1758 2106 liducia

969 2124 1023 2151 Deo
1033 2132 1127 2159 preces
1143 2124 1301 2153 adhibebat.
1314 2124 1363 2152 IIie
1374 2125 1442 2152 nihil
1455 2125 1564 2160 quidem
1579 2125 1700 2160 scripsit,
1714 2126 1761 2153 sed

971 2171 999 2198 in
1015 2170 1118 2198 somnis
1133 2171 1198 2206 imp.
1216 2171 1398 2200 Constantino
1409 2177 1512 2204 astans.
1525 2177 1579 2200 etc.

939 2221 960 2249 ο
1009 2217 1150 2249 Nicolaus,
1167 2217 1363 2251 Damascenus,
1376 2219 1482 2246 amicus
1502 2223 1529 2246 et
1545 2219 1688 2247 familiaris
1708 2218 1763 2246 llo-

971 2264 1044 2292 rodis
1055 2265 1127 2300 regis
1140 2263 1308 2298 Iudaeorum,
1323 2270 1350 2293 ct
1363 2266 1478 2302 Augusti
1495 2265 1622 2299 Caesaris,
1638 2266 1684 2302 qui
1702 2266 1762 2301 pla-

970 2314 1063 2337 centas
1083 2311 1200 2338 mellitas
1219 2311 1253 2338 ab
1271 2319 1304 2339 eo
1326 2312 1426 2340 missas
1442 2312 1568 2340 Nicolaos
1583 2313 1736 2348 appellabat
1753 2321 1760 2339 :

971 2356 1151 2391 philosophus
1166 2356 1380 2393 Peripateticus,
1393 2363 1441 2386 aut
1454 2359 1622 2387 Platonicus.
1642 2358 1757 2394 Scripsit

973 2402 1123 2429 Historiam
1138 2403 1313 2431 uniuersalem
1327 2404 1406 2432 libris
1418 2404 1533 2439 ιΧΧΣ,
1548 2411 1593 2433 aut
1610 2405 1762 2434 secundum

976 2449 1145 2482 Athenarum,
1160 2449 1229 2477 CXL
1245 2450 1306 2483 lib.,
1318 2457 1366 2478 aut
1379 2451 1497 2482 CXXIV.
1511 2457 1621 2480 auctore
1633 2452 1761 2487 Josepho.

980 2493 1101 2531 Itemque
1116 2497 1154 2524 De
1168 2498 1219 2525 vita
1240 2502 1264 2524 et
1279 2498 1433 2526 educatione
1452 2498 1577 2526 Cesaris.
1594 2498 1700 2527 Patrem
1723 2500 1770 2526 ha-

979 2542 1048 2574 huit,
1065 2544 1110 2578 qui
1132 2552 1198 2578 opes
1207 2549 1234 2572 ct
1249 2545 1348 2572 famam
1365 2545 1515 2574 eruditione
1530 2546 1643 2581 adeptus
1656 2546 1742 2574 fuerat
1759 2555 1765 2572 :

979 2588 1070 2623 itaque
1091 2590 1134 2616 ille
1157 2599 1172 2617 a
1197 2598 1281 2626 puero
1307 2592 1334 2618 in
1362 2591 1489 2619 omnibus
1516 2592 1614 2620 litteris
1643 2593 1767 2620 eruditus

979 2636 1163 2668 grammatica:
1180 2642 1262 2672 atque
1277 2637 1338 2665 inde
1353 2638 1466 2673 poeticte
1481 2638 1552 2666 haud
1570 2639 1707 2673 vulgarem
1722 2647 1768 2673 po.

979 2682 1069 2709 ritiam
1088 2683 1138 2710 sibi
1154 2689 1368 2718 comparaverat,
1382 2684 1450 2712 adeo
1466 2689 1494 2712 nt
1514 2685 1654 2721 tragtedjaa
1673 2691 1767 2711 romu-

977 2771 1122 2798 exridissn.
1143 2771 1208 2798 Nam
1223 2770 1434 2799 Manicna-orum
1452 2775 1532 2799 secta!
1550 2771 1626 2806 origo
1645 2778 1659 2797 ιι
1675 2769 1770 2797 Nerva

978 2811 1056 2832 tt‘lalt-
1075 2812 1175 2833 remota
1190 2812 1229 2833 est
1245 2808 1324 2834 annis
1338 2807 1456 2841 amplius
1473 2806 1607 2834 centenis.

1014 2842 1069 2875 (113)
1099 2842 1219 2879 Ιιιιιιιιίιςιξ
1241 2840 1411 2878 dogmatum,
1440 2851 1495 2870 nou
1525 2840 1770 2879 consanguinitatis

980 2878 1224 2912 propinquitatem.
