1921 3072
72 143 145 176 1317

696 147 744 176 DE
764 146 906 182 QUIBUS
926 147 1075 178 SUIDAS.

1650 149 1717 182 13l3

110 199 582 235 PhanesiuOrphicisintrodueitur
597 201 862 237 etEricapmus,etc.
880 203 902 232 Α
919 209 995 228 novat
1007 201 1159 231 comoedia,
1189 201 1235 235 qui
1261 201 1351 229 ﬂoruit
1382 208 1512 238 regnante
1549 203 1715 235 Alexandro,

70 245 108 272 ν.
129 245 239 273 liusteri
257 251 315 275 not.
334 246 377 278 10,
397 251 462 274 ιοιιι.
477 246 517 279 Ill,
533 254 596 282 pag.
610 246 672 275 577.

112 292 230 319 Phanias
261 292 319 319 sive
346 292 493 326 Pluenias,
521 292 660 325 Ercsius',
690 292 869 328 philosophus

70 338 284 372 Peripateticus,
314 338 469 366 Aristotelis
494 338 657 374 discipulus.
678 338 754 366 Vixit
777 339 870 375 Olym~

71 383 156 417 piade
171 382 245 415 CXI,
262 387 288 410 et
305 387 397 418 postea
411 383 462 409 sub
475 383 631 411 Alexandro
649 383 807 412 Macedone.
835 398 870 403 —-

70 428 141 455 Fuit
158 432 184 455 et
201 429 269 455 alter
285 428 412 460 P/tanias,
428 429 482 456 dux
499 430 648 458 exercitus.

114 476 208 502 Phaon
236 477 379 502 adamatus
396 483 410 501 a
431 474 589 510 Sapphone,
612 483 666 503 non
689 475 734 503 illa
754 476 869 511 poetria,

71 521 125 548 sed
158 520 254 548 Lesbia
279 521 408 556 quadam,
438 529 500 556 qua:
528 520 660 549 frustrata
687 528 736 557 spe
763 529 813 550 sua
836 521 870 550 de

71 567 205 594 Leucade
219 574 285 602 rupe
299 574 329 594 se
344 567 535 602 praecipitavit.

114 614 260 646 Pharisaei,
281 614 411 648 separati,
439 613 511 648 quod
540 621 569 642 se
587 614 620 642 ab
637 613 698 641 aliis
722 613 871 649 distingue-

72 666 141 688 rent
153 661 206 688 vita
220 669 287 695 pura
299 665 321 688 et
336 666 464 688 accurata
474 661 540 695 legis
551 661 750 688 observatione.
766 661 871 689 Scribis

72 708 175 735 eadem
204 706 341 738 instituta,
371 706 552 739 continentia,
584 706 637 733 vita
664 706 784 741 conjugii
825 715 871 734 ex-

73 760 164 786 pers,
191 757 243 780 etc.
275 751 434 779 Exactiores
462 751 566 784 etiam,
597 751 749 778 admirandi
778 751 871 780 Essai.

74 797 215 825 Cmterum
230 796 333 824 Paulus
356 796 542 824 Pbarisaicam
565 796 671 824 vivendi
687 797 821 825 rationem
844 801 873 824 ut

74 845 212 877 optimam
237 848 369 871 sectatum
399 851 429 871 se
458 847 587 870 testatur.
612 842 739 878 (Philipp.
767 851 808 876 tu,
831 842 872 878 5.)

76 889 259 917 Dormiebant
270 889 398 917 Pharisaei
413 891 440 916 in
453 889 558 924 exiguis
572 889 671 916 tabulis
686 889 728 916 vel
745 889 773 917 in
786 889 872 924 spinis

76 936 123 962 vel
153 936 181 962 in
204 935 360 970 scrupulis,
379 944 413 963 ne
435 943 482 971 per
507 935 644 963 somnium
674 935 870 970 polluerentur.

75 981 159 1016 Apud
172 981 280 1009 eosdem
299 981 383 1009 fatum
397 986 422 1009 et
437 981 603 1008 astronomia
620 981 709 1017 magni
727 981 836 1009 ﬁebant.

115 1027 305 1059 Pherecrates,
319 1027 497 1054 Atheniensis
510 1027 643 1058 comicus,
655 1027 702 1062 qui
714 1026 869 1054 Alexandro

77 1076 105 1102 in
125 1074 349 1109 expeditionibus
372 1073 477 1101 bellicis
501 1081 595 1101 comes
611 1073 674 1107 fuit,
690 1072 808 1102 Fabulas
825 1074 874 1101 do-

76 1123 138 1150 cuit
154 1120 239 1154 XVII,
255 1121 282 1148 in
299 1121 341 1148 his
357 1121 497 1156 Πετάλην.

115 1167 299 1204 Pherecydes,
316 1166 396 1194 Babis
411 1166 455 1199 F.,
468 1174 501 1194 ex
517 1166 596 1202 Syro,
612 1165 762 1194 insularum
778 1165 874 1200 Cycls--

77 1216 147 1242 dum
175 1221 240 1246 una,
266 1221 349 1249 prope
375 1213 481 1246 Delum,
512 1212 619 1248 Syrius.
649 1211 723 1239 Vixit
753 1216 873 1247 tempore

79 1260 228 1296 llalyattis,
243 1259 315 1295 regis
337 1259 474 1295 Lydorum
492 1263 518 1286 et
533 1266 569 1286 vn
587 1258 741 1294 sapientum
759 1257 873 1293 a'qualis

79 1306 145 1339 fuit,
163 1310 244 1333 natus
259 1306 330 1332 circa
346 1303 416 1331 XLV
429 1303 628 1340 Olympiadem.
646 1304 757 1334 Ferunt,
775 1303 874 1339 Pytha-

78 1359 178 1387 goram
206 1351 240 1378 ab
263 1358 296 1377 eo
321 1350 474 1377 institutum
499 1349 592 1382 fuisse,
610 1349 698 1384 ipsum
729 1356 794 1376 vero
818 1355 873 1375 non

80 1397 214 1425 habuisse
235 1401 439 1432 praeceptorem,
467 1395 513 1423 sed
539 1395 648 1430 proprio
666 1402 695 1422 se
718 1394 874 1422 exercuisse

80 1443 188 1476 studio,
216 1443 382 1478 comparatis
404 1442 455 1470 sibi
478 1442 587 1469 arcanis
606 1441 767 1468 Pbrenicnm
784 1441 873 1473 libris,

79 1490 262 1526 κτησάμενον
276 1489 309 1516 τὰ
325 1489 457 1516 Φοινίκων
471 1488 622 1524 ἀπόκρυφα
635 1487 736 1523 βιϐλία.
755 1487 872 1521 Quidam

81 1536 207 1569 tradunt,
227 1543 289 1562 eum
313 1535 440 1562 oratione
461 1541 542 1570 prosa
558 1534 677 1569 primum
695 1533 815 1561 scribere
830 1532 873 1560 in-

82 1582 218 1614 stituisse,
235 1581 306 1616 quod
333 1580 379 1608 alii
404 1580 437 1608 ad
461 1580 594 1608 Cadmum
617 1579 745 1606 referunt.
765 1579 874 1606 Primus

81 1629 166 1656 etiam
185 1627 338 1655 animarum
355 1634 389 1654 ex
403 1634 516 1662 corpore
530 1626 555 1653 in
569 1625 641 1652 aliud
657 1633 755 1660 corpus
773 1625 876 1660 migra-

84 1675 189 1702 tionem
213 1674 340 1702 docuisse
361 1673 458 1701 l'ertur.
477 1672 603 1701 Seclatns
623 1677 666 1699 est
682 1671 803 1699 Thaletis
819 1672 876 1707 opi-

84 1722 209 1749 nionem.
248 1720 322 1748 Obiit
351 1719 446 1747 morbo
475 1718 637 1754 pediculari.
665 1717 783 1751 Omnia,
815 1727 876 1753 quse

83 1767 195 1803 scripsit
222 1767 280 1794 haec
298 1770 362 1794 sunt
384 1775 392 1793 2
412 1765 585 1801 Ἐπτάμυχος
599 1765 659 1801 ἦτοι
683 1764 837 1799 Θεοχρασίει
859 1765 875 1801 ἢ

83 1813 226 1848 Θεολογία,
250 1812 290 1839 ἔτι
313 1811 340 1839 δὲ
365 1811 518 1847 Θεογονια),
534 1811 612 1838 libris
640 1811 734 1838 decem
761 1811 875 1839 deorum

85 1860 290 1896 generationem
307 1865 333 1886 et
345 1858 550 1886 successionem
564 1858 721 1885 continens.

119 1906 302 1942 Pherecydes,
316 1905 423 1938 Lerius,
442 1905 601 1937 histericus,
618 1910 695 1932 natus
712 1904 792 1939 paulo
814 1908 877 1932 ante

85 1952 182 1980 LXXV
193 1952 391 1988 Olympiadem.
402 1951 517 1986 Scripsit
530 1951 563 1979 de
576 1950 661 1985 Lcro;
678 1951 710 1977 de
726 1949 876 1986 Iphigenia,

85 2000 117 2026 de
134 1999 236 2026 Bacchi
252 1999 330 2026 festis
345 2003 371 2025 et
384 1997 446 2025 alia.

120 2045 246 2078 Phidias,
267 2044 426 2076 statuarius,
452 2045 498 2079 qui
522 2049 638 2071 statuam
655 2044 804 2070 eburneam
826 2042 877 2070 Μί-

85 2099 178 2119 nervaa
197 2091 272 2119 iecit.
290 2091 408 2118 Pericles
425 2098 500 2123 vero,
519 2090 674 2125 sumptibus
696 2089 721 2116 in
743 2097 802 2117 cam
821 2097 878 2117 rem

88 2137 223 2165 faciendis
237 2145 252 2164 a
269 2137 369 2172 populo
390 2136 546 2172 praefectus,
562 2135 760 2171 quinquaginta
779 2136 878 2163 talenta

86 2185 169 2212 vertit
183 2185 209 2211 in
223 2192 278 2211 rem
291 2191 382 2216 suam,
399 2189 434 2217 et,
451 2191 484 2211 ne
498 2183 617 2211 rationes
632 2183 766 2215 redderet,
777 2182 877 2210 bellum

87 2231 226 2262 excitavit,
244 2234 296 2257 etc.

123 2276 291 2312 Philagrius,
310 2275 420 2311 Lycius,
437 2275 596 2309 Macreusis,
615 2280 643 2303 ut
661 2276 791 2311 repetitur
805 2275 877 2309 apud

87 2321 298 2356 Engenatorem.
328 2321 380 2348 Sed
409 2325 438 2347 ut
471 2321 528 2355 ipse
549 2319 704 2353 Philagrius
728 2320 823 2347 scribit
843 2319 876 2346 ad

90 2366 275 2394 Philemonem
295 2366 321 2393 in
341 2366 456 2401 epistola
472 2366 505 2393 de
526 2365 617 2401 jccore
632 2365 770 2397 indurato,
797 2365 879 2393 inerit

89 2412 179 2446 potius
194 2412 315 2439 medicus
330 2411 450 2446 Epirota,
467 2411 618 2446 discipulus
631 2410 803 2443 Naumacbii,
819 2416 879 2446 post

90 2458 183 2485 Galerii
210 2462 353 2492 tempora,
379 2458 424 2492 qui
447 2457 650 2485 Tthsalonica:
675 2461 704 2484 ut
729 2457 876 2492 plurimum

91 2508 175 2530 autem
192 2503 325 2538 medicam
342 2503 475 2530 exercuit.
505 2503 665 2538 Composuit
690 2502 774 2530 libros
790 2503 878 2530 medi-

91 2557 137 2576 cos
153 2548 235 2581 LXX,
254 2549 276 2576 si
298 2548 420 2584 singulos
437 2557 572 2580 numeres,
590 2549 697 2583 aliaque
721 2556 804 2583 opera
825 2557 878 2576 non

92 2603 188 2629 pauca.
210 2595 273 2623 Item
290 2595 524 2622 Commentaiium
543 2595 569 2622 in
588 2595 788 2629 llippocmtem.

125 2641 244 2674 Phileas,
260 2642 305 2677 qui
320 2641 486 2668 Andocidem
502 2641 638 2676 sacrilegii
653 2641 803 2669 accusavit.

124 2685 281 2719 Philemon,
309 2686 520 2721 Syracusanus,
547 2686 673 2714 Damonis
698 2686 741 2720 Ρη
755 2687 878 2715 comicus

125 2785 162 2818 (l)
183 2784 256 2817 llaec,
283 2793 344 2820 quat
362 2785 491 2820 deinceps
521 2793 554 2812 ex
578 2785 690 2813 Eliano
712 2787 810 2815 Suidas
833 2787 875 2814 af-

93 2818 153 2850 tert,
168 2820 200 2847 de
215 2818 300 2847 altero
318 2818 476 2848 Philemone
493 2821 667 2853 intelligenda
680 2827 756 2853 sunt,
773 2830 826 2849 non
842 2823 876 2849 de

94 2853 145 2888 illo,
170 2855 217 2890 qui
240 2855 296 2883 risu
315 2861 357 2883 est
387 2861 540 2884 emortuus.
563 2853 750 2891 (Philemonis,
766 2858 874 2893 comici,

921 249 1003 283 paulo
1017 253 1080 276 ante
1098 248 1285 275 Menandrum.
1304 248 1422 284 Scripsit
1437 250 1589 278 commdias
1607 249 1717 279 circiter

922 295 977 326 XC,
1003 300 1029 322 et
1048 295 1114 322 vixit
1137 303 1226 322 annos
1250 294 1347 329 XCIV;
1365 297 1475 331 quidam
1498 305 1585 325 annos
1602 297 1644 326 Cl.
1667 299 1716 326 tri-

922 340 1019 367 buunt.
1047 340 1203 367 Exstiuclus
1227 345 1270 367 est
1291 340 1472 370 immoderato
1486 343 1557 370 risu.
1579 344 1655 372 Bello
1679 344 1716 379 (ἶ)

922 386 992 413 inter
1010 386 1192 413 Athenienses
1208 391 1234 412 et
1259 385 1429 422 Antigonum
1452 388 1596 424 ﬂagrante,
1621 390 1647 416 in
1669 391 1714 416 li-

921 439 975 458 meo
998 432 1100 466 degens
1125 431 1267 459 Philemon
1305 439 1354 467 per
1375 434 1515 460 somnium
1533 434 1599 462 vidit
1618 443 1715 463 novem

921 478 1037 512 puellus,
1053 478 1134 505 domo
1152 486 1201 505 sua
1217 483 1360 506 exeuntes.
1392 478 1496 506 Somno
1521 480 1628 508 solutus
1654 489 1718 508 nav-

923 523 994 550 ravit
1009 531 1094 558 puero
1111 524 1248 551 somnium
1275 532 1281 550 :
1310 528 1337 551 et
1362 525 1466 559 reliqua
1484 525 1627 558 dramatis,
1644 527 1715 560 quod

921 574 1061 604 eruperat,
1086 569 1213 597 absolvit.
1248 569 1345 597 Postea
1371 570 1512 597 involvens
1541 578 1570 597 se
1598 572 1717 598 \estihus

922 615 1060 649 stragulis,
1070 615 1160 648 quiete
1173 615 1260 649 jacuit
1271 620 1296 642 et
1308 622 1370 641 mox
1385 620 1511 642 mortuus
1524 620 1566 643 est
1583 621 1715 650 repertus.

922 663 1038 688 Aderant
1054 662 1146 696 igitur,
1173 661 1298 695 Epicure,
1324 660 1474 688 Philemoni
1502 669 1592 688 nouem
1618 661 1714 692 illum,

923 712 960 738 ct,
992 714 1050 732 cum
1083 706 1167 741 fatale
1194 706 1261 733 illud
1284 711 1309 734 et
1335 707 1458 733 ultimum
1483 707 1534 732 iter
1550 707 1716 741 ingressurus

921 757 1000 785 esset,
1016 752 1048 779 ab
1063 752 1110 780 illo
1125 752 1251 787 digressae
1263 756 1332 778 sunt.
1354 752 1410 779 Diis
1435 753 1504 779 enim
1531 753 1606 787 nefor
1631 753 1718 779 uidere

922 804 1052 831 mortuos,
1086 799 1205 834 quamvis
1236 799 1286 825 sibi
1313 799 1495 829 charissimos,
1529 807 1559 826 ne
1583 804 1718 833 aspectum

924 844 1058 879 polluant,
1076 844 1246 872 morientium
1259 844 1480 872 cauillationibus.
1495 843 1533 871 Tu
1546 852 1615 878 vero,
1625 845 1717 876 stulte,

890 878 910 906 Β
925 892 976 923 air,
989 898 1032 921 eos
1047 898 1079 917 ne
1091 898 1185 918 curare
1198 891 1303 926 quidem
1319 898 1359 917 res
1375 897 1491 917 nostras.
1506 890 1633 918 Elianus
1647 891 1716 919 libro

925 936 963 964 De
975 935 1162 964 Providentia.

961 982 1106 1010 Philemon
1132 982 1236 1018 junior,
1260 986 1287 1009 et
1304 982 1363 1017 ipse
1386 982 1519 1016 comicus,
1536 983 1608 1011 [ilius
1627 982 1717 1010 Phile-

926 1032 1016 1059 mohis
1031 1031 1141 1065 comici,
1163 1031 1210 1066 qui
1225 1031 1319 1059 docuit
1333 1030 1438 1058 fabulas
1453 1029 1523 1058 LlV.

963 1077 1131 1113 Philepsius,
1150 1076 1228 1112 cujus
1241 1082 1271 1105 ut
1285 1076 1404 1105 hominis
1417 1077 1507 1104 callidi
1527 1076 1716 1103 meminerunt

925 1124 1024 1153 comici
1051 1124 1171 1159 antiqua:
1197 1123 1350 1156 commdiae,
1365 1128 1392 1150 et
1411 1123 1483 1158 quod
1506 1123 1577 1150 inter
1605 1123 1718 1150 concio-

924 1170 1046 1199 nandum
1063 1170 1164 1205 populo
1178 1169 1292 1197 fabellas
1306 1177 1419 1197 narrare
1434 1169 1629 1203 solehat,;idem
1640 1169 1718 1204 joeo-

925 1224 986 1245 rum
1002 1223 1098 1244 amans
1112 1221 1140 1244 et
1150 1215 1355 1251 φιλοπαίγμων,
1372 1221 1402 1242 ιη
1420 1216 1508 1243 innuit
1521 1215 1718 1244 Demosthenes

926 1264 1055 1291 Oratione
1071 1268 1168 1290 contra
1188 1261 1381 1290 Timocratem.

963 1308 1122 1336 Philetaarus
1149 1308 1336 1339 Atheniensis,
1363 1307 1497 1339 comicus,
1520 1307 1593 1335 illius
1613 1308 1719 1335 Aristo-

926 1353 1024 1388 phanis
1050 1352 1159 1380 c0inici.
1187 1351 1298 1379 Fabula:
1315 1351 1373 1386 ejus
1390 1350 1460 1384 XXI,
1481 1358 1515 1378 ex
1537 1351 1639 1387 quibus
1654 1358 1719 1380 sunt

927 1399 968 1426 lue
984 1407 991 1425 :
1017 1397 1169 1433 ’Δχιλλεὺς,
1184 1396 1397 1433 Κορινθιαστὴς,
1412 1397 1555 1430 Φιλαυλος,
1579 1397 1717 1433 Κέφαλος,

925 1446 1042 1482 Τηρεὺς,
1061 1445 1220 1478 Ἄντυλλος,
1234 1445 1369 1473 Οἰνοπίων
1384 1444 1549 1481 (Nicostrata
1564 1445 1664 1474 tributa
1684 1446 1719 1472 ab

926 1493 1015 1528 aliis);
1035 1497 1091 1521 tum
1104 1491 1256 1528 Ἀταλάντη
1273 1496 1299 1520 et
1313 1491 1541 1528 Δαμπαδοφόροι.

964 1538 1091 1571 Philetas,
1117 1538 1201 1571 Cous,
1227 1537 1340 1573 Telephi
1371 1536 1416 1571 F.,
1436 1537 1528 1566 clarus
1554 1537 1670 1572 Philippi
1691 1543 1719 1565 et

928 1584 1074 1612 Alexandri
1091 1589 1222 1619 tempore,
1235 1584 1442 1619 grammaticus,
1457 1583 1580 1612 criticus.
1595 1583 1644 1611 Hic
1656 1592 1717 1611 cum

927 1631 954 1658 in
971 1631 1134 1658 inveniendo
1154 1631 1334 1666 sopbismate,
1352 1631 1425 1665 quod
1446 1631 1653 1665 pseudomenum
1672 1640 1721 1658 vn.

927 1682 1014 1710 catur,
1038 1678 1200 1710 elaboraret,
1229 1681 1376 1704 extenuato
1404 1684 1521 1711 corpore
1548 1677 1627 1704 obiit.
1658 1677 1720 1705 Fuit

928 1730 1078 1760 praeceptor
1094 1723 1230 1751 Ptolemaei
1245 1723 1367 1756 secundi,
1385 1723 1549 1759 scripsitque
1579 1723 1720 1759 Epigram-

928 1774 1010 1801 mata,
1025 1769 1122 1803 etegias
1137 1773 1164 1796 et
1179 1768 1245 1796 alia.

964 1814 1131 1849 Philippicus
1145 1813 1294 1847 Bardones,
1310 1812 1464 1842 Justiuiano
1479 1815 1544 1849 imp.
1563 1814 1719 1849 interfecto,

928 1859 1004 1886 visus
1027 1863 1067 1886 est
1099 1859 1244 1886 inhoneste
1273 1864 1300 1886 et
1325 1859 1445 1894 segniter
1465 1859 1609 1894 imperium
1634 1860 1723 1888 adun-

929 1906 1056 1932 nistrare.
1081 1905 1113 1932 Et
1134 1905 1231 1933 Patres
1252 1906 1424 1933 recumenieo
1444 1906 1565 1934 com-ilio
1588 1906 1678 1941 (CPol.
1695 1915 1720 1934 a.

928 1951 991 1987 680)
1011 1956 1202 1988 congregatos,
1235 1952 1401 1979 anathemati
1432 1952 1560 1986 subjecit,
1589 1952 1721 1980 divinitus

929 2001 964 2027 ab
981 1999 1035 2027 illis
1052 1999 1178 2026 decretas
1202 1998 1272 2026 duas
1295 1998 1320 2025 iu
1348 1997 1495 2025 Servalore
1519 1999 1675 2026 voluntates
1695 2003 1722 2026 ct

929 2046 1052 2074 actiones
1067 2053 1120 2073 non
1138 2044 1294 2076 admittens,
1313 2044 1451 2078 adjutores
1464 2048 1560 2072 uuc’tus
1573 2044 1718 2077 Joannem,

930 2097 996 2121 tunc
1010 2092 1086 2119 urbis
1103 2091 1242 2127 (CPoleos)
1260 2097 1399 2118 summum
1423 2090 1588 2125 pontiﬁcem,
1601 2095 1628 2118 et
1652 2090 1721 2118 Ger-

931 2146 1054 2170 manum,
1071 2137 1160 2173 Cyzici
1178 2136 1430 2171 metropolitanum,
1445 2141 1471 2163 et
1484 2136 1554 2164 alios
1565 2136 1721 2164 sacerdotes

930 2189 957 2212 ct
973 2187 1115 2211 senatores
1128 2182 1271 2218 plurimos.

895 2233 916 2261 ι)
966 2229 1144 2264 Philippides.
1167 2228 1352 2260 Atheniensis,
1380 2228 1505 2255 comicus
1521 2235 1598 2256 nova
1619 2235 1722 2257 comm.

933 2276 995 2306 dite.
1012 2275 1085 2302 illius
1109 2274 1252 2308 Philoclis,
1270 2274 1337 2302 visit
1357 2273 1515 2310 Olympiade
1538 2272 1606 2307 CXI,
1629 2275 1722 2302 docuit

931 2321 1038 2349 fabulas
1058 2319 1152 2348 XLIV.

967 2367 1109 2401 Philippus
1125 2384 1133 2398 ,
1164 2364 1365 2400 Amphipolites
1379 2385 1387 2398 ,
1408 2365 1561 2393 historicus
1576 2385 1584 2398 ,
1609 2365 1722 2400 scripsit

933 2412 1071 2439 Rhodiaca
1093 2411 1168 2439 libris
1190 2409 1272 2443 XIX,
1298 2410 1451 2446 argumenti
1482 2411 1559 2438 valde
1585 2411 1719 2439 obsceni:

932 2458 1031 2485 Coiaca
1047 2458 1126 2485 libris
1139 2456 1172 2489 ll,
1195 2457 1326 2485 Thasium
1344 2457 1421 2484 libris
1437 2457 1469 2489 ll,
1487 2461 1512 2484 et
1528 2457 1590 2485 alia.

969 2503 1127 2538 Phiiippus,
1146 2503 1286 2538 Sophista,
1314 2503 1360 2538 qui
1387 2502 1498 2537 scripsit
1521 2502 1559 2530 De
1573 2502 1722 2537 spiritibus,

932 2549 1117 2576 Herodianum
1138 2553 1260 2581 secutus,
1288 2549 1438 2576 secundum
1465 2549 1588 2577 ordinem
1615 2549 1720 2576 littera-

931 2603 991 2623 rum
1011 2605 1017 2623 :
1035 2596 1099 2624 item
1118 2595 1155 2624 De
1169 2595 1331 2631 synalazplm.

967 2641 1119 2676 Philippus,
1145 2642 1281 2674 comicus,
1301 2649 1333 2669 ex
1363 2641 1442 2677 cujus
1465 2642 1636 2670 dramatibus
1658 2646 1722 2669 sunt

931 2688 1140 2720 Κωδωνιασταὶ,
1156 2692 1226 2716 teste
1241 2689 1369 2716 Atticum
1379 2688 1448 2724 [set],
1464 2692 1574 2716 notante
1590 2687 1719 2720 Kusteru,

931 2788 1056 2825 dramata
1071 2793 1196 2825 recenset
1211 2789 1302 2817 etduo
1318 2789 1388 2817 alios
1402 2788 1588 2825 Philemonas,
1603 2790 1719 2818 alterum

931 2823 1108 2862 Tarsensem,
1123 2824 1241 2862 alterum
1258 2826 1479 2862 grammaticum,
1495 2823 1640 2862 distinguit
1659 2826 1720 2853 Kn-

931 2864 986 2887 ster
1002 2860 1036 2886 ad
1053 2860 1079 2887 h.
1093 2859 1112 2886 l.
1129 2863 1186 2887 not.
1203 2859 1231 2893 9,
1244 2867 1306 2895 pag.
1320 2859 1371 2887 599
1386 2867 1444 2896 seq.
1458 2865 1524 2889 tum.
1537 2861 1582 2890 Ill.
