1921 3072
107 171 180 204 1301

735 170 784 201 DE
803 168 945 206 QUIBUS
964 168 1113 199 SUIDAS.

1668 165 1745 197 1302

147 226 333 259 Nausicratcs.
349 229 481 256 comicus.
499 227 536 254 Ελ
552 228 610 263 ejus
626 226 794 255 dratnatibus
809 229 874 253 sunt
889 233 895 251 :
912 227 936 256 Α
950 223 1007 260 (95)
1022 224 1110 251 duxit.
1131 221 1197 249 Nam
1213 222 1285 250 ﬁlius
1301 222 1352 249 fuit
1368 222 1462 250 Cilicis
1480 221 1640 256 (TireoJori)
1655 227 1681 250 et
1694 223 1744 249 Sa-

104 274 280 310 Ναύκληροι,
295 274 393 310 Περσίς
406 275 474 310 (91).

146 320 259 347 Nauson
285 320 429 356 Naucrati,
445 322 478 348 de
502 321 535 347 iis
555 319 601 355 qui
625 319 699 354 paria
725 317 775 346 sibi
804 319 900 344 mutuo

107 368 240 395 reddunt.
257 367 350 396 Genus
366 367 502 395 scribendi
520 367 547 394 in
561 365 685 401 epistolis
703 365 831 392 usitatum
843 382 851 396 ,
870 366 900 390 ut

109 413 256 449 Pompteus
273 413 404 448 Pompilo.

148 461 320 495 Ναζωραῖος,
335 460 390 487 Deo
404 464 497 495 gratus
509 465 536 487 et
547 462 735 488 consecratus,
751 457 792 484 \'el
807 463 901 483 mona-

110 507 194 534 chus.
225 506 392 537 Sciendum,
419 511 541 539 tempore
567 504 688 536 Claudii,
714 503 900 530 Romanorum

111 553 184 586 itup.
209 560 271 579 cum
294 551 391 579 Petrus
413 551 554 586 apostolus
581 549 714 577 Evodium
748 547 900 590 Antiochiae

111 598 313 632 (episcopum)
332 603 452 624 creasset
464 616 471 629 ,
488 597 564 629 illos,
581 597 626 631 qui
646 596 720 630 prius
738 594 857 622 Nazarai
876 597 903 620 ct

112 643 219 670 Galilaei
236 644 416 675 vocabantur,
434 643 583 678 appellatos
598 641 777 669 Christianos.

151 690 300 721 Ncanthes,
316 689 478 724 Cyzicenus,
495 695 598 721 orator,
614 687 765 722 discipulus
780 686 903 718 Philisci,

111 735 224 763 Milesii.

148 782 300 814 Nearchus,
308 781 462 809 Alexandro
471 781 649 816 erpeditlonis
657 788 749 808 comes
759 779 819 813 fuit,
829 784 854 807 et
863 779 905 806 lti-

111 828 226 856 storiam
237 828 270 855 de
281 835 315 854 eo
326 827 499 861 conscripsit.
512 826 591 854 Falso
603 831 693 854 autem
704 834 732 854 se
748 826 904 861 prazfcctum

109 874 211 902 classis
223 873 307 901 fuisse
322 874 440 908 scripsit,
455 880 518 899 cum
531 873 698 908 gubernator
715 872 792 899 navis
808 871 902 899 fuerit.

951 270 1084 298 mosateni
1103 268 1203 305 (Pauli)
1227 276 1321 304 nepos.
1345 269 1409 296 Post
1428 268 1503 296 hunc
1527 269 1663 304 Eutychos
1695 276 1744 296 exi

951 318 1031 349 stitit,
1047 320 1101 344 etc.

986 363 1093 393 Nestor,
1112 361 1305 393 Larandensis,
1324 369 1339 388 e
1354 362 1444 397 Lycia,
1459 367 1536 396 poeta
1550 362 1653 397 cpicus,
1667 368 1744 396 pater

951 413 1037 444 pnelze
1053 407 1188 439 Pisandri,
1208 406 1259 433 fuit
1283 406 1335 433 sub
1361 407 1426 440 imp.
1451 406 1552 434 Severo
1577 407 1743 442 scripsitque

951 454 1065 481 Iliadem
1090 453 1342 488 λειπογρὰμμπον,
1369 453 1467 479 litteris
1483 453 1565 479 certis
1581 457 1718 480 carentem
1733 471 1740 482 .

953 501 1065 535 perinde
1082 504 1110 526 ut
1127 500 1332 535 Tryplriodorus
1355 498 1511 534 Odysseam.
1528 498 1594 525 Nam
1611 499 1637 525 in
1653 498 1741 533 primo

953 547 1023 575 libro
1034 547 1138 574 nullmn
1156 546 1296 581 reperitur
1311 554 1337 578 α,
1353 546 1379 573 in
1393 545 1516 573 secundo
1530 545 1634 571 mullum
1651 545 1675 579 β,
1688 550 1741 572 etc.

954 591 1068 627 Scripsit
1085 593 1167 619 etiam
1189 591 1421 627 Metamorpltosea,
1445 595 1474 618 ut
1491 591 1663 623 Parthenius,
1696 591 1743 618 Ni-

954 638 1072 669 caensis.
1094 643 1121 665 et
1139 639 1203 665 alia.

989 684 1147 720 Nicagoras.
1158 684 1277 716 ilnesmi,
1294 684 1423 717 rhetoris,
1440 682 1484 717 Ρη
1501 682 1687 714 Atheniensis,
1701 690 1747 710 so-

956 731 1056 766 phista,
1073 735 1195 766 tempore
1211 730 1325 767 Philippi
1351 731 1416 765 imp.
1435 730 1551 766 Scripsit
1572 729 1645 757 Vitas
1660 731 1748 757 clara-

956 784 1014 803 rum
1031 777 1167 809 virorum;
1187 776 1223 804 De
1244 777 1403 812 Cleopatra,
1416 784 1486 811 tque:
1501 776 1553 810 fuit
1576 776 1603 802 in
1624 775 1746 807 Troade;

958 821 1122 855 Orationem,
1139 823 1257 850 habitam
1271 822 1298 849 in
1315 823 1450 857 legatione
1465 823 1499 848 ad
1513 822 1663 856 Philippum
1679 822 1745 857 imp.

993 868 1138 900 Nicander,
1156 869 1333 905 Xenophanis
1347 869 1389 902 F.,
1405 869 1593 904 Colophonius
1614 869 1653 896 vel
1666 869 1745 896 Elo-

149 919 295 948 Nemcsion
317 919 463 954 (Datttuscii
481 919 610 953 anticus).
630 918 730 946 Confer
745 918 858 945 Suidam
875 918 902 945 in
921 902 940 930 Β
955 915 1009 947 ius,
1035 916 1240 951 grammaticus.
1267 921 1357 952 poeta.
1384 916 1516 945 medicus.
1542 916 1609 942 vixit
1625 919 1746 950 tempore

112 966 323 1001 'Avsmepoiro,
339 970 366 993 et
387 966 528 1000 Ἑρμαῖον.

152 1012 292 1048 Νεμήπεις
317 1012 484 1047 ὑπηκριτῶν,
509 1011 712 1038 Distributiones
733 1011 902 1038 histrionum.

112 1059 205 1087 Poetis
219 1064 274 1086 tres
290 1059 436 1086 histriones
450 1057 518 1085 forte
531 1058 731 1090 dividebantur,
745 1057 791 1093 qui
805 1057 904 1085 fabulis

112 1110 236 1141 agerent.
253 1105 325 1132 inter
342 1106 404 1137 hos,
419 1105 466 1138 qui
485 1104 570 1131 victor
588 1103 701 1137 fuisset,
716 1104 822 1139 absque
837 1112 905 1132 exa-

112 1151 190 1178 mine
205 1150 303 1178 deinde
318 1150 520 1178 assmnebatur.

151 1195 265 1224 Neocles
279 1197 466 1229 Atheniensis,
481 1196 670 1231 philosophus.
686 1196 769 1223 frater
781 1195 902 1230 Epicuri,

119 1243 168 1276 qui
188 1242 296 1276 scripsit
313 1242 344 1268 de
362 1247 435 1268 secta
451 1249 510 1269 sua.
535 1242 564 1269 Et
583 1242 703 1273 Neoclis,
721 1246 762 1268 est
777 1241 878 1268 dictum
898 1249 904 1266 :

114 1288 189 1316 Λάϐε
203 1287 316 1323 βιώσας,
332 1288 377 1322 qui
393 1287 455 1314 bene
467 1287 557 1319 latuit,
570 1288 633 1314 bene
646 1288 720 1314 vixit.
738 1286 782 1322 (ν.
798 1285 905 1321 Menag.

113 1335 152 1361 ad
170 1333 246 1368 Diog.
262 1333 354 1360 Laert.
367 1332 404 1365 X,
421 1341 502 1368 segni.
517 1333 589 1366 Ill.)

154 1379 299 1414 Ncophrou
316 1387 362 1407 seu
380 1379 523 1413 Neophon,
540 1380 695 1415 Sicyonius,
713 1379 841 1415 tragicus,
860 1387 907 1406 cu-

113 1427 162 1462 jus
176 1434 235 1453 esse
254 1425 347 1453 dicunt
359 1424 496 1463 Euripidis
508 1425 635 1459 Medeam,
653 1425 746 1454 docuit
761 1424 907 1460 tragtedias

117 1473 205 1507 CXX,
221 1478 276 1503 etc.

154 1520 235 1553 Nero,
248 1521 345 1549 studiis
359 1521 525 1556 imperatore
536 1528 647 1555 prorsus
657 1520 784 1555 indignis,
796 1527 906 1555 operam

954 962 1036 989 Attali
1051 963 1180 997 iunioris,
1198 964 1254 991 sive
1270 963 1357 990 ultimi
1372 962 1555 996 GalatOniczc,
1569 963 1611 989 cui
1634 970 1746 997 regnum

956 1007 1111 1041 ademptum
1128 1016 1143 1035 a
1158 1008 1299 1036 Romanis.
1313 1009 1429 1044 Scripsit
1445 1009 1575 1041 theriaca,
1590 1008 1743 1042 Alexiphar-

956 1061 1040 1086 maca,
1047 1053 1183 1089 Georgica,
1192 1054 1429 1089 Ἐτερωουμένων,
1436 1054 1467 1081 de
1481 1055 1631 1089 corporibus
1643 1055 1668 1082 in
1675 1055 1744 1082 alias

956 1100 1056 1134 fortuna
1072 1101 1191 1133 mutatis,
1208 1101 1288 1127 libros
1308 1100 1338 1133 l";
1357 1100 1540 1127 Remediorum
1555 1101 1746 1132 collectionem;

957 1145 1128 1181 Prognostica
1154 1147 1288 1179 versibus,
1309 1155 1341 1174 ex
1361 1147 1533 1182 Hippocratis
1559 1147 1747 1182 Prognosticis

957 1193 1104 1221 translata:
1127 1193 1164 1220 De
1185 1193 1440 1220 omniburoraculis
1459 1193 1539 1221 libros
1560 1193 1618 1228 III,
1644 1198 1670 1222 et
1695 1195 1748 1222 alia

958 1239 1086 1274 plurima,
1104 1241 1224 1267 carmine
1240 1242 1329 1276 cpieo.

995 1285 1144 1313 Nicanorcs
1158 1291 1211 1314 tres
1222 1287 1329 1315 fuerunt
1344 1296 1351 1314 :
1368 1296 1450 1320 unus,
1468 1288 1539 1315 filius
1550 1287 1666 1320 Balacri,
1682 1287 1750 1314 alter

958 1331 1160 1363 Parmenionis.
1178 1334 1274 1361 tertius
1285 1342 1383 1369 genere
1396 1335 1542 1370 Stagyrita,
1557 1335 1635 1369 cujus
1653 1334 1750 1361 merui-

959 1380 996 1405 nil
1015 1379 1161 1414 Hyperides
1177 1379 1306 1408 Oratione
1324 1381 1350 1407 in
1370 1382 1588 1409 [turnosthencm

992 1426 1121 1460 Nicarmr,
1138 1427 1252 1455 [let-mine
1262 1427 1303 1460 F.,
1314 1429 1524 1460 Alexandrinus,
1539 1428 1746 1464 grammaticus,

960 1474 1129 1508 temporibus
1145 1475 1272 1502 Hadriani
1287 1476 1342 1511 imp
1357 1497 1364 1508 ,
1375 1483 1431 1511 quo
1450 1481 1572 1511 tempore
1586 1481 1612 1503 et
1629 1475 1753 1510 llermip-

961 1528 1020 1555 pns,
1040 1521 1175 1556 Berylius,
1192 1522 1267 1548 vixit.
1285 1522 1397 1555 Scripsit
1409 1522 1475 1558 Περὶ
1489 1524 1616 1558 στιγμῆς,
1634 1522 1669 1548 De
1683 1530 1752 1556 putr-

115 1567 204 1600 dedit,
220 1567 324 1595 cithara
339 1567 445 1599 ludens,
460 1567 605 1602 tragmdias
620 1574 703 1601 agens
713 1571 740 1593 et
755 1566 782 1593 in
797 1566 909 1594 theatris
924 1570 945 1599 c
961 1567 1011 1592 etis
1025 1568 1096 1601 apud
1114 1569 1268 1599 Ilomerum,
1286 1573 1310 1594 et
1329 1568 1366 1595 De
1382 1569 1540 1603 (Ii/ferentia,
1560 1577 1619 1604 qua:
1645 1568 1706 1595 inde
1725 1569 1751 1595 in

118 1613 233 1640 saltans.
255 1613 307 1640 Sed
322 1612 412 1640 adhuc
430 1613 590 1640 adolescens
609 1612 709 1641 studiis
726 1612 907 1648 philosophia:

119 1659 251 1692 vacabat,
276 1664 301 1686 et
327 1659 362 1686 de
383 1659 493 1686 Christo
517 1659 686 1694 inquirebat,
715 1667 795 1694 quem
819 1659 908 1686 adhuc

119 1712 265 1741 superesse
282 1705 309 1731 in
324 1704 392 1732 viris
406 1705 602 1732 arbitrabatur.
617 1703 741 1739 Cumque
755 1704 908 1738 comperis-

118 1756 173 1783 set,
189 1759 203 1779 a
219 1751 317 1779 Judaei:
336 1750 363 1778 in
379 1758 487 1778 crucem
505 1755 596 1778 actum
612 1757 682 1784 esse,
702 1750 787 1777 iratus
804 1749 908 1777 Annam

118 1803 148 1826 et
163 1797 294 1833 Caiphatn
313 1805 376 1825 cum
392 1796 490 1830 Pilato,
508 1802 572 1825 tunc
588 1796 687 1824 ludicre
702 1796 828 1831 praeside,
845 1796 906 1823 rin-

119 1850 181 1874 ctos
203 1844 236 1872 ad
262 1852 291 1872 se
316 1844 377 1872 duci
399 1845 493 1880 jussit,
515 1845 549 1872 ab
571 1844 660 1879 iisque
679 1844 836 1872 sciscitatus
857 1849 908 1875 est,

119 1897 292 1925 quaecunque
319 1891 345 1917 iu
370 1890 430 1924 cjus
458 1889 561 1922 iudicio
584 1893 643 1916 acta
665 1893 768 1921 essent,
797 1893 849 1915 etc.
872 1889 910 1916 Eu

120 1941 244 1971 tempore
258 1942 285 1964 et
300 1936 394 1964 Simon
421 1936 515 1970 Magus
531 1936 655 1968 ﬂorebat,
675 1943 795 1970 cumque
811 1935 910 1963 Petrus

119 1989 148 2010 et
176 1982 271 2010 Simon
294 1987 427 2017 praesente
448 1982 554 2010 Nerone
578 1983 649 2010 inter
674 1989 703 2009 se
727 1982 909 2017 disputat-ent,

120 2029 236 2056 eductus
250 2032 292 2055 est
311 2035 344 2054 ex
377 2035 488 2055 carcere
513 2027 626 2054 Pilatus.
658 2026 729 2054 Nero
763 2027 905 2054 Simonem

120 2075 269 2109 interrogat
282 2081 315 2101 an
327 2078 400 2102 esset
419 2073 565 2101 Christus?
580 2073 627 2101 Ille
638 2081 667 2101 se
677 2081 737 2102 esse
750 2074 797 2101 ait.
808 2072 912 2108 Negant

122 2121 221 2148 Petrus
243 2126 269 2147 et
290 2119 395 2148 Pilatus
419 2129 425 2146 :
451 2120 512 2153 llic,
532 2120 632 2155 inquit,
652 2119 795 2156 Egyptius
818 2124 867 2152 est,
887 2124 911 2146 et

122 2167 200 2195 obeso
215 2175 323 2202 corpore
336 2172 361 2194 et
385 2166 496 2202 prolixis
543 2167 646 2202 capillis
663 2172 689 2195 et
704 2168 777 2202 niger
792 2167 912 2194 omnino-

122 2222 172 2248 que
184 2213 216 2240 ab
225 2214 282 2248 ejus
294 2214 380 2248 forum
394 2214 504 2246 alienus,
521 2219 574 2241 etc.

160 2259 258 2290 Nerva,
276 2260 460 2287 Hornanornm
475 2260 696 2295 inrp.,Joannem
711 2259 916 2294 evangelistam,

122 2315 156 2334 ex
179 2305 274 2334 Patrne
287 2314 343 2340 quo
361 2307 496 2339 relegatus
509 2311 576 2338 crat,
593 2311 762 2337 revocatum,
778 2306 915 2340 Ephesum

124 2353 244 2383 reduxit,
281 2360 314 2380 co
346 2357 467 2387 tempore
495 2353 551 2387 (9‘2)
575 2361 628 2388 quo
653 2358 679 2380 et
704 2352 915 2380 Manicbzeorum

124 2401 224 2434 dogma
256 2399 281 2426 in
312 2400 399 2426 lucem
422 2399 530 2434 prodiit,
553 2399 657 2426 Mancte
685 2399 809 2426 lucresim
839 2407 916 2426 suam

124 2450 220 2481 aperte
243 2445 368 2472 docente.

161 2493 315 2520 Nestorius.
333 2492 552 2524 PostManetem,
566 2491 725 2524 ctPanlum,
742 2497 768 2519 et
779 2492 915 2526 Apollina-

125 2548 194 2570 rem,
205 2543 231 2565 et
242 2539 427 2570 Theodorum,
444 2539 543 2573 prodiit
554 2538 708 2570 Nestorius,
722 2538 912 2570 Germanicae,

125 2586 213 2620 Syria:
231 2586 306 2616 urbe,
323 2586 466 2616 oriundus,
480 2585 525 2620 qui
539 2585 603 2612 sedc
619 2584 701 2613 (1Ροί.
721 2585 833 2620 potitus,
853 2593 916 2612 voce

123 2633 243 2660 duarum
262 2632 288 2658 in
306 2631 416 2659 Christo
438 2637 598 2659 naturarum
617 2632 688 2659 malo
709 2640 802 2659 errore
817 2633 920 2660 abusus

124 2685 179 2711 est,
195 2687 271 2713 atque
291 2686 323 2706 ac
345 2678 445 2706 Paulus
459 2678 666 2711 cthcodortts,
687 2686 702 2705 a
723 2679 821 2714 quibus
835 2687 919 2713 genus

167 2767 223 2802 (9|)
240 2767 366 2794 Ilionente
382 2767 500 2793 Knstero
516 2772 571 2794 not.
590 2768 606 2793 7
623 2768 711 2799 (tom.
731 2768 762 2794 ll.
782 2776 808 2802 p.
826 2767 878 2792 non
890 2766 897 2795 )
911 2786 917 2796 ,

125 2811 182 2828 ron
198 2801 355 2828 .Vansicrnti
368 2805 485 2833 comico,
498 2802 543 2829 sml
559 2802 690 2828 Naucrati
705 2801 834 2831 fabulam,
850 2802 920 2835 Πέρ-

127 2846 170 2867 σις
192 2839 312 2871 assignat
335 2838 479 2864 Ᾱιξιιιιμιξιις
493 2859 500 2869 ,
521 2838 567 2864 lib.
591 2837 635 2864 1Χ.
657 2838 708 2864 Sed
729 2847 752 2864 ν.
779 2845 872 2872 supra,
893 2838 919 2863 in

125 2873 184 2900 vul.
202 2873 233 2901 ll.
251 2881 310 2906 pag.
331 2873 491 2899 7-41.ΙΙλιιιμ

164 2909 221 2943 (tu)
250 2908 377 2935 \‘idcntur
403 2909 453 2935 hoc
478 2910 537 2935 luco
561 2908 631 2942 apud
658 2907 769 2935 Suidam
792 2907 923 2934 nonuulla

960 1620 1036 1639 sensu
1053 1614 1157 1644 oritur;
1174 1613 1211 1640 De
1223 1615 1430 1649 interpunctione
1442 1614 1469 1641 in
1489 1622 1592 1649 genere,
1609 1615 1688 1641 libros
1703 1612 1753 1646 γι;

960 1659 1054 1686 horum
1069 1658 1253 1694 Compcmlium
1270 1661 1337 1687 libro
1354 1659 1384 1693 I;
1402 1660 1438 1688 De
1463 1661 1565 1695 punctis
1582 1661 1652 1696 apud
1668 1660 1754 1688 Calli-

961 1705 1093 1739 machum,
1108 1710 1135 1733 ct
1150 1706 1213 1733 alia.

996 1751 1115 1778 Nicetas.
1133 1751 1220 1787 Supra
1237 1753 1263 1780 in
1285 1752 1436 1787 Heraclide,
1456 1753 1548 1789 Lycio.

996 1796 1171 1830 Nicnebares,
1197 1797 1346 1827 Philonida:
1373 1800 1471 1828 cornici
1497 1800 1540 1832 F.,
1564 1801 1754 1832 Atheniensis.

961 1843 1095 1874 comicus.
1108 1844 1220 1878 a-qualis
1235 1845 1438 1880 Aristophanis.
1451 1845 1489 1872 Ex
1505 1845 1566 1881 ejus
1581 1846 1680 1874 fabulis
1692 1850 1759 1874 sunt

967 1889 1127 1924 ’Δμυμώνη,
1139 1890 1237 1925 Πέλοψ.
1249 1891 1393 1924 Γαλάτεια,
1411 1891 1552 1927 Ἡρακλῆς
1565 1893 1673 1928 γαμῶν,
1682 1894 1754 1928 Χορ-

962 1934 1039 1970 mg,
1058 1936 1177 1971 Κρῆτες,
1191 1937 1330 1970 Λάκωνες,
1341 1938 1470 1973 Λήμνιαι,
1485 1939 1647 1974 Κένταυροι,
1659 1941 1757 1977 Χειρο-

963 1984 1107 2020 γάστορες.

999 2031 1136 2063 Nicolaus,
1154 2040 1184 2059 ex
1199 2032 1280 2068 Myris
1292 2032 1390 2069 Lycias,
1403 2032 1522 2062 fervidus
1533 2034 1751 2062 Christianorum

963 2081 1149 2111 propugnator
1172 2081 1199 2103 et
1225 2077 1362 2109 sacerdos,
1384 2078 1432 2112 qui
1453 2085 1551 2113 magna
1575 2086 1636 2106 cum
1653 2078 1753 2106 fiducia

964 2121 1019 2149 Deo
1029 2129 1124 2157 preces
1139 2122 1296 2151 adhibebat.
1310 2123 1358 2150 llic
1369 2123 1437 2151 nihil
1450 2124 1560 2159 quidem
1575 2124 1695 2160 scripsit,
1709 2125 1756 2152 sed

967 2168 994 2195 in
1011 2168 1114 2196 somnis
1129 2169 1193 2204 imp.
1212 2169 1393 2198 Constantino
1404 2176 1508 2203 astans,
1521 2177 1574 2199 etc.

935 2219 955 2246 ι)
1005 2214 1145 2247 Nicolaus,
1162 2215 1358 2250 Damascenus,
1372 2217 1477 2245 amicus
1497 2222 1524 2245 et
1541 2218 1683 2246 familiaris
1703 2217 1758 2244 lle.-

967 2262 1040 2290 rodis
1051 2263 1123 2298 regis
1135 2261 1303 2297 Judacorum,
1318 2268 1345 2291 et
1358 2265 1474 2300 Augusti
1490 2263 1618 2298 Casaris,
1633 2265 1679 2301 qui
1697 2265 1756 2300 pla~

966 2311 1059 2335 eentas
1079 2308 1195 2336 mellitas
1215 2309 1248 2336 ab
1267 2318 1300 2337 eo
1321 2309 1421 2338 missas
1438 2310 1563 2339 Nicotaus
1578 2311 1731 2346 appellabat
1748 2321 1755 2339 :

967 2354 1146 2389 philosophus
1162 2354 1375 2390 Peripateticus,
1388 2361 1436 2384 aut
1449 2357 1617 2386 Platonicus.
1637 2357 1751 2393 Scripsit

969 2399 1118 2427 Historiam
1134 2402 1308 2429 uniuersalem
1322 2402 1401 2430 libris
1413 2403 1528 2438 LXXX,
1542 2409 1588 2433 aut
1605 2405 1756 2433 secundum

971 2447 1140 2479 Atheniseum,
1155 2447 1224 2475 CXL
1240 2447 1300 2481 lib.,
1313 2455 1360 2476 aut
1374 2449 1492 2480 CXXIV.
1506 2456 1616 2478 auctore
1627 2451 1756 2486 .loscpho.

975 2491 1096 2529 Itemque
1111 2495 1148 2522 De
1163 2496 1214 2522 vita
1235 2500 1259 2522 et
1273 2496 1428 2524 educatione
1447 2497 1572 2525 Cesaris.
1589 2497 1695 2526 Patrem
1717 2499 1764 2525 ha-

974 2539 1043 2572 lruit,
1060 2542 1106 2576 qui
1127 2550 1192 2576 opes
1203 2547 1229 2570 ct
1244 2543 1343 2570 famam
1359 2543 1510 2572 eruditione
1525 2545 1638 2580 adeptus
1651 2545 1736 2572 fuerat
1753 2555 1760 2571 :

974 2585 1065 2620 itaque
1086 2587 1129 2614 ille
1152 2596 1167 2615 a
1192 2596 1276 2623 puero
1302 2590 1329 2616 in
1357 2590 1484 2618 omnibus
1511 2591 1608 2619 litteris
1639 2592 1761 2619 eruditus

974 2634 1158 2666 grammaticae
1176 2640 1257 2670 atque
1272 2635 1333 2663 inde
1349 2637 1460 2671 poeticae
1476 2637 1547 2664 haud
1565 2638 1702 2672 vulgarem
1717 2646 1763 2672 pe.

974 2680 1064 2706 ritiam
1083 2681 1133 2708 sibi
1149 2687 1362 2716 comparaverat,
1378 2683 1445 2710 adeo
1461 2688 1489 2711 nt
1509 2683 1649 2720 tragrcdjas
1668 2690 1762 2710 comm-

972 2768 1116 2795 em'itlisse.
1137 2768 1203 2795 Nam
1218 2768 1429 2797 Manichaeorum
1447 2775 1527 2798 sectae.
1545 2770 1621 2804 origo
1639 2777 1653 2795 a
1669 2768 1765 2796 Nerva:

973 2807 1051 2840 :l‘lttlt:
1070 2809 1169 2840 remota
1185 2810 1225 2831 cst
1240 2806 1319 2832 annis
1334 2806 1452 2840 amplius
1468 2805 1601 2832 centenis.

1009 2839 1064 2878 μιᾷ)
1094 2839 1214 2879 Intelligc
1236 2840 1406 2876 dogmatum,
1435 2850 1490 2869 nou
1520 2839 1766 2877 consanguinitatis

974 2881 1049 2908 propr
1056 2878 1219 2909 tiquitatem.
