1921 3072
103 142 154 173 311

704 143 752 173 DE
772 143 915 179 QUIBUS
934 143 1083 174 SUIUAS.

1658 145 1724 178 1318

119 196 590 232 PlianesinOrphicisintroducitur
605 198 870 234 etEricapaeus,etc.
888 200 910 228 Α
928 206 1003 225 novae
1015 197 1167 227 comedis,
1197 198 1242 232 qni
1269 198 1360 226 ﬂoruit
1390 205 1520 234 regnante
1557 199 1723 232 Alexandro.

83 242 117 269 ν.
138 242 247 270 Kustcri
266 248 323 272 not.
342 243 385 276 I0,
405 248 471 270 tom.
485 243 526 277 IlI,
542 251 604 280 pag.
618 243 680 272 577.

120 289 238 316 Pbauias
270 289 327 316 sive
355 289 501 322 Plncuias,
530 289 667 322 Eresius’,
699 289 878 324 philosophus

83 335 293 369 Peripateticus,
322 335 477 362 Aristotelis
502 335 665 370 discipulus.
686 335 762 363 Vixit
786 336 878 371 Olym-

84 380 164 414 piude
179 379 253 412 CXI,
269 384 297 406 et
313 384 405 414 postea
420 379 470 406 sub
483 380 639 408 Alexandro
657 380 816 408 Macedone.
844 395 878 400 -—

83 425 148 452 Fuit
166 429 193 452 et
210 425 276 452 alter
292 425 420 457 P/mnias,
436 426 491 453 dux
507 426 656 454 exercitus.

122 473 216 500 Phaon
244 473 387 499 adamatus
405 480 418 497 a
440 471 598 507 Sapphone,
620 480 674 500 non
697 472 743 500 illa
763 473 877 508 poetria,

84 518 134 546 sed
165 517 263 545 Lesbia
288 518 416 553 quadam,
446 525 508 552 quae
536 517 669 546 frustrata
696 524 745 554 spe
772 526 822 546 sua
845 518 879 547 de

85 564 213 591 Leucade
227 571 293 599 rupc
308 571 338 591 se
352 563 544 599 praecipitavit.

123 612 268 643 Pharisaei,
289 610 419 646 separati,
447 610 519 645 quod
549 617 578 638 se
595 611 629 638 ab
645 610 706 638 aliis
731 610 880 646 distingue-

85 663 148 686 rent
161 659 213 685 vita
228 666 295 692 pura
306 662 330 685 et
345 663 473 685 accurata
482 657 549 692 legis
560 657 759 685 observatione.
775 657 880 685 Scribis

84 705 183 732 eadem
212 704 349 736 instituta,
379 703 560 736 continentia,
593 703 647 730 vita
673 703 793 738 conjugii
833 711 880 731 cx-

85 757 172 784 pers,
199 755 252 777 etc.
283 748 442 776 Exactiores
470 748 575 781 etiam,
605 747 758 775 admirandi
786 748 880 777 Esswi.

86 794 223 822 Cancrum
239 793 341 822 Paulus
364 793 550 821 Pharisaicam
573 793 680 820 vivendi
697 794 830 822 rationem
853 798 882 821 ut

85 842 220 874 optimam
245 845 377 868 sectatum
407 847 437 868 se
467 844 595 867 testatur.
621 839 748 875 (Philipp.
776 848 817 873 tu,
840 839 880 875 5.)

87 886 268 914 Dormiebant
278 886 406 914 Pharisaei
421 888 448 914 in
461 885 567 921 exiguis
581 885 680 913 tabulis
695 885 737 913 vel
755 886 782 913 in
795 885 881 921 spinis

87 933 132 959 vel
161 933 189 960 in
213 932 369 968 scrupulis,
387 941 421 960 ne
443 939 490 967 per
515 932 652 960 somnium
683 932 879 967 polluerentur.

85 978 168 1014 Apud
181 979 289 1006 eosdem
307 979 391 1006 fatum
405 983 431 1006 et
446 977 612 1006 astronomia
629 978 718 1014 magni
736 978 845 1006 fiebant.

124 1025 313 1056 Pherecrates,
328 1024 506 1052 Atheniensis
519 1024 652 1055 comicus.
665 1024 711 1059 qui
723 1023 878 1051 Alexandro

87 1073 114 1100 iu
135 1071 357 1106 expeditionibus
381 1071 486 1098 bellicis
510 1078 603 1099 comes
620 1070 683 1104 fuit,
699 1069 818 1098 Fabulas
834 1070 883 1098 do-

86 1119 147 1147 cuit
163 1118 248 1151 XVII,
264 1119 290 1146 in
308 1118 350 1146 his
366 1117 506 1153 Πετάλην.

125 1165 308 1200 Pherecydes,
325 1163 405 1191 Dabis
420 1162 464 1196 F.,
477 1171 510 1191 ex
526 1163 604 1199 Syro,
621 1162 771 1190 insularum
787 1161 883 1197 Cycla--

87 1213 155 1240 dum
185 1219 249 1243 una,
274 1218 359 1246 prope
385 1210 490 1242 Delum,
521 1209 627 1245 Syrius.
658 1208 732 1236 Vixit
762 1213 882 1244 tempore

89 1257 236 1293 llalyattis,
252 1256 324 1292 regis
347 1256 483 1292 Lydorum
501 1260 527 1283 et
542 1263 577 1283 vn
595 1255 750 1290 sapientum
768 1254 882 1290 aequalis

89 1303 155 1336 fuit,
172 1308 253 1330 natus
268 1303 339 1330 circa
355 1301 426 1328 XLV
439 1301 637 1337 Olympiadem.
654 1301 766 1331 Ferunt,
784 1300 884 1336 Pytha.

87 1356 187 1384 geram
215 1348 249 1375 ab
273 1355 305 1375 eo
330 1347 483 1374 institutum
508 1346 601 1378 fuisse,
619 1346 707 1381 ipsqu
738 1352 803 1373 vero
828 1352 881 1372 non

89 1395 224 1422 habuisse
244 1398 448 1429 praeceptorem,
476 1392 522 1420 sed
548 1392 657 1427 proprio
675 1399 704 1419 se
727 1391 884 1418 exercuisse

90 1440 197 1473 studio,
225 1440 391 1475 comparatis
412 1439 465 1467 sibi
487 1438 596 1466 arcanis
615 1438 776 1465 Phoenicum
793 1437 882 1469 libris,

88 1487 272 1523 κτησάμενον
285 1485 318 1513 τὰ
335 1485 466 1513 Φοινίκων
481 1485 631 1521 ἀπόκρυφα
643 1483 745 1519 βιϐλία.
764 1483 881 1517 Quidam

90 1533 216 1565 tradunt,
237 1539 298 1559 eum
323 1532 449 1559 oratione
469 1538 551 1566 prosa
567 1531 686 1566 primum
704 1529 825 1557 scribere
840 1529 883 1556 iu-

91 1579 227 1610 stituisse,
244 1578 315 1613 quod
343 1577 389 1605 alii
413 1577 447 1605 ad
470 1577 603 1605 Cadmum
626 1575 755 1603 referunt.
775 1576 884 1603 Primus

90 1627 175 1653 etiam
194 1625 347 1652 animarum
365 1631 398 1651 ex
412 1631 526 1659 corpore
539 1623 564 1650 in
578 1622 651 1649 aliud
666 1629 764 1656 corpus
782 1622 885 1657 migra-

92 1673 198 1699 tionem
223 1671 350 1699 docuisse
371 1669 468 1698 fertur.
487 1669 612 1697 Sectatus
632 1673 675 1696 est
691 1668 812 1696 Thaletis
828 1669 885 1703 opi-

92 1719 218 1746 nionem.
258 1717 332 1744 Obiit
360 1716 456 1744 morbo
484 1715 646 1751 pediculari.
674 1714 793 1747 Omnia,
825 1723 885 1750 quae

91 1764 205 1800 scripsit
232 1764 289 1791 hazc
308 1766 372 1790 sunt
394 1772 402 1789 ε
421 1761 595 1798 Ἐπτάμυχος
609 1762 668 1797 ἦτοι
692 1761 847 1796 Θεοκρασία
869 1762 885 1798 ἢ

91 1810 235 1845 Θεολοτιιι,
261 1809 300 1836 ἐτι
322 1808 350 1835 δὲ
375 1808 528 1844 Θεογονῐα),
544 1808 621 1835 libris
650 1807 744 1834 decem
771 1807 885 1835 deorum

93 1858 299 1893 generationem
317 1862 343 1883 et
355 1855 560 1883 successionem
574 1854 731 1882 continens.

128 1903 312 1939 Pherecydes,
326 1902 433 1935 Lerius,
452 1902 611 1933 historicus,
627 1907 705 1929 natus
722 1901 802 1935 paulo
823 1905 886 1929 ante

92 1949 401 1985 LXXVVOlympiadcm.
411 1947 527 1983 Scripsit
540 1947 573 1975 dc
586 1947 671 1981 Lero;
687 1947 720 1974 de
736 1945 885 1982 Iphigenia,

92 1998 126 2024 de
144 1996 246 2023 Bacchi
263 1995 340 2023 festis
355 1999 380 2022 et
394 1994 456 2021 alia.

130 2042 256 2074 Phidias,
277 2041 436 2073 statuarius,
462 2041 508 2075 qui
532 2045 648 2068 statuam
665 2040 814 2067 eburneam
835 2039 886 2066 Mi-

92 2096 188 2116 ncer
207 2087 282 2116 Iecit.
300 2087 419 2115 Pericles
434 2094 510 2120 vero,
529 2087 684 2122 sumptibus
705 2086 731 2113 in
753 2094 812 2113 eam
831 2093 888 2113 rem

95 2134 233 2162 faciendis
247 2142 262 2161 a
279 2134 378 2168 popqu
400 2133 556 2168 pra-fectus,
572 2132 770 2168 quinquaginta
789 2132 888 2160 talenta

93 2181 179 2208 vertit
193 2181 219 2208 in
233 2188 288 2207 rem
301 2188 392 2213 suam,
409 2186 444 2214 et,
461 2188 493 2207 nc
507 2180 627 2208 rationes
641 2180 776 2212 redderet,
787 2179 887 2207 bellum

93 2227 236 2259 excitavit,
254 2231 306 2254 etc.

133 2273 301 2307 Philagrius,
320 2271 429 2307 Lycius,
448 2271 606 2305 MaCI'BIlSIS,
625 2276 654 2299 ut
671 2273 801 2307 repetitur
815 2271 887 2305 apud

94 2317 308 2352 Eugenatorcm.
339 2317 390 2344 Sed
419 2322 448 2344 ut
481 2317 538 2352 ipse
558 2316 713 2349 Philagrius
738 2317 833 2343 scribit
853 2315 886 2342 ad

96 2363 285 2390 Philemonem
305 2363 331 2389 in
351 2362 465 2397 cpistola
482 2362 515 2389 de
535 2362 627 2397 jccore
642 2362 780 2394 indurato,
807 2361 890 2389 fuerit

95 2408 325 2443 potiusmedicus
339 2407 460 2443 Epirota.
477 2408 627 2442 discipulus
640 2406 812 2439 Nanmachii,
829 2412 889 2441 post

96 2455 193 2482 Galeni
220 2459 363 2488 tempora,
389 2454 435 2489 qui
457 2453 661 2481 Thessalonica:
685 2457 713 2480 ut
739 2453 886 2488 plurimum

96 2504 186 2527 artem
202 2499 335 2534 medicam
352 2499 484 2527 exercuit.
515 2498 676 2534 Composuit
700 2499 784 2526 libros
800 2499 888 2526 medi-

97 2554 147 2573 t-os
164 2544 245 2577 LXX,
265 2545 286 2572 si
308 2545 430 2580 singulos
446 2553 582 2576 numeres,
600 2545 707 2579 aliaquo
731 2552 813 2579 opera
835 2552 888 2572 non

96 2600 199 2628 pauca.
220 2591 284 2618 Item
301 2591 534 2618 Commentarium
553 2592 579 2618 in
598 2591 798 2625 Ilippocratem.

134 2638 255 2671 Phileas,
270 2638 316 2673 qui
331 2637 496 2664 Andocidem
512 2637 648 2672 sacrilegii
663 2637 813 2665 accusavit.

132 2682 291 2715 Philemon,
320 2682 530 2717 Syracusanus,
556 2682 683 2710 Damonis
708 2681 888 2715 F.,comicns

132 2781 172 2815 (I)
193 2780 267 2813 Haec,
294 2789 355 2816 quat
373 2781 501 2816 deinceps
531 2789 564 2808 ex
588 2780 699 2809 Eliano
722 2782 821 2810 Suidns
843 2783 885 2810 af-

95 2816 162 2847 fert,
177 2817 210 2843 de
224 2817 310 2843 altero
328 2817 486 2844 Philemone
503 2817 677 2849 intelligenda
690 2823 766 2849 sunt,
783 2826 836 2844 non
852 2819 886 2845 de

96 2851 154 2885 illo,
179 2851 227 2887 qui
250 2852 306 2879 risu
326 2856 368 2880 est
398 2857 550 2879 emortuus.
573 2851 761 2888 (Philemonis,
776 2854 884 2889 comici,

930 245 1011 279 paqu
1025 250 1088 272 ante
1106 244 1293 272 Menandrum.
1313 245 1430 280 Scripsit
1445 246 1596 275 corntedias
1615 246 1725 275 circiter

931 291 985 323 XC,
1011 297 1038 319 et
1056 292 1121 318 vixit
1146 299 1234 319 annos
1259 291 1355 325 XCIV;
1373 293 1483 328 quidam
1506 302 1593 322 annos
1609 294 1652 322 Cl.
1675 295 1724 322 tri—

931 337 1027 364 buunt.
1055 337 1211 364 Ets‘lIIICIUS
1235 341 1277 363 est
1299 337 1480 366 immoderato
1494 340 1565 367 risu.
1587 340 1662 368 Bello
1686 340 1724 375 (ἰ)

931 383 1001 410 inter
1019 382 1200 410 Atheuienses
1216 387 1243 409 ct
1271 382 1437 418 Antigonum
1460 385 1603 420 flagrante,
1628 386 1655 413 in
1677 387 1721 413 l'i-

930 437 984 455 raro
1006 429 1108 463 degens
1133 428 1274 455 Philemon
1313 436 1362 464 per
1384 431 1522 457 somnium
1541 431 1607 458 vidit
1626 439 1723 458 novem

930 475 1045 509 puellas,
1061 475 1142 501 domo
1160 482 1209 502 sua
1224 479 1368 503 exeuntes.
1399 475 1504 502 Somno
1529 477 1636 504 solutus
1661 485 1726 504 πιτν-

931 520 1003 547 ravit
1018 528 1102 554 puero
1119 521 1256 548 somnium
1283 529 1289 547 :
1318 525 1346 548 et
1369 521 1474 555 reliqua
1492 522 1634 554 dramatis,
1652 523 1723 556 quod

930 571 1069 600 cmperat,
1094 565 1221 593 absolvit.
1256 565 1353 593 Postea
1379 566 1520 593 involvens
1549 574 1578 594 se
1606 568 1725 595 vestibus

931 611 1069 645 stragulis.
1079 611 1168 645 quiete
1182 611 1268 646 jacuit
1279 617 1304 638 et
1316 619 1378 638 mox
1393 616 1519 638 mortuus
1531 616 1573 639 est
1590 617 1724 646 repertus.

931 659 1046 684 Aderant
1063 658 1155 693 igitur.
1180 657 1306 692 Epicure,
1332 657 1482 684 P/tilmuoui
1510 665 1600 684 novem
1626 657 1722 688 illum.

932 708 969 734 ct,
1001 711 1059 729 cum
1091 702 1175 737 fatale
1202 703 1269 730 illud
1293 708 1317 730 et
1343 703 1465 729 ultimum
1491 703 1725 737 itcringresmrus

931 753 1008 782 esset,
1025 749 1057 776 ab
1072 749 1119 776 illo
1133 749 1259 784 digressa:
1271 753 1341 774 sunt.
1362 749 1418 775 Diis
1443 749 1512 775 enim
1539 749 1614 782 m'fus
1639 749 1726 776 videre

932 801 1061 828 mortuos,
1095 795 1214 830 quamvis
1244 795 1295 821 sibi
1321 795 1503 825 charissima,
1537 803 1568 822 ne
1592 800 1726 829 aspectum

933 840 1066 876 polluant,
1084 841 1254 868 morientium
1268 840 1489 868 exhalationibns.
1503 840 1541 867 Tu
1555 849 1623 874 raro,
1634 841 1725 873 stulte,

934 888 985 919 aia,
998 895 1040 918 eos
1056 895 1088 914 ne
1100 894 1193 914 curare
1206 887 1312 922 quidem
1328 894 1368 914 res
1384 893 1499 914 nostras.
1514 886 1641 915 Elianus
1655 887 1725 915 libro

935 933 972 961 De
984 932 1171 960 Providentia.

970 978 1114 1007 Philemon
1141 979 1244 1014 junior,
1269 983 1295 1006 et
1312 978 1371 1014 ipse
1394 978 1528 1012 cemicus,
1545 979 1617 1008 ﬁlius
1635 978 1726 1006 Phile-

935 1028 1025 1056 monis
1040 1027 1150 1062 comici,
1172 1027 1219 1063 qui
1233 1027 1328 1055 docuit
1341 1026 1446 1054 fabulas
1461 1026 1532 1054 LlV.

972 1073 1140 1110 Philepsius,
1158 1073 1236 1107 cujus
1249 1077 1279 1101 ut
1294 1072 1412 1100 hominis
1425 1073 1515 1100 callidi
1536 1073 1725 1100 meminerunt

934 1120 1033 1150 comici
1059 1121 1179 1155 antiquae
1206 1119 1358 1152 comoediae,
1374 1123 1401 1146 et
1419 1119 1491 1154 quod
1515 1119 1586 1146 inter
1614 1120 1726 1146 concio-

934 1167 1054 1195 nandum
1071 1166 1173 1202 populo
1187 1165 1300 1193 fabellas
1315 1173 1427 1193 narrare
1442 1165 1638 1199 soleliat,;idem
1649 1165 1727 1200 joco‘

935 1221 995 1241 rum
1011 1220 1107 1240 amans
1121 1211 1363 1247 θιφιλοπαίγμων,
1381 1217 1411 1238 ut
1429 1212 1517 1238 innuit
1530 1211 1727 1239 Demosthenes

935 1260 1064 1287 Oratione
1080 1264 1177 1287 contra
1197 1250 1390 1286 Timocratem.

972 1305 1131 1332 Philetaerus
1158 1304 1344 1336 Atheniensis,
1372 1303 1506 1335 comicus,
1530 1303 1601 1331 Illius
1622 1303 1728 1331 Aristo-

935 1349 1034 1384 phanis
1059 1349 1168 1376 comici.
1197 1348 1307 1376 Fabula:
1324 1347 1382 1383 ejus
1397 1346 1469 1381 XXI,
1490 1354 1524 1375 ex
1546 1347 1648 1383 quibus
1663 1354 1728 1376 sunt

936 1395 977 1422 hac
994 1403 1000 1421 :
1026 1394 1178 1430 Ἀχιλλεὺς,
1193 1393 1405 1430 Κορινθιαστὴς,
1421 1393 1564 1427 Φίλαυλος,
1589 1394 1726 1429 Κέφαλος,

934 1443 1052 1479 Τηρεὺς,
1070 1442 1228 1475 Ἄντυλλος,
1243 1441 1378 1469 Οἰνοπίων
1393 1441 1558 1478 (Nicostrato
1573 1441 1674 1470 tributa
1694 1442 1729 1469 ab

936 1490 1025 1525 aliis);
1044 1494 1101 1517 tum
1113 1488 1265 1524 Ἀταλάντη
1282 1493 1309 1516 et
1323 1488 1550 1524 Λαμπαδοφόροι.

973 1535 1101 1567 Philetas,
1126 1535 1211 1567 Cous,
1236 1533 1348 1569 Telephi
1379 1533 1425 1567 F.,
1445 1534 1537 1562 clarus
1563 1533 1679 1569 Philippi
1700 1540 1728 1562 et

938 1581 1083 1609 Alexandri
1100 1585 1231 1616 tempore,
1243 1581 1451 1615 grammaticus,
1466 1580 1589 1608 criticus.
1605 1580 1654 1608 Hic
1665 1589 1727 1608 cum

936 1628 963 1655 in
981 1627 1144 1655 inveniendo
1163 1627 1342 1662 sophismate,
1361 1627 1435 1662 quod
1455 1628 1662 1661 pseudomenum
1682 1637 1730 1654 vo-

936 1679 1023 1707 catur,
1047 1674 1209 1707 elabOrareI,
1238 1678 1384 1701 extenuato
1414 1681 1529 1708 cerpore
1557 1673 1636 1700 obiit.
1667 1673 1729 1701 Fuit

937 1727 1087 1756 przeceptor
1104 1720 1239 1748 Ptolemaei
1253 1720 1376 1753 secundi,
1394 1720 1559 1755 scripsitque
1589 1719 1729 1756 Epigram-

937 1771 1020 1798 mata,
1035 1765 1132 1800 elegia:
1146 1769 1173 1792 et
1189 1764 1254 1792 alia.

974 1810 1141 1845 Philippicas
1155 1809 1304 1844 Bardoncs,
1319 1809 1473 1838 Justiniano
1488 1812 1554 1846 imp.
1572 1811 1728 1844 interfecto,

937 1855 1014 1882 visus
1037 1859 1076 1882 est
1108 1856 1254 1882 inhoneste
1282 1860 1310 1882 et
1335 1856 1454 1890 segniter
1474 1856 1619 1890 imperium
1643 1857 1732 1884 admi-

939 1902 1065 1929 nistrare.
1091 1901 1123 1928 Et
1143 1901 1241 1929 Patres
1262 1903 1433 1930 mcnmenico
1454 1903 1574 1930 conrilio
1597 1902 1687 1937 (CPol.
1704 1911 1729 1930 a.

938 1948 1001 1983 680)
1021 1953 1211 1984 congregatos,
1245 1948 1410 1976 anathemati
1441 1949 1569 1983 subjecit,
1598 1949 1731 1976 divinitus

939 1998 973 2024 ab
991 1995 1045 2023 illis
1062 1995 1187 2022 decretas
1212 1994 1282 2022 duas
1305 1995 1330 2021 in
1358 1994 1504 2022 Servatorc
1529 1995 1684 2023 voluntates
1704 2000 1732 2022 ct

939 2043 1062 2071 actiones
1077 2049 1129 2069 non
1148 2041 1304 2072 admittens,
1323 2040 1461 2074 adjutores
1474 2046 1570 2069 nactus
1583 2041 1727 2074 Joannem,

940 2094 1005 2117 tunc
1020 2088 1096 2115 urbis
1113 2087 1252 2122 (CPoleos)
1270 2093 1408 2113 summum
1433 2087 1599 2122 pontificem,
1612 2093 1638 2115 et
1662 2087 1730 2115 Ger-

941 2143 1064 2167 manum,
1080 2133 1170 2169 Cyzici
1187 2131 1440 2167 uretropolitanum,
1455 2138 1481 2160 ct
1494 2133 1563 2161 alios
1575 2134 1731 2161 sacerdotes

940 2185 967 2208 et
982 2183 1124 2207 senatores
1137 2178 1280 2214 plurimos.

904 2230 926 2257 ι)
975 2225 1153 2260 Philippides,
1176 2224 1362 2256 Atheniensis,
1391 2224 1515 2251 comicus
1531 2231 1608 2252 novze
1629 2232 1732 2254 comm-

942 2272 1005 2302 diaa.
1022 2271 1095 2299 filius
1119 2270 1261 2304 Philoclis,
1280 2271 1346 2298 vixit
1366 2269 1525 2306 Olympiade
1548 2269 1616 2303 CXI,
1639 2271 1732 2299 docuit

941 2317 1048 2345 fabulas
1067 2315 1162 2344 XLIV.

977 2363 1119 2397 Philippus
1135 2381 1143 2394 ,
1174 2361 1375 2396 Amphipolites
1389 2382 1397 2393 ,
1418 2360 1570 2388 historicus
1586 2381 1593 2393 ,
1619 2361 1732 2396 scripsit

943 2407 1081 2435 Rhodiaca
1103 2407 1177 2434 libris
1201 2405 1282 2439 XIX,
1308 2406 1461 2441 argumenti
1491 2406 1569 2433 valde
1595 2406 1729 2434 obsceni:

942 2453 1041 2481 Caiaca
1057 2453 1136 2481 libris
1149 2452 1182 2485 II,
1205 2452 1337 2480 Tltasiaca
1354 2453 1431 2481 libris
1447 2452 1479 2484 Il,
1496 2456 1522 2480 et
1537 2452 1599 2480 alia.

979 2499 1137 2534 Philippus,
1156 2498 1296 2534 Sophista,
1324 2499 1370 2534 qui
1398 2498 1508 2533 scripsit
1531 2498 1568 2525 De
1583 2498 1732 2532 spiritibus,

942 2545 1126 2572 Hcrodianum
1148 2549 1269 2577 secutus,
1298 2545 1449 2572 secundum
1474 2545 1598 2573 ordinem
1624 2545 1731 2572 littera-

941 2600 1001 2619 rum
1021 2601 1026 2618 :
1045 2592 1109 2619 item
1128 2591 1165 2619 De
1179 2591 1342 2626 synaloephe.

977 2637 1129 2672 Philippus,
1155 2637 1291 2669 comicus,
1311 2645 1343 2664 ex
1374 2638 1452 2672 cujus
1475 2638 1646 2666 dramatibus
1668 2642 1732 2665 sunt

941 2684 1149 2716 Κωδωνιασταὶ,
1167 2688 1235 2711 teste
1251 2683 1380 2711 Athenao
1390 2683 1459 2719 [sei],
1474 2689 1586 2713 notante
1601 2683 1730 2716 Kustem.

941 2784 1066 2821 dramata
1081 2789 1206 2821 recenset
1221 2785 1313 2812 etduo
1328 2785 1398 2812 alios
1413 2783 1599 2821 Philemenus,
1613 2787 1730 2814 alterum

941 2819 1118 2857 Tarsensem,
1133 2820 1252 2857 alterum
1268 2821 1490 2857 grammaticum,
1506 2822 1651 2857 distinguit
1670 2822 1730 2849 Ku-

941 2860 996 2883 ster
1013 2856 1046 2883 ad
1063 2856 1090 2883 h.
1104 2855 1122 2882 I.
1140 2859 1197 2883 not.
1214 2855 1241 2889 9,
1255 2854 1316 2891 pag.
1331 2854 1382 2883 599
1397 2863 1454 2891 seq.
1469 2860 1534 2884 tom.
1548 2856 1592 2886 lll.
