1921 3072
125 130 196 164 1325

753 119 804 153 DE
822 119 964 158 QUIBUS
984 114 1130 150 SUIDAS.

1686 107 1752 144 13Ζὸ

124 185 223 214 bellica
244 180 402 211 fortitudine
422 181 512 213 clara,
529 179 643 207 Mausoli
666 178 776 206 uxoris:
792 177 840 212 qui
858 176 915 203 sin-
929 177 954 206 Α
968 181 1038 200 unus
1058 177 1161 207 septem
1187 171 1351 206 sapientum.
1374 168 1488 204 Scripsit
1506 168 1604 204 Lagea;
1619 173 1645 196 ιι
1660 167 1753 204 Olym-

124 230 197 266 gulis
213 230 338 257 versibus
367 227 465 254 Iliadis
489 225 600 254 totidem
620 228 794 259 pentametri»
809 221 914 250 addidit

124 277 152 304 in
168 277 240 303 hunc
257 274 366 301 modum
383 282 390 300 :

162 345 253 378 Μῆνιν
269 342 352 376 ἄειδε,
369 341 433 373 Θεὰ,
445 339 588 378 Π-ηλῖάδεῳ
601 337 736 378 Ἀχιλῆος,

196 372 305 410 Μοῦσα,
323 372 355 404 σῖ)
369 372 528 412 γάρνπὰὸης
543 372 653 409 πείραιὶγ
667 373 740 408 ἔχεις
754 372 861 406 σοφίῆς.

136 446 256 481 Ser-insit
271 450 297 472 et
316 444 468 479 Margitem,
483 442 529 476 qui
544 441 662 469 llomero
677 440 757 475 vulgo
776 438 915 467 tribuitur:

127 494 192 520 item
206 488 546 525 Batracltomyomachiam.

164 538 282 565 Πινάκια
313 540 402 563 sortes
429 534 456 560 in
473 540 569 560 urnam
595 531 729 561 demissa,
744 537 812 564 quas
833 537 919 557 mreas

127 584 226 616 fuiSse,
234 582 332 611 .innuit
343 579 539 608 Demosthenes
553 577 677 606 oratione
687 577 721 604 de
732 576 852 609 nomine,
865 580 918 603 etc.

166 629 315 658 Pindarus.
332 627 490 658 Thebanus,
508 623 658 658 Scopelini,
677 622 718 650 vel
747 622 838 656 potius
857 621 920 648 Dai-

129 676 227 712 phanti
254 679 302 702 aut
323 673 467 708 Pagonidze
493 670 525 699 F.
540 670 607 697 Nam
637 669 771 696 Pindarus
787 667 921 703 Scopelini

130 723 204 750 filius
219 726 260 749 est
284 720 438 752 obscurior,
463 723 490 745 et
507 717 618 745 Pindari
644 715 754 743 alterius
777 720 920 749 cognatus.

131 767 286 802 Discipulus
297 764 485 800 fuitllyrtidis,
494 762 710 792 mulierismatus
719 760 826 795 Olymp.
841 757 922 791 LXV,

132 814 171 840 ita
188 818 227 844 ut.
238 813 327 839 Xerxe
342 812 370 838 in
385 810 517 838 Graeciam
532 809 691 843 trajiciente,
703 811 774 833 esset
788 813 922 833 annorum

966 219 1045 254 piade
1073 215 1167 247 XLIX.
1195 215 1400 247 Melanchrnm,
1425 214 1566 250 Mytilencs
1596 219 1752 250 tyrannum.

967 265 1077 295 occidit,
1103 269 1130 290 et
1151 263 1336 298 Phrynomen,
1354 261 1449 288 ducem
1471 260 1686 294 Atheniensium,
1706 268 1755 296 pro

967 310 1049 344 Sigeo
1064 308 1163 336 bellum
1183 311 1333 341 gerentem,
1355 306 1485 341 singulari
1501 306 1652 334 certamine
1670 307 1755 333 inter-

968 356 1052 386 fecit,
1082 359 1225 389 postquam
1259 352 1308 380 rcti
1348 359 1410 379 eum
1441 352 1628 386 implicuisset.
1666 352 1754 380 Senex

968 406 1080 430 coaetus
1107 401 1257 428 exercitum
1299 399 1399 426 dueere
1428 399 1526 428 dixit:
1563 400 1606 430 Ὠς
1637 401 1755 434 latex?”

969 449 1064 475 ἐσθλὸν
1089 447 1223 483 ἔμμεναι,
1254 445 1341 478 Quam
1366 446 1469 480 difﬁcile
1498 451 1536 473 est
1564 447 1658 474 bonum
1683 445 1757 474 esse!

971 495 1058 530 llujus
1074 494 1274 529 apophthegma
1301 498 1368 520 est:
1397 493 1500 528 Καιρὸν
1524 493 1618 527 γνῶθι,
1646 493 1757 529 Tempus

971 549 1057 568 nosce.
1082 540 1199 574 Scripsit
1214 547 1302 567 versus
1329 538 1458 573 elegiacos
1484 538 1541 571 DC,
1562 544 1590 566 ct
1607 539 1644 566 De
1661 540 1759 575 legibus

972 587 1099 614 oratione
1110 586 1211 613 soluta.

1009 633 1172 661 Pixodarus.
1191 631 1257 660 Vide
1275 639 1368 667 supra,
1381 632 1408 658 in
1423 630 1554 666 Dexippo,
1570 631 1637 659 Coo.

1011 677 1097 710 Plato,
1124 677 1196 704 filius
1220 676 1373 709 Aristonis,
1394 676 1440 710 qui
1468 676 1628 703 Aristoclem
1657 681 1760 710 patrem

974 725 1079 756 habuit,
1104 727 1131 750 et
1142 723 1309 751 Perictiones
1329 722 1370 748 vel
1386 720 1513 754 Poluncs,
1528 729 1612 756 genus
1631 722 1763 749 trahentis

975 778 990 798 a
1001 770 1111 797 Solone.
1123 769 1204 796 Sexta
1215 769 1287 796 enim
1301 768 1335 795 ab
1346 768 1390 794 illa
1402 767 1450 794 fuit
1463 767 1516 794 ﬁlia
1529 768 1652 802 Dropidis
1668 773 1763 802 poetm,

976 815 1070 842 fratris
1086 813 1204 841 Solonis.
1221 812 1303 840 Solon
1320 819 1335 839 a
1347 811 1428 839 Neleo
1439 820 1523 848 genus
1535 813 1609 840 ducit
1620 817 1646 839 ‹-ι
1662 813 1764 843 Aristo.

133 858 191 885 XL.
210 857 305 884 Frater
319 857 357 884 illi
372 855 494 887 Erotion,
510 855 581 881 filius
595 853 775 887 Diophantus,
787 852 848 878 filia:
860 858 923 878 vero
940 848 960 877 Β
975 862 1097 888 “monis
1115 865 1203 895 pater.
1221 868 1235 886 a
1253 859 1354 892 codro,
1371 858 1497 886 Melamhi
1514 859 1577 886 mm
1595 859 1692 886 Femur
1704 858 1765 886 [ηπ.

134 903 257 930 Eumelis
273 907 300 930 et
317 901 507 929 Protomaehe.
531 900 598 926 Cum
620 898 742 933 petiisset
768 905 782 924 a
813 897 865 924 diis
893 901 922 923 ut

134 949 348 985 pulcherrimum
376 948 402 974 in
427 947 481 973 vita
510 945 561 972 sibi
592 945 703 976 darent,
730 951 842 978 compos
868 943 923 970 voti

135 996 225 1022 factus
242 999 300 1027 est;
321 993 388 1021 obiit
409 992 480 1020 enim
496 991 586 1018 subito
612 991 638 1017 in
656 991 762 1017 theatro
778 989 924 1016 reclinatus

135 1049 219 1076 super
234 1039 371 1067 Theoxcni
388 1039 485 1066 amasii
503 1037 545 1065 sui
560 1044 657 1072 genua,
671 1038 758 1063 ann‘os
775 1040 855 1062 natus
869 1035 924 1062 LV.

136 1085 255 1120 Scripsit
274 1087 331 1112 haec
351 1085 428 1112 libris
448 1082 783 1118 septemdecimfdialectt)
801 1081 896 1107 Dorica
914 1089 921 1107 ε

138 1131 347 1166 Olympionicas,
372 1130 543 1165 Pytltt'onicar
569 1128 778 1164 (Nemeonicas,
798 1126 926 1154 Isthmio-

139 1178 239 1210 nicas),
253 1177 380 1203 Prosodia
397 1175 553 1207 Parthenio,
566 1174 774 1205 Entltronisntoa,
786 1172 926 1204 Bacchica,

140 1222 369 1257 Dapltttcprrica,
397 1220 523 1252 Pennas,
555 1219 778 1255 Hyporcltemata,
798 1218 927 1253 Hymnus,

141 1267 344 1303 Dithyruntbos,
366 1266 468 1299 Sculia,
497 1265 636 1298 Encomitt,
663 1265 795 1297 Tltrenos,
824 1264 928 1299 Tragoe-

140 1315 199 1341 dias
217 1310 314 1345 XVII,
335 1318 362 1340 et
387 1320 466 1339 versu
488 1312 645 1338 hexametro
671 1310 881 1344 Epigrammata,
904 1314 931 1336 et

141 1361 265 1387 oratione
283 1359 371 1386 soluta
391 1357 570 1393 Παραινέσεις
595 1358 650 1388 τοῖς
674 1356 804 1390 Ἕλλησι,
830 1355 932 1382 Admo-

142 1407 254 1434 nitiones
267 1406 301 1432 ad
317 1404 434 1437 Graecos,
452 1408 479 1431 et
495 1403 547 1430 alia
561 1403 688 1438 plurima.

178 1451 267 1483 Prior,
277 1451 439 1482 monachus,
452 1450 523 1476 inter
533 1447 763 1476 deambulandnm
775 1447 934 1475 comedebat

143 1498 331 1533 quarcntique
350 1497 383 1524 de
408 1503 492 1523 causa
518 1495 656 1530 respondit
682 1495 753 1521 nolle
775 1502 804 1521 se
820 1500 848 1520 ut
876 1501 932 1520 rem

144 1545 246 1572 seriam
262 1545 307 1572 sed
324 1543 412 1570 obiter
424 1545 528 1569 tantum
541 1541 593 1568 hoc
606 1541 707 1568 facere.
728 1541 778 1567 Alii
795 1540 934 1574 respondit
948 1529 970 1560 (ἶ

146 1590 220 1617 nolle
248 1597 277 1617 se
308 1593 338 1616 ut
362 1589 433 1615 inter
458 1587 593 1614 edendum
619 1587 785 1621 voluptatem
812 1587 935 1621 corporis

146 1637 256 1664 animus
273 1635 396 1663 sentiret.
440 1647 445 1649 -

182 1683 325 1715 Pisander,
347 1682 453 1710 Pisonis
474 1686 500 1709 et
516 1682 701 1710 Aristmcbma:
712 1680 755 1713 F.,
775 1681 936 1714 Catnirarus,

146 1737 179 1757 ex
205 1729 327 1761 Camiro,
357 1727 444 1756 Rhodi
464 1729 582 1761 civitate,
600 1736 681 1763 quem
712 1728 834 1763 Eumolpi
852 1733 938 1763 poeta:

147 1775 282 1809 aequalem
297 1779 323 1801 et
339 1774 472 1802 amasium
490 1774 599 1809 quidam
613 1774 697 1801 fuisse
721 1774 860 1807 scribunt;
878 1774 938 1800 aliis

149 1821 269 1850 Hesiodo
285 1830 346 1848 cum
363 1821 544 1856 antiquiorem
566 1820 651 1849 fuisse
673 1821 852 1854 tradentibus,
877 1821 939 1848 aliis

149 1868 332 1895 referentibus
363 1868 397 1895 ad
429 1868 613 1903 Olympiadem
642 1860 762 1895 ΧΧΧΙΙΙ.
791 1867 890 1894 Habuit
912 1872 940 1894 et

149 1924 275 1944 sororem
291 1915 436 1942 Diocleam.
453 1913 569 1949 Scripsit
585 1913 759 1949 Ἦράκὶειαν,
771 1914 828 1941 sive
842 1913 939 1940 Poema

147 1963 184 1990 de
202 1962 277 1989 rebus
305 1961 336 1988 ab
349 1961 463 1988 llercttle
479 1961 568 1995 gestis,
586 1959 661 1986 libris
672 1952 710 1991 11,
725 1960 750 1986 in
767 1950 866 1994 quibus
884 1959 940 1986 cla’

149 2016 214 2036 vam
229 2008 335 2035 Herculi
347 2008 452 2042 primus
466 2007 601 2033 attribuit.
613 2006 726 2040 Reliqua
740 2006 799 2040 ejus
815 2009 939 2040 poemata

150 2055 307 2082 adulterina
328 2057 468 2089 putantur,
482 2058 574 2086 utpote
587 2052 685 2087 partim
704 2051 738 2078 ab
754 2052 823 2084 aliis,
841 2056 938 2085 partim

151 2102 190 2128 ab
208 2101 316 2127 Aristeo
339 2105 417 2136 poeta
447 2099 493 2126 ὑπ’
517 2098 663 2134 Ἀριστέως
679 2098 792 2133 ποιητοῦ
827 2105 941 2132 compo-

152 2148 218 2174 sita.
253 2145 331 2174 Conf.
360 2146 393 2173 de
423 2150 538 2180 utroque
562 2144 695 2172 Pisandro
715 2144 823 2171 Kuslcri
850 2149 940 2176 notas,

153 2198 223 2221 totn.
242 2192 286 2225 lll,
305 2199 364 2227 pag.
384 2191 446 2219 107.

192 2238 332 2270 Pisander,
347 2237 468 2264 Nestoris
479 2243 562 2272 poeta
577 2236 619 2270 Ε..
636 2236 817 2263 Larandensis
828 2241 873 2263 aut
890 2235 942 2271 Ly-
959 2224 969 2252 ι

155 2285 229 2317 cius,
243 2284 288 2319 qui
316 2284 382 2310 vixit
406 2283 574 2318 temporibus
594 2283 660 2317 itnp.
688 2280 846 2312 Alexandri,
861 2282 944 2308 Mam—

156 2339 225 2358 meaa
248 2331 293 2364 F.-,
308 2335 388 2365 poeta
402 2330 497 2365 epicus
515 2334 541 2356 et
568 2329 634 2364 ipse.
652 2328 767 2362 Scripsit
798 2327 944 2355 Historiam

155 2378 271 2410 varium,
288 2376 422 2406 versibus.
437 2383 518 2410 quam
533 2374 669 2409 inscripsit
690 2373 818 2410 Ἦραιχσιὶ
832 2374 869 2407 (8)
880 2373 946 2399 Θεο-

156 2423 268 2457 γαμίαι,
291 2421 328 2448 De
341 2422 448 2448 heroum
463 2425 486 2448 et
502 2421 610 2448 dearum
624 2421 735 2456 nuptiis,
751 2420 836 2447 libros
847 2417 881 2446 Vl
896 2419 946 2455 (9).

159 2468 227 2497 Item
242 2468 306 2501 alia,
323 2467 447 2495 oratione
464 2467 562 2494 soluta.

194 2511 329 2546 Pittacus,
347 2512 526 2548 Mytilenaeus,
545 2513 620 2541 Caici
637 2513 678 2540 vel
697 2513 841 2549 llyrrbadii
861 2513 948 2541 Thra—

159 2560 212 2594 cis,
229 2565 255 2588 et
270 2559 367 2596 matris
382 2555 487 2586 Lesbia:
503 2558 545 2592 Ρ..
563 2564 643 2586 natus
658 2558 817 2594 Olympiade
837 2551 944 2592 XXXII,

197 2661 236 2724 (82
251 2660 444 2700 Kuster.recte
455 2659 568 2688 malitia
581 2660 659 2695 longa
675 2664 739 2688 nota
761 2658 854 2704 legere
864 2658 946 2695 lmini-

197 2707 209 2724 ι
232 2697 292 2724 deni
304 2701 383 2724 necat
393 2695 568 2724 Ptsandrum.
580 2702 720 2723 auctorem
735 2696 875 2724 Ἦρωικων
887 2696 946 2722 Bso-

162 2695 209 2725 κάξ
220 2695 292 2725 idem
304 2701 385 2732 negat
393 2695 568 2732 Pisandrum,
580 2702 720 2732 auctorem
735 2696 875 2732 Ἦρωῖκᾶζν
887 2696 947 2722 Bso-

160 2732 281 2767 ταμιῶν,
294 2729 522 2767 διιιξΑΙθχεηάτο,
532 2731 671 2758 Mammea:
683 2729 711 2757 [ε’.
725 2729 834 2767 vixisse.
846 2731 947 2758 Contra

163 2765 279 2799 iudicat,
295 2774 311 2793 a
338 2765 421 2794 Suida
437 2766 569 2794 confusos
595 2766 680 2794 fuiSse
707 2766 762 2793 duo
789 2765 945 2793 Pisandros.

175 2776 279 2799 υαιυέιι,
295 2776 311 2793 ³
338 2776 421 2794 outua
437 2776 569 2794 COIIIUSOS
595 2776 680 2794 lllle'e
707 2776 762 2793 ouo
789 2776 945 2793 l'lsﬂlltlrlls.

266 2808 348 2837 supra
365 2801 398 2829 ad
413 2802 466 2829 vol.
485 2801 505 2835 l,
526 2809 586 2837 pag.
610 2802 673 2834 215,
685 2809 715 2829 ac
734 2809 793 2836 pag.
812 2801 873 2835 59o,
888 2807 947 2829 not.

240 2855 249 2865 .

187 2846 249 2865 ΔΜ..

975 908 1047 935 touis
1066 911 1151 933 mater
1170 905 1201 932 εκ
1216 913 1288 935 τινος
1301 905 1376 936 θείας
1390 903 1477 939 ὅψεως
1490 911 1522 931 cr
1536 905 1633 931 uisione
1650 905 1765 939 quadam

975 954 1065 980 dit-ina
1083 953 1152 980 facta
1171 952 1268 983 fuisse,
1291 959 1353 978 cum
1371 952 1395 978 ei
1416 951 1511 986 Apollo
1529 951 1712 986 apparuisset“;
1730 957 1766 983 rt,

975 999 1090 1027 PlatOne
1103 999 1130 1026 in
1152 998 1238 1026 lucem
1254 998 1339 1029 edito,
1357 1004 1422 1024 tunc
1441 997 1550 1024 detnmn
1571 999 1684 1025 maritus
1705 1006 1767 1025 rum

977 1054 1008 1074 ea
1018 1045 1212 1073 concubuisse.
1221 1044 1305 1072 Natus
1318 1048 1359 1071 est
1368 1043 1473 1079 Eginm
1485 1043 1591 1079 Olymp.
1602 1043 1768 1075 LXXXVIII,

979 1097 1038 1126 post
1050 1091 1125 1118 initia
1139 1091 1198 1118 belli
1211 1090 1442 1124 Peloponnesiaci.
1456 1089 1528 1117 Vixit
1542 1097 1628 1116 annos
1638 1089 1768 1118 LXXX”.

979 1138 1050 1165 Obiit
1068 1138 1227 1173 Olympiade
1242 1135 1333 1168 CVlll,
1356 1136 1457 1163 caelebs
1480 1139 1506 1162 et
1523 1135 1609 1171 virgo.
1629 1135 1770 1163 Dormiens

981 1185 1035 1211 vita
1050 1184 1179 1213 excessit.
1198 1190 1260 1209 cum
1278 1182 1304 1209 itt
1331 1182 1401 1209 festo
1418 1181 1544 1217 cpulalus
1559 1181 1665 1208 fuisset.
1682 1181 1770 1209 Etiam

981 1231 1026 1258 alii
1039 1235 1099 1265 post
1115 1237 1176 1266 eum
1201 1229 1247 1255 ﬁlii
1266 1228 1385 1255 Aristoni
1403 1227 1458 1254 nati
1475 1233 1550 1259 sunt,
1571 1228 1732 1256 Adimantus
1745 1231 1772 1256 et

982 1277 1110 1308 Glaucus,
1127 1280 1153 1303 et
1178 1276 1231 1302 lilia
1269 1274 1381 1302 Porone.
1406 1275 1496 1302 Prima
1526 1274 1676 1302 litterarum
1695 1276 1772 1303 rudi-

983 1328 1074 1350 menta
1088 1331 1102 1348 ει
1130 1322 1258 1356 Dionysio
1277 1321 1395 1355 quodam
1421 1320 1515 1347 didicit
1531 1329 1538 1347 :
1555 1321 1580 1347 in
1598 1321 1722 1355 palaestra
1743 1327 1773 1349 se

984 1368 1106 1395 exercuit
1133 1368 1203 1402 apud
1231 1367 1398 1398 Aristonem,
1423 1366 1566 1399 Arginum.
1589 1366 1657 1393 Cum
1685 1371 1772 1394 artem

985 1414 1116 1448 poeticam
1148 1412 1308 1444 didiciswt,
1341 1411 1526 1445 Dithyrnmbos
1557 1416 1583 1437 et
1619 1411 1773 1446 Tragazdiaa

986 1459 1107 1494 scripsit.
1136 1459 1183 1485 llis
1198 1458 1296 1485 deinde
1309 1458 1423 1492 spretis.
1449 1457 1519 1491 apud
1546 1457 1685 1485 Socratem
1718 1460 1774 1485 cir-

986 1505 1054 1532 citer
1071 1504 1119 1531 ΧΧ
1133 1511 1219 1530 annos
1246 1503 1457 1538 philosophatus
1486 1508 1536 1530 est.
1555 1502 1588 1529 Et
1616 1502 1701 1530 fertur
1721 1503 1775 1531 So-

987 1555 1085 1579 crates,
1107 1557 1161 1584 quo
1181 1549 1224 1575 die
1244 1549 1277 1575 ad
1296 1549 1383 1582 ipsum
1410 1548 1483 1575 venit.
1511 1547 1597 1580 Plato,
1624 1549 1650 1575 in
1670 1550 1775 1576 somnis

987 1596 1086 1622 vidisse
1110 1603 1239 1630 cygnum,
1255 1595 1369 1630 genibus
1393 1595 1449 1622 suis
1476 1594 1649 1621 insidentem.
1671 1596 1776 1622 Aristo-

987 1642 1043 1669 cles
1059 1643 1133 1676 prius
1156 1642 1307 1672 dicebatur,
1327 1645 1420 1676 postea
1440 1640 1517 1667 Plato
1545 1641 1634 1668 dictus
1655 1645 1707 1673 est,
1734 1641 1775 1668 vel

987 1689 1059 1723 quod
1086 1689 1186 1719 πλατὺς
1213 1688 1243 1714 τὸ
1262 1689 1382 1722 στέρνον,
1413 1687 1469 1713 luta
1494 1692 1566 1714 esset
1594 1693 1707 1721 pedore,
1734 1689 1775 1714 vel

988 1734 1061 1769 quod
1079 1735 1182 1765 πλατὺς
1197 1735 1224 1760 ἐν
1240 1733 1339 1768 λόγοις,
1356 1734 1383 1760 in
1397 1733 1516 1760 oratione
1535 1734 1664 1767 copiosus.
1682 1733 1734 1759 Ter
1749 1734 1776 1760 in

989 1780 1110 1808 Siciliam
1128 1780 1266 1815 profectus
1285 1785 1326 1807 est
1341 1780 1374 1806 ad
1389 1784 1519 1814 tyrannos
1535 1779 1686 1814 Dionysius.
1703 1778 1777 1806 Ven-

989 1826 1076 1853 ditum
1091 1833 1105 1852 a
1123 1830 1251 1860 tyranno,
1277 1825 1432 1855 Annicer'is,
1453 1823 1530 1856 Afer,
1549 1824 1614 1850 emit
1630 1828 1655 1850 et
1681 1831 1778 1850 manu-

990 1873 1073 1899 misit.
1090 1871 1185 1899 Doeuit
1200 1872 1227 1898 in
1242 1871 1400 1903 Academia,
1418 1870 1594 1904 scholamque
1610 1870 1670 1904 ejus
1682 1870 1779 1898 ordine

991 1919 1016 1945 hi
1042 1922 1227 1952 exceperunt;
1252 1917 1431 1952 Speusippus,
1452 1916 1631 1947 Xenocrates.
1654 1915 1777 1950 Polemo,

991 1965 1116 1995 Crantor,
1129 1963 1233 1991 Crates.
1250 1962 1380 1990 Socratici
1395 1961 1470 1989 fuere
1482 1961 1509 1988 hi
1528 1970 1534 1988 :
1551 1961 1718 1993 Arcesilans,
1732 1961 1780 1988 La-

990 2011 1084 2046 cydes,
1098 2009 1220 2037 Evander
1229 2007 1411 2038 Phor-mensis,
1428 2007 1542 2039 Damon,
1557 2007 1704 2039 Leonteus,
1717 2008 1778 2034 Μο-

991 2057 1098 2088 scbion,
1112 2055 1235 2082 Evander
1247 2053 1433 2085 Atheniensis,
1445 2052 1779 2087 Hegesinus,Carneades,

993 2101 1143 2129 llarmadas
1159 2098 1334 2137 [Χαρμίδα;].
1357 2098 1462 2132 Dia/agi
1476 2098 1535 2131 ejus
1559 2098 1667 2133 genuini
1684 2105 1780 2126 omnes

993 2152 1057 2174 sunt
1074 2146 1141 2179 LVI,
1156 2154 1272 2181 quorutn
1285 2145 1330 2172 alii
1345 2145 1608 2180 suntphysiologiei,
1620 2144 1665 2170 alii
1683 2144 1779 2176 etltici,

995 2193 1040 2220 alii
1055 2193 1202 2219 dialectici.
1224 2191 1381 2226 Respublica
1396 2191 1456 2225 ejus
1474 2191 1499 2217 in
1514 2191 1594 2216 libros
1609 2191 1696 2217 decem
1710 2191 1780 2217 divi-

997 2241 1083 2273 ditur;
1100 2239 1178 2273 Leges
1195 2247 1259 2266 vero
1276 2239 1302 2265 in
1315 2238 1395 2265 libros
1410 2237 1481 2264 XII.
1499 2237 1620 2272 Reliqua:
1633 2236 1782 2270 tetralogiat

998 2289 1062 2312 sunt
1086 2293 1194 2312 novem.
1222 2285 1299 2312 Plato
1313 2292 1416 2318 pauper
1436 2283 1488 2310 fuit
1510 2289 1538 2310 et
1560 2282 1730 2310 solummodo
1755 2282 1782 2309 itt

998 2332 1144 2358 Academia
1165 2330 1286 2366 possedit
1303 2331 1423 2359 hortum.
1446 2337 1478 2356 ex
1501 2338 1556 2364 quo
1576 2329 1658 2356 trium
1685 2335 1784 2354 uitreo-

997 2386 1056 2406 rum
1076 2382 1224 2412 proventus
1239 2377 1387 2412 quotannis
1409 2376 1544 2403 redibant.
1561 2376 1614 2403 Sed
1643 2381 1784 2402 successo-

997 2424 1073 2451 ribus
1088 2423 1148 2458 ejus
1174 2430 1221 2458 per
1247 2423 1435 2450 liberalitatem
1463 2422 1604 2449 hominum
1625 2425 1782 2448 sanctorum

996 2475 1024 2497 ct
1037 2470 1198 2497 eruditionis
1223 2469 1384 2501 natantium,
1410 2469 1457 2503 qui
1481 2467 1661 2503 philosophiae
1685 2467 1781 2494 studiis

997 2514 1191 2550 promovondis
1202 2519 1363 2542 testamento
1372 2521 1422 2541 sua
1440 2514 1608 2548 reliquerunt
1621 2513 1702 2546 bona,
1712 2518 1782 2540 totus

1002 2559 1107 2586 reditus
1137 2559 1210 2586 mille
1225 2558 1265 2586 vel
1297 2559 1414 2594 plurium
1444 2559 1525 2586 etiam
1547 2566 1692 2592 aureorum
1721 2557 1782 2585 fuit.

1035 2657 1072 2696 (9)
1088 2658 1163 2693 Quod
1178 2658 1272 2695 Steph.
1282 2657 1464 2696 Byzantiusv.
1474 2658 1610 2696 Ἀστακος
1620 2658 1782 2687 Pisandrnm

999 2695 1091 2723 laudat
1104 2698 1129 2723 in
1144 2696 1252 2728 decima,
1262 2701 1289 2722 et
1298 2695 1356 2723 voc.
1366 2695 1511 2726 Λυκάζεια,
1524 2695 1550 2721 in
1562 2695 1784 2730 decimqquarto;

1000 2730 1101 2758 Kustcr
1114 2732 1210 2765 probat
1230 2731 1373 2757 lectionem
1389 2731 1505 2757 duorum
1521 2735 1632 2756 msstor.
1650 2729 1736 2757 Paris.
1749 2730 1785 2755 -ὲν

1002 2766 1114 2800 βίϐλιοις
1143 2767 1163 2798 ξ’
1181 2767 1206 2793 id
1225 2771 1268 2793 est
1279 2766 1354 2792 libris
1373 2765 1519 2799 sexaginta.
1536 2765 1638 2792 Saltem
1657 2768 1731 2800 putet
1750 2771 1783 2791 ex

1002 2802 1092 2865 anatis
1105 2801 1264 2828 Pisandrmn
1277 2801 1370 2836 plures
1381 2808 1462 2836 quatit
1477 2808 1522 2827 ηπ
1533 2800 1618 2828 libros
1630 2800 1782 2834 scripsisse.

1028 2844 1088 2862 Αιιιη

1028 2844 1088 2862 Ακιη
