1921 3072
106 140 167 171 1337

720 139 769 168 DE
787 138 930 173 QUIBUS
947 138 1095 169 SUIDAS.

1655 133 1725 167 153;

135 196 254 222 Ill-ianus
266 216 273 227 ,
296 195 408 222 Bella-us
419 215 427 226 .
449 202 480 221 ex
505 194 575 221 Betta
587 214 595 224 .
614 193 702 221 Creta:
721 195 803 226 urbe,
822 194 883 228 vel,
900 196 921 222 A
937 194 1107 222 commodam
1123 194 1244 222 haberet.
1261 193 1396 221 Salustius
1409 193 1524 223 dict-bat,
1538 191 1724 226 philosophari

97 241 218 272 Carales.
246 241 298 272 vel.
312 244 339 266 ttt
355 240 412 271 alii,
431 247 463 266 ex
482 239 584 266 Ithome
610 238 746 266 Messencs
762 239 881 266 civitate.

99 286 147 313 llic
162 286 280 320 primum
296 285 346 312 fuit
362 285 494 320 palaestrae
507 289 598 312 custos
613 289 639 312 et
653 292 749 312 servus
767 295 772 311 :
789 291 882 319 postea

98 330 194 357 litteris
232 329 372 357 institutus
404 329 603 364 grammaticus
624 329 733 359 evasit,
768 329 882 362 aequalis

99 377 297 405 Eratosthenis.
329 376 442 410 Scripsit
459 376 606 410 Ἐμμετρα.
642 376 783 410 ποιήματα
801 374 856 410 (16)
874 383 882 408 ;

99 422 282 461 lleracliadetu
292 422 369 454 libris
379 421 447 449 XIV.

133 468 289 500 Ithinthou,
309 467 474 494 Tarentinus
486 487 492 499 ,
508 467 648 498 comicus,
667 470 764 494 auctor
781 467 884 494 hilaro-

98 514 254 548 tragoediae.
275 514 332 539 sive
350 513 595 548 phlyacographim.
613 511 700 547 Figuli
721 513 810 545 illius.
832 514 883 541 sub

97 560 243 587 Ptolemaeo
272 559 360 594 pritno
390 559 467 586 vixit.
496 559 604 586 Fabula:
630 560 690 594 ejus
718 561 826 594 tragicae
857 566 884 588 et

96 607 208 634 comicae
228 605 371 633 XXXVIII.
393 605 492 640 (Conf.
509 605 608 633 Kuster
625 614 651 641 p.
671 606 733 639 260,
753 612 815 634 not.
834 607 883 642 8.)

131 653 230 685 Itul‘us,
248 653 392 687 Ephesius,
409 653 542 684 medicus,
563 653 608 687 qui
623 661 684 679 cutn
701 653 815 680 Critone
829 655 880 681 sub

94 698 214 733 Trajano
229 698 331 725 ﬂoruit.
348 697 462 732 Scripsit
477 698 560 724 libros
574 698 718 732 plurimos.
733 706 764 725 ex
781 699 883 733 quibus

93 748 157 770 sunt
174 743 201 770 hi
216 752 223 769 ε
238 743 275 769 De
288 743 390 769 ratione
405 743 487 770 victus
503 743 563 769 libri
583 742 612 775 V;
627 742 664 769 De
677 743 743 769 victu
757 744 883 778 navigan-

93 792 158 819 tium
174 799 182 819 ;
200 789 238 816 De
254 790 449 816 medicamentis
467 789 604 816 uulnerum
618 798 627 821 ;
650 789 686 815 De
703 791 883 816 vulneratione

93 836 291 867 articulorum;
309 835 346 862 De
367 835 490 869 ﬂetibus;
517 835 554 862 De
571 836 651 862 veteri
671 835 819 868 medicina;
845 835 883 862 De

93 883 182 915 lacte;
199 882 236 909 De
249 883 326 914 trino,-
343 881 380 909 De
393 882 479 910 melle.

128 929 250 956 ltutilius
266 928 364 961 Rufus,
383 933 506 962 tempore
519 927 656 963 Scipionis
671 929 746 960 vixit.
762 930 787 956 in
802 937 884 964 expe-

93 974 245 1002 ditionihus
272 974 375 1001 bellicis
399 974 424 1001 ei
446 982 549 1006 comes,
572 979 599 1000 ct
622 982 675 1005 res,
698 979 761 1001 tttttc
781 981 882 1009 gestas,

94 1020 195 1047 litteris
215 1020 373 1051 mandavit,
394 1019 498 1054 fuitque
519 1024 582 1046 tunc
601 1020 731 1053 temporis
752 1020 881 1047 tribunus

94 1067 224 1097 militum.
240 1066 419 1100 tit-Appianus
435 1065 461 1092 iu
479 1065 600 1092 Romana
615 1065 733 1092 IIistot-ia
753 1070 881 1092 testatur.

132 1111 252 1146 Ῥυσμδς
277 1112 430 1138 Abdct‘itica
456 1112 572 1138 dialecto
597 1111 730 1146 signillcat
756 1112 881 1145 ﬁguram.

92 1159 161 1186 Aliis
185 1164 314 1193 prietcrea
337 1158 459 1188 vocibus.
486 1165 538 1184 non
564 1157 675 1187 Gra‘cis,
701 1156 881 1190 Democritus.

92 1205 247 1237 Abderites,
277 1213 343 1231 usus
370 1209 422 1237 est,
451 1209 481 1232 ut
504 1204 609 1240 τροπήν
633 1203 701 1230 dixit
730 1205 822 1235 situm.
853 1208 882 1230 et

91 1252 228 1287 διαοηγὴν
242 1272 250 1285 ,
266 1251 394 1278 ordinent.

493 1294 513 1321 S

127 1342 262 1371 Sabazius
286 1341 407 1369 Bacchus
427 1341 515 1369 dictus
536 1349 550 1368 a
570 1341 688 1368 clamore
710 1340 784 1375 orgia
809 1342 880 1369 cele-

93 1389 246 1416 brantium.
268 1387 335 1415 Nam
357 1387 483 1414 Barbaris
503 1387 612 1419 εὺάζειν
636 1392 676 1413 est
692 1387 832 1418 σειὸἀζειν,
854 1392 880 1414 ct

93 1435 216 1469 εὐασμόν
242 1434 377 1468 appellant
408 1433 558 1467 σιὸισμόν.
586 1432 671 1461 Etiam
703 1431 780 1458 σὰὄοι
809 1433 879 1465 loca,

93 1479 202 1508 Baccho
216 1484 386 1512 consecrata,
401 1484 428 1506 et
444 1479 542 1506 Bacchi
558 1479 724 1509 sacerdotes,
742 1479 878 1512 Mnaseas,

94 1524 269 1554 Patarensis,
303 1523 447 1551 Sabazium
483 1524 521 1551 ait
552 1531 612 1551 esse
646 1523 743 1550 Bacchi
780 1523 877 1550 lilium.

93 1571 188 1606 (Suid.
205 1571 231 1597 in
247 1571 328 1596 Σάθοι
344 1571 352 1604 )

127 1617 259 1646 Sabinus.
271 1617 401 1651 sophista,
411 1616 456 1652 qui
476 1616 542 1643 vixit
559 1616 610 1643 sub
623 1616 752 1648 Adriano,
762 1616 878 1644 Ctesare.

93 1665 212 1699 Scripsit
236 1663 465 1690 Introductionem
492 1669 519 1690 ct
543 1669 733 1697 argumentum
761 1663 880 1690 materiae

91 1709 323 1736 declamationum
342 1708 418 1735 libtis
434 1707 467 1734 IV
479 1729 486 1739 ,
505 1707 739 1735 Continentarium
760 1709 787 1735 in
803 1708 880 1735 Thu-

93 1754 237 1789 cydidem,
256 1753 412 1780 Acusiluuttt
432 1758 458 1779 et
476 1753 555 1780 alios.
574 1753 639 1780 Item
660 1754 728 1780 alias
744 1754 877 1788 quasdam

91 1799 291 1826 t-nartltiottes.
310 1798 423 1833 (Frater
437 1799 496 1832 ejus
515 1798 626 1831 Sergius
641 1799 721 1831 infra,
737 1799 878 1834 Σέργιος.)

138 1845 238 1877 Sacas,
257 1849 332 1878 poeta
350 1843 469 1879 tragicus
487 1851 494 1876 ;
510 1849 538 1870 et
553 1845 639 1875 Sacae.
652 1852 718 1879 gens
735 1844 877 1871 'I‘hracica.

91 1889 267 1920 Ammonius.
282 1889 459 1924 philosophus
472 1890 684 1921 Alexandrinus,
698 1895 879 1923 cognomento

91 1937 188 1969 Sacas,
205 1944 238 1964 ex
254 1935 409 1963 Christiano
426 1935 513 1963 Iactus
527 1941 568 1962 est
583 1936 702 1971 gentilis,
720 1940 749 1962 ut
763 1936 800 1962 ait
815 1935 880 1962 l‘or~

91 1983 218 2018 pltyrius.

127 2028 277 2061 Salustius,
303 2028 436 2062 sophista,
469 2026 578 2061 scripsit
602 2027 829 2054 commentarium
852 2026 878 2054 itt

90 2076 312 2106 Demosthenem,
328 2075 494 2102 Herodotum
509 2078 535 2101 et
551 2074 614 2101 alia.

126 2122 277 2153 Salustius.
292 2121 452 2156 Mopseates.
471 2120 602 2153 medicus,
634 2121 745 2156 scripsu
768 2123 801 2148 de
819 2128 878 2148 me-

91 2167 198 2197 dicina,
215 2167 266 2194 sub
282 2166 402 2196 Tiberio,
422 2166 488 2200 imp.

127 2212 284 2244 Salustius,
300 2211 437 2244 Basilidis,
456 2211 516 2247 Syri
532 2216 558 2239 et
574 2210 708 2244 Theoclm,
727 2211 876 2244 Emcsente,

90 2257 121 2286 Ρ.
132 2259 249 2285 Athenis
262 2258 451 2285 Alexandriam
461 2265 522 2284 cutn
536 2258 641 2285 Isidoro
653 2258 733 2284 venit.
748 2257 879 2292 Eloquen-

90 2305 135 2332 tiae
155 2303 303 2340 praeceptis
327 2303 361 2330 ab
381 2303 498 2336 Eunoio,
525 2303 658 2338 sophista,
686 2302 789 2329 Emesa:
814 2308 880 2330 tunc

89 2355 230 2381 versante,
245 2350 378 2381 eruditus,
397 2350 521 2386 publicas
538 2349 726 2376 Demosthenis
741 2349 878 2376 orationes

68 2419 71 2422 .
88 2405 188 2424 omnes
206 2396 328 2429 edidicit,
344 2401 370 2423 et
386 2397 524 2424 orationes
541 2396 650 2430 scripsit
665 2404 718 2422 non
735 2395 878 2422 inferiores

89 2443 155 2470 illis.
172 2443 301 2470 Nostrum
314 2451 423 2477 quoque
434 2443 519 2470 civem
532 2442 677 2478 (llamascii
694 2443 775 2469 verba
790 2441 876 2475 sunt),

89 2489 268 2521 Marcellum,
299 2488 397 2516 Eunoii
422 2489 542 2516 sodalem
567 2494 629 2516 octo
648 2488 730 2515 libros
753 2489 878 2516 Historiae

89 2533 261 2569 Thucydidis
283 2534 429 2561 edidicisse
450 2534 549 2567 aiebat,
576 2534 643 2561 nihil
671 2539 761 2561 tamen
784 2534 877 2560 auditu

87 2579 204 2614 dignum
219 2580 309 2607 dicere
320 2581 450 2615 potuisse.
466 2579 590 2607 Nomium
603 2581 685 2607 etiam
699 2580 775 2607 aiunt
790 2580 879 2607 sexies

87 2630 179 2653 totum
207 2625 414 2653 Demosthenem
437 2627 589 2656 edidicisse.
611 2626 657 2653 sed
677 2630 767 2652 tamen
795 2634 828 2652 ne
848 2633 879 2653 os

86 2671 203 2706 quidem
229 2672 334 2706 aperire
361 2672 490 2706 potuisse.
521 2676 550 2699 ut
579 2672 696 2706 aliquant
727 2671 878 2699 orationem

125 2750 185 2785 (16)
202 2751 279 2784 Quod
296 2753 386 2778 omnia
403 2756 526 2786 poi-mata
543 2752 597 2779 sint
612 2753 747 2786 ἔμμετρα,
766 2752 877 2783 Kttslor.

87 2790 160 2812 tom.
178 2786 220 2818 III,
240 2794 299 2821 pag.
316 2787 379 2820 L3.59,
397 2788 558 2814 alterutrum
579 2788 739 2814 Vot‘aIllIIUIII
756 2795 817 2814 esse
832 2796 878 2812 su-

87 2828 288 2856 pervacaneum
315 2823 461 2849 existimat.
485 2821 558 2856 Τυιιρ
581 2830 642 2848 vero
665 2823 690 2849 in
711 2822 877 2849 ottiettdatio-

88 2855 176 2901 nibus
193 2857 218 2884 in
236 2856 358 2889 Suitlatn.
375 2858 427 2885 vel.
446 2857 476 2891 ll,
495 2866 554 2893 pag.
571 2858 634 2901 I55,
653 2858 749 2886 melius
763 2857 875 2894 corrigit

936 238 1093 265 hominibus
1107 246 1160 265 non
1176 246 1236 265 esse
1251 238 1329 265 locile
1339 259 1346 268 ,
1365 238 1410 265 sed
1429 237 1520 271 potius
1536 238 1638 270 imposs
1651 235 1702 262 bile
1712 255 1720 266 .

935 283 1062 311 Heracliti
1074 291 1148 310 more
1156 284 1303 312 insectator
1310 283 1380 317 vulgi
1390 288 1417 310 et
1425 283 1529 309 derisor
1539 281 1638 308 salsus.
1648 281 1720 308 Idctu

935 331 1061 357 virtutem
1076 330 1198 364 quintam
1209 329 1322 355 voeahat
1337 336 1427 355 verum
1438 327 1594 361 Opinionem
1609 327 1642 353 de
1655 326 1719 358 diis,

935 385 995 410 qua:
1014 377 1147 403 interdum
1167 376 1255 402 inesse
1271 375 1378 402 videtur
1393 374 1473 400 etiam
1491 374 1713 408 improbissitttis.

936 422 1182 456 Philosophuhatur
1202 421 1297 456 cynico
1318 428 1406 448 more.
1421 425 1473 446 etc.

970 467 1117 497 Salustius,
1141 466 1284 500 prtelectus
1305 464 1430 499 put-torio
1449 463 1500 490 sub
1521 462 1640 494 Iuliano,
1667 468 1718 490 etc.

971 524 1080 558 Σαμίων
1100 523 1185 557 δῆμος
1203 523 1438 556 πολυγράμματος
1458 521 1547 547 dictus
1561 521 1596 547 ah
1613 521 1718 548 Aristo.

935 569 1024 604 phane
1040 569 1065 596 in
1083 569 1248 604 BahyIOniis,
1262 569 1314 600 vel,
1328 568 1400 602 quod
1417 567 1513 599 Samii,
1527 575 1540 593 a
1557 568 1678 602 tyrannis
1687 567 1720 593 ad

936 615 1032 642 incitas
1051 615 1162 647 redacti,
1183 615 1217 641 ob
1234 615 1335 641 civium
1357 615 1500 648 penuriam
1518 613 1604 640 sertis
1617 613 1663 647 jtts
1681 613 1721 639 ci-

935 661 1025 688 vitatis
1040 661 1237 695 ascripserunt.
1253 665 1282 687 ut
1293 660 1452 688 Aristoteli-8
1483 659 1564 686 ttalit
1577 659 1603 685 in
1617 659 1723 685 Samio-

935 714 995 733 rum
1021 714 1089 740 rrp.,
1105 705 1156 736 vel.
1185 704 1256 739 quod
1283 705 1354 738 apud
1379 705 1486 731 Samios
1507 703 1602 735 XXIV.
1628 705 1723 730 litterae

934 752 1051 786 primunt
1068 752 1182 778 ittwnta:
1198 759 1211 777 a
1227 751 1384 780 Calistrato.
1402 756 1430 777 ut
1445 752 1554 778 Anlt'on
1571 751 1598 777 itt
1616 750 1723 784 tripode

934 799 978 825 ait.
1003 798 1139 825 Archinus
1166 806 1229 824 vero
1256 798 1377 824 Alltettmi
1405 797 1435 824 [ε’.
1458 798 1589 826 archonte
1611 797 1723 824 Euclide

935 843 1154 870 Atheniensibus
1172 843 1318 878 persuasit,
1339 847 1366 869 ut
1380 843 1477 869 lotium
1498 843 1594 870 litteris
1610 848 1722 870 uteren-

904 880 923 907 Β
940 895 992 916 Inr.
1011 890 1205 924 Aristophanes
1219 894 1309 917 autem
1323 890 1484 917 commiliatu
1501 890 1661 924 Babylonios
1672 891 1722 916 do-

934 935 989 962 cuit
1006 943 1054 970 per
1068 936 1256 962 Callistratum
1269 936 1348 964 annis
1364 935 1434 970 (XX)
1448 941 1511 962 ante
1524 937 1661 963 Euclidem
1670 937 1722 965 sub

934 982 1076 1013 archonte,
1103 981 1197 1010 Eucle.
1229 983 1266 1010 De
1291 991 1324 1010 eo
1351 989 1455 1014 autem,
1485 983 1530 1017 qui
1556 992 1611 1010 rem
1637 984 1719 1011 istaut

934 1026 1146 1054 Atheniensibus
1162 1028 1318 1062 persuasit.
1336 1028 1433 1055 scribit
1445 1027 1649 1063 Theopompus.
1668 1029 1722 1057 Alii

933 1079 1043 1099 causam
1071 1078 1210 1105 asserunt.
1241 1075 1313 1108 quod
1339 1075 1519 1102 Athenienses
1547 1075 1666 1107 Samios,
1693 1077 1720 1104 iu

936 1117 1005 1144 bello
1019 1125 1123 1152 captos,
1141 1120 1268 1154 stigmate
1282 1125 1387 1147 nomne
1407 1125 1542 1154 notarent,
1560 1121 1644 1148 Samii
1659 1129 1723 1149 vero

933 1164 1112 1192 Athenienses
1129 1173 1245 1192 satnmna
1259 1187 1266 1199 ,
1283 1167 1354 1200 quod
1375 1171 1417 1194 est
1435 1167 1572 1202 navigium
1589 1168 1691 1195 bireme
1706 1176 1721 1195 a

932 1209 1083 1246 Polycrate,
1101 1211 1255 1239 Satuiorum
1273 1218 1398 1248 tyranno.
1413 1214 1530 1246 primum
1547 1214 1721 1248 fabricatum,

933 1263 961 1284 ut
979 1258 1016 1285 ait
1031 1257 1210 1293 Lysimachus
1225 1259 1294 1286 libro
1307 1261 1429 1287 Sei'undo
1442 1260 1600 1292 Nestorum.
1616 1261 1673 1289 sive
1683 1261 1722 1290 De

935 1304 1033 1330 redslu.

969 1359 1192 1388 Sauchoniathott
1205 1382 1212 1393 ,
1231 1361 1332 1396 Tyrius
1344 1383 1352 1395 ,
1374 1362 1553 1397 philosophus
1565 1383 1572 1395 ,
1591 1364 1637 1398 qui
1657 1364 1719 1390 belli

933 1403 1043 1438 Tt'njatti
1060 1410 1180 1440 tempore
1197 1407 1263 1433 vixit
1279 1407 1442 1443 scripsitque
1457 1408 1494 1435 De
1509 1408 1640 1436 Hei-meti:
1655 1409 1724 1444 Pity-

932 1452 1060 1486 siologia,
1080 1460 1139 1485 qtae
1161 1453 1205 1487 (in
1225 1453 1344 1488 linguam
1361 1453 1500 1489 Crmcatn)
1516 1456 1648 1482 translata
1662 1460 1720 1488 est;

931 1498 1048 1532 Antiqua
1082 1498 1222 1533 Tyriorum
1249 1500 1371 1526 inslilula
1400 1501 1490 1536 lingua
1518 1501 1678 1530 Phoenicum
1713 1511 1720 1529 :

894 1560 916 1588 ο
935 1543 1102 1579 Tl-eologiam
1118 1545 1315 1580 .‘Eyypliacam,
1334 1551 1360 1573 et
1374 1547 1436 1578 alia,

968 1590 1089 1623 Sandon,
1104 1590 1232 1618 Hellanici
1245 1592 1286 1624 F.,
1302 1593 1490 1627 philosophus.
1506 1593 1621 1629 Scripsit
1632 1595 1721 1630 Argu-

932 1641 1020 1664 menta
1036 1638 1063 1664 in
1083 1637 1225 1672 Orpheum,
1245 1639 1344 1666 librum
1363 1648 1459 1668 unttttt.

969 1681 1130 1718 Saunyrion.
1147 1683 1331 1716 Atheniensis,
1346 1685 1477 1714 comicus.
1494 1686 1559 1721 Ejus
1573 1687 1694 1715 dramata
1712 1698 1719 1716 :

932 1728 1036 1761 Γέλως.
1063 1729 1175 1765 Δανάη,
1203 1730 1260 1762 Ἰὼ,
1283 1731 1440 1766 ψυχασται,
1464 1738 1493 1760 ιιι
1519 1734 1666 1762 Athettazus
1693 1735 1720 1763 in

933 1774 1163 1810 Dipnosophistis.

969 1831 1086 1866 Sappho,
1099 1833 1218 1861 Simonis
1233 1835 1296 1866 tilia,
1313 1836 1352 1862 vel
1369 1835 1512 1862 Eunomini
1529 1837 1577 1870 (al.
1595 1837 1723 1874 Eumeni)

932 1879 974 1904 vel
992 1878 1102 1914 Eirigyi,
1119 1880 1158 1906 vel
1177 1880 1278 1915 Ecryti,
1297 1881 1338 1907 vel
1360 1880 1445 1912 Semi,
1465 1882 1504 1909 vel
1521 1881 1660 1915 Camonis,
1679 1885 1720 1910 vel

933 1924 1053 1958 Etarchi,
1084 1926 1125 1951 vel
1146 1926 1264 1960 denique
1288 1925 1546 1963 Scamandronymi,
1572 1930 1668 1963 patris.
1693 1935 1722 1957 et

931 1970 1032 2002 Clides,
1059 1970 1162 1998 matris.
1188 1971 1296 2005 Lesbia,
1325 1972 1409 2000 Ercso
1430 1974 1545 2001 oriunda
1569 1979 1596 2001 et
1621 1975 1716 2010 lyrica.

931 2015 1175 2052 VixitOlympiade
1194 2017 1274 2049 XLII.
1294 2026 1348 2052 quo
1368 2023 1489 2053 tempore
1507 2020 1657 2047 ﬂoruerunt
1672 2022 1718 2048 Al-

931 2070 1014 2096 etetts,
1032 2063 1204 2091 Stesichorus
1218 2063 1349 2092 Pittacus.
1366 2064 1476 2092 Fratres
1490 2066 1549 2101 ejus
1564 2065 1716 2102 L-trychtts.

931 2110 1082 2143 Charaxus,
1098 2110 1236 2145 Eurigitts.
1254 2111 1348 2146 Nupsit
1364 2112 1493 2144 Ccrcolat,
1511 2113 1646 2140 ditissimo
1661 2115 1720 2141 viro

931 2164 963 2183 ex
994 2157 1098 2188 Andro,
1124 2158 1196 2184 unde
1219 2161 1282 2184 nata
1304 2158 1354 2192 ipsi
1378 2157 1428 2184 l‘uit
1450 2159 1514 2191 lilia,
1531 2159 1596 2186 (Ilis.
1618 2159 1720 2187 Amica)

932 2202 1042 2230 fuerunt
1056 2203 1154 2235 Atthis,
1171 2203 1322 2239 Telesippa,
1339 2204 1444 2239 Megara
1461 2214 1467 2232 :
1487 2205 1629 2240 discipula:
1644 2206 1719 2232 Atta-

930 2256 994 2284 gora
1012 2249 1127 2282 Milesia,
1145 2249 1264 2285 Congyla
1280 2250 1461 2284 Colopltonia,
1480 2252 1582 2278 Eunica
1601 2251 1717 2279 Salami-

930 2295 985 2322 nia.
1002 2295 1114 2330 Scripsit
1132 2295 1288 2323 Carminum
1302 2297 1448 2332 lyricorum
1463 2298 1542 2324 libro:
1554 2297 1606 2330 IX,
1624 2303 1649 2326 et
1664 2299 1720 2333 prii

928 2348 971 2367 tua
986 2341 1117 2375 plectrum
1132 2341 1245 2369 invenit.
1264 2343 1378 2378 Scripsit
1391 2348 1417 2370 et
1432 2343 1642 2379 Epigrammata,
1657 2344 1719 2372 Ειε-

927 2387 996 2421 gias,
1013 2385 1129 2417 Iambus.
1148 2387 1295 2416 Munodias.

964 2433 1085 2468 Sappho,
1096 2433 1204 2466 Lesbia,
1213 2433 1372 2470 Mytilenma,
1384 2437 1507 2471 pSaltria,
1518 2437 1551 2464 de
1561 2444 1613 2472 qua
1625 2444 1717 2472 supra,

932 2479 957 2506 in
974 2479 1077 2506 Phaon.

966 2535 1116 2569 Sarapion,
1135 2536 1225 2563 Atilius
1255 2537 1357 2568 rhetor.
1376 2537 1584 2565 Alexandrinus.
1603 2538 1718 2574 Scripsit

932 2580 968 2606 De
991 2581 1059 2607 vitiis
1088 2582 1332 2615 declamationum;
1353 2583 1542 2617 ‘Axpodcrstuv,
1574 2583 1632 2610 sive
1660 2584 1716 2610 Au-

929 2626 1206 2654 rcultationumlibror
1223 2626 1488 2662 I’lI,Puncgyricum
1508 2628 1535 2654 in
1555 2628 1717 2662 Adriauum,

930 2672 995 2706 intp;
1011 2673 1226 2700 Consultationet
1237 2673 1271 2700 ad
1286 2673 1480 2701 Alexandrinos
1490 2683 1500 2707 ;
1510 2674 1620 2701 Rectene
1636 2673 1718 2700 Plato

933 2751 1076 2787 ἐξιμέτρῳ
1087 2754 1216 2788 οἰήματα.
1232 2753 1284 2781 Sed
1298 2754 1422 2781 criticum
1436 2753 1479 2780 hic
1493 2760 1572 2785 agere
1587 2758 1633 2780 aut
1644 2752 1715 2778 Tou-

932 2788 967 2849 piii
990 2788 1240 2817 animadversiones
1261 2793 1384 2823 repetere
1404 2796 1453 2816 nec
1477 2787 1541 2816 libet
1558 2795 1608 2816 nec
1626 2793 1714 2817 vacat.

957 2831 1020 2850 ARL.
