1921 3072
200 167 268 200 1339

798 163 918 195 INDEX
938 163 1181 194 SCRIPTORUH

1754 163 1820 196 ιείῡ

201 225 343 253 Homerum
363 231 376 250 ι
391 222 455 257 Rep.
472 230 521 249 sua
537 220 674 257 ablegarit,
692 225 717 248 et
733 221 785 249 alia
804 222 898 249 multa.
915 221 980 249 ltcin
997 225 1018 251 Α
1034 221 1085 249 bus
1099 221 1216 256 inopiam
1231 230 1308 249 suam
1333 226 1412 256 atque
1426 222 1590 250 immensam
1614 223 1701 250 animi
1718 224 1820 258 cupiti.-

200 272 289 298 Artem
307 269 462 295 oratoriam.

235 315 367 349 Sarapion
379 314 466 341 solum
479 314 535 341 fere
545 313 684 348 Orpheum
697 313 814 341 habebat
823 318 848 342 et
857 314 962 350 legebat
976 323 983 342 :

200 361 315 388 subinde
337 361 469 393 [siderum
497 360 529 387 tle
553 360 751 394 quaestionibus
775 361 984 388 occurrentibus

199 408 381 442 interrogans,
391 406 478 433 virum
492 413 599 433 summa
610 406 869 441 theologimscicntia
882 407 985 434 instru-

200 457 285 484 ctum,
301 459 381 486 quent
396 452 483 478 solum
507 450 669 478 familiarem
689 455 802 478 noratet
813 451 984 484 admittebat,

201 506 252 526 nec
277 498 361 524 ullum
383 498 465 524 alium
493 505 606 525 suarum
617 497 788 530 facultatum,
804 498 921 525 duorum
937 503 984 525 aut

201 545 283 571 trimn
301 544 444 575 librorum,
456 543 526 571 inter
543 551 612 578 quos
631 549 689 570 erat
706 542 805 577 Orphei
824 544 926 577 poesis,
945 544 986 570 di-

201 597 284 625 gnum
298 589 453 623 judicabat,
470 594 568 624 putans
582 597 611 616 se
627 589 653 615 in
671 589 717 615 illo
732 589 888 623 perpexisse
904 589 986 616 vitam

200 635 273 661 Illam
284 634 453 667 Saturniam,
465 633 713 668 poetarumfabulis
728 634 903 660 celebratam.
919 633 986 661 Nam

202 681 247 708 illc
264 681 372 714 quidem
387 686 530 715 poetarum
549 680 658 714 scriptis
672 679 828 707 celebratus
840 679 945 706 Chiron
960 680 987 706 in

204 726 324 753 Satnrnii
349 731 377 754 et
399 725 469 753 Jovii
493 726 568 760 regni
595 725 715 753 confinio
739 725 829 760 potius
853 725 987 758 constitit,

203 772 276 800 unde
298 771 422 799 biformis
444 780 505 800 esse
531 772 656 799 traditur.
680 772 781 800 Eodem
803 776 924 806 tempore
947 773 989 799 vir

204 818 274 844 alius
285 817 448 845 Alexandria
463 818 548 850 venit,
564 826 596 844 ex
615 823 671 844 tota
686 818 831 850 diametro,
846 818 886 844 vel
903 818 989 852 magis

203 865 296 894 ctiam.
323 864 345 890 si
368 864 409 891 sic
427 863 518 890 dicere
537 862 578 890 fas
601 867 653 895 est,
673 870 756 897 quam
776 870 808 889 ex
821 862 954 889 diametro
974 870 988 889 a

205 907 354 942 Serapione
369 909 475 936 distans
493 918 499 935 :
516 916 576 935 nam
595 908 638 935 hic
653 908 763 943 quidem
779 909 924 935 Saturnius
941 913 988 935 aut

204 953 298 982 Jovius
313 954 372 988 fuit,
390 954 434 982 ille
448 962 512 981 vero
526 955 696 989 Typhonius,
712 958 738 981 et
750 953 879 989 Typhone
892 961 987 981 versu-

205 1001 257 1027 tior
279 1001 377 1028 bellua.
400 1000 496 1028 Nullus
514 1002 585 1028 enitn
608 1009 714 1034 eorum,
737 1001 782 1035 qui
796 1009 869 1028 nttnc
884 1000 987 1033 vivunt,

206 1047 346 1073 hominum
362 1047 478 1081 ignorat,
493 1055 549 1082 quo
565 1047 658 1074 animo
674 1054 701 1074 et
713 1055 768 1082 qua
783 1047 892 1074 fortuna
908 1046 990 1073 fuerit

206 1092 399 1127 l’amprcpius.

242 1151 394 1186 Eapa’mouc.
423 1151 530 1178 Alea-us
553 1151 686 1178 l‘ittacum
706 1150 813 1178 vocavit
836 1150 989 1186 Σαράποδα,

206 1197 376 1232 χειροπόδην,
387 1197 517 1232 γαύρικα,
529 1197 670 1232 φύσκωνα,
686 1197 844 1230 γάστρωνα,
863 1196 991 1232 {090509-

208 1242 272 1268 πιδα
284 1247 310 1269 et
335 1242 535 1277 ἀγασύραστον.
554 1242 603 1275 (Ex
620 1241 719 1269 Laertii
735 1242 782 1268 lib.
795 1249 813 1274 1,
827 1249 851 1268 c.
865 1241 921 1276 8i.)

246 1297 424 1332 Seimlapsus,
437 1297 648 1325 instrumentum
665 1296 808 1323 musicum.
820 1295 857 1322 De
873 1294 992 1328 Zenone,

208 1342 425 1377 Citieo('l'itnon)
442 1351 449 1368 :
471 1342 499 1368 '0
519 1339 772 1377 δὲὲρῤειγύργαοος
786 1340 868 1366 αὑτοῦ
896 1339 993 1374 μικρὸς

211 1388 258 1414 Ιὼν
269 1396 275 1403 ·
291 1388 353 1416 νοῦν
372 1388 395 1414 δ’
409 1386 482 1423 εἶχεν
505 1387 653 1414 ὲλάσσοντα
679 1386 852 1421 σκινδαψσϊο,
880 1384 994 1411 Mentem

209 1433 332 1464 habebat.
349 1434 476 1461 minorem
489 1434 640 1467 scindapso,
658 1437 711 1460 etc.

246 1489 346 1524 Σκιφη.
367 1489 494 1522 Crantor,
520 1489 717 1524 philosophus,
744 1493 830 1524 poeta:
852 1487 994 1524 cujusdam

211 1541 308 1562 versus
327 1533 426 1569 σκίφης
438 1534 535 1569 plenos
549 1541 610 1562 esse
630 1534 709 1561 dixit.

247 1579 404 1615 Σκιρταλος.
434 1579 568 1615 Diogenes
579 1600 587 1613 ,
603 1579 777 1615 Sinopensis,
791 1579 847 1615 jam
872 1587 966 1612 senex,
982 1587 997 1607 a

213 1626 340 1658 Scirtalo,
357 1627 444 1660 pirata
459 1629 557 1661 captus
570 1631 623 1655 est.

250 1672 375 1707 Σκληρᾶς
406 1672 496 1698 ἀοιδοῦ
525 1672 638 1707 δασμόν,
661 1672 791 1699 tributum
818 1672 892 1699 dnrte
916 1672 998 1703 vatis,

214 1717 355 1752 Sphingis,
372 1717 424 1744 hoc
441 1722 482 1745 est
498 1717 604 1745 diﬂicilc
618 1718 699 1752 (apud
716 1717 878 1752 Sophoclent
895 1717 999 1752 OEdipo

215 1763 352 1798 tyranno).

248 1820 356 1853 Σκολιά,
383 1820 502 1847 carmina
527 1820 685 1847 convivalia.
717 1820 836 1847 Σκηλιῶν
866 1819 998 1852 Mali-.00,

216 1866 345 1901 Καρικῶν
361 1865 535 1901 αὐλημάτων.
557 1866 661 1894 Melitus
678 1867 729 1894 iste
748 1866 799 1894 fuit
819 1871 898 1901 poeta
919 1865 1001 1901 tragi-

216 1921 276 1945 cus,
303 1913 349 1948 qtti
368 1912 507 1940 Socratem
530 1913 680 1941 accusavit.
699 1913 894 1946 Perstringitur
919 1921 934 1939 a
955 1920 1002 1939 co-

216 1959 306 1990 micis,
322 1964 348 1985 ut
368 1959 442 1994 poesi
461 1958 578 1995 frigidus
589 1964 616 1986 et
633 1959 755 1986 moribus
779 1959 919 1993 improbus
933 1965 1001 1994 pra:-

216 2005 300 2032 ditus.
317 2003 414 2031 Carica
429 2012 502 2037 vero,
519 2005 642 2032 carmina
655 2005 739 2040 lyrica
757 2005 893 2040 lugubria.

253 2050 373 2084 Σκολιόν,
387 2058 497 2078 carmen
513 2058 661 2085 paucorum
675 2058 815 2078 versuum.
826 2050 1001 2084 ’l‘imocreon,

217 2096 349 2129 Rhodius.
371 2101 447 2131 poeta
473 2097 568 2132 epicus
583 2096 658 2131 (l7),
688 2097 742 2124 tale
764 2097 879 2124 scolium
908 2102 1002 2125 contra

218 2142 327 2169 divitias
355 2142 466 2177 scripsit
483 2163 490 2175 ,
511 2142 591 2176 cujus
618 2142 725 2170 initium
741 2147 805 2175 cst,
835 2143 949 2177 Ὀφελες
979 2141 1002 2171 ὦ

218 2187 300 2221 τυφλὲ
322 2187 430 2219 πλοῦτε,
445 2193 499 2216 etc.
527 2188 549 2215 Ο
565 2196 640 2216 tam?
656 2189 766 2221 divitiae.
784 2190 886 2217 utinam
915 2198 961 2217 nec
974 2191 1001 2217 in

1011 1568 1032 1596 C

1036 272 1117 294 tatem
1134 267 1212 295 facile
1232 268 1415 302 expleturum.
1434 266 1487 294 Sed
1505 273 1564 295 erat
1580 268 1756 299 insatiabilis,
1771 274 1819 296 etc.

1072 313 1258 348 Scopelianus,
1280 314 1493 346 Clazomenius,
1519 313 1658 348 sophista,
1695 314 1743 348 qui
1774 315 1820 340 sub

1035 360 1123 386 Nerva
1140 360 1205 387 rixit
1218 364 1244 386 et
1256 359 1380 395 Smyrnae
1395 360 1580 394 eloquentiam
1596 360 1700 391 docuit,
1717 359 1821 386 auditor

1035 405 1146 436 Nicetis,
1162 405 1274 439 aequalis
1300 405 1448 439 Apollonii,
1476 404 1654 439 Tyanensis,
1683 405 1718 431 ad
1744 413 1822 439 quem

1036 451 1116 477 etiam
1133 450 1263 484 epistolas
1279 450 1440 484 Apollonius
1459 451 1581 485 scripsit.

1071 495 1188 530 Σκύθης.
1203 495 1368 525 Anacharsis
1384 495 1433 522 fuit
1446 494 1561 530 Scytha,
1574 495 1619 522 sed
1636 500 1725 522 matre
1735 494 1824 522 Greca

1037 544 1130 572 natus,
1145 544 1172 567 et
1199 539 1259 567 ideo
1284 540 1434 574 δίγλωσσος
1450 541 1566 569 duarum
1588 541 1696 576 petitus
1723 541 1827 576 lingua-

1038 593 1109 617 rum.
1129 586 1175 620 qui
1191 585 1302 620 Scythis
1321 585 1393 621 leges
1411 585 1485 618 tulit.

1074 630 1183 666 Scylax,
1200 630 1404 664 Cariandensis,
1433 639 1465 658 ex
1481 631 1630 664 Carianda,
1651 631 1743 658 Caria:
1767 632 1826 659 civi-

1038 679 1102 708 tate,
1121 684 1203 711 prope
1221 676 1453 708 Halicarnassum.
1470 677 1685 705 mathematicus
1695 683 1723 703 et
1743 677 1827 704 musi-

1038 729 1097 749 cus.
1126 721 1241 757 Scripsit
1271 723 1404 757 periplum
1431 722 1555 749 locorum
1577 728 1655 750 extra
1685 723 1828 750 columnas

1040 767 1179 800 llerculis‘;
1198 767 1231 794 de
1252 766 1402 799 Heraclide,
1431 767 1610 802 .‘llylassorum
1635 776 1720 802 rege;
1753 774 1828 796 terra

1040 813 1200 849 periodum;
1229 814 1396 848 Ἀτιγραφήν
1427 813 1558 841 adversus
1597 813 1706 848 Polybii
1740 813 1829 842 llisto-

1042 859 1122 886 riam.

1080 905 1197 940 Scytale,
1214 905 1327 940 epistola
1345 905 1490 933 Laconica.
1515 905 1598 940 Ligna
1610 910 1688 932 erant
1708 907 1764 932 duo
1785 914 1830 940 po-

1041 952 1088 979 lita
1101 956 1126 978 et
1144 951 1270 986 oblonga,
1294 959 1408 986 quorum
1427 951 1541 978 alterum
1561 950 1830 978 Lacedtemonioruru

1043 998 1137 1034 ephori
1155 998 1322 1031 retinebant;
1357 998 1471 1025 alterutri
1502 998 1645 1025 tradebant
1659 998 1736 1029 duci.
1753 1006 1831 1033 quem

1043 1045 1077 1071 ab
1095 1044 1193 1072 bellum
1213 1044 1391 1077 emittebant,
1409 1050 1434 1071 et
1452 1045 1559 1078 quoties
1581 1045 1604 1071 ei
1631 1045 1737 1079 aliquid
1757 1053 1831 1071 ntan‘

1044 1089 1110 1116 dare
1125 1089 1260 1121 volebant,
1276 1089 1337 1116 albo
1359 1090 1416 1116 loro
1433 1090 1535 1124 lignum
1552 1090 1735 1117 involvebant
1759 1095 1786 1117 et
1808 1091 1832 1116 iu

1045 1143 1077 1162 co
1094 1136 1250 1162 mandatum
1271 1135 1437 1166 sciibcbant,
1453 1135 1549 1162 deinde
1563 1135 1652 1162 l0run-
1667 1136 1834 1170 replicantrs

1046 1181 1071 1208 id
1087 1181 1225 1207 tabellario
1248 1181 1389 1207 tradebant
1418 1181 1626 1215 asportandum.
1661 1180 1834 1208 Dioscorides

1045 1228 1074 1254 ὲν
1089 1228 1144 1258 τοῖς
1160 1227 1225 1261 Περὶ
1244 1227 1376 1262 νομίμων,
1394 1227 1420 1253 in
1437 1234 1520 1260 opere
1537 1227 1575 1253 De
1589 1228 1707 1254 moribus
1719 1234 1742 1254 et
1761 1228 1835 1254 insti-

1048 1274 1111 1300 tutis
1135 1273 1227 1304 refert,
1249 1271 1417 1299 feneratores
1434 1272 1556 1299 dividere
1573 1273 1708 1308 scytalam
1731 1274 1836 1300 duobus

1048 1318 1163 1346 testibus
1189 1318 1392 1353 praesentibus,
1413 1323 1441 1345 et
1465 1319 1491 1344 in
1523 1323 1638 1352 utraque
1667 1319 1732 1354 ejus
1762 1324 1836 1354 parte

1048 1370 1219 1392 coritractum
1245 1364 1385 1395 scribere,
1418 1369 1444 1390 et
1468 1364 1579 1390 alteram
1594 1364 1706 1398 quidem
1735 1364 1785 1393 uni
1805 1371 1837 1392 ex

1049 1411 1165 1438 testibus
1195 1410 1271 1442 dare,
1297 1410 1409 1447 alteram
1434 1410 1485 1437 sibi
1512 1418 1665 1437 reservare.
1685 1410 1837 1438 Uleltatttur

1049 1455 1150 1491 scylala
1166 1459 1194 1482 et
1208 1455 1261 1482 alio
1279 1455 1369 1488 modo,
1387 1459 1416 1482 ιιι
1432 1455 1592 1483 Aristoteles
1609 1456 1636 1482 in
1652 1455 1837 1484 lthacensium

1050 1509 1108 1535 rep.
1127 1501 1231 1528 scribit.

1087 1545 1239 1578 Secundus,
1268 1546 1453 1578 Atheniensis,
1481 1547 1604 1581 sophista
1640 1548 1707 1583 (non
1736 1548 1770 1581 is)
1792 1548 1837 1582 qui

1050 1597 1160 1620 vocatus
1190 1598 1232 1620 est
1259 1593 1373 1622 Plinius.
1403 1593 1521 1628 Epiurus
1553 1593 1609 1627 (18)
1647 1594 1705 1621 sive
1742 1594 1836 1622 Clam

1049 1638 1147 1675 ligneus
1165 1639 1325 1668 vocabatur.
1347 1644 1375 1665 ut
1390 1639 1458 1666 fabri
1483 1640 1565 1671 filius,
1582 1639 1687 1674 fuitque
1713 1641 1836 1670 Herodis.

1052 1685 1193 1720 sophistae,
1218 1685 1356 1720 magister.
1384 1684 1498 1720 Scripsit
1520 1685 1731 1713 Declanmtiones
1749 1691 1833 1713 orato-

1050 1732 1118 1758 rios.

1067 1814 1071 1817 η
1087 1777 1228 1810 Seleucus,
1247 1778 1457 1810 Alexandrinus,
1475 1777 1680 1812 grammaticus.
1701 1778 1838 1812 cegnutui—

1051 1828 1133 1851 natus
1153 1823 1324 1855 llomerirus,
1343 1824 1388 1858 qui
1405 1823 1498 1852 Ruina:
1521 1822 1708 1858 eloquentiam
1735 1823 1836 1850 docuit.

1052 1869 1169 1905 Scripsit
1197 1868 1416 1897 Commentarios
1442 1869 1468 1896 in
1487 1874 1574 1896 totum
1604 1876 1673 1903 pene
1711 1874 1836 1903 poetam;

1053 1915 1089 1942 De
1107 1923 1311 1950 synonymorum
1325 1915 1484 1948 diﬂ'erentia,
1511 1914 1548 1940 De
1571 1915 1604 1941 iis
1623 1922 1682 1948 qui:
1695 1914 1768 1948 [also
1787 1921 1840 1940 crc-

1051 1961 1151 1987 duntur
1163 1981 1169 1992 ,
1187 1961 1222 1988 De
1237 1961 1380 1994 proverbiis
1403 1960 1474 1995 apud
1491 1960 1686 1987 Alexandrinos
1711 1961 1838 1991 usitatis.

1053 2006 1091 2033 De
1106 2007 1157 2034 diis
1179 2007 1261 2033 .ibros
1286 2012 1409 2038 centum,
1434 2007 1497 2034 item
1521 2007 1573 2033 alia
1598 2006 1758 2040 Σύμμικτα,
1786 2007 1841 2033 sive

1052 2051 1224 2078 Miscellanea
1238 2051 1332 2087 [etiam
1346 2051 1456 2078 Glossas
1477 2051 1598 2085 aliaque.
1615 2052 1647 2078 de
1669 2051 1772 2086 quibus
1788 2052 1840 2078 vid.

1052 2096 1171 2128 Kusleri,
1184 2101 1240 2124 not.
1257 2097 1282 2130 6,
1301 2102 1367 2124 tom.
1389 2097 1432 2131 ΙΙΙ,
1448 2105 1508 2131 pag.
1527 2096 1602 2133 297.]

1089 2142 1238 2174 Seleucus,
1276 2142 1446 2174 Emescnus,
1474 2142 1695 2177 grammaticus.
1735 2142 1843 2177 scripsit

1058 2187 1257 2214 Ἀσπαλευτικὰ
1271 2187 1429 2218 Piscatoria.
1444 2188 1558 2214 versibus
1574 2188 1738 2214 hexametris
1763 2188 1842 2214 libros

219 2239 300 2265 terra,
326 2241 371 2260 nec
389 2234 415 2260 in
440 2233 517 2264 mari.
532 2241 578 2260 nec
593 2234 621 2260 in
643 2235 791 2261 continente
807 2243 922 2269 unquam
935 2238 998 2263 visa:
1017 2234 1037 2260 Ι)
1053 2232 1091 2260 IV
1106 2233 1179 2269 (l9);
1193 2233 1223 2260 In
1247 2233 1354 2268 Lyricos
1382 2233 1606 2262 Commentarium
1617 2253 1624 2265 ,
1655 2233 1843 2261 Parthicarum

219 2279 346 2314 fuissetis.
362 2280 405 2307 sed
431 2280 457 2305 in
478 2279 590 2306 Tartara
606 2285 630 2306 et
650 2280 795 2307 Acheronte
819 2281 1002 2309 habitantis!

219 2334 262 2353 vos
278 2327 346 2353 enim
373 2327 489 2352 omnium
520 2325 651 2353 malorum
680 2327 748 2353 inter
778 2327 896 2354 homines
922 2336 1003 2355 causa

220 2373 293 2400 estis.
311 2371 357 2399 llis
372 2372 461 2399 simile
475 2376 516 2400 est
531 2372 670 2399 decretum
681 2393 689 2405 ,
706 2381 720 2400 a
741 2372 844 2400 Pericle
861 2374 1002 2408 scriptum,

219 2427 273 2453 quo
286 2418 457 2454 Megarenses
470 2418 542 2452 foro,
557 2419 637 2452 mari,
657 2420 815 2447 continente
828 2419 1004 2450 arcebantur.

253 2465 373 2492 Σκολιόν.
400 2465 549 2500 Tyrannion
575 2465 687 2498 scripsit
713 2465 948 2492 Comtnentarium
972 2466 1004 2493 de

220 2515 301 2538 metro
322 2511 426 2545 obliquo
443 2512 521 2546 (Περὶ
537 2510 583 2537 τοῦ
607 2510 714 2538 σκολιοῦ
732 2510 864 2546 μέτρου),
889 2511 960 2545 quod
979 2512 1002 2538 ei

221 2557 389 2592 propositum
407 2556 457 2584 fuit
476 2565 490 2584 a
507 2556 537 2584 C.
554 2556 671 2584 Caesare.

256 2602 369 2637 Scopas,
386 2601 539 2629 (Etolorunt
552 2608 661 2637 praetor,
677 2603 824 2630 frustratus
841 2602 1003 2638 principatuI

221 2647 300 2681 cujus
317 2648 435 2675 maxime
455 2656 539 2675 causa
564 2648 636 2683 leges
651 2649 772 2676 scribere
796 2656 880 2675 ausus
906 2647 1004 2680 fuerat,

221 2692 412 2720 Alexandriam
429 2693 580 2727 cogitabat,
599 2698 673 2720 ratus
689 2701 748 2720 sese
763 2694 835 2721 illius
852 2694 928 2721 urbis
945 2695 1005 2729 opi-

261 2796 317 2831 (ιη
333 2795 416 2831 infra,
427 2796 497 2831 apud
511 2796 620 2824 Sttidam
637 2797 746 2829 rectius.
762 2797 881 2823 melicut.

262 2830 319 2866 (l8)
330 2830 372 2866 De
387 2831 439 2866 hac
452 2831 568 2860 lectione
585 2841 610 2859 ν.
631 2831 750 2865 Kusteri,
770 2837 826 2859 not.
841 2833 868 2866 7,
887 2836 952 2860 tom.
964 2831 1010 2865 lll,

230 2871 292 2900 pag.
306 2865 369 2892 295.
385 2865 472 2892 "AN...

1055 2279 1134 2306 libros
1157 2278 1199 2306 If.
1220 2279 1313 2308 lnveni
1333 2284 1360 2307 et
1383 2281 1467 2306 alium
1486 2279 1630 2307 Seleucum
1645 2279 1689 2306 his
1711 2279 1845 2312 additum,

1055 2327 1102 2354 sed
1118 2327 1164 2361 qui
1180 2326 1271 2354 nullos
1288 2326 1435 2361 scripserat
1449 2326 1546 2353 libros.

1091 2373 1190 2400 Sellius
1211 2373 1268 2400 sive
1286 2372 1390 2404 Sillius,
1412 2373 1459 2407 qui
1476 2378 1503 2399 et
1522 2371 1657 2400 Homerus
1680 2372 1774 2399 dictus
1793 2376 1842 2403 est,

1056 2420 1251 2454 grammaticus
1264 2424 1326 2447 ante
1342 2419 1534 2447 Menandrum.
1551 2419 1647 2454 (Supra
1659 2419 1687 2446 in
1704 2418 1843 2450 Homero.)

1096 2464 1203 2495 Senius.
1223 2465 1314 2497 Eleus,
1329 2465 1524 2500 grammaticus
1540 2486 1547 2497 ,
1568 2465 1678 2498 scripsit
1692 2463 1845 2490 Eliacorum

1057 2511 1138 2538 libros
1167 2510 1241 2540 VIII.
1263 2511 1388 2538 Periudos
1402 2511 1476 2538 libris
1493 2510 1534 2542 ll,
1554 2510 1591 2537 De
1614 2510 1686 2536 Paro
1704 2510 1803 2536 librant
1819 2507 1843 2540 I.

1060 2555 1096 2582 De
1111 2554 1239 2589 Pergamo
1259 2556 1355 2582 librum
1371 2555 1395 2585 Ι,
1412 2556 1442 2582 de
1466 2554 1617 2586 Pwanibus,
1643 2555 1669 2580 in
1689 2561 1744 2588 quo
1767 2560 1844 2588 opere

1059 2609 1157 2635 genera
1188 2602 1356 2628 musicorum
1387 2606 1519 2634 recenset,
1552 2601 1751 2631 atttocabalos,
1774 2600 1843 2633 itby-

1059 2647 1174 2682 phallos,
1190 2648 1394 2682 phallophoros,
1409 2653 1461 2675 etc.
1482 2648 1581 2683 (Supra
1605 2647 1631 2673 in
1657 2645 1841 2681 Pballophori,

1061 2693 1106 2720 ubi
1122 2693 1290 2720 autocabdali
1307 2694 1414 2728 legitur,
1431 2701 1483 2721 nou
1500 2693 1674 2727 autocabuli.)

1097 2796 1153 2830 (l9)
1171 2796 1214 2827 At,
1234 2800 1344 2830 notante
1360 2795 1476 2822 Knstcro
1493 2795 1510 2821 Ι.
1527 2802 1551 2821 c.
1574 2794 1598 2821 id
1613 2802 1682 2828 opus
1701 2794 1761 2821 A'hr
1774 2800 1841 2820 ntrus

1061 2831 1156 2859 tribuit
1172 2831 1284 2859 Seleuco
1303 2829 1440 2858 Tazsnsi.
1460 2830 1534 2862 llam.
