1921 3072
88 158 164 190 1341

713 159 762 188 DE
781 159 924 194 QUIBUS
943 160 1094 191 SUIDAS.

1647 159 1717 191 1342

125 216 248 242 Serenus
263 212 362 244 Elius,
376 211 560 244 Atheniensis,
582 211 790 244 grammaticus,
811 212 879 238 scri-
893 216 916 243 Α
931 214 1051 243 sustulit.
1065 219 1092 241 et
1111 214 1137 240 in
1154 213 1301 240 Alexandri
1320 217 1497 241 monumento
1512 213 1658 245 conclusit,
1686 220 1715 243 ιιι

85 264 148 299 psit
166 261 307 296 Epitomen
333 259 418 293 operis
448 257 567 284 Philonis
596 257 633 284 De
649 257 756 284 urbibus
778 262 802 284 et
823 258 881 291 qui-

89 316 157 335 nam
173 308 201 334 in
217 305 327 340 singulis
355 304 422 330 clari
436 304 547 339 fuerint.
567 303 650 330 libros
668 302 719 335 Ill;
739 301 879 333 Epitomen

89 353 348 383 commentariorum
367 349 503 377 P/tilouui
521 350 547 376 ἱιι
563 348 717 379 Homerum,
735 349 781 376 lib.
797 347 818 374 Ι.

130 399 244 433 Sergius
256 396 470 432 Zeugmatensis.
484 395 632 430 Aphthonii
649 394 680 421 F.
692 402 707 421 a
722 393 880 426 causidicis,

88 447 141 480 qui
160 444 279 480 praefecti
308 442 429 474 fuerunt,
453 450 538 476 genus
556 441 669 472 ducens,
692 440 838 475 prmfectus
855 443 882 466 et

88 494 154 527 ipse
168 493 297 527 praetorio
316 494 343 515 ct
369 488 522 515 consularis
541 491 569 514 et
596 487 739 522 patricius.
764 485 882 520 Scripsit

92 538 268 572 Epitaphium
286 536 313 562 in
331 534 480 569 sophistam
499 533 628 560 Sabinmn
660 532 771 558 fratrem
790 538 880 563 suum,

89 585 159 612 item
186 583 269 610 alium
295 581 395 608 librqu
424 587 474 614 pro
506 578 652 606 causidicis
671 577 803 605 Adversus
819 577 881 602 Ari-

87 629 199 656 uident.

129 674 318 705 Σεσελλίσθαι,
335 673 405 708 falso
419 672 573 706 uinctura,
595 670 699 698 dictum
717 669 752 696 ab
772 667 883 696 Eschi-

91 729 141 751 nc,
154 720 218 747 Sclli
241 718 285 752 Ρη
302 719 349 753 qui
368 725 470 752 pauper
489 717 599 744 divitem
614 723 643 742 se
661 714 729 742 falso
750 713 880 749 iactabat.

90 765 185 792 Etiam
196 764 304 796 σέλλους
318 763 447 799 gloriosos
463 765 570 794 vocant,
580 767 605 788 et
616 761 727 796 gloriari
739 759 880 790 αεὶλίςειν.

132 812 308 842 Severianus,
328 810 523 839 Damascenus,
545 815 615 834 unus
631 815 663 835 ex
690 806 813 841 primarii
835 812 882 840 ge-

92 859 172 886 neris
184 856 395 889 viris,Auxentii
405 855 527 882 Callinici
540 853 584 885 F.,
597 857 673 880 ortus
688 861 720 880 ex
737 851 879 883 Romanis,

91 904 143 938 qui
169 902 362 930 Alexandriam
395 901 544 928 incoluere.
576 898 696 930 Poetica,
713 897 830 925 oratoria
855 901 882 924 et

89 950 166 985 juris
180 948 268 975 civilis
291 947 407 973 Romani
432 946 528 980 peritia
554 945 716 976 instructus,
738 944 819 970 etiam
853 943 879 970 in

93 994 269 1030 phiIOSophia
286 991 483 1020 instituendum
510 998 538 1018 se
554 989 650 1017 Proclo
676 989 740 1016 dare
757 988 880 1021 volebat,

94 1040 123 1066 ni
145 1045 231 1073 patvr,
244 1038 289 1073 qui
306 1041 449 1072 patronum
471 1043 615 1063 causarum
630 1035 756 1067 malebat,
775 1035 800 1061 id
817 1041 880 1068 pro-

94 1085 242 1112 hibuisset.
268 1083 318 1110 Sed
343 1087 419 1117 patre
434 1081 573 1113 defuncto,
601 1080 733 1110 Athenas,
751 1079 796 1106 ubi
814 1079 880 1106 Pro-

93 1131 158 1158 clus
177 1134 245 1163 erat,
272 1128 409 1163 proiectus
431 1126 593 1157 somniavit,
617 1126 715 1152 montis
732 1124 879 1156 cacumini,

95 1182 229 1210 tanquam
254 1174 390 1205 vehiculo,
409 1181 439 1201 se
464 1172 583 1199 insidere
603 1176 630 1199 et
650 1176 770 1198 montem
792 1171 880 1204 ipsum

95 1222 201 1257 aurigae
217 1222 300 1248 instar
317 1221 429 1252 agitare.
456 1218 525 1246 Hinc
551 1218 607 1245 fato
630 1222 658 1245 et
681 1218 822 1244 voluntate
847 1216 881 1242 ad

94 1276 186 1302 remp.
215 1268 342 1294 accedere
361 1270 387 1293 et
410 1265 594 1300 magistratum
611 1272 704 1299 gerere
721 1271 801 1298 quam
826 1263 882 1296 phi-

95 1314 254 1349 losnphiam
277 1313 438 1347 beatumque
454 1312 541 1338 otium
567 1311 668 1338 sectari
690 1310 794 1337 maluit.
812 1310 881 1336 Cum

95 1365 194 1395 postea
214 1359 240 1386 in
254 1358 344 1385 odium
362 1358 503 1385 incidisset
527 1355 685 1387 Ardaburii,
701 1355 791 1388 magni
809 1354 882 1380 illitis

95 1406 214 1441 Asparis
232 1404 273 1437 F.,
283 1404 366 1432 multa
381 1404 415 1431 ab
427 1404 473 1430 illo
490 1409 587 1437 passus
599 1407 642 1429 est
656 1401 846 1428 sanctissimus
857 1405 884 1427 et

95 1459 186 1487 supra
211 1450 321 1478 modum
345 1449 480 1484 religionis
496 1448 596 1476 Grtecae
613 1448 711 1474 cultor.
730 1447 883 1474 lsocrateas

96 1499 183 1527 etiam
200 1497 337 1525 orationes
351 1495 520 1530 copiosiores
534 1499 561 1521 et
577 1494 610 1521 de
628 1501 686 1528 rep.
696 1497 806 1528 agentes
816 1492 882 1518 mihi

94 1545 247 1576 etiarravit,
277 1551 330 1570 non
348 1542 497 1569 artiﬁcioso
522 1541 568 1567 illo
595 1545 623 1567 et
650 1539 810 1574 sophistico,
834 1539 880 1566 sed
895 1555 917 1586 ρ

95 1590 227 1626 prudenti
256 1594 283 1616 et
306 1587 496 1623 pbilosophico
519 1593 605 1612 more.
631 1584 703 1612 Idem
732 1583 881 1616 lulianum,

94 1637 212 1664 fratrem
229 1643 317 1662 meum
331 1634 386 1669 (ΩΟ)
400 1638 465 1660 natu
486 1632 618 1659 minorem
641 1631 681 1658 sic
704 1629 738 1658 ad
752 1631 884 1665 eloquen-

95 1683 145 1711 tiae
161 1682 280 1709 studimu
304 1680 492 1712 inﬂammavit,
510 1684 539 1706 ut
555 1686 616 1706 eum
635 1683 661 1705 et
681 1682 775 1713 poetas
797 1682 824 1705 et
841 1685 884 1705 ee-

96 1728 190 1754 lebres
210 1731 332 1753 oratores
358 1725 481 1752 ediscere
499 1724 618 1760 juberet.
638 1723 669 1750 Et
686 1724 753 1751 alios
772 1723 882 1759 quidem

96 1778 194 1807 poetas
223 1777 362 1806 utcunque
390 1770 535 1810 probabat,
569 1774 597 1797 at
628 1769 828 1797 Callimachum
856 1769 882 1796 in

97 1827 199 1846 manus
216 1825 337 1850 sumens,
352 1817 447 1844 Afrum
462 1817 535 1844 hunc
551 1820 656 1851 poetam
677 1823 814 1850 nunquam
830 1823 882 1842 non

96 1866 205 1892 derisit.
218 1864 286 1897 Quin
299 1864 414 1891 lectione
429 1863 488 1898 ejus
504 1863 570 1890 adeo
585 1862 781 1893 offendebatur,
801 1862 885 1888 inter-

97 1915 166 1940 dum
183 1917 212 1939 ut
233 1913 329 1939 librant
354 1912 414 1945 ejus
426 1915 598 1945 conspueret.
626 1909 694 1937 lluic
708 1909 784 1935 Zeno
817 1909 882 1942 imp.

97 1960 252 1995 proximam
270 1966 284 1985 a
308 1966 337 1984 se
352 1957 510 1991 dignitatem
540 1956 675 1991 pollicitus
690 1960 742 1986 est,
765 1955 787 1982 si
801 1955 883 1981 Chri-

97 2006 208 2033 stianus
224 2004 280 2031 ﬁeri
297 2004 376 2030 vellet
393 2013 400 2030 :
416 2007 442 2029 et
458 2003 516 2037 ipse
539 2002 617 2029 nobis
633 2002 785 2036 epistolam,
805 2001 884 2035 polli-

98 2051 247 2079 citationes
277 2049 339 2076 illas
357 2049 553 2078 continentem.
582 2049 628 2075 sed
662 2047 729 2074 nihil
759 2047 830 2082 apud
855 2054 884 2073 se

100 2097 288 2133 proﬁcientem
309 2116 316 2128 ,
343 2096 475 2122 recitavit.
500 2095 646 2122 Arcadium
674 2095 767 2123 etiam.
794 2093 885 2121 Laris-

101 2140 201 2175 sa-uin,
220 2151 268 2178 per
284 2142 425 2178 epistolam
441 2142 604 2176 objurgavit.
623 2140 689 2168 Nam
707 2140 882 2174 Severianus,

101 2191 127 2217 in
147 2189 270 2223 epistolis
281 2189 435 2216 scribendis
449 2196 511 2215 acer
529 2192 555 2215 et
569 2190 698 2215 cordatus
712 2191 782 2214 erat.

932 268 983 287 nec
998 259 1070 287 illius
1087 267 1186 294 corpus
1205 259 1350 294 quisquam
1374 259 1489 294 amplius
1509 265 1642 287 cerneret.
1659 268 1711 288 nec

933 315 976 334 res
992 307 1019 333 in
1037 306 1090 333 illis
1103 307 1220 340 scriptas
1234 306 1344 340 legeret.

915 365 918 367 >
966 351 1094 382 Severus.
1116 352 1244 386 Σευῆρος.
1265 351 1314 378 llic
1327 356 1386 385 post
1409 351 1543 378 infelicem
1567 353 1642 379 illum
1663 352 1716 379 Eu-

932 398 1039 433 tychem
1054 397 1168 428 exstitit,
1194 402 1222 424 et
1246 405 1308 424 cum
1326 397 1476 424 Antiochiae
1492 398 1619 424 thronum
1637 398 1715 433 malis

932 443 1036 470 artibus
1048 445 1228 477 occupasset‘,
1245 442 1379 470 Manentis
1396 447 1423 470 et
1438 443 1603 476 Apollinaris
1617 449 1643 470 et
1663 444 1716 470 Eu-

932 488 1020 523 tychis
1043 487 1168 515 lurresim
1196 488 1318 515 stabilire
1352 487 1511 515 conabatur.
1538 487 1576 513 Ex
1602 488 1716 514 ecclesia

932 536 1023 569 itaque
1043 535 1136 569 pulsus
1168 535 1194 561 in
1224 535 1441 566 Alexandrinos,
1471 534 1598 568 populum
1617 534 1715 565 levem,

933 581 1049 608 turbinis
1074 585 1101 607 et
1129 580 1253 615 procellae
1280 580 1366 607 instar
1392 580 1497 606 incidit.
1525 579 1593 606 Cum
1625 585 1715 606 autem

932 628 978 655 hic
991 635 1099 662 quoque
1113 627 1166 653 alia
1189 626 1307 661 procella
1333 627 1382 660 ipsi
1411 631 1438 653 et
1452 626 1552 661 populo
1571 630 1715 656 restusset,

933 673 1023 700 omnia
1047 671 1172 700 confudit
1186 676 1213 698 et
1232 671 1411 706 perturbavit.
1425 670 1549 698 Julianus
1565 670 1637 697 enim
1654 670 1718 704 qui-

922 719 993 745 -dam
1008 717 1267 748 Halicarnassensis.
1280 717 1349 744 Asia:
1361 716 1516 751 episcopus,
1534 723 1582 743 eos
1597 715 1719 750 dissipa-

932 765 980 792 vit.
998 763 1098 791 Conl'er
1113 771 1204 798 supra,
1224 763 1251 790 in
1268 762 1390 790 Juliauo.

969 809 1080 841 Sextus,
1105 808 1306 841 Clueronensisl
1330 806 1468 834 Plutarchi
1497 807 1601 834 sororis
1635 807 1717 839 illius,

934 857 1123 892 philosophus.
1140 857 1185 890 qui
1205 856 1256 883 fuit
1275 856 1309 882 Μ.
1330 856 1460 882 Antonini
1477 855 1592 882 Caesaris
1610 861 1718 888 tempo-

936 903 1021 933 ribus.
1038 903 1181 932 llerodoli.
1196 902 1401 936 Pbiladelphmi,
1419 901 1569 935 discipulus
1585 905 1719 935 set-mque

934 949 1091 985 Pyrrhoni-.2
1107 948 1231 975 addictus
1244 948 1311 982 (Eli).
1328 947 1375 974 llic
1387 946 1457 981 apud
1483 947 1672 980 imperatorem
1691 945 1718 972 in

935 1001 1009 1023 tanto
1033 995 1139 1022 honore
1165 997 1236 1024 erat,
1268 998 1298 1021 ut
1322 1001 1376 1020 una
1406 1001 1468 1019 cum
1486 1000 1518 1019 eo
1540 993 1585 1026 jus
1604 992 1717 1019 diceret.

936 1041 1050 1075 Scripsit
1080 1040 1185 1071 Ethice,
1213 1040 1333 1072 itemque
1358 1038 1475 1072 Sceptica
1501 1038 1576 1064 libris
1596 1037 1631 1065 X.
1654 1037 1720 1064 Pos;

934 1086 1074 1113 Commodi
1091 1090 1204 1112 mortem
1227 1085 1337 1119 quidam
1355 1091 1384 1111 sc
1402 1084 1507 1110 Sixtum
1531 1084 1620 1110 dicere
1635 1090 1719 1109 ausus

934 1137 984 1165 est,
999 1132 1197 1166 facultatesque
1211 1135 1238 1157 et
1251 1131 1410 1165 dignitatem
1424 1129 1482 1163 ejus
1498 1129 1549 1156 sibi
1569 1129 1718 1160 vindicare,

934 1178 979 1212 qui
1009 1185 1024 1204 a
1041 1178 1136 1205 multis
1162 1184 1233 1211 smpe
1266 1176 1448 1210 interrogatus
1465 1176 1533 1202 scite
1566 1174 1718 1209 respondit.

935 1225 986 1251 Sed
997 1231 1058 1251 cum
1069 1224 1192 1258 pertinax
1205 1223 1334 1249 nonnulla
1346 1222 1378 1248 ad
1388 1221 1569 1248 eruditionem
1582 1220 1717 1251 Crmcain,

939 1271 1018 1306 Cujus
1035 1270 1080 1297 ille
1096 1269 1173 1296 rudis
1200 1274 1270 1297 erat.
1294 1267 1456 1302 pertinentia
1473 1275 1504 1294 ex
1529 1274 1560 1293 eo
1575 1272 1717 1300 quareret,

935 1317 1014 1350 longe
1034 1323 1047 1342 a
1063 1322 1145 1349 scopo
1161 1314 1308 1344 aberravit.
1326 1321 1387 1340 cum
1399 1332 1406 1344 ,
1434 1312 1499 1346 quid
1518 1312 1666 1342 diceretur,
1686 1318 1720 1338 ne

936 1362 1088 1398 intelligere
1118 1361 1228 1396 quidem
1260 1363 1362 1394 posset.
1391 1358 1465 1385 Adeo
1492 1362 1588 1384 natura
1604 1357 1717 1391 quidem

935 1410 1039 1436 vultum
1053 1409 1078 1436 ei
1098 1408 1213 1436 similem
1241 1406 1381 1437 habebam
1393 1404 1554 1439 ueterisque
1583 1403 1610 1430 in
1636 1403 1719 1430 rebus

935 1459 992 1482 arte
1006 1462 1069 1482 cum
1088 1453 1230 1485 referebat,
1245 1451 1369 1480 doctrina
1385 1457 1449 1478 vero
1473 1450 1568 1477 eadem
1592 1449 1718 1476 excultus

937 1508 990 1527 non
1006 1504 1077 1527 erat.

973 1546 1082 1577 Sextus.
1097 1545 1160 1572 Al'er
1171 1545 1238 1580 (22).
1254 1543 1431 1579 philosnphus
1441 1564 1448 1577 ,
1469 1541 1580 1578 scripsit
1596 1540 1718 1576 Sceptica

938 1592 995 1619 sive
1018 1591 1164 1626 Pyrrlionia
1178 1590 1253 1617 libri:
1271 1589 1307 1617 X.

974 1637 1074 1673 Sibylla
1100 1636 1226 1671 Delphica
1240 1656 1247 1667 .
1262 1643 1343 1672 quam
1361 1635 1444 1663 etiam
1461 1634 1575 1662 Dianam
1600 1633 1720 1669 appella-

938 1688 1011 1711 runt.
1024 1683 1097 1710 Vixit
1114 1687 1177 1710 ante
1202 1682 1304 1710 bellum
1323 1681 1473 1716 Troianum
1486 1700 1494 1714 ,
1520 1681 1630 1716 scripsit
1653 1687 1719 1707 ora-

937 1730 997 1758 cula
1014 1730 1148 1757 versibus.

973 1776 1081 1811 Sibylla;
1107 1775 1240 1803 Chalda‘az
1272 1780 1349 1811 pater
1378 1774 1505 1806 Berosus,
1542 1777 1628 1800 mater
1653 1771 1721 1807 Ery-

938 1823 1056 1850 manthe.

974 1869 1084 1903 Sibylla,
1102 1868 1236 1903 Apollinis
1261 1872 1288 1894 et
1310 1867 1410 1893 Lamiae
1430 1865 1524 1897 F.,vel
1545 1863 1721 1891 Aristocratis

937 1915 1118 1950 ctHydoles,
1147 1914 1188 1941 vel
1217 1913 1382 1947 Criuagorae,
1410 1911 1466 1942 vel,
1499 1914 1528 1936 ut
1544 1909 1718 1942 llermippus,

938 1960 1084 1992 Theodori,
1098 1959 1248 1994 Erythraea,
1268 1963 1330 1985 nata
1349 1959 1377 1984 in
1397 1957 1458 1984 loco
1475 1955 1659 1986 Erilhrarum,
1673 1954 1719 1988 qui

938 2006 1086 2033 vocabatur
1099 2005 1180 2034 Batti.
1200 2012 1271 2031 nunc
1287 2003 1394 2030 condita
1412 2002 1467 2029 illic
1489 2001 1566 2032 urbe,
1586 2000 1719 2034 Erythrae.

938 2053 1052 2086 Quidam
1071 2051 1190 2078 Siculam
1205 2050 1325 2082 tradunt,
1348 2048 1393 2076 alii
1422 2047 1594 2077 Sardianam,
1619 2045 1720 2080 Gerge-

939 2099 1034 2130 thiam,
1052 2097 1196 2128 Rhodiam,
1214 2095 1367 2131 Libyssam,
1379 2094 1528 2123 Lucanam.
1543 2092 1585 2119 vel
1599 2091 1719 2118 Samiam

937 2144 1064 2177 denique.
1082 2142 1144 2169 Fuit
1174 2146 1234 2177 post
1254 2146 1359 2175 captam
1385 2139 1479 2166 urbem
1497 2137 1607 2172 Trojain
1640 2137 1721 2163 annis

938 2189 1164 2219 CCCCLXXXIII.
1178 2186 1345 2221 Conscripsit
1358 2187 1442 2213 libros
1460 2185 1526 2211 istos
1539 2193 1546 2211 :
1561 2182 1638 2217 ’Περὶ
1652 2182 1720 2208 παλ-

135 2236 264 2268 Severus,
283 2235 419 2270 Σεεῆρος,
440 2235 562 2267 δομιιὶεια
585 2233 724 2262 Romanus
753 2234 805 2262 sub
822 2234 880 2261 Au-

943 2237 994 2264 λῶν
1008 2236 1044 2263 De
1055 2235 1291 2271 palpitatiouibus;
1303 2233 1390 2268 Μέλη,
1404 2231 1548 2262 Carmina;
1561 2229 1719 2264 Χρησμοὺς,

98 2283 216 2315 thcmio,
230 2283 294 2316 imp.
323 2281 373 2308 iuit
399 2280 591 2307 Alexandriam
615 2288 679 2307 vero
695 2280 834 2315 prolectus
857 2281 883 2308 in

98 2329 157 2355 otio
172 2326 362 2361 philosophico
378 2326 461 2352 vitam
486 2326 625 2359 transegit,
645 2326 782 2353 variorum
800 2327 885 2353 libro-

99 2381 161 2401 rum
175 2373 252 2408 copia
270 2373 378 2400 abunde
394 2373 553 2399 instructus.
570 2371 650 2400 Viros
660 2377 750 2400 autem
762 2373 886 2400 doctrina

98 2423 271 2454 praestantes,
293 2418 316 2446 si
335 2419 480 2453 quisquam
495 2417 577 2450 alius,
594 2418 626 2445 ad
647 2427 676 2446 so
691 2417 770 2446 facile
783 2424 887 2454 pertra-

97 2467 164 2493 here
177 2470 299 2492 noverat.

133 2512 251 2539 Severus
265 2511 434 2546 (imperator)
450 2519 499 2538 nec
515 2511 695 2538 humanarum
712 2519 762 2539 nec
776 2511 883 2539 divina-

97 2566 159 2585 rum
184 2566 275 2585 rerum
301 2558 450 2593 quidquam
477 2558 727 2592 impervestigatum
753 2561 782 2585 ut
799 2558 882 2585 relin-

96 2609 204 2639 queret,
219 2604 261 2632 vel
276 2605 458 2631 occultissima
483 2609 671 2639 perscrutatus
696 2608 748 2632 est.
772 2603 804 2630 Et
819 2605 880 2631 ideo

96 2651 183 2678 libros
213 2658 326 2682 omnes;
346 2650 392 2685 qui
428 2651 531 2684 aliquid
558 2651 649 2677 arcani
682 2650 838 2683 habebant,
859 2655 886 2677 et

96 2703 279 2732 quoscunque
308 2697 427 2730 reperire
451 2696 549 2730 potuit,
579 2704 611 2723 ex
638 2696 766 2723 omnibus
797 2697 887 2732 adytis

133 2772 191 2806 (20)
206 2773 341 2801 Damascii
359 2773 438 2800 verba
455 2778 528 2801 sunt.

133 2809 191 2844 (21)
218 2808 296 2836 Hunc
321 2809 433 2836 Sextum
448 2829 455 2840 ,
480 2809 638 2844 ἁδελφιδρῦς
666 2810 837 2844 Πλρυτὰρχειυ
863 2819 877 2837 :t

97 2843 184 2870 Suida
199 2844 312 2875 dictum,
331 2852 384 2871 non
400 2844 524 2871 euindcm
546 2843 606 2871 esse
631 2845 678 2878 (uti
694 2843 804 2879 quidam
819 2847 880 2879 upi-

97 2879 255 2917 upbanlur),
285 2888 345 2907 cum
368 2879 450 2907 Sexto
471 2879 621 2914 Pyrrhonio
648 2877 710 2909 sive
732 2877 877 2916 Empirico,

936 2282 1065 2311 Oracula.
1091 2281 1190 2308 Eadem
1232 2280 1314 2307 etiam
1339 2279 1426 2314 prima
1445 2277 1610 2312 triquetrum
1636 2281 1722 2309 genus

937 2329 1001 2365 lyrae
1016 2328 1103 2354 l'ertur
1119 2327 1266 2354 invenisse.

973 2373 1087 2410 Sibylla,
1113 2373 1228 2406 Helissa,
1257 2371 1366 2406 scripsit
1389 2369 1513 2398 versibus
1541 2366 1669 2395 vaticinia
1694 2369 1722 2392 et

937 2420 1059 2448 oracula.

975 2465 1075 2500 Sibylla
1088 2463 1346 2500 Colophoniafquas
1363 2465 1458 2489 vocata
1475 2459 1526 2487 fuit
1541 2457 1687 2491 Lampusa,
1705 2462 1720 2481 a

937 2499 1087 2539 Calchante
1104 2510 1229 2537 oriunda.
1246 2509 1306 2544 Ipsa
1330 2499 1440 2542 quoque
1460 2504 1570 2539 scripsit
1595 2500 1720 2529 vaticinia

937 2562 964 2585 et
982 2557 1093 2584 oracula
1110 2557 1245 2589 versibus,
1260 2560 1286 2583 et
1302 2555 1364 2582 alia.

975 2603 1075 2639 Sibylla
1090 2602 1233 2634 Thessala,
1248 2602 1320 2630 dicta
1331 2601 1412 2629 etiam
1428 2599 1530 2633 Manto,
1545 2607 1606 2635 quae
1617 2607 1632 2627 a
1645 2599 1722 2627 Tire-

939 2650 979 2678 sia
991 2657 1076 2685 genus
1090 2649 1177 2676 duxit.

975 2695 1076 2731 Sibylla
1097 2696 1225 2731 Phrygia,
1240 2703 1262 2728 ιιι
1277 2694 1439 2730 quibusdam
1455 2699 1548 2721 vocata
1570 2693 1673 2725 Sarbis,
1687 2692 1722 2720 ab

939 2773 1037 2800 Kuster
1053 2772 1131 2808 (tom.
1153 2772 1196 2805 Ill,
1215 2779 1275 2806 pag.
1291 2771 1365 2806 299),
1386 2771 1551 2808 argumentis
1571 2778 1636 2808 usus
1655 2769 1724 2798 Jon-

936 2810 979 2842 sii,
999 2808 1043 2838 ΙΙΙ.
1058 2806 1123 2843 cap.
1149 2808 1193 2840 l2,
1212 2807 1314 2835 llistor.
1341 2807 1496 2842 pbilosoph.
1528 2806 1580 2834 late
1606 2806 1722 2834 denun-

935 2845 1026 2871 travit.
1040 2843 1125 2876 llattL.

969 2879 1026 2916 (22)
1043 2873 1092 2907 llic
1102 2883 1144 2908 cst
1159 2877 1257 2906 Sextus
1273 2877 1437 2913 Empiricus.
1455 2873 1541 2904 ῐΙΑὲιι..
