  <div class='ocr_page' id='page_1' title='image "/cluster/home/n/w/nwhite01/storage/ocr_20150623/117/njp.32101010943940/849.png"; bbox 0 0 1921 3072; ppageno 0'>
   <div class='ocr_carea' id='block_1_1' title="bbox 220 164 289 198">
    <p class='ocr_par' dir='ltr' id='par_1_1' title="bbox 220 164 289 198">
     <span class='ocr_line' id='line_1_1' title="bbox 220 164 289 198; baseline -0.029 0"><span class='ocrx_word' id='word_1_1' title='bbox 220 164 289 198; x_wconf 65' lang='grc'><strong>1342</strong></span> 
     </span>
    </p>
   </div>
   <div class='ocr_carea' id='block_1_2' title="bbox 822 160 1206 198">
    <p class='ocr_par' dir='ltr' id='par_1_2' title="bbox 822 160 1206 198">
     <span class='ocr_line' id='line_1_2' title="bbox 822 160 1206 198; baseline 0 -8"><span class='ocrx_word' id='word_1_2' title='bbox 822 161 942 191; x_wconf 70' lang='lat' dir='ltr'><strong>max</strong></span> <span class='ocrx_word' id='word_1_3' title='bbox 961 160 1206 198; x_wconf 67' lang='lat' dir='ltr'><strong>scntr&#39;ronuu</strong></span> 
     </span>
    </p>
   </div>
   <div class='ocr_carea' id='block_1_3' title="bbox 1789 153 1857 185">
    <p class='ocr_par' dir='ltr' id='par_1_3' title="bbox 1789 153 1857 185">
     <span class='ocr_line' id='line_1_3' title="bbox 1789 153 1857 185; baseline 0.015 -1"><span class='ocrx_word' id='word_1_4' title='bbox 1789 153 1857 185; x_wconf 70' lang='grc' dir='ltr'><strong>ΠΗ</strong></span> 
     </span>
    </p>
   </div>
   <div class='ocr_carea' id='block_1_4' title="bbox 218 210 1859 250">
    <p class='ocr_par' dir='ltr' id='par_1_4' title="bbox 218 210 1859 250">
     <span class='ocr_line' id='line_1_4' title="bbox 218 210 1859 250; baseline -0.005 -3"><span class='ocrx_word' id='word_1_5' title='bbox 218 221 280 248; x_wconf 81' lang='lat' dir='ltr'><strong>aliis</strong></span> <span class='ocrx_word' id='word_1_6' title='bbox 289 218 451 249; x_wconf 67' lang='lat' dir='ltr'><strong>Cassandra,</strong></span> <span class='ocrx_word' id='word_1_7' title='bbox 464 217 498 244; x_wconf 84' lang='lat' dir='ltr'><strong>ab</strong></span> <span class='ocrx_word' id='word_1_8' title='bbox 511 216 573 244; x_wconf 84' lang='lat' dir='ltr'><strong>aliis</strong></span> <span class='ocrx_word' id='word_1_9' title='bbox 587 211 772 248; x_wconf 74' lang='lat' dir='ltr'><strong>Taraxatidrtt,</strong></span> <span class='ocrx_word' id='word_1_10' title='bbox 786 220 812 243; x_wconf 90' lang='lat' dir='ltr'><strong>ct</strong></span> <span class='ocrx_word' id='word_1_11' title='bbox 824 216 881 250; x_wconf 73' lang='lat' dir='ltr'><strong>ipsa</strong></span> <span class='ocrx_word' id='word_1_12' title='bbox 898 215 1008 250; x_wconf 81' lang='lat' dir='ltr'><strong>scripsit</strong></span> <span class='ocrx_word' id='word_1_13' title='bbox 1023 216 1047 246; x_wconf 80' lang='grc' dir='ltr'><strong>Α</strong></span> <span class='ocrx_word' id='word_1_14' title='bbox 1061 222 1121 242; x_wconf 87' lang='lat' dir='ltr'><strong>nem</strong></span> <span class='ocrx_word' id='word_1_15' title='bbox 1138 215 1242 249; x_wconf 87' lang='lat' dir='ltr'><strong>primus</strong></span> <span class='ocrx_word' id='word_1_16' title='bbox 1255 213 1375 246; x_wconf 85' lang='lat' dir='ltr'><strong>invenit;</strong></span> <span class='ocrx_word' id='word_1_17' title='bbox 1390 217 1417 239; x_wconf 87' lang='lat' dir='ltr'><strong>et</strong></span> <span class='ocrx_word' id='word_1_18' title='bbox 1434 211 1621 248; x_wconf 69' lang='lat' dir='ltr'><strong>proverbium.</strong></span> <span class='ocrx_word' id='word_1_19' title='bbox 1635 210 1737 238; x_wconf 75' lang='lat' dir='ltr'><strong>Glauci</strong></span> <span class='ocrx_word' id='word_1_20' title='bbox 1750 219 1812 241; x_wconf 72' lang='lat' dir='ltr'><strong>ars.</strong></span> <span class='ocrx_word' id='word_1_21' title='bbox 1828 214 1859 238; x_wconf 74' lang='lat' dir='ltr'><strong>de</strong></span> 
     </span>
    </p>
   </div>
   <div class='ocr_carea' id='block_1_5' title="bbox 219 266 339 294">
    <p class='ocr_par' dir='ltr' id='par_1_5' title="bbox 219 266 339 294">
     <span class='ocr_line' id='line_1_5' title="bbox 219 266 339 294; baseline -0.008 -2"><span class='ocrx_word' id='word_1_22' title='bbox 219 274 274 294; x_wconf 62' lang='lat' dir='ltr'><strong>orat</strong></span> <span class='ocrx_word' id='word_1_23' title='bbox 286 266 339 291; x_wconf 78' lang='lat' dir='ltr'><strong>ula.</strong></span> 
     </span>
    </p>
   </div>
   <div class='ocr_carea' id='block_1_6' title="bbox 255 306 1006 344">
    <p class='ocr_par' dir='ltr' id='par_1_6' title="bbox 255 306 1006 344">
     <span class='ocr_line' id='line_1_6' title="bbox 255 306 1006 344; baseline -0.001 -8"><span class='ocrx_word' id='word_1_24' title='bbox 255 309 355 344; x_wconf 75' lang='lat' dir='ltr'><strong>Sibylla</strong></span> <span class='ocrx_word' id='word_1_25' title='bbox 365 309 485 335; x_wconf 67' lang='lat' dir='ltr'><strong>Cumana</strong></span> <span class='ocrx_word' id='word_1_26' title='bbox 495 313 522 335; x_wconf 85' lang='lat' dir='ltr'><strong>et</strong></span> <span class='ocrx_word' id='word_1_27' title='bbox 533 307 633 343; x_wconf 83' lang='lat' dir='ltr'><strong>Sibylla</strong></span> <span class='ocrx_word' id='word_1_28' title='bbox 643 306 830 343; x_wconf 85' lang='lat' dir='ltr'><strong>’I‘besprutiea.</strong></span> <span class='ocrx_word' id='word_1_29' title='bbox 846 307 878 335; x_wconf 85' lang='lat' dir='ltr'><strong>Et</strong></span> <span class='ocrx_word' id='word_1_30' title='bbox 891 308 932 336; x_wconf 74' lang='lat' dir='ltr'><strong>hae</strong></span> <span class='ocrx_word' id='word_1_31' title='bbox 944 315 1006 336; x_wconf 86' lang='lat' dir='ltr'><strong>ora-</strong></span> 
     </span>
    </p>
   </div>
   <div class='ocr_carea' id='block_1_7' title="bbox 216 354 497 388">
    <p class='ocr_par' dir='ltr' id='par_1_7' title="bbox 216 354 497 388">
     <span class='ocr_line' id='line_1_7' title="bbox 216 354 497 388; baseline -0.014 -5"><span class='ocrx_word' id='word_1_32' title='bbox 216 355 279 383; x_wconf 79' lang='lat' dir='ltr'><strong>cula</strong></span> <span class='ocrx_word' id='word_1_33' title='bbox 297 354 479 388; x_wconf 88' lang='lat' dir='ltr'><strong>scripserunt,</strong></span> <span class='ocrx_word' id='word_1_34' title='bbox 493 368 497 371; x_wconf 91' lang='lat'><strong>-</strong></span> 
     </span>
    </p>
   </div>
   <div class='ocr_carea' id='block_1_8' title="bbox 254 398 1003 436">
    <p class='ocr_par' dir='ltr' id='par_1_8' title="bbox 254 398 1003 436">
     <span class='ocr_line' id='line_1_8' title="bbox 254 398 1003 436; baseline -0.001 -9"><span class='ocrx_word' id='word_1_35' title='bbox 254 401 356 436; x_wconf 74' lang='lat' dir='ltr'><strong>Sibylla</strong></span> <span class='ocrx_word' id='word_1_36' title='bbox 374 399 513 431; x_wconf 75' lang='lat' dir='ltr'><strong>Chaldrea,</strong></span> <span class='ocrx_word' id='word_1_37' title='bbox 531 399 588 426; x_wconf 83' lang='lat' dir='ltr'><strong>sive</strong></span> <span class='ocrx_word' id='word_1_38' title='bbox 603 398 715 426; x_wconf 69' lang='lat' dir='ltr'><strong>IIebrara</strong></span> <span class='ocrx_word' id='word_1_39' title='bbox 734 403 782 426; x_wconf 80' lang='lat' dir='ltr'><strong>aut</strong></span> <span class='ocrx_word' id='word_1_40' title='bbox 803 399 924 431; x_wconf 86' lang='lat' dir='ltr'><strong>Persica,</strong></span> <span class='ocrx_word' id='word_1_41' title='bbox 941 407 1003 434; x_wconf 88' lang='lat' dir='ltr'><strong>pro-</strong></span> 
     </span>
    </p>
   </div>
   <div class='ocr_carea' id='block_1_9' title="bbox 218 444 1004 481">
    <p class='ocr_par' dir='ltr' id='par_1_9' title="bbox 218 444 1004 481">
     <span class='ocr_line' id='line_1_9' title="bbox 218 444 1004 481; baseline -0.001 -8"><span class='ocrx_word' id='word_1_42' title='bbox 218 447 276 481; x_wconf 89' lang='lat' dir='ltr'><strong>prio</strong></span> <span class='ocrx_word' id='word_1_43' title='bbox 301 446 411 473; x_wconf 85' lang='lat' dir='ltr'><strong>nomine</strong></span> <span class='ocrx_word' id='word_1_44' title='bbox 435 444 595 477; x_wconf 75' lang='lat' dir='ltr'><strong>Satnbellte,</strong></span> <span class='ocrx_word' id='word_1_45' title='bbox 619 452 634 472; x_wconf 78' lang='lat' dir='ltr'><strong>tt</strong></span> <span class='ocrx_word' id='word_1_46' title='bbox 656 444 814 471; x_wconf 83' lang='lat' dir='ltr'><strong>beatissimo</strong></span> <span class='ocrx_word' id='word_1_47' title='bbox 842 444 899 472; x_wconf 74' lang='lat' dir='ltr'><strong>Noe</strong></span> <span class='ocrx_word' id='word_1_48' title='bbox 918 453 1004 480; x_wconf 81' lang='lat' dir='ltr'><strong>genus</strong></span> 
     </span>
    </p>
   </div>
   <div class='ocr_carea' id='block_1_10' title="bbox 217 490 1003 525">
    <p class='ocr_par' dir='ltr' id='par_1_10' title="bbox 217 490 1003 525">
     <span class='ocr_line' id='line_1_10' title="bbox 217 490 1003 525; baseline -0.004 -5"><span class='ocrx_word' id='word_1_49' title='bbox 217 494 331 520; x_wconf 82' lang='lat' dir='ltr'><strong>ducens.</strong></span> <span class='ocrx_word' id='word_1_50' title='bbox 365 490 427 518; x_wconf 64' lang='lat' dir='ltr'><strong>[ch</strong></span> <span class='ocrx_word' id='word_1_51' title='bbox 441 490 584 525; x_wconf 68' lang='lat' dir='ltr'><strong>praedixit,</strong></span> <span class='ocrx_word' id='word_1_52' title='bbox 603 497 663 524; x_wconf 64' lang='lat' dir='ltr'><strong>quae</strong></span> <span class='ocrx_word' id='word_1_53' title='bbox 678 490 834 517; x_wconf 74' lang='lat' dir='ltr'><strong>Alexandro</strong></span> <span class='ocrx_word' id='word_1_54' title='bbox 864 490 1003 517; x_wconf 77' lang='lat' dir='ltr'><strong>Macedoni</strong></span> 
     </span>
    </p>
   </div>
   <div class='ocr_carea' id='block_1_11' title="bbox 218 537 1003 573">
    <p class='ocr_par' dir='ltr' id='par_1_11' title="bbox 218 537 1003 573">
     <span class='ocr_line' id='line_1_11' title="bbox 218 537 1003 573; baseline -0.003 -7"><span class='ocrx_word' id='word_1_55' title='bbox 218 539 367 573; x_wconf 78' lang='lat' dir='ltr'><strong>contigisse</strong></span> <span class='ocrx_word' id='word_1_56' title='bbox 390 538 518 565; x_wconf 87' lang='lat' dir='ltr'><strong>dicuntur</strong></span> <span class='ocrx_word' id='word_1_57' title='bbox 533 558 541 570; x_wconf 90' lang='lat'><strong>,</strong></span> <span class='ocrx_word' id='word_1_58' title='bbox 562 537 640 572; x_wconf 85' lang='lat' dir='ltr'><strong>cujus</strong></span> <span class='ocrx_word' id='word_1_59' title='bbox 659 538 783 564; x_wconf 75' lang='lat' dir='ltr'><strong>meminit</strong></span> <span class='ocrx_word' id='word_1_60' title='bbox 808 537 937 569; x_wconf 79' lang='lat' dir='ltr'><strong>Nicanor.</strong></span> <span class='ocrx_word' id='word_1_61' title='bbox 958 538 1003 572; x_wconf 93' lang='lat' dir='ltr'><strong>qui</strong></span> 
     </span>
    </p>
   </div>
   <div class='ocr_carea' id='block_1_12' title="bbox 221 581 1005 616">
    <p class='ocr_par' dir='ltr' id='par_1_12' title="bbox 221 581 1005 616">
     <span class='ocr_line' id='line_1_12' title="bbox 221 581 1005 616; baseline -0.003 -5"><span class='ocrx_word' id='word_1_62' title='bbox 221 585 309 611; x_wconf 72' lang='lat' dir='ltr'><strong>Vitam</strong></span> <span class='ocrx_word' id='word_1_63' title='bbox 327 583 472 610; x_wconf 80' lang='lat' dir='ltr'><strong>Alexandri</strong></span> <span class='ocrx_word' id='word_1_64' title='bbox 491 582 612 616; x_wconf 77' lang='lat' dir='ltr'><strong>scripsit.</strong></span> <span class='ocrx_word' id='word_1_65' title='bbox 628 581 729 609; x_wconf 80' lang='lat' dir='ltr'><strong>Eadem</strong></span> <span class='ocrx_word' id='word_1_66' title='bbox 749 583 783 609; x_wconf 89' lang='lat' dir='ltr'><strong>de</strong></span> <span class='ocrx_word' id='word_1_67' title='bbox 795 582 911 609; x_wconf 82' lang='lat' dir='ltr'><strong>Domino</strong></span> <span class='ocrx_word' id='word_1_68' title='bbox 925 582 1005 609; x_wconf 76' lang='lat' dir='ltr'><strong>Chri-</strong></span> 
     </span>
    </p>
   </div>
   <div class='ocr_carea' id='block_1_13' title="bbox 217 628 1002 664">
    <p class='ocr_par' dir='ltr' id='par_1_13' title="bbox 217 628 1002 664">
     <span class='ocr_line' id='line_1_13' title="bbox 217 628 1002 664; baseline -0.004 -7"><span class='ocrx_word' id='word_1_69' title='bbox 217 635 262 658; x_wconf 81' lang='lat' dir='ltr'><strong>sto</strong></span> <span class='ocrx_word' id='word_1_70' title='bbox 282 630 397 664; x_wconf 75' lang='lat' dir='ltr'><strong>ejusque</strong></span> <span class='ocrx_word' id='word_1_71' title='bbox 425 628 553 661; x_wconf 79' lang='lat' dir='ltr'><strong>adventu,</strong></span> <span class='ocrx_word' id='word_1_72' title='bbox 575 628 701 655; x_wconf 83' lang='lat' dir='ltr'><strong>Numinis</strong></span> <span class='ocrx_word' id='word_1_73' title='bbox 723 628 864 660; x_wconf 81' lang='lat' dir='ltr'><strong>instinctu,</strong></span> <span class='ocrx_word' id='word_1_74' title='bbox 887 629 1002 663; x_wconf 88' lang='lat' dir='ltr'><strong>plurima</strong></span> 
     </span>
    </p>
   </div>
   <div class='ocr_carea' id='block_1_14' title="bbox 218 672 1003 710">
    <p class='ocr_par' dir='ltr' id='par_1_14' title="bbox 218 672 1003 710">
     <span class='ocr_line' id='line_1_14' title="bbox 218 672 1003 710; baseline -0.004 -8"><span class='ocrx_word' id='word_1_75' title='bbox 218 675 352 710; x_wconf 64' lang='lat' dir='ltr'><strong>praedixit.</strong></span> <span class='ocrx_word' id='word_1_76' title='bbox 369 674 438 701; x_wconf 85' lang='lat' dir='ltr'><strong>Cum</strong></span> <span class='ocrx_word' id='word_1_77' title='bbox 456 675 507 701; x_wconf 85' lang='lat' dir='ltr'><strong>hac</strong></span> <span class='ocrx_word' id='word_1_78' title='bbox 521 679 548 700; x_wconf 83' lang='lat' dir='ltr'><strong>et</strong></span> <span class='ocrx_word' id='word_1_79' title='bbox 568 674 679 707; x_wconf 62' lang='lat' dir='ltr'><strong>reliquae</strong></span> <span class='ocrx_word' id='word_1_80' title='bbox 693 672 803 708; x_wconf 77' lang='lat' dir='ltr'><strong>Sibyllte</strong></span> <span class='ocrx_word' id='word_1_81' title='bbox 819 674 1003 705; x_wconf 84' lang='lat' dir='ltr'><strong>consentiunt,</strong></span> 
     </span>
    </p>
   </div>
   <div class='ocr_carea' id='block_1_15' title="bbox 218 717 1005 753">
    <p class='ocr_par' dir='ltr' id='par_1_15' title="bbox 218 717 1005 753">
     <span class='ocr_line' id='line_1_15' title="bbox 218 717 1005 753; baseline -0.003 -6"><span class='ocrx_word' id='word_1_82' title='bbox 218 720 272 747; x_wconf 83' lang='lat' dir='ltr'><strong>nisi</strong></span> <span class='ocrx_word' id='word_1_83' title='bbox 292 725 321 746; x_wconf 90' lang='lat' dir='ltr'><strong>ut</strong></span> <span class='ocrx_word' id='word_1_84' title='bbox 354 719 436 753; x_wconf 90' lang='lat' dir='ltr'><strong>hujus</strong></span> <span class='ocrx_word' id='word_1_85' title='bbox 449 719 504 746; x_wconf 86' lang='lat' dir='ltr'><strong>sint</strong></span> <span class='ocrx_word' id='word_1_86' title='bbox 533 717 616 745; x_wconf 64' lang='grc' dir='ltr'><strong>λχιν</strong></span> <span class='ocrx_word' id='word_1_87' title='bbox 635 718 696 745; x_wconf 81' lang='lat' dir='ltr'><strong>libri</strong></span> <span class='ocrx_word' id='word_1_88' title='bbox 713 718 746 745; x_wconf 88' lang='lat' dir='ltr'><strong>de</strong></span> <span class='ocrx_word' id='word_1_89' title='bbox 764 719 860 752; x_wconf 80' lang='lat' dir='ltr'><strong>quavis</strong></span> <span class='ocrx_word' id='word_1_90' title='bbox 875 723 954 751; x_wconf 74' lang='lat' dir='ltr'><strong>gente</strong></span> <span class='ocrx_word' id='word_1_91' title='bbox 978 723 1005 745; x_wconf 85' lang='lat' dir='ltr'><strong>et</strong></span> 
     </span>
    </p>
   </div>
   <div class='ocr_carea' id='block_1_16' title="bbox 218 766 1002 800">
    <p class='ocr_par' dir='ltr' id='par_1_16' title="bbox 218 766 1002 800">
     <span class='ocr_line' id='line_1_16' title="bbox 218 766 1002 800; baseline 0 -7"><span class='ocrx_word' id='word_1_92' title='bbox 218 766 328 800; x_wconf 69' lang='lat' dir='ltr'><strong>regione</strong></span> <span class='ocrx_word' id='word_1_93' title='bbox 363 766 552 800; x_wconf 72' lang='lat' dir='ltr'><strong>pra-dictiones</strong></span> <span class='ocrx_word' id='word_1_94' title='bbox 580 766 762 793; x_wconf 86' lang='lat' dir='ltr'><strong>continentes.</strong></span> <span class='ocrx_word' id='word_1_95' title='bbox 801 766 878 799; x_wconf 86' lang='lat' dir='ltr'><strong>Quod</strong></span> <span class='ocrx_word' id='word_1_96' title='bbox 912 771 1002 794; x_wconf 86' lang='lat' dir='ltr'><strong>autem</strong></span> 
     </span>
    </p>
   </div>
   <div class='ocr_carea' id='block_1_17' title="bbox 219 811 1002 845">
    <p class='ocr_par' dir='ltr' id='par_1_17' title="bbox 219 811 1002 845">
     <span class='ocr_line' id='line_1_17' title="bbox 219 811 1002 845; baseline 0.001 -7"><span class='ocrx_word' id='word_1_97' title='bbox 219 819 313 839; x_wconf 78' lang='lat' dir='ltr'><strong>versus</strong></span> <span class='ocrx_word' id='word_1_98' title='bbox 337 812 398 845; x_wconf 78' lang='lat' dir='ltr'><strong>ejus</strong></span> <span class='ocrx_word' id='word_1_99' title='bbox 421 811 572 845; x_wconf 75' lang='lat' dir='ltr'><strong>imperfecti</strong></span> <span class='ocrx_word' id='word_1_100' title='bbox 590 817 617 838; x_wconf 91' lang='lat' dir='ltr'><strong>et</strong></span> <span class='ocrx_word' id='word_1_101' title='bbox 632 811 716 838; x_wconf 75' lang='lat' dir='ltr'><strong>luxati</strong></span> <span class='ocrx_word' id='word_1_102' title='bbox 744 811 929 844; x_wconf 82' lang='lat' dir='ltr'><strong>inveniantur,</strong></span> <span class='ocrx_word' id='word_1_103' title='bbox 950 820 1002 839; x_wconf 92' lang='lat' dir='ltr'><strong>non</strong></span> 
     </span>
    </p>
   </div>
   <div class='ocr_carea' id='block_1_18' title="bbox 219 856 1002 890">
    <p class='ocr_par' dir='ltr' id='par_1_18' title="bbox 219 856 1002 890">
     <span class='ocr_line' id='line_1_18' title="bbox 219 856 1002 890; baseline -0.001 -7"><span class='ocrx_word' id='word_1_104' title='bbox 219 861 260 883; x_wconf 77' lang='lat' dir='ltr'><strong>est.</strong></span> <span class='ocrx_word' id='word_1_105' title='bbox 275 857 360 890; x_wconf 92' lang='lat' dir='ltr'><strong>ipsius</strong></span> <span class='ocrx_word' id='word_1_106' title='bbox 374 856 442 883; x_wconf 84' lang='lat' dir='ltr'><strong>vatis</strong></span> <span class='ocrx_word' id='word_1_107' title='bbox 456 856 548 890; x_wconf 89' lang='lat' dir='ltr'><strong>culpa,</strong></span> <span class='ocrx_word' id='word_1_108' title='bbox 568 857 615 883; x_wconf 80' lang='lat' dir='ltr'><strong>sed</strong></span> <span class='ocrx_word' id='word_1_109' title='bbox 631 856 796 887; x_wconf 78' lang='lat' dir='ltr'><strong>scribarum,</strong></span> <span class='ocrx_word' id='word_1_110' title='bbox 811 856 857 890; x_wconf 88' lang='lat' dir='ltr'><strong>qui</strong></span> <span class='ocrx_word' id='word_1_111' title='bbox 883 857 922 883; x_wconf 83' lang='lat' dir='ltr'><strong>vel</strong></span> <span class='ocrx_word' id='word_1_112' title='bbox 939 864 1002 882; x_wconf 62' lang='lat' dir='ltr'><strong>ora»</strong></span> 
     </span>
    </p>
   </div>
   <div class='ocr_carea' id='block_1_19' title="bbox 1061 259 1469 296">
    <p class='ocr_par' dir='ltr' id='par_1_19' title="bbox 1061 259 1469 296">
     <span class='ocr_line' id='line_1_19' title="bbox 1061 259 1469 296; baseline -0.005 -8"><span class='ocrx_word' id='word_1_113' title='bbox 1061 261 1094 290; x_wconf 87' lang='lat' dir='ltr'><strong>iis</strong></span> <span class='ocrx_word' id='word_1_114' title='bbox 1109 269 1169 296; x_wconf 78' lang='lat' dir='ltr'><strong>qua-</strong></span> <span class='ocrx_word' id='word_1_115' title='bbox 1185 261 1262 289; x_wconf 90' lang='lat' dir='ltr'><strong>facile</strong></span> <span class='ocrx_word' id='word_1_116' title='bbox 1277 259 1469 288; x_wconf 85' lang='lat' dir='ltr'><strong>conﬁciuntur.</strong></span> 
     </span>
    </p>
   </div>
   <div class='ocr_carea' id='block_1_20' title="bbox 1095 305 1856 341">
    <p class='ocr_par' dir='ltr' id='par_1_20' title="bbox 1095 305 1856 341">
     <span class='ocr_line' id='line_1_20' title="bbox 1095 305 1856 341; baseline -0.003 -7"><span class='ocrx_word' id='word_1_117' title='bbox 1095 307 1231 340; x_wconf 74' lang='lat' dir='ltr'><strong>Silvanus,</strong></span> <span class='ocrx_word' id='word_1_118' title='bbox 1245 306 1434 341; x_wconf 78' lang='lat' dir='ltr'><strong>philosophus,</strong></span> <span class='ocrx_word' id='word_1_119' title='bbox 1446 305 1492 340; x_wconf 87' lang='lat' dir='ltr'><strong>qui</strong></span> <span class='ocrx_word' id='word_1_120' title='bbox 1505 309 1603 332; x_wconf 70' lang='lat' dir='ltr'><strong>cretern</strong></span> <span class='ocrx_word' id='word_1_121' title='bbox 1618 305 1734 339; x_wconf 78' lang='lat' dir='ltr'><strong>quidem</strong></span> <span class='ocrx_word' id='word_1_122' title='bbox 1751 305 1856 338; x_wconf 74' lang='lat' dir='ltr'><strong>probus</strong></span> 
     </span>
    </p>
   </div>
   <div class='ocr_carea' id='block_1_21' title="bbox 1059 352 1857 386">
    <p class='ocr_par' dir='ltr' id='par_1_21' title="bbox 1059 352 1857 386">
     <span class='ocr_line' id='line_1_21' title="bbox 1059 352 1857 386; baseline -0.003 -6"><span class='ocrx_word' id='word_1_123' title='bbox 1059 358 1118 381; x_wconf 86' lang='lat' dir='ltr'><strong>crat</strong></span> <span class='ocrx_word' id='word_1_124' title='bbox 1139 359 1165 380; x_wconf 85' lang='lat' dir='ltr'><strong>et</strong></span> <span class='ocrx_word' id='word_1_125' title='bbox 1188 358 1310 385; x_wconf 85' lang='lat' dir='ltr'><strong>sanctus,</strong></span> <span class='ocrx_word' id='word_1_126' title='bbox 1326 354 1372 380; x_wconf 78' lang='lat' dir='ltr'><strong>sed</strong></span> <span class='ocrx_word' id='word_1_127' title='bbox 1396 353 1518 380; x_wconf 87' lang='lat' dir='ltr'><strong>moribus</strong></span> <span class='ocrx_word' id='word_1_128' title='bbox 1539 352 1655 386; x_wconf 77' lang='lat' dir='ltr'><strong>simplex</strong></span> <span class='ocrx_word' id='word_1_129' title='bbox 1676 356 1705 378; x_wconf 89' lang='lat' dir='ltr'><strong>et</strong></span> <span class='ocrx_word' id='word_1_130' title='bbox 1730 357 1857 385; x_wconf 72' lang='lat' dir='ltr'><strong>apt-rtus.</strong></span> 
     </span>
    </p>
   </div>
   <div class='ocr_carea' id='block_1_22' title="bbox 1095 398 1858 431">
    <p class='ocr_par' dir='ltr' id='par_1_22' title="bbox 1095 398 1858 431">
     <span class='ocr_line' id='line_1_22' title="bbox 1095 398 1858 431; baseline -0.004 -5"><span class='ocrx_word' id='word_1_131' title='bbox 1095 400 1245 431; x_wconf 71' lang='grc' dir='ltr'><strong>Σιλλαενει,</strong></span> <span class='ocrx_word' id='word_1_132' title='bbox 1275 399 1354 426; x_wconf 70' lang='lat' dir='ltr'><strong>(abii:</strong></span> <span class='ocrx_word' id='word_1_133' title='bbox 1382 399 1504 426; x_wconf 68' lang='lat' dir='ltr'><strong>distorti:</strong></span> <span class='ocrx_word' id='word_1_134' title='bbox 1531 399 1646 431; x_wconf 78' lang='lat' dir='ltr'><strong>aliquem</strong></span> <span class='ocrx_word' id='word_1_135' title='bbox 1673 398 1806 427; x_wconf 71' lang='lat' dir='ltr'><strong>deridet,</strong></span> <span class='ocrx_word' id='word_1_136' title='bbox 1835 404 1858 424; x_wconf 76' lang='lat' dir='ltr'><strong>et</strong></span> 
     </span>
    </p>
   </div>
   <div class='ocr_carea' id='block_1_23' title="bbox 1059 443 1858 480">
    <p class='ocr_par' dir='ltr' id='par_1_23' title="bbox 1059 443 1858 480">
     <span class='ocr_line' id='line_1_23' title="bbox 1059 443 1858 480; baseline -0.004 -8"><span class='ocrx_word' id='word_1_137' title='bbox 1059 446 1207 480; x_wconf 68' lang='grc' dir='ltr'><strong>(μυλλίζει)</strong></span> <span class='ocrx_word' id='word_1_138' title='bbox 1228 447 1297 473; x_wconf 83' lang='lat' dir='ltr'><strong>inter</strong></span> <span class='ocrx_word' id='word_1_139' title='bbox 1323 445 1495 472; x_wconf 62' lang='lat' dir='ltr'><strong>deridendum</strong></span> <span class='ocrx_word' id='word_1_140' title='bbox 1523 445 1614 471; x_wconf 70' lang='lat' dir='ltr'><strong>oculos</strong></span> <span class='ocrx_word' id='word_1_141' title='bbox 1640 448 1742 470; x_wconf 69' lang='lat' dir='ltr'><strong>movet.</strong></span> <span class='ocrx_word' id='word_1_142' title='bbox 1764 443 1858 474; x_wconf 63' lang='grc' dir='ltr'><strong>Σζὶλας</strong></span> 
     </span>
    </p>
   </div>
   <div class='ocr_carea' id='block_1_24' title="bbox 1059 490 1858 523">
    <p class='ocr_par' dir='ltr' id='par_1_24' title="bbox 1059 490 1858 523">
     <span class='ocr_line' id='line_1_24' title="bbox 1059 490 1858 523; baseline -0.003 -6"><span class='ocrx_word' id='word_1_143' title='bbox 1059 492 1130 518; x_wconf 82' lang='lat' dir='ltr'><strong>cuitu</strong></span> <span class='ocrx_word' id='word_1_144' title='bbox 1147 497 1188 518; x_wconf 88' lang='lat' dir='ltr'><strong>est</strong></span> <span class='ocrx_word' id='word_1_145' title='bbox 1202 492 1313 523; x_wconf 83' lang='lat' dir='ltr'><strong>mimus,</strong></span> <span class='ocrx_word' id='word_1_146' title='bbox 1336 491 1376 518; x_wconf 82' lang='lat' dir='ltr'><strong>rel</strong></span> <span class='ocrx_word' id='word_1_147' title='bbox 1397 491 1494 518; x_wconf 82' lang='lat' dir='ltr'><strong>falsum</strong></span> <span class='ocrx_word' id='word_1_148' title='bbox 1519 491 1620 517; x_wconf 90' lang='lat' dir='ltr'><strong>dictum</strong></span> <span class='ocrx_word' id='word_1_149' title='bbox 1640 495 1668 517; x_wconf 89' lang='lat' dir='ltr'><strong>et</strong></span> <span class='ocrx_word' id='word_1_150' title='bbox 1690 490 1813 516; x_wconf 79' lang='lat' dir='ltr'><strong>derisio.</strong></span> <span class='ocrx_word' id='word_1_151' title='bbox 1830 490 1858 516; x_wconf 86' lang='lat' dir='ltr'><strong>Et</strong></span> 
     </span>
    </p>
   </div>
   <div class='ocr_carea' id='block_1_25' title="bbox 1058 535 1859 571">
    <p class='ocr_par' dir='ltr' id='par_1_25' title="bbox 1058 535 1859 571">
     <span class='ocr_line' id='line_1_25' title="bbox 1058 535 1859 571; baseline -0.004 -6"><span class='ocrx_word' id='word_1_152' title='bbox 1058 539 1104 571; x_wconf 85' lang='lat' dir='ltr'><strong>qui</strong></span> <span class='ocrx_word' id='word_1_153' title='bbox 1123 538 1199 565; x_wconf 85' lang='lat' dir='ltr'><strong>sillos</strong></span> <span class='ocrx_word' id='word_1_154' title='bbox 1223 538 1318 565; x_wconf 82' lang='lat' dir='ltr'><strong>scriI-it</strong></span> <span class='ocrx_word' id='word_1_155' title='bbox 1330 558 1336 570; x_wconf 94' lang='lat'><strong>,</strong></span> <span class='ocrx_word' id='word_1_156' title='bbox 1352 538 1452 564; x_wconf 89' lang='lat' dir='ltr'><strong>dicitur</strong></span> <span class='ocrx_word' id='word_1_157' title='bbox 1477 537 1675 571; x_wconf 75' lang='lat' dir='ltr'><strong>sillographus,</strong></span> <span class='ocrx_word' id='word_1_158' title='bbox 1693 536 1792 570; x_wconf 80' lang='lat' dir='ltr'><strong>qualis</strong></span> <span class='ocrx_word' id='word_1_159' title='bbox 1810 535 1859 562; x_wconf 64' lang='lat' dir='ltr'><strong>fuit</strong></span> 
     </span>
    </p>
   </div>
   <div class='ocr_carea' id='block_1_26' title="bbox 1059 582 1735 617">
    <p class='ocr_par' dir='ltr' id='par_1_26' title="bbox 1059 582 1735 617">
     <span class='ocr_line' id='line_1_26' title="bbox 1059 582 1735 617; baseline -0.003 -7"><span class='ocrx_word' id='word_1_160' title='bbox 1059 584 1168 615; x_wconf 86' lang='lat' dir='ltr'><strong>Timon,</strong></span> <span class='ocrx_word' id='word_1_161' title='bbox 1189 583 1336 616; x_wconf 80' lang='lat' dir='ltr'><strong>Phliasius,</strong></span> <span class='ocrx_word' id='word_1_162' title='bbox 1353 583 1533 617; x_wconf 83' lang='lat' dir='ltr'><strong>philosophus</strong></span> <span class='ocrx_word' id='word_1_163' title='bbox 1546 582 1735 617; x_wconf 79' lang='lat' dir='ltr'><strong>Pyrrliouius.</strong></span> 
     </span>
    </p>
   </div>
   <div class='ocr_carea' id='block_1_27' title="bbox 1095 627 1858 662">
    <p class='ocr_par' dir='ltr' id='par_1_27' title="bbox 1095 627 1858 662">
     <span class='ocr_line' id='line_1_27' title="bbox 1095 627 1858 662; baseline -0.004 -6"><span class='ocrx_word' id='word_1_164' title='bbox 1095 630 1234 661; x_wconf 81' lang='lat' dir='ltr'><strong>Simmias,</strong></span> <span class='ocrx_word' id='word_1_165' title='bbox 1256 629 1390 659; x_wconf 79' lang='lat' dir='ltr'><strong>Rhodius,</strong></span> <span class='ocrx_word' id='word_1_166' title='bbox 1407 629 1612 662; x_wconf 74' lang='lat' dir='ltr'><strong>grammaticus.</strong></span> <span class='ocrx_word' id='word_1_167' title='bbox 1634 627 1760 661; x_wconf 80' lang='lat' dir='ltr'><strong>Scripsit</strong></span> <span class='ocrx_word' id='word_1_168' title='bbox 1780 627 1858 654; x_wconf 58' lang='grc' dir='ltr'><strong>ϐιω-</strong></span> 
     </span>
    </p>
   </div>
   <div class='ocr_carea' id='block_1_28' title="bbox 1058 673 1857 707">
    <p class='ocr_par' dir='ltr' id='par_1_28' title="bbox 1058 673 1857 707">
     <span class='ocr_line' id='line_1_28' title="bbox 1058 673 1857 707; baseline 0 -5"><span class='ocrx_word' id='word_1_169' title='bbox 1058 684 1148 702; x_wconf 80' lang='lat' dir='ltr'><strong>sarum</strong></span> <span class='ocrx_word' id='word_1_170' title='bbox 1170 676 1251 703; x_wconf 77' lang='lat' dir='ltr'><strong>libros</strong></span> <span class='ocrx_word' id='word_1_171' title='bbox 1274 674 1345 707; x_wconf 82' lang='lat' dir='ltr'><strong>III;</strong></span> <span class='ocrx_word' id='word_1_172' title='bbox 1365 675 1506 702; x_wconf 82' lang='lat' dir='ltr'><strong>Variorunt</strong></span> <span class='ocrx_word' id='word_1_173' title='bbox 1524 673 1682 701; x_wconf 80' lang='lat' dir='ltr'><strong>Poematum</strong></span> <span class='ocrx_word' id='word_1_174' title='bbox 1708 674 1798 700; x_wconf 71' lang='lat' dir='ltr'><strong>libro:</strong></span> <span class='ocrx_word' id='word_1_175' title='bbox 1813 674 1857 702; x_wconf 79' lang='grc' dir='ltr'><strong>Π.</strong></span> 
     </span>
    </p>
   </div>
   <div class='ocr_carea' id='block_1_29' title="bbox 1058 720 1857 755">
    <p class='ocr_par' dir='ltr' id='par_1_29' title="bbox 1058 720 1857 755">
     <span class='ocr_line' id='line_1_29' title="bbox 1058 720 1857 755; baseline -0.003 -7"><span class='ocrx_word' id='word_1_176' title='bbox 1058 722 1099 748; x_wconf 81' lang='lat' dir='ltr'><strong>Ab</strong></span> <span class='ocrx_word' id='word_1_177' title='bbox 1110 721 1187 749; x_wconf 90' lang='lat' dir='ltr'><strong>initio</strong></span> <span class='ocrx_word' id='word_1_178' title='bbox 1203 721 1253 748; x_wconf 85' lang='lat' dir='ltr'><strong>fuit</strong></span> <span class='ocrx_word' id='word_1_179' title='bbox 1269 720 1379 748; x_wconf 86' lang='lat' dir='ltr'><strong>Samius</strong></span> <span class='ocrx_word' id='word_1_180' title='bbox 1396 721 1464 755; x_wconf 56' lang='lat'><strong>(“23),</strong></span> <span class='ocrx_word' id='word_1_181' title='bbox 1483 724 1575 754; x_wconf 87' lang='lat' dir='ltr'><strong>postea</strong></span> <span class='ocrx_word' id='word_1_182' title='bbox 1596 727 1661 747; x_wconf 77' lang='lat' dir='ltr'><strong>vero</strong></span> <span class='ocrx_word' id='word_1_183' title='bbox 1677 727 1745 746; x_wconf 88' lang='lat' dir='ltr'><strong>cum</strong></span> <span class='ocrx_word' id='word_1_184' title='bbox 1766 720 1857 746; x_wconf 75' lang='lat' dir='ltr'><strong>coloni</strong></span> 
     </span>
    </p>
   </div>
   <div class='ocr_carea' id='block_1_30' title="bbox 1059 766 1858 800">
    <p class='ocr_par' dir='ltr' id='par_1_30' title="bbox 1059 766 1858 800">
     <span class='ocr_line' id='line_1_30' title="bbox 1059 766 1858 800; baseline -0.003 -7"><span class='ocrx_word' id='word_1_185' title='bbox 1059 768 1085 793; x_wconf 93' lang='lat' dir='ltr'><strong>in</strong></span> <span class='ocrx_word' id='word_1_186' title='bbox 1105 767 1234 797; x_wconf 75' lang='lat' dir='ltr'><strong>insulam,</strong></span> <span class='ocrx_word' id='word_1_187' title='bbox 1256 768 1421 800; x_wconf 78' lang='lat' dir='ltr'><strong>Amorgum,</strong></span> <span class='ocrx_word' id='word_1_188' title='bbox 1439 766 1611 792; x_wconf 81' lang='lat' dir='ltr'><strong>mitterentur</strong></span> <span class='ocrx_word' id='word_1_189' title='bbox 1625 786 1632 796; x_wconf 83' lang='lat'><strong>,</strong></span> <span class='ocrx_word' id='word_1_190' title='bbox 1649 772 1679 792; x_wconf 83' lang='lat' dir='ltr'><strong>et</strong></span> <span class='ocrx_word' id='word_1_191' title='bbox 1705 766 1768 799; x_wconf 79' lang='lat' dir='ltr'><strong>ipse.</strong></span> <span class='ocrx_word' id='word_1_192' title='bbox 1784 768 1858 792; x_wconf 78' lang='lat' dir='ltr'><strong>cnlo-</strong></span> 
     </span>
    </p>
   </div>
   <div class='ocr_carea' id='block_1_31' title="bbox 1058 811 1856 840">
    <p class='ocr_par' dir='ltr' id='par_1_31' title="bbox 1058 811 1856 840">
     <span class='ocr_line' id='line_1_31' title="bbox 1058 811 1856 840; baseline -0.003 0"><span class='ocrx_word' id='word_1_193' title='bbox 1058 814 1110 840; x_wconf 73' lang='lat' dir='ltr'><strong>nite</strong></span> <span class='ocrx_word' id='word_1_194' title='bbox 1125 813 1199 840; x_wconf 82' lang='lat' dir='ltr'><strong>illius</strong></span> <span class='ocrx_word' id='word_1_195' title='bbox 1212 812 1265 840; x_wconf 61' lang='lat' dir='ltr'><strong>dus</strong></span> <span class='ocrx_word' id='word_1_196' title='bbox 1287 820 1301 839; x_wconf 85' lang='lat' dir='ltr'><strong>a</strong></span> <span class='ocrx_word' id='word_1_197' title='bbox 1320 812 1420 839; x_wconf 86' lang='lat' dir='ltr'><strong>Samiis</strong></span> <span class='ocrx_word' id='word_1_198' title='bbox 1436 819 1469 838; x_wconf 91' lang='lat' dir='ltr'><strong>eo</strong></span> <span class='ocrx_word' id='word_1_199' title='bbox 1484 812 1586 838; x_wconf 84' lang='lat' dir='ltr'><strong>missus</strong></span> <span class='ocrx_word' id='word_1_200' title='bbox 1598 811 1659 838; x_wconf 81' lang='lat' dir='ltr'><strong>fuit.</strong></span> <span class='ocrx_word' id='word_1_201' title='bbox 1677 811 1750 838; x_wconf 87' lang='lat' dir='ltr'><strong>Tres</strong></span> <span class='ocrx_word' id='word_1_202' title='bbox 1763 816 1856 838; x_wconf 52' lang='lat' dir='ltr'><strong>autin:</strong></span> 
     </span>
    </p>
   </div>
   <div class='ocr_carea' id='block_1_32' title="bbox 1059 857 1857 893">
    <p class='ocr_par' dir='ltr' id='par_1_32' title="bbox 1059 857 1857 893">
     <span class='ocr_line' id='line_1_32' title="bbox 1059 857 1857 893; baseline -0.003 -7"><span class='ocrx_word' id='word_1_203' title='bbox 1059 860 1139 887; x_wconf 84' lang='lat' dir='ltr'><strong>urbes</strong></span> <span class='ocrx_word' id='word_1_204' title='bbox 1157 860 1184 886; x_wconf 92' lang='lat' dir='ltr'><strong>in</strong></span> <span class='ocrx_word' id='word_1_205' title='bbox 1207 861 1324 893; x_wconf 71' lang='lat' dir='ltr'><strong>Amor-go</strong></span> <span class='ocrx_word' id='word_1_206' title='bbox 1340 859 1479 889; x_wconf 83' lang='lat' dir='ltr'><strong>condidit,</strong></span> <span class='ocrx_word' id='word_1_207' title='bbox 1498 857 1613 884; x_wconf 79' lang='lat' dir='ltr'><strong>Minoam</strong></span> <span class='ocrx_word' id='word_1_208' title='bbox 1626 879 1634 889; x_wconf 84' lang='lat'><strong>,</strong></span> <span class='ocrx_word' id='word_1_209' title='bbox 1658 857 1806 892; x_wconf 55' lang='lat' dir='ltr'><strong>digialum</strong></span> <span class='ocrx_word' id='word_1_210' title='bbox 1832 863 1857 885; x_wconf 85' lang='lat' dir='ltr'><strong>et</strong></span> 
     </span>
    </p>
   </div>
   <div class='ocr_carea' id='block_1_33' title="bbox 219 893 1005 938">
    <p class='ocr_par' dir='ltr' id='par_1_33' title="bbox 219 902 1004 936">
     <span class='ocr_line' id='line_1_33' title="bbox 219 902 1004 936; baseline -0.003 -6"><span class='ocrx_word' id='word_1_211' title='bbox 219 903 300 930; x_wconf 84' lang='lat' dir='ltr'><strong>tionis</strong></span> <span class='ocrx_word' id='word_1_212' title='bbox 313 903 477 930; x_wconf 82' lang='lat' dir='ltr'><strong>celeritatem</strong></span> <span class='ocrx_word' id='word_1_213' title='bbox 490 903 633 929; x_wconf 85' lang='lat' dir='ltr'><strong>scribendo</strong></span> <span class='ocrx_word' id='word_1_214' title='bbox 647 902 756 936; x_wconf 76' lang='lat' dir='ltr'><strong>assequi</strong></span> <span class='ocrx_word' id='word_1_215' title='bbox 774 910 827 928; x_wconf 91' lang='lat' dir='ltr'><strong>non</strong></span> <span class='ocrx_word' id='word_1_216' title='bbox 847 906 1004 936; x_wconf 83' lang='lat' dir='ltr'><strong>potuerunt,</strong></span> 
     </span>
    </p>
   </div>
   <div class='ocr_carea' id='block_1_34' title="bbox 1067 893 1855 938">
    <p class='ocr_par' dir='ltr' id='par_1_34' title="bbox 1067 904 1855 938">
     <span class='ocr_line' id='line_1_34' title="bbox 1067 904 1855 938; baseline -0.003 -5"><span class='ocrx_word' id='word_1_217' title='bbox 1067 906 1228 933; x_wconf 66' lang='lat' dir='ltr'><strong>\reesimcn.</strong></span> <span class='ocrx_word' id='word_1_218' title='bbox 1249 905 1324 932; x_wconf 72' lang='lat' dir='ltr'><strong>Vixit</strong></span> <span class='ocrx_word' id='word_1_219' title='bbox 1348 912 1436 932; x_wconf 84' lang='lat' dir='ltr'><strong>annos</strong></span> <span class='ocrx_word' id='word_1_220' title='bbox 1452 904 1522 935; x_wconf 62' lang='lat' dir='ltr'><strong>I06,</strong></span> <span class='ocrx_word' id='word_1_221' title='bbox 1541 909 1603 938; x_wconf 86' lang='lat' dir='ltr'><strong>post</strong></span> <span class='ocrx_word' id='word_1_222' title='bbox 1627 904 1735 931; x_wconf 83' lang='lat' dir='ltr'><strong>bellum</strong></span> <span class='ocrx_word' id='word_1_223' title='bbox 1758 904 1855 937; x_wconf 75' lang='lat' dir='ltr'><strong>Troja—</strong></span> 
     </span>
    </p>
   </div>
   <div class='ocr_carea' id='block_1_35' title="bbox 219 946 1005 982">
    <p class='ocr_par' dir='ltr' id='par_1_35' title="bbox 219 946 1005 982">
     <span class='ocr_line' id='line_1_35' title="bbox 219 946 1005 982; baseline -0.001 -8"><span class='ocrx_word' id='word_1_224' title='bbox 219 947 260 974; x_wconf 83' lang='lat' dir='ltr'><strong>vel</strong></span> <span class='ocrx_word' id='word_1_225' title='bbox 275 947 357 974; x_wconf 86' lang='lat' dir='ltr'><strong>etiam</strong></span> <span class='ocrx_word' id='word_1_226' title='bbox 381 947 484 975; x_wconf 88' lang='lat' dir='ltr'><strong>indocti</strong></span> <span class='ocrx_word' id='word_1_227' title='bbox 499 951 525 974; x_wconf 88' lang='lat' dir='ltr'><strong>et</strong></span> <span class='ocrx_word' id='word_1_228' title='bbox 539 948 732 982; x_wconf 75' lang='lat' dir='ltr'><strong>grammatices</strong></span> <span class='ocrx_word' id='word_1_229' title='bbox 747 947 864 981; x_wconf 85' lang='lat' dir='ltr'><strong>imperiti</strong></span> <span class='ocrx_word' id='word_1_230' title='bbox 883 946 1005 976; x_wconf 84' lang='lat' dir='ltr'><strong>fuerunt.</strong></span> 
     </span>
    </p>
   </div>
   <div class='ocr_carea' id='block_1_36' title="bbox 217 993 1007 1027">
    <p class='ocr_par' dir='ltr' id='par_1_36' title="bbox 217 993 1007 1027">
     <span class='ocr_line' id='line_1_36' title="bbox 217 993 1007 1027; baseline -0.001 -6"><span class='ocrx_word' id='word_1_231' title='bbox 217 993 286 1021; x_wconf 83' lang='lat' dir='ltr'><strong>Cum</strong></span> <span class='ocrx_word' id='word_1_232' title='bbox 313 993 403 1020; x_wconf 82' lang='lat' dir='ltr'><strong>atllatu</strong></span> <span class='ocrx_word' id='word_1_233' title='bbox 420 993 491 1021; x_wconf 92' lang='lat' dir='ltr'><strong>enim</strong></span> <span class='ocrx_word' id='word_1_234' title='bbox 512 998 541 1020; x_wconf 85' lang='lat' dir='ltr'><strong>et</strong></span> <span class='ocrx_word' id='word_1_235' title='bbox 564 1000 659 1020; x_wconf 88' lang='lat' dir='ltr'><strong>eorum</strong></span> <span class='ocrx_word' id='word_1_236' title='bbox 684 1000 744 1027; x_wconf 68' lang='lat' dir='ltr'><strong>quae</strong></span> <span class='ocrx_word' id='word_1_237' title='bbox 759 993 830 1020; x_wconf 82' lang='lat' dir='ltr'><strong>dicta</strong></span> <span class='ocrx_word' id='word_1_238' title='bbox 845 997 934 1025; x_wconf 68' lang='lat' dir='ltr'><strong>erant,</strong></span> <span class='ocrx_word' id='word_1_239' title='bbox 951 1001 1007 1020; x_wconf 83' lang='lat' dir='ltr'><strong>me-</strong></span> 
     </span>
    </p>
   </div>
   <div class='ocr_carea' id='block_1_37' title="bbox 219 1038 1007 1073">
    <p class='ocr_par' dir='ltr' id='par_1_37' title="bbox 219 1038 1007 1073">
     <span class='ocr_line' id='line_1_37' title="bbox 219 1038 1007 1073; baseline 0.001 -8"><span class='ocrx_word' id='word_1_240' title='bbox 219 1039 307 1066; x_wconf 85' lang='lat' dir='ltr'><strong>moria</strong></span> <span class='ocrx_word' id='word_1_241' title='bbox 325 1039 406 1066; x_wconf 86' lang='lat' dir='ltr'><strong>simul</strong></span> <span class='ocrx_word' id='word_1_242' title='bbox 423 1039 575 1066; x_wconf 80' lang='lat' dir='ltr'><strong>desinebat.</strong></span> <span class='ocrx_word' id='word_1_243' title='bbox 594 1038 626 1065; x_wconf 86' lang='lat' dir='ltr'><strong>Et</strong></span> <span class='ocrx_word' id='word_1_244' title='bbox 653 1039 708 1066; x_wconf 69' lang='lat' dir='ltr'><strong>[nec</strong></span> <span class='ocrx_word' id='word_1_245' title='bbox 724 1046 806 1066; x_wconf 84' lang='lat' dir='ltr'><strong>causa</strong></span> <span class='ocrx_word' id='word_1_246' title='bbox 822 1043 863 1066; x_wconf 86' lang='lat' dir='ltr'><strong>est</strong></span> <span class='ocrx_word' id='word_1_247' title='bbox 882 1047 966 1073; x_wconf 83' lang='lat' dir='ltr'><strong>quare</strong></span> <span class='ocrx_word' id='word_1_248' title='bbox 980 1043 1007 1066; x_wconf 87' lang='lat' dir='ltr'><strong>et</strong></span> 
     </span>
    </p>
   </div>
   <div class='ocr_carea' id='block_1_38' title="bbox 221 1084 1005 1118">
    <p class='ocr_par' dir='ltr' id='par_1_38' title="bbox 221 1084 1005 1118">
     <span class='ocr_line' id='line_1_38' title="bbox 221 1084 1005 1118; baseline 0 -8"><span class='ocrx_word' id='word_1_249' title='bbox 221 1091 319 1111; x_wconf 66' lang='lat' dir='ltr'><strong>Versus</strong></span> <span class='ocrx_word' id='word_1_250' title='bbox 332 1084 484 1118; x_wconf 82' lang='lat' dir='ltr'><strong>imperfecti</strong></span> <span class='ocrx_word' id='word_1_251' title='bbox 507 1084 689 1118; x_wconf 80' lang='lat' dir='ltr'><strong>reperiantur,</strong></span> <span class='ocrx_word' id='word_1_252' title='bbox 703 1089 730 1111; x_wconf 92' lang='lat' dir='ltr'><strong>et</strong></span> <span class='ocrx_word' id='word_1_253' title='bbox 748 1084 884 1111; x_wconf 83' lang='lat' dir='ltr'><strong>sententia</strong></span> <span class='ocrx_word' id='word_1_254' title='bbox 900 1085 1005 1111; x_wconf 84' lang='lat' dir='ltr'><strong>claudi-</strong></span> 
     </span>
    </p>
   </div>
   <div class='ocr_carea' id='block_1_39' title="bbox 219 1127 1005 1163">
    <p class='ocr_par' dir='ltr' id='par_1_39' title="bbox 219 1127 1005 1163">
     <span class='ocr_line' id='line_1_39' title="bbox 219 1127 1005 1163; baseline 0.001 -8"><span class='ocrx_word' id='word_1_255' title='bbox 219 1137 296 1161; x_wconf 85' lang='lat' dir='ltr'><strong>cans,</strong></span> <span class='ocrx_word' id='word_1_256' title='bbox 319 1129 378 1156; x_wconf 86' lang='lat' dir='ltr'><strong>sive</strong></span> <span class='ocrx_word' id='word_1_257' title='bbox 397 1129 602 1163; x_wconf 80' lang='lat' dir='ltr'><strong>sapientissimo</strong></span> <span class='ocrx_word' id='word_1_258' title='bbox 626 1127 673 1156; x_wconf 88' lang='lat' dir='ltr'><strong>Dei</strong></span> <span class='ocrx_word' id='word_1_259' title='bbox 697 1129 811 1156; x_wconf 84' lang='lat' dir='ltr'><strong>consilio</strong></span> <span class='ocrx_word' id='word_1_260' title='bbox 830 1129 881 1156; x_wconf 81' lang='lat' dir='ltr'><strong>hoc</strong></span> <span class='ocrx_word' id='word_1_261' title='bbox 905 1129 1005 1156; x_wconf 81' lang='lat' dir='ltr'><strong>factum</strong></span> 
     </span>
    </p>
   </div>
   <div class='ocr_carea' id='block_1_40' title="bbox 220 1174 1006 1210">
    <p class='ocr_par' dir='ltr' id='par_1_40' title="bbox 220 1174 1006 1210">
     <span class='ocr_line' id='line_1_40' title="bbox 220 1174 1006 1210; baseline 0 -8"><span class='ocrx_word' id='word_1_262' title='bbox 220 1176 311 1207; x_wconf 88' lang='lat' dir='ltr'><strong>fuerit,</strong></span> <span class='ocrx_word' id='word_1_263' title='bbox 331 1183 365 1202; x_wconf 85' lang='lat' dir='ltr'><strong>ne</strong></span> <span class='ocrx_word' id='word_1_264' title='bbox 382 1183 397 1202; x_wconf 86' lang='lat' dir='ltr'><strong>a</strong></span> <span class='ocrx_word' id='word_1_265' title='bbox 423 1175 516 1202; x_wconf 87' lang='lat' dir='ltr'><strong>multis</strong></span> <span class='ocrx_word' id='word_1_266' title='bbox 540 1175 628 1210; x_wconf 74' lang='lat' dir='ltr'><strong>iisque</strong></span> <span class='ocrx_word' id='word_1_267' title='bbox 655 1174 774 1209; x_wconf 78' lang='lat' dir='ltr'><strong>indignis</strong></span> <span class='ocrx_word' id='word_1_268' title='bbox 802 1175 913 1202; x_wconf 86' lang='lat' dir='ltr'><strong>oracula</strong></span> <span class='ocrx_word' id='word_1_269' title='bbox 946 1175 1006 1210; x_wconf 81' lang='lat' dir='ltr'><strong>ejus</strong></span> 
     </span>
    </p>
   </div>
   <div class='ocr_carea' id='block_1_41' title="bbox 218 1220 1005 1255">
    <p class='ocr_par' dir='ltr' id='par_1_41' title="bbox 218 1220 1005 1255">
     <span class='ocr_line' id='line_1_41' title="bbox 218 1220 1005 1255; baseline 0 -8"><span class='ocrx_word' id='word_1_270' title='bbox 218 1221 526 1255; x_wconf 71' lang='lat' dir='ltr'><strong>cognoscerentur,sive</strong></span> <span class='ocrx_word' id='word_1_271' title='bbox 540 1221 649 1254; x_wconf 77' lang='lat' dir='ltr'><strong>longum</strong></span> <span class='ocrx_word' id='word_1_272' title='bbox 665 1224 781 1254; x_wconf 82' lang='lat' dir='ltr'><strong>tempus,</strong></span> <span class='ocrx_word' id='word_1_273' title='bbox 801 1221 838 1247; x_wconf 87' lang='lat' dir='ltr'><strong>uti</strong></span> <span class='ocrx_word' id='word_1_274' title='bbox 860 1220 1005 1248; x_wconf 83' lang='lat' dir='ltr'><strong>multorum</strong></span> 
     </span>
    </p>
   </div>
   <div class='ocr_carea' id='block_1_42' title="bbox 218 1265 1006 1299">
    <p class='ocr_par' dir='ltr' id='par_1_42' title="bbox 218 1265 1006 1299">
     <span class='ocr_line' id='line_1_42' title="bbox 218 1265 1006 1299; baseline 0 -6"><span class='ocrx_word' id='word_1_275' title='bbox 218 1266 345 1298; x_wconf 84' lang='lat' dir='ltr'><strong>aliorum,</strong></span> <span class='ocrx_word' id='word_1_276' title='bbox 363 1266 399 1293; x_wconf 88' lang='lat' dir='ltr'><strong>ita</strong></span> <span class='ocrx_word' id='word_1_277' title='bbox 417 1266 497 1292; x_wconf 88' lang='lat' dir='ltr'><strong>etiam</strong></span> <span class='ocrx_word' id='word_1_278' title='bbox 513 1265 594 1299; x_wconf 82' lang='lat' dir='ltr'><strong>hujus</strong></span> <span class='ocrx_word' id='word_1_279' title='bbox 611 1266 650 1293; x_wconf 87' lang='lat' dir='ltr'><strong>rei</strong></span> <span class='ocrx_word' id='word_1_280' title='bbox 668 1273 749 1292; x_wconf 83' lang='lat' dir='ltr'><strong>causa</strong></span> <span class='ocrx_word' id='word_1_281' title='bbox 765 1266 856 1293; x_wconf 85' lang='lat' dir='ltr'><strong>fuerit.</strong></span> <span class='ocrx_word' id='word_1_282' title='bbox 873 1265 1006 1293; x_wconf 62' lang='lat' dir='ltr'><strong>Praeterea</strong></span> 
     </span>
    </p>
   </div>
   <div class='ocr_carea' id='block_1_43' title="bbox 217 1311 1006 1347">
    <p class='ocr_par' dir='ltr' id='par_1_43' title="bbox 217 1311 1006 1347">
     <span class='ocr_line' id='line_1_43' title="bbox 217 1311 1006 1347; baseline 0.001 -9"><span class='ocrx_word' id='word_1_283' title='bbox 217 1317 245 1338; x_wconf 87' lang='lat' dir='ltr'><strong>ct</strong></span> <span class='ocrx_word' id='word_1_284' title='bbox 257 1312 412 1339; x_wconf 83' lang='lat' dir='ltr'><strong>obscuritas</strong></span> <span class='ocrx_word' id='word_1_285' title='bbox 436 1319 530 1339; x_wconf 88' lang='lat' dir='ltr'><strong>eorum</strong></span> <span class='ocrx_word' id='word_1_286' title='bbox 545 1319 606 1346; x_wconf 63' lang='lat' dir='ltr'><strong>qua:</strong></span> <span class='ocrx_word' id='word_1_287' title='bbox 622 1319 638 1337; x_wconf 85' lang='lat' dir='ltr'><strong>a</strong></span> <span class='ocrx_word' id='word_1_288' title='bbox 663 1311 765 1347; x_wconf 81' lang='lat' dir='ltr'><strong>Sibylla</strong></span> <span class='ocrx_word' id='word_1_289' title='bbox 786 1312 962 1344; x_wconf 82' lang='lat' dir='ltr'><strong>dicebantur,</strong></span> <span class='ocrx_word' id='word_1_290' title='bbox 979 1317 1006 1339; x_wconf 74' lang='lat' dir='ltr'><strong>ct</strong></span> 
     </span>
    </p>
   </div>
   <div class='ocr_carea' id='block_1_44' title="bbox 218 1357 1007 1392">
    <p class='ocr_par' dir='ltr' id='par_1_44' title="bbox 218 1357 1007 1392">
     <span class='ocr_line' id='line_1_44' title="bbox 218 1357 1007 1392; baseline 0.004 -9"><span class='ocrx_word' id='word_1_291' title='bbox 218 1357 313 1384; x_wconf 86' lang='lat' dir='ltr'><strong>c.ebra</strong></span> <span class='ocrx_word' id='word_1_292' title='bbox 337 1358 468 1385; x_wconf 89' lang='lat' dir='ltr'><strong>librorum</strong></span> <span class='ocrx_word' id='word_1_293' title='bbox 483 1358 543 1392; x_wconf 88' lang='lat' dir='ltr'><strong>ejus</strong></span> <span class='ocrx_word' id='word_1_294' title='bbox 566 1358 728 1392; x_wconf 75' lang='lat' dir='ltr'><strong>descriptio,</strong></span> <span class='ocrx_word' id='word_1_295' title='bbox 747 1358 814 1384; x_wconf 89' lang='lat' dir='ltr'><strong>nihil</strong></span> <span class='ocrx_word' id='word_1_296' title='bbox 839 1359 937 1385; x_wconf 90' lang='lat' dir='ltr'><strong>mirum</strong></span> <span class='ocrx_word' id='word_1_297' title='bbox 965 1363 1007 1386; x_wconf 84' lang='lat' dir='ltr'><strong>est</strong></span> 
     </span>
    </p>
   </div>
   <div class='ocr_carea' id='block_1_45' title="bbox 218 1403 925 1438">
    <p class='ocr_par' dir='ltr' id='par_1_45' title="bbox 218 1403 925 1438">
     <span class='ocr_line' id='line_1_45' title="bbox 218 1403 925 1438; baseline 0.003 -10"><span class='ocrx_word' id='word_1_298' title='bbox 218 1403 240 1429; x_wconf 78' lang='lat' dir='ltr'><strong>si</strong></span> <span class='ocrx_word' id='word_1_299' title='bbox 253 1406 280 1429; x_wconf 87' lang='lat' dir='ltr'><strong>el</strong></span> <span class='ocrx_word' id='word_1_300' title='bbox 296 1410 393 1430; x_wconf 86' lang='lat' dir='ltr'><strong>sensus</strong></span> <span class='ocrx_word' id='word_1_301' title='bbox 419 1407 446 1430; x_wconf 86' lang='lat' dir='ltr'><strong>et</strong></span> <span class='ocrx_word' id='word_1_302' title='bbox 459 1403 537 1429; x_wconf 80' lang='lat' dir='ltr'><strong>metri</strong></span> <span class='ocrx_word' id='word_1_303' title='bbox 551 1403 741 1430; x_wconf 86' lang='lat' dir='ltr'><strong>confusionem</strong></span> <span class='ocrx_word' id='word_1_304' title='bbox 758 1404 925 1438; x_wconf 74' lang='lat' dir='ltr'><strong>pepercrint.</strong></span> 
     </span>
    </p>
   </div>
   <div class='ocr_carea' id='block_1_46' title="bbox 253 1447 1006 1483">
    <p class='ocr_par' dir='ltr' id='par_1_46' title="bbox 253 1447 1006 1483">
     <span class='ocr_line' id='line_1_46' title="bbox 253 1447 1006 1483; baseline 0.004 -9"><span class='ocrx_word' id='word_1_305' title='bbox 253 1447 361 1482; x_wconf 71' lang='lat' dir='ltr'><strong>Sibyllae</strong></span> <span class='ocrx_word' id='word_1_306' title='bbox 385 1448 500 1475; x_wconf 73' lang='lat' dir='ltr'><strong>diversis</strong></span> <span class='ocrx_word' id='word_1_307' title='bbox 528 1453 554 1476; x_wconf 88' lang='lat' dir='ltr'><strong>et</strong></span> <span class='ocrx_word' id='word_1_308' title='bbox 583 1449 648 1476; x_wconf 87' lang='lat' dir='ltr'><strong>locis</strong></span> <span class='ocrx_word' id='word_1_309' title='bbox 659 1454 686 1476; x_wconf 89' lang='lat' dir='ltr'><strong>et</strong></span> <span class='ocrx_word' id='word_1_310' title='bbox 698 1450 866 1483; x_wconf 80' lang='lat' dir='ltr'><strong>temporibus</strong></span> <span class='ocrx_word' id='word_1_311' title='bbox 894 1450 1006 1477; x_wconf 83' lang='lat' dir='ltr'><strong>fuerunt</strong></span> 
     </span>
    </p>
   </div>
   <div class='ocr_carea' id='block_1_47' title="bbox 219 1492 1005 1530">
    <p class='ocr_par' dir='ltr' id='par_1_47' title="bbox 219 1492 1005 1530">
     <span class='ocr_line' id='line_1_47' title="bbox 219 1492 1005 1530; baseline 0.004 -11"><span class='ocrx_word' id='word_1_312' title='bbox 219 1493 323 1520; x_wconf 83' lang='lat' dir='ltr'><strong>decem.</strong></span> <span class='ocrx_word' id='word_1_313' title='bbox 343 1492 444 1525; x_wconf 87' lang='lat' dir='ltr'><strong>Prima,</strong></span> <span class='ocrx_word' id='word_1_314' title='bbox 463 1493 600 1525; x_wconf 62' lang='lat' dir='ltr'><strong>Cbaldura,</strong></span> <span class='ocrx_word' id='word_1_315' title='bbox 619 1501 678 1527; x_wconf 74' lang='lat' dir='ltr'><strong>qua:</strong></span> <span class='ocrx_word' id='word_1_316' title='bbox 700 1499 725 1520; x_wconf 88' lang='lat' dir='ltr'><strong>et</strong></span> <span class='ocrx_word' id='word_1_317' title='bbox 748 1493 855 1521; x_wconf 84' lang='lat' dir='ltr'><strong>Persica</strong></span> <span class='ocrx_word' id='word_1_318' title='bbox 868 1514 875 1527; x_wconf 93' lang='lat'><strong>,</strong></span> <span class='ocrx_word' id='word_1_319' title='bbox 897 1496 1005 1530; x_wconf 83' lang='lat' dir='ltr'><strong>proprio</strong></span> 
     </span>
    </p>
   </div>
   <div class='ocr_carea' id='block_1_48' title="bbox 218 1537 1003 1576">
    <p class='ocr_par' dir='ltr' id='par_1_48' title="bbox 218 1537 1003 1576">
     <span class='ocr_line' id='line_1_48' title="bbox 218 1537 1003 1576; baseline 0.004 -11"><span class='ocrx_word' id='word_1_320' title='bbox 218 1539 329 1566; x_wconf 81' lang='lat' dir='ltr'><strong>nomine</strong></span> <span class='ocrx_word' id='word_1_321' title='bbox 345 1537 484 1566; x_wconf 76' lang='lat' dir='ltr'><strong>Sambetln:</strong></span> <span class='ocrx_word' id='word_1_322' title='bbox 498 1539 579 1566; x_wconf 88' lang='lat' dir='ltr'><strong>dicta.</strong></span> <span class='ocrx_word' id='word_1_323' title='bbox 606 1539 744 1572; x_wconf 84' lang='lat' dir='ltr'><strong>Secunda,</strong></span> <span class='ocrx_word' id='word_1_324' title='bbox 774 1539 883 1576; x_wconf 83' lang='lat' dir='ltr'><strong>Libyca.</strong></span> <span class='ocrx_word' id='word_1_325' title='bbox 902 1541 1003 1573; x_wconf 82' lang='lat' dir='ltr'><strong>Tertia,</strong></span> 
     </span>
    </p>
   </div>
   <div class='ocr_carea' id='block_1_49' title="bbox 220 1584 1004 1622">
    <p class='ocr_par' dir='ltr' id='par_1_49' title="bbox 220 1584 1004 1622">
     <span class='ocr_line' id='line_1_49' title="bbox 220 1584 1004 1622; baseline 0.005 -12"><span class='ocrx_word' id='word_1_326' title='bbox 220 1584 359 1618; x_wconf 87' lang='lat' dir='ltr'><strong>Delphica,</strong></span> <span class='ocrx_word' id='word_1_327' title='bbox 382 1585 493 1618; x_wconf 82' lang='lat' dir='ltr'><strong>Delphis</strong></span> <span class='ocrx_word' id='word_1_328' title='bbox 522 1589 596 1612; x_wconf 89' lang='lat' dir='ltr'><strong>nata.</strong></span> <span class='ocrx_word' id='word_1_329' title='bbox 621 1585 735 1618; x_wconf 83' lang='lat' dir='ltr'><strong>Quarta,</strong></span> <span class='ocrx_word' id='word_1_330' title='bbox 765 1585 869 1617; x_wconf 89' lang='lat' dir='ltr'><strong>Italica.</strong></span> <span class='ocrx_word' id='word_1_331' title='bbox 893 1595 953 1622; x_wconf 68' lang='lat' dir='ltr'><strong>qua:</strong></span> <span class='ocrx_word' id='word_1_332' title='bbox 978 1587 1004 1614; x_wconf 92' lang='lat' dir='ltr'><strong>in</strong></span> 
     </span>
    </p>
   </div>
   <div class='ocr_carea' id='block_1_50' title="bbox 219 1630 1004 1667">
    <p class='ocr_par' dir='ltr' id='par_1_50' title="bbox 219 1630 1004 1667">
     <span class='ocr_line' id='line_1_50' title="bbox 219 1630 1004 1667; baseline 0.003 -10"><span class='ocrx_word' id='word_1_333' title='bbox 219 1630 302 1658; x_wconf 60' lang='lat' dir='ltr'><strong>Italia</strong></span> <span class='ocrx_word' id='word_1_334' title='bbox 317 1630 395 1662; x_wconf 86' lang='lat' dir='ltr'><strong>urbe,</strong></span> <span class='ocrx_word' id='word_1_335' title='bbox 412 1631 556 1658; x_wconf 77' lang='lat' dir='ltr'><strong>Cimmerio</strong></span> <span class='ocrx_word' id='word_1_336' title='bbox 574 1632 648 1664; x_wconf 87' lang='lat' dir='ltr'><strong>(nata</strong></span> <span class='ocrx_word' id='word_1_337' title='bbox 659 1635 722 1659; x_wconf 82' lang='lat' dir='ltr'><strong>est).</strong></span> <span class='ocrx_word' id='word_1_338' title='bbox 735 1631 847 1664; x_wconf 87' lang='lat' dir='ltr'><strong>Quinta,</strong></span> <span class='ocrx_word' id='word_1_339' title='bbox 863 1631 1004 1667; x_wconf 83' lang='lat' dir='ltr'><strong>Erythrea,</strong></span> 
     </span>
    </p>
   </div>
   <div class='ocr_carea' id='block_1_51' title="bbox 220 1675 1005 1710">
    <p class='ocr_par' dir='ltr' id='par_1_51' title="bbox 220 1675 1005 1710">
     <span class='ocr_line' id='line_1_51' title="bbox 220 1675 1005 1710; baseline 0.004 -9"><span class='ocrx_word' id='word_1_340' title='bbox 220 1682 281 1708; x_wconf 67' lang='lat' dir='ltr'><strong>qua:</strong></span> <span class='ocrx_word' id='word_1_341' title='bbox 295 1680 358 1701; x_wconf 84' lang='lat' dir='ltr'><strong>ante</strong></span> <span class='ocrx_word' id='word_1_342' title='bbox 377 1675 475 1702; x_wconf 84' lang='lat' dir='ltr'><strong>bellum</strong></span> <span class='ocrx_word' id='word_1_343' title='bbox 496 1675 644 1710; x_wconf 84' lang='lat' dir='ltr'><strong>Trojauum</strong></span> <span class='ocrx_word' id='word_1_344' title='bbox 666 1676 811 1704; x_wconf 78' lang='lat' dir='ltr'><strong>vaticinata</strong></span> <span class='ocrx_word' id='word_1_345' title='bbox 829 1677 886 1703; x_wconf 88' lang='lat' dir='ltr'><strong>fttit.</strong></span> <span class='ocrx_word' id='word_1_346' title='bbox 912 1678 1005 1710; x_wconf 75' lang='lat' dir='ltr'><strong>Sexta,</strong></span> 
     </span>
    </p>
   </div>
   <div class='ocr_carea' id='block_1_52' title="bbox 220 1722 1007 1757">
    <p class='ocr_par' dir='ltr' id='par_1_52' title="bbox 220 1722 1007 1757">
     <span class='ocr_line' id='line_1_52' title="bbox 220 1722 1007 1757; baseline 0.001 -7"><span class='ocrx_word' id='word_1_347' title='bbox 220 1722 323 1752; x_wconf 78' lang='lat' dir='ltr'><strong>Samia,</strong></span> <span class='ocrx_word' id='word_1_348' title='bbox 340 1724 447 1756; x_wconf 86' lang='lat' dir='ltr'><strong>proprio</strong></span> <span class='ocrx_word' id='word_1_349' title='bbox 462 1723 570 1748; x_wconf 88' lang='lat' dir='ltr'><strong>nomine</strong></span> <span class='ocrx_word' id='word_1_350' title='bbox 582 1722 664 1756; x_wconf 82' lang='lat' dir='ltr'><strong>Phyto</strong></span> <span class='ocrx_word' id='word_1_351' title='bbox 680 1723 804 1753; x_wconf 76' lang='lat' dir='ltr'><strong>diela,du</strong></span> <span class='ocrx_word' id='word_1_352' title='bbox 818 1731 870 1757; x_wconf 73' lang='lat' dir='ltr'><strong>qua</strong></span> <span class='ocrx_word' id='word_1_353' title='bbox 887 1725 1007 1757; x_wconf 72' lang='lat' dir='ltr'><strong>scripsit</strong></span> 
     </span>
    </p>
   </div>
   <div class='ocr_carea' id='block_1_53' title="bbox 219 1768 1005 1803">
    <p class='ocr_par' dir='ltr' id='par_1_53' title="bbox 219 1768 1005 1803">
     <span class='ocr_line' id='line_1_53' title="bbox 219 1768 1005 1803; baseline 0 -7"><span class='ocrx_word' id='word_1_354' title='bbox 219 1768 425 1796; x_wconf 87' lang='lat' dir='ltr'><strong>Eratosthenes.</strong></span> <span class='ocrx_word' id='word_1_355' title='bbox 442 1768 574 1803; x_wconf 77' lang='lat' dir='ltr'><strong>Septima,</strong></span> <span class='ocrx_word' id='word_1_356' title='bbox 592 1768 725 1800; x_wconf 86' lang='lat' dir='ltr'><strong>Cumana,</strong></span> <span class='ocrx_word' id='word_1_357' title='bbox 740 1777 799 1802; x_wconf 70' lang='lat' dir='ltr'><strong>qua:</strong></span> <span class='ocrx_word' id='word_1_358' title='bbox 813 1774 840 1796; x_wconf 83' lang='lat' dir='ltr'><strong>et</strong></span> <span class='ocrx_word' id='word_1_359' title='bbox 856 1769 1005 1802; x_wconf 74' lang='lat' dir='ltr'><strong>Amuli/ica,</strong></span> 
     </span>
    </p>
   </div>
   <div class='ocr_carea' id='block_1_54' title="bbox 218 1813 1006 1849">
    <p class='ocr_par' dir='ltr' id='par_1_54' title="bbox 218 1813 1006 1849">
     <span class='ocr_line' id='line_1_54' title="bbox 218 1813 1006 1849; baseline 0.003 -7"><span class='ocrx_word' id='word_1_360' title='bbox 218 1819 247 1842; x_wconf 84' lang='lat' dir='ltr'><strong>et</strong></span> <span class='ocrx_word' id='word_1_361' title='bbox 261 1813 413 1848; x_wconf 78' lang='lat' dir='ltr'><strong>Hierop/tile</strong></span> <span class='ocrx_word' id='word_1_362' title='bbox 428 1813 498 1841; x_wconf 88' lang='lat' dir='ltr'><strong>dicta</strong></span> <span class='ocrx_word' id='word_1_363' title='bbox 515 1813 576 1840; x_wconf 90' lang='lat' dir='ltr'><strong>fuit.</strong></span> <span class='ocrx_word' id='word_1_364' title='bbox 591 1813 702 1845; x_wconf 84' lang='lat' dir='ltr'><strong>Octava,</strong></span> <span class='ocrx_word' id='word_1_365' title='bbox 718 1813 912 1849; x_wconf 75' lang='lat' dir='ltr'><strong>IIcllespantia,</strong></span> <span class='ocrx_word' id='word_1_366' title='bbox 943 1821 1006 1844; x_wconf 83' lang='lat' dir='ltr'><strong>nata</strong></span> 
     </span>
    </p>
   </div>
   <div class='ocr_carea' id='block_1_55' title="bbox 220 1859 1006 1897">
    <p class='ocr_par' dir='ltr' id='par_1_55' title="bbox 220 1859 1006 1897">
     <span class='ocr_line' id='line_1_55' title="bbox 220 1859 1006 1897; baseline 0.004 -10"><span class='ocrx_word' id='word_1_367' title='bbox 220 1861 248 1887; x_wconf 87' lang='lat' dir='ltr'><strong>In</strong></span> <span class='ocrx_word' id='word_1_368' title='bbox 264 1860 324 1887; x_wconf 87' lang='lat' dir='ltr'><strong>vico</strong></span> <span class='ocrx_word' id='word_1_369' title='bbox 342 1859 496 1891; x_wconf 79' lang='lat' dir='ltr'><strong>Illarmisso,</strong></span> <span class='ocrx_word' id='word_1_370' title='bbox 527 1867 610 1894; x_wconf 80' lang='lat' dir='ltr'><strong>prope</strong></span> <span class='ocrx_word' id='word_1_371' title='bbox 639 1860 801 1894; x_wconf 88' lang='lat' dir='ltr'><strong>oppidulum</strong></span> <span class='ocrx_word' id='word_1_372' title='bbox 829 1861 1006 1897; x_wconf 79' lang='lat' dir='ltr'><strong>Gergythium</strong></span> 
     </span>
    </p>
   </div>
   <div class='ocr_carea' id='block_1_56' title="bbox 221 1906 1007 1944">
    <p class='ocr_par' dir='ltr' id='par_1_56' title="bbox 221 1906 1007 1944">
     <span class='ocr_line' id='line_1_56' title="bbox 221 1906 1007 1944; baseline 0.003 -10"><span class='ocrx_word' id='word_1_373' title='bbox 221 1909 293 1942; x_wconf 73' lang='lat' dir='ltr'><strong>(quze</strong></span> <span class='ocrx_word' id='word_1_374' title='bbox 315 1907 373 1934; x_wconf 84' lang='lat' dir='ltr'><strong>loca</strong></span> <span class='ocrx_word' id='word_1_375' title='bbox 388 1907 454 1934; x_wconf 90' lang='lat' dir='ltr'><strong>olim</strong></span> <span class='ocrx_word' id='word_1_376' title='bbox 474 1906 573 1933; x_wconf 78' lang='lat' dir='ltr'><strong>ﬁnibus</strong></span> <span class='ocrx_word' id='word_1_377' title='bbox 605 1906 723 1941; x_wconf 75' lang='lat' dir='ltr'><strong>regionis</strong></span> <span class='ocrx_word' id='word_1_378' title='bbox 740 1906 864 1940; x_wconf 71' lang='lat' dir='ltr'><strong>Trojanu:</strong></span> <span class='ocrx_word' id='word_1_379' title='bbox 884 1915 1007 1944; x_wconf 84' lang='lat' dir='ltr'><strong>cmupre-</strong></span> 
     </span>
    </p>
   </div>
   <div class='ocr_carea' id='block_1_57' title="bbox 220 1952 1005 1990">
    <p class='ocr_par' dir='ltr' id='par_1_57' title="bbox 220 1952 1005 1990">
     <span class='ocr_line' id='line_1_57' title="bbox 220 1952 1005 1990; baseline 0.001 -9"><span class='ocrx_word' id='word_1_380' title='bbox 220 1955 303 1982; x_wconf 81' lang='lat' dir='ltr'><strong>hensa</strong></span> <span class='ocrx_word' id='word_1_381' title='bbox 317 1954 461 1989; x_wconf 88' lang='lat' dir='ltr'><strong>(fuerunt),</strong></span> <span class='ocrx_word' id='word_1_382' title='bbox 479 1954 647 1988; x_wconf 85' lang='lat' dir='ltr'><strong>temporibus</strong></span> <span class='ocrx_word' id='word_1_383' title='bbox 665 1952 774 1981; x_wconf 89' lang='lat' dir='ltr'><strong>Solonis</strong></span> <span class='ocrx_word' id='word_1_384' title='bbox 791 1959 816 1981; x_wconf 90' lang='lat' dir='ltr'><strong>et</strong></span> <span class='ocrx_word' id='word_1_385' title='bbox 826 1955 899 1990; x_wconf 87' lang='lat' dir='ltr'><strong>Cyri.</strong></span> <span class='ocrx_word' id='word_1_386' title='bbox 918 1954 1005 1987; x_wconf 84' lang='lat' dir='ltr'><strong>Noua,</strong></span> 
     </span>
    </p>
   </div>
   <div class='ocr_carea' id='block_1_58' title="bbox 220 1999 1008 2035">
    <p class='ocr_par' dir='ltr' id='par_1_58' title="bbox 220 1999 1008 2035">
     <span class='ocr_line' id='line_1_58' title="bbox 220 1999 1008 2035; baseline 0.001 -8"><span class='ocrx_word' id='word_1_387' title='bbox 220 1999 348 2035; x_wconf 76' lang='lat' dir='ltr'><strong>Phrygia.</strong></span> <span class='ocrx_word' id='word_1_388' title='bbox 380 1999 499 2032; x_wconf 87' lang='lat' dir='ltr'><strong>Decima,</strong></span> <span class='ocrx_word' id='word_1_389' title='bbox 519 1999 651 2032; x_wconf 77' lang='lat' dir='ltr'><strong>Tiburtia,</strong></span> <span class='ocrx_word' id='word_1_390' title='bbox 681 1999 811 2027; x_wconf 71' lang='lat' dir='ltr'><strong>Albunaaa</strong></span> <span class='ocrx_word' id='word_1_391' title='bbox 824 2001 907 2027; x_wconf 76' lang='lat' dir='ltr'><strong>dicta.</strong></span> <span class='ocrx_word' id='word_1_392' title='bbox 924 2002 1008 2028; x_wconf 85' lang='lat' dir='ltr'><strong>Aiunt</strong></span> 
     </span>
    </p>
   </div>
   <div class='ocr_carea' id='block_1_59' title="bbox 220 2046 1006 2080">
    <p class='ocr_par' dir='ltr' id='par_1_59' title="bbox 220 2046 1006 2080">
     <span class='ocr_line' id='line_1_59' title="bbox 220 2046 1006 2080; baseline 0.001 -7"><span class='ocrx_word' id='word_1_393' title='bbox 220 2052 322 2078; x_wconf 77' lang='lat' dir='ltr'><strong>autem,</strong></span> <span class='ocrx_word' id='word_1_394' title='bbox 342 2046 483 2080; x_wconf 83' lang='lat' dir='ltr'><strong>Sibyllam,</strong></span> <span class='ocrx_word' id='word_1_395' title='bbox 516 2046 679 2077; x_wconf 88' lang='lat' dir='ltr'><strong>Cumanam,</strong></span> <span class='ocrx_word' id='word_1_396' title='bbox 711 2053 805 2073; x_wconf 86' lang='lat' dir='ltr'><strong>novem</strong></span> <span class='ocrx_word' id='word_1_397' title='bbox 832 2047 1006 2074; x_wconf 86' lang='lat' dir='ltr'><strong>oraculorum</strong></span> 
     </span>
    </p>
   </div>
   <div class='ocr_carea' id='block_1_60' title="bbox 220 2091 1006 2127">
    <p class='ocr_par' dir='ltr' id='par_1_60' title="bbox 220 2091 1006 2127">
     <span class='ocr_line' id='line_1_60' title="bbox 220 2091 1006 2127; baseline 0 -7"><span class='ocrx_word' id='word_1_398' title='bbox 220 2099 333 2120; x_wconf 74' lang='lat' dir='ltr'><strong>suorum</strong></span> <span class='ocrx_word' id='word_1_399' title='bbox 353 2092 438 2119; x_wconf 85' lang='lat' dir='ltr'><strong>libros</strong></span> <span class='ocrx_word' id='word_1_400' title='bbox 462 2092 588 2119; x_wconf 84' lang='lat' dir='ltr'><strong>attulisse</strong></span> <span class='ocrx_word' id='word_1_401' title='bbox 613 2092 646 2118; x_wconf 89' lang='lat' dir='ltr'><strong>ad</strong></span> <span class='ocrx_word' id='word_1_402' title='bbox 673 2091 852 2127; x_wconf 82' lang='lat' dir='ltr'><strong>Tarquinium</strong></span> <span class='ocrx_word' id='word_1_403' title='bbox 872 2092 1006 2126; x_wconf 85' lang='lat' dir='ltr'><strong>Priscum,</strong></span> 
     </span>
    </p>
   </div>
   <div class='ocr_carea' id='block_1_61' title="bbox 220 2137 1006 2173">
    <p class='ocr_par' dir='ltr' id='par_1_61' title="bbox 220 2137 1006 2173">
     <span class='ocr_line' id='line_1_61' title="bbox 220 2137 1006 2173; baseline 0.003 -8"><span class='ocrx_word' id='word_1_404' title='bbox 220 2143 286 2166; x_wconf 90' lang='lat' dir='ltr'><strong>tunc</strong></span> <span class='ocrx_word' id='word_1_405' title='bbox 303 2137 488 2166; x_wconf 73' lang='lat' dir='ltr'><strong>Romanorum</strong></span> <span class='ocrx_word' id='word_1_406' title='bbox 504 2146 595 2173; x_wconf 73' lang='lat' dir='ltr'><strong>regem</strong></span> <span class='ocrx_word' id='word_1_407' title='bbox 609 2146 618 2164; x_wconf 83' lang='lat'><strong>:</strong></span> <span class='ocrx_word' id='word_1_408' title='bbox 634 2146 706 2172; x_wconf 89' lang='lat' dir='ltr'><strong>quos</strong></span> <span class='ocrx_word' id='word_1_409' title='bbox 717 2147 780 2166; x_wconf 92' lang='lat' dir='ltr'><strong>cum</strong></span> <span class='ocrx_word' id='word_1_410' title='bbox 800 2139 844 2166; x_wconf 84' lang='lat' dir='ltr'><strong>ille</strong></span> <span class='ocrx_word' id='word_1_411' title='bbox 864 2139 1006 2173; x_wconf 86' lang='lat' dir='ltr'><strong>repudias-</strong></span> 
     </span>
    </p>
   </div>
   <div class='ocr_carea' id='block_1_62' title="bbox 220 2184 1004 2220">
    <p class='ocr_par' dir='ltr' id='par_1_62' title="bbox 220 2184 1004 2220">
     <span class='ocr_line' id='line_1_62' title="bbox 220 2184 1004 2220; baseline 0 -8"><span class='ocrx_word' id='word_1_412' title='bbox 220 2189 273 2216; x_wconf 75' lang='lat' dir='ltr'><strong>set.</strong></span> <span class='ocrx_word' id='word_1_413' title='bbox 290 2185 345 2212; x_wconf 93' lang='lat' dir='ltr'><strong>duo</strong></span> <span class='ocrx_word' id='word_1_414' title='bbox 359 2192 391 2212; x_wconf 86' lang='lat' dir='ltr'><strong>ex</strong></span> <span class='ocrx_word' id='word_1_415' title='bbox 414 2185 467 2212; x_wconf 87' lang='lat' dir='ltr'><strong>illis</strong></span> <span class='ocrx_word' id='word_1_416' title='bbox 489 2193 637 2213; x_wconf 81' lang='lat' dir='ltr'><strong>cremasse.</strong></span> <span class='ocrx_word' id='word_1_417' title='bbox 659 2184 750 2220; x_wconf 85' lang='lat' dir='ltr'><strong>(Couf.</strong></span> <span class='ocrx_word' id='word_1_418' title='bbox 767 2189 858 2212; x_wconf 85' lang='lat' dir='ltr'><strong>tamen</strong></span> <span class='ocrx_word' id='word_1_419' title='bbox 878 2184 1004 2213; x_wconf 80' lang='lat' dir='ltr'><strong>Lactant.</strong></span> 
     </span>
    </p>
   </div>
   <div class='ocr_carea' id='block_1_63' title="bbox 221 2227 818 2265">
    <p class='ocr_par' dir='ltr' id='par_1_63' title="bbox 221 2227 818 2265">
     <span class='ocr_line' id='line_1_63' title="bbox 221 2227 818 2265; baseline -0.005 -8"><span class='ocrx_word' id='word_1_420' title='bbox 221 2228 258 2257; x_wconf 83' lang='lat' dir='ltr'><strong>De</strong></span> <span class='ocrx_word' id='word_1_421' title='bbox 275 2228 342 2257; x_wconf 80' lang='lat' dir='ltr'><strong>falsa</strong></span> <span class='ocrx_word' id='word_1_422' title='bbox 355 2230 434 2265; x_wconf 75' lang='lat' dir='ltr'><strong>relig.</strong></span> <span class='ocrx_word' id='word_1_423' title='bbox 453 2229 500 2256; x_wconf 88' lang='lat' dir='ltr'><strong>lib.</strong></span> <span class='ocrx_word' id='word_1_424' title='bbox 517 2236 544 2261; x_wconf 77' lang='grc' dir='ltr'><strong>ι.</strong></span> <span class='ocrx_word' id='word_1_425' title='bbox 565 2237 626 2264; x_wconf 87' lang='lat' dir='ltr'><strong>cap.</strong></span> <span class='ocrx_word' id='word_1_426' title='bbox 640 2229 666 2261; x_wconf 84' lang='lat'><strong>6,</strong></span> <span class='ocrx_word' id='word_1_427' title='bbox 685 2228 699 2264; x_wconf 86' lang='lat'><strong>§</strong></span> <span class='ocrx_word' id='word_1_428' title='bbox 715 2230 729 2256; x_wconf 86' lang='grc' dir='ltr'><em>Ἰ</em></span> <span class='ocrx_word' id='word_1_429' title='bbox 744 2227 818 2264; x_wconf 86' lang='lat' dir='ltr'><strong>sqq.)</strong></span> 
     </span>
    </p>
   </div>
   <div class='ocr_carea' id='block_1_64' title="bbox 259 2274 1006 2311">
    <p class='ocr_par' dir='ltr' id='par_1_64' title="bbox 259 2274 1006 2311">
     <span class='ocr_line' id='line_1_64' title="bbox 259 2274 1006 2311; baseline 0.001 -9"><span class='ocrx_word' id='word_1_430' title='bbox 259 2275 360 2311; x_wconf 86' lang='lat' dir='ltr'><strong>Sibylla</strong></span> <span class='ocrx_word' id='word_1_431' title='bbox 374 2283 424 2302; x_wconf 76' lang='lat' dir='ltr'><strong>vox</strong></span> <span class='ocrx_word' id='word_1_432' title='bbox 445 2279 487 2302; x_wconf 81' lang='lat' dir='ltr'><strong>est</strong></span> <span class='ocrx_word' id='word_1_433' title='bbox 503 2274 636 2307; x_wconf 84' lang='lat' dir='ltr'><strong>Romana,</strong></span> <span class='ocrx_word' id='word_1_434' title='bbox 656 2283 736 2308; x_wconf 83' lang='lat' dir='ltr'><strong>quam</strong></span> <span class='ocrx_word' id='word_1_435' title='bbox 761 2276 784 2302; x_wconf 88' lang='lat' dir='ltr'><strong>si</strong></span> <span class='ocrx_word' id='word_1_436' title='bbox 810 2275 1006 2310; x_wconf 79' lang='lat' dir='ltr'><strong>interpreteris,</strong></span> 
     </span>
    </p>
   </div>
   <div class='ocr_carea' id='block_1_65' title="bbox 221 2321 1010 2356">
    <p class='ocr_par' dir='ltr' id='par_1_65' title="bbox 221 2321 1010 2356">
     <span class='ocr_line' id='line_1_65' title="bbox 221 2321 1010 2356; baseline -0.003 -5"><span class='ocrx_word' id='word_1_437' title='bbox 221 2327 303 2351; x_wconf 74' lang='lat' dir='ltr'><strong>vatem</strong></span> <span class='ocrx_word' id='word_1_438' title='bbox 320 2321 465 2356; x_wconf 76' lang='lat' dir='ltr'><strong>significat.</strong></span> <span class='ocrx_word' id='word_1_439' title='bbox 492 2321 601 2356; x_wconf 82' lang='lat' dir='ltr'><strong>Sibyllae</strong></span> <span class='ocrx_word' id='word_1_440' title='bbox 619 2321 712 2356; x_wconf 74' lang='lat' dir='ltr'><strong>igitur,</strong></span> <span class='ocrx_word' id='word_1_441' title='bbox 733 2326 762 2348; x_wconf 91' lang='lat' dir='ltr'><strong>ut</strong></span> <span class='ocrx_word' id='word_1_442' title='bbox 790 2321 867 2348; x_wconf 82' lang='lat' dir='ltr'><strong>tntilli</strong></span> <span class='ocrx_word' id='word_1_443' title='bbox 891 2321 1010 2356; x_wconf 87' lang='lat' dir='ltr'><strong>scripse-</strong></span> 
     </span>
    </p>
   </div>
   <div class='ocr_carea' id='block_1_66' title="bbox 221 2367 1008 2402">
    <p class='ocr_par' dir='ltr' id='par_1_66' title="bbox 221 2367 1008 2402">
     <span class='ocr_line' id='line_1_66' title="bbox 221 2367 1008 2402; baseline -0.004 -4"><span class='ocrx_word' id='word_1_444' title='bbox 221 2374 297 2401; x_wconf 89' lang='lat' dir='ltr'><strong>runt,</strong></span> <span class='ocrx_word' id='word_1_445' title='bbox 313 2369 428 2396; x_wconf 83' lang='lat' dir='ltr'><strong>diversis</strong></span> <span class='ocrx_word' id='word_1_446' title='bbox 447 2367 515 2394; x_wconf 90' lang='lat' dir='ltr'><strong>locis</strong></span> <span class='ocrx_word' id='word_1_447' title='bbox 529 2371 557 2394; x_wconf 88' lang='lat' dir='ltr'><strong>et</strong></span> <span class='ocrx_word' id='word_1_448' title='bbox 579 2367 749 2402; x_wconf 86' lang='lat' dir='ltr'><strong>temporibus</strong></span> <span class='ocrx_word' id='word_1_449' title='bbox 772 2367 865 2394; x_wconf 87' lang='lat' dir='ltr'><strong>decem</strong></span> <span class='ocrx_word' id='word_1_450' title='bbox 888 2367 1008 2395; x_wconf 84' lang='lat' dir='ltr'><strong>fuerunt.</strong></span> 
     </span>
    </p>
   </div>
   <div class='ocr_carea' id='block_1_67' title="bbox 219 2412 1009 2449">
    <p class='ocr_par' dir='ltr' id='par_1_67' title="bbox 219 2412 1009 2449">
     <span class='ocr_line' id='line_1_67' title="bbox 219 2412 1009 2449; baseline 0 -9"><span class='ocrx_word' id='word_1_451' title='bbox 219 2429 254 2436; x_wconf 90' lang='lat'><strong><em>—</em></strong></span> <span class='ocrx_word' id='word_1_452' title='bbox 268 2414 407 2449; x_wconf 78' lang='grc' dir='ltr'><strong>Σιδυλλιᾷ,</strong></span> <span class='ocrx_word' id='word_1_453' title='bbox 422 2412 593 2440; x_wconf 78' lang='lat' dir='ltr'><strong>oraculorum</strong></span> <span class='ocrx_word' id='word_1_454' title='bbox 606 2421 694 2440; x_wconf 75' lang='lat' dir='ltr'><strong>amore</strong></span> <span class='ocrx_word' id='word_1_455' title='bbox 710 2417 735 2439; x_wconf 81' lang='lat' dir='ltr'><strong>et</strong></span> <span class='ocrx_word' id='word_1_456' title='bbox 748 2413 878 2440; x_wconf 71' lang='lat' dir='ltr'><strong>desiderio</strong></span> <span class='ocrx_word' id='word_1_457' title='bbox 898 2418 1009 2445; x_wconf 82' lang='lat' dir='ltr'><strong>tenetur,</strong></span> 
     </span>
    </p>
   </div>
   <div class='ocr_carea' id='block_1_68' title="bbox 221 2459 1010 2494">
    <p class='ocr_par' dir='ltr' id='par_1_68' title="bbox 221 2459 1010 2494">
     <span class='ocr_line' id='line_1_68' title="bbox 221 2459 1010 2494; baseline -0.003 -6"><span class='ocrx_word' id='word_1_458' title='bbox 221 2461 263 2488; x_wconf 81' lang='lat' dir='ltr'><strong>vel</strong></span> <span class='ocrx_word' id='word_1_459' title='bbox 283 2461 381 2488; x_wconf 78' lang='lat' dir='ltr'><strong>delirat</strong></span> <span class='ocrx_word' id='word_1_460' title='bbox 398 2465 424 2487; x_wconf 87' lang='lat' dir='ltr'><strong>et</strong></span> <span class='ocrx_word' id='word_1_461' title='bbox 436 2459 580 2487; x_wconf 85' lang='lat' dir='ltr'><strong>vaticinari</strong></span> <span class='ocrx_word' id='word_1_462' title='bbox 594 2459 688 2494; x_wconf 83' lang='lat' dir='ltr'><strong>cupit;</strong></span> <span class='ocrx_word' id='word_1_463' title='bbox 703 2459 744 2486; x_wconf 85' lang='lat' dir='ltr'><strong>vel</strong></span> <span class='ocrx_word' id='word_1_464' title='bbox 758 2460 868 2486; x_wconf 82' lang='lat' dir='ltr'><strong>oracula</strong></span> <span class='ocrx_word' id='word_1_465' title='bbox 879 2460 1010 2492; x_wconf 84' lang='lat' dir='ltr'><strong>wnmiat;</strong></span> 
     </span>
    </p>
   </div>
   <div class='ocr_carea' id='block_1_69' title="bbox 222 2505 477 2540">
    <p class='ocr_par' dir='ltr' id='par_1_69' title="bbox 222 2505 477 2540">
     <span class='ocr_line' id='line_1_69' title="bbox 222 2505 477 2540; baseline -0.004 -6"><span class='ocrx_word' id='word_1_466' title='bbox 222 2507 263 2534; x_wconf 78' lang='lat' dir='ltr'><strong>vel</strong></span> <span class='ocrx_word' id='word_1_467' title='bbox 281 2505 409 2540; x_wconf 74' lang='lat' dir='ltr'><strong>superbit,</strong></span> <span class='ocrx_word' id='word_1_468' title='bbox 424 2511 477 2533; x_wconf 88' lang='lat' dir='ltr'><strong>etc.</strong></span> 
     </span>
    </p>
   </div>
   <div class='ocr_carea' id='block_1_70' title="bbox 258 2552 1010 2588">
    <p class='ocr_par' dir='ltr' id='par_1_70' title="bbox 258 2552 1010 2588">
     <span class='ocr_line' id='line_1_70' title="bbox 258 2552 1010 2588; baseline 0 -8"><span class='ocrx_word' id='word_1_469' title='bbox 258 2553 398 2585; x_wconf 77' lang='grc' dir='ltr'><strong>Σιϐύντιος</strong></span> <span class='ocrx_word' id='word_1_470' title='bbox 430 2553 486 2580; x_wconf 88' lang='lat' dir='ltr'><strong>sive</strong></span> <span class='ocrx_word' id='word_1_471' title='bbox 510 2552 665 2588; x_wconf 76' lang='grc' dir='ltr'><strong>Σιϐύρτιος,</strong></span> <span class='ocrx_word' id='word_1_472' title='bbox 687 2553 849 2580; x_wconf 75' lang='lat' dir='ltr'><strong>Theodectte</strong></span> <span class='ocrx_word' id='word_1_473' title='bbox 866 2553 1010 2580; x_wconf 64' lang='lat' dir='ltr'><strong>Phaselim:</strong></span> 
     </span>
    </p>
   </div>
   <div class='ocr_carea' id='block_1_71' title="bbox 223 2599 1008 2633">
    <p class='ocr_par' dir='ltr' id='par_1_71' title="bbox 223 2599 1008 2633">
     <span class='ocr_line' id='line_1_71' title="bbox 223 2599 1008 2633; baseline 0 -7"><span class='ocrx_word' id='word_1_474' title='bbox 223 2600 308 2628; x_wconf 87' lang='lat' dir='ltr'><strong>lector</strong></span> <span class='ocrx_word' id='word_1_475' title='bbox 325 2603 351 2626; x_wconf 86' lang='lat' dir='ltr'><strong>et</strong></span> <span class='ocrx_word' id='word_1_476' title='bbox 374 2607 480 2632; x_wconf 85' lang='lat' dir='ltr'><strong>servus,</strong></span> <span class='ocrx_word' id='word_1_477' title='bbox 509 2599 553 2632; x_wconf 86' lang='lat' dir='ltr'><strong>qui</strong></span> <span class='ocrx_word' id='word_1_478' title='bbox 574 2599 679 2633; x_wconf 86' lang='lat' dir='ltr'><strong>primus</strong></span> <span class='ocrx_word' id='word_1_479' title='bbox 695 2607 710 2626; x_wconf 89' lang='lat' dir='ltr'><strong>e</strong></span> <span class='ocrx_word' id='word_1_480' title='bbox 726 2599 824 2631; x_wconf 84' lang='lat' dir='ltr'><strong>servis,</strong></span> <span class='ocrx_word' id='word_1_481' title='bbox 841 2604 928 2626; x_wconf 87' lang='lat' dir='ltr'><strong>artem</strong></span> <span class='ocrx_word' id='word_1_482' title='bbox 944 2607 1008 2626; x_wconf 80' lang='lat' dir='ltr'><strong>ora-</strong></span> 
     </span>
    </p>
   </div>
   <div class='ocr_carea' id='block_1_72' title="bbox 225 2644 970 2680">
    <p class='ocr_par' dir='ltr' id='par_1_72' title="bbox 225 2644 970 2680">
     <span class='ocr_line' id='line_1_72' title="bbox 225 2644 970 2680; baseline -0.003 -8"><span class='ocrx_word' id='word_1_483' title='bbox 225 2645 320 2673; x_wconf 84' lang='lat' dir='ltr'><strong>toriam</strong></span> <span class='ocrx_word' id='word_1_484' title='bbox 339 2645 481 2680; x_wconf 88' lang='lat' dir='ltr'><strong>prolessus</strong></span> <span class='ocrx_word' id='word_1_485' title='bbox 496 2649 548 2672; x_wconf 87' lang='lat' dir='ltr'><strong>est.</strong></span> <span class='ocrx_word' id='word_1_486' title='bbox 566 2644 682 2679; x_wconf 89' lang='lat' dir='ltr'><strong>Scripsit</strong></span> <span class='ocrx_word' id='word_1_487' title='bbox 697 2645 787 2671; x_wconf 81' lang='lat' dir='ltr'><strong>Artem</strong></span> <span class='ocrx_word' id='word_1_488' title='bbox 802 2645 970 2671; x_wconf 78' lang='lat' dir='ltr'><strong>rhetoricam.</strong></span> 
     </span>
    </p>
   </div>
   <div class='ocr_carea' id='block_1_73' title="bbox 258 2691 1010 2728">
    <p class='ocr_par' dir='ltr' id='par_1_73' title="bbox 258 2691 1010 2728">
     <span class='ocr_line' id='line_1_73' title="bbox 258 2691 1010 2728; baseline -0.003 -9"><span class='ocrx_word' id='word_1_489' title='bbox 258 2691 401 2728; x_wconf 81' lang='grc' dir='ltr'><strong>Σιδηρεὶαν</strong></span> <span class='ocrx_word' id='word_1_490' title='bbox 424 2692 523 2727; x_wconf 71' lang='grc' dir='ltr'><strong>ψυχήν,</strong></span> <span class='ocrx_word' id='word_1_491' title='bbox 539 2691 654 2726; x_wconf 79' lang='lat' dir='ltr'><strong>ferreum</strong></span> <span class='ocrx_word' id='word_1_492' title='bbox 673 2691 791 2718; x_wconf 81' lang='lat' dir='ltr'><strong>animum</strong></span> <span class='ocrx_word' id='word_1_493' title='bbox 814 2691 871 2719; x_wconf 86' lang='lat' dir='ltr'><strong>sive</strong></span> <span class='ocrx_word' id='word_1_494' title='bbox 886 2691 1010 2718; x_wconf 75' lang='lat' dir='ltr'><strong>inexora-</strong></span> 
     </span>
    </p>
   </div>
   <div class='ocr_carea' id='block_1_74' title="bbox 225 2737 1011 2774">
    <p class='ocr_par' dir='ltr' id='par_1_74' title="bbox 225 2737 1011 2774">
     <span class='ocr_line' id='line_1_74' title="bbox 225 2737 1011 2774; baseline -0.001 -8"><span class='ocrx_word' id='word_1_495' title='bbox 225 2739 320 2767; x_wconf 87' lang='lat' dir='ltr'><strong>bilem.</strong></span> <span class='ocrx_word' id='word_1_496' title='bbox 338 2754 373 2760; x_wconf 91' lang='lat'>—</span> <span class='ocrx_word' id='word_1_497' title='bbox 389 2739 508 2767; x_wconf 83' lang='lat' dir='ltr'><strong>Glaucus</strong></span> <span class='ocrx_word' id='word_1_498' title='bbox 528 2739 649 2774; x_wconf 85' lang='lat' dir='ltr'><strong>quidam,</strong></span> <span class='ocrx_word' id='word_1_499' title='bbox 669 2737 788 2772; x_wconf 86' lang='lat' dir='ltr'><strong>Samius,</strong></span> <span class='ocrx_word' id='word_1_500' title='bbox 807 2738 1011 2766; x_wconf 87' lang='lat' dir='ltr'><strong>ferruminatio-</strong></span> 
     </span>
    </p>
   </div>
   <div class='ocr_carea' id='block_1_75' title="bbox 263 2827 1013 2863">
    <p class='ocr_par' dir='ltr' id='par_1_75' title="bbox 263 2827 1013 2863">
     <span class='ocr_line' id='line_1_75' title="bbox 263 2827 1013 2863; baseline 0 -9"><span class='ocrx_word' id='word_1_501' title='bbox 263 2827 319 2863; x_wconf 68' lang='lat'><strong>{9.3)</strong></span> <span class='ocrx_word' id='word_1_502' title='bbox 335 2828 398 2854; x_wconf 67' lang='lat' dir='ltr'><strong>Haec</strong></span> <span class='ocrx_word' id='word_1_503' title='bbox 426 2835 479 2856; x_wconf 92' lang='lat' dir='ltr'><strong>non</strong></span> <span class='ocrx_word' id='word_1_504' title='bbox 503 2828 536 2855; x_wconf 86' lang='lat' dir='ltr'><strong>ad</strong></span> <span class='ocrx_word' id='word_1_505' title='bbox 562 2827 704 2854; x_wconf 84' lang='lat' dir='ltr'><strong>Simmiam</strong></span> <span class='ocrx_word' id='word_1_506' title='bbox 721 2827 766 2854; x_wconf 89' lang='lat' dir='ltr'><strong>sed</strong></span> <span class='ocrx_word' id='word_1_507' title='bbox 788 2827 822 2854; x_wconf 84' lang='lat' dir='ltr'><strong>ad</strong></span> <span class='ocrx_word' id='word_1_508' title='bbox 834 2827 1013 2859; x_wconf 79' lang='lat' dir='ltr'><strong>Siuwnidem,</strong></span> 
     </span>
    </p>
   </div>
   <div class='ocr_carea' id='block_1_76' title="bbox 225 2862 1009 2898">
    <p class='ocr_par' dir='ltr' id='par_1_76' title="bbox 225 2862 1009 2898">
     <span class='ocr_line' id='line_1_76' title="bbox 225 2862 1009 2898; baseline 0.001 -8"><span class='ocrx_word' id='word_1_509' title='bbox 225 2862 450 2898; x_wconf 75' lang='lat' dir='ltr'><strong>iamliugrapbum</strong></span> <span class='ocrx_word' id='word_1_510' title='bbox 472 2863 710 2897; x_wconf 83' lang='lat' dir='ltr'><strong>antiquissimum,</strong></span> <span class='ocrx_word' id='word_1_511' title='bbox 723 2863 900 2898; x_wconf 80' lang='lat' dir='ltr'><strong>Amorgiuum</strong></span> <span class='ocrx_word' id='word_1_512' title='bbox 915 2885 921 2897; x_wconf 97' lang='lat'><strong>,</strong></span> <span class='ocrx_word' id='word_1_513' title='bbox 950 2871 1009 2898; x_wconf 87' lang='lat' dir='ltr'><strong>spe-</strong></span> 
     </span>
    </p>
   </div>
   <div class='ocr_carea' id='block_1_77' title="bbox 1058 950 1853 986">
    <p class='ocr_par' dir='ltr' id='par_1_77' title="bbox 1058 950 1853 986">
     <span class='ocr_line' id='line_1_77' title="bbox 1058 950 1853 986; baseline -0.001 -7"><span class='ocrx_word' id='word_1_514' title='bbox 1058 960 1134 979; x_wconf 89' lang='lat' dir='ltr'><strong>nurn.</strong></span> <span class='ocrx_word' id='word_1_515' title='bbox 1149 952 1306 979; x_wconf 81' lang='lat' dir='ltr'><strong>Secundum</strong></span> <span class='ocrx_word' id='word_1_516' title='bbox 1324 951 1458 985; x_wconf 83' lang='lat' dir='ltr'><strong>quosdam</strong></span> <span class='ocrx_word' id='word_1_517' title='bbox 1474 951 1581 985; x_wconf 84' lang='lat' dir='ltr'><strong>primus</strong></span> <span class='ocrx_word' id='word_1_518' title='bbox 1597 950 1710 978; x_wconf 78' lang='lat' dir='ltr'><strong>lumbos</strong></span> <span class='ocrx_word' id='word_1_519' title='bbox 1730 952 1853 986; x_wconf 78' lang='lat' dir='ltr'><strong>scripsit,</strong></span> 
     </span>
    </p>
   </div>
   <div class='ocr_carea' id='block_1_78' title="bbox 1057 996 1633 1031">
    <p class='ocr_par' dir='ltr' id='par_1_78' title="bbox 1057 996 1633 1031">
     <span class='ocr_line' id='line_1_78' title="bbox 1057 996 1633 1031; baseline -0.005 -6"><span class='ocrx_word' id='word_1_520' title='bbox 1057 998 1163 1025; x_wconf 81' lang='lat' dir='ltr'><strong>diversa</strong></span> <span class='ocrx_word' id='word_1_521' title='bbox 1179 997 1242 1024; x_wconf 80' lang='lat' dir='ltr'><strong>alia.</strong></span> <span class='ocrx_word' id='word_1_522' title='bbox 1257 997 1321 1024; x_wconf 86' lang='lat' dir='ltr'><strong>Item</strong></span> <span class='ocrx_word' id='word_1_523' title='bbox 1335 996 1457 1031; x_wconf 79' lang='lat' dir='ltr'><strong>Origiun</strong></span> <span class='ocrx_word' id='word_1_524' title='bbox 1470 996 1633 1023; x_wconf 76' lang='lat' dir='ltr'><strong>Samiorum.</strong></span> 
     </span>
    </p>
   </div>
   <div class='ocr_carea' id='block_1_79' title="bbox 1094 1042 1853 1077">
    <p class='ocr_par' dir='ltr' id='par_1_79' title="bbox 1094 1042 1853 1077">
     <span class='ocr_line' id='line_1_79' title="bbox 1094 1042 1853 1077; baseline -0.003 -7"><span class='ocrx_word' id='word_1_525' title='bbox 1094 1044 1239 1075; x_wconf 84' lang='lat' dir='ltr'><strong>Simmias,</strong></span> <span class='ocrx_word' id='word_1_526' title='bbox 1272 1043 1437 1074; x_wconf 82' lang='lat' dir='ltr'><strong>Thebanus,</strong></span> <span class='ocrx_word' id='word_1_527' title='bbox 1465 1043 1667 1076; x_wconf 82' lang='lat' dir='ltr'><strong>philosophus.</strong></span> <span class='ocrx_word' id='word_1_528' title='bbox 1699 1042 1853 1077; x_wconf 80' lang='lat' dir='ltr'><strong>discipulus</strong></span> 
     </span>
    </p>
   </div>
   <div class='ocr_carea' id='block_1_80' title="bbox 1058 1087 1853 1124">
    <p class='ocr_par' dir='ltr' id='par_1_80' title="bbox 1058 1087 1853 1124">
     <span class='ocr_line' id='line_1_80' title="bbox 1058 1087 1853 1124; baseline -0.005 -7"><span class='ocrx_word' id='word_1_529' title='bbox 1058 1089 1190 1118; x_wconf 81' lang='lat' dir='ltr'><strong>Socratis.</strong></span> <span class='ocrx_word' id='word_1_530' title='bbox 1220 1089 1337 1124; x_wconf 83' lang='lat' dir='ltr'><strong>Scripsit</strong></span> <span class='ocrx_word' id='word_1_531' title='bbox 1362 1088 1400 1116; x_wconf 81' lang='lat' dir='ltr'><strong>De</strong></span> <span class='ocrx_word' id='word_1_532' title='bbox 1425 1089 1568 1122; x_wconf 70' lang='lat' dir='ltr'><strong>sapientia,</strong></span> <span class='ocrx_word' id='word_1_533' title='bbox 1594 1087 1632 1114; x_wconf 81' lang='lat' dir='ltr'><strong>De</strong></span> <span class='ocrx_word' id='word_1_534' title='bbox 1653 1088 1794 1120; x_wconf 75' lang='lat' dir='ltr'><strong>amicitia,</strong></span> <span class='ocrx_word' id='word_1_535' title='bbox 1818 1088 1853 1114; x_wconf 68' lang='lat' dir='ltr'><strong>De</strong></span> 
     </span>
    </p>
   </div>
   <div class='ocr_carea' id='block_1_81' title="bbox 1056 1134 1853 1169">
    <p class='ocr_par' dir='ltr' id='par_1_81' title="bbox 1056 1134 1853 1169">
     <span class='ocr_line' id='line_1_81' title="bbox 1056 1134 1853 1169; baseline -0.005 -5"><span class='ocrx_word' id='word_1_536' title='bbox 1056 1137 1176 1168; x_wconf 74' lang='lat' dir='ltr'><strong>veritate.</strong></span> <span class='ocrx_word' id='word_1_537' title='bbox 1193 1136 1232 1163; x_wconf 81' lang='lat' dir='ltr'><strong>De</strong></span> <span class='ocrx_word' id='word_1_538' title='bbox 1249 1136 1364 1166; x_wconf 75' lang='lat' dir='ltr'><strong>musica,</strong></span> <span class='ocrx_word' id='word_1_539' title='bbox 1384 1134 1420 1162; x_wconf 77' lang='lat' dir='ltr'><strong>De</strong></span> <span class='ocrx_word' id='word_1_540' title='bbox 1456 1143 1486 1161; x_wconf 86' lang='lat' dir='ltr'><strong>eo</strong></span> <span class='ocrx_word' id='word_1_541' title='bbox 1510 1134 1578 1169; x_wconf 78' lang='lat' dir='ltr'><strong>quod</strong></span> <span class='ocrx_word' id='word_1_542' title='bbox 1598 1135 1750 1168; x_wconf 74' lang='lat' dir='ltr'><strong>optandum</strong></span> <span class='ocrx_word' id='word_1_543' title='bbox 1774 1139 1814 1161; x_wconf 71' lang='lat' dir='ltr'><strong>est</strong></span> <span class='ocrx_word' id='word_1_544' title='bbox 1829 1140 1853 1160; x_wconf 67' lang='lat' dir='ltr'><strong>et</strong></span> 
     </span>
    </p>
   </div>
   <div class='ocr_carea' id='block_1_82' title="bbox 1058 1180 1848 1218">
    <p class='ocr_par' dir='ltr' id='par_1_82' title="bbox 1058 1180 1848 1218">
     <span class='ocr_line' id='line_1_82' title="bbox 1058 1180 1848 1218; baseline -0.001 -9"><span class='ocrx_word' id='word_1_545' title='bbox 1058 1183 1209 1218; x_wconf 77' lang='lat' dir='ltr'><strong>fugiendum</strong></span> <span class='ocrx_word' id='word_1_546' title='bbox 1220 1203 1227 1213; x_wconf 89' lang='lat'><strong>,</strong></span> <span class='ocrx_word' id='word_1_547' title='bbox 1249 1181 1285 1208; x_wconf 78' lang='lat' dir='ltr'><strong>De</strong></span> <span class='ocrx_word' id='word_1_548' title='bbox 1300 1190 1365 1208; x_wconf 81' lang='lat' dir='ltr'><strong>cura</strong></span> <span class='ocrx_word' id='word_1_549' title='bbox 1376 1182 1484 1212; x_wconf 72' lang='lat' dir='ltr'><strong>anintte,</strong></span> <span class='ocrx_word' id='word_1_550' title='bbox 1501 1181 1565 1207; x_wconf 88' lang='lat' dir='ltr'><strong>item</strong></span> <span class='ocrx_word' id='word_1_551' title='bbox 1578 1181 1630 1207; x_wconf 79' lang='lat' dir='ltr'><strong>alia</strong></span> <span class='ocrx_word' id='word_1_552' title='bbox 1647 1180 1848 1215; x_wconf 65' lang='lat' dir='ltr'><strong>philosophia.</strong></span> 
     </span>
    </p>
   </div>
   <div class='ocr_carea' id='block_1_83' title="bbox 1094 1225 1849 1262">
    <p class='ocr_par' dir='ltr' id='par_1_83' title="bbox 1094 1225 1849 1262">
     <span class='ocr_line' id='line_1_83' title="bbox 1094 1225 1849 1262; baseline -0.003 -7"><span class='ocrx_word' id='word_1_553' title='bbox 1094 1228 1268 1258; x_wconf 85' lang='lat' dir='ltr'><strong>Simocattes,</strong></span> <span class='ocrx_word' id='word_1_554' title='bbox 1287 1234 1438 1262; x_wconf 76' lang='lat' dir='ltr'><strong>cognomen</strong></span> <span class='ocrx_word' id='word_1_555' title='bbox 1465 1225 1660 1261; x_wconf 90' lang='lat' dir='ltr'><strong>Theophylacti</strong></span> <span class='ocrx_word' id='word_1_556' title='bbox 1681 1225 1849 1254; x_wconf 72' lang='lat' dir='ltr'><strong>Simocattz.</strong></span> 
     </span>
    </p>
   </div>
   <div class='ocr_carea' id='block_1_84' title="bbox 1092 1270 1849 1312">
    <p class='ocr_par' dir='ltr' id='par_1_84' title="bbox 1092 1270 1849 1312">
     <span class='ocr_line' id='line_1_84' title="bbox 1092 1270 1849 1312; baseline 0.001 -13"><span class='ocrx_word' id='word_1_557' title='bbox 1092 1272 1258 1304; x_wconf 87' lang='lat' dir='ltr'><strong>Simonides,</strong></span> <span class='ocrx_word' id='word_1_558' title='bbox 1276 1271 1421 1312; x_wconf 55' lang='lat' dir='ltr'><strong>Leoprqis</strong></span> <span class='ocrx_word' id='word_1_559' title='bbox 1436 1271 1480 1303; x_wconf 66' lang='grc' dir='ltr'><strong>ιε’..</strong></span> <span class='ocrx_word' id='word_1_560' title='bbox 1494 1270 1617 1301; x_wconf 77' lang='lat' dir='ltr'><strong>Julietes,</strong></span> <span class='ocrx_word' id='word_1_561' title='bbox 1631 1279 1665 1298; x_wconf 82' lang='lat' dir='ltr'><strong>ex</strong></span> <span class='ocrx_word' id='word_1_562' title='bbox 1685 1270 1790 1303; x_wconf 83' lang='lat' dir='ltr'><strong>Julide,</strong></span> <span class='ocrx_word' id='word_1_563' title='bbox 1807 1271 1849 1300; x_wconf 73' lang='lat' dir='ltr'><strong>Cri</strong></span> 
     </span>
    </p>
   </div>
   <div class='ocr_carea' id='block_1_85' title="bbox 1058 1317 1849 1353">
    <p class='ocr_par' dir='ltr' id='par_1_85' title="bbox 1058 1317 1849 1353">
     <span class='ocr_line' id='line_1_85' title="bbox 1058 1317 1849 1353; baseline -0.004 -6"><span class='ocrx_word' id='word_1_564' title='bbox 1058 1319 1163 1351; x_wconf 65' lang='lat' dir='ltr'><strong>insulae,</strong></span> <span class='ocrx_word' id='word_1_565' title='bbox 1187 1319 1296 1346; x_wconf 84' lang='lat' dir='ltr'><strong>civitate</strong></span> <span class='ocrx_word' id='word_1_566' title='bbox 1308 1339 1316 1352; x_wconf 89' lang='lat'><strong>,</strong></span> <span class='ocrx_word' id='word_1_567' title='bbox 1335 1319 1453 1353; x_wconf 90' lang='lat' dir='ltr'><strong>lyricus,</strong></span> <span class='ocrx_word' id='word_1_568' title='bbox 1470 1317 1626 1345; x_wconf 87' lang='lat' dir='ltr'><strong>Stesichoro</strong></span> <span class='ocrx_word' id='word_1_569' title='bbox 1651 1319 1809 1351; x_wconf 84' lang='lat' dir='ltr'><strong>posterior,</strong></span> <span class='ocrx_word' id='word_1_570' title='bbox 1825 1324 1849 1345; x_wconf 83' lang='lat' dir='ltr'><strong>et</strong></span> 
     </span>
    </p>
   </div>
   <div class='ocr_carea' id='block_1_86' title="bbox 1057 1363 1849 1400">
    <p class='ocr_par' dir='ltr' id='par_1_86' title="bbox 1057 1363 1849 1400">
     <span class='ocr_line' id='line_1_86' title="bbox 1057 1363 1849 1400; baseline -0.001 -9"><span class='ocrx_word' id='word_1_571' title='bbox 1057 1365 1265 1400; x_wconf 79' lang='lat' dir='ltr'><strong>cognominatur</strong></span> <span class='ocrx_word' id='word_1_572' title='bbox 1292 1363 1437 1390; x_wconf 65' lang='lat' dir='ltr'><strong>Melicerta</strong></span> <span class='ocrx_word' id='word_1_573' title='bbox 1464 1367 1573 1397; x_wconf 88' lang='lat' dir='ltr'><strong>propter</strong></span> <span class='ocrx_word' id='word_1_574' title='bbox 1597 1363 1777 1389; x_wconf 79' lang='lat' dir='ltr'><strong>suavitatem.</strong></span> <span class='ocrx_word' id='word_1_575' title='bbox 1805 1363 1849 1390; x_wconf 79' lang='lat' dir='ltr'><strong>Hic</strong></span> 
     </span>
    </p>
   </div>
   <div class='ocr_carea' id='block_1_87' title="bbox 1058 1406 1850 1442">
    <p class='ocr_par' dir='ltr' id='par_1_87' title="bbox 1058 1406 1850 1442">
     <span class='ocr_line' id='line_1_87' title="bbox 1058 1406 1850 1442; baseline -0.001 -7"><span class='ocrx_word' id='word_1_576' title='bbox 1058 1415 1144 1436; x_wconf 86' lang='lat' dir='ltr'><strong>artem</strong></span> <span class='ocrx_word' id='word_1_577' title='bbox 1162 1408 1301 1435; x_wconf 69' lang='lat' dir='ltr'><strong>memorim</strong></span> <span class='ocrx_word' id='word_1_578' title='bbox 1317 1407 1429 1439; x_wconf 71' lang='lat' dir='ltr'><strong>invenit,</strong></span> <span class='ocrx_word' id='word_1_579' title='bbox 1447 1407 1565 1440; x_wconf 88' lang='lat' dir='ltr'><strong>itemque</strong></span> <span class='ocrx_word' id='word_1_580' title='bbox 1584 1406 1691 1433; x_wconf 87' lang='lat' dir='ltr'><strong>litteras</strong></span> <span class='ocrx_word' id='word_1_581' title='bbox 1717 1406 1813 1442; x_wconf 70' lang='lat' dir='ltr'><strong>longas</strong></span> <span class='ocrx_word' id='word_1_582' title='bbox 1827 1413 1850 1434; x_wconf 78' lang='lat' dir='ltr'><strong>et</strong></span> 
     </span>
    </p>
   </div>
   <div class='ocr_carea' id='block_1_88' title="bbox 1057 1452 1847 1489">
    <p class='ocr_par' dir='ltr' id='par_1_88' title="bbox 1057 1452 1847 1489">
     <span class='ocr_line' id='line_1_88' title="bbox 1057 1452 1847 1489; baseline -0.003 -7"><span class='ocrx_word' id='word_1_583' title='bbox 1057 1455 1177 1489; x_wconf 83' lang='lat' dir='ltr'><strong>duplices</strong></span> <span class='ocrx_word' id='word_1_584' title='bbox 1188 1458 1214 1481; x_wconf 86' lang='lat' dir='ltr'><strong>et</strong></span> <span class='ocrx_word' id='word_1_585' title='bbox 1227 1453 1334 1480; x_wconf 90' lang='lat' dir='ltr'><strong>tertimn</strong></span> <span class='ocrx_word' id='word_1_586' title='bbox 1346 1460 1443 1480; x_wconf 89' lang='lat' dir='ltr'><strong>sonutn</strong></span> <span class='ocrx_word' id='word_1_587' title='bbox 1453 1452 1527 1487; x_wconf 51' lang='lat' dir='ltr'><strong>lyrae.</strong></span> <span class='ocrx_word' id='word_1_588' title='bbox 1539 1452 1612 1479; x_wconf 80' lang='lat' dir='ltr'><strong>Vixit</strong></span> <span class='ocrx_word' id='word_1_589' title='bbox 1621 1452 1788 1488; x_wconf 81' lang='lat' dir='ltr'><strong>Olympiade</strong></span> <span class='ocrx_word' id='word_1_590' title='bbox 1798 1454 1847 1486; x_wconf 79' lang='lat' dir='ltr'><strong>LV,</strong></span> 
     </span>
    </p>
   </div>
   <div class='ocr_carea' id='block_1_89' title="bbox 1056 1497 1849 1535">
    <p class='ocr_par' dir='ltr' id='par_1_89' title="bbox 1056 1497 1849 1535">
     <span class='ocr_line' id='line_1_89' title="bbox 1056 1497 1849 1535; baseline 0 -8"><span class='ocrx_word' id='word_1_591' title='bbox 1056 1501 1181 1535; x_wconf 83' lang='lat' dir='ltr'><strong>quamvis</strong></span> <span class='ocrx_word' id='word_1_592' title='bbox 1195 1500 1239 1527; x_wconf 85' lang='lat' dir='ltr'><strong>alii</strong></span> <span class='ocrx_word' id='word_1_593' title='bbox 1253 1507 1315 1526; x_wconf 90' lang='lat' dir='ltr'><strong>eum</strong></span> <span class='ocrx_word' id='word_1_594' title='bbox 1333 1499 1365 1526; x_wconf 86' lang='lat' dir='ltr'><strong>ad</strong></span> <span class='ocrx_word' id='word_1_595' title='bbox 1381 1498 1488 1533; x_wconf 87' lang='lat' dir='ltr'><strong>Olymp.</strong></span> <span class='ocrx_word' id='word_1_596' title='bbox 1515 1497 1596 1530; x_wconf 73' lang='lat' dir='ltr'><strong>LXII,</strong></span> <span class='ocrx_word' id='word_1_597' title='bbox 1615 1499 1748 1526; x_wconf 86' lang='lat' dir='ltr'><strong>referant.</strong></span> <span class='ocrx_word' id='word_1_598' title='bbox 1762 1499 1849 1527; x_wconf 72' lang='lat' dir='ltr'><strong>Vit:</strong></span> 
     </span>
    </p>
   </div>
   <div class='ocr_carea' id='block_1_90' title="bbox 1057 1544 1851 1580">
    <p class='ocr_par' dir='ltr' id='par_1_90' title="bbox 1057 1544 1851 1580">
     <span class='ocr_line' id='line_1_90' title="bbox 1057 1544 1851 1580; baseline -0.003 -6"><span class='ocrx_word' id='word_1_599' title='bbox 1057 1547 1177 1574; x_wconf 79' lang='lat' dir='ltr'><strong>extendit</strong></span> <span class='ocrx_word' id='word_1_600' title='bbox 1192 1553 1278 1580; x_wconf 83' lang='lat' dir='ltr'><strong>usque</strong></span> <span class='ocrx_word' id='word_1_601' title='bbox 1293 1546 1324 1572; x_wconf 90' lang='lat' dir='ltr'><strong>ad</strong></span> <span class='ocrx_word' id='word_1_602' title='bbox 1336 1545 1523 1580; x_wconf 88' lang='lat' dir='ltr'><strong>Olympiadem</strong></span> <span class='ocrx_word' id='word_1_603' title='bbox 1541 1544 1683 1576; x_wconf 71' lang='lat' dir='ltr'><strong>LXXVIII,</strong></span> <span class='ocrx_word' id='word_1_604' title='bbox 1692 1554 1851 1580; x_wconf 77' lang='lat' dir='ltr'><strong>mniumque</strong></span> 
     </span>
    </p>
   </div>
   <div class='ocr_carea' id='block_1_91' title="bbox 1057 1589 1848 1625">
    <p class='ocr_par' dir='ltr' id='par_1_91' title="bbox 1057 1589 1848 1625">
     <span class='ocr_line' id='line_1_91' title="bbox 1057 1589 1848 1625; baseline -0.004 -6"><span class='ocrx_word' id='word_1_605' title='bbox 1057 1591 1146 1619; x_wconf 59' lang='lat' dir='ltr'><strong>aetatis</strong></span> <span class='ocrx_word' id='word_1_606' title='bbox 1174 1589 1317 1622; x_wconf 69' lang='lat' dir='ltr'><strong>LXXXIX,</strong></span> <span class='ocrx_word' id='word_1_607' title='bbox 1345 1591 1443 1625; x_wconf 79' lang='lat' dir='ltr'><strong>attigit.</strong></span> <span class='ocrx_word' id='word_1_608' title='bbox 1471 1590 1569 1616; x_wconf 87' lang='lat' dir='ltr'><strong>Dorica</strong></span> <span class='ocrx_word' id='word_1_609' title='bbox 1593 1590 1713 1617; x_wconf 79' lang='lat' dir='ltr'><strong>dialecto</strong></span> <span class='ocrx_word' id='word_1_610' title='bbox 1736 1590 1848 1624; x_wconf 78' lang='lat' dir='ltr'><strong>Regnum</strong></span> 
     </span>
    </p>
   </div>
   <div class='ocr_carea' id='block_1_92' title="bbox 1058 1634 1849 1671">
    <p class='ocr_par' dir='ltr' id='par_1_92' title="bbox 1058 1634 1849 1671">
     <span class='ocr_line' id='line_1_92' title="bbox 1058 1634 1849 1671; baseline -0.001 -8"><span class='ocrx_word' id='word_1_611' title='bbox 1058 1636 1195 1671; x_wconf 72' lang='lat' dir='ltr'><strong>Cambysis</strong></span> <span class='ocrx_word' id='word_1_612' title='bbox 1220 1641 1243 1662; x_wconf 79' lang='lat' dir='ltr'><strong>et</strong></span> <span class='ocrx_word' id='word_1_613' title='bbox 1262 1635 1336 1662; x_wconf 80' lang='lat' dir='ltr'><strong>Darii</strong></span> <span class='ocrx_word' id='word_1_614' title='bbox 1352 1635 1510 1669; x_wconf 81' lang='lat' dir='ltr'><strong>descripsit.</strong></span> <span class='ocrx_word' id='word_1_615' title='bbox 1529 1634 1594 1661; x_wconf 86' lang='lat' dir='ltr'><strong>Item</strong></span> <span class='ocrx_word' id='word_1_616' title='bbox 1615 1634 1747 1661; x_wconf 62' lang='lat' dir='ltr'><strong>Prndium</strong></span> <span class='ocrx_word' id='word_1_617' title='bbox 1762 1636 1849 1662; x_wconf 72' lang='lat' dir='ltr'><strong>nauale</strong></span> 
     </span>
    </p>
   </div>
   <div class='ocr_carea' id='block_1_93' title="bbox 1058 1678 1848 1710">
    <p class='ocr_par' dir='ltr' id='par_1_93' title="bbox 1058 1678 1848 1710">
     <span class='ocr_line' id='line_1_93' title="bbox 1058 1678 1848 1710; baseline 0.003 -5"><span class='ocrx_word' id='word_1_618' title='bbox 1058 1678 1170 1710; x_wconf 70' lang='lat' dir='ltr'><strong>Xerxis,</strong></span> <span class='ocrx_word' id='word_1_619' title='bbox 1187 1684 1212 1706; x_wconf 91' lang='lat' dir='ltr'><strong>et</strong></span> <span class='ocrx_word' id='word_1_620' title='bbox 1226 1679 1353 1706; x_wconf 70' lang='lat' dir='ltr'><strong>Prwlium</strong></span> <span class='ocrx_word' id='word_1_621' title='bbox 1371 1679 1464 1705; x_wconf 77' lang='lat' dir='ltr'><strong>navale</strong></span> <span class='ocrx_word' id='word_1_622' title='bbox 1481 1679 1515 1704; x_wconf 78' lang='lat' dir='ltr'><strong>ad</strong></span> <span class='ocrx_word' id='word_1_623' title='bbox 1528 1679 1710 1709; x_wconf 72' lang='lat' dir='ltr'><strong>Artemisium,</strong></span> <span class='ocrx_word' id='word_1_624' title='bbox 1728 1680 1848 1707; x_wconf 83' lang='lat' dir='ltr'><strong>versibus</strong></span> 
     </span>
    </p>
   </div>
   <div class='ocr_carea' id='block_1_94' title="bbox 1058 1722 1847 1757">
    <p class='ocr_par' dir='ltr' id='par_1_94' title="bbox 1058 1722 1847 1757">
     <span class='ocr_line' id='line_1_94' title="bbox 1058 1722 1847 1757; baseline -0.001 -7"><span class='ocrx_word' id='word_1_625' title='bbox 1058 1723 1204 1757; x_wconf 66' lang='lat' dir='ltr'><strong>elegiae-is;</strong></span> <span class='ocrx_word' id='word_1_626' title='bbox 1219 1722 1345 1749; x_wconf 73' lang='lat' dir='ltr'><strong>Prwlium</strong></span> <span class='ocrx_word' id='word_1_627' title='bbox 1362 1723 1424 1749; x_wconf 84' lang='lat' dir='ltr'><strong>item</strong></span> <span class='ocrx_word' id='word_1_628' title='bbox 1443 1723 1476 1748; x_wconf 78' lang='lat' dir='ltr'><strong>ad</strong></span> <span class='ocrx_word' id='word_1_629' title='bbox 1493 1722 1632 1750; x_wconf 77' lang='lat' dir='ltr'><strong>Salamina</strong></span> <span class='ocrx_word' id='word_1_630' title='bbox 1648 1723 1778 1750; x_wconf 73' lang='lat' dir='ltr'><strong>versibus</strong></span> <span class='ocrx_word' id='word_1_631' title='bbox 1795 1730 1847 1749; x_wconf 86' lang='lat' dir='ltr'><strong>me-</strong></span> 
     </span>
    </p>
   </div>
   <div class='ocr_carea' id='block_1_95' title="bbox 1059 1767 1847 1802">
    <p class='ocr_par' dir='ltr' id='par_1_95' title="bbox 1059 1767 1847 1802">
     <span class='ocr_line' id='line_1_95' title="bbox 1059 1767 1847 1802; baseline -0.001 -7"><span class='ocrx_word' id='word_1_632' title='bbox 1059 1769 1127 1796; x_wconf 87' lang='lat' dir='ltr'><strong>Iicis.</strong></span> <span class='ocrx_word' id='word_1_633' title='bbox 1146 1769 1186 1795; x_wconf 84' lang='lat' dir='ltr'><strong>Ad</strong></span> <span class='ocrx_word' id='word_1_634' title='bbox 1202 1769 1258 1796; x_wconf 72' lang='lat' dir='ltr'><strong>hanc</strong></span> <span class='ocrx_word' id='word_1_635' title='bbox 1276 1769 1386 1802; x_wconf 78' lang='lat' dir='ltr'><strong>scripsit</strong></span> <span class='ocrx_word' id='word_1_636' title='bbox 1402 1768 1529 1800; x_wconf 75' lang='lat' dir='ltr'><strong>Tltrenor,</strong></span> <span class='ocrx_word' id='word_1_637' title='bbox 1547 1767 1688 1798; x_wconf 75' lang='lat' dir='ltr'><strong>Encomt’u.</strong></span> <span class='ocrx_word' id='word_1_638' title='bbox 1707 1768 1847 1802; x_wconf 80' lang='lat' dir='ltr'><strong>Epigram-</strong></span> 
     </span>
    </p>
   </div>
   <div class='ocr_carea' id='block_1_96' title="bbox 1059 1814 1846 1848">
    <p class='ocr_par' dir='ltr' id='par_1_96' title="bbox 1059 1814 1846 1848">
     <span class='ocr_line' id='line_1_96' title="bbox 1059 1814 1846 1848; baseline 0.001 -7"><span class='ocrx_word' id='word_1_639' title='bbox 1059 1819 1142 1846; x_wconf 79' lang='lat' dir='ltr'><strong>mata,</strong></span> <span class='ocrx_word' id='word_1_640' title='bbox 1155 1814 1279 1846; x_wconf 76' lang='lat' dir='ltr'><strong>Pwanes,</strong></span> <span class='ocrx_word' id='word_1_641' title='bbox 1290 1814 1487 1848; x_wconf 71' lang='lat' dir='ltr'><strong>Tragwdiar,et</strong></span> <span class='ocrx_word' id='word_1_642' title='bbox 1499 1815 1563 1841; x_wconf 86' lang='lat' dir='ltr'><strong>alia.</strong></span> <span class='ocrx_word' id='word_1_643' title='bbox 1579 1815 1629 1841; x_wconf 85' lang='lat' dir='ltr'><strong>Ilic</strong></span> <span class='ocrx_word' id='word_1_644' title='bbox 1642 1815 1811 1848; x_wconf 83' lang='lat' dir='ltr'><strong>SimOnides,</strong></span> <span class='ocrx_word' id='word_1_645' title='bbox 1827 1816 1846 1843; x_wconf 80' lang='lat' dir='ltr'><strong>si</strong></span> 
     </span>
    </p>
   </div>
   <div class='ocr_carea' id='block_1_97' title="bbox 1059 1860 1848 1895">
    <p class='ocr_par' dir='ltr' id='par_1_97' title="bbox 1059 1860 1848 1895">
     <span class='ocr_line' id='line_1_97' title="bbox 1059 1860 1848 1895; baseline 0.001 -8"><span class='ocrx_word' id='word_1_646' title='bbox 1059 1861 1121 1895; x_wconf 81' lang='lat' dir='ltr'><strong>quis</strong></span> <span class='ocrx_word' id='word_1_647' title='bbox 1140 1861 1226 1892; x_wconf 88' lang='lat' dir='ltr'><strong>alius,</strong></span> <span class='ocrx_word' id='word_1_648' title='bbox 1243 1861 1374 1888; x_wconf 89' lang='lat' dir='ltr'><strong>memoria</strong></span> <span class='ocrx_word' id='word_1_649' title='bbox 1395 1860 1514 1895; x_wconf 87' lang='lat' dir='ltr'><strong>pollebat</strong></span> <span class='ocrx_word' id='word_1_650' title='bbox 1530 1869 1536 1887; x_wconf 88' lang='lat'><strong>:</strong></span> <span class='ocrx_word' id='word_1_651' title='bbox 1550 1861 1573 1888; x_wconf 89' lang='lat' dir='ltr'><strong>ci</strong></span> <span class='ocrx_word' id='word_1_652' title='bbox 1589 1868 1654 1888; x_wconf 89' lang='lat' dir='ltr'><strong>vero</strong></span> <span class='ocrx_word' id='word_1_653' title='bbox 1677 1862 1780 1889; x_wconf 86' lang='lat' dir='ltr'><strong>similis</strong></span> <span class='ocrx_word' id='word_1_654' title='bbox 1795 1868 1848 1888; x_wconf 81' lang='lat' dir='ltr'><strong>erat</strong></span> 
     </span>
    </p>
   </div>
   <div class='ocr_carea' id='block_1_98' title="bbox 1059 1906 1847 1942">
    <p class='ocr_par' dir='ltr' id='par_1_98' title="bbox 1059 1906 1847 1942">
     <span class='ocr_line' id='line_1_98' title="bbox 1059 1906 1847 1942; baseline 0 -8"><span class='ocrx_word' id='word_1_655' title='bbox 1059 1907 1230 1942; x_wconf 83' lang='lat' dir='ltr'><strong>Apollonius,</strong></span> <span class='ocrx_word' id='word_1_656' title='bbox 1244 1907 1291 1942; x_wconf 92' lang='lat' dir='ltr'><strong>qui</strong></span> <span class='ocrx_word' id='word_1_657' title='bbox 1307 1911 1337 1933; x_wconf 91' lang='lat' dir='ltr'><strong>ut</strong></span> <span class='ocrx_word' id='word_1_658' title='bbox 1356 1906 1503 1941; x_wconf 85' lang='lat' dir='ltr'><strong>plurimum</strong></span> <span class='ocrx_word' id='word_1_659' title='bbox 1519 1907 1628 1941; x_wconf 76' lang='lat' dir='ltr'><strong>quidem</strong></span> <span class='ocrx_word' id='word_1_660' title='bbox 1644 1907 1757 1938; x_wconf 84' lang='lat' dir='ltr'><strong>silebat,</strong></span> <span class='ocrx_word' id='word_1_661' title='bbox 1771 1908 1847 1934; x_wconf 77' lang='lat' dir='ltr'><strong>multa</strong></span> 
     </span>
    </p>
   </div>
   <div class='ocr_carea' id='block_1_99' title="bbox 1059 1953 1848 1985">
    <p class='ocr_par' dir='ltr' id='par_1_99' title="bbox 1059 1953 1848 1985">
     <span class='ocr_line' id='line_1_99' title="bbox 1059 1953 1848 1985; baseline 0 -5"><span class='ocrx_word' id='word_1_662' title='bbox 1059 1961 1123 1982; x_wconf 89' lang='lat' dir='ltr'><strong>vero</strong></span> <span class='ocrx_word' id='word_1_663' title='bbox 1149 1958 1238 1980; x_wconf 89' lang='lat' dir='ltr'><strong>mente</strong></span> <span class='ocrx_word' id='word_1_664' title='bbox 1259 1953 1403 1985; x_wconf 84' lang='lat' dir='ltr'><strong>versabat;</strong></span> <span class='ocrx_word' id='word_1_665' title='bbox 1420 1957 1447 1979; x_wconf 89' lang='lat' dir='ltr'><strong>et</strong></span> <span class='ocrx_word' id='word_1_666' title='bbox 1475 1960 1537 1979; x_wconf 88' lang='lat' dir='ltr'><strong>cum</strong></span> <span class='ocrx_word' id='word_1_667' title='bbox 1561 1953 1741 1979; x_wconf 85' lang='lat' dir='ltr'><strong>centesimum</strong></span> <span class='ocrx_word' id='word_1_668' title='bbox 1765 1955 1848 1981; x_wconf 61' lang='lat' dir='ltr'><strong>aetath</strong></span> 
     </span>
    </p>
   </div>
   <div class='ocr_carea' id='block_1_100' title="bbox 1058 1998 1846 2033">
    <p class='ocr_par' dir='ltr' id='par_1_100' title="bbox 1058 1998 1846 2033">
     <span class='ocr_line' id='line_1_100' title="bbox 1058 1998 1846 2033; baseline -0.004 -6"><span class='ocrx_word' id='word_1_669' title='bbox 1058 2007 1160 2027; x_wconf 85' lang='lat' dir='ltr'><strong>annum</strong></span> <span class='ocrx_word' id='word_1_670' title='bbox 1183 2003 1290 2033; x_wconf 78' lang='lat' dir='ltr'><strong>ageret,</strong></span> <span class='ocrx_word' id='word_1_671' title='bbox 1307 1999 1446 2026; x_wconf 69' lang='lat' dir='ltr'><strong>memoria:</strong></span> <span class='ocrx_word' id='word_1_672' title='bbox 1472 1998 1599 2025; x_wconf 80' lang='lat' dir='ltr'><strong>ﬁrmitate</strong></span> <span class='ocrx_word' id='word_1_673' title='bbox 1626 1999 1715 2032; x_wconf 87' lang='lat' dir='ltr'><strong>ipsum</strong></span> <span class='ocrx_word' id='word_1_674' title='bbox 1733 1999 1846 2025; x_wconf 86' lang='lat' dir='ltr'><strong>Simoni-</strong></span> 
     </span>
    </p>
   </div>
   <div class='ocr_carea' id='block_1_101' title="bbox 1058 2044 1846 2080">
    <p class='ocr_par' dir='ltr' id='par_1_101' title="bbox 1058 2044 1846 2080">
     <span class='ocr_line' id='line_1_101' title="bbox 1058 2044 1846 2080; baseline -0.003 -7"><span class='ocrx_word' id='word_1_675' title='bbox 1058 2047 1118 2074; x_wconf 91' lang='lat' dir='ltr'><strong>dem</strong></span> <span class='ocrx_word' id='word_1_676' title='bbox 1138 2046 1293 2080; x_wconf 86' lang='lat' dir='ltr'><strong>superabat.</strong></span> <span class='ocrx_word' id='word_1_677' title='bbox 1314 2046 1386 2072; x_wconf 86' lang='lat' dir='ltr'><strong>Idem</strong></span> <span class='ocrx_word' id='word_1_678' title='bbox 1400 2046 1481 2072; x_wconf 80' lang='lat' dir='ltr'><strong>etiam</strong></span> <span class='ocrx_word' id='word_1_679' title='bbox 1498 2045 1632 2079; x_wconf 80' lang='lat' dir='ltr'><strong>Hyumum</strong></span> <span class='ocrx_word' id='word_1_680' title='bbox 1650 2046 1678 2071; x_wconf 82' lang='lat' dir='ltr'><strong>in</strong></span> <span class='ocrx_word' id='word_1_681' title='bbox 1695 2044 1846 2072; x_wconf 72' lang='lat' dir='ltr'><strong>Memorium</strong></span> 
     </span>
    </p>
   </div>
   <div class='ocr_carea' id='block_1_102' title="bbox 1058 2091 1844 2125">
    <p class='ocr_par' dir='ltr' id='par_1_102' title="bbox 1058 2091 1844 2125">
     <span class='ocr_line' id='line_1_102' title="bbox 1058 2091 1844 2125; baseline -0.004 -6"><span class='ocrx_word' id='word_1_682' title='bbox 1058 2091 1184 2123; x_wconf 82' lang='lat' dir='ltr'><strong>canebat,</strong></span> <span class='ocrx_word' id='word_1_683' title='bbox 1204 2091 1231 2118; x_wconf 90' lang='lat' dir='ltr'><strong>in</strong></span> <span class='ocrx_word' id='word_1_684' title='bbox 1253 2099 1308 2125; x_wconf 86' lang='lat' dir='ltr'><strong>quo</strong></span> <span class='ocrx_word' id='word_1_685' title='bbox 1328 2091 1395 2118; x_wconf 87' lang='lat' dir='ltr'><strong>dicit</strong></span> <span class='ocrx_word' id='word_1_686' title='bbox 1416 2091 1508 2117; x_wconf 83' lang='lat' dir='ltr'><strong>omnia</strong></span> <span class='ocrx_word' id='word_1_687' title='bbox 1529 2099 1543 2116; x_wconf 69' lang='grc' dir='ltr'><strong>ει</strong></span> <span class='ocrx_word' id='word_1_688' title='bbox 1568 2095 1690 2124; x_wconf 89' lang='lat' dir='ltr'><strong>tempore</strong></span> <span class='ocrx_word' id='word_1_689' title='bbox 1714 2092 1844 2119; x_wconf 80' lang='lat' dir='ltr'><strong>consumi.</strong></span> 
     </span>
    </p>
   </div>
   <div class='ocr_carea' id='block_1_103' title="bbox 1058 2136 1844 2172">
    <p class='ocr_par' dir='ltr' id='par_1_103' title="bbox 1058 2136 1844 2172">
     <span class='ocr_line' id='line_1_103' title="bbox 1058 2136 1844 2172; baseline -0.004 -8"><span class='ocrx_word' id='word_1_690' title='bbox 1058 2137 1147 2172; x_wconf 88' lang='lat' dir='ltr'><strong>ipsutn</strong></span> <span class='ocrx_word' id='word_1_691' title='bbox 1158 2143 1223 2163; x_wconf 86' lang='lat' dir='ltr'><strong>vero</strong></span> <span class='ocrx_word' id='word_1_692' title='bbox 1245 2141 1351 2170; x_wconf 80' lang='lat' dir='ltr'><strong>tempus</strong></span> <span class='ocrx_word' id='word_1_693' title='bbox 1366 2136 1498 2162; x_wconf 79' lang='lat' dir='ltr'><strong>beneﬁcio</strong></span> <span class='ocrx_word' id='word_1_694' title='bbox 1514 2136 1654 2163; x_wconf 67' lang='lat' dir='ltr'><strong>memoria:</strong></span> <span class='ocrx_word' id='word_1_695' title='bbox 1665 2143 1767 2170; x_wconf 81' lang='lat' dir='ltr'><strong>expers</strong></span> <span class='ocrx_word' id='word_1_696' title='bbox 1782 2136 1844 2162; x_wconf 68' lang='lat' dir='ltr'><strong>senui</strong></span> 
     </span>
    </p>
   </div>
   <div class='ocr_carea' id='block_1_104' title="bbox 1058 2181 1844 2217">
    <p class='ocr_par' dir='ltr' id='par_1_104' title="bbox 1058 2181 1844 2217">
     <span class='ocr_line' id='line_1_104' title="bbox 1058 2181 1844 2217; baseline -0.003 -7"><span class='ocrx_word' id='word_1_697' title='bbox 1058 2189 1085 2211; x_wconf 90' lang='lat' dir='ltr'><strong>et</strong></span> <span class='ocrx_word' id='word_1_698' title='bbox 1109 2183 1261 2210; x_wconf 88' lang='lat' dir='ltr'><strong>immortale</strong></span> <span class='ocrx_word' id='word_1_699' title='bbox 1288 2190 1358 2209; x_wconf 82' lang='lat' dir='ltr'><strong>esse.</strong></span> <span class='ocrx_word' id='word_1_700' title='bbox 1385 2181 1433 2208; x_wconf 86' lang='lat' dir='ltr'><strong>IIie</strong></span> <span class='ocrx_word' id='word_1_701' title='bbox 1462 2183 1567 2217; x_wconf 89' lang='lat' dir='ltr'><strong>primus</strong></span> <span class='ocrx_word' id='word_1_702' title='bbox 1589 2189 1700 2209; x_wconf 87' lang='lat' dir='ltr'><strong>carmen</strong></span> <span class='ocrx_word' id='word_1_703' title='bbox 1728 2181 1844 2209; x_wconf 76' lang='lat' dir='ltr'><strong>mercede</strong></span> 
     </span>
    </p>
   </div>
   <div class='ocr_carea' id='block_1_105' title="bbox 1018 2227 1842 2264">
    <p class='ocr_par' dir='ltr' id='par_1_105' title="bbox 1018 2227 1842 2264">
     <span class='ocr_line' id='line_1_105' title="bbox 1018 2227 1842 2264; baseline -0.005 -7"><span class='ocrx_word' id='word_1_704' title='bbox 1018 2233 1044 2263; x_wconf 88' lang='lat' dir='ltr'><strong>D</strong></span> <span class='ocrx_word' id='word_1_705' title='bbox 1058 2229 1204 2264; x_wconf 82' lang='lat' dir='ltr'><strong>scripsisse</strong></span> <span class='ocrx_word' id='word_1_706' title='bbox 1218 2229 1327 2255; x_wconf 86' lang='lat' dir='ltr'><strong>dicitur.</strong></span> <span class='ocrx_word' id='word_1_707' title='bbox 1346 2227 1470 2255; x_wconf 84' lang='lat' dir='ltr'><strong>Habebat</strong></span> <span class='ocrx_word' id='word_1_708' title='bbox 1488 2229 1561 2255; x_wconf 89' lang='lat' dir='ltr'><strong>enim</strong></span> <span class='ocrx_word' id='word_1_709' title='bbox 1579 2228 1647 2254; x_wconf 85' lang='lat' dir='ltr'><strong>duas</strong></span> <span class='ocrx_word' id='word_1_710' title='bbox 1661 2235 1753 2259; x_wconf 85' lang='lat' dir='ltr'><strong>arcas,</strong></span> <span class='ocrx_word' id='word_1_711' title='bbox 1770 2235 1842 2254; x_wconf 88' lang='lat' dir='ltr'><strong>unam</strong></span> 
     </span>
    </p>
   </div>
   <div class='ocr_carea' id='block_1_106' title="bbox 1057 2274 1842 2310">
    <p class='ocr_par' dir='ltr' id='par_1_106' title="bbox 1057 2274 1842 2310">
     <span class='ocr_line' id='line_1_106' title="bbox 1057 2274 1842 2310; baseline -0.003 -7"><span class='ocrx_word' id='word_1_712' title='bbox 1057 2277 1205 2310; x_wconf 78' lang='lat' dir='ltr'><strong>gratiarum</strong></span> <span class='ocrx_word' id='word_1_713' title='bbox 1219 2282 1343 2307; x_wconf 87' lang='lat' dir='ltr'><strong>vacuam,</strong></span> <span class='ocrx_word' id='word_1_714' title='bbox 1370 2275 1483 2301; x_wconf 83' lang='lat' dir='ltr'><strong>alteram</strong></span> <span class='ocrx_word' id='word_1_715' title='bbox 1494 2274 1650 2309; x_wconf 80' lang='lat' dir='ltr'><strong>(mercedis)</strong></span> <span class='ocrx_word' id='word_1_716' title='bbox 1665 2275 1784 2308; x_wconf 85' lang='lat' dir='ltr'><strong>plenam,</strong></span> <span class='ocrx_word' id='word_1_717' title='bbox 1796 2279 1842 2301; x_wconf 83' lang='lat' dir='ltr'><strong>etc-</strong></span> 
     </span>
    </p>
   </div>
   <div class='ocr_carea' id='block_1_107' title="bbox 1057 2321 1796 2357">
    <p class='ocr_par' dir='ltr' id='par_1_107' title="bbox 1057 2321 1796 2357">
     <span class='ocr_line' id='line_1_107' title="bbox 1057 2321 1796 2357; baseline -0.001 -8"><span class='ocrx_word' id='word_1_718' title='bbox 1057 2322 1122 2357; x_wconf 88' lang='lat' dir='ltr'><strong>Ejus</strong></span> <span class='ocrx_word' id='word_1_719' title='bbox 1138 2323 1239 2350; x_wconf 91' lang='lat' dir='ltr'><strong>dictum</strong></span> <span class='ocrx_word' id='word_1_720' title='bbox 1259 2331 1266 2349; x_wconf 88' lang='lat'><strong>:</strong></span> <span class='ocrx_word' id='word_1_721' title='bbox 1290 2322 1409 2357; x_wconf 78' lang='grc' dir='ltr'><strong>Ἀνάγκῃ</strong></span> <span class='ocrx_word' id='word_1_722' title='bbox 1421 2322 1481 2349; x_wconf 78' lang='grc' dir='ltr'><strong>οὐδὲ</strong></span> <span class='ocrx_word' id='word_1_723' title='bbox 1498 2321 1559 2355; x_wconf 59' lang='grc' dir='ltr'><strong>Θεοζ</strong></span> <span class='ocrx_word' id='word_1_724' title='bbox 1581 2321 1727 2356; x_wconf 66' lang='grc' dir='ltr'><strong>μάχονται,</strong></span> <span class='ocrx_word' id='word_1_725' title='bbox 1744 2326 1796 2348; x_wconf 83' lang='lat' dir='ltr'><strong>etc.</strong></span> 
     </span>
    </p>
   </div>
   <div class='ocr_carea' id='block_1_108' title="bbox 1095 2367 1840 2402">
    <p class='ocr_par' dir='ltr' id='par_1_108' title="bbox 1095 2367 1840 2402">
     <span class='ocr_line' id='line_1_108' title="bbox 1095 2367 1840 2402; baseline -0.004 -6"><span class='ocrx_word' id='word_1_726' title='bbox 1095 2368 1259 2401; x_wconf 83' lang='lat' dir='ltr'><strong>SimOuides,</strong></span> <span class='ocrx_word' id='word_1_727' title='bbox 1279 2368 1372 2400; x_wconf 84' lang='lat' dir='ltr'><strong>Ceius,</strong></span> <span class='ocrx_word' id='word_1_728' title='bbox 1391 2368 1493 2402; x_wconf 88' lang='lat' dir='ltr'><strong>prioris</strong></span> <span class='ocrx_word' id='word_1_729' title='bbox 1509 2375 1542 2394; x_wconf 78' lang='lat' dir='ltr'><strong>ex</strong></span> <span class='ocrx_word' id='word_1_730' title='bbox 1564 2367 1617 2394; x_wconf 88' lang='lat' dir='ltr'><strong>tilia</strong></span> <span class='ocrx_word' id='word_1_731' title='bbox 1636 2375 1739 2400; x_wconf 86' lang='lat' dir='ltr'><strong>nepos,</strong></span> <span class='ocrx_word' id='word_1_732' title='bbox 1756 2375 1840 2401; x_wconf 68' lang='lat' dir='ltr'><strong>cogno-</strong></span> 
     </span>
    </p>
   </div>
   <div class='ocr_carea' id='block_1_109' title="bbox 1060 2413 1837 2447">
    <p class='ocr_par' dir='ltr' id='par_1_109' title="bbox 1060 2413 1837 2447">
     <span class='ocr_line' id='line_1_109' title="bbox 1060 2413 1837 2447; baseline -0.003 -6"><span class='ocrx_word' id='word_1_733' title='bbox 1060 2415 1133 2442; x_wconf 87' lang='lat' dir='ltr'><strong>mine</strong></span> <span class='ocrx_word' id='word_1_734' title='bbox 1163 2414 1326 2446; x_wconf 79' lang='lat' dir='ltr'><strong>Melicertes,</strong></span> <span class='ocrx_word' id='word_1_735' title='bbox 1358 2414 1425 2440; x_wconf 74' lang='lat' dir='ltr'><strong>vixit</strong></span> <span class='ocrx_word' id='word_1_736' title='bbox 1459 2418 1521 2440; x_wconf 82' lang='lat' dir='ltr'><strong>ante</strong></span> <span class='ocrx_word' id='word_1_737' title='bbox 1550 2413 1650 2439; x_wconf 87' lang='lat' dir='ltr'><strong>belltnn</strong></span> <span class='ocrx_word' id='word_1_738' title='bbox 1683 2413 1837 2447; x_wconf 79' lang='lat' dir='ltr'><strong>Peloponne</strong></span> 
     </span>
    </p>
   </div>
   <div class='ocr_carea' id='block_1_110' title="bbox 1061 2457 1837 2494">
    <p class='ocr_par' dir='ltr' id='par_1_110' title="bbox 1061 2457 1837 2494">
     <span class='ocr_line' id='line_1_110' title="bbox 1061 2457 1837 2494; baseline -0.005 -6"><span class='ocrx_word' id='word_1_739' title='bbox 1061 2461 1177 2488; x_wconf 85' lang='lat' dir='ltr'><strong>siacum.</strong></span> <span class='ocrx_word' id='word_1_740' title='bbox 1195 2459 1310 2493; x_wconf 88' lang='lat' dir='ltr'><strong>Scripsit</strong></span> <span class='ocrx_word' id='word_1_741' title='bbox 1330 2459 1516 2494; x_wconf 78' lang='lat' dir='ltr'><strong>Genealogiam</strong></span> <span class='ocrx_word' id='word_1_742' title='bbox 1536 2459 1619 2486; x_wconf 68' lang='lat' dir='ltr'><strong>libros</strong></span> <span class='ocrx_word' id='word_1_743' title='bbox 1637 2457 1698 2491; x_wconf 87' lang='lat' dir='ltr'><strong>III,</strong></span> <span class='ocrx_word' id='word_1_744' title='bbox 1715 2457 1837 2485; x_wconf 77' lang='lat' dir='ltr'><strong>lucentia-</strong></span> 
     </span>
    </p>
   </div>
   <div class='ocr_carea' id='block_1_111' title="bbox 1063 2504 1292 2533">
    <p class='ocr_par' dir='ltr' id='par_1_111' title="bbox 1063 2504 1292 2533">
     <span class='ocr_line' id='line_1_111' title="bbox 1063 2504 1292 2533; baseline -0.004 0"><span class='ocrx_word' id='word_1_745' title='bbox 1063 2513 1126 2533; x_wconf 81' lang='lat' dir='ltr'><strong>num</strong></span> <span class='ocrx_word' id='word_1_746' title='bbox 1137 2505 1220 2533; x_wconf 72' lang='lat' dir='ltr'><strong>libros</strong></span> <span class='ocrx_word' id='word_1_747' title='bbox 1233 2504 1292 2532; x_wconf 82' lang='grc'><strong>111.</strong></span> 
     </span>
    </p>
   </div>
   <div class='ocr_carea' id='block_1_112' title="bbox 1101 2549 1841 2587">
    <p class='ocr_par' dir='ltr' id='par_1_112' title="bbox 1101 2549 1841 2587">
     <span class='ocr_line' id='line_1_112' title="bbox 1101 2549 1841 2587; baseline -0.001 -8"><span class='ocrx_word' id='word_1_748' title='bbox 1101 2552 1268 2584; x_wconf 86' lang='lat' dir='ltr'><strong>Simonides.</strong></span> <span class='ocrx_word' id='word_1_749' title='bbox 1286 2551 1461 2587; x_wconf 73' lang='lat' dir='ltr'><strong>Magnesius,</strong></span> <span class='ocrx_word' id='word_1_750' title='bbox 1483 2550 1569 2586; x_wconf 88' lang='lat' dir='ltr'><strong>Sipyli</strong></span> <span class='ocrx_word' id='word_1_751' title='bbox 1588 2549 1620 2578; x_wconf 84' lang='lat' dir='ltr'><strong>F.</strong></span> <span class='ocrx_word' id='word_1_752' title='bbox 1645 2555 1724 2585; x_wconf 88' lang='lat' dir='ltr'><strong>poeta</strong></span> <span class='ocrx_word' id='word_1_753' title='bbox 1749 2551 1841 2585; x_wconf 82' lang='lat' dir='ltr'><strong>epicos,</strong></span> 
     </span>
    </p>
   </div>
   <div class='ocr_carea' id='block_1_113' title="bbox 1058 2596 1841 2634">
    <p class='ocr_par' dir='ltr' id='par_1_113' title="bbox 1058 2596 1841 2634">
     <span class='ocr_line' id='line_1_113' title="bbox 1058 2596 1841 2634; baseline -0.004 -8"><span class='ocrx_word' id='word_1_754' title='bbox 1058 2600 1105 2634; x_wconf 92' lang='lat' dir='ltr'><strong>qui</strong></span> <span class='ocrx_word' id='word_1_755' title='bbox 1121 2599 1186 2626; x_wconf 86' lang='lat' dir='ltr'><strong>vixit</strong></span> <span class='ocrx_word' id='word_1_756' title='bbox 1199 2599 1370 2633; x_wconf 82' lang='lat' dir='ltr'><strong>temporibus</strong></span> <span class='ocrx_word' id='word_1_757' title='bbox 1383 2597 1509 2625; x_wconf 84' lang='lat' dir='ltr'><strong>Antiochi</strong></span> <span class='ocrx_word' id='word_1_758' title='bbox 1523 2596 1623 2632; x_wconf 78' lang='lat' dir='ltr'><strong>Magni.</strong></span> <span class='ocrx_word' id='word_1_759' title='bbox 1637 2596 1754 2630; x_wconf 85' lang='lat' dir='ltr'><strong>Scripsit</strong></span> <span class='ocrx_word' id='word_1_760' title='bbox 1771 2597 1841 2630; x_wconf 79' lang='lat' dir='ltr'><strong>hujus</strong></span> 
     </span>
    </p>
   </div>
   <div class='ocr_carea' id='block_1_114' title="bbox 1060 2643 1832 2680">
    <p class='ocr_par' dir='ltr' id='par_1_114' title="bbox 1060 2643 1832 2680">
     <span class='ocr_line' id='line_1_114' title="bbox 1060 2643 1832 2680; baseline -0.003 -8"><span class='ocrx_word' id='word_1_761' title='bbox 1060 2653 1103 2673; x_wconf 87' lang='lat' dir='ltr'><strong>res</strong></span> <span class='ocrx_word' id='word_1_762' title='bbox 1116 2650 1218 2680; x_wconf 71' lang='lat' dir='ltr'><strong>gestas,</strong></span> <span class='ocrx_word' id='word_1_763' title='bbox 1234 2652 1407 2679; x_wconf 78' lang='lat' dir='ltr'><strong>pugnamque</strong></span> <span class='ocrx_word' id='word_1_764' title='bbox 1427 2652 1490 2671; x_wconf 90' lang='lat' dir='ltr'><strong>cutn</strong></span> <span class='ocrx_word' id='word_1_765' title='bbox 1505 2643 1620 2674; x_wconf 77' lang='lat' dir='ltr'><strong>Calatis,</strong></span> <span class='ocrx_word' id='word_1_766' title='bbox 1636 2643 1662 2670; x_wconf 88' lang='lat' dir='ltr'><strong>io</strong></span> <span class='ocrx_word' id='word_1_767' title='bbox 1680 2651 1734 2678; x_wconf 84' lang='lat' dir='ltr'><strong>qua</strong></span> <span class='ocrx_word' id='word_1_768' title='bbox 1751 2643 1832 2678; x_wconf 74' lang='lat' dir='ltr'><strong>equits</strong></span> 
     </span>
    </p>
   </div>
   <div class='ocr_carea' id='block_1_115' title="bbox 1060 2688 1659 2725">
    <p class='ocr_par' dir='ltr' id='par_1_115' title="bbox 1060 2688 1659 2725">
     <span class='ocr_line' id='line_1_115' title="bbox 1060 2688 1659 2725; baseline -0.007 -7"><span class='ocrx_word' id='word_1_769' title='bbox 1060 2697 1103 2718; x_wconf 92' lang='lat' dir='ltr'><strong>tus</strong></span> <span class='ocrx_word' id='word_1_770' title='bbox 1115 2692 1174 2725; x_wconf 86' lang='lat' dir='ltr'><strong>ejus</strong></span> <span class='ocrx_word' id='word_1_771' title='bbox 1185 2698 1231 2725; x_wconf 88' lang='lat' dir='ltr'><strong>per</strong></span> <span class='ocrx_word' id='word_1_772' title='bbox 1244 2690 1404 2725; x_wconf 81' lang='lat' dir='ltr'><strong>elephantos</strong></span> <span class='ocrx_word' id='word_1_773' title='bbox 1422 2690 1580 2724; x_wconf 68' lang='lat' dir='ltr'><strong>profligatus</strong></span> <span class='ocrx_word' id='word_1_774' title='bbox 1598 2688 1659 2715; x_wconf 91' lang='lat' dir='ltr'><strong>fuit.</strong></span> 
     </span>
    </p>
   </div>
   <div class='ocr_carea' id='block_1_116' title="bbox 1098 2735 1836 2774">
    <p class='ocr_par' dir='ltr' id='par_1_116' title="bbox 1098 2735 1836 2774">
     <span class='ocr_line' id='line_1_116' title="bbox 1098 2735 1836 2774; baseline -0.005 -9"><span class='ocrx_word' id='word_1_775' title='bbox 1098 2737 1266 2770; x_wconf 83' lang='lat' dir='ltr'><strong>Simonides,</strong></span> <span class='ocrx_word' id='word_1_776' title='bbox 1281 2736 1426 2774; x_wconf 69' lang='lat' dir='ltr'><strong>Carystius</strong></span> <span class='ocrx_word' id='word_1_777' title='bbox 1444 2737 1485 2763; x_wconf 85' lang='lat' dir='ltr'><strong>vel</strong></span> <span class='ocrx_word' id='word_1_778' title='bbox 1509 2735 1684 2766; x_wconf 74' lang='lat' dir='ltr'><strong>Eretriensis,</strong></span> <span class='ocrx_word' id='word_1_779' title='bbox 1702 2741 1779 2770; x_wconf 84' lang='lat' dir='ltr'><strong>poeta</strong></span> <span class='ocrx_word' id='word_1_780' title='bbox 1793 2735 1836 2769; x_wconf 86' lang='lat' dir='ltr'><strong>epi-</strong></span> 
     </span>
    </p>
   </div>
   <div class='ocr_carea' id='block_1_117' title="bbox 1070 2822 1836 2859">
    <p class='ocr_par' dir='ltr' id='par_1_117' title="bbox 1070 2822 1836 2859">
     <span class='ocr_line' id='line_1_117' title="bbox 1070 2822 1836 2859; baseline -0.009 -5"><span class='ocrx_word' id='word_1_781' title='bbox 1070 2832 1154 2854; x_wconf 83' lang='lat' dir='ltr'><strong>ctaut.</strong></span> <span class='ocrx_word' id='word_1_782' title='bbox 1172 2826 1272 2854; x_wconf 89' lang='lat' dir='ltr'><strong>Confer</strong></span> <span class='ocrx_word' id='word_1_783' title='bbox 1294 2826 1434 2858; x_wconf 71' lang='lat' dir='ltr'><strong>Allatium,</strong></span> <span class='ocrx_word' id='word_1_784' title='bbox 1459 2826 1493 2852; x_wconf 88' lang='lat' dir='ltr'><strong>De</strong></span> <span class='ocrx_word' id='word_1_785' title='bbox 1511 2823 1706 2855; x_wconf 87' lang='lat' dir='ltr'><strong>Simeonibus,</strong></span> <span class='ocrx_word' id='word_1_786' title='bbox 1725 2831 1780 2859; x_wconf 72' lang='lat' dir='ltr'><strong>pag.</strong></span> <span class='ocrx_word' id='word_1_787' title='bbox 1797 2822 1836 2850; x_wconf 69' lang='lat'><strong>206</strong></span> 
     </span>
    </p>
   </div>
   <div class='ocr_carea' id='block_1_118' title="bbox 1064 2871 1120 2897">
    <p class='ocr_par' dir='ltr' id='par_1_118' title="bbox 1064 2871 1120 2897">
     <span class='ocr_line' id='line_1_118' title="bbox 1064 2871 1120 2897; baseline -0.018 -7"><span class='ocrx_word' id='word_1_788' title='bbox 1064 2871 1120 2897; x_wconf 83' lang='lat' dir='ltr'><strong>seq.</strong></span> 
     </span>
    </p>
   </div>
  </div>
