1921 3072
64 97 131 130 1345

681 97 730 127 DE
752 97 894 133 QUIBUS
913 98 1061 128 SUIDAS.

1620 99 1687 134 πῆς

61 160 120 185 cus.
148 152 260 188 scripsit
286 152 443 180 Graecorum
467 157 631 180 conventum
657 152 684 179 in
707 152 849 185 Aulidem;
865 152 1000 187 ACitieo,
1029 154 1075 188 qui
1100 153 1220 182 Stoicam
1248 156 1370 185 scholam
1402 156 1540 191 instituit,
1567 159 1690 194 vixitque

60 200 245 227 trimetrorum
264 198 350 225 libros
365 197 386 224 il
397 217 404 229 ,
420 197 456 224 De
472 198 610 233 lpltigenia
626 205 723 224 unum.

95 245 262 272 Simonides.
276 244 324 272 Hic
340 245 404 278 imp.
421 243 527 279 Joviani
546 243 716 278 temporibus
732 242 809 274 \ixit,
822 246 849 270 et

61 290 242 326 philosophus
259 290 429 317 clarissimus
452 288 513 316 fuit.

97 336 271 368 Simonides,
302 335 392 363 Crinei
420 334 451 361 F.
481 335 668 370 Amorginus,
695 334 847 362 iamborum

60 383 189 416 Scriptor,
203 382 314 416 scrips't
326 381 472 416 elegiarum
491 381 577 408 libros
595 381 628 408 ll.
644 380 710 408 Item
731 380 847 408 iambos.

61 428 134 454 Vixit
151 430 240 454 autem
258 427 326 461 ipse,
342 427 420 453 annis
432 427 494 457 ΗΟ,
505 431 566 460 post
577 426 676 453 bellum
688 426 848 461 Trojanum.

60 474 217 502 Secundum
239 473 370 508 quosdam
402 473 445 500 hic
470 472 574 508 primtts
600 473 706 500 iambos
729 473 849 507 scripsit.

59 521 151 553 (Cani.
169 520 250 555 paulo
266 524 356 551 antea,
368 520 401 547 de
421 519 544 551 Simmia,
562 518 686 550 Rhodio,
701 518 796 552 dicta.)

96 566 203 599 Simon,
229 565 364 600 sophista,
383 566 429 600 qui
448 565 583 599 publicam
609 565 751 599 pecuniam
768 564 851 591 intcr~

60 613 192 639 vertebat.
210 612 305 639 Simon
318 616 344 638 ct
360 610 521 638 Theodorus
532 615 558 638 et
573 611 736 646 Cleonymus
747 609 848 644 perjuri

59 658 202 693 Aristoph.

94 703 273 738 Simplictus,
292 702 480 738 philosophus.

94 749 213 776 Siricius
225 748 346 784 Neapoli,
363 750 430 776 urbe
453 749 613 780 Palaestinae,
635 749 778 780 oriundus,
804 756 851 776 so-

61 796 163 831 phista,
191 795 344 830 discipulus
371 795 569 827 Andromachi,
598 796 644 830 qui
669 803 716 830 per
742 794 851 829 aliquod

901 197 1060 234 Olympiade
1074 199 1180 227 CXXV.
1193 202 1244 229 Alii
1264 203 1410 238 Brysonem
1425 212 1478 232 non
1492 202 1623 237 Socratis,
1641 209 1687 234 Sed

902 244 1021 272 Euclidis
1053 246 1204 274 auditorem
1243 249 1369 276 scribunt
1404 249 1500 277 fuisse.
1536 251 1685 286 Brysoneui

901 290 1006 318 audivit
1019 290 1132 326 Pyrrho,
1148 300 1163 319 a
1176 300 1229 327 qtto
1244 293 1400 328 Pyrrhonii.
1412 310 1447 315 ——-
1461 296 1592 324 Prieturea
1606 298 1689 325 disci;

901 337 979 370 pulos
1003 337 1098 364 habuit
1117 337 1245 366 Socrates
1267 347 1273 365 :
1296 339 1479 373 Alcibiadem,
1501 341 1688 373 Critobulum'.

901 381 1098 416 Xenomedem,
1123 383 1318 418 Apollodorum
1332 404 1340 416 ,
1353 385 1477 420 Critiam,
1490 388 1689 421 Athenienses;

901 432 957 454 tttm
982 427 1142 460 Critouem,
1169 429 1326 462 Simonem,
1347 431 1490 459 Eumarent
1521 433 1686 465 Phliasium;

902 473 1056 507 Simtniam,
1085 474 1261 507 Thebanum;
1284 476 1473 511 Terpsionem,
1500 478 1686 514 Megaricum;

903 520 1036 553 Evenum,
1054 520 1293 556 Cha-rephentem.
1307 522 1467 551 Theodorus
1484 525 1575 556 etiam,
1588 533 1690 560 cogm-

903 571 994 594 mento
1011 567 1125 599 Atheus,
1144 568 1284 596 Socratem
1299 570 1412 601 audivit,
1430 570 1585 604 docensqtte
1599 572 1689 598 omnia

903 620 963 640 esse
985 613 1189 646 indill'erentia,
1216 619 1318 642 sectam
1343 615 1530 643 Thcodoream
1560 617 1688 644 instituit.

903 657 969 684 Eam
990 658 1170 693 philosophia:
1190 665 1306 694 partem,
1319 668 1380 695 qua:
1407 666 1447 688 est
1467 661 1500 689 de
1520 662 1644 689 moribus
1664 667 1691 689 rt

902 703 1060 736 virtutibus,
1081 705 1216 739 pratcipue
1237 706 1321 733 coluit
1339 707 1482 738 Socrates,
1495 707 1590 742 etjam
1607 716 1690 735 senex

903 749 1009 776 cithara
1026 750 1119 777 ludere
1133 751 1228 778 didicit
1248 751 1321 786 apud
1343 752 1481 780 Cononem
1493 773 1500 784 ,
1516 758 1542 780 ct
1556 753 1662 780 derisus
1676 761 1690 779 :t

903 796 1064 830 quibusdam
1087 797 1156 824 dixit
1175 797 1240 825 illud
1262 798 1373 826 Solonis
1390 808 1397 826 :
1421 800 1573 834 ‘O'ttpaoh;
1590 800 1690 834 μᾶλλον

61 848 168 877 tempus
189 841 304 868 Athenis
329 841 438 875 docuit,
461 839 572 876 scripsit
597 840 848 876 Progytunasmata.
867 834 886 862 Β
901 843 918 877 ἦ
930 842 1039 878 ἀμαθὴς
1052 844 1165 871 Prwstat
1181 839 1247 877 sero,
1264 853 1342 879 quam
1357 854 1490 880 nunquam
1510 847 1619 873 discere.
1641 846 1690 874 Hic

59 894 86 916 ct
100 883 325 915 Deciamationet.

95 933 254 966 Sisinnius,
281 932 512 965 Novatiauorum,
544 933 700 968 episcopus,
728 937 780 960 etc.
807 938 851 966 (ex

61 982 203 1012 Socratis,
219 979 250 1006 Vl
261 1000 268 1012 ,
281 979 316 1006 22
333 980 402 1006 Hist.
421 983 447 1006 et
470 979 522 1006 alia
537 979 570 1006 de
587 979 708 1006 Sisinnio
729 980 850 1006 narratio

60 1032 91 1054 ex
107 1026 263 1055 Sozomeno
281 1027 327 1053 lib.
345 1034 410 1058 viti,
423 1033 482 1060 cap.
502 1026 533 1061 t.)

95 1073 250 1108 Σμηκίοης.
266 1073 293 1099 ln
309 1072 414 1099 tabellis
439 1073 549 1099 ttomina
577 1079 671 1099 eorum
694 1072 740 1107 qui
764 1071 790 1098 in
806 1071 851 1106 jus

61 1121 231 1151 citabantur,
247 1118 359 1146 inscribi
386 1119 520 1151 solebant,
543 1119 654 1153 Aspusia
676 1124 698 1145 et
720 1118 850 1150 dominus,

61 1167 86 1193 id
100 1171 146 1193 est
164 1166 276 1192 maritus
293 1165 362 1199 ejus.

96 1212 239 1243 Socrates,
259 1210 449 1245 Sophronisci,
466 1210 608 1243 statuarii,
624 1215 651 1237 ct
667 1210 850 1242 thnarctes,

62 1257 233 1289 obstetricis,
249 1256 296 1289 F.,
310 1258 427 1291 primum
446 1257 592 1284 statuarios
603 1256 651 1283 fuit
669 1265 675 1283 :
690 1257 765 1283 aiunt
779 1257 850 1283 enim

62 1304 174 1330 Gratias
194 1303 304 1329 vestitas
327 1302 441 1330 Athenis
469 1303 529 1337 ejus
552 1302 636 1330 luisse
657 1310 735 1338 opus.
753 1302 853 1330 Deinde

63 1349 274 1384 philosophatus
287 1352 346 1379 est,
364 1349 457 1376 audito
474 1348 644 1383 Anaxagora,
666 1349 852 1380 Clazomenio,

63 1399 159 1429 p0sta
188 1394 319 1427 Damone,
345 1395 407 1422 hine
433 1395 580 1422 Archelao.
608 1395 786 1423 Aristoxenus
816 1396 855 1422 ait

61 1443 184 1476 primum
209 1441 347 1468 audivisse
368 1441 544 1473 Archelaum,
563 1446 614 1468 etc.
632 1442 773 1476 Ingressus
789 1442 854 1468 viri-

63 1489 116 1516 tem
132 1493 251 1520 aetatem,
269 1489 301 1514 ad
327 1487 501 1522 Amphipolin
523 1492 549 1514 ct
563 1486 710 1514 Potidazam
730 1488 854 1514 militavit

62 1540 88 1561 et
101 1534 137 1561 ad
161 1532 368 1561 Delium.‘Duas
392 1533 487 1560 habuit
510 1539 618 1566 uxores,
638 1532 854 1567 Xanthippen,e

61 1590 116 1617 qua
135 1580 314 1615 Lamproclcs
327 1584 408 1606 natus
419 1583 469 1610 est,
487 1583 513 1606 et
546 1579 706 1614 Myrtoncm,
728 1579 854 1607 Aristidis

62 1628 136 1655 Justi
154 1628 249 1660 tiliam,
264 1633 297 1653 ex
320 1633 373 1660 qua
401 1625 604 1660 Sophroniscus
622 1631 648 1653 et
668 1625 852 1658 Menedemus,

63 1675 121 1701 sive
136 1672 314 1699 Menexenus.
326 1672 398 1699 Vixit
411 1677 532 1705 tempore
544 1672 606 1699 belli
617 1672 852 1706 Peloponnesiaci,

63 1725 90 1747 et
117 1719 235 1754 quidem
261 1722 342 1745 natus
368 1717 526 1753 Olympiade
555 1716 684 1744 LXXV”.
710 1718 779 1744 \ixit
805 1725 854 1744 an-

64 1774 115 1794 nos
150 1765 267 1798 LXXX;
308 1765 430 1800 obiitque
466 1764 647 1799 imprudentia
685 1765 727 1791 vel
762 1765 854 1798 potius

64 1813 188 1840 amentia
214 1811 432 1844 Atheniensium,
459 1816 572 1838 coaetus
593 1810 686 1837 bibere
709 1811 852 1837 cicutam:

64 1859 143 1886 ttulio
160 1858 215 1885 alio
229 1858 329 1892 scripto
347 1856 451 1888 relicto,
466 1864 560 1891 quam,
575 1861 605 1883 ut
619 1856 731 1890 quidatn
749 1856 853 1886 volunt.

63 1904 173 1939 Hymuo
191 1904 216 1929 in
231 1902 375 1936 Apollinem
393 1907 416 1928 et
441 1902 554 1928 Dianam
571 1907 596 1928 et
611 1901 727 1936 Δὶδυρεα
749 1901 854 1928 Fabula

65 1950 196 1977 versibus
221 1951 331 1983 scripta.
355 1948 536 1981 Pliilosopbos
561 1947 651 1974 elicuit
673 1956 679 1973 ε
702 1947 853 1980 Platonem,

65 1996 125 2030 qui,
138 1995 240 2021 relicto
255 1993 357 2029 Lyrco,
382 1993 503 2020 traduxit
513 1993 633 2020 scholam
646 1994 672 2019 in
682 1994 854 2026 suburbium,

64 2041 139 2077 quod
151 2040 298 2067 Academia
311 2044 423 2068 vocatur
444 2040 570 2075 (ejusque
588 2044 735 2067 sectatores
750 2039 855 2066 Acade-

66 2088 131 2115 mici
148 2087 216 2113 dicti
234 2094 319 2120 usque
333 2088 365 2113 ad
377 2086 562 2113 Aristotelem.
576 2085 599 2113 Is
614 2085 686 2112 enitn
698 2085 724 2112 in
738 2086 855 2121 quodam

66 2135 148 2161 horto
165 2139 228 2159 ante
242 2133 336 2159 urbem
354 2132 407 2159 sito
419 2133 510 2158 ludum
526 2132 686 2159 litterarium
698 2133 813 2166 aperuit.
830 2137 858 2158 et

902 889 1067 916 dmtttoninm
1088 890 1224 924 quoddam
1255 898 1348 917 secum
1375 891 1544 918 familiariter
1572 891 1688 926 colloqui

903 935 1022 962 diccbat.
1054 937 1163 964 Primus
1195 937 1393 972 Aristophanes
1422 937 1546 964 Nubibus
1581 938 1691 972 scriptis

903 982 990 1016 ipsum
1027 982 1205 1016 perstrinxit,
1224 986 1254 1009 ut
1278 988 1498 1016 eorrttntpentem
1519 982 1642 1016 juvenes,
1665 987 1692 1009 ct

903 1027 1012 1054 athcum
1037 1027 1125 1062 ipsum
1146 1029 1264 1060 vocavit,
1280 1029 1352 1062 quod
1375 1036 1422 1063 per
1448 1036 1543 1055 canem
1560 1033 1587 1056 ct
1605 1029 1691 1063 plata-

904 1081 967 1100 num
982 1073 1096 1106 jurarct.
1123 1073 1221 1101 Postea
1240 1074 1346 1109 Anytus
1359 1079 1385 1101 et
1408 1074 1515 1101 lilclitus
1532 1082 1593 1102 ettm
1611 1081 1692 1102 aceu-

903 1123 1000 1146 sarunt
1011 1123 1036 1145 ct
1048 1126 1123 1145 reum
1135 1126 1272 1154 peregere.
1289 1120 1318 1146 In
1333 1121 1513 1147 :estimatione
1526 1128 1589 1148 vero
1603 1128 1692 1155 praua,

905 1163 1031 1192 Socrates
1046 1170 1074 1192 Se
1095 1165 1229 1192 meruisse
1248 1165 1326 1196 dixit,
1343 1170 1372 1192 ut
1401 1167 1489 1192 vietus
1514 1166 1539 1192 in
1560 1166 1692 1200 Prytaneo

905 1211 1011 1246 publice
1025 1211 1077 1238 sibi
1096 1212 1272 1246 pr.cheretur.
1298 1211 1338 1238 llli
1355 1219 1421 1238 Vero
1443 1212 1538 1247 capitis
1549 1220 1610 1239 eum
1627 1220 1692 1239 con-

904 1257 1076 1284 demnarunt.
1094 1257 1121 1284 In
1138 1257 1254 1285 vinculis
1266 1258 1311 1285 diu
1332 1257 1390 1290 fuit,
1407 1257 1494 1285 donec
1508 1259 1584 1285 navis
1601 1266 1692 1288 saera.

905 1304 1020 1339 Oewplg,
1034 1303 1097 1330 Delo
1113 1305 1224 1331 rediret.
1236 1304 1346 1331 Critone
1354 1305 1485 1331 suadente
1499 1305 1590 1340 fugam
1604 1305 1694 1332 noluit

905 1348 998 1384 fugere
1013 1350 1134 1384 dixitque
1158 1350 1231 1383 li-ges
1252 1357 1306 1376 non
1323 1355 1449 1384 oportere
1465 1350 1571 1377 violari.
1591 1350 1692 1377 Ilausta

907 1395 969 1422 hinc
995 1395 1084 1422 cicuta
1115 1395 1170 1421 voti
1201 1395 1381 1427 recordatus,
1410 1395 1564 1428 Immolate,
1595 1395 1692 1429 inquit,

905 1440 1076 1475 JEsculupio.
1091 1441 1219 1473 Quidam,
1231 1440 1330 1476 Cyrsas
1350 1442 1470 1475 nomine,
1482 1449 1580 1476 grnch
1599 1441 1693 1472 (Illius,

906 1488 1027 1515 Athenas
1044 1488 1116 1514 venit
1129 1495 1190 1515 cum
1209 1487 1321 1514 Socrate
1333 1495 1554 1520 conversaturtts,
1572 1489 1614 1515 cui
1629 1490 1693 1515 dor-

908 1533 1001 1558 mienti
1025 1533 1103 1566 juxta
1133 1533 1289 1567 sepulcrum
1317 1533 1449 1566 Socratis,
1476 1535 1502 1560 in
1528 1535 1633 1562 somnis
1650 1535 1694 1560 ille

907 1578 984 1603 visus
1009 1581 1050 1604 est
1076 1582 1103 1603 et
1132 1584 1193 1604 cum
1222 1584 1255 1604 co
1281 1578 1442 1605 collocutus.
1460 1594 1493 1599 μ
1509 1578 1636 1606 Socrates
1659 1580 1694 1606 alt

907 1623 1089 1658 Aristophane
1111 1623 1206 1650 Melius
1231 1627 1357 1656 vocatur,
1388 1624 1413 1650 id
1438 1628 1479 1651 est
1501 1625 1613 1656 atticus,
1631 1625 1693 1658 quia

908 1668 1051 1703 Diignras,
1069 1668 1177 1702 Melius,
1201 1669 1313 1696 infamis
1331 1673 1391 1696 erat
1412 1674 1440 1696 ut
1460 1671 1572 1697 deorum
1588 1678 1652 1698 osor
1668 1675 1696 1696 et

909 1715 1007 1742 hostis.
1034 1715 1164 1750 Diagoras
1190 1715 1234 1742 ille
1255 1715 1333 1741 initio
1355 1715 1416 1749 pius
1440 1719 1508 1746 erat,
1529 1720 1623 1750 pustea
1649 1714 1697 1741 de-

909 1762 999 1795 pOSilt)
1020 1760 1175 1794 fraudatus,
1188 1761 1221 1788 ad
1247 1761 1414 1796 impietatem
1436 1761 1583 1796 prolapsus
1606 1765 1648 1788 cst
1669 1766 1697 1788 ct

908 1808 975 1835 deos
1006 1814 1067 1834 esse
1097 1808 1215 1842 negant.
1241 1806 1331 1839 Quare
1357 1807 1537 1833 Athenienses
1563 1807 1696 1841 indignati

909 1853 1017 1880 Melium
1045 1852 1124 1880 malis
1153 1851 1313 1879 ali‘ecerunt.
1326 1867 1361 1872 —
1377 1852 1438 1878 Fuit
1461 1855 1488 1878 et
1509 1851 1696 1887 Aristagoras.

909 1899 1005 1927 Melius
1029 1903 1106 1933 poeta
1136 1897 1365 1932 ditltyratnbicus,
1393 1898 1439 1932 qui
1464 1896 1539 1932 quod
1566 1901 1696 1932 mysteria

911 1945 1049 1971 Eleusinia
1073 1943 1239 1978 evulgasset,
1264 1943 1339 1970 Valde
1369 1943 1468 1977 impius
1488 1942 1629 1978 judicatus
1642 1949 1697 1972 est.

910 1991 950 2017 Ah
979 1991 1023 2017 illo
1050 1995 1172 2025 tempore
1195 1989 1294 2017 cotniei
1322 1988 1416 2017 Melies
1446 1993 1476 2016 ut
1506 1990 1607 2024 impios
1633 1997 1697 2025 per-

911 2037 1054 2063 strinxere.

948 2082 1043 2114 SoLn,
1060 2082 1226 2110 Excceslida’,
1244 2082 1287 2116 Εἴ,
1302 2082 1489 2115 Atheniensis,
1505 2083 1697 2117 philosophus.

912 2129 1054 2164 li-gislator
1063 2135 1090 2156 et.
1098 2129 1325 2164 detnagogus,qui
1341 2129 1408 2156 vixit
1419 2129 1578 2164 Olympiade
1589 2129 1698 2161 XLVII,

64 2181 97 2206 ὲκ
112 2179 163 2206 τοῦ
181 2178 240 2204 κατ’
261 2178 342 2204 αὑτὸν
368 2177 517 2211 περιπάτου
540 2184 554 2203 a
581 2177 701 2210 pet'iputo
718 2177 774 2203 sive
799 2177 851 2204 Ιος(

913 2176 953 2202 vel
978 2174 1046 2202 LVI.
1071 2176 1181 2203 lnsidiis
1200 2177 1300 2211 petitus
1318 2185 1331 2203 a
1354 2176 1510 2206 PisiSIrato.
1528 2183 1652 2212 tyranno,
1669 2179 1697 2204 in

65 2224 317 2255 deambulationis,
337 2223 383 2258 qui
399 2223 425 2250 in
447 2222 491 2249 illo
509 2223 586 2249 horto
601 2227 668 2254 erat,
687 2229 752 2249 suos
774 2222 857 2250 disci-

66 2272 149 2307 pulos
168 2271 273 2297 vocav‘il
291 2270 516 2304 Peripateticos);
532 2269 698 2303 Aristippum
720 2269 794 2299 item.
807 2268 859 2304 Cy-

64 2324 204 2348 renzrum,
234 2321 372 2343 auctorem
401 2316 501 2342 schola:
537 2315 857 2350 secta'queCyrenaica:;

66 2363 250 2394 Phaedonem,
270 2362 378 2394 Eleum,
395 2369 408 2387 a
432 2369 485 2396 quo
511 2366 584 2388 secta
609 2361 708 2393 Etiaca,
733 2367 824 2395 postea
845 2371 859 2388 a

64 2409 241 2440 Menedemo,
263 2407 375 2434 Eretria:
398 2408 528 2440 docente,
542 2408 612 2434 dicta
630 2409 760 2435 Et'ettiut.
774 2422 807 2427 -—
822 2408 858 2434 lix

65 2457 119 2483 hac
143 2454 251 2489 Pyrrho
273 2454 375 2488 prodiit
403 2462 409 2479 :
431 2453 549 2480 Antistlu
559 2461 640 2483 nem,
660 2454 705 2487 qui
729 2455 858 2488 Cynicam

63 2508 174 2529 sectam
199 2501 318 2527 condidit
335 2509 341 2533 ;
372 2500 510 2526 Euclidem
524 2519 531 2532 ,
555 2499 738 2533 llicgarcnsem
752 2520 759 2532 ,
776 2508 789 2525 :t
805 2508 860 2533 quo

63 2547 217 2582 Megarica,
234 2555 293 2580 qua:
308 2548 401 2573 cadent
418 2553 433 2572 ει
455 2546 633 2572 Clinomaclto
648 2566 655 2577 ,
674 2545 793 2572 liuelidis
816 2545 859 2572 di-

63 2593 189 2628 scipulo,
202 2592 274 2619 dicta
286 2592 453 2624 Dialectica;
475 2590 696 2625 Xenophontem,
713 2589 795 2626 Grylli
812 2590 855 2623 F.,

62 2638 243 2670 Escltinent,
261 2638 420 2672 Lysauinm,
439 2636 592 2671 Sphettiutn
609 2646 614 2669 ;
634 2638 777 2668 Cebetem,
791 2635 860 2662 Tlte-

62 2685 191 2717 banuttt;
207 2684 339 2711 Glaucum
352 2705 359 2716 ,
370 2684 582 2717 Atheniensem;
602 2684 760 2719 liryspttctu.
777 2681 861 2708 lict-th

61 2732 197 2762 cleotam,
220 2731 266 2765 qui
292 2731 492 2757 contentiosum
514 2730 683 2756 dialecticam
709 2728 861 2755 introduxit

61 2784 119 2804 una
149 2784 212 2803 cum
237 2776 359 2810 Euclide,
386 2777 581 2804 Clinomacltus
605 2776 682 2802 auxit
706 2783 714 2802 :
741 2782 860 2808 euntque

61 2823 170 2850 inultos
199 2825 351 2850 sectatores
383 2821 541 2854 habuisset,
567 2821 646 2849 desiit
675 2821 716 2847 in-
733 2819 856 2850 chone,

909 2221 1032 2248 Ciciliam
1049 2222 1180 2253 secessit,
1194 2227 1221 2249 et
1236 2222 1331 2249 urbem
1347 2223 1478 2255 condidit,
1499 2230 1580 2257 qttatn
1598 2225 1629 2250 de
1646 2231 1699 2250 suo

910 2268 1020 2295 nomine
1046 2268 1127 2295 Solos
1144 2269 1263 2295 vocaxit.
1285 2269 1336 2294 Alii
1360 2268 1439 2295 Solos
1454 2270 1535 2295 etiam
1560 2270 1586 2295 in
1604 2269 1699 2303 Cypro

910 2321 1008 2340 nomen
1031 2313 1065 2340 ab
1087 2313 1134 2340 illo
1155 2314 1295 2347 accepisse
1309 2313 1397 2344 aiunt,
1413 2319 1439 2340 et
1461 2314 1548 2348 ipsum
1564 2314 1588 2341 iit
1606 2314 1700 2349 Cypro

909 2360 1070 2387 decessisse.
1090 2359 1204 2393 Scripsit
1219 2359 1299 2394 Leges
1318 2359 1548 2390 Atheniensibus,
1564 2367 1632 2394 quas
1649 2368 1695 2385 tu-

910 2411 972 2433 cant
988 2406 1108 2438 Axenus,
1119 2407 1192 2440 quod
1207 2407 1232 2432 itt
1245 2407 1340 2432 axibus
1354 2406 1451 2440 ligneis
1463 2411 1555 2433 essent
1571 2406 1699 2440 scripta;

911 2454 974 2479 item
994 2452 1093 2479 Poema
1109 2452 1258 2487 elegiacutu
1272 2471 1280 2484 ,
1295 2451 1368 2486 quod
1384 2451 1502 2478 Salamis
1521 2451 1698 2482 inscribitur;

913 2499 1051 2532 Praecpta
1062 2506 1175 2530 morum,
1192 2498 1282 2524 itidctn
1300 2497 1424 2524 versibus
1440 2497 1576 2531 elegiacis,
1592 2502 1619 2524 et
1631 2497 1697 2525 alia.

910 2544 973 2570 Fuit
989 2552 1059 2571 unus
1076 2544 1183 2570 illorum
1202 2543 1249 2577 qui
1265 2551 1303 2569 vtt
1319 2543 1455 2577 sapientes
1471 2543 1609 2569 dicuntur.
1633 2542 1701 2577 Ejus

910 2597 951 2617 est
970 2599 979 2616 ι
997 2589 1038 2616 Ne
1055 2590 1117 2624 quid
1143 2591 1233 2622 nimis,
1252 2594 1279 2616 et
1297 2599 1303 2616 :
1322 2589 1547 2624 Nosceteipwm.
1568 2587 1702 2616 Precibus

912 2637 1063 2662 aruit-olunt
1077 2643 1129 2662 anc
1141 2643 1334 2669 oppri-Ssorum
1348 2635 1443 2666 victus,
1460 2634 1566 2662 tabulas
1577 2640 1698 2660 vctcrutu

912 2683 1064 2709 debitorum
1091 2681 1220 2708 abolevit.
1245 2682 1308 2715 l'ljus
1337 2681 1483 2708 consilium
1503 2685 1530 2707 et
1553 2685 1629 2708 astus
1651 2681 1698 2707 διι-

911 2735 1008 2755 versus
1033 2727 1180 2754 Cirrhucos.
1198 2727 1247 2761 (Ex
1268 2727 1410 2754 Pausaniae
1426 2726 1563 2759 Phoeicis,
1578 2734 1603 2761 p.
1622 2726 1699 2761 tis-t.)

949 2773 1075 2807 Sopater,
1099 2773 1283 2807 Apamensis,
1307 2773 1427 2807 sophista
1453 2776 1482 2800 et
1501 2772 1695 2807 philosophus,

912 2819 1063 2853 discipulus
1090 2818 1234 2846 Jatnblichi
1252 2839 1259 2850 ,
1283 2818 1443 2845 interfectus
1462 2826 1478 2846 a
1505 2818 1698 2852 Constantino,
