1921 3072
241 129 307 162 1347

835 120 954 156 INDEX
974 124 1056 154 SCRI
1063 118 1221 154 PTORUM

1803 121 1865 156 tsts

239 185 320 212 lldcm
344 184 450 212 facturo
476 182 616 215 omnibus,
632 190 661 210 se
687 190 740 214 non
763 182 881 217 amplius
903 180 1024 216 religioni
1042 182 1063 209 A
1115 179 1276 214 Sophocles,
1290 177 1475 211 Atheniensis,
1492 176 1615 214 tragicus
1641 182 1667 205 et
1691 177 1817 214 lyricus.
1836 180 1865 206 at.

238 229 378 264 gentilium
393 229 529 255 addictum
544 236 620 260 esse;
635 232 696 255 ante
717 227 789 254 enim
806 227 978 254 familiariter
991 233 1024 253 eo

239 282 305 303 usus
319 274 415 300 fuerat.
436 272 553 308 Scripsit
567 272 604 299 De
613 272 794 306 Providentia,
806 273 924 306 itemque
939 272 976 298 De
989 272 1023 298 iis

237 320 283 354 qui
301 320 434 346 immerito
448 325 508 345 sunt
529 319 618 353 felices
632 320 670 345 ecl
686 319 815 353 infelices.
825 318 1024 345 Constantinus

239 364 384 398 Sopatrum
410 363 475 390 dum
499 363 657 395 interemit,
674 371 726 390 non
753 368 825 390 recte
848 363 1024 395 feclt;ncrno

234 410 310 445 enim
322 414 434 437 coactus
453 409 481 436 ﬁt
496 409 594 442 bonus,
612 409 658 436 scd
675 417 709 436 ex
729 416 833 436 amare.

275 456 401 490 Sopater,
412 456 543 482 comicus.
554 455 590 482 Ex
602 455 700 482 tabulis
709 455 769 490 ejus
778 459 841 482 sunt
857 454 1023 487 Ἱππόλυτος,

238 501 416 534 Φυσιολόγος,
446 500 544 534 Σιλφία
579 500 594 535 ἢ
631 500 742 532 Κνιδὶα,
771 500 891 532 Νεκυὶα,
923 500 1022 531 Πύλαι,

245 545 491 581 ’ορἐστης,ι1νακῆ,
513 549 543 572 ιιι
570 545 715 572 Athenqu
741 546 766 572 in
792 544 1022 579 Dipnosophistis.

275 593 399 626 Sopater,
414 592 536 619 Parodus
561 593 652 627 (quem
669 599 684 618 a
708 591 814 618 comico
832 592 903 618 male
923 591 1023 618 distin-

237 637 431 673 guitSuidas),
448 638 527 671 cujus
547 638 640 664 drama
656 637 753 672 βακχῖς
775 638 904 664 Athenaeo
920 644 1023 664 memo-

240 689 327 711 ratur.
348 683 381 709 V.
395 683 508 714 Stsnlei,
524 684 555 709 ad
565 683 685 718 Eschyli
702 683 798 717 Cceph.
812 691 840 710 v.
853 683 916 710 198.

275 730 400 764 Sopater,
424 729 596 764 Apamensis,
628 730 669 756 vel
697 729 786 763 potius
810 728 1022 761 Alexandrinus,

240 776 372 811 sophista.
394 775 509 810 Scripsit
529 775 708 810 plurimorum
724 775 855 802 librorum
874 775 1020 809 Epitamas.

240 821 354 853 Quidam
381 821 463 848 etiam
496 821 638 854 Ἐκὶογίαν
657 821 711 847 τῶν
737 820 872 854 ἱστοριῶν,
897 825 1021 855 excerpta

1077 226 1190 260 antiquo
1217 225 1262 252 illo
1289 225 1424 259 Sophocle
1447 232 1532 258 genus
1559 225 1676 252 ducens.
1702 223 1776 251 Vixit
1809 230 1867 259 post

1078 271 1211 306 ple-isdem
1230 270 1408 305 tragicorum.
1422 268 1532 297 Fabulae
1542 270 1602 304 ejus
1617 273 1683 296 sunt
1698 269 1865 304 quindecim.

1112 317 1198 350 Σοφδς
1221 317 1384 347 incantator,
1404 315 1619 343 incantationum
1634 316 1752 351 peritus.
1768 315 1865 342 Psalm.

1077 369 1153 393 Lvul,
1173 362 1198 389 5.
1215 361 1362 388 Oraculum
1378 370 1386 388 :

1147 431 1233 463 Σοφδς
1248 431 1396 464 Σπροχὶῆς,
1409 430 1562 464 septimm;
1577 429 1600 456 δ’
1621 423 1774 465 Εὐριπίδης

1155 466 1272 501 Ἀνδρῶν
1289 466 1316 492 δὲ
1331 466 1440 492 πάντων
1462 466 1608 500 Σωκράτης
1627 465 1797 500 copious“.

1114 541 1252 575 Sophron.
1269 540 1471 575 Syracusanus,
1488 538 1648 574 Agathoclis
1663 545 1691 567 et
1707 539 1865 575 Damnasyl-

1079 587 1141 614 lidis
1162 585 1192 613 F.
1209 587 1256 620 qui
1279 586 1347 613 vixit
1363 586 1533 619 temporibus
1550 585 1650 613 Xerxis
1673 590 1701 612 et
1718 585 1863 620 Euripidis.

1078 635 1194 669 Scripsit
1210 633 1306 661 Mimos
1318 634 1412 660 viriles
1423 638 1450 660 et
1464 633 1560 660 Mimos
1578 633 1727 660 muliebres
1745 633 1865 660 oratione

1078 681 1167 708 soluta
1181 685 1207 707 et
1227 681 1343 707 dialecto
1361 679 1474 711 Dorica,
1488 686 1558 714 quos
1576 678 1730 710 Platonem,
1749 679 1865 713 philoso-

1078 727 1173 761 phum,
1192 733 1300 760 semper
1320 725 1457 752 lectitasse
1471 725 1578 758 ferunt,
1593 726 1663 752 adeo
1678 731 1709 751 ut
1731 725 1864 752 interdum

1077 771 1160 798 etiam
1176 771 1209 798 iis
1222 771 1395 798 indormit-et.

1113 817 1250 851 Sophron,
1277 817 1401 844 comicus
1425 817 1506 847 (male
1527 822 1656 853 tanquam
1686 819 1825 845 diversam
1849 825 1862 844 a

239 867 366 893 historica
384 867 427 902 (de
441 866 541 901 quibus
552 867 664 894 I‘hotius
680 867 740 894 cod.
751 866 854 901 CLXI).
868 867 949 901 hujus
965 875 1025 894 esse
1041 858 1062 888 Β
1078 863 1167 897 priore
1180 861 1279 890 Suidas
1295 865 1514 897 commemorat).
1533 863 1570 891 Ex
1594 865 1675 899 hujus
1695 865 1863 892 dramatibus

240 913 327 940 aiunt.

276 957 406 993 Sophilus
426 957 570 993 Sicyonius
585 962 632 985 aut
648 957 814 989 Thebanus,
832 959 954 986 comicus
969 967 1026 987 mc-

240 1003 290 1029 (IILE
302 1003 453 1030 comoediae.
469 1004 534 1038 Ejus
545 1004 642 1031 fabula!
655 1009 721 1030 sunt
740 1004 907 1040 Κιθαρῳόὸς,
920 1006 1026 1041 Φύλαρ-

239 1058 296 1084 χος,
313 1050 471 1083 Τυνδάρεως
488 1050 504 1083 ἦ
517 1050 600 1082 mea,
617 1055 643 1077 et
657 1051 750 1085 Δηλία,
770 1055 799 1078 ιιι
813 1051 852 1078 ait
868 1051 1023 1079 Atltettazus.

241 1095 306 1122 Item
324 1095 468 1130 Χοιρίδιον,
486 1096 716 1131 Παρακαταθήκη.

277 1141 422 1176 Soplustas
451 1142 585 1169 vocabant
620 1150 732 1174 omnes,
762 1148 897 1178 quotquot
928 1144 1026 1172 litteris

241 1187 339 1214 eruditi
353 1191 432 1214 erant
447 1196 454 1214 :
472 1188 554 1215 etiam
569 1188 664 1222 σοφίαν
680 1189 823 1222 musicam,
842 1193 869 1216 et
887 1190 1026 1225 sophistas

245 1233 364 1261 musices
384 1233 503 1268 peritos,
520 1234 602 1261 etiam
622 1235 758 1271 tibicines.
779 1234 867 1267 Plato.
891 1237 1025 1269 comicus,

242 1279 269 1306 in
284 1280 417 1314 sopbistis
430 1279 602 1316 Bachylidem
620 1286 739 1316 poetam,
760 1281 909 1317 Opuntium
930 1283 1024 1318 sophi-

241 1328 309 1352 slam
325 1325 451 1360 appellat.
464 1326 660 1362 Aristophanes
671 1327 722 1355 hoc
734 1335 833 1354 nomen
851 1328 947 1355 tribuit
958 1329 1026 1356 artis

241 1370 431 1406 cujuscunque
456 1372 560 1406 peritis.
579 1372 684 1400 Deinde
709 1374 832 1408 sophista
848 1379 889 1401 est
909 1375 964 1407 ille,
980 1375 1026 1410 qui

241 1424 276 1443 ex
303 1417 370 1444 falsa
401 1419 585 1446 ostentatione
613 1419 755 1454 sapientiae
778 1425 912 1454 qumslum
937 1420 1027 1448 facere

244 1461 328 1487 novit.

1077 910 1206 944 πενθερὰ.
1220 914 1288 936 teste
1307 910 1436 937 Athenaeo
1450 910 1475 936 in
1494 910 1728 945 Dipnosophistis.

1113 955 1247 987 Soranus.
1262 955 1402 983 Menandri
1420 961 1446 983 ct
1462 956 1578 983 Phoebes
1588 956 1631 989 FZ,
1647 956 1795 991 Ephesius,
1811 965 1863 983 me-

1077 1003 1165 1035 dicus,
1183 1003 1228 1038 qui
1249 1003 1421 1029 Alexandria:
1444 1007 1630 1030 commoratus
1651 1007 1704 1035 est,
1721 1007 1750 1030 et
1775 1002 1862 1030 Romae

1077 1055 1162 1077 artem
1184 1049 1315 1076 medicam
1339 1050 1462 1077 exercuit
1477 1051 1528 1076 sub
1545 1048 1664 1083 Traiano
1684 1054 1712 1076 ct
1732 1050 1862 1082 Adriano,

1077 1096 1161 1130 impp.
1176 1096 1314 1130 librosque
1337 1095 1471 1130 plurimos
1490 1101 1517 1122 et
1534 1096 1738 1130 pulcherrimos
1754 1103 1863 1130 compo-

1076 1143 1141 1170 suit.

1111 1183 1244 1220 Soranus,
1262 1186 1407 1221 Ephesius,
1430 1187 1553 1214 medicus
1565 1186 1670 1221 junior,
1686 1187 1734 1221 qui
1758 1187 1861 1221 scripsit

1079 1234 1115 1262 De
1126 1234 1224 1262 morbis
1242 1233 1412 1262 muliebribus
1437 1232 1517 1260 libros
1534 1232 1596 1264 IV;
1612 1233 1778 1260 Indicarem
1802 1235 1862 1261 uitus

1076 1286 1102 1308 et
1124 1287 1210 1309 sectas
1225 1286 1250 1308 et
1272 1289 1352 1316 opera
1375 1281 1450 1307 libris
1467 1280 1503 1312 Χ,
1522 1285 1548 1307 et
1567 1280 1621 1306 alia
1635 1280 1755 1307 diversa.
1773 1280 1861 1308 Ascle-

1077 1329 1220 1364 piodotus,
1236 1328 1416 1363 philosophus
1427 1348 1434 1358 .
1448 1327 1516 1354 artis
1535 1327 1650 1354 medicae
1675 1327 1792 1361 peritus,
1807 1327 1862 1353 nnI-

1078 1374 1133 1401 Ium
1148 1374 1332 1402 recentiorum
1349 1374 1516 1401 medicorum
1533 1372 1623 1407 magni
1640 1372 1758 1399 faciebat
1770 1377 1863 1407 pra-ter

1077 1419 1208 1448 Iacobum
1221 1429 1228 1453 ;
1245 1427 1277 1447 ex
1292 1419 1494 1454 antiquioritus
1508 1426 1572 1445 vero
1587 1422 1648 1451 post
1663 1418 1861 1452 Hippocratem,

1078 1465 1214 1493 Soranum
1228 1465 1353 1496 Cilicem,
1369 1470 1551 1499 cognomento
1566 1464 1714 1492 Mallotcm.

278 1517 437 1552 Sophocles,
457 1518 561 1554 Sophill
578 1519 696 1548 Colonzei
708 1520 750 1554 F.,
768 1521 953 1556 Atheniensis,
973 1528 1026 1551 tra-

1114 1523 1253 1550 Σωσάννα.
1279 1521 1381 1549 Contra
1414 1521 1526 1548 Sextum
1561 1519 1722 1548 Africanum
1758 1521 1862 1556 scripsit

242 1564 336 1598 gicus,
361 1569 442 1593 natus
463 1566 571 1602 Olymp.
594 1566 719 1600 LXXIII,
743 1568 778 1596 ita
803 1574 834 1596 ut
860 1571 939 1598 annis
956 1570 1026 1599 XVII

242 1610 354 1638 Socrate
370 1611 509 1646 antiquior
531 1612 575 1639 sit.
592 1613 640 1640 llic
655 1614 760 1648 primus
779 1615 866 1643 tribus
887 1616 1029 1644 histrioni-

244 1656 294 1683 bus
309 1664 374 1684 usus
391 1662 469 1684 estet
486 1658 656 1693 tritagonistn
675 1660 731 1687 sive
747 1661 887 1688 tertiarum
910 1663 1026 1696 partium

243 1707 344 1729 actore.
365 1702 483 1730 Primum
499 1706 580 1730 etiam
597 1705 710 1732 chorum
727 1707 880 1740 quindecim
895 1708 1026 1742 iuvenum

245 1748 406 1780 introduxit,
433 1756 494 1775 cum
521 1754 598 1776 antea
624 1752 766 1778 duodecim
790 1757 895 1779 tantum
923 1759 1026 1782 essent.

244 1792 317 1819 ldcm
343 1793 432 1820 dictus
455 1794 531 1828 apis,
553 1800 665 1830 propter
688 1797 819 1824 orationis
843 1798 1025 1827 suaiitatem:

246 1838 351 1872 primus
373 1839 456 1865 etiam
482 1839 596 1873 singulis
619 1839 719 1867 fabulis
735 1846 840 1869 certare
863 1844 956 1877 cmpit,
973 1850 1027 1871 non

244 1883 395 1918 tetralogia.
410 1883 651 1920 ScripsitElcgiam
662 1891 688 1914 et
700 1886 811 1915 Paratias
824 1893 851 1916 et
866 1887 1026 1918 Orationem

243 1930 277 1957 de
291 1931 384 1962 choro,
398 1932 432 1958 tle
444 1939 498 1966 quo
514 1939 575 1958 cum
591 1931 726 1968 Thespide
741 1938 769 1961 et
778 1935 899 1962 Chmrilo
912 1940 1028 1963 conten-‘-

244 1976 335 2004 debat.
350 1975 410 2004 Filii
423 1978 481 2013 ejus
496 1977 571 2005 fuere
587 1977 894 2013 JOphon,Leostbeues,
904 1983 1026 2016 Ariston,

244 2022 411 2057 Stephanus,
429 2024 603 2052 Meneclides.
617 2024 691 2052 Obiit
703 2030 765 2060 post
784 2025 949 2061 Euripidem,
965 2035 1027 2056 cum

243 2073 315 2096 esset
344 2076 478 2096 annorum
501 2069 557 2097 XC.
586 2070 682 2098 Docuit
710 2071 815 2100 fabulas
841 2072 957 2107 CXXIII,
985 2074 1027 2101 vel

243 2115 325 2142 etiam
349 2116 435 2142 multo
463 2115 565 2150 plures,
590 2122 620 2143 ut
645 2117 755 2144 tradunt
776 2117 833 2144 alii.
853 2118 924 2145 Vicit
944 2118 1028 2147 vicies

244 2166 353 2195 quater.
376 2160 467 2193 (Conl‘.
491 2161 601 2189 Kusteri
633 2167 712 2190 notas
740 2166 806 2191 tom.
826 2163 876 2197 IlI,
899 2171 960 2200 pag.
975 2165 1027 2192 559

245 2207 319 2241 ww

280 2253 439 2288 Sophocles,
456 2253 591 2282 Aristonis
601 2253 644 2287 F.,
660 2254 775 2283 senioris
788 2255 929 2290 Sophoclis
945 2264 1029 2291 nepos

245 2297 437 2330 Atheniensis.
456 2300 587 2334 tragicus,
602 2300 648 2334 qui
667 2300 759 2327 docuit
781 2301 904 2328 dramata
920 2301 975 2334 XL,
989 2302 1029 2328 vel

246 2350 276 2372 ut
294 2344 352 2376 alii,
367 2344 413 2372 XI.
431 2345 502 2372 Vicit
524 2346 634 2380 septies.
651 2345 722 2372 Idem
744 2351 770 2372 et
786 2347 887 2380 elcgias
910 2348 1029 2382 scripsit.

246 2391 405 2426 Apollonius
428 2390 578 2426 (Tyaneus)
599 2392 724 2418 castitate
739 2391 899 2426 Sophoclem
917 2401 1030 2427 supcra-

247 2437 295 2469 vit,
307 2437 353 2472 qui
371 2444 452 2463 senex
465 2437 572 2463 deniqu
588 2444 695 2464 amores
711 2441 839 2472 tauquam
853 2438 984 2466 furiosum
1002 2445 1029 2468 ct

247 2491 346 2510 sievunt
363 2483 504 2510 dominum
523 2483 650 2518 emisisse
668 2491 697 2510 se
712 2484 827 2512 diccbat.
838 2485 1029 2520 Appollonium

248 2529 368 2556 libidinis
393 2537 428 2556 ne
453 2528 604 2563 Euphrates
635 2529 744 2562 quidem
773 2531 880 2565 arguit,
907 2532 1030 2566 quamvis

248 2575 332 2602 falsas
348 2575 452 2602 litteras
469 2575 600 2603 adversus
620 2583 682 2602 eum
699 2581 868 2604 commentus
882 2577 929 2610 sit,
941 2578 1032 2604 inimi-

247 2628 296 2649 cus
311 2621 360 2654 illi,
372 2621 444 2657 quod
461 2620 639 2656 Euphratem,
653 2622 776 2657 pecunia
790 2630 871 2650 caiisa
885 2623 1030 2651 facientem

246 2667 351 2699 omnia,
378 2668 504 2695 dcrideus
538 2669 699 2701 monuisset,
730 2676 763 2695 ne
789 2673 911 2705 pergeret
934 2670 1030 2704 σοφίαν

247 2714 424 2750 καπηλεύειν,
441 2715 588 2750 cauponan‘
601 2715 770 2750 sapientiam.

1079 1566 1230 1603 Origenes,
1258 1566 1373 1602 ejusque
1405 1570 1563 1601 argumenta
1591 1565 1740 1599 refutavit,
1768 1567 1863 1602 quibus

1079 1614 1178 1641 librum
1195 1613 1327 1640 Susanna:
1347 1614 1525 1648 impugnavit.

1115 1660 1258 1692 Sosibius,
1274 1659 1359 1692 Laco,
1373 1661 1585 1694 grammaticus,
1604 1668 1676 1688 unus
1694 1668 1806 1693 eorum,
1822 1661 1863 1695 qni

1086 1706 1252 1733 Ἐπιλυτικοὶ
1279 1705 1346 1741 (ειγ
1354 1711 1497 1734 vocantur.
1512 1706 1638 1741 (Scripsit
1655 1707 1743 1741 varia)
1764 1708 1791 1734 in
1807 1707 1863 1742 qui—

1080 1753 1130 1779 bus
1145 1755 1172 1779 et
1196 1753 1247 1778 hoc
1267 1751 1360 1783 tradit,
1379 1759 1440 1779 esse
1455 1751 1592 1786 quoddam
1608 1752 1754 1780 comoediae
1771 1761 1862 1788 genus.

1079 1798 1152 1833 quod
1180 1798 1370 1826 Dicelislarum
1394 1802 1421 1825 et
1438 1798 1608 1826 Mimelorum
1632 1800 1803 1835 Δικηλιστῶν
1819 1799 1863 1826 ιιι

1078 1845 1213 1881 Μιμηλῶν
1226 1845 1364 1880 proprium
1385 1845 1423 1872 Iit.
1441 1844 1477 1872 De
1498 1845 1588 1872 Mimis
1602 1845 1724 1880 antiquis
1738 1847 1765 1873 in
1783 1846 1862 1874 Laco-

1079 1893 1134 1922 nia.
1151 1891 1219 1926 Περὶ
1238 1891 1293 1917 τῶν
1319 1889 1455 1926 Μιμηλῶν
1470 1891 1499 1918 ὲν
1511 1893 1653 1927 Λακωνικῇ
1667 1892 1862 1928 ἱστορουμένων

1078 1937 1211 1970 τὲαὶαιῶν,
1229 1941 1255 1964 et
1269 1937 1331 1965 alia.

1115 1983 1292 2018 Sosiphanes,
1312 1982 1424 2010 Sosiclis
1439 1982 1481 2015 Ε,
1495 1983 1624 2018 tragicus,
1641 1983 1737 2011 docuit
1763 1984 1862 2012 fabulas

1079 2026 1198 2059 LXXIII,
1216 2027 1279 2054 vicit
1305 2027 1416 2062 septies.
1435 2026 1483 2055 Est
1503 2032 1530 2055 et
1553 2028 1610 2061 ipSe
1624 2035 1656 2055 ex
1679 2033 1787 2063 septem
1805 2030 1860 2061 illis.

1078 2074 1124 2108 qui
1134 2073 1222 2101 Pleias
1234 2077 1297 2101 sunt
1310 2073 1446 2108 appellati.
1464 2073 1727 2108 Vixitsubpxtrema
1747 2080 1861 2111 tempora

1078 2119 1195 2155 Philippi
1212 2119 1253 2146 vel
1266 2119 1412 2147 Alexandri
1428 2118 1590 2148 Macedonis.
1609 2119 1683 2147 Obiit
1709 2120 1861 2157 Olympiade

1078 2166 1137 2194 CXI
1156 2166 1196 2193 vel
1211 2165 1305 2193 CXIV.

1045 2210 1068 2236 Β
1117 2213 1266 2246 Sositheus,
1284 2213 1473 2249 Syracusanus
1488 2218 1535 2242 aut
1551 2213 1739 2247 Atheniensis,
1756 2214 1799 2242 vel
1819 2221 1860 2249 po-

1079 2258 1133 2286 tius
1153 2259 1356 2288 Alexandrinus
1377 2268 1410 2287 ex
1425 2260 1589 2287 Alexandria
1610 2259 1720 2292 Troica.
1750 2268 1820 2288 unus
1831 2267 1860 2286 cx

1078 2306 1194 2340 pleiade,
1208 2307 1322 2334 :emulus
1335 2306 1454 2339 Homeri,
1471 2306 1635 2340 tragicigﬁlii
1649 2305 1753 2341 Myrus,
1767 2306 1860 2341 Hylan-

1080 2352 1153 2382 tina».
1176 2351 1222 2386 qui
1239 2351 1331 2380 ﬂoruit
1346 2351 1507 2387 Olympiade
1523 2351 1637 2380 CLXIV.
1662 2351 1780 2386 Scripsit
1804 2359 1859 2386 νοω

1080 2400 1151 2423 mata
1167 2400 1194 2423 et
1206 2397 1257 2424 alia
1271 2404 1349 2431 prosa
1365 2397 1497 2424 oratione.

1114 2441 1238 2474 Sotades,
1263 2442 1439 2477 Byzantinus.
1453 2442 1644 2478 philosophus,
1660 2449 1691 2470 ut
1705 2443 1789 2470 tradit
1806 2442 1859 2470 Ari-

1080 2486 1179 2513 stocles
1197 2486 1264 2512 libro
1278 2484 1310 2512 VI
1323 2487 1355 2513 de
1366 2486 1548 2520 philosophia.

1116 2530 1242 2563 Sotades,
1271 2531 1454 2563 Atheniensis,
1485 2531 1608 2559 comicus
1633 2532 1731 2560 media:
1768 2539 1861 2560 comae:

1079 2577 1140 2604 diae.

1116 2622 1240 2654 Sotades,
1258 2622 1406 2656 Cretensis,
1418 2619 1562 2656 Maronita,
1579 2622 1764 2658 δαιμονισθεὶς
1780 2631 1797 2649 ιι
1808 2623 1857 2649 da-

1080 2669 1167 2696 mouio
1177 2669 1449 2701 vexalusﬁamborum
1461 2669 1591 2703 scriptor.
1606 2668 1720 2704 Scripsit
1733 2669 1856 2703 φλύακας.

1078 2723 1164 2751 Iugas
1182 2717 1238 2744 sive
1258 2715 1404 2749 κιναίδους,
1433 2715 1523 2743 Ionica
1544 2716 1648 2750 lingua,
1673 2716 1743 2743 unde
1765 2714 1857 2742 ἱωνικοὶ

281 2815 338 2851 (ιι)
351 2817 403 2850 Qui
427 2816 548 2846 diﬁciles
567 2818 730 2853 quaestiones
750 2818 902 2854 propositas
925 2818 1089 2846 dissolvunt.
