1904 3072
117 125 190 157 1353
205 138 208 141 ·

737 125 785 155 DE
805 123 946 161 QUIBUS
968 124 1116 156 SUIDAS.

1673 126 1742 162 L355

110 182 225 209 bantur.
242 180 314 207 idem
333 179 359 206 in
381 178 485 206 Lenaeis
498 183 593 215 postea
608 179 754 208 faciebant.
771 181 901 208 Mulieres
918 183 943 212 A
957 182 1040 208 monii
1065 187 1292 215 retrocesserunt,
1313 188 1391 219 turpe
1410 185 1540 213 ducentes
1557 193 1619 214 cum
1645 189 1742 216 mulie-

110 226 321 254 Atheniensium
336 245 344 257 ,
366 225 491 259 plaustro
524 230 627 259 vectae,
658 234 720 253 cum
744 226 900 254 Eleusinem

111 273 191 300 ibant
207 272 241 299 ad
259 278 356 305 magna
371 271 508 305 mysteria,
525 271 550 297 in
569 271 611 297 via
627 278 656 298 se
675 272 779 299 mutuis
806 273 900 299 convi-

109 319 165 346 ciis
198 317 412 344 insectabantur.
445 316 621 343 Alexandrini
653 317 717 344 olim
747 319 901 345 animarum

109 364 304 391 lustrationem
318 363 462 390 faciebant.
475 363 563 390 Certis
576 363 647 390 enim
660 363 756 390 diebus
767 364 900 396 homines,

110 410 242 437 curribus
266 409 348 440 vecti,
363 408 462 443 quibus
480 408 532 435 hoc
558 409 646 443 ipsum
666 417 766 437 munus
790 410 902 437 manda-

110 459 171 481 tum
199 459 268 486 erat,
284 462 331 489 per
352 459 436 481 totam
454 455 547 481 urbem
567 455 653 487 ibant,
673 460 700 482 et
723 460 836 487 stantes.
855 456 901 483 ubi

109 501 222 532 vellent,
239 505 266 527 et
280 501 313 527 ad
333 500 445 527 domum
461 501 655 532 subsistentes.
669 502 825 537 ubicunque
848 503 903 537 pla-

110 547 227 577 cuisset,
242 546 276 573 de
291 547 411 581 plaustro
423 547 615 581 loquebantur,
625 555 678 574 non
695 547 762 575 falsa
777 549 901 576 convicia

108 591 259 626 jactantes,
277 591 324 619 sed
350 599 413 619 vera
440 592 556 619 crimina
574 593 784 627 exprobrantes,
799 599 851 621 etc.

91 634 98 672 ᾖ
149 638 191 664 Τὰ
207 638 255 663 ἐπὶ
270 638 408 670 κοπκίνοῡ,
426 638 460 664 ad
486 638 602 665 cribrum
624 639 706 671 dicta,
729 640 761 666 de
778 639 840 672 illis,
855 640 901 675 qui

112 690 165 717 per
175 683 297 710 cribrum
316 688 343 710 et
361 684 495 718 tripodem
524 689 571 711 aut
592 692 691 711 aurttm
705 685 900 713 vaticinantur.

150 729 191 754 Τὰ
212 729 364 761 Ναννάκου,
385 737 478 764 supra,
499 729 655 757 Nanuacus.

149 774 301 806 Ταντάλου,
315 782 397 808 supra
409 775 502 802 lsaaus.

149 820 192 846 Τὰ
205 819 325 854 Σαμίων.
341 819 441 854 Supra,
463 820 584 854 Σαμίων.

956 227 1035 255 ribus
1057 236 1189 263 pugnare.
1208 228 1253 256 Sic
1267 230 1428 263 completum
1441 236 1483 259 est
1497 232 1648 265 oraculum,
1666 239 1718 262 etc.

993 270 1123 306 Telcstes,
1141 273 1275 301 comicus.
1290 273 1376 308 Ilujus
1389 276 1510 303 dramata
1529 277 1617 312 Ἀργὼ
1633 283 1661 306 et
1682 279 1744 306 Ἀσ-

955 318 1081 353 κληπιός,
1100 323 1130 346 ut
1158 322 1274 346 testatur
1301 319 1459 352 Athemcus,
1488 321 1547 349 XIV
1577 324 1742 360 llipnnsoph.

990 360 1028 389 De
1039 361 1187 390 Telmessia
1197 363 1276 397 vulpe
1289 371 1379 390 rerum
1391 363 1581 394 Thebanarmu
1597 369 1743 403 scriptores

954 407 1064 442 copiose
1078 407 1258 440 tradiderunt,
1289 412 1318 434 ut
1341 409 1541 445 Aristodemus,
1563 416 1617 440 etc.
1642 413 1741 442 Fabula

956 453 1097 487 desumpta
1114 460 1147 480 ex
1166 453 1247 488 Cyclo
1261 454 1348 488 epieo.

992 497 1155 530 Telmissus,
1173 499 1240 526 urbs
1256 499 1354 535 Lyciae,
1371 508 1385 527 a
1402 501 1545 535 Telmisso,
1561 505 1617 532 lilio
1632 508 1743 540 Apolli-

955 544 999 571 nis
1009 548 1034 571 et
1050 545 1130 572 unius
1147 545 1264 572 ﬁliarum
1281 546 1439 581 Antenoris,
1455 557 1536 583 quam
1554 552 1738 588 prodigiorum

956 589 1130 624 interpretem
1141 592 1342 626 τερατοσκόπου
1357 593 1429 627 fecit,
1443 599 1472 622 ut
1488 600 1584 624 auctor
1598 596 1743 634 Dionysius

955 635 985 662 ἐν
1001 635 1112 662 Κτίσεσι
1131 637 1187 664 sive
1206 637 1370 672 Originibus.

993 682 1085 713 Τέλος.
1103 682 1198 715 Solon,
1215 689 1374 717 prmsentem
1400 684 1486 713 Crmsi
1515 687 1651 717 fortunam
1680 698 1745 718 con-

955 732 1091 760 temnens,
1116 728 1200 762 jussit
1219 737 1280 757 eum
1307 731 1389 759 totius
1411 732 1473 760 vitae
1498 734 1578 762 finem
1604 743 1746 772 exspecta-

955 783 996 808 re,
1023 780 1076 803 etc.

991 820 1090 851 Aristo,
1102 820 1198 855 Citius,
1214 821 1300 854 τέλος,
1314 822 1406 857 ﬁnem,
1421 831 1483 853 esse
1494 825 1572 860 dixit,
1587 827 1745 858 indiﬂ‘cren-

150 865 295 892 Tatianus.
328 865 376 893 llic
405 867 455 892 sub
485 866 595 894 .Iuliano
619 867 750 895 Parabatc
774 869 903 904 martyrio
919 859 940 887 Β
956 871 996 893 ter
1013 874 1042 894 se
1064 867 1166 894 habere
1191 867 1224 894 ad
1244 875 1275 895 ea
1291 877 1352 904 qua
1367 869 1438 898 inter
1459 871 1588 900 virtutem
1604 878 1630 901 et
1648 876 1742 903 vitium

109 912 183 939 obiit
208 911 274 946 (una
304 918 367 938 eum
393 912 557 948 Theodulo),
587 918 615 940 ut
641 919 735 941 narrat
768 914 845 942 Suid.
875 915 903 942 in

118 957 262 991 Ἀμάχιος.

148 1003 340 1038 Ταυροφάγος,
352 1002 488 1036 Bacchus,
507 1003 578 1038 quod
597 1004 651 1031 illis
667 1005 713 1039 qui
729 1005 903 1041 dithyrambo

111 1049 249 1080 vicerant,
272 1049 324 1076 bos
350 1049 464 1084 praemio
487 1050 607 1077 daretur.
632 1051 685 1078 Alii
714 1051 902 1080 Aristarchum

116 1095 176 1122 falli
187 1095 291 1126 dicunt.
304 1099 454 1130 putantem,
466 1099 574 1122 taurum
588 1096 642 1123 illis
655 1096 740 1124 fuisse
749 1099 902 1132 praemium.

112 1140 311 1175 Aristophanes
332 1141 472 1168 Cratinum
500 1142 566 1168 dixit
591 1143 774 1178 ταυροφάγου,
808 1145 850 1172 vel
875 1149 904 1172 ut

113 1187 303 1219 crudivnrum,
325 1187 367 1214 vel
396 1191 427 1213 ut
449 1187 504 1214 vini
523 1193 672 1220 amantem,
690 1189 813 1224 adeoque
834 1190 902 1219 Bac-

113 1232 212 1264 chum,
226 1232 266 1259 vel
282 1232 353 1266 quod
372 1236 459 1260 mater
472 1232 575 1260 Cratini
591 1235 678 1262 sacris
692 1234 790 1263 Bacchi
807 1245 905 1272 μοσχι)-

114 1278 206 1312 φάγου
220 1282 292 1305 esset
302 1277 421 1309 initiata,
439 1282 491 1305 etc.

151 1321 268 1355 Taurus,
280 1322 414 1357 Berytius,
428 1323 606 1358 philosophus
618 1323 783 1358 Platonicus,
795 1327 840 1362 qui
853 1327 905 1356 fuit

117 1368 170 1395 sub
184 1368 321 1395 Antonino
338 1367 397 1395 Pio.
413 1368 526 1402 Scripsit
540 1369 576 1396 De
586 1370 736 1404 diﬂ'erentia
750 1372 904 1407 dogmatum

114 1413 238 1441 Platonis
248 1418 272 1440 et
288 1413 439 1440 Aristotelis
453 1423 463 1447 ;
475 1414 512 1440 De
529 1417 681 1450 corporibus
706 1422 730 1444 et
744 1418 903 1453 incorporeic

111 1459 201 1490 rebus,
217 1463 243 1485 et
255 1459 307 1486 alia
321 1459 448 1494 plurima.

150 1502 283 1537 Telanges
299 1502 429 1538 (genitivo
453 1503 634 1539 Τηλαυγοῦς),
663 1504 783 1539 Samius,
803 1506 902 1543 Pytha-

113 1556 188 1584 gora
204 1549 292 1583 magni
305 1549 376 1576 ﬁlius
391 1554 418 1576 et
429 1550 592 1585 discipulus,
613 1551 745 1586 magister
762 1552 898 1587 Empedo-

112 1595 175 1622 clis.
204 1593 318 1630 Scripsit
353 1595 392 1622 De
406 1596 543 1631 Tetracty,
568 1598 625 1625 sive
662 1598 840 1631 Quaternione
865 1599 900 1626 li-

113 1640 176 1666 bros
193 1639 206 1666 Ι
217 1639 246 1666 γ.

150 1686 304 1721 Telegonus
319 1687 422 1721 primus
437 1692 522 1714 artem
537 1689 676 1717 divinandi
695 1691 810 1723 invenit.
826 1699 849 1720 e.
870 1701 899 1728 g.

114 1734 136 1760 si
152 1733 180 1760 in
198 1737 269 1760 tecto
282 1734 394 1761 mustela
410 1734 451 1761 vel
470 1742 583 1769 serpens
599 1737 766 1770 apparuerit,
792 1738 844 1765 hoc
859 1738 901 1766 vel

111 1778 180 1807 Illud
196 1779 340 1814 significat.
367 1780 463 1813 Supra,
486 1781 512 1807 in
537 1782 713 1818 Οἰωνιστική.

151 1822 295 1856 Telephus,
325 1824 518 1858 Pergamenus,
555 1827 762 1860 grammaticus,
792 1828 901 1863 scripsit

114 1869 186 1901 Quot
215 1877 255 1896 res
278 1870 481 1904 grammaticum
507 1872 574 1897 scire
600 1877 718 1905 oporteat
732 1882 742 1905 ;
756 1873 794 1900 De
807 1874 901 1908 ﬁguris

113 1915 251 1942 rhetoricis
269 1916 340 1950 apud
362 1916 511 1943 Homerum
541 1918 620 1944 libros
637 1917 692 1951 II;
712 1919 747 1945 De
774 1921 901 1947 sermonis

114 1960 198 1987 Attici
209 1961 401 1988 constructione
417 1961 496 1988 libros
513 1961 547 1994 V;
562 1961 599 1988 Dc
609 1964 749 1990 Homerica
760 1965 902 1999 rhetorica;

114 2004 155 2032 De
169 2005 276 2032 Homeri
291 2011 314 2031 et
330 2005 448 2033 Platonis
467 2015 613 2040 consensit;
635 2007 722 2036 Varia:
743 2011 900 2038 eruditionis

113 2052 241 2087 ποικίλης
254 2052 415 2086 φιλομαθιας
431 2053 511 2080 libros
527 2053 579 2086 II;
598 2053 769 2090 Tragicorum
781 2061 807 2082 et
821 2058 902 2085 comi-

113 2105 205 2124 corum
230 2097 313 2124 Vitas.
339 2098 653 2134 ΒιδΛιακῆςὲμπειρίας,
668 2100 901 2129 Denotitialibra-

113 2151 173 2169 rum
185 2143 265 2170 libros
283 2142 340 2175 III,
357 2143 382 2170 in
396 2144 496 2178 quibus
510 2145 599 2176 docet,
617 2146 662 2179 qui
679 2146 738 2172 libri
751 2151 815 2174 snnt
827 2155 902 2175 com-

956 913 1047 939 mcdia
1059 919 1134 945 sunt,
1147 921 1198 941 nec
1209 915 1250 942 vel
1262 915 1404 943 minimum
1420 916 1446 943 in
1461 917 1617 946 alterutram
1639 926 1742 955 partem

956 956 990 982 ab
1007 957 1080 984 hisce
1095 958 1215 991 moveri;
1235 959 1282 986 sed
1296 959 1323 987 in
1338 961 1466 989 omnibus
1482 964 1562 991 rebus
1574 966 1670 999 aequali
1682 974 1744 994 esse

955 1003 1057 1030 animo.
1088 1003 1243 1038 Sapientem
1259 1006 1332 1033 enim
1361 1007 1478 1035 similem
1495 1017 1556 1037 esse
1571 1011 1743 1048 ἀγαθῷΰτω-

956 1049 1049 1084 κριτῇ,
1072 1048 1196 1076 idoneam
1215 1058 1360 1085 pt-rsonam
1379 1052 1405 1079 in
1422 1060 1503 1081 scena
1519 1056 1620 1090 agenti.

992 1094 1158 1129 Terpander,
1174 1096 1298 1129 Arnzeus,
1322 1101 1370 1126 aut
1396 1106 1461 1126 vero
1477 1107 1510 1127 ex
1527 1099 1606 1129 Lesbi
1621 1102 1741 1134 civitate.

956 1139 1077 1172 Antissa,
1095 1141 1136 1167 vel
1153 1140 1303 1170 Cumanus.
1317 1143 1370 1170 Alii
1389 1144 1423 1171 ab
1434 1143 1563 1179 Hesiodo.
1576 1147 1610 1175 ab
1625 1147 1743 1178 Homero

956 1186 1000 1212 alii
1016 1195 1101 1221 genus
1111 1195 1171 1214 eum
1188 1189 1263 1216 aiunt
1279 1189 1400 1223 duxisse,
1416 1191 1553 1228 fuisseque
1565 1194 1649 1223 ﬁlium
1665 1197 1740 1229 Boei,

955 1232 1001 1267 qui
1016 1232 1088 1260 ﬁlius
1103 1232 1213 1267 Phor-ci,
1236 1243 1321 1269 nepos
1334 1236 1529 1272 Euryphontis,
1554 1240 1663 1270 Homeri
1678 1251 1743 1278 pro-

956 1285 1039 1312 nepos
1055 1279 1201 1307 exstiterit.
1228 1280 1343 1316 Lyricus
1359 1282 1403 1310 ille
1418 1284 1504 1319 lyram
1519 1286 1625 1320 primus
1638 1294 1740 1324 septem

955 1324 1065 1352 chordis
1083 1325 1223 1358 instruxit,
1237 1331 1264 1354 et
1279 1328 1376 1362 lyricos
1392 1337 1483 1358 nomo:
1502 1332 1607 1366 primus
1623 1336 1742 1370 scripsit,

955 1371 1080 1405 quamvis
1097 1371 1206 1406 quidam
1223 1373 1256 1400 ad
1278 1373 1494 1404 Philammonem
1511 1379 1564 1406 hoc
1577 1379 1710 1409 referunt.

993 1415 1145 1453 Tetractys.
1159 1418 1319 1454 Pythagorei
1332 1428 1440 1449 omnem
1452 1431 1597 1452 numerum
1609 1427 1744 1455 vocabant

954 1463 1171 1496 quaternionem.
1201 1463 1396 1500 Omnis.enim
1428 1475 1559 1496 numerus
1591 1472 1744 1506 completur

954 1507 1064 1536 denario
1078 1507 1092 1540 ;’
1105 1509 1232 1538 denarius
1246 1518 1312 1538 vero
1328 1519 1362 1539 cx
1384 1515 1525 1547 quaternis
1552 1518 1739 1551 componitur.

953 1553 1042 1589 Magni
1057 1554 1138 1582 etiam
1156 1555 1292 1584 faciebant
1314 1561 1519 1592 quateruarium
1543 1561 1578 1589 ob
1591 1567 1741 1597 quaternas

953 1597 1022 1624 lunae
1037 1597 1149 1631 formas,
1163 1604 1216 1628 etc.

989 1643 1151 1680 Tctralogia.
1168 1645 1323 1675 Secundum
1339 1649 1469 1684 tragicam
1486 1652 1653 1687 tetralogiam
1666 1654 1742 1682 Plato

953 1689 1076 1725 dialogos
1104 1691 1198 1718 edidit.
1231 1692 1339 1729 Tragici
1368 1695 1440 1722 enim
1471 1699 1612 1731 quaternis
1642 1699 1742 1728 fabulis

953 1736 1102 1769 certabant,
1116 1736 1263 1774 Dionysiis,
1289 1740 1402 1774 Lenteis,
1424 1741 1600 1775 Parthenzeis.
1621 1745 1740 1781 Chytris,

957 1788 1073 1816 quarum
1102 1787 1199 1817 quarta
1213 1789 1272 1812 erat
1285 1787 1412 1821 satyrico.
1427 1787 1529 1824 Dialogi
1550 1789 1669 1818 Platonis
1680 1799 1724 1819 om
1734 1808 1742 1813 -

954 1836 1003 1856 ncs
1018 1828 1084 1861 LVI,
1102 1829 1129 1856 in
1144 1831 1260 1865 singulis
1287 1831 1429 1867 inscriptio
1452 1835 1563 1869 duplex,
1583 1844 1636 1864 una
1663 1845 1677 1864 a
1693 1846 1742 1866 no—

954 1874 1038 1906 mine,
1055 1875 1141 1902 altera
1165 1883 1180 1902 a
1206 1884 1245 1903 re.
1276 1877 1304 1904 in
1329 1879 1473 1914 tctralogia
1507 1881 1592 1914 prima
1610 1882 1740 1911 familiam

953 1916 1029 1944 ducit
1045 1917 1217 1953 Eutyphron,
1248 1919 1305 1946 sive
1319 1921 1353 1947 de
1370 1923 1527 1955 sanctitate,
1542 1924 1665 1960 dialogus
1681 1936 1743 1954 πει-

955 1963 1094 1998 ραστικός,
1116 1964 1174 1991 sive
1191 1965 1353 1999 explorandi
1366 1974 1450 1995 causa
1466 1968 1619 1997 institutus.
1636 1971 1741 2000 Secun-

954 2008 1016 2040 dus,
1030 2009 1158 2045 Apologia
1177 2009 1308 2043 Socratis,
1334 2012 1380 2046 qui
1401 2018 1442 2040 est
1470 2015 1593 2043 moralis.
1621 2016 1740 2048 Tertius.

955 2055 1060 2088 Criton,
1077 2055 1133 2083 sive
1149 2057 1182 2083 de
1198 2064 1230 2084 eo
1243 2057 1315 2091 quod
1330 2062 1372 2084 est
1386 2057 1552 2092 faciendum,
1576 2062 1670 2090 itidem
1684 2072 1743 2091 mo-

954 2101 1029 2128 ralis.
1042 2101 1171 2134 Quartus.
1186 2102 1315 2137 Phaadou,
1329 2104 1386 2131 sive
1404 2105 1436 2132 de
1453 2106 1553 2139 anima,
1571 2108 1617 2142 qui
1635 2114 1661 2136 et
1684 2110 1742 2143 ipse

955 2147 1065 2173 moralis
1077 2153 1127 2174 est.
1157 2147 1193 2175 De
1210 2149 1329 2176 secunda
1358 2150 1498 2185 tctralogia
1513 2156 1541 2179 et
1563 2155 1742 2187 sequentibus

113 2191 212 2223 paratu
226 2188 312 2222 digni.
329 2188 393 2214 Item
411 2187 556 2214 Homerum
571 2189 655 2215 solum
670 2198 702 2216 ea:
710 2191 823 2225 antiquis
836 2199 901 2226 puro
918 2203 940 2231 ο
954 2191 1069 2219 habetur
1097 2193 1124 2220 in
1146 2194 1216 2222 libro
1242 2194 1367 2229 Diogenis
1393 2195 1492 2224 Laertii
1516 2197 1555 2225 De
1575 2200 1635 2227 vitis
1656 2200 1743 2235 philo-

113 2239 234 2260 urmone
257 2233 348 2260 (ἐνωεο
373 2234 432 2266 uti;
463 2233 667 2268 Deuriplionem
696 2235 839 2270 Pergami;
865 2237 903 2265 De

114 2278 255 2314 Augustali
269 2279 431 2313 Pergameno
445 2279 525 2306 libros
542 2279 574 2306 Il
585 2290 595 2313 ;
614 2281 650 2308 De
661 2282 809 2310 dicasteriis
825 2285 904 2312 Atlte-

114 2326 268 2357 nieusium;
289 2325 325 2352 Dc
342 2326 540 2352 Atheniensium
556 2326 656 2362 legibus
668 2333 692 2355 et
711 2330 848 2363 moribus;
864 2331 903 2358 De

113 2369 239 2404 Pergami
253 2371 355 2405 regibus
369 2371 449 2397 libros
467 2370 551 2404 V;De
564 2380 624 2405 usu,
637 2373 693 2401 sive
702 2375 735 2401 de
747 2365 902 2404 nominibus

113 2416 228 2443 vestitus
240 2421 266 2442 et
281 2416 397 2442 aliarum
417 2423 520 2448 rerum,
538 2417 637 2451 quibus
666 2418 777 2450 utimur.
811 2421 903 2447 ordine

113 2462 298 2496 alphabetico;
326 2462 365 2489 De
396 2462 496 2498 Ulyssis
523 2472 631 2496 errore;
665 2464 818 2500 Ocytocion,
845 2466 903 2494 sive

113 2507 240 2535 Collectio
252 2508 436 2541 epit/totarum,
466 2509 599 2536 cidemrci
623 2511 839 2544 convenientium,
867 2513 902 2539 ad

113 2555 262 2588 expeditum
276 2555 398 2581 dictionis
417 2556 518 2590 copiam
535 2556 694 2589 parandam,
709 2557 785 2584 libris
803 2558 834 2585 X.

151 2601 289 2632 Telesilla,
320 2600 436 2634 poetria.
465 2600 535 2628 Huic
562 2606 650 2628 statua
681 2603 769 2636 posita
799 2608 851 2636 cst,
867 2604 900 2631 ad

113 2647 194 2680 cujus
209 2647 290 2681 pedes
305 2647 366 2673 libri
377 2647 479 2681 jaceat,
506 2647 582 2681 galea
596 2654 660 2674 vero
676 2648 757 2682 capiti
774 2649 834 2683 ejus
850 2649 902 2677 im-

113 2692 201 2726 posita
215 2696 267 2719 est.
293 2691 360 2719 Nam
376 2700 438 2721 cum
455 2691 667 2725 Lacedaemonii,
686 2694 836 2722 interfectis
864 2696 898 2723 iis

112 2738 159 2772 qui
174 2738 201 2764 in
217 2739 345 2773 templum
364 2739 556 2774 confugerant,
573 2739 737 2774 Argivorum
752 2740 784 2767 ad
805 2741 898 2768 urbem

112 2783 274 2817 capiendam
290 2785 370 2817 irent,
387 2784 514 2812 Telesilla
529 2785 657 2812 mulieres
672 2787 788 2812 armavit
806 2790 832 2813 ct
850 2786 899 2813 ho-

111 2827 203 2858 stibus
218 2830 325 2858 obviam
343 2831 484 2865 processit.
514 2831 591 2863 Quod
608 2831 755 2866 conspicati
773 2831 900 2860 Laceda-

275 2877 410 2908 Pnnos.
426 2879 484 2909 Gn.
505 2879 556 2909 CX
564 2879 631 2910 ΠΙ.

955 2238 1107 2272 sopitorum.

992 2283 1158 2312 Tetrametri
1183 2286 1312 2314 carminis
1327 2287 1453 2315 inventor
1481 2288 1532 2316 fuit
1546 2290 1742 2327 Aristophanes

954 2333 1044 2364 poeta.

990 2371 1105 2405 Teucer,
1116 2373 1276 2408 Cyzicenus,
1289 2375 1335 2410 qui
1347 2376 1456 2411 scripsit
1470 2377 1507 2405 De
1520 2380 1639 2415 aurifera
1651 2387 1742 2416 terra;

955 2418 992 2444 De
1007 2417 1160 2453 Byzantio;
1179 2419 1426 2449 Mil/tridaticarum
1442 2432 1528 2451 rerum
1546 2426 1627 2454 libros
1649 2427 1666 2453 V
1681 2437 1691 2461 ;
1705 2429 1742 2456 De

956 2462 1024 2498 Tyro
1042 2465 1122 2492 libros
1146 2464 1186 2499 V;
1202 2466 1239 2493 De
1263 2467 1339 2494 rebus
1363 2468 1483 2496 Arabicis
1497 2470 1579 2498 libros
1595 2472 1631 2505 γ;
1645 2473 1741 2501 Ιαᾱαὶ-

953 2517 1010 2536 cam
1022 2509 1169 2538 Historiam
1182 2512 1257 2539 libris
1272 2512 1310 2539 Vl
1321 2522 1330 2545 ;
1344 2514 1542 2544 Adolescentunt
1553 2517 1742 2554 Cyzicenorum

954 2555 1181 2585 Exercitationem
1198 2558 1272 2585 libris
1290 2558 1349 2592 111,
1372 2563 1399 2587 et
1413 2561 1476 2588 alia.

987 2602 1096 2634 Thales,
1119 2602 1223 2631 Examii
1248 2610 1275 2631 et
1290 2604 1457 2635 Cleobulinae
1471 2607 1501 2636 F.
1531 2609 1660 2644 Milesia,
1687 2614 1741 2646 vel,

954 2653 983 2675 ut
996 2647 1134 2676 Herodoto
1149 2650 1264 2683 videtur,
1281 2651 1405 2686 thnix,
1420 2657 1500 2682 natus
1526 2661 1590 2684 ante
1613 2658 1739 2687 Cresum

952 2694 1052 2728 olymp.
1082 2693 1191 2725 XXXV.
1219 2697 1370 2724 secundum
1400 2697 1574 2734 Pblegontem
1601 2709 1665 2730 vero
1684 2703 1740 2739 jam

951 2741 1048 2768 claruit
1071 2742 1220 2777 olympiadc
1240 2742 1293 2771 Vll.
1314 2743 1440 2774 Versibus
1457 2747 1620 2776 hexametris
1633 2751 1742 2785 scripsit

952 2787 991 2813 De
1006 2789 1148 2821 meteoris;
1164 2789 1203 2816 De
1220 2791 1391 2824 trquiuoctio,
1421 2796 1448 2820 et
1463 2793 1515 2821 alia
1541 2795 1637 2823 multa.
1665 2797 1741 2825 Obiit

952 2842 1044 2868 senex,
1058 2843 1072 2862 a
1091 2836 1168 2862 turba
1185 2835 1270 2865 elisus
1281 2841 1308 2865 et
1321 2842 1390 2866 aestu
1405 2840 1541 2869 resolutus
1556 2849 1618 2871 eum
1634 2845 1737 2880 gymni-
