1904 3072
80 141 144 171 1357

699 138 747 167 DE
771 138 914 173 QUIBUS
934 135 1090 168 SUiDAS.‘

1633 130 1702 168 135.8

78 196 200 222 Mortuus
211 198 252 220 est
265 192 378 220 Athenis
395 192 482 220 aetatis
496 198 568 220 anno
583 191 654 224 XLI,
677 197 754 227 patre
775 193 864 228 ipsius
881 197 901 223 Λ
918 200 974 218 rere
999 191 1117 226 scripsit,
1133 195 1160 218 et
1185 190 1238 218 alia
1261 190 1378 219 diversa.
1407 189 1472 218 Erat
1483 195 1572 218 autem
1588 191 1706 226 Tripoli-

77 243 166 269 adhuc
181 241 338 275 superstite.
369 239 485 275 Scripsit
503 239 584 267 etiam
601 240 692 266 Artem
705 239 864 266 rhetoricam

77 289 213 320 versibus,
226 292 252 314 et
265 288 317 314 alia
328 287 450 321 quaedam
469 287 593 313 oratione
605 285 704 313 soluta.

111 334 291 363 Theodectes,
320 333 471 367 superioris
496 331 586 363 ﬁlius,
616 336 726 361 orator,
758 331 867 366 scripsit

76 380 235 407 Encominrn
248 379 402 409 Alexandri,
414 377 530 412 Epit-oue
542 387 550 410 ;
566 377 718 404 llistoricos
735 386 867 404 commen-

77 427 180 459 tarios;
207 424 336 451 Iustitnta
349 423 490 450 barbarica
504 433 513 456 ;
528 423 617 449 Artent
629 422 772 449 oratoriam
791 423 866 449 libris

83 471 150 502 VII,
167 475 195 498 et
221 471 288 497 alios
306 470 438 504 quosdam
459 469 689 496 Commentarios.

112 515 308 547 Theodericus.
324 515 387 542 Afer
403 516 461 548 (rex
485 514 636 541 Gothorum
659 519 687 541 et
713 514 866 549 Italorum),

77 561 225 587 diaconum
242 560 358 586 habebat
371 558 567 592 orthodoxum,
583 567 664 594 quem
680 559 757 586 valde
774 559 868 593 dilige-

76 606 125 633 bat
141 611 167 632 et
180 605 297 632 fovebat.
318 605 368 632 ilic
383 604 543 632 existimans
566 611 595 631 se
617 603 787 631 Theoderico
808 613 868 640 gra-

76 651 258 681 tiﬁcaturum,
300 650 334 677 ab
371 649 515 676 homousia
547 649 599 676 (ide
639 649 778 681 deﬁciens,
811 649 868 676 Arii

77 696 244 724 sententiam
263 695 340 729 sequi
360 694 450 729 cccpit.
480 694 666 722 Theodericus
691 699 792 726 autem,
818 696 869 722 hoc

76 741 200 776 cognito,
220 740 357 767 hominem
382 745 435 766 tam
453 740 565 766 charum
588 740 680 766 statim
705 740 793 774 capite
813 740 870 774 ple-

76 787 206 814 ctendum
219 786 334 817 curavit,
356 786 463 813 dicens:
480 783 511 812 Si
525 785 576 811 Deo
590 785 669 819 [idem
683 793 734 812 non
748 786 868 819 servasti,

76 833 210 867 quomodo
219 839 324 858 sacrant
331 831 517 858 conscientiam
525 839 586 866 ergo
595 831 726 857 hominem
735 831 850 858 servabis
857 832 870 859 .9

116 878 310 912 Theodoritus,
328 885 426 905 nomen
442 877 580 912 proprium
596 885 604 905 ε
618 876 801 913 Θεοδώρητος,
816 877 865 904 do-

78 933 142 951 mtm
163 924 220 952 Dei.

113 971 286 1003 Theodorus,
305 970 480 1006 Byzantinus,
507 970 640 1005 sophista,
656 971 732 1006 quia
755 971 866 999 Platone

76 1017 265 1051 λογαδαίδαλος
279 1020 322 1043 est
335 1021 464 1049 vocatus;
480 1016 590 1051 scripsit
604 1016 704 1044 Contra
718 1016 867 1052 Thrasybu-

77 1063 148 1094 lum,
165 1063 263 1090 Contra
280 1062 438 1089 Andocidem
453 1067 480 1089 et
493 1062 544 1089 alia
558 1063 692 1097 quaedam.

117 1109 288 1141 Theodorus,
314 1110 410 1136 atbeus
427 1115 619 1144 cognomento,
643 1111 690 1145 qui
715 1111 865 1144 Zenonem,

77 1154 208 1186 Cilicum,
223 1155 371 1190 Brysouem
383 1159 409 1180 ct
426 1154 594 1189 Pyrrhonem
610 1156 780 1190 ephecticum
794 1157 869 1183 andi-

77 1201 129 1233 vit,
159 1205 186 1228 et
215 1201 306 1227 omnia
336 1200 514 1227 indifferentia
542 1208 602 1228 esse
627 1207 750 1229 statuens
766 1208 868 1231 sectam

78 1247 267 1274 Thcodoream
283 1247 411 1274 condidit.
426 1247 473 1272 llic
488 1247 572 1273 multa
585 1247 695 1281 scripsit
717 1248 749 1275 ad
767 1253 868 1275 sectam

78 1293 168 1327 ipsius
180 1293 340 1327 spectantia,
352 1296 379 1319 et
396 1292 447 1318 alia
465 1293 600 1327 qltaedavn.
617 1293 690 1320 Idem
707 1294 739 1320 ad
757 1293 871 1328 ilippar-

79 1339 184 1369 cbiam,
196 1337 311 1364 Cratetis
320 1345 443 1368 uxorem,
453 1338 520 1364 dixit
532 1338 573 1371 (ex
584 1338 721 1372 Euripidis
732 1338 868 1376 Bacchis),

79 1381 140 1408 hinc
155 1385 197 1408 est
208 1383 231 1416 ’ἡ
249 1382 297 1413 τὰς
310 1382 378 1416 πρὸς
395 1382 484 1412 ῐττοῦς
497 1383 645 1408 ἐκλιποῦσι
657 1383 794 1418 κερκίδας,
813 1392 871 1419 quae

79 1426 167 1452 radiis
184 1426 255 1459 apud
275 1425 340 1452 telas
359 1426 454 1452 relictis
470 1426 581 1460 pallium
598 1432 692 1462 gestat.

118 1470 291 1504 Theodorus,
311 1471 482 1503 Gadarenus,
512 1473 650 1506 sophista,
678 1474 766 1501 servili
789 1480 871 1502 natus

916 243 1008 264 lﬂIIIIS.

952 284 981 310 S.
999 282 1182 315 Theodosius,
1195 283 1399 315 ccenobiarcha,
1411 283 1477 310 vixit
1495 283 1546 310 sub
1559 283 1706 311 Anastasio

916 330 1025 361 Dicoro,
1049 330 1187 356 hzeretico.

952 374 1121 406 Theodulus,
1137 374 1188 401 sub
1207 373 1317 400 Juliano
1337 374 1476 407 Apostata,
1497 377 1599 408 martyr
1626 373 1704 405 (cum

917 420 1031 447 Tatiano
1045 426 1072 446 et.
1088 419 1262 452 Macedonio,‘
1276 423 1305 446 ut
1315 419 1383 446 dixit
1396 418 1494 445 Suidas
1505 419 1531 445 in
1546 419 1703 454 ’Λμάχιης).

953 465 1102 500 Theogiton
1120 464 1306 496 Demostheni,
1332 471 1413 500 quem
1433 464 1586 492 Dinarchus
1617 469 1644 492 et
1659 465 1705 492 alii

917 511 1088 547 Thcogenem
1102 511 1249 546 appellant.

953 556 1137 592 Tbcognetus,
1150 557 1283 588 comicus,
1295 563 1327 583 ex
1336 555 1414 590 cujus
1428 555 1526 582 fabulis
1540 555 1707 589 ειιηιΦὰσμα

918 603 975 631 sive
988 602 1166 638 Φιλάργυρος,
1177 602 1379 634 Φιλοδέσποτος,
1396 602 1562 635 Κένταυρος,
1579 605 1610 628 ut
1625 601 1708 627 Albe-

918 656 993 674 naaus
1011 648 1037 674 in
1063 648 1284 682 Dyinuosopbist.

954 692 1103 728 Theognis,
1122 692 1286 726 hltgarensis
1306 699 1339 719 ex
1362 691 1494 725 Megaris,
1515 691 1615 719 Sicilire
1638 692 1707 719 civi~

919 742 992 769 tate,
1019 743 1100 765 natus
1118 738 1270 773 olympiade
1305 737 1374 764 LIX.
1399 737 1514 772 Scripsit
1540 737 1658 772 Elegiam
1681 737 1707 762 in

920 783 1117 818 Syracusanos,
1148 783 1174 809 in
1204 783 1346 810 obsidione
1378 787 1520 814 servatos;
1551 782 1708 809 Sententias

920 828 1048 855 versibus
1067 828 1194 862 elegiacis
1217 827 1251 854 ad
1277 836 1404 855 versuum
1425 827 1567 855 MMDCCC
1584 827 1616 854 ad
1639 827 1709 862 Cyr--

919 880 995 904 num,
1023 873 1156 899 amasium
1183 881 1280 904 suum;
1309 873 1516 907 Gnomologiam
1541 872 1707 907 elegiacam:

916 923 1052 955 praecepta
1068 918 1198 951 moralia;
1218 926 1306 952 eaque
1331 918 1423 945 omnia
1446 918 1572 945 vorsibus
1590 917 1704 952 scripta.
1749 939 1755 944 .

917 963 966 992 His
983 968 1072 990 tamen
1089 963 1178 997 turpia
1199 964 1322 998 qua‘dam
1337 967 1365 990 et
1390 970 1538 998 puerorum
1557 970 1667 990 amores
1681 963 1708 987 τι

917 1010 991 1042 alia,
1023 1016 1083 1044 qum
1104 1008 1213 1035 virtutis
1238 1012 1361 1036 amantes
1385 1012 1565 1042 aversantur,
1588 1007 1708 1035 immista

918 1060 990 1083 sunt.

954 1101 1102 1136 Theognis,
1132 1105 1212 1136 poeta
1235 1101 1354 1135 tragicus
1382 1101 1462 1129 valde
1490 1100 1616 1135 frigidus,
1645 1099 1708 1128 ideo

918 1147 1006 1175 dictus
1024 1147 1090 1179 Nix,
1114 1154 1184 1174 unus
1198 1154 1213 1174 e
1231 1146 1303 1174 XXX
1321 1147 1454 1182 tyrannis.

955 1192 1061 1224 Theon,
1083 1193 1294 1225 Alexandrinus,
1313 1193 1491 1227 philosophus
1512 1191 1632 1223 Stoicus.
1659 1191 1707 1226 qui

921 1241 971 1269 sub
997 1242 1120 1276 Augusto
1145 1246 1206 1276 post
1228 1240 1323 1268 Arium
1344 1241 1422 1268 vixit.
1445 1240 1710 1275 SeripsitCommen—

922 1289 1016 1314 larium
1033 1287 1060 1313 in
1074 1287 1228 1321 Apollodori
1248 1286 1475 1314 Introductionem
1489 1287 1707 1322 physiologicam,

921 1333 1040 1367 itemque
1056 1334 1128 1360 Artis
1145 1333 1282 1360 rhetorica:
1296 1332 1376 1359 libros
1392 1331 1452 1359 111.

957 1377 1043 1411 Theo,
1061 1378 1231 1414 Smyrnaaus,
1247 1379 1436 1414 philosophus.

957 1424 1063 1456 Theon,
1082 1433 1116 1452 ex
1141 1425 1296 1458 Antiochia,
1320 1433 1381 1460 qua:
1398 1425 1449 1453 sita
1473 1430 1515 1454 est
1537 1426 1564 1454 in
1588 1426 1710 1461 Daphne,

923 1471 1106 1506 philosophus
1121 1469 1241 1504 Stoicus,
1259 1472 1370 1506 scripsit
1385 1472 1542 1508 Apologiam
1560 1473 1691 1500 Socratis.

79 1523 194 1551 genere,
211 1517 339 1551 magister
355 1516 455 1544 Tiberii
478 1517 606 1546 Caesaris.
632 1518 734 1547 Deinde
760 1521 793 1548 dc
810 1529 867 1556 pro-

959 1515 1067 1548 Theon,
1093 1524 1109 1544 e
1136 1516 1230 1544 Museo
1261 1517 1308 1553 (n.
1331 1518 1541 1554 Alexandrino),
1567 1519 1712 1555 Egyptius

79 1563 202 1590 Fessione
229 1562 374 1597 sophistica
400 1561 492 1590 Romae
509 1571 569 1590 cum
594 1563 738 1592 Polemone
750 1571 777 1592 et
793 1566 871 1592 Anti-

78 1615 158 1644 patrc
174 1609 296 1636 certavit.
328 1609 385 1636 Sub
415 1609 535 1636 Adriano
562 1610 627 1644 imp.
652 1610 736 1637 ﬁlium
752 1611 812 1645 ejus
828 1619 872 1639 se-

79 1660 206 1682 natorem
225 1655 282 1681 lieri
311 1654 434 1689 contigit.
459 1654 576 1688 Scripsit
600 1654 681 1681 libros
698 1654 746 1681 III
774 1656 810 1682 De
838 1657 871 1683 iis

77 1701 176 1735 qurein
190 1700 293 1727 uocibus
307 1705 478 1735 quwruntur;
493 1700 531 1727 De
539 1701 650 1727 historia
665 1701 760 1727 librum
771 1710 870 1735 unum;

78 1746 120 1773 [‘e
146 1746 223 1778 tltesi,
251 1754 351 1778 unum;
375 1746 412 1773 De
438 1746 612 1773 dialectorum
641 1747 818 1775 similitudine
846 1753 871 1775 et

81 1793 309 1821 demonstratione
323 1793 405 1820 libros
423 1793 474 1825 II;
498 1793 535 1820 De
547 1793 691 1827 republica,
719 1794 804 1828 duos;
834 1796 871 1822 De

79 1839 236 1874 Calesyria,
250 1846 350 1872 unum;
371 1838 408 1866 De
428 1839 556 1873 facultate
580 1839 709 1872 oratoria,
732 1847 824 1871 unum,
844 1845 872 1868 et

77 1886 146 1912 alia.

120 1931 291 1965 Theodorus,
307 1935 398 1967 poeta,
417 1931 463 1966 qui
481 1931 605 1959 versibus
620 1931 693 1958 raria
719 1931 828 1966 scripsit
843 1936 870 1960 et

78 1977 107 2003 in
123 1977 296 2011 Cleopatram
311 1985 431 2005 carmen.

115 2022 288 2056 Theodorus,
300 2023 385 2051 lector
399 2023 502 2058 Magnae
517 2023 643 2050 Ecciesiae
657 2023 736 2051 CPol.
754 2023 870 2058 Scripsit

82 2069 239 2097 Historiam
255 2071 460 2097 ecclesiasticam
473 2078 488 2097 a
503 2069 676 2098 Constantini
688 2071 866 2106 temporibus,

78 2122 171 2149 usque
183 2114 216 2140 ad
232 2114 379 2142 Justiniani
397 2115 553 2150 imperium.

116 2159 290 2191 Theodorus,
319 2161 364 2196 qui
388 2165 448 2195 post
472 2161 656 2195 Apollinarem
673 2160 814 2188 Laodiceae
840 2161 867 2188 in

78 2206 160 2241 Syria
185 2206 364 2242 (episcopum)
383 2207 524 2234 exstititet
542 2207 714 2241 Mopsuestia:
732 2208 758 2234 in
774 2207 869 2234 Cilicia

77 2251 269 2285 episcopatum
287 2252 401 2286 adeptus
417 2256 469 2280 est.
488 2251 538 2279 Hic
549 2252 698 2286 Apollinari
716 2260 750 2279 ex
765 2252 870 2280 diame-

79 2299 124 2321 tro
139 2296 298 2322 contrarius
308 2300 360 2327 est,
378 2299 432 2322 etc.

115 2339 302 2372 Theodosius,
322 2340 509 2375 philosophus,
524 2340 634 2375 scripsit
646 2339 780 2375 Sphterico
791 2340 866 2367 libris

75 2385 150 2419 Ill;
167 2385 392 2414 Commentarium
410 2388 436 2413 in
455 2386 567 2415 Theudtz
588 2388 700 2421 capita;
716 2387 754 2414 De
779 2387 868 2414 diebus

74 2436 105 2461 el
123 2434 245 2460 tractibus
262 2433 346 2460 libros
360 2433 409 2466 Il,
424 2430 648 2461 Commentariun:
664 2435 691 2460 in
706 2434 870 2461 Archimedis

81 2478 206 2512 Ἐφόόιον
223 2486 231 2510 ;
247 2477 436 2510 Descriptiones
449 2477 546 2504 adium
560 2477 635 2504 libris
664 2477 735 2511 Ill,-
751 2477 873 2512 Sceptica

73 2525 188 2559 capita;
204 2523 390 2558 Astrologira:
405 2522 444 2550 De
458 2523 676 2550 habitationibus.
691 2523 822 2551 Versibus
836 2523 874 2551 De

112 2625 171 2661 (ΣΞ)
190 2624 301 2652 Videtur
311 2624 456 2658 legendum
466 2624 506 2655 sic
515 2623 564 2661 fciat
576 2622 866 2661 Ptpr-V-‘AAﬂpgléYOV

73 2656 244 2696 ὐπόμὺημα,
259 2667 313 2686 non
329 2656 430 2696 eiet-5v
447 2659 543 2696 putabit
559 2656 748 2696 ’Ᾱστρᾳλάΰον.
773 2657 810 2696 l_)e
824 2665 868 2684 se-

73 2693 153 2731 ptem
173 2693 283 2728 scriptis
298 2702 357 2731 qum;
373 2694 398 2720 in
417 2693 758 2731 parvoAlex:u_nti-inoi:um
774 2693 868 2731 Astro-

74 2727 143 2764 iogo
169 2727 485 2764 contpri-beudebantur,
519 2729 575 2764 dixi
604 2727 740 2764 libro__lll,
758 2734 818 2764 cap.
840 2728 867 2757 5.

75 2768 89 2801 §
107 2761 147 2792 7H
167 2761 294 2800 seq.'(ed.
316 2769 370 2791 vet.
387 2764 435 2791 sed
448 2771 509 2798 cap.
527 2763 571 2795 18,
587 2767 654 2790 tom.
671 2761 715 2794 IV,
733 2770 760 2797 p.
778 2762 811 2788 16
825 2769 867 2796 sq.

75 2801 126 2828 ed.
146 2807 209 2826 nov.

115 2803 261 2870 (ngviiiiic
275 2833 380 2863 Theoni
395 2837 472 2868 putat
485 2832 594 2864 Kuster,
610 2831 637 2858 in
651 2836 713 2859 nota
726 2831 743 2858 5
757 2830 788 2858 ad
804 2831 831 2858 h.
850 2831 869 2858 l.

926 1563 1116 1598 philosophus,
1145 1563 1240 1590 eodem
1270 1569 1392 1598 tempore
1417 1565 1486 1592 vixit
1512 1573 1566 1600 quo
1592 1566 1710 1601 Pappus.

924 1609 1115 1643 philosophus,
1135 1610 1181 1644 qui
1210 1614 1237 1637 et
1262 1610 1320 1644 ipse
1345 1611 1547 1639 Alexandrinus
1573 1611 1635 1644 fuit,
1659 1613 1712 1639 sub

924 1654 1078 1682 Theodosio
1097 1655 1206 1689 Majore.
1234 1656 1349 1691 Scripsit
1367 1657 1566 1690 Mathematica,
1583 1658 1713 1685 Arithme~

923 1702 995 1734 tica;
1020 1701 1056 1728 De
1080 1702 1206 1736 attspt'riis
1222 1706 1246 1728 et
1261 1710 1320 1729 voce
1337 1710 1489 1735 corvorum;
1506 1703 1544 1730 De
1559 1708 1619 1730 ortu
1637 1705 1715 1730 cani-

922 1748 1008 1781 cnlaz;
1037 1747 1074 1775 De
1099 1747 1158 1774 Nili
1182 1756 1311 1781 ascensu;
1337 1747 1370 1775 In
1396 1749 1533 1776 Ptolemwi
1559 1750 1710 1785 expeditum

922 1793 1066 1825 Cononem,
1093 1799 1119 1821 ct
1146 1793 1370 1821 Commentarinm
1397 1795 1425 1821 in
1451 1803 1560 1830 parvum
1587 1797 1709 1823 astrolo-

922 1840 993 1866 bium
1011 1839 1080 1874 (δὲ).

955 1884 1049 1911 Theon
1074 1884 1176 1917 Elius,
1204 1885 1422 1918 Aiexandrinus.
1442 1886 1574 1922 sophista,
1603 1887 1713 1922 scripsit

920 1931 1008 1957 Artem
1023 1931 1198 1963 ret/loricam;
1211 1931 1449 1970 Progymnasmola
1461 1940 1471 1966 ;
1485 1931 1711 1960 Commentarium

919 1977 946 2003 in
960 1975 1170 2010 Xenophontem,
1191 1975 1338 2003 Isocratem
1349 1983 1372 2003 et
1388 1977 1605 2010 Demosthenem;
1622 1979 1709 2012 Argu-

919 2027 1012 2055 menta.
1025 2022 1156 2049 rhetorica
1168 2032 1177 2055 ;
1197 2022 1360 2055 Qnrestiones
1375 2023 1407 2051 de
1418 2028 1553 2050 structura
1567 2024 1710 2055 orationis,

919 2072 945 2094 et
959 2067 1012 2094 alia
1029 2067 1106 2102 plura
1126 2067 1194 2102 (53).

916 2144 918 2146 η
954 2112 1048 2140 Theon
1074 2113 1218 2146 Valerius,
1242 2114 1376 2150 sophista,
1408 2115 1711 2151 scripsit'Commenta-

919 2159 989 2186 rium
1004 2160 1030 2186 in
1044 2159 1216 2187 Andocidem.

885 2196 907 2223 Ῑ)
956 2204 1060 2236 Theon,
1079 2204 1229 2240 Gymnasii,
1245 2206 1383 2240 sophistae,
1403 2206 1446 2239 F.,
1464 2206 1593 2235 Sidonius
1615 2209 1711 2243 sophi-

924 2254 978 2281 sta,
1006 2250 1032 2276 in
1059 2251 1145 2285 patria
1169 2251 1272 2284 docuit,
1300 2256 1328 2279 et
1352 2252 1403 2279 sub
1430 2251 1495 2286 imp.
1528 2252 1709 2281 Constantiiio

925 2295 1022 2322 consul
1041 2300 1068 2323 et
1085 2296 1230 2330 praefectus
1244 2297 1307 2324 fuit.

958 2341 1062 2373 Theon,
1080 2343 1201 2376 sophista
1231 2344 1322 2370 rhetor
1340 2343 1485 2379 (Σοφιστὴς
1499 2344 1586 2380 λόγων
1602 2346 1711 2381 ῥητορι-

923 2386 991 2421 κῶν)
1004 2407 1011 2418 ,
1033 2395 1047 2414 a
1063 2387 1093 2414 S.
1109 2387 1233 2416 Marcella
1245 2409 1253 2422 ,
1270 2389 1293 2416 si
1312 2390 1447 2424 originem
1465 2390 1574 2426 longius
1593 2396 1709 2426 repetas.

925 2433 948 2460 si
964 2433 1115 2466 proximam
1142 2438 1170 2461 et
1187 2442 1273 2469 genus
1288 2440 1443 2469 paternum,
1461 2435 1496 2463 ab
1511 2435 1631 2469 Ecdicio,
1650 2444 1709 2463 ma-

927 2478 1023 2513 gistro,
1041 2479 1186 2507 oriundus.
1211 2479 1327 2515 Scripsit
1346 2481 1435 2508 Artem
1449 2483 1607 2510 rhetoricam
1627 2482 1711 2510 homo

928 2532 982 2552 non
999 2525 1043 2552 ille
1071 2526 1180 2560 quidem
1207 2526 1352 2554 admodum
1375 2527 1533 2562 ingeniosus
1559 2532 1586 2555 et
1603 2532 1709 2560 acutus,

923 2621 989 2658 (rei.
1013 2622 1046 2649 ii.
1064 2630 1092 2656 p.
1119 2622 1181 2658 182)
1199 2624 1372 2652 attribuenda
1388 2632 1448 2653 esse
1462 2625 1567 2654 scholia
1585 2626 1612 2654 in
1630 2625 1709 2654 Arati

916 2657 1095 2691 phamomena
1126 2663 1155 2684 et
1172 2657 1352 2692 dioseiueia,
1382 2669 1443 2694 qua:
1470 2662 1549 2688 hodie
1575 2667 1706 2690 exstant;

917 2693 1179 2729 eunulemqueesse
1197 2695 1350 2729 existimat,
1365 2693 1446 2729 quem
1461 2696 1532 2723 inter
1545 2701 1612 2724 vett.
1628 2705 1710 2724 enar-

919 2733 1026 2766 ratores
1041 2727 1293 2766 Apollonii‘Rhodii
1305 2727 1440 2766 recenset
1455 2730 1542 2759 schol.
1565 2732 1707 2766 Δι’ὶειονιι.

920 2761 954 2788 ad
971 2761 1072 2788 Nubes;
1093 2762 1159 2795 Quae
1173 2763 1206 2790 de
1223 2764 1337 2798 singulis
1350 2765 1406 2798 jam
1422 2765 1480 2792 suis
1495 2766 1564 2794 locis
1579 2761 1707 2794 adnotata

922 2802 996 2829 sunt,
1010 2797 1054 2824 hic
1069 2802 1191 2832 repetere
1208 2797 1452 2828 nolumus.'Huu..
