1904 3072
180 131 268 181 esse
305 179 310 182 .

806 148 927 179 INDEX
946 149 1195 182 SCRIPTORUM

1774 155 1840 188 1350

199 205 246 234 sed
257 191 394 234 disicendi
404 203 519 240 cupidus
527 208 553 233 et
563 204 665 233 laboris
679 209 762 239 supra
771 203 883 231 modum
892 211 999 231 amans.
1014 211 1036 239 Α
1052 206 1124 241 phon
1139 206 1279 239 desinunt,
1292 210 1319 234 et
1334 207 1552 242 complectuntur
1568 216 1599 237 ea
1613 217 1674 245 qua:
1687 216 1765 247 gesta
1781 219 1842 240 sunt

191 252 390 285 Quamobrem
406 252 481 278 brevi
495 251 624 286 temporis
638 251 726 285 spatio
737 250 885 277 maximam
903 250 996 277 erudi-

192 299 310 325 tionem
324 299 376 326 sibi
391 299 580 332 comparavit',
595 302 622 325 et
637 301 692 324 tam
708 297 883 331 antiquarum
901 304 996 323 rerum

194 349 289 378 quinm
305 345 456 371 recentium
483 344 625 372 scientiam
651 343 744 370 animo
767 342 925 377 complexus
942 347 994 370 est.

198 387 240 425 (Ε
254 389 420 424 Damascio.)

243 435 433 471 Theophilus,
461 435 593 463 comicus.
630 434 670 462 Ex
703 434 763 469 ejus
794 433 894 461 fabulis
930 437 996 461 sunt

213 481 327 516 Ἰατρὸς,
353 481 525 516 Ἐπίδαυρος,
543 480 720 514 Παγκράτεια
749 479 892 512 (Athenteo
916 479 993 512 Παγ-

207 526 397 562 κρατιαστὴςὶ,
417 524 543 556 Βοιωτία,
562 525 712 561 Προιτίδες,
729 523 930 557 Νεοπτόλεμος.

243 570 423 605 Theophilus,
453 570 532 604 imp.,
554 569 693 596 Michaelis
718 568 848 595 Amorraei
872 567 915 599 F.,
942 566 993 593 Mi-

207 618 310 646 chaelis
326 622 420 652 pater,
439 617 605 652 Copronymi
633 616 758 644 haeresim
789 617 828 651 (n.
842 622 994 642 uconoma-

206 665 307 698 chiam)
337 664 500 698 amplexus,
531 663 645 697 ipsoque
669 662 742 689 nulla
777 661 804 688 in
829 670 858 688 re
887 661 992 688 melior.

205 709 275 738 Cum
301 709 382 744 igitur
395 709 502 743 geadem
529 709 661 741 amentia,
679 716 739 743 quae
765 707 943 734 Manichaeum
967 710 992 733 et

207 756 301 783 Arium
319 756 396 788 olim,
419 755 541 782 animum
561 755 621 789 ejus
638 755 793 786 invasisset,
820 754 993 789 persecutio-

205 808 269 828 nem
295 805 321 827 et
341 801 399 834 ipse
424 803 521 827 contra
554 799 703 827 Ecclesiam
728 800 810 834 erepit
839 799 992 831 instituere,

205 845 272 873 alter
296 845 461 878 Nectanebo,
484 845 634 880 adjutorcm
659 850 756 872 nactus
779 844 920 877 Joannem,
946 851 993 878 pa-

1050 257 1111 286 post
1126 253 1226 280 bellum
1253 252 1525 288 Peloponnesiacum,
1544 259 1570 283 et
1587 262 1698 284 caetera.
1724 259 1840 294 Scripsit

1049 301 1076 324 et
1092 298 1143 324 alia
1160 298 1287 332 plurima.

1085 342 1287 378 Theopompus,
1313 344 1472 374 Theodectis
1504 347 1562 374 sive
1589 347 1729 375 Theodori
1755 349 1838 382 ﬁlius,

1048 388 1234 422 Atheniensis,
1251 390 1384 422 comicus,
1400 391 1485 418 edidit
1500 392 1606 420 fabulas
1625 393 1717 426 XXII;
1736 394 1838 428 fuitque

1051 433 1172 468 antiqua'
1189 436 1332 462 comoediae
1346 441 1425 470 poeta
1441 438 1591 464 secundum
1606 438 1836 473 Aristophanem;

1049 481 1212 514 scripsitque
1224 482 1315 515 plures
1329 482 1396 509 alias
1417 482 1532 516 fabulas,
1550 488 1603 511 etc.

1083 527 1227 561 Θεώρηκα.
1254 527 1416 559 Arcesilaus,
1443 529 1635 564 philosophus.
1664 535 1725 557 erat
1741 536 1835 558 natura

1048 573 1142 600 tardus
1165 578 1193 600 et
1213 575 1345 606 oscitans,
1363 575 1392 600 ὲν
1412 574 1441 600 δὲ
1465 576 1497 610 τῇ
1523 575 1604 610 τέχνῃ
1617 575 1834 610 τεθεωρημένος,

1048 618 1095 646 sed
1109 619 1176 646 artis
1193 624 1282 646 tamen
1298 620 1384 654 probe
1399 621 1514 654 peritus.
1532 620 1581 647 llic
1597 621 1665 647 dixit
1680 622 1768 647 hianti
1787 622 1835 648 sibi

1047 666 1223 700 geometriam
1254 666 1281 692 in
1313 667 1363 693 hos
1391 666 1538 693 involasse.
1577 666 1659 694 FABR.
1692 667 1834 695 Enimvero

1048 711 1207 746 (Pcarsonio
1226 712 1384 739 ctKustero
1408 713 1441 739 ad
1462 713 1489 739 h.
1505 713 1524 739 l.
1551 718 1617 740 tom.
1639 713 1672 743 ll.
1688 721 1751 748 pag.
1776 714 1832 745 185,

1047 762 1104 784 not.
1115 757 1141 790 5,
1158 757 1449 792 animadvertentibus)
1467 759 1630 792 eompilatur
1645 759 1791 786 Arcesilao
1804 767 1831 787 ea

1048 802 1152 834 tribuit,
1169 809 1229 836 quae
1243 802 1314 836 apud
1334 802 1469 829 Laertium
1484 823 1491 835 ,
1514 803 1560 830 lib.
1578 803 1623 835 iV,
1644 812 1674 830 η.
1696 805 1750 837 52;
1766 806 1833 832 unde

1046 847 1091 874 hic
1107 847 1183 874 locus
1197 851 1341 882 excerptas
1358 853 1410 881 est,
1425 848 1459 874 ab
1474 848 1614 876 Arcesilae
1627 849 1662 876 de
1674 849 1830 883 Hipponico,

207 892 366 924 triarcham,
379 891 421 918 vel
434 891 527 926 potius
542 890 752 923 Mantiarcham,
768 895 815 918 attt
830 890 994 918 Dmntoniar-
1011 891 1030 918 Β
1046 899 1193 927 geometra,
1207 893 1346 920 dicttnlur.
1364 893 1481 921 llantss.

205 937 296 969 chum,
310 945 409 964 novum
424 943 518 963 revera
529 935 704 970 Apollonium
719 940 767 962 aut
778 935 888 962 Balaam
905 935 990 962 nostri

205 984 347 1018 temporis,
376 983 604 1011 lecanomantem.
636 984 676 1010 Ab
701 983 754 1010 hoe
782 984 865 1010 etiam
886 983 994 1010 litteras

205 1030 328 1061 edoctus,
344 1029 426 1057 homo
443 1030 536 1057 varius
549 1034 576 1056 et
588 1030 747 1062 sceleratus,
763 1034 816 1057 etc.

241 1076 422 1110 Theophilus.
453 1075 504 1102 Hie
532 1083 565 1102 ex
594 1075 669 1102 India
686 1082 814 1102 reversus
843 1075 994 1102 Antiochia

205 1121 282 1153 vixit,
309 1125 336 1148 et
352 1120 496 1148 ecclesiam
516 1119 627 1154 quidem
646 1120 747 1146 nullam
762 1120 927 1155 assignatam
943 1121 992 1147 ha-

204 1168 284 1201 buit;
305 1167 351 1194 sed
367 1166 444 1201 quasi
461 1166 616 1193 communis
636 1166 747 1200 quidam
771 1165 821 1192 l'nit
845 1166 949 1199 (doctor
966 1169 994 1194 et

205 1212 372 1248 episcopus),
388 1219 468 1247 quem
486 1212 635 1246 imperator
649 1211 725 1238 omni
739 1211 842 1238 honore
857 1217 883 1238 et
895 1212 993 1238 obser-

204 1258 296 1286 vantia
321 1258 431 1285 coleret.
443 1257 519 1292 [Erat
540 1257 584 1284 ille
608 1256 732 1291 quedam
757 1256 835 1291 quasi
855 1257 994 1290 apostolo-

205 1312 266 1332 rum
283 1305 384 1338 imago,
397 1311 476 1338 quem
502 1302 662 1330 Thalassius
678 1310 733 1329 non
752 1302 993 1336 exigquempore

205 1358 268 1379 cum
287 1351 332 1378 illo
350 1355 485 1382 versatus,
499 1354 526 1377 et
546 1349 572 1376 in
592 1348 747 1383 hujusmodi
763 1349 845 1375 rebus
857 1348 992 1375 mendacii

205 1396 318 1423 minime
338 1399 495 1430 suspectus,
515 1394 564 1427 ait,
581 1393 702 1421 Judmam
730 1395 878 1428 quamdam
905 1393 988 1421 femi-

206 1450 269 1471 nam
289 1448 425 1470 mortuam
439 1441 471 1468 ad
488 1441 571 1467 vitam
591 1447 745 1467 revocasse.

239 1488 457 1523 Theophrastus,
482 1486 602 1518 Mclanti,
629 1485 751 1518 fullonis,
782 1486 824 1512 vel
841 1484 941 1512 Leonis
960 1485 990 1512 Ρ.

205 1534 344 1567 Eressius,
362 1532 470 1559 auditor
492 1530 659 1563 Aristotelis,
679 1535 706 1557 et
724 1537 868 1558 successor
891 1530 992 1557 schohe

1080 938 1206 972 Theoris,
1236 939 1356 973 fatidica,
1377 941 1411 967 ob
1428 941 1577 976 impietatis
1596 943 1700 970 crimen
1721 943 1831 970 multata

1045 989 1144 1013 morte.
1166 985 1363 1013 Demosthenes
1377 992 1472 1013 contra
1489 988 1714 1022 Aristogitonem.

1079 1031 1192 1066 Θεωροί,
1214 1031 1260 1065 qui
1279 1032 1312 1058 ad
1328 1032 1471 1058 oraculum
1488 1032 1677 1064 mittebantur,
1694 1038 1722 1059 et
1738 1040 1830 1060 omnes

1044 1083 1134 1103 rerum
1165 1076 1320 1103 divinarum
1350 1077 1477 1105 custodes
1507 1081 1534 1105 et
1567 1082 1730 1112 curatores;
1764 1078 1829 1113 ὤρη.

1044 1121 1116 1148 enim
1126 1129 1217 1148 curam
1228 1121 1372 1155 signiﬁcat.

1079 1165 1155 1197 Θεός.
1170 1164 1260 1197 Philo,
1276 1173 1338 1192 cum
1356 1166 1438 1193 verba
1462 1165 1528 1197 Θεὸς
1547 1166 1649 1202 Κύριος
1669 1167 1829 1202 interpreta-

1044 1214 1129 1243 retur,
1145 1217 1259 1237 summa:
1278 1211 1420 1238 Trinitatis
1447 1212 1587 1239 notionem
1615 1212 1726 1239 habuit.
1747 1213 1827 1240 (ἓτεςί

1043 1259 1168 1282 statuunt
1201 1255 1286 1282 Deum
1318 1263 1379 1282 esse
1406 1255 1506 1282 animal
1534 1256 1701 1289 immortale,
1729 1259 1830 1285 ratione

1043 1301 1197 1335 praeditum,
1214 1300 1376 1335 perfectum,
1393 1301 1556 1336 intelligens,
1573 1302 1696 1334 beatum,
1715 1303 1743 1330 in
1761 1304 1828 1338 quod

1043 1347 1144 1373 malum
1165 1354 1219 1373 non
1239 1347 1322 1378 cadit,
1338 1355 1432 1374 curam
1456 1355 1552 1382 gerens
1570 1349 1665 1376 mundi
1689 1354 1716 1376 et
1737 1358 1826 1376 eorum

1043 1399 1104 1426 qua:
1128 1392 1154 1418 in
1180 1392 1282 1419 mtmdo
1298 1397 1372 1424 sunt,
1400 1400 1453 1419 non
1483 1398 1574 1421 tamen
1602 1394 1724 1421 humana
1747 1395 1828 1422 forma

1043 1438 1204 1472 praeditum;
1235 1438 1365 1473 Opilicem
1395 1439 1478 1474 hujus
1497 1440 1620 1467 universi
1646 1445 1674 1467 et
1701 1446 1827 1475 tanquam

1043 1483 1150 1512 Patrem
1166 1485 1308 1517 omnium;
1332 1489 1493 1520 partemque
1505 1486 1565 1520 ejus
1581 1494 1630 1520 per
1643 1488 1737 1512 omnia
1753 1494 1828 1519 pene-

1044 1534 1159 1557 trantem
1175 1530 1257 1557 variis
1275 1531 1431 1558 nominibus
1448 1539 1497 1566 pro
1517 1531 1633 1559 diversis
1657 1532 1829 1560 facultatibus

204 1565 401 1615 Peripateticaa,
417 1578 451 1605 ab
468 1585 513 1609 eo,
538 1576 693 1604 Chalcidem
711 1576 855 1611 migrante,
879 1576 990 1603 relictis.
1007 1565 1027 1593 C
1044 1576 1184 1611 appellari.

204 1626 254 1654 ilic
270 1630 333 1652 ante
348 1629 460 1652 vocatus
486 1627 528 1651 est
553 1623 717 1658 Tyrtamus;
741 1622 787 1650 sed
813 1622 847 1649 ob
871 1622 991 1649 divinam

204 1671 388 1706 eloquentiam
408 1671 442 1696 ab
464 1669 609 1696 Aristotele
635 1667 808 1700 Euphrasius
830 1667 920 1694 dictus
939 1671 991 1698 est,

204 1722 232 1745 et
245 1722 337 1752 postea
361 1715 576 1749 TheOphrastus,
604 1714 675 1741 sicut
703 1713 778 1740 l’lato
791 1713 834 1739 διὰ
846 1713 876 1739 τὸ
891 1714 919 1740 ὲν
936 1715 993 1745 τοῖς

204 1764 294 1797 λόγοις
324 1761 425 1792 πλάτος
455 1764 565 1794 propter
601 1759 719 1793 amplam
749 1759 858 1786 dicendi
884 1759 991 1793 copiam

205 1810 281 1838 Plato
298 1807 349 1836 l‘uit
365 1811 488 1837 vocatus,
504 1813 568 1832 eum
580 1808 658 1831 antea
674 1804 823 1831 Atistoelcs
837 1809 991 1831 vocaretur.

204 1853 358 1888 Disci;ulos
376 1851 469 1878 habuit
489 1850 580 1885 plures
600 1856 682 1885 quam
701 1849 744 1877 bis
765 1849 854 1882 mille;
871 1851 991 1877 amasius

204 1901 264 1936 ejus
280 1899 331 1927 luit
343 1897 535 1929 Nicomachus,
552 1895 710 1923 Aristotelis
724 1895 766 1928 F.;
784 1903 798 1922 a
823 1895 990 1927 Cassandro,

203 1945 338 1981 Antipatri
359 1943 390 1970 F.
408 1943 436 1970 itt
451 1943 558 1970 honore
577 1941 687 1969 habitus
702 1946 754 1968 est.
782 1941 903 1968 Decessit
919 1942 990 1968 assi-

203 1993 257 2021 dua
273 1990 422 2026 scriptione
448 1989 588 2024 fatigatus,
606 1995 668 2015 cum
688 1987 724 2014 ob
741 1987 866 2022 discipuli
882 1987 991 2020 nuptias

203 2039 237 2067 Id
262 2045 366 2073 paucos
396 2036 455 2064 dies
476 2036 598 2062 anitnum
618 2035 779 2061 relaxassct.
803 2033 991 2067 Seripta_cjus

203 2090 268 2113 sunt
283 2084 411 2118 plurima,
439 2082 466 2108 in
493 2081 536 2108 his
562 2080 764 2115 Analylicorum
790 2080 906 2114 priorum
932 2078 990 2111 Ill,

203 2130 386 2158 Posteriorum
405 2127 479 2160 VII;
498 2127 622 2161 Analysis
642 2126 876 2161 syllogismorum;
891 2124 992 2158 Ana/y-

204 2178 317 2205 ticorum
350 2175 480 2209 h'pitonte.
516 2173 691 2208 ’Δνηγμένων
721 2172 810 2198 τόπων
840 2172 897 2198 sive
927 2170 991 2197 Loci

1079 1622 1156 1655 Θεὸς,
1170 1622 1186 1657 ἡ
1202 1621 1333 1648 ἀναίδεια.
1352 1622 1499 1650 Colebatur
1511 1623 1626 1651 Athenis
1649 1623 1826 1656 Impudentia,

1043 1669 1122 1703 eique
1133 1668 1262 1703 templum
1275 1673 1346 1701 erat,
1362 1674 1392 1695 ut
1407 1669 1489 1696 tradit
1505 1669 1572 1696 lster
1585 1670 1656 1696 libro
1673 1669 1743 1698 XIV.

1079 1715 1275 1746 Theramenes,
1301 1715 1478 1742 Atheniensis
1508 1720 1609 1746 orator,
1629 1715 1827 1748 Prodici,Ceii,

1043 1760 1203 1795 discipulus,
1233 1760 1442 1794 cognominatus
1469 1761 1626 1787 cothurnus.
1652 1761 1769 1797 Scripsit
1785 1764 1827 1787 de-

1043 1806 1216 1832 clamationes
1233 1806 1389 1837 rhetoricas,
1404 1810 1431 1832 et
1443 1805 1493 1831 alia
1506 1806 1639 1839 quaedam.

1078 1851 1268 1886 Therapeutte.
1285 1851 1363 1878 Philo
1378 1852 1405 1877 in
1416 1851 1486 1878 libro
1500 1851 1537 1878 De
1551 1852 1605 1878 vita
1621 1851 1827 1886 contemplativa

1043 1898 1153 1932 scripsit
1167 1898 1199 1924 de
1211 1898 1310 1926 ascetis
1328 1897 1514 1928 llebrzeorum,
1529 1902 1583 1924 etc.

1078 1943 1211 1975 Theseus,
1229 1943 1388 1972 historicus,
1410 1942 1520 1976 scripsit
1540 1941 1662 1968 Virorum
1687 1942 1827 1968 illustrium

1048 1989 1121 2016 Vilas
1145 1989 1219 2015 libris
1238 1988 1269 2020 V,
1295 1988 1526 2016 Corirtt/tiacorum
1551 1987 1631 2014 libros
1658 1987 1718 2020 Ill,
1735 1988 1762 2014 in
1777 1995 1829 2022 quo

1042 2042 1124 2070 opere
1135 2035 1168 2062 de
1182 2034 1373 2062 lsthmicorum
1389 2034 1515 2062 ludorum
1528 2035 1700 2063 institutione
1712 2038 1779 2071 agit.

1078 2080 1170 2110 Θέσις,
1186 2079 1335 2107 secundum
1349 2080 1522 2107 Aristotelem
1539 2085 1579 2107 est
1591 2082 1728 2115 paradoxa
1742 2082 1829 2115 opinit

1043 2125 1160 2160 alicujus
1179 2125 1240 2158 viri,
1265 2125 1293 2152 in
1320 2125 1490 2160 philosophia
1511 2126 1588 2157 clari,
1607 2128 1665 2154 sive
1679 2128 1828 2162 problema.

1043 2171 1143 2203 Veluti,
1172 2175 1264 2198 utrum
1290 2171 1383 2198 omnia
1410 2171 1541 2199 continuo
1557 2171 1654 2205 ﬂuant,
1674 2178 1702 2200 et
1725 2181 1829 2208 semper

202 2223 327 2255 seducti,-
342 2221 379 2248 De
394 2219 526 2254 lapidibus
539 2228 548 2252 ;
562 2218 600 2245 De
617 2218 732 2252 plantis;
748 2217 786 2245 De
801 2218 936 2250 metallis;
953 2217 990 2244 De
1006 2233 1030 2262 ι)
1043 2218 1200 2253 gignantur,
1215 2222 1241 2244 et
1257 2218 1324 2244 nihil
1339 2225 1460 2252 unquam
1478 2219 1524 2250 sit,
1539 2219 1694 2246 secundutn
1713 2219 1830 2247 Heracli-

203 2267 346 2300 odoribus;
367 2266 540 2294 Characteres
556 2268 583 2292 et
596 2264 659 2291 alia.

203 2321 241 2356 Δὴ
253 2321 312 2360 γᾲβ
321 2318 369 2360 κς.)
386 2318 568 2360 eaepse-tog;
583 2316 635 2360 ξως
645 2315 740 2360 Ιέτξὶόνει
757 2315 815 2360 μὲν,
834 2316 940 2360 agape;

274 2351 327 2382 Ἦν
337 2354 432 2388 δέμας,
445 2351 493 2379 εἶτ’
505 2351 609 2382 ἀνεθεὶς
621 2351 739 2378 κάτθανε
752 2351 919 2386 πηρομελής.

203 2409 309 2445 Integer
321 2415 378 2435 ecce
392 2407 458 2433 valet
467 2405 678 2445 Theophrastus,
694 2405 757 2445 dum
772 2404 848 2431 labor
863 2409 948 2440 urget.

273 2443 394 2471 Limatus
409 2442 499 2469 studia
514 2441 625 2467 solvitur
638 2444 663 2466 et
676 2441 800 2466 moritur.

238 2498 480 2533 Theophylactus,
508 2494 649 2530 sophista,
673 2494 719 2521 cui
749 2500 900 2528 cognomen
934 2498 992 2521 erat

203 2547 363 2575 Simooatta.

239 2591 444 2626 Theopompus,
474 2588 577 2624 ,Chius,
603 2592 706 2620 orator,
736 2585 925 2614 Damasistrati
958 2586 990 2613 F.

203 2639 271 2672 vixit
302 2643 426 2672 tempore
456 2635 605 2671 interregni
645 2633 871 2666 Atheniensium,
903 2633 992 2669 olym—

202 2668 284 2721 piade
297 2668 389 2717 χέιίι,
405 2683 513 2718 quando
537 2668 573 2709 etv
584 2681 714 2716 ephorus,
731 2679 857 2708 lscoratis
872 2668 990 2712 auditor,

202 2732 304 2761 ﬂoruit.
314 2731 429 2767 Scripsit
445 2731 546 2766 pariter
571 2735 603 2756 ac
622 2728 741 2762 ephorus
760 2726 892 2762 epitomen
901 2726 992 2753 Histo-

205 2779 306 2807 riarum
322 2777 449 2804 Herodoti
469 2775 550 2803 libros
560 2773 590 2802 Il
601 2773 768 2808 ;P/tilippica
779 2772 852 2800 libris
860 2771 990 2804 LXXII;

204 2824 337 2850 Historias
361 2823 556 2857 Gra-cas,.quai
575 2820 649 2847 libris
668 2819 709 2846 XI
731 2823 866 2851 constant,
886 2822 913 2845 et
929 2817 992 2845 inde

204 2867 393 2897 narrationem
416 2867 572 2899 ordiuntur,
593 2866 639 2894 ubi
656 2864 828 2900 Thucydides
851 2868 878 2891 et
897 2862 990 2891 Xeno-

1045 2269 1120 2298 tum;
1139 2264 1182 2290 vel
1206 2268 1298 2290 utrutn
1314 2263 1340 2290 id
1356 2264 1429 2298 quod
1454 2269 1495 2291 est
1515 2272 1611 2296 unum,
1633 2265 1670 2292 sit
1687 2270 1714 2292 et
1731 2266 1830 2292 immo-

1044 2311 1108 2343 bile,
1125 2315 1154 2337 ut
1184 2309 1340 2336 Parmenidi
1360 2310 1485 2343 videtur;
1506 2310 1548 2337 vel
1561 2315 1653 2337 utrum
1672 2316 1765 2338 motus
1784 2312 1828 2342 sit,

1044 2364 1078 2383 an
1094 2363 1159 2387 non,
1173 2361 1203 2383 ut
1212 2355 1314 2382 Zenoni
1329 2356 1434 2388 visum;
1449 2355 1490 2382 vel
1504 2360 1596 2383 utrum
1611 2357 1716 2384 sanitas
1729 2357 1828 2384 bonum

1044 2403 1089 2434 sit,
1108 2409 1221 2434 annon,
1247 2405 1276 2428 ut
1301 2401 1389 2436 placet
1413 2402 1585 2437 Chrysippo;
1602 2406 1628 2429 et
1653 2407 1745 2429 utrum
1767 2410 1830 2430 co“-

1045 2448 1180 2475 tradicere
1204 2448 1293 2481 liceat,
1311 2455 1345 2474 an
1372 2455 1437 2480 non,
1459 2454 1489 2476 ut
1507 2449 1664 2475 Antistheni
1688 2449 1827 2483 probatur.

1043 2494 1195 2528 Opponitur
1223 2493 1262 2526 id,
1277 2494 1349 2528 quod
1374 2493 1450 2520 Θέσει
1466 2498 1507 2521 est
1527 2498 1555 2521 et
1570 2495 1641 2529 quod
1667 2495 1749 2529 φύσει
1774 2496 1828 2523 sive

1043 2544 1151 2567 natura.
1168 2539 1255 2567 Etiam
1269 2539 1407 2567 rhetorica
1425 2540 1592 2574 problemata
1609 2540 1720 2575 quidam
1740 2541 1829 2568 theses

1044 2592 1141 2614 vocant
1155 2595 1162 2619 ;
1183 2586 1341 2614 Aristoteles
1356 2586 1529 2621 hyp0theses.

1080 2632 1293 2664 Thesmothetae,
1307 2633 1483 2667 magistratus
1503 2632 1632 2664 Athenis,
1645 2633 1697 2660 viri
1716 2640 1774 2666 sex,
1796 2641 1826 2660 ex

1043 2685 1141 2706 novem
1154 2678 1342 2705 archontibus.
1359 2678 1414 2705 Hos
1423 2678 1495 2713 leges
1509 2679 1656 2713 quotannis
1667 2679 1826 2710 correxisse,

1043 2724 1123 2753 docet
1138 2723 1285 2752 Eschines
1300 2729 1395 2752 contra
1410 2725 1626 2760 Ctesiphontem.

1078 2769 1204 2804 Thespis,
1221 2777 1256 2798 ex
1272 2770 1370 2802 Icario,
1382 2771 1478 2797 Attica:
1502 2771 1613 2804 populo,
1636 2770 1765 2806 tragicus,
1778 2770 1823 2797 de-

1043 2816 1132 2843 cimus
1148 2821 1242 2843 sextus
1257 2816 1290 2843 ab
1308 2815 1427 2851 Epigene
1444 2816 1583 2851 Sicyonia,
1604 2817 1692 2851 primo
1705 2818 1819 2851 tragico;

1044 2862 1091 2890 alii
1105 2863 1257 2891 secundum
1273 2862 1307 2890 ab
1322 2870 1354 2892 eo
1371 2863 1485 2897 faciunt,
1500 2864 1546 2891 alii
1559 2864 1677 2899 primum
1695 2863 1822 2903 tragicum
