1904 3072
149 172 219 204 1361

771 177 820 206 DE
841 174 984 212 QUIBUS
1005 174 1158 205 SUIDAS.

1715 178 1794 212 1362"

151 227 238 254 fuisse
255 226 400 254 afﬁrmant.
429 228 480 256 Hic
496 228 615 264 primum
639 236 751 258 cerussa
781 230 851 258 facie
871 231 938 258 illita
951 231 977 261 Α
989 229 1060 264 quod
1090 228 1159 255 alios
1183 227 1292 256 acerbi.r
1308 225 1472 257 criminetur
1489 227 1526 257 of)
1540 237 1581 264 ea,
1598 231 1698 266 quibus
1723 234 1782 270 ipse

149 273 296 308 tragmdias
311 273 376 308 egit,
394 274 492 301 deinde
509 274 606 303 faciem
622 276 780 304 andrachna
795 277 821 304 in
837 278 937 306 docen-

148 320 192 346 dis
206 319 303 346 fabulis
320 319 406 352 texit;
425 325 518 354 postea
541 321 679 348 larvarum
694 322 838 350 lintearum
857 331 937 350 usum

148 366 313 392 introduxit.
330 365 426 393 Docuit
443 367 548 396 fabulas
570 368 725 403 Olympiade
741 368 810 401 LXI,
825 375 852 396 et
867 370 938 398 inter

148 412 296 446 tragmdias
321 412 381 447 ejus
407 420 657 441 commemorantur
680 413 769 442 Ἀθλα
799 415 895 442 Πελίου
920 416 936 451 ἢ

146 457 265 491 Φορὸἁς,
285 457 394 492 Ίερεὺς,
415 459 527 491 Ἣῖοεοι,
541 459 671 491 Πενθεύς.

184 501 311 537 Thespis,
327 504 506 538 citharoedus,
524 505 558 532 de
571 514 625 540 quo
640 506 778 542 Aristoph.

184 547 368 583 Thucydides,
397 549 471 578 Olori
495 549 526 577 F.
562 551 748 584 Atheniensis,
775 552 861 580 lilium
889 553 938 580 ha-

146 595 206 622 bnit
224 594 405 623 Timotheum.
424 596 576 624 Maternum
595 605 681 633 genus
696 605 711 625 a
728 597 848 626 Miltiade
858 599 937 631 duce,

145 645 291 674 paternum
310 642 343 669 ab
355 641 448 676 Oloro,
463 642 599 671 Thracum
610 651 672 679 rego
686 644 774 676 duxit,
786 644 938 679 Antiphon-

147 686 184 713 tis
203 686 365 721 discipulus,
383 688 473 715 clarus
488 689 560 716 circa
582 689 762 724 Olympiadem
780 689 936 716 LXXXVII.

146 732 261 767 Scripsit
284 731 536 767 Peloponnesiorum
560 740 584 762 et
610 736 806 763 Atheniensium
830 737 936 764 bellant.

146 777 199 805 llic
229 787 295 813 puer
324 780 415 806 adhuc
445 780 631 813 llerodotum,
660 782 785 817 olympize
808 783 938 811 historias

146 831 214 850 suas
241 824 413 856 recitantem,
439 832 501 851 eum
532 825 682 852 audivisset
711 827 788 860 quasi
817 827 937 854 numinis

147 868 267 903 alienius
282 869 414 896 instinctu
431 870 575 905 lacrymari
588 872 677 906 ewpit.
693 871 845 899 Herodotus
857 873 938 906 igitur

988 271 1198 307 constringitur,
1216 276 1276 299 tum
1303 273 1376 305 quod
1395 273 1488 301 animo
1511 281 1641 310 corrupto
1657 277 1738 306 fuerit
1754 285 1782 307 et

988 319 1126 352 improbas
1140 319 1294 346 sententias
1312 317 1390 345 libris
1404 319 1461 346 suis
1477 319 1635 350 inseruerit.
1660 322 1737 356 Quod
1757 325 1780 352 si

987 363 1170 391 Callisthenes
1182 364 1292 397 [merito
1319 370 1416 398 parias
1444 366 1546 399 pendit,
1565 368 1636 400 quod
1662 369 1781 397 Alexan-

988 408 1068 435 drum
1100 410 1127 436 in
1153 410 1266 437 deorum
1299 417 1447 436 numerum
1471 411 1574 439 referre
1597 414 1694 446 voluit,
1713 416 1780 450 quid

989 455 1089 482 meruit
1106 454 1226 483 Timarus
1249 456 1296 490 qui
1312 455 1522 483 Timoleontem-
1533 458 1617 492 μείζω
1629 461 1704 486 ποιεῖ
1726 461 1780 489 τῶν

988 501 1213 534 ἐπιφανεστάτων
1236 502 1317 535 θεῶν,
1346 510 1429 537 supra
1458 502 1695 536 splendidissimos
1714 506 1780 535 deos

988 546 1107 578 extollit,
1126 551 1179 574 etc.
1198 546 1314 582 Scripsit
1329 547 1366 574 De
1385 547 1466 583 Syria
1489 548 1595 583 ejusque
1616 550 1734 585 urbibus,
1755 557 1780 580 et

988 592 1091 626 regibus
1108 592 1188 620 libros
1207 592 1268 620 111.

1024 637 1143 664 Timaeus
1160 658 1167 670 ,
1203 637 1307 666 Loerus
1320 659 1328 671 ,
1365 639 1562 675 philosophus‘
1580 639 1778 676 Pythagoreus.

990 681 1105 716 Scripsit
1121 681 1328 716 Mathematica;
1354 684 1391 711 De
1410 690 1528 719 natura;
1554 686 1596 714 De
1618 685 1780 723 Pythagora

989 727 1051 754 vita.

1022 783 1150 816 Timaeus,
1168 786 1350 814 Andromachi
1366 787 1638 823 F.,Tauromenites,
1653 790 1777 825 Philisci,

989 828 1098 862 Milesii,
1130 831 1292 865 discipulus,
1311 833 1413 860 multus
1443 834 1470 860 in
1494 834 1555 862 aliis
1574 836 1777 870 reprehenden-

988 875 1041 908 dis,
1057 876 1128 904 unde
1142 877 1230 904 dictus
1245 883 1287 905 est
1311 878 1494 914 Ἐπιτίμαιος,
1507 881 1588 908 etiam
1608 882 1776 917 Γραοσυλλί-

145 915 219 948 patri
237 916 389 948 gratulatus
401 920 441 942 est
456 916 489 943 de
506 917 552 943 lilii
570 917 669 944 indole.
685 917 785 952 (Supra
801 918 827 944 in
846 918 934 953 ὀργῶ-
952 919 973 948 Β
988 930 1079 955 κτρια,
1096 923 1166 957 quod
1184 924 1286 958 quzevis
1301 924 1360 951 siue
1377 925 1481 952 delectu
1495 926 1520 952 in
1534 915 1635 961 scripta
1650 927 1773 956 referret.

148 960 223 994 σαν),
249 968 300 988 nec
318 969 379 988 eum
401 961 534 997 judicium
558 970 636 989 suum
660 963 763 990 fefellit.
792 963 840 991 llic
865 963 939 990 Thu-

147 1006 263 1040 cydides
290 1007 390 1044 artium
411 1013 543 1042 praecepta
569 1009 653 1043 probe
676 1009 808 1042 callebat,
833 1014 861 1037 et
883 1010 939 1037 ele-

146 1052 241 1085 gantia
262 1053 405 1084 orationis,
430 1059 557 1080 accurata
586 1062 675 1081 rerum
704 1055 811 1086 notitia,
835 1055 938 1083 artibus

147 1098 330 1131 imperatoriis
360 1099 536 1134 consiliisque
569 1100 728 1132 excellebat,
756 1105 782 1127 et
803 1101 830 1127 in
858 1109 939 1136 argu-

148 1143 250 1170 mentis
270 1145 449 1179 panegyricis.
478 1145 552 1172 Solet
580 1153 595 1171 a
630 1153 728 1180 genere
748 1145 879 1173 feminino
905 1147 938 1174 ad

147 1195 277 1217 neutrum
295 1191 421 1223 transire,
445 1196 475 1218 ut
499 1200 506 1218 :

147 1237 193 1272 ἐφ’
207 1237 275 1271 ὅπερ
291 1237 351 1271 (pro
365 1238 407 1272 ἐφ’
419 1238 530 1274 ἥνπερ.)

187 1282 410 1310 Thuriomantes.
427 1283 608 1311 Athenienses
620 1285 654 1311 ad
669 1285 776 1316 urbem,
792 1283 935 1318 Thorium,

147 1329 319 1355 Condendam
337 1330 430 1356 decem
448 1331 521 1356 viros
540 1330 686 1361 miserunt,
707 1331 778 1357 inter
794 1338 864 1364 quos
888 1329 938 1357 fuit

147 1373 282 1407 Lampon,
301 1379 385 1407 vates,
412 1375 459 1410 qui
485 1376 560 1403 urbis
588 1376 737 1404 condenda:
758 1376 890 1403 rationem
911 1380 937 1402 et

147 1422 261 1448 modum
277 1421 344 1448 alios
362 1421 483 1448 doceret.

187 1466 281 1498 Θὺῐνα,
300 1474 333 1494 ex
359 1467 452 1502 thyino
475 1467 548 1502 ligno
573 1467 710 1496 confecta.
738 1467 796 1496 Sub
813 1468 934 1500 Zenone,

147 1512 217 1546 imp.
254 1511 281 1539 in
313 1512 402 1547 Cypro
421 1513 538 1540 inventae
559 1519 623 1540 sunt
649 1513 770 1548 reliquiae
794 1513 934 1546 Barnabas,

148 1558 276 1592 apostoli,
287 1558 332 1593 qui
347 1559 430 1586 Paulo
447 1557 498 1585 fuit
514 1559 711 1593 peregrationis
727 1566 829 1586 comes.
847 1559 934 1594 Hujus

534 1191 687 1226 Τρέπονται
706 1193 745 1224 εἰς
768 1191 938 1219 Μακεδονίαν

149 1591 282 1630 Barnahte
295 1591 409 1637 pectori
439 1603 597 1638 impositum
615 1608 674 1630 erat
696 1603 872 1638 Evangelium
893 1612 936 1632 se-
948 1591 970 1622 (ἶ

147 1649 269 1675 cundum
305 1649 471 1680 lllatthzeum,
506 1648 598 1684 thyiua
624 1649 728 1676 habens
751 1648 827 1677 lolia.
845 1649 936 1685 (Conl'.

147 1693 259 1720 Kusteri
275 1699 330 1721 not.
347 1694 373 1725 2,
395 1700 451 1722 tom
481 1694 514 1727 ll,
534 1702 594 1730 pag.
615 1695 690 1730 210.)

188 1739 325 1772 Tiberius,
344 1739 449 1767 Octavii
464 1740 547 1774 filius,
566 1741 751 1768 Romanorum
770 1741 835 1777 imp.
856 1741 938 1769 homo

148 1789 279 1820 crudelis,
298 1794 432 1821 versutus,
460 1794 514 1816 etc.
539 1788 674 1823 (Altamen
694 1789 797 1817 litteras
816 1790 935 1817 amabat.

151 1832 187 1861 V.
204 1834 313 1869 Sigitm.
329 1834 404 1861 Justi
421 1834 566 1862 Elirlmrdti
582 1839 758 1862 commentat.
776 1835 813 1862 De
832 1835 937 1862 Claudii

150 1879 254 1907 Tiberii
280 1881 396 1908 Neronis
423 1882 450 1908 in
475 1881 626 1908 litterarum
643 1881 733 1909 studia
751 1881 867 1914 meritis,
883 1881 937 1909 (Io-

149 1928 230 1961 burgi
247 1927 326 1959 i735,
345 1927 384 1961 8.)

187 1972 418 2007 Θυρεπανοίκτης.
435 1972 533 2007 Supra,
547 1972 655 2003 Crates,
672 1971 829 2000 Thebanus.

188 2017 332 2050 Tiberius,
357 2018 536 2053 philosophus
560 2023 586 2046 et
616 2018 748 2053 sophista,
774 2017 937 2052 seripsitDe

148 2063 244 2098 formis
259 2063 387 2090 orationis
406 2063 488 2090 libros
509 2062 578 2095 III;
602 2063 639 2090 De
656 2063 877 2094 commutatione;
899 2062 936 2090 De

149 2110 278 2142 historia;
293 2109 331 2136 De
344 2109 515 2143 dispositione
534 2114 559 2136 et
581 2109 770 2143 compositione
789 2108 935 2141 orationis;

150 2155 190 2182 De
210 2156 293 2182 ciuilis
319 2156 446 2182 orationis
463 2156 628 2188 mulatione;
657 2155 694 2181 De
721 2155 935 2182 demonstrativis

149 2201 331 2233 orationibus;
349 2200 384 2227 De
397 2201 597 2235 prtefationibus
620 2205 645 2227 et
661 2200 816 2233 Protemiis;
832 2200 870 2227 De
889 2209 936 2226 ar-

149 2247 296 2281 gumentis;
314 2246 349 2272 De
371 2246 540 2273 Demosthene
561 2251 584 2273 et
605 2245 796 2281 Xenophonte,-
826 2246 864 2273 llo
879 2245 934 2274 Ηε-

150 2291 245 2317 rodoto
257 2295 281 2317 et
299 2290 460 2326 Tltntydide.

187 2337 344 2370 θυμελικοί.
369 2337 520 2364 lllstriones
535 2336 649 2364 scenici.

187 2382 373 2414 Timachidas,
390 2383 525 2415 Rhodius,
541 2391 638 2415 annos,
653 2382 712 2410 sive
731 2383 853 2410 Δείπνων
870 2384 936 2411 ἀνα·

150 2429 261 2465 γραφὰς
281 2429 529 2464 scripsit-carmine
545 2429 655 2456 heroico
672 2429 746 2456 libris
762 2429 816 2457 XI.
834 2430 867 2457 Et
881 2429 937 2457 Nu-

150 2477 260 2503 menius
283 2476 501 2510 Ὀψαρτυτικῶν,
518 2476 586 2508 sive,
609 2475 645 2502 De
669 2476 771 2503 ratione
783 2476 854 2503 cibos
875 2485 938 2503 con-

150 2522 239 2548 diendi
254 2521 344 2553 libros,
356 2522 510 2556 composuit
525 2526 552 2549 et
565 2521 695 2549 Mastrcas
709 2522 849 2557 (Μητρέας
866 2522 937 2556 apud

150 2566 312 2592 Athenaeum
326 2565 345 2597 Ι,
365 2574 426 2601 pag.
440 2566 480 2600 5),
498 2566 643 2597 Phanaeus,
658 2571 684 2592 et
698 2565 844 2601 llegemon,
863 2566 936 2593 Tha-

149 2612 221 2643 sius,
245 2613 406 2646 cognomine
420 2612 508 2647 Φακή,
524 2613 580 2639 sive
594 2611 674 2644 Lens,
692 2616 718 2638 et
735 2613 935 2644 Artemidorus,

149 2657 258 2685 Psmdo
273 2658 493 2692 Aristophanius,
507 2659 550 2692 qui
562 2658 697 2684 culinaria
709 2658 836 2685 vocabula
852 2659 937 2686 colle-

149 2705 200 2739 git,
230 2708 257 2731 et
283 2704 460 2737 Philoxenus,
488 2704 593 2731 Claudii
620 2703 650 2731 F.
676 2704 757 2738 (apud
776 2705 936 2731 Athenaeum

150 2751 310 2786 Λευκάδιος)
325 2759 339 2778 a
355 2758 410 2786 quo
423 2751 504 2778 etiam
517 2750 681 2778 Philoxcnia:
696 2750 826 2784 placenta:
836 2758 936 2778 nomen

152 2796 262 2824 habent.

186 2841 315 2875 Timaeus,
333 2843 492 2875 historicus,
515 2841 651 2877 Ephorum
672 2841 848 2869 vehementer
863 2841 936 2869 inse-

152 2891 242 2914 ctatus
269 2892 318 2921 est,
346 2888 452 2916 duobus
468 2889 526 2923 ipse
556 2887 674 2922 peccatis
706 2887 849 2921 obnoxius,
879 2891 934 2915 tum

992 966 1106 1002 Scripsit
1125 968 1222 995 Italica
1238 974 1262 996 et
1277 970 1367 997 Siculo
1381 971 1456 999 libris
1474 971 1562 1006 VIII;
1581 972 1675 1001 (Ζηνί-α
1689 979 1714 1001 ει
1728 974 1774 1002 Sl-

990 1012 1068 1045 cnla;
1096 1013 1281 1042 Collectionem
1315 1022 1528 1051 argumentorum
1562 1019 1774 1054 rhetoricorum,

990 1057 1071 1085 libros
1085 1058 1228 1093 LXVIII;
1244 1061 1452 1097 Olympionicas,
1471 1064 1528 1091 sive
1544 1064 1657 1099 χρονικὰ
1674 1065 1776 1100 Πραξι-

989 1103 1043 1134 δια,
1059 1106 1127 1132 Acta
1151 1106 1285 1134 chronica.
1309 1107 1358 1135 Hic
1379 1109 1508 1142 Timaeus,
1531 1110 1579 1145 qui
1609 1111 1774 1138 onteriorum

989 1151 1111 1178 historirc
1125 1152 1289 1187 scriptorum
1303 1161 1410 1182 errores
1431 1155 1605 1183 acerbissime
1623 1156 1774 1192 castigavit,

989 1197 1041 1224 fuit
1057 1198 1168 1232 quidem
1186 1199 1212 1225 in
1230 1199 1335 1227 caeteris
1351 1200 1473 1228 historite
1488 1202 1611 1235 partibus
1627 1203 1774 1231 studiosis-

989 1242 1076 1270 simus
1096 1243 1220 1274 veri,sed
1235 1244 1262 1271 in
1279 1245 1399 1279 quinque
1414 1245 1490 1273 libris
1505 1247 1659 1281 postremis,
1677 1248 1776 1282 quibus

988 1295 1033 1315 res
1055 1288 1211 1322 Agathoclis
1238 1282 1398 1325 complexus
1422 1296 1474 1324 est,
1490 1297 1635 1327 tyrannum
1651 1293 1738 1326 illum,
1760 1301 1775 1322 a

988 1338 1042 1366 quo
1057 1331 1083 1358 in
1101 1332 1226 1359 exsilium
1250 1333 1346 1368 pulsus
1372 1333 1469 1368 fuerat,
1491 1336 1619 1363 omnibus
1641 1337 1775 1366 conviciis

989 1383 1094 1410 onerat,
1118 1379 1311 1412 hominemque
1326 1380 1533 1415 ignavissimum
1550 1382 1636 1411 fuisse
1648 1384 1775 1417 alIirmat,

989 1432 1064 1460 illum
1098 1432 1335 1469 Syracusanorum
1361 1437 1504 1469 victorem,
1532 1445 1650 1473 quorum
1681 1443 1773 1467 tamen

989 1477 1174 1506 fortitudinem
1189 1481 1315 1509 omnibus
1332 1481 1409 1509 elfert
1429 1482 1547 1518 paginis,
1561 1489 1614 1512 etc.

1022 1533 1194 1570 Timagenes.
1221 1537 1287 1572 regii
1314 1539 1462 1574 argentarii
1491 1538 1773 1576 F.,Alexandrinus,

988 1579 1097 1613 rhetor;
1123 1581 1174 1614 vel,
1195 1586 1223 1609 ut
1240 1584 1362 1618 quidam,
1381 1584 1536 1620 Egyptius,
1555 1586 1603 1621 qui
1626 1587 1679 1614 sub
1694 1586 1776 1615 Pom-

989 1625 1048 1659 peio
1063 1625 1161 1661 Magno
1177 1628 1290 1655 Romam
1311 1637 1326 1656 a
1340 1629 1456 1658 Gabinio
1471 1632 1598 1667 captivus
1614 1633 1726 1665 ductus,
1745 1638 1774 1662 et

988 1677 1003 1697 a
1018 1670 1130 1705 Fausto,
1152 1673 1231 1708 Sylla:
1243 1673 1286 1706 F.,
1306 1676 1463 1711 redemptus
1479 1677 1572 1705 Romae
1588 1669 1777 1713 eloquentiam.

988 1716 1092 1751 docuit,
1124 1726 1186 1747 cum
1210 1721 1262 1748 sub
1290 1721 1347 1756 ipso
1364 1722 1504 1757 Pompeio,
1523 1730 1580 1752 tum
1601 1729 1663 1759 post.
1684 1725 1775 1760 ipsum

988 1763 1038 1791 sub
1053 1763 1161 1792 Caesare
1176 1766 1298 1801 Augusto
1321 1772 1347 1794 et
1363 1772 1468 1802 postea,
1487 1770 1593 1802 eodem,
1614 1778 1669 1805 quo
1688 1770 1775 1798 Caeci-

987 1809 1051 1841 lius,
1069 1814 1202 1844 tempore.
1227 1811 1295 1838 Cum
1320 1818 1410 1840 autem
1435 1814 1469 1840 0b
1489 1814 1598 1841 dicendi
1621 1814 1776 1843 libertatem

988 1853 1082 1880 schola
1090 1855 1246 1887 excidisset,
1264 1856 1290 1882 in
1302 1857 1403 1891 prsidio
1417 1857 1575 1887 Tusculano
1586 1860 1668 1886 vitam
1684 1865 1775 1890 trans-

988 1900 1052 1934 egit.
1077 1899 1151 1928 Obiit
1183 1901 1285 1928 Dabani
1309 1907 1371 1936 post
1393 1911 1511 1937 coenam,
1531 1913 1593 1932 cum
1619 1906 1700 1933 vellet
1725 1914 1775 1934 vo-

991 1952 1075 1978 mere,
1093 1946 1255 1980 σψηνωθεις,
1267 1946 1328 1973 cibo
1344 1948 1447 1974 exitum
1470 1956 1523 1976 non
1547 1950 1703 1978 inveniente
1717 1951 1776 1979 suf-

990 1989 1107 2019 focatus.
1122 1992 1221 2019 Multos
1239 1992 1323 2021 libros
1338 1993 1455 2028 scripsit.

1023 2055 1194 2092 Timagenes,
1224 2056 1394 2091 historicus,
1423 2057 1505 2085 totius
1532 2058 1614 2085 maris
1643 2060 1773 2094 periplum

987 2103 1098 2136 seripsit
1113 2104 1187 2130 libris
1206 2103 1235 2130 V.

1022 2149 1183 2184 Timagenes
1193 2172 1200 2183 ,
1215 2150 1270 2178 sive
1287 2149 1460 2185 Timogenes,
1480 2150 1612 2181 Milesius.
1627 2150 1775 2182 historicus

987 2198 1014 2220 et
1029 2194 1131 2226 rhetor,
1156 2195 1266 2230 scripsit
1294 2194 1330 2222 De
1359 2194 1488 2222 Heraclea
1512 2195 1624 2224 Pontica
1648 2201 1673 2224 et
1693 2198 1774 2226 claris

988 2239 1045 2273 ejus
1062 2240 1124 2267 viris
1139 2240 1218 2267 libros
1233 2241 1356 2275 quinque.
1374 2242 1440 2269 Item
1456 2241 1604 2277 Epistolas.

1026 2285 1198 2318 Timarchus,
1207 2287 1305 2314 Arizeli
1317 2288 1345 2315 F.
1353 2307 1360 2320 ,
1369 2288 1499 2323 prodigus
1511 2293 1537 2316 et
1548 2289 1678 2323 cinadus,
1693 2298 1774 2325 quem

989 2333 1137 2363 Eschines
1154 2343 1242 2362 rerum
1262 2336 1373 2371 peregit,
1391 2342 1442 2364 etc.

1025 2379 1176 2413 Timasion,
1203 2380 1362 2408 adolescens
1385 2381 1541 2418 Egyptius,
1565 2390 1646 2418 quem
1666 2383 1775 2419 Apollo-

989 2425 1062 2458 nius,
1080 2425 1216 2461 Tyaneus,
1229 2433 1290 2454 cum
1309 2431 1432 2454 moneret
1445 2431 1473 2454 ut
1487 2435 1578 2455 secum
1595 2428 1772 2462 philosopha-

989 2475 1065 2498 retur
1093 2481 1100 2500 :
1131 2471 1153 2499 0
1183 2472 1231 2505 dii,
1256 2473 1355 2507 inquit,
1374 2473 1483 2508 qualem
1511 2481 1554 2501 me
1574 2474 1682 2501 dicam?
1705 2475 1772 2503 Nam

990 2516 1078 2544 malus
1103 2517 1212 2551 quidem
1243 2526 1296 2545 non
1322 2526 1394 2551 sum,
1417 2519 1518 2546 bonum
1541 2527 1605 2547 vero
1621 2525 1712 2547 utrum
1731 2528 1774 2548 me

988 2562 1137 2589 existimari
1166 2567 1289 2597 oporteat
1316 2564 1419 2596 nescio,
1444 2569 1496 2592 etc.
1520 2564 1564 2600 (ex
1595 2565 1772 2598 Philostrato,

988 2607 1035 2634 lib.
1052 2615 1077 2634 vr
1093 2607 1131 2635 De
1147 2608 1201 2635 vita
1219 2609 1307 2643 Apoll.
1322 2617 1383 2645 cap.
1397 2611 1424 2637 2.

1024 2661 1217 2695 Timesitheus,
1234 2664 1364 2698 tragicus.
1376 2664 1436 2698 ejus
1448 2665 1572 2692 dramata
1590 2669 1665 2698 sunt,
1676 2665 1774 2693 Δαναΐ-

987 2708 1030 2740 δες
1045 2707 1078 2743 β’,
1093 2708 1222 2744 ’Έκτορος
1230 2709 1326 2744 λύτρα,
1344 2709 1491 2744 Ἡρακλῆς,
1507 2710 1600 2743 Ἰξίων,
1615 2710 1773 2744 Καπανεὺς,

987 2754 1117 2788 Μέμνων,
1134 2755 1308 2789 Μνηστῆρες,
1328 2755 1413 2790 Ζηνὸς
1427 2756 1516 2790 γοναὶ,
1532 2756 1642 2791 Ἑλένης
1653 2756 1773 2792 ἀπαιτη-

989 2803 1040 2827 σις,
1059 2795 1200 2831 Ὀρέστης,
1212 2796 1347 2832 Πυλάδης,
1366 2798 1484 2832 Κάστωρ
1498 2797 1546 2824 καὶ
1562 2797 1745 2832 Πολυδεύκης.

1024 2841 1169 2874 Timocles,
1191 2841 1376 2875 Atheniensis,
1399 2843 1531 2870 comicus.
1551 2843 1587 2870 Et
1601 2843 1660 2878 ejus
1675 2843 1775 2870 fabulis

989 2891 1053 2916 sunt
1069 2896 1076 2915 :
1093 2887 1291 2923 Δημοσάτυροι,
1302 2888 1467 2924 Κένταυρος.
1493 2889 1617 2920 Καύνιοι.
1649 2889 1773 2916 Ἐπιστο-
