1904 3072
171 156 240 188 136⁸1

769 160 891 191 INDEX
911 161 1156 195 SCRIPTORUM

1729 169 1801 201 126!

167 217 221 249 λαὶ,
236 216 474 251 Ἐπιχαιρέκακος,
489 215 692 251 Φιλοδικαστὴς,
713 216 834 251 Πύκτης.
851 218 952 246 Mento-

1017 222 1155 255 >r0siliret;
1181 221 1354 250 Timotheum
1384 226 1473 250 autem
1494 224 1605 256 dixisse,
1637 225 1704 252 talia
1735 234 1800 253 eSsc

168 270 210 292 rat
221 263 367 290 Athenaeus
390 263 417 289 in
434 262 512 290 libris
523 263 810 298 Dipnosophistarum.

206 310 342 337 ’l‘imocles
369 310 451 341 alter,
469 315 497 337 et
509 311 566 344 ipse
581 311 702 338 comicus
715 318 747 337 ex
763 312 841 346 cujus
853 311 952 341 fabulis

168 361 195 383 ιιι
213 355 290 382 testis
307 355 377 382 idem
393 355 549 387 Athenaeus,
569 360 633 383 sunt
649 357 882 389 Διονυσιάζουσαι.
898 359 950 384 Πο-

167 401 345 436 λυπράγμων,
364 401 487 436 Ἰκάριοι,
504 401 598 434 Δῆλος,
616 402 691 437 Λήθη
710 403 845 436 Διόνυσος,
872 404 951 431 Κονί-

166 447 256 478 σαλος,
271 447 403 481 Πορφύρα
417 447 489 481 (quae
513 447 574 474 aliis
598 446 732 475 Xenarchi
747 456 807 475 esse
823 449 949 484 videtur.)

165 493 285 526 Ἥρωες,
295 492 467 528 Δρακόντιον,
480 491 585 527 Νέαιρα
597 494 760 528 (meretricis
768 494 819 521 hoc
829 496 950 529 nomen),

172 539 315 573 Ὀρέστης,
331 539 518 572 Μαραθώνιοι.
535 539 603 566 Sunt
619 544 646 566 et
656 540 716 567 alia:
734 541 868 574 quazdam.
886 541 951 576 [Sed

168 585 309 617 Meursius,
327 585 353 611 in
369 584 438 612 Bibl.
454 585 541 612 Attica
550 591 576 613 et
591 586 698 618 Suitlas,
715 587 785 613 adh.
800 587 817 614 l.
835 588 888 615 vol.
909 587 950 620 lll,

166 639 228 667 pag.
244 630 308 662 475,
323 636 436 658 censent
451 630 562 658 Suidam
580 632 650 659 male
673 633 746 660 hunc
772 634 950 668 posteriorem

164 678 264 706 fecisse
281 678 418 706 diversum
443 686 458 705 a
476 679 577 713 priore,
595 686 656 706 cum
674 680 744 706 ident
759 680 794 706 sit
807 681 950 717 comicus.]

199 722 372 755 Timocreon,
400 723 534 756 Rhodius,
568 725 691 752 comicus
709 730 736 752 et
771 726 828 760 ipse
852 728 951 755 veteris

166 769 316 796 comoediae.
344 769 412 796 Huic
433 769 582 797 inimicitiae
608 770 820 799 intercesserunt
833 780 895 799 cum
909 773 952 800 Si-

164 815 275 842 monide
290 814 386 841 Melico
402 820 430 841 et
445 813 627 842 Themistocle
642 816 812 849 Atheniensi,
826 818 852 844 in
867 825 950 852 quem

166 861 246 888 etiam
261 861 383 887 carmine
401 859 446 896 [δι’
460 860 597 895 ἐμμελοῦς
610 869 682 893 τινος
702 863 862 896 ποιήματος)
880 863 951 889 vitu-

167 907 333 942 perationem
350 907 500 934 contexuit.
519 906 632 941 Scripsit
654 915 718 935 vero
745 908 909 936 commdiam
924 910 951 936 in

167 952 374 980 Themistoclem
391 957 418 980 et
433 952 613 984 Simonidem,
629 953 746 988 aliaque.

201 998 352 1030 Timolaus,
367 998 528 1030 Larisszeus,
544 998 665 1030 Macedo,
677 999 779 1032 rhetor,
805 1000 953 1029 Anaxime-

167 1047 208 1074 nis
232 1045 412 1080 Lampsaceni
429 1045 590 1079 discipulus.
610 1045 655 1079 qui
672 1053 734 1072 cum
751 1046 859 1080 ingenio
887 1055 952 1082 poc-

167 1093 222 1120 tico
237 1097 305 1120 esset
316 1091 454 1127 pra-ditus,
464 1091 578 1126 singulis
588 1090 677 1118 Iliadis
691 1092 816 1119 versibus
829 1093 952 1127 singulos

168 1146 263 1166 versus
283 1137 449 1169 iuterseruit,
465 1141 492 1164 et
519 1136 546 1164 id
566 1143 634 1172 opus
662 1136 784 1171 Τρωϊκὸν
799 1137 950 1173 inscripsit,

168 1186 221 1212 hoc
249 1184 330 1212 modo
345 1195 352 1213 :

167 1243 254 1274 Μῆνιν
262 1241 345 1272 ἄειδε,
357 1241 422 1273 Θεὰ,
435 1241 593 1276 Πηληϊάδεω
608 1241 740 1276 Ἀχιλῆοε,

170 1278 222 1303 Ἢν
235 1277 310 1303 ἔθετο
326 1277 435 1311 Χρύσου
459 1275 752 1310 κεχολωμένοξεῖνεκει
766 1275 879 1311 κούρης,

169 1312 362 1347 υῦλομένην,ἦ
380 1312 454 1347 μυρί’
474 1312 591 1345 ’Λχαιιιῖς
605 1311 681 1345 ἄλγε’
694 1312 776 1346 ἔθηκε

168 1347 369 1382 Μαιρναμένοις.
385 1348 429 1373 ὅτε
444 1347 553 1381 Τρωσὶν
573 1347 638 1380 ἄτερ
657 1346 803 1380 πολέμιζον
825 1346 952 1378 ἄνακτος,

168 1381 274 1414 Πολλὰς
290 1383 312 1408 δ’
330 1382 457 1416 ἰφθίμους
468 1382 556 1416 ψυχὰς
573 1382 627 1408 ἄϊδι
641 1381 784 1416 προΐαψεν,

170 1418 300 1452 ’Έκτορος
314 1418 341 1443 ἐν
358 1417 498 1452 παλάμῃσι
513 1416 680 1451 δαῖζομὲνων
695 1417 748 1443 ὑπὸ
764 1417 850 1453 δουρί.

171 1462 288 1496 Scripsit
301 1466 328 1489 ct
347 1462 400 1488 alia
415 1462 549 1496 quaedam.

205 1508 312 1541 Timon,
325 1508 538 1543 misanthropus,
567 1508 753 1543 philosophus,
779 1509 824 1544 qui
852 1514 952 1538 sectam

169 1562 277 1582 onmem
304 1554 490 1586 aversabatur,
516 1559 545 1581 ut
563 1554 666 1582 invisus
683 1555 811 1582 oumibus
827 1555 870 1590 (ab
893 1555 957 1582 Ari-

169 1600 302 1635 stophane
324 1600 352 1627 in
368 1599 528 1636 Lysistrata)
555 1600 754 1635 perstringitur.
775 1600 852 1628 llunc
866 1600 956 1628 Neau-

171 1647 230 1673 thes
245 1646 293 1678 ait,
308 1653 370 1673 cum
384 1646 417 1673 de
435 1653 500 1680 pyro
519 1646 635 1673 silvestri
659 1647 811 1677 cecidisset,
830 1646 955 1673 claudum

172 1696 273 1719 tactum
296 1699 357 1719 esse
383 1700 391 1718 :
418 1699 536 1727 cumque
549 1692 683 1719 ntedicutu
696 1693 779 1719 nollet
803 1693 955 1726 admittere,

170 1739 313 1773 putredine
329 1745 519 1774 consumptum
544 1739 638 1766 fuisse.
650 1739 716 1766 Post
737 1744 850 1766 mortem
866 1745 955 1766 autem

171 1784 240 1818 .-jus,
259 1784 423 1819 sepulcrum,
442 1785 467 1811 in
484 1793 539 1819 quo
555 1785 680 1812 conditus
705 1790 774 1817 erat,
791 1785 868 1820 juxta
886 1786 956 1813 \‘iam

173 1829 299 1857 tlnctihus
315 1830 428 1857 marinis
447 1838 460 1856 a
477 1830 581 1864 reliqua
607 1835 684 1857 terra:
708 1837 784 1865 parte
799 1831 914 1858 divisum
931 1837 958 1858 ct

173 1878 344 1903 inaccessum
369 1875 471 1903 factum
488 1883 559 1904 esse.

209 1921 316 1955 Timon,
335 1922 483 1956 Phliasius,
506 1927 532 1950 ct
546 1922 603 1957 ipse
626 1923 813 1958 philosophus,
830 1924 875 1958 qui
889 1924 958 1951 scri-

173 1969 225 2003 psit
250 1968 342 2002 Sillos,
359 1969 411 1996 hoc
427 1972 469 1996 est
483 1968 695 2003 vituperationes
718 1960 956 2004 philosophorum,

173 2013 247 2040 tbrt's
265 2013 323 2040 HI.

207 2060 377 2093 Timotheus,
395 2061 580 2093 Atheniensis,
604 2062 725 2089 comicus
748 2062 842 2088 media:
857 2069 958 2088 comae-

172 2108 232 2133 ιιιιιι.
253 2105 289 2133 Ex
306 2108 364 2141 ejus
383 2106 482 2134 fabulis
499 2112 581 2135 sunt:
606 2107 726 2142 Πύκτης,
757 2108 959 2143 Παρακαταθή-

173 2162 218 2187 >η,
234 2152 512 2190 ,ΜεταΕαλλόμενοςῆ
540 2153 779 2188 Μεταφερόμενος.
816 2152 863 2179 Est
877 2153 957 2180 etiam

175 2199 319 2234 ιίυνάριον.
337 2199 471 2227 Timothei
500 2199 644 2231 coniwtlia,
672 2191 746 2226 teste
774 2199 902 2226 Athenaeo
931 2207 958 2225 in

175 2245 404 2280 ltipnosophistis,
426 2246 484 2281 (lib.
504 2244 549 2277 Vl,
567 2254 592 2280 p.
618 2245 693 2279 9J5.)

208 2291 379 2322 Timotheus,
404 2292 581 2324 Thersandri,
611 2292 652 2318 vel
679 2291 817 2326 Neontysi,
836 2291 878 2317 vel
896 2290 959 2317 ιιιιι-

174 2338 299 2372 lopolidis
327 2337 370 2370 F.,
389 2338 498 2373 lyricus,
523 2338 568 2372 qtti
591 2337 723 2364 decimam
741 2341 767 2364 et
786 2337 959 2364 undecimam

173 2385 304 2411 thordam
328 2384 413 2419 (lyrae)
426 2383 540 2415 addidit,
569 2387 596 2410 et
611 2384 749 2418 antiquam
776 2382 906 2409 musicam
926 2383 959 2409 ad

173 2432 326 2458 molliorem
344 2430 454 2457 modum
467 2429 599 2456 traduxit.
615 2429 677 2456 Fuit
690 2435 781 2456 autem
794 2428 960 2463 temporibus

174 2477 323 2512 Euripidis,
344 2476 451 2512 tragici,
467 2476 568 2510 quibus
583 2479 609 2502 et
626 2475 766 2510 Philippus
790 2474 900 2501 Macedo
917 2482 961 2501 re-

174 2525 283 2558 gnabat.
299 2523 372 2550 Obiit
404 2523 492 2550 relatis
521 2530 593 2549 amto
613 2521 716 2549 XCVII.
742 2521 858 2555 Scripsit
872 2522 961 2548 versi-

176 2574 226 2598 IIIIS
241 2578 337 2597 nomos
362 2570 480 2597 musicos
499 2568 571 2601 XIX,
603 2569 735 2603 promtnia
755 2567 884 2600 XXXVI;
900 2566 962 2593 Dia-

176 2625 261 2649 nam;
280 2616 426 2644 Diascevas
457 2615 531 2647 VIII;
563 2614 744 2644 lineomium;
779 2613 875 2640 Persas
906 2612 963 2639 sive

176 2663 319 2698 Nauplium
334 2671 341 2694 ;
354 2661 500 2694 Phinidas;
515 2660 655 2693 Laentem;
669 2658 962 2695 dithyrambosXVlll;

178 2711 293 2745 hymnos
311 2707 384 2740 XXI,
407 2712 433 2735 et
448 2708 500 2734 alia
516 2707 649 2742 quanlam.
667 2707 819 2733 Alexander
845 2705 964 2732 musico-

177 2764 237 2782 rum
254 2756 462 2788 audiendorum,
482 2754 505 2781 si
530 2753 763 2789 quisquatnalius,
775 2751 888 2786 cupidus
902 2750 962 2777 fuit.

177 2802 351 2830 Timotheum
372 2802 455 2834 enim,
474 2801 622 2832 tibicinem,
643 2800 731 2831 aiunt,
750 2807 812 2826 cum
840 2798 964 2831 aliquan-

177 2848 213 2876 do
227 2847 353 2874 Minervae
368 2847 459 2881 ὄρθιον
472 2847 554 2882 νόμον
569 2846 634 2873 tibia
646 2849 766 2876 caneret,
777 2843 963 2872 Alexandrum

177 2895 245 2924 adeo
278 2891 467 2928 commovisse,
484 2897 513 2920 ut
540 2892 609 2920 inter
641 2891 804 2918 audiendum
828 2889 862 2918 ad
888 2897 965 2917 arma

1003 266 1102 293 debere
1115 267 1236 294 carmina
1261 268 1345 302 regia.
1371 267 1420 295 llic
1449 274 1524 301 tunc,
1542 269 1636 296 missis
1668 269 1799 296 celeriter

1003 312 1117 345 nuntiis,
1128 317 1186 339 crat
1201 313 1235 339 ab
1261 313 1413 340 Alexandro
1437 314 1596 342 arcessitus.
1618 314 1712 349 (Conf.
1741 315 1799 341 Ku-

1003 357 1068 384 steri
1084 361 1139 384 not.
1154 361 1220 384 tom.
1234 357 1278 390 Ill,
1296 365 1353 392 pag.
1367 358 1418 385 4η
1430 358 1503 393 ειμι.)

1037 402 1210 435 Timotheus,
1240 405 1364 438 Gazaeus,
1389 406 1592 440 grammaticus,
1624 406 1797 438 temporibus

1002 450 1152 482 Anastasii,
1170 450 1236 485 imp.
1254 451 1281 478 in
1301 459 1382 486 quem
1402 452 1484 478 etiam
1503 451 1664 486 tragtediam
1685 451 1750 478 fecit
1763 452 1796 479 de

1003 495 1125 528 vcrtigali
1144 497 1263 530 publico,
1281 497 1352 530 quod
1369 497 1580 532 chrysargyrnm
1595 497 1795 530 appellabatur.

1006 540 1122 575 Scripsit
1136 541 1218 568 etiam
1233 542 1358 568 versibus
1371 542 1404 569 de
1423 542 1587 568 animalibus
1607 542 1795 576 quadrupedis

1002 591 1030 614 et
1045 587 1109 614 feris
1121 595 1182 621 qute
1201 593 1265 614 sunt
1280 588 1351 621 apud
1367 588 1458 619 Indos,
1475 588 1578 614 Arabes
1588 593 1616 613 et
1635 586 1793 622 Egypticts,

1002 639 1127 666 quasque
1142 631 1234 658 Africa
1250 633 1314 664 alit;
1328 633 1447 666 itemque
1470 633 1503 660 de
1521 632 1617 659 avibus
1640 631 1793 666 peregrinis

1001 681 1028 703 ct
1045 676 1077 703 de
1091 678 1261 710 serpentibus
1286 679 1370 706 libros
1385 678 1428 706 IV.

1036 722 1217 757 Τιθύμαλλος.
1246 723 1455 752 Consiteverunt
1478 727 1575 754 medici
1599 728 1792 756 ostentationis

1002 768 1090 802 gratia
1108 770 1210 803 patrias
1228 770 1375 797 herbarum
1403 773 1556 804 nominare,
1574 781 1600 800 ν.
1619 782 1646 808 g.
1658 773 1729 800 lal‘er
1740 773 1792 806 Cy-

1001 814 1153 848 renaicutu,
1177 816 1335 851 tithymalus
1348 817 1510 850 Laconicus,
1526 826 1579 847 etc.

1040 860 1145 892 Τίτλος.
1163 861 1270 889 Titulus
1285 871 1298 890 a
1317 865 1405 898 capite
1433 865 1532 892 ὤσει-ι.
1551 865 1618 893 Nam
1649 866 1793 894 Matthaeus

966 887 988 915 ⁸
1003 907 1084 933 habet
1092 887 1191 935 mna.
1199 887 1313 940 Lirin,
1320 887 1407 944 culpita
1423 887 1532 938 πρὶν
1540 887 1559 944 ς’
1566 887 1792 944 ᾇζὲεᾴξῖὶὶῖῶιζξ

1003 951 1121 985 XLVIII,
1139 955 1227 988 capita
1242 955 1409 990 CCXXX“;
1430 957 1529 990 Lucas,
1540 958 1635 984 titulos
1644 958 1792 990 LXXXIII;

1003 1000 1092 1033 capita
1105 999 1294 1033 CCCXLVIII;
1325 1001 1452 1033 Joannes,
1476 1003 1569 1030 titulos
1598 1003 1695 1034 XVIII,
1718 1005 1792 1038 capi-

1004 1049 1031 1072 ta
1052 1045 1202 1073 CCXXXII.
1221 1045 1253 1074 Et
1278 1048 1427 1083 τιτλὰριον,
1448 1049 1612 1081 titularium,
1633 1050 1792 1084 pugillares.

1004 1090 1114 1118 tabella.

1037 1136 1124 1169 Titus,
1149 1137 1333 1166 Romanorum
1357 1139 1422 1173 imp.
1436 1138 1593 1174 Vespasiani
1612 1139 1655 1171 ἢ,
1669 1140 1709 1165 rir
1721 1139 1794 1165 omni

1003 1183 1112 1210 virtutis
1135 1192 1233 1218 genere
1260 1191 1382 1218 ornatus,
1400 1191 1428 1212 ut
1443 1186 1476 1212 ab
1499 1186 1628 1212 omnibus
1645 1185 1738 1219 Ἔρως
1749 1186 1794 1212 καὶ

1003 1233 1103 1266 τρυφή,
1125 1240 1199 1258 amor
1217 1237 1241 1259 et
1269 1233 1372 1259 delicia:
1396 1234 1495 1267 generis
1512 1234 1622 1258 humani
1637 1238 1791 1261 vocaretur.

1003 1276 1070 1303 Nam
1086 1282 1113 1304 et
1133 1278 1372 1311 eloquentissimus
1382 1283 1450 1310 erat,
1467 1283 1494 1304 et
1515 1278 1756 1308 bellicosissimus,
1768 1282 1794 1305 et

1003 1322 1249 1350 moderatissimns.
1266 1323 1298 1349 Et
1314 1324 1408 1350 Latina
1425 1325 1515 1358 lingua
1529 1324 1641 1358 quidem
1661 1325 1689 1350 in
1711 1324 1793 1350 admi-

1004 1369 1152 1396 nistrandis
1172 1370 1289 1404 publicis
1307 1371 1421 1403 negotiis
1436 1378 1502 1396 usus
1517 1375 1569 1401 est,
1587 1374 1714 1403 poemata
1728 1377 1789 1396 vero

1004 1420 1030 1442 el
1047 1415 1193 1449 tlagmdias
1213 1415 1306 1442 Grcccc
1322 1416 1484 1449 Composuit.
1510 1415 1680 1449 Expugnatis
1705 1420 1792 1442 autem

1005 1459 1201 1494 Hierosolymis
1218 1467 1345 1491 coronas,
1367 1468 1381 1486 ιι
1397 1461 1491 1494 legatis
1512 1460 1695 1486 linitimarutn
1708 1459 1792 1485 PaLr-

1005 1506 1085 1533 stitia:
1122 1506 1242 1538 gentium
1256 1506 1365 1536 missas,
1389 1506 1550 1538 repudiavit,
1572 1505 1724 1539 professus,
1742 1513 1792 1532 non

971 1560 991 1589 ε
1008 1558 1038 1577 se
1063 1558 1094 1576 ea
1122 1551 1230 1582 fecisse,
1255 1551 1302 1577 sed
1332 1550 1396 1583 Deo,
1413 1550 1514 1577 Iudaeis
1551 1551 1670 1583 infenso,
1699 1558 1792 1577 manus

1008 1596 1235 1628 commodavisse,
1260 1601 1313 1623 etc.

1042 1643 1079 1669 Τὸ
1091 1643 1189 1674 Δὶωνος
1201 1645 1262 1678 γρὺ.
1279 1644 1358 1675 Dion,
1378 1646 1585 1678 Alexandrinus,
1615 1647 1792 1681 philosophus

1009 1689 1133 1721 celebris,
1153 1697 1214 1716 cum
1239 1698 1253 1716 a
1269 1691 1431 1724 quibusdam
1449 1692 1612 1719 adversariis
1633 1692 1725 1718 fratris
1741 1692 1791 1723 sui,

1009 1736 1115 1770 'l‘opsii,
1128 1737 1280 1769 Iuctatoris,
1298 1738 1449 1766 maledictis
1472 1739 1708 1772 proseinderetur,
1724 1739 1789 1765 nihil

1008 1783 1157 1817 respondit,
1175 1788 1256 1818 atque
1278 1784 1386 1811 inmdes
1413 1793 1476 1812 snas
1494 1792 1618 1812 reversus
1643 1785 1710 1812 nihil
1741 1785 1794 1811 ira-

1008 1828 1115 1854 cundia:
1134 1836 1189 1862 pra:
1204 1836 1233 1855 se
1246 1829 1336 1856 ferens
1353 1829 1518 1857 adolescenti
1545 1830 1669 1864 (Topsio)
1687 1838 1721 1857 ne
1741 1829 1791 1864 γρῦ

1009 1874 1116 1909 quidem
1142 1875 1218 1901 dixit.
1244 1875 1309 1910 Γρύ,
1323 1876 1417 1903 sordes
1433 1877 1575 1910 unguium.

1044 1921 1080 1946 Τὸ
1108 1920 1255 1947 Ἡσιόδειον
1281 1921 1378 1955 γῆρας,
1402 1922 1534 1948 Hesiodea
1550 1928 1678 1954 satiatus,
1697 1922 1730 1949 de
1761 1921 1792 1948 iis

1009 1967 1054 2000 qui
1069 1972 1201 2000 provecto
1219 1967 1364 1994 admodum
1408 1973 1473 1995 sunt
1498 1969 1659 1995 senectutis.
1685 1967 1794 1995 Pindari

1008 2013 1175 2046 epigramma
1194 2022 1199 2039 2

1009 2057 1170 2094 mmet;
1179 2059 1285 2092 ἡϐήσας
1301 2060 1346 2085 καὶ
1365 2059 1404 2090 δὶς
1416 2059 1501 2093 τάψου
1513 2059 1702 2094 ἀντιϐολήσεις,

1087 2093 1196 2124 'lIaiaG‘,
1214 2094 1369 2128 ἀνθρώποις
1385 2095 1486 2129 μέτρον
1501 2094 1570 2129 ἔλων
1584 2093 1693 2130 σοφίης.

1010 2150 1087 2178 Salve
1103 2150 1141 2176 bis
1162 2150 1264 2183 juvenis
1279 2170 1286 2182 ,
1307 2152 1378 2177 solre
1395 2151 1433 2176 bis
1458 2157 1532 2177 nacte
1552 2152 1712 2185 sepulcrum,

1116 2185 1242 2212 Mensura
1260 2186 1378 2216 humani,
1395 2194 1409 2212 ο
1426 2186 1549 2218 Hesiodo,
1567 2187 1675 2221 ingenti.

1046 2242 1108 2273 Τοῖς
1129 2242 1326 2277 Ἱπποκράτους
1337 2243 1423 2269 υἱέσιν
1431 2243 1524 2275 εἴξεις.
1540 2243 1712 2277 Hippocratis
1723 2245 1792 2276 (non,

1011 2288 1132 2322 medici,)
1151 2288 1220 2316 ﬁlios
1248 2289 1435 2324 perstringunt
1461 2289 1572 2318 comici,
1597 2290 1761 2316 utiutlortos
1771 2294 1795 2316 et

1011 2335 1117 2370 spurcis
1133 2335 1263 2362 moribus.
1278 2335 1378 2362 Eorqu
1399 2335 1508 2362 nomina
1525 2345 1531 2363 :
1555 2335 1727 2370 Telesippus,
1747 2334 1794 2362 Dr.-

1012 2381 1141 2415 ntophon,
1154 2379 1281 2407 Pericles.

1046 2426 1098 2451 Τὸν
1131 2417 1279 2459 Κολοφῶνᾷ
1302 2426 1404 2459 ἐπίθες,
1433 2426 1606 2459 Colophone»:
1632 2427 1712 2454 adde.
1731 2427 1798 2454 Duo-

1012 2471 1099 2498 decim
1112 2472 1236 2499 eivitates
1246 2472 1326 2499 lonia:
1341 2473 1368 2499 in
1384 2472 1625 2506 conciliutn,*quod
1640 2471 1797 2498 Panionium

1012 2517 1165 2549 dicebatur,
1183 2517 1216 2544 de
1240 2518 1435 2545 communibus
1452 2518 1569 2552 negotiis
1596 2518 1796 2549 deliberaturus,

1014 2564 1163 2590 convenire
1179 2563 1314 2590 Solebant.
1330 2564 1408 2595 Quod
1425 2563 1448 2590 si
1465 2564 1547 2598 igitur
1560 2563 1688 2597 suﬂ'ragia
1712 2569 1798 2590 (‘SSCttt

1015 2610 1103 2644 paria,
1122 2609 1285 2643 Colophonii
1301 2610 1435 2636 calculum
1453 2610 1585 2644 intparem
1601 2608 1798 2642 addebant,qui

1014 2661 1126 2683 czetcros
1142 2656 1276 2688 vincebat,
1293 2660 1345 2683 etc.

1051 2703 1112 2729 Τῶν
1127 2705 1170 2734 εἰς
1183 2703 1233 2738 τὴν
1248 2703 1397 2738 φαρέτραν.
1416 2703 1510 2734 Aiunt,
1534 2703 1660 2738 Scythas,
1681 2704 1795 2731 cubitum

1017 2749 1115 2782 ituros,
1137 2749 1164 2775 in
1196 2755 1321 2783 promptu
1349 2749 1448 2775 habere
1473 2749 1631 2783 pharetram
1650 2759 1657 2776 :
1676 2755 1757 2784 atque
1778 2749 1798 2774 si

1016 2794 1087 2822 diem
1105 2795 1180 2822 illum
1195 2794 1439 2829 absquemolestiis
1455 2795 1652 2827 transegeriut,
1669 2794 1797 2821 calculum

1017 2842 1109 2868 album
1126 2842 1153 2868 in
1180 2842 1334 2875 pharetram
1359 2841 1495 2874 conjicere
1510 2849 1518 2873 ς
1531 2841 1554 2868 si
1580 2848 1672 2873 secus,
1685 2841 1796 2875 nigrum.

1016 2888 1172 2924 Cuntigitur
1179 2888 1278 2924 aliquis
1288 2893 1449 2920 moreretur,
1462 2887 1574 2922 prolatis
1588 2887 1735 2922 pharetris,
1751 2886 1798 2913 cal-
