1904 3072
144 202 216 235 1365

767 207 815 238 DE
833 207 977 244 QUIBUS
997 206 1145 239 SUIDA‘S.

1702 178 1772 238 ista

142 262 222 289 culos
239 262 429 297 numerabant,
442 268 468 291 et
483 265 608 300 pluribus
620 265 688 293 albis
703 268 817 301 repertis
826 268 933 295 felicem
949 270 971 298 Α
987 266 1070 294 Deum
1085 265 1225 301 prxditus.
1240 266 1262 294 A
1275 265 1428 294 Iustiniano
1451 265 1607 300 impetravit
1624 264 1773 297 Cbosrocs,

141 308 326 342 prmdirahaut
342 309 512 338 defunctum.
538 312 606 339 ilinc
619 312 678 340 dies
694 313 771 340 albus
784 321 833 348 pro
851 313 934 340 felici.

180 352 277 384 Τόποέ.
298 355 452 383 Aristotelis
472 356 572 392 Topica
591 357 750 386 inscribitur
767 367 846 394 opus,
865 359 935 393 qttod

143 399 196 425 loci
211 401 236 426 in
255 401 306 428 illis
323 402 478 434 traduntur,
506 404 606 439 quibus
622 404 750 432 instructi
766 405 799 432 de
816 406 937 439 qualibet

142 454 172 473 re
191 448 328 480 pronosita
355 449 532 483 probabiliter
559 451 745 484 argumentari
778 458 935 485 possumus.

142 491 258 524 Quidum
275 499 385 521 censent
404 495 501 522 librum
517 495 633 530 primum
651 505 715 529 non,
732 496 876 532 Topicum,
889 498 936 524 sed

142 538 203 572 Πρὸ
218 539 271 564 τῶν
286 539 388 572 τόπων,
400 547 461 568 ante
476 541 557 573 locos.
576 542 778 569 inscribendqu
796 551 866 575 esse,
882 548 934 571 etc.

179 583 406 617 Tragiamhorum
447 586 550 620 primus
585 587 711 613 inventor
733 587 935 622 Apollodorus,

140 629 311 662 Asclepiadis
326 629 584 664 F..grammatirus.
609 633 707 667 (Supra
734 633 934 669 Apollodorus.)

181 674 325 708 Trajauus,
353 677 493 710 patricius.
513 677 561 705 llic
584 678 636 705 sub
661 677 825 710 Iustiniano,
843 680 936 707 rhino-

144 725 243 752 tincto,
262 721 364 754 floruit,
385 722 607 757 Cltronicumque
625 724 704 752 breve
719 733 750 752 ac
768 727 936 759 prtcstantis-

142 767 244 793 simum
278 767 413 802 Σύντομον
442 771 511 796 πάνυ
540 770 692 805 Θαυμάσιον
725 772 844 806 scripsit.
873 772 936 800 Erat

141 810 215 838 idem
230 811 482 842 ChristiauiSsiinns
497 820 523 842 ιιι
540 814 658 843 maxime
673 816 853 845 Orthodoxus.

183 857 337 890 Suetonius,
363 859 549 895 Tranquillus,
571 863 766 896 grammaticus
785 864 934 896 llotuauus,

142 903 254 937 scripsit
270 903 306 930 De
323 904 474 932 Grtccorum
491 906 560 933 ludis
580 907 677 934 librum
699 907 732 940 I;
749 908 786 935 De
804 908 935 936 Romano-

989 318 1017 340 ut
1029 313 1098 348 apud
1116 321 1144 340 se
1165 321 1219 340 uno
1248 320 1320 340 anno
1348 320 1458 340 manere
1487 313 1560 339 illum
1590 312 1700 340 sitteret.
1726 311 1775 338 illo

988 359 1080 393 elapso
1100 358 1183 393 jussit
1212 363 1303 393 petere
1318 366 1332 384 ιι
1347 366 1375 385 se
1388 358 1518 392 quidquid
1538 357 1626 384 vellet.
1644 356 1691 384 lllc
1706 357 1774 383 nihil

988 405 1071 436 aliud,
1098 412 1179 438 quam
1207 404 1374 438 captivorum
1402 403 1504 437 aliquot
1524 402 1707 429 Romanorum
1727 409 1775 436 po-

988 450 1097 476 stularit
1113 450 1275 488 libertatem,
1297 449 1397 484 quibus
1412 449 1479 477 alios
1492 454 1533 477 ter
1546 449 1618 476 mille
1640 449 1776 476 Chosroes

988 496 1101 523 addidit.

1023 541 1205 577 Triphyllius,
1228 542 1390 577 episcopus,
1417 541 1566 576 discipulus
1594 540 1774 576 Spyridonis,

988 587 1078 622 Cyprii
1092 608 1099 618 .
1117 588 1312 622 tltaumaturgiI
1330 588 1408 621 cujus
1432 587 1561 614 miracula
1584 586 1681 613 litteris
1704 594 1776 612 mau~

988 633 1072 660 davit.
1098 633 1182 661 Multa
1206 634 1278 660 cnim
1303 633 1367 660 fecit
1387 633 1533 668 Spyridon,
1549 632 1618 659 utin
1636 630 1697 658 Vita
1719 631 1776 664 eius

988 679 1112 706 versibus
1140 679 1262 706 iambicis
1280 679 1381 713 scripta
1404 678 1532 712 traditur,
1549 685 1609 713 qua:
1632 677 1778 710 quaerenda

989 728 1064 757 sunt,
1079 729 1108 751 ut
1121 724 1198 751 valde
1217 725 1304 751 utilia.

1024 772 1258 806 Τριτιγωνιστὴς.
1277 771 1435 798 Αέεριιὶιιοιιι
1463 770 1555 797 multis
1576 770 1602 797 itt
1627 769 1695 797 locis
1719 776 1780 804 per-

988 817 1096 850 stringit
1115 817 1309 844 Barnosthenes
1327 821 1356 844 ut
1371 817 1531 843 histrionem
1554 816 1686 850 tragicum
1706 815 1780 842 vilis-

988 863 1087 888 simum
1116 862 1141 888 in
1170 863 1250 889 tertio
1279 862 1372 889 ordine
1392 870 1453 888 cum
1479 869 1637 888 numerans.
1672 860 1780 887 Primus

989 907 1138 942 Sophocles
1166 916 1231 935 usus
1248 913 1290 935 est
1305 908 1392 935 tribus
1420 907 1601 935 histrionibus
1617 911 1644 934 ct
1666 907 1778 941 Iritago-

143 957 203 975 rum
220 951 375 983 spectaculis
388 957 412 978 et
429 953 499 981 ludis
512 954 596 981 libros
613 954 663 988 II;
683 955 720 982 De
733 965 802 983 attno
820 956 935 984 Romano

998 941 1072 980 tisrta.
1092 954 1190 988 (Supra
1207 954 1234 981 in
1253 953 1413 989 Sophocle.)

142 996 242 1023 librum
259 997 292 1030 l;
313 998 348 1024 De
364 1000 444 1033 notis,
466 1009 578 1035 quorum
595 1010 657 1029 usus
673 1008 711 1030 est
727 1003 753 1030 in
767 1003 852 1035 libris,
872 1004 940 1039 Περὶ

142 1042 200 1067 τῶν
213 1043 241 1068 ἐν
252 1045 307 1073 τοῖς
321 1044 432 1078 βιϐλίοις
451 1047 570 1081 σημείων
589 1047 684 1074 librum
703 1047 736 1081 I;
754 1049 791 1075 De
807 1049 939 1076 Ciceronis

141 1086 209 1120 Rep.
225 1087 321 1114 librum
337 1089 360 1121 l,
379 1090 404 1116 in
422 1099 476 1125 quo
492 1092 654 1119 contradicit
687 1093 818 1128 Dydimo;
839 1094 876 1120 De
891 1102 938 1120 no-

147 1133 263 1159 minibus
290 1135 403 1168 propriis
415 1140 438 1161 et
454 1136 546 1170 [armis
573 1138 682 1164 vestium
699 1143 722 1163 et
740 1140 898 1171 calceorum,
914 1144 939 1167 et

144 1178 306 1211 reliquorum
335 1181 427 1213 quibus
454 1182 511 1215 quis
535 1184 665 1215 vestitur;
693 1185 760 1219 Περὶ
789 1185 939 1220 δυςφὴμων

143 1223 247 1255 λέξεων
263 1225 298 1251 De
317 1227 399 1253 verbis
415 1228 592 1261 mulionibus,
611 1230 667 1256 sive
684 1229 720 1255 De
734 1231 894 1263 maledictis,
913 1237 940 1259 et

144 1270 243 1296 Iltlt'th]
262 1272 398 1305 quodque.
416 1273 452 1299 De
466 1273 550 1300 Roma
576 1275 682 1310 ejusque
704 1276 831 1302 institutis
847 1281 870 1302 rt
884 1285 938 1302 mo-

144 1316 219 1342 ribus
245 1316 324 1344 libros
338 1316 389 1350 II;
406 1319 570 1352 Συγγενικὸν
593 1321 742 1355 Καισάρων
755 1342 761 1353 ,
792 1321 938 1348 Familiam

144 1361 293 1395 Ca‘sm‘utn,
308 1365 378 1398 quod
406 1372 474 1399 opus
489 1366 610 1392 continet
634 1374 729 1393 eorum
753 1366 826 1395 Vitas
839 1372 864 1394 et
878 1376 938 1396 suc-

144 1410 286 1435 cessiones
298 1418 312 1436 a
325 1409 397 1437 Iulio
413 1413 542 1446 usquead
557 1413 740 1440 Domitianum
756 1414 830 1441 libris
848 1414 936 1447 VIII;

145 1452 262 1480 Stentma
279 1455 422 1482 illustrium
438 1457 552 1483 tirornm
571 1457 762 1485 Romanorum.

182 1504 249 1538 Τρία
265 1505 442 1541 Ecqui/Ipso,
459 1508 511 1533 tria
528 1506 682 1541 Stesichori,
696 1508 720 1534 id
735 1513 775 1536 est
789 1509 937 1545 Stroplten,

144 1549 352 1586 Autistropheu,
371 1553 492 1587 Epodon.
511 1554 578 1580 Tota
594 1555 666 1581 enim
684 1555 831 1583 Stesichori
847 1557 936 1591 poesis

144 1602 190 1623 est
205 1599 326 1631 epodica.
343 1599 374 1625 Et
390 1601 528 1627 hominem
554 1609 668 1635 prorsus
695 1602 849 1637 imperittntt
876 1611 937 1637 per-
950 1618 972 1646 α

143 1641 280 1675 stringere
308 1643 428 1671 valentes
454 1652 515 1671 eum
533 1652 566 1672 ne
579 1646 632 1672 tria
653 1646 762 1680 quidem
791 1645 937 1674 Stesichori

145 1696 230 1715 nasse
244 1689 379 1717 dicebant.

182 1734 376 1770 Triboniauus,
395 1737 581 1765 ltlacedoniani
597 1739 626 1766 l“.
645 1748 677 1767 ex
706 1742 852 1770 causidicis
868 1750 936 1777 prte-

143 1780 278 1808 ft-etortnn
297 1784 433 1816 prmtorio,
450 1785 560 1818 gentilis
573 1790 599 1812 et
615 1786 724 1821 impius,
738 1795 753 1814 a
763 1788 936 1816 Christiano-

144 1835 206 1853 rum
237 1828 286 1854 fide
310 1837 424 1863 prorsus
454 1831 570 1863 alienus,
604 1831 731 1867 ideutque
759 1834 885 1861 adulator
911 1840 938 1862 et

145 1873 289 1907 iinpustor,
308 1877 353 1909 qui
367 1875 531 1908 Iustiniano,
558 1878 639 1912 cujus
660 1883 720 1906 erat
742 1885 873 1914 quaestor,
890 1888 937 1907 co-

145 1919 262 1946 nabatur
289 1922 474 1954 persuadere,
502 1930 564 1949 eum
590 1931 643 1950 non
672 1923 837 1951 ntoritnrum
854 1945 862 1956 ,
889 1924 936 1952 sed

143 1965 238 1991 vivum
255 1965 280 1992 in
295 1968 393 1993 coelum
421 1969 581 1996 translatum
599 1969 643 1996 iri.
661 1970 764 2005 ingenii
781 1970 840 1998 acie
865 1971 938 1998 vale-

142 2011 345 2045 batetapicem
374 2014 536 2042 eruditionis
569 2016 704 2050 attigerat,
722 2017 759 2043 ita
788 2020 816 2043 ut
830 2017 933 2044 nullum

143 2058 233 2084 aetatis
249 2066 304 2085 suae
322 2061 478 2086 mortalium
495 2062 545 2088 hac
561 2062 639 2089 laude
665 2062 835 2096 superiorem
850 2063 934 2091 babe-

143 2108 195 2130 ret.
216 2103 267 2131 Sed
284 2105 374 2139 legum
401 2107 590 2135 mmdinationi
617 2113 675 2135 erat
689 2109 808 2141 deditus.
821 2115 847 2137 et
860 2110 937 2136 inex-

143 2148 235 2183 plebili
254 2151 377 2183 avaritia,
395 2160 476 2186 quam
489 2153 633 2188 splendore
647 2163 760 2182 summa:
775 2156 936 2185 eruditionis

144 2196 323 2224 obscurabat.

181 2240 375 2275 Tribunianus,
393 2243 510 2276 Sidetes,
523 2253 554 2272 ex
568 2247 729 2274 caussidicis
744 2247 934 2281 praefectorum

1027 997 1153 1031 Troilus,
1184 999 1317 1031 sophista,
1344 999 1391 1034 qui
1419 998 1498 1026 Cl’oli
1530 997 1632 1027 docuit.
1663 997 1780 1032 Scripsit

993 1042 1133 1071 Orationes
1147 1043 1252 1076 civiles;
1271 1043 1450 1077 Epistolarum
1464 1043 1544 1070 libros
1566 1043 1630 1070 VII.

1027 1088 1178 1123 Τρόμητος.
1216 1090 1412 1117 Demosthenes
1446 1089 1603 1117 {Eschinctn
1629 1089 1702 1123 inter
1725 1089 1778 1116 alia

991 1133 1102 1161 dicteria
1132 1141 1211 1162 vocat
1236 1136 1318 1162 etiam
1351 1135 1613 1171 γρςιίιματοκύφωνα
1642 1139 1668 1162 rt
1694 1136 1778 1162 lilium

990 1180 1132 1214 cujusdam
1162 1181 1302 1213 Tromctis,
1333 1182 1510 1214 litteratoris,
1545 1182 1602 1209 sive
1628 1182 1778 1216 primorum

990 1225 1186 1254 elementorum
1203 1227 1333 1255 doctoris.

1026 1271 1161 1306 Τρόπαια.
1186 1273 1298 1308 Antiqui
1317 1274 1398 1301 Attici
1416 1274 1632 1303 circumﬂectunt
1646 1275 1670 1302 iu
1685 1275 1779 1310 penul-

991 1317 1066 1350 t'uua,
1090 1319 1229 1353 τροπαῖον,
1258 1320 1425 1348 recentiores
1448 1321 1475 1347 in
1497 1321 1710 1355 antepenultiuta
1735 1328 1780 1348 ac-

990 1367 1086 1395 cuttnt,
1100 1364 1241 1399 τρόπιιον.
1258 1365 1377 1399 Antiqua
1389 1373 1453 1392 vero
1469 1366 1558 1401 lingua
1573 1367 1660 1394 Attica
1671 1373 1711 1394 est
1723 1367 1778 1399 illa,

990 1409 1069 1443 cujus
1087 1410 1220 1444 principes
1234 1410 1309 1438 fuere
1321 1412 1442 1447 Eupolis,
1464 1413 1603 1446 Cratinus,
1618 1414 1778 1448 Aristopha-

990 1462 1047 1486 nes,
1069 1454 1259 1491 Thucydides;
1287 1457 1360 1485 Nova
1380 1466 1454 1492 vero,
1483 1459 1562 1493 cujus
1589 1459 1736 1487 Menander
1752 1465 1780 1488 et

989 1501 1046 1528 alii.

1024 1546 1191 1582 Τροφώνιος,
1221 1550 1274 1584 Καὶ
1295 1549 1451 1585 Τροφωνίου
1479 1551 1549 1578 κατὰ
1575 1552 1627 1587 γῆς
1653 1552 1777 1586 παίγνια.

989 1591 1115 1620 Lebadia:
1129 1594 1168 1627 (in
1185 1594 1353 1630 Macedonia)
1375 1596 1426 1623 fuit
1449 1598 1601 1628 oraculum,
1623 1598 1696 1632 quod
1708 1606 1723 1624 Δ
1736 1598 1780 1626 de-

988 1645 1085 1665 simusn
1112 1639 1214 1666 dictum
1243 1641 1418 1669 καταϐάσιον.
1452 1643 1535 1670 Erant
1551 1651 1613 1671 vero
1633 1644 1669 1670 ibi
1687 1644 1780 1672 fauces

988 1684 1133 1718 quaedam,
1161 1693 1221 1720 qua:
1247 1692 1351 1714 tantum
1379 1693 1515 1716 extremas
1535 1689 1634 1723 pedum
1659 1689 1779 1717 hominis

988 1734 1079 1764 partes
1091 1739 1188 1765 capere
1203 1737 1338 1766 poterant.
1355 1734 1438 1760 Deum
1455 1734 1536 1768 igitur
1552 1735 1714 1765 coasulturi,
1732 1742 1780 1769 per

989 1780 1078 1803 certos
1093 1777 1170 1811 prius
1182 1778 1239 1805 dies
1261 1783 1367 1806 servata
1391 1780 1525 1811 castitate.
1539 1784 1565 1807 et
1581 1788 1659 1808 sacro
1686 1781 1779 1808 habitu

988 1824 1075 1849 ornati
1089 1824 1222 1851 ambabus
1240 1825 1365 1852 manibus
1389 1826 1542 1854 melittutas
1555 1827 1612 1854 sive
1629 1828 1778 1861 placentas,

989 1869 1068 1896 melle
1081 1877 1255 1904 conspersos,
1269 1877 1401 1903 tenentes,
1413 1872 1445 1898 ad
1458 1872 1552 1899 fauces
1565 1873 1624 1899 illas
1637 1874 1778 1906 sedebant,

987 1921 1014 1942 et
1030 1920 1142 1950 repente
1165 1917 1217 1943 sub
1245 1921 1344 1944 terram
1371 1918 1584 1952 abripiebantur.
1604 1919 1780 1954 Trophonius

988 1965 1076 1989 autem
1093 1961 1141 1988 fuit
1158 1963 1263 1989 Eresini
1278 1963 1358 1994 titius,
1375 1962 1468 1990 fratris
1487 1964 1642 1998 Agamedis,
1657 1969 1709 1993 etc.

1023 2007 1255 2043 Τρυγοκωμῳδία,
1268 2009 1307 2035 sic
1318 2009 1401 2041 dicta,
1416 2010 1488 2043 quod
1507 2010 1623 2038 victores
1638 2011 1777 2045 praemium

987 2055 1143 2089 acciperent
1163 2054 1212 2090 τὴν
1231 2054 1330 2089 τρύγα,
1346 2055 1398 2082 ltoe
1414 2059 1466 2087 est,
1482 2057 1571 2083 vinum
1589 2065 1702 2090 novum;
1726 2058 1778 2091 vel,

988 2101 1060 2135 quod
1085 2100 1161 2132 olim,
1189 2108 1250 2127 cunt
1281 2101 1362 2128 larvze
1386 2101 1506 2128 nonduut
1533 2102 1651 2131 inventae
1676 2108 1778 2137 essent,

986 2147 1078 2182 τρυγε,
1095 2147 1207 2175 fa-cibus
1221 2155 1268 2175 ora
1284 2153 1475 2184 peruugercnt.

1024 2195 1252 2230 Τρυγοδαίμονες.
1269 2195 1352 2222 veluti
1367 2194 1576 2223 Cacodatmones
1589 2195 1654 2223 dicti
1671 2196 1779 2233 (comici

988 2241 1088 2267 veteris
1105 2241 1275 2276 comoediai.)
1294 2241 1366 2276 quod
1388 2242 1500 2269 obsceni
1515 2246 1606 2269 essent
1621 2247 1648 2269 et
1663 2243 1736 2277 intpii
1753 2247 1780 2269 et

143 2289 282 2321 pra-torio,
298 2294 325 2316 et
345 2290 403 2323 ipse
422 2291 462 2317 vir
481 2292 636 2320 multifaria:
665 2293 838 2321 eruditionis.
863 2294 935 2322 Scri-

998 2287 1133 2314 tavillandi
1148 2287 1238 2314 studio
1259 2291 1330 2314 totos
1345 2295 1373 2315 sc
1387 2287 1526 2315 dederent.

143 2334 198 2366 psit
214 2334 337 2361 versibus
354 2335 578 2363 (Jomnwntarium
591 2338 617 2364 in
632 2337 769 2365 Ptolemaei
785 2338 940 2366 Cononem;

142 2378 303 2405 Concentum
329 2379 456 2406 mundani
476 2381 666 2413 ειιΙιιινηιοιιὲοὶ
691 2382 877 2415 diutltematis;
892 2384 942 2416 Et;

140 2425 187 2450 τὶν)
212 2424 387 2452 πολιτεύοντα
410 2426 456 2452 καὶ
475 2426 610 2458 διέποντα,
642 2427 674 2453 1η
697 2428 886 2462 gubernantem
912 2433 940 2456 et

142 2469 399 2502 administrantem;
427 2469 460 2497 In
486 2471 652 2505 planetarum
683 2473 818 2500 domicilia
840 2480 867 2501 et
890 2483 940 2502 cur

141 2516 257 2549 singulis
285 2516 455 2543 do-uicdium
478 2517 530 2544 hoc
547 2518 586 2545 vel
603 2518 668 2545 illud
700 2520 861 2546 attributtun
885 2521 938 2564 sit;

141 2563 179 2589 De
198 2561 266 2588 XXI
277 2562 294 2588 V
313 2563 418 2594 pellibus
433 2564 548 2590 metricis
565 2564 738 2598 rltyt/nnicis;
754 2561 938 2600 .lIetap/trasiti

143 2605 276 2633 Homerici
299 2609 404 2634 navium
425 2609 556 2643 cata/agi;
579 2609 718 2643 Diuloyum
750 2611 937 2638 Macedoniam

139 2653 198 2679 sive
223 2652 261 2679 De
287 2653 431 2687 felicitate;
467 2654 554 2681 Vitam
594 2654 728 2688 Theodoti,
749 2668 752 2671 λ
770 2657 937 2691 philosophi:

141 2697 218 2724 libris
236 2697 300 2731 Ill;
319 2699 473 2727 Orationem
499 2702 679 2734 consularem;
697 2703 830 2736 prosaice,
849 2704 874 2730 in
890 2703 938 2731 Ju-

140 2743 302 2774 Slittiattlltll,
332 2744 398 2778 imp.
429 2745 582 2773 Orationem
595 2747 625 2772 tle
639 2755 729 2781 regno,
745 2747 772 2774 in
786 2748 913 2776 eumdem
928 2758 935 2782 ;

140 2789 180 2816 De
195 2791 323 2816 mensium
337 2793 541 2825 permutatione,
552 2793 686 2820 versibus.

179 2834 328 2864 Tribunus.
358 2836 407 2865 Hic:
437 2843 558 2873 tempore
573 2838 703 2866 Chosrois
733 2839 809 2872 vixit,
836 2848 935 2876 genere

141 2882 315 2918 Palaestinas,
331 2885 372 2912 vir
385 2885 509 2912 eruditus
521 2891 547 2912 ct
562 2891 618 2912 arte
634 2886 739 2913 medica
755 2887 821 2914 nulli
838 2895 936 2915 secun-

142 2927 213 2961 dus;
248 2928 376 2964 singulari
412 2929 483 2957 idem
516 2930 702 2957 tnoderaliune
733 2936 758 2958 et
784 2931 882 2966 pietate
907 2933 933 2959 in

1029 2332 1243 2368 Trypltiodorns,
1260 2332 1416 2369 ZEgyptius,
1436 2333 1640 2369 grammaticus,
1659 2338 1685 2360 et
1701 2338 1779 2368 poeta

994 2378 1130 2405 heroicus.
1151 2378 1266 2413 Scripsit
1284 2378 1500 2410 llIarat/tont'aca;
1516 2378 1561 2405 ΙΙιί
1580 2379 1728 2411 excidium;
1743 2377 1780 2404 De

996 2423 1192 2459 Hippodamia;
1221 2425 1364 2459 Otlgsseant
1392 2425 1480 2451 littera
1496 2425 1538 2459 (Σ)
1555 2430 1696 2455 carentem,
1723 2424 1780 2452 sive

993 2471 1092 2498 Poctua
1106 2472 1138 2498 de
1157 2471 1294 2498 laboribus
1324 2469 1439 2506 Ulyssis,
1458 2476 1484 2498 et
1499 2471 1532 2498 iis
1549 2478 1610 2506 qum
1638 2470 1735 2498 fabula:
1747 2471 1780 2498 de

992 2517 1038 2544 illo
1055 2517 1173 2544 tradunt.

1027 2562 1167 2598 Tryphon,
1185 2562 1322 2590 Ammonii
1337 2562 1380 2596 F.,
1393 2563 1602 2596 Alexandrinus,
1617 2563 1778 2598 grammati-

991 2616 1040 2636 cus
1054 2613 1080 2636 et
1092 2614 1181 2643 poeta,
1205 2609 1251 2644 qui
1266 2610 1333 2636 vixit
1352 2609 1650 2645 Augusti‘temporibus
1664 2613 1691 2636 et
1705 2613 1777 2637 autc.

990 2654 1104 2688 Scripsit
1126 2655 1161 2681 De
1185 2654 1336 2689 pleouasmo
1367 2656 1560 2688 dialectorum,
1592 2663 1648 2689 qua:
1671 2659 1732 2681 sunt
1752 2655 1779 2681 in

989 2701 1097 2729 {Eolica
1122 2702 1220 2737 lingua,
1246 2703 1325 2729 libros
1340 2702 1400 2729 XII
1412 2712 1422 2735 ;
1436 2703 1472 2729 De
1487 2702 1616 2734 dialectis,
1639 2709 1699 2737 qutz
1718 2707 1779 2728 sunt

989 2749 1060 2783 apud
1074 2747 1214 2774 Homerum
1227 2753 1251 2774 et
1266 2748 1426 2774 Simonidem
1440 2753 1464 2775 et
1479 2747 1626 2774 Pindarum
1639 2754 1666 2775 et
1677 2748 1780 2776 Alcma-

990 2801 1047 2820 nem
1061 2793 1178 2827 aliosque
1194 2793 1308 2827 lyricos;
1326 2793 1362 2820 De
1382 2793 1543 2820 llellenistno
1560 2794 1640 2828 (Περὶ
1655 2795 1703 2828 τῆς
1721 2795 1780 2821 Ἑλ-

990 2838 1077 2872 λήνων
1105 2837 1256 2873 διαλέκτου)
1279 2843 1304 2864 et
1337 2838 1449 2864 diulcclo
1471 2837 1648 2874 Argivorum,
1686 2839 1778 2866 llime-

990 2893 1123 2920 rogarunt,
1140 2884 1326 2919 Illtegiuoruvu,
1345 2885 1511 2912 Doriensinm
1527 2891 1552 2912 ct
1567 2885 1777 2920 Syracusarum;

987 2931 1025 2959 De
1047 2932 1215 2966 inflexionunt
1236 2932 1361 2967 analogia
1383 2932 1478 2959 librant
1499 2931 1531 2965 I;
1557 2933 1592 2960 De
1613 2933 1676 2959 recti
1701 2940 1776 2958 casus
