1904 3072
150 147 221 181 1967

750 151 872 182 INDEX
891 152 1142 184 SCRIPTORUM

1714 148 1787 181 i368

113 222 121 250 1
146 208 291 241 analogia;
313 207 350 233 De
363 207 513 233 nominibus
530 209 717 242 comparativis
735 209 832 236 librum
850 208 882 241 l;
904 208 941 235 De

1004 213 1113 244 temque
1132 209 1210 244 Μέλη
1227 208 1444 242 πολεμιστήρια,
1459 206 1588 234 Carmina
1614 206 1710 233 bellica
1721 227 1729 239 ,
1748 207 1786 232 Ii-

146 253 387 288 monosyllaborum
415 253 559 288 analogia;
576 253 613 280 De
627 255 761 281 nominum
780 255 941 282 characteri-

148 299 194 325 bns
207 299 303 325 librant
317 297 349 331 1;
368 298 404 325 De
416 298 554 326 verborum
579 300 775 334 gravilonorum
798 302 938 336 analogia,

147 344 243 370 librant
261 343 294 376 1;
309 344 347 371 De
363 345 446 371 verbis
469 345 611 378 encliticis,
635 347 784 380 infinitivis,
802 348 940 381 imperati-

146 391 197 421 τὶς,
217 390 353 423 optativis,
370 391 481 425 denique
510 393 648 422 omnibus:
665 392 702 419 De
716 394 903 428 orthographia
915 399 941 421 et

146 435 180 461 iis
187 444 244 470 quia
253 437 279 462 in
288 445 318 462 ea
330 441 502 471 queruntur;
515 437 553 463 De
563 438 700 472 spiritibus
709 443 732 465 et
743 441 841 471 tropis;
853 444 878 466 et
887 441 939 467 alia

147 489 209 515 qum-
224 486 369 509 enumerat
392 481 501 509 Kuster.
518 483 621 510 innota
637 484 664 514 5,
684 487 750 510 tom.
769 483 811 515 Ill,
830 492 856 518 p.
877 484 938 511 515.

183 525 337 561 Tyrannio,
363 526 526 562 Epicratidis
545 532 572 554 et
589 527 692 555 Liudize
705 549 712 560 ,
738 529 938 561 Alexandrinae,

149 570 192 602 Ρη
208 571 364 603 Amisenos,
375 571 421 606 qui
438 572 565 607 Corymhi
578 574 795 608 nuncupabatur.
805 573 877 601 Vixit
889 575 940 602 sub

149 617 279 651 Pompeio
306 616 403 653 Magno
415 623 443 645 et
464 623 537 650 ante,
565 619 716 654 discipulus
732 628 793 647 cum
813 620 938 654 aliorum,

149 668 206 689 tum
223 663 304 690 etiam
324 662 453 696 llmstimi,
466 665 599 697 Amiseni,
614 674 628 692 a
640 674 694 701 qtto
707 667 788 694 etiam
802 666 940 702 Tyrannio

149 709 239 736 dictus
259 713 311 740 est,
327 710 400 743 quod
414 710 617 745 condiscipulos
639 713 799 747 exagitaret,
814 720 876 740 cum
892 721 942 739 an-

151 758 193 780 tea
219 753 422 788 Theophrastus
445 755 590 783 diceretur.
613 756 709 784 Postea
730 757 811 784 etiam
840 757 940 792 Diony-

151 799 234 830 sium,
251 798 395 831 Thracem,
423 800 510 827 Rhodi
534 801 620 827 audiit
641 802 810 835 aemulusque
825 801 875 828 init
889 801 940 828 De-

151 844 239 870 metrii
264 844 492 879 Erythro-inem
520 845 635 873 Romam
664 846 939 881 captivusaLucullo

151 890 249 917 ductus
267 895 318 923 est,
340 899 401 918 cum
421 891 612 922 Mithridatem.
632 892 805 920 Ponticarum
819 890 966 928 gentinmf

153 944 255 971 regem,
274 937 319 964 ille
333 937 506 965 debellasset.
530 938 623 966 Roma:
640 947 702 966 vere
723 939 813 967 clarus
827 945 853 966 et
867 939 942 967 dives

153 982 252 1016 factus,
280 983 410 1010 librorum
439 985 519 1010 etiam
546 984 616 1011 ultra
649 985 758 1019 triginta
784 985 868 1012 millia
891 985 943 1012 sibi

153 1029 330 1063 comparavit.
347 1029 435 1056 Sean
450 1030 527 1062 obiit,
540 1030 659 1064 podagra
671 1030 823 1062 conlectus,
841 1032 941 1066 olymp.

153 1074 221 1102 CXX
238 1095 245 1107 ,
274 1083 346 1102 anno
370 1075 459 1102 tertio.
485 1076 566 1103 FAan.
592 1075 729 1103 Kusterin
742 1081 803 1103 nota
820 1077 846 1109 l,
861 1081 880 1103 ι.
898 1076 943 1108 lll,

153 1129 181 1155 ι).
207 1120 270 1153 518,
288 1121 406 1155 pritnum
419 1125 504 1153 notat,
517 1129 646 1148 numeros
660 1130 719 1149 esse
738 1123 882 1150 manifesto
901 1123 944 1150 vi-

155 1168 248 1198 tiatos,
264 1167 327 1202 quia
341 1167 386 1194 diu
396 1171 457 1202 post
473 1167 544 1194 illam
562 1167 741 1202 olympiadem
755 1167 902 1203 Pompeius
917 1174 945 1196 et

155 1212 296 1245 Lucullus,
319 1213 369 1239 sub
385 1220 439 1247 quo
457 1213 594 1247 Tyrannio
606 1213 682 1244 vixit,
699 1212 862 1241 ﬂoruissent.
877 1213 946 1241 llinc

156 1257 267 1291 corrigit
298 1256 459 1292 Ὀλυμπιάδι
489 1260 543 1292 ρπ’,
573 1257 598 1284 id
622 1261 664 1284 est
687 1258 784 1293 olymp.
808 1258 943 1290 CLXXX.

157 1302 259 1329 Deinde
298 1302 425 1330 observat
459 1303 532 1330 hunc
563 1303 763 1338 Tyranniouem
804 1305 946 1340 scripsisse

157 1348 225 1382 Περὶ
245 1347 293 1373 τοῦ
316 1347 423 1374 σκολιοῦ
445 1348 551 1383 μέτρου
566 1369 573 1380 ,
601 1349 615 1375 ὃ
634 1351 770 1386 πρθὺτέθη
794 1351 869 1385 αὐτῷ
895 1351 947 1377 ὑπὸ

157 1393 239 1420 Γαΐου
264 1393 414 1428 Καίσαρος,
443 1398 512 1421 teste
529 1395 678 1422 scholiasta
708 1396 899 1430 Aristophanis
913 1396 946 1423 ad

156 1439 294 1470 lianas,v.
312 1440 390 1466 1557.
405 1439 475 1466 Num
491 1447 557 1466 vero
570 1440 615 1467 hic
624 1441 758 1475 Tyannio,
773 1449 807 1468 an
824 1441 890 1468 alter
901 1441 947 1473 sit,

158 1486 238 1520 cujus
267 1486 370 1513 mentio
395 1491 482 1513 ettstat
507 1487 578 1520 apud
605 1487 780 1514 scltoliastam
806 1487 947 1522 Nicandri,

992 256 1048 282 bris
1066 256 1096 282 V.
1112 255 1309 283 Lacedaemonii
1330 255 1489 289 juraverant
1502 273 1509 285 ,
1526 261 1556 281 se
1571 252 1614 279 vel
1627 251 1784 280 Messenam

992 307 1129 337 capturos,
1141 303 1182 329 vel
1199 307 1312 329 mortem
1328 301 1509 336 appetituros.
1524 300 1592 326 Cum
1608 304 1701 327 autem
1716 307 1785 326 ora-

992 347 1084 372 culum
1107 347 1236 381 jussisset
1255 347 1351 373 ducem
1376 345 1410 372 ab
1434 345 1648 372 Atheniensibus
1676 349 1782 379 petere,

991 391 1128 427 Tyrtaeum
1139 413 1146 424 ,
1164 398 1288 426 poetam,
1306 391 1443 420 hominem
1458 390 1585 417 claudum
1600 390 1634 417 ab
1651 391 1684 417 iis
1702 397 1784 417 acce-

991 443 1106 473 perunt,
1129 439 1176 473 qui
1198 439 1230 464 ad
1248 439 1374 464 virtutem
1392 444 1439 464 eos
1453 436 1632 467 cohortando,
1650 436 1784 463 vicesimo

991 491 1064 510 anno
1089 483 1239 511 Messena-tn
1263 483 1336 517 cepit
1356 491 1362 508 :
1388 489 1470 516 quam
1500 481 1698 508 Lacedaemonii
1724 479 1784 507 solo

991 534 1134 564 aequarunt
1145 549 1153 561 ,
1168 533 1195 556 et
1212 528 1335 564 captivos
1350 528 1421 555 inter
1438 526 1547 554 llelotas
1563 527 1728 554 retulerunt.

1378 572 1402 600 υ
1795 572 1800 612 ξ

1026 620 1175 655 Ulpianus,
1192 620 1342 648 Emesenus
1358 639 1366 651 ,
1380 620 1516 654 sophista.
1539 619 1656 654 Scripsit
1676 618 1714 644 De
1732 626 1783 652 pa-

994 667 1056 699 tria,
1078 667 1190 698 Emesa;
1208 667 1246 693 De
1262 666 1413 700 Heliopoli;
1437 666 1474 693 De
1492 666 1638 700 Bosporitis
1666 669 1694 692 et
1720 666 1781 692 aliis

990 712 1128 746 plurimis.
1150 711 1390 747 Progymnnsmata
1405 718 1414 737 :
1431 713 1522 738 Artem
1536 711 1708 737 rhetoricam.

1030 757 1169 791 Ulpianus,
1181 757 1367 788 Autiochenus
1382 757 1467 792 Syrus
1479 777 1486 789 ,
1498 756 1632 792 sophista,
1646 756 1693 790 qui
1709 756 1784 790 prius

991 803 1095 830 Emesae
1108 803 1200 830 docuit
1217 804 1384 838 temporibus
1401 805 1468 838 imp.
1484 803 1670 830 Constantini.
1687 803 1783 830 \‘arias

992 850 1102 884 scripsit
1122 849 1280 881 orationes,
1308 849 1519 876 declamationes
1533 869 1541 881 ,
1567 848 1782 882 disputationes,

993 895 1104 928 λόγους,
1122 895 1250 929 μελέτας,
1266 893 1397 926 διαλέξεις
1407 914 1414 925 ,
1429 899 1456 921 et
1469 894 1523 920 alia
1537 893 1674 927 quaedam.
1694 892 1784 928 [Hunc

994 939 1140 974 Ulpianum
1164 939 1263 966 Kuster
1278 940 1304 966 in
1321 944 1390 967 tom.
1412 938 1451 970 ll,
1469 947 1533 973 pag.
1549 938 1618 970 758,
1643 943 1783 965 auctorem

994 994 1054 1014 esse
1077 986 1203 1020 opinatur
1228 985 1493 1013 Commentariorum
1519 985 1547 1012 in
1575 984 1720 1012 Demosth.
1738 983 1784 1019 qui

995 1033 1086 1060 adhuc
1102 1032 1232 1068 exstant.]

1032 1078 1163 1112 Ulpiauus
1173 1099 1180 1111 ,
1195 1077 1318 1106 Gazaaus.

1034 1123 1181 1159 Ulpianus,
1210 1125 1294 1151 frater
1325 1124 1440 1157 lsid0ri,
1469 1124 1643 1159 philosophi,
1675 1123 1784 1158 ingenio

996 1170 1099 1204 optimo
1113 1169 1244 1204 prmditus
1258 1169 1291 1196 ad
1309 1169 1515 1196 mathematicas
1536 1169 1667 1196 scientias
1677 1190 1685 1202 ,
1712 1169 1784 1196 unde

996 1222 1095 1241 nomen
1125 1214 1183 1248 ejus
1210 1214 1324 1241 Athenis
1356 1214 1463 1242 celebre
1490 1213 1550 1241 fuit.
1577 1214 1611 1241 Et
1637 1214 1781 1249 Syrianus,

997 1259 1136 1286 admirans
1157 1260 1216 1293 ejus
1237 1260 1391 1294 ingenium,
1407 1259 1499 1286 multis
1524 1259 1661 1290 narravit,
1680 1259 1780 1286 nullan

996 1305 1048 1340 ipsi
1063 1306 1166 1332 clavem
1180 1305 1248 1332 adeo
1262 1305 1417 1332 intricatam
1432 1310 1460 1332 et
1475 1304 1623 1331 artiﬁciose
1645 1305 1782 1339 composi-

998 1357 1052 1378 tam
1065 1350 1156 1379 ollerri
1172 1351 1305 1386 potuisse,
1320 1358 1402 1385 quam
1418 1357 1472 1377 non
1490 1349 1570 1378 facile
1585 1351 1723 1384 aperiret;
1737 1349 1783 1377 sed

999 1397 1026 1424 in
1042 1397 1144 1431 reliqua
1160 1397 1333 1431 philosophia
1349 1396 1416 1423 nihil
1431 1401 1583 1423 memoratu
1598 1396 1712 1432 dignum
1727 1398 1783 1425 edi-

999 1443 1081 1470 disse.
1103 1441 1215 1469 Juvenis
1241 1447 1268 1469 et
1290 1442 1388 1469 caelebs
1413 1442 1446 1468 de
1467 1442 1523 1468 vita
1540 1441 1670 1474 decessit,
1688 1450 1782 1475 magna

1000 1497 1056 1516 sua:
1070 1488 1201 1516 bonitatis
1216 1488 1294 1516 laude
1307 1488 1377 1521 apud
1395 1487 1522 1514 homines
1538 1487 1645 1519 relicta,
1660 1491 1714 1514 etc.
1732 1487 1782 1523 (Ex

158 1533 280 1559 eruditos
308 1531 445 1566 inquirere
471 1531 556 1565 jubet.
578 1532 653 1560 Adde
671 1541 752 1567 supra
769 1533 796 1561 in
819 1534 947 1570 Catalogo
963 1539 984 1568 ε
1002 1534 1167 1569 Damascio.)

158 1579 399 1613 grammaticorum
414 1577 571 1605 Graecorum
587 1579 614 1605 l1.
632 1586 657 1605 ν.
673 1578 757 1607 “AM.-

194 1623 333 1659 Tyrannio
352 1624 456 1658 juuior,
469 1624 584 1652 Phoenix
595 1646 603 1658 ,
621 1626 786 1653 Artemidori
801 1627 846 1658 F.,
861 1626 945 1654 disci-

160 1668 241 1702 pulus
267 1668 449 1703 Tyrannionis
477 1667 611 1701 senioris,
638 1669 710 1695 unde
734 1669 816 1696 etiam
844 1678 944 1697 nomen

161 1713 238 1745 tulit,
254 1720 316 1739 cum
341 1717 421 1740 antea
444 1711 551 1739 Diocles
573 1718 726 1740 vocaretur.
742 1714 856 1748 Captum
874 1715 945 1742 bello

159 1758 232 1785 inter
246 1757 395 1784 Antonium
419 1761 446 1784 et
469 1757 623 1788 Caesarem.
649 1758 796 1792 Dymautes
822 1760 944 1794 quidam,

160 1803 277 1831 Cmsaris
304 1803 427 1836 libertus,
453 1803 578 1831 redemit.
594 1803 691 1832 Postea
708 1804 851 1839 Terentiae,
867 1806 946 1834 Cice-

160 1850 237 1876 ronis
249 1849 341 1879 uxori.
354 1849 470 1876 donatus
483 1855 534 1881 est,
548 1857 562 1876 a
576 1857 629 1884 qua
645 1851 840 1885 manumissus,
854 1852 947 1881 Itomae

160 1895 254 1922 docuit
276 1900 302 1922 et
322 1895 404 1923 libros
429 1895 538 1930 scripsit
553 1895 668 1929 LXVIII,
691 1905 723 1924 ex
747 1899 846 1933 quibus
863 1904 946 1927 sunt:

160 1942 199 1968 De
215 1939 357 1968 Homerica
383 1941 525 1975 prosodia;
551 1941 589 1969 De
611 1944 731 1977 partibus
755 1945 895 1978 orationis,
920 1947 947 1973 in

159 1995 216 2022 quo
231 1987 297 2014 dicit
320 1987 430 2014 nomina
457 1988 565 2022 propria
586 1996 647 2016 esse
669 1989 818 2023 individua,
840 1993 947 2027 Ἀτομα

161 2030 231 2060 εἶναι
256 2033 290 2059 τὰ
315 2033 398 2067 κύρια
421 2033 552 2068 ὀνόματα,
580 2035 742 2069 appellativa
756 2044 832 2070 vero,
852 2038 948 2072 primi-

160 2079 232 2112 tiva;
244 2085 270 2106 et
285 2079 473 2114 participialia,
487 2080 653 2114 derivativa;
668 2081 704 2107 De
718 2081 808 2116 lingua
816 2082 947 2116 Romana,

161 2134 220 2153 eam
239 2126 360 2153 aGracca
388 2127 531 2154 oriundam
559 2134 630 2154 esse.
656 2128 794 2162 Antigenis
819 2129 948 2162 dia/cetus

161 2172 300 2204 Romana;
317 2172 480 2200 nocentiores
496 2179 586 2208 poetas
606 2174 637 2200 ab
658 2174 773 2202 Homero
789 2177 947 2210 dissentire;

162 2217 369 2245 Enarrationem
396 2219 548 2251 partitionis
577 2218 752 2254 Tyrannionis
778 2222 944 2258 (senioris);

163 2264 356 2305 Qorrectionem
374 2263 562 2297 Homericam;
580 2265 813 2301 Orlhograpltiant.

200 2309 349 2345 Tyrannio,
374 2308 533 2342 Messenius,
558 2311 746 2345 philosophus.
775 2312 890 2348 Scripsit
914 2316 947 2342 li-

163 2357 222 2383 bros
240 2355 300 2388 Ill,
327 2356 365 2383 De
389 2357 519 2391 auguriis.
540 2357 653 2385 Exstant
680 2364 706 2385 et
732 2359 776 2386 alii
803 2360 861 2395 ejus
886 2361 947 2389 libri

163 2401 255 2428 utiles.

198 2446 342 2482 Tyrannus
354 2467 360 2478 ,
377 2446 511 2481 sophista,
530 2448 638 2482 scripsit
656 2448 692 2475 De
713 2450 827 2476 statibus
851 2460 949 2479 causa.

163 2501 221 2520 rum
236 2499 261 2520 et
277 2493 406 2520 divisione
425 2494 565 2526 orationis,
584 2494 664 2521 libros
680 2495 717 2522 Χ.

197 2540 337 2576 Tyrltcus,
360 2540 543 2568 Archimbroti
573 2541 615 2572 F.,
630 2542 720 2569 Lacon
746 2547 794 2570 aut
816 2543 946 2575 Milesius.

164 2593 243 2622 poeta
259 2587 395 2621 elegiacus
412 2591 439 2614 et
455 2587 553 2614 tibicen
565 2607 572 2619 ,
589 2595 669 2622 quem
686 2587 777 2615 ierunt
794 2590 948 2616 carminum

163 2624 274 2664 suorum
289 2637 370 2659 cantu
387 2631 609 2658 Lacedaemonios
624 2633 656 2658 ad
673 2633 793 2666 prndium
808 2633 947 2666 incitasse,

162 2684 190 2705 et
207 2679 247 2705 sic
262 2678 385 2707 atl‘ecisse
397 2699 403 2710 ,
422 2683 451 2706 ut
467 2679 538 2706 bello
559 2684 655 2706 contra
671 2679 818 2706 Messenios
834 2680 948 2707 victoria

163 2725 323 2759 potirentur.
342 2725 389 2752 Est
411 2728 504 2751 autem
531 2724 740 2758 antiquissimus
753 2743 760 2755 ,
778 2725 891 2758 aequalis
908 2732 950 2751 se-

164 2775 236 2804 ptem
254 2770 378 2803 illorum,
405 2771 452 2806 qui
469 2769 606 2804 sapientes
630 2775 771 2802 vocantur,
798 2775 844 2797 aut
868 2771 949 2797 etiam

163 2815 313 2850 antiquior.
325 2815 430 2843 Floruit
445 2815 599 2850 Olympiade
611 2814 717 2842 XXXV.
732 2814 846 2850 Scripsit
857 2815 948 2849 Remp.

163 2861 374 2892 Lacedazmonis,
392 2865 419 2888 et
433 2860 569 2894 Ρι-ωσερια
589 2862 647 2888 uiltt'
665 2862 790 2889 versibus
811 2861 949 2897 elegiacis,

1030 1580 1149 1608 Uranius
1160 1601 1167 1612 ,
1179 1579 1265 1615 Syrus
1277 1601 1283 1612 ,
1299 1578 1380 1606 CPoIi
1393 1578 1538 1605 oberrabat
1549 1599 1557 1610 ,
1574 1583 1660 1604 artem
1678 1577 1782 1612 profes-

996 1634 1045 1654 sus
1059 1625 1208 1656 medicam,
1226 1624 1275 1659 qui
1300 1631 1362 1650 cum
1388 1630 1421 1650 ex
1440 1622 1598 1649 Aristotelis
1613 1621 1783 1655 dogmatibus

996 1673 1103 1700 nullum
1119 1671 1238 1707 perfecte
1255 1673 1360 1701 nosset,
1379 1669 1451 1696 inani
1466 1667 1548 1695 variat
1572 1667 1704 1695 doctrina:
1726 1667 1783 1701 opi-

998 1718 1080 1745 nione
1107 1716 1242 1750 turgebat.
1270 1714 1320 1742 llic
1348 1722 1409 1741 cum
1429 1713 1601 1745 Areubintlo,
1627 1713 1727 1747 legato,
1751 1713 1783 1739 ad

997 1763 1096 1791 Persas
1114 1762 1252 1798 profectus
1269 1766 1320 1792 est.
1337 1765 1389 1788 ctc.
1404 1759 1456 1794 (Ex
1468 1759 1594 1794 Agathia,
1608 1758 1639 1791 ll.
1655 1767 1717 1795 pag.
1728 1759 1781 1794 67.)

1382 1805 1405 1834 ν
1510 1802 1514 1806 .

1034 1853 1242 1881 Valentinianus
1253 1873 1260 1885 ,
1275 1852 1341 1886 imp.
1358 1851 1436 1878 Rom.
1455 1850 1642 1882 Christianus,
1659 1849 1783 1885 quamvis

998 1900 1139 1927 Christum
1156 1897 1279 1932 ejusdem
1297 1904 1358 1923 eum
1372 1895 1450 1923 Patre
1464 1901 1568 1922 natura
1580 1903 1642 1922 esse
1656 1895 1782 1927 sentiret;

1000 1951 1090 1973 tamen
1105 1944 1215 1972 diverso
1232 1943 1317 1971 cultui
1339 1943 1444 1970 deditos
1462 1942 1535 1969 nulla
1551 1950 1580 1969 re
1595 1941 1714 1969 vexavit.
1731 1939 1783 1967 Va-

999 1993 1058 2019 lens
1072 1995 1171 2022 autem,
1191 1989 1293 2016 Ariana
1309 1989 1427 2016 iniectus
1443 1988 1522 2020 labe,
1537 1988 1638 2015 multos
1663 1988 1691 2015 in
1714 1987 1784 2014 exsi-

1000 2038 1065 2065 lium
1081 2037 1197 2072 pepulit,
1213 2043 1267 2071 quo
1285 2040 1406 2070 tempore
1420 2034 1548 2062 Ecclesiae
1562 2033 1693 2061 Romana:
1708 2032 1784 2060 Libe-

1001 2085 1057 2111 rius
1072 2083 1190 2118 prazfuit,
1215 2081 1407 2109 Alexandrinte
1428 2080 1607 2111 Athanasius,
1634 2079 1784 2106 CPolitanat

1000 2130 1151 2161 Eudoxius,
1167 2128 1274 2155 Arianze
1288 2127 1435 2161 impietatis
1451 2126 1590 2160 magister,
1605 2129 1659 2152 etc.

1037 2173 1147 2206 Valens,
1162 2173 1348 2199 Romanorum
1363 2171 1430 2206 imp.
1446 2171 1590 2205 episcopos
1613 2170 1640 2197 in
1661 2169 1783 2197 exsilium

1000 2219 1075 2246 misit
1099 2224 1126 2245 et
1150 2218 1324 2253 presbyteros
1350 2221 1377 2244 et
1399 2216 1558 2247 monachos,
1582 2215 1698 2242 Tatiano
1722 2219 1783 2242 tunc

999 2264 1210 2291 Alexandrinam
1225 2263 1374 2290 Ecclesiam
1394 2267 1520 2297 regente,
1536 2261 1694 2296 multosque
1708 2260 1784 2288 Chri-

1000 2310 1104 2336 stiauos
1123 2308 1300 2340 excruciavit,
1326 2312 1353 2334 et
1376 2307 1508 2342 quosdam
1531 2307 1614 2334 etiam
1632 2306 1784 2341 iguitratli-

1000 2355 1048 2382 dit.
1063 2354 1125 2382 Haec
1140 2360 1230 2381 autem
1245 2353 1336 2380 omnia
1354 2358 1415 2388 post
1430 2353 1571 2379 Athanasii
1587 2352 1692 2378 obitum
1710 2351 1782 2378 fecit.

1000 2400 1151 2428 Ortbodoxi
1167 2408 1200 2427 ex
1215 2400 1295 2427 CPoli
1313 2400 1476 2435 legationem
1492 2399 1524 2425 ad
1544 2398 1685 2425 Valentem
1707 2398 1784 2424 Nico-

1000 2447 1116 2474 mediam
1140 2447 1290 2478 miserunt,
1306 2446 1380 2473 viros
1404 2453 1437 2472 ex
1462 2445 1557 2472 ordine
1580 2452 1661 2472 sacro
1679 2443 1783 2475 LXXX,

1000 2501 1117 2528 quorum
1141 2494 1279 2528 principes
1292 2497 1372 2520 erant
1386 2491 1546 2519 Theodorus
1559 2512 1566 2524 ,
1592 2491 1737 2525 Curbagus
1761 2494 1786 2516 et

999 2539 1192 2571 Menedemus,
1215 2546 1285 2573 quos
1310 2539 1452 2565 universos
1476 2545 1539 2564 cum
1564 2537 1622 2571 ipsa
1640 2543 1708 2562 nave
1722 2542 1784 2562 suc-

1000 2586 1079 2612 cendi
1093 2586 1186 2619 jussit,
1200 2593 1260 2620 quae
1276 2584 1407 2620 Dacibyza
1426 2591 1513 2618 usque
1528 2591 1589 2610 cum
1607 2582 1784 2617 pervenisset,

1000 2631 1037 2657 ibi
1052 2631 1184 2658 dissoluta
1207 2636 1258 2657 est.
1286 2630 1372 2664 Hujus
1398 2634 1521 2662 tempore
1544 2628 1648 2655 Lucius
1671 2628 1784 2654 Arianus

1000 2677 1150 2704 Ecclesium
1168 2674 1411 2711 (Alexandrinam)
1433 2679 1561 2709 tanquam
1578 2674 1658 2707 lupus
1678 2673 1783 2704 invasit,

1001 2723 1081 2750 Petro
1105 2722 1218 2748 Ruinam
1245 2721 1380 2755 fugiente,
1406 2721 1525 2755 taliaque
1549 2718 1634 2746 edidit
1654 2719 1783 2749 facinora,

1000 2769 1091 2804 qualia
1109 2776 1144 2795 ne
1158 2768 1185 2794 in
1202 2768 1340 2802 gentilium
1354 2767 1464 2801 quidem
1482 2765 1724 2801 persecutionibus
1739 2771 1784 2799 pa-

1001 2820 1070 2842 trata
1085 2814 1206 2842 fuerunt.
1220 2814 1286 2841 Nam
1305 2814 1356 2840 tria
1373 2813 1516 2841 hominum
1529 2812 1613 2840 millia
1627 2811 1729 2843 emisit,
1740 2809 1783 2844 qui

1001 2861 1074 2890 viros
1091 2861 1150 2897 pios
1166 2861 1192 2888 in
1208 2861 1317 2888 deserto
1336 2859 1503 2888 trucidarent
1519 2863 1545 2887 et
1559 2858 1736 2892 dissiparent.
