1904 3072
79 179 155 215 1369
705 186 753 216 DE
772 187 916 223 QUIBUS
934 188 1088 220 SUlDAS'.
1644 189 1715 225 1370

121 236 219 269 Varus,
235 235 412 266 Laodicensis
426 257 434 271 ,
447 238 583 274 sophista,
593 238 750 268 Polemonis
765 246 793 268 et
806 241 871 269 alia—
885 245 907 273 Α
922 242 992 277 phus
1007 248 1035 270 et
1057 241 1208 277 Iegislalor,
1233 243 1279 278 qui
1305 250 1354 278 pro
1378 243 1464 278 patria
1490 252 1615 279 pugnans
1635 246 1712 274 obiit.

79 289 145 309 rum
160 282 284 316 aequalis.
924 286 973 313 llic
989 291 1053 314 ante
1075 287 1125 313 fuit
1146 294 1241 314 servus
1262 292 1291 314 et
1316 292 1427 322 pastor;
1446 287 1596 324 disciplinis
1618 294 1709 317 autem

117 324 247 353 Vestinus
258 346 265 358 ,
282 324 371 354 Julius
391 328 512 362 sophista
523 349 531 360 ,
557 330 666 364 scripsit
681 329 871 365 Compendium
923 332 1059 359 institutus
1074 334 1132 360 suis
1147 333 1254 360 civibus
1269 333 1330 359 tulit
1345 333 1428 367 leges,
1444 333 1514 360 inter
1525 342 1594 368 quas
1609 339 1636 362 et
1651 335 1708 363 haec

78 369 219 405 Pamphili
237 372 385 406 glossarum
407 373 482 400 libris
504 374 558 407 IV,
588 375 665 402 Vaces
687 376 814 407 selectos,
839 385 871 404 ea:
923 377 984 409 fuit,
1004 383 1033 405 ut
1057 378 1182 405 mulieres
1202 378 1327 413 ingenua:
1347 386 1408 405 cum
1428 379 1585 406 domesticis
1609 384 1635 407 et
1657 387 1711 408 una

77 416 274 450 Demosthene,
295 418 465 453 Thucydide,
492 420 575 453 Istro,
600 421 736 455 Isocrate,
753 423 871 458 Thrasy-
923 425 998 456 pedis
1018 432 1112 459 sequa,
1137 425 1261 452 candidis
1278 425 1400 452 vestibus
1415 425 1516 452 induta:
1541 426 1709 460 incederent,

78 471 168 490 mwno
184 468 208 490 et
224 463 285 490 aliis
300 465 452 492 oratoribus
468 466 601 493 collectas.
922 470 982 496 alia:
997 469 1178 504 (mcretrices)
1194 470 1329 503 ἀνθιναῖς,
1343 470 1570 498 versicoloribus.

463 521 488 548 Χ
959 515 1107 548 Zamolxis,
1126 516 1282 551 Pythagora:
1299 523 1405 549 servus,
1422 522 1450 542 ut
1468 515 1622 543 Herodotus
1635 516 1706 544 libro

116 563 259 597 Xanthus,
269 563 418 592 Candaulis
432 565 478 598 F.,
496 565 586 599 Lydus
598 585 605 596 ,
629 566 780 596 Sardianus
791 588 798 600 ,
823 576 858 603 qu

921 566 1029 595 quarto,
1045 561 1154 597 Scytha.
1167 562 1213 596 qui
1228 569 1352 588 reversus
1367 561 1394 588 in
1407 561 1522 596 patriam
1535 561 1636 593 docuit,
1649 562 1710 589 ani-

75 609 150 636 vixit
165 617 198 636 eo
213 614 334 644 tempore
347 631 355 642 ,
374 619 429 645 quo
444 611 544 638 Sardes
561 617 646 646 capta;
661 612 780 640 {uel-um,
796 613 870 642 sm-
920 615 993 634 mam
1010 615 1069 634 esse
1090 608 1282 635 immortalem.
1298 607 1422 634 Muaseas
1443 607 1619 639 vero-refert,
1636 607 1707 642 apud

77 655 133 689 psit
148 654 325 690 Lydiacorum
342 657 426 684 libros
437 656 482 688 IV,
498 657 524 684 in
539 665 655 692 quorum
674 660 795 686 secundo
808 667 870 686 nar-

77 705 137 731 rat,
155 701 271 736 Gygem,
287 701 426 736 Lydorum
441 710 532 737 regem
544 723 552 736 ,
576 704 704 731 mulieres
721 710 867 738 castrasse,

77 751 108 773 ut
125 746 159 772 iis
175 754 282 782 semper
305 752 385 774 aelate
399 752 427 775 et
449 747 537 775 forma
562 749 722 776 ﬂorentibus
736 754 867 777 uteretur.

920 652 1001 680 Getas
1018 654 1069 680 coli
1098 653 1256 685 Saturnum,
1271 654 1418 688 vocarique
1443 653 1595 680 Zatnolxiu.
1619 652 1709 680 Ilella-

919 699 997 726 nicus
1021 699 1049 726 in
1071 699 1217 734 Νομίμοις,
1241 701 1297 727 sive
1320 699 1457 726 Inuitum
1480 698 1646 732 barbaricis,
1670 699 1710 726 ait

919 743 1004 773 fuisse
1022 747 1165 780 quemdam
1182 746 1318 778 Graecum,
1334 746 1380 780 qui
1393 745 1478 776 Getis,
1493 745 1519 772 in
1532 744 1647 772 Thracia
1660 744 1710 772 dc-

76 792 153 819 ldem
171 792 263 825 refert,
277 793 413 821 Alcimum
430 794 574 828 quemdam
591 795 618 822 in
635 795 681 822 illa
698 795 807 830 regiorie
822 804 858 824 re-

921 791 1058 825 gentibus,
1084 791 1205 824 τελετάς,
1228 792 1305 818 initia
1327 791 1569 824 demonstraverit,
1594 790 1709 818 dixerit-

77 846 198 872 gnasse,
217 839 356 866 hominem
384 840 620 874 religiosissimum
640 847 667 869 et
684 842 858 869 clementissi-

921 844 981 870 quc,
994 844 1083 871 neque
1097 845 1127 865 se
1149 838 1323 868 moriturum,
1347 845 1436 871 neque
1457 845 1522 864 8005
1544 841 1707 870 εεεῐθιοτεδς

76 891 166 916 mum,
177 885 258 919 cujus
270 889 393 920 tempore
406 889 434 913 et
447 886 503 913 alia
518 894 585 921 pace
601 891 629 914 ει
646 887 744 922 opibus
757 887 865 924 (Lydia)
885 917 904 924 n
918 882 965 908 scd
985 883 1076 909 omnia
1095 883 1165 910 bona
1190 883 1341 910 habituros.
1367 882 1415 910 liis
1435 883 1514 910 dictis
1537 883 1706 910 domicilium

75 930 211 961 ﬂoruerit,
229 936 283 959 etc.
882 928 904 944 ⁵
917 929 1122 956 subterraneum
1134 929 1278 961 exstruxit,
1290 929 1386 956 deinde
1395 936 1427 955 ex
1440 928 1573 956 Thracum
1584 929 1669 956 oculis
1680 933 1712 956 eo

112 975 276 1004 Xenarchus
288 997 296 1009 ,
313 978 436 1005 comicus
446 999 454 1011 ,
470 986 502 1006 ex
517 980 577 1014 ejus
590 979 691 1008 fabulis
706 985 748 1008 est
762 981 867 1008 Βουκα-
919 979 1065 1009 ωηερθοιυ
1081 982 1111 1003 se
1132 979 1242 1009 “Deme
1260 975 1414 1009 proripiens
1430 975 1456 1001 i"
1477 975 1529 1002 11°C
1542 982 1572 1002 ὅθ
1582 974 1711 1007 abdidit;

74 1021 152 1053 λίων,
168 1026 236 1049 teste
247 1023 389 1056 Athenaeo,
406 1024 428 1050 ll
439 1024 662 1060 ;Dipnosophist.
676 1026 733 1062 (3‘)
746 1033 797 1053 nec
812 1033 858 1053 nor

921 1019 992 1047 Getae
1012 1027 1077 1047 vero
1100 1020 1189 1055 ipsum
1209 1020 1412 1047 desiderarunt.
1427 1019 1529 1052 Quarto
1552 1025 1624 1045 anno
1645 1022 1714 1052 post.

74 1067 224 1102 Πορφύρα,
240 1069 361 1103 Σκύθαι,
388 1070 518 1106 Δίδυμοι,
544 1071 709 1104 Πένταθλοι,
729 1073 858 1108 Πρίαπος,

921 1073 1016 1094 rursus
1031 1067 1165 1100 apparuit.
1179 1071 1206 1094 et
1217 1066 1337 1093 Thraces
1347 1065 1439 1092 omnia
1458 1064 1508 1098 ipsi
1521 1063 1706 1091 crediderunt.

75 1114 190 1146 ’Υπνος,
206 1115 389 1150 Στρατιὼτης.

921 1112 1001 1139 Aiunt
1015 1112 1135 1147 quidam,
1150 1111 1301 1139 Zamolxim
1323 1111 1441 1139 servisse
1465 1110 1635 1145 Pythagoran,
1658 1109 1708 1136 Sa-

110 1158 290 1193 Xenocrates,
305 1160 455 1195 Agathonis
466 1163 508 1190 vel
530 1163 712 1198 Agathanoris
724 1162 769 1196 Ρη
783 1164 865 1191 Cha]-
917 1159 990 1192 mio,
1017 1159 1168 1186 Mnesarchi
1193 1159 1258 1191 lilio,
1280 1163 1308 1186 et
1335 1158 1458 1185 libertate
1481 1158 1628 1190 donatum,
1653 1156 1705 1184 ista

75 1203 223 1240 cedonius,
247 1205 400 1240 discipulus
421 1212 449 1234 et
474 1216 618 1236 successor
642 1209 776 1243 Platonis,
803 1214 865 1245 post
918 1208 1106 1231 commentum
1123 1204 1221 1231 fuisse.
1235 1204 1323 1231 Terizi
1337 1211 1402 1231 vero
1414 1207 1441 1231 et
1452 1202 1567 1238 Crobyzi
1579 1202 1704 1234 credunt,

75 1249 267 1284 Speusippum,
281 1259 361 1286 quem
376 1253 483 1288 excepit
497 1254 638 1288 Polemon,
652 1259 680 1283 et
695 1255 864 1283 hunccran-
916 1250 1069 1277 animarum
1107 1250 1356 1283 immortalitatem,
1381 1254 1408 1277 et
1437 1254 1559 1277 mortuos
1591 1249 1623 1276 ad
1652 1247 1705 1276 Za-

75 1300 126 1322 tor.
145 1296 196 1324 Hic
212 1297 295 1325 missa
309 1298 360 1325 sibi
376 1299 410 1326 ab
421 1299 576 1328 Alexandro
589 1300 736 1329 Macedone
752 1302 863 1337 triginta
916 1295 1017 1322 πιοικίη
1042 1296 1082 1323 ire
1109 1296 1236 1329 "mum:
1262 1303 1342 1331 quem
1361 1296 1512 1323 τεάίῑυνυῐη
1534 1303 1596 1323 esse
1617 1295 1704 1328 θῖυηιν

74 1342 175 1369 talenta
193 1342 225 1370 ad
240 1350 302 1370 eum
318 1344 441 1377 remisit,
458 1346 569 1377 dicens.
586 1354 688 1382 regem,
702 1355 756 1375 non
773 1349 862 1383 philo-
916 1341 998 1375 idque
1010 1349 1231 1376 semper‘verum
1248 1349 1309 1370 esse
1333 1345 1441 1376 putam-
1457 1340 1638 1374 Quamobrem
1659 1348 1705 1368 sa-

73 1387 191 1422 sophum
209 1387 330 1422 indigere
347 1391 473 1423 pecunia.
490 1390 606 1426 Scripsit
619 1393 658 1419 De
675 1392 795 1420 Ριαιοηὶε
810 1394 862 1422 Πε-
915 1387 1040 1414 criﬁcant
1052 1392 1078 1415 et
1091 1387 1281 1420 convivantur,
1297 1387 1375 1422 quasi
1388 1387 1534 1415 defunctus
1550 1387 1585 1414 sit
1598 1386 1704 1414 reditu-

71 1433 192 1466 publt‘ca.
217 1434 377 1462 Celebratur
399 1436 459 1471 ejus
482 1439 661 1472 temperantia
688 1443 715 1466 et
739 1441 861 1468 castitas.
915 1439 972 1459 ""5-

73 1479 123 1506 llic
141 1479 214 1515 (imo
228 1481 315 1514 alius,
330 1485 360 1508 ut
372 1483 520 1518 suspicor),
537 1483 647 1518 scripsit
663 1485 862 1513 Οἰκοσκοπικὺν
951 1479 1034 1512 Zeno.
1050 1479 1232 1515 Teleuwsom
1243 1480 1412 1513 Ρ-νΕιείιιεεν
1427 1479 1617 1514 Ρῗιίιοεοβδυδν
1631 1486 1705 1506 1³⁸³1³⁸

71 1526 216 1561 ῡὶώνισμα.
233 1526 297 1554 Vide
312 1534 396 1562 supra
413 1528 440 1555 in
456 1529 647 1564 Οἰωνιστικήν.

107 1557 291 1605 Xenophanes
313 1557 398 1607 elegia
422 1573 539 1607 quadam
552 1593 559 1606 ,
575 1557 628 1602 etc.
646 1574 691 1610 (de
705 1574 858 1610 Pythagora
871 1557 893 1587 ο
911 1557 1054 1605 tempora;-
1069 1571 1135 1598 vixit
1148 1570 1219 1598 enim
1240 1557 1369 1597 LXXVIII
1387 1557 1552 1605 Olympiade.
1576 1568 1702 1603 Discipu-

70 1624 104 1643 cx
123 1616 221 1644 Laertii
240 1617 307 1650 VIII,
325 1618 359 1645 56
376 1625 436 1653 sqq.
911 1610 955 1643 lus
970 1616 1147 1650 Xenophanis
1164 1621 1211 1643 aut
1232 1615 1412 1642 Parmcnidis.
1439 1614 1554 1649 Scripsit
1579 1613 1701 1649 Ἔριδας,

108 1660 280 1696 Xenophon,
305 1662 388 1698 Grylli
411 1663 442 1691 F.
464 1664 658 1697 Atheniensis,
678 1665 858 1701 philosophus
911 1661 1119 1693 Contentionu,‘
1145 1661 1351 1688 Enarratt'onem
1369 1659 1556 1694 Empedoclis;
1573 1658 1703 1686 Adversus

71 1709 243 1742 Socraticus,
265 1709 311 1743 qui
340 1710 446 1744 primus
461 1709 538 1738 Vitas
562 1711 786 1746 philosophorum
801 1712 857 1747 (35)
909 1707 1074 1742 philosophos
1088 1708 1237 1734 donatura.
1255 1705 1333 1733 liunc
1346 1705 1422 1732 aiunt
1434 1706 1603 1732 inventorem
1617 1703 1704 1731 fuisse

70 1754 182 1787 scripsit
204 1758 231 1781 et
250 1755 552 1790 Ἀπομνημονεύματα,
566 1756 624 1783 sive
644 1756 716 1784 dicta
732 1757 858 1792 factaque

921 1754 1074 1786 lialccticte,
1101 1757 1130 1780 ut
1160 1752 1351 1788 Empedoclem
1379 1751 1543 1778 rhetoricae.
1572 1749 1623 1777 Sed
1640 1757 1704 1777 cum

70 1800 269 1828 memorabilia.
285 1801 369 1829 Filios
383 1809 417 1829 ex
433 1802 552 1830 Philesia
567 1803 686 1837 suscepit
696 1802 818 1839 Gryllum
830 1808 859 1831 et
909 1799 1074 1832 Nearchum,
1087 1799 1130 1826 vel
1142 1799 1180 1834 (ut
1194 1799 1238 1826 alii
1262 1798 1381 1832 tradunt)
1394 1797 1614 1828 Diomedontem,
1630 1794 1704 1822 Eleas

70 1844 237 1879 Diodorum,
254 1847 300 1882 qui
317 1848 398 1874 etiam
412 1847 537 1876 Dioscuri
554 1849 644 1875 vocati
658 1848 780 1877 fuerunt.
796 1851 857 1884 Ipse
908 1848 1055 1880 tyrannum
1065 1864 1072 1876 ,
1085 1848 1207 1871 evertere
1219 1843 1318 1876 vellet,
1333 1847 1430 1876 captus
1443 1845 1494 1869 est.
1510 1841 1700 1874 Interrogatus

69 1898 138 1918 vero
159 1892 249 1919 Attica
270 1893 332 1926 Apis
354 1893 562 1928 cognominatus
577 1898 630 1922 est.
646 1895 858 1929 Condiscipnlus
908 1896 999 1918 aulem
1023 1891 1057 1917 ab
1081 1890 1156 1923 ipso,
1172 1889 1293 1923 linguam
1317 1894 1494 1922 praemorsam
1513 1893 1544 1913 ac
1570 1889 1702 1912 resectam

914 1525 948 1552 de
963 1525 1016 1553 illis
1036 1526 1083 1560 qui
1101 1530 1274 1554 accesserunt
1288 1526 1321 1552 ad
1335 1525 1494 1560 Pythagorae
1507 1529 1534 1553 et
1553 1523 1703 1552 Democriti
1743 1553 1746 1557 ,
1763 1542 1769 1547 -

68 1937 193 1964 Ρ¹³ιοηὶε
219 1937 286 1971 fuit,
310 1938 456 1974 ﬂoruitque
478 1939 578 1975 olymp.
605 1939 719 1967 XCVIII.
744 1940 858 1975 Scripsit
910 1937 1022 1971 exspuit
1039 1936 1065 1963 in
1086 1940 1241 1970 tyranuum.
1261 1934 1293 1961 Et
1320 1935 1346 1960 in
1373 1933 1536 1961 mortarium
1562 1933 1702 1966 conjectus

908 1981 1048 2010 tundendo
1066 1981 1199 2008 contritus
1215 1985 1266 2007 est.
1284 1979 1418 2006 Diﬂerunt
1446 1979 1552 2006 Eleates
1577 1978 1623 2012 (ab
1637 1977 1702 2004 Elea

908 2029 1012 2064 (Italia)
1027 2033 1054 2055 et
1068 2027 1168 2054 Eluitcs
1181 2027 1227 2061 (ab
1241 2026 1313 2054 Elaea
1331 2026 1403 2054 Asia:
1418 2026 1446 2053 in
1464 2025 1577 2058 Eolia.)

937 2085 1020 2117 Zeno,
1033 2084 1123 2112 Minuci
1136 2084 1177 2116 F.,
1188 2083 1326 2114 Sidonius,
1336 2082 1515 2117 philosophus
1527 2080 1636 2109 Stoicus
1644 2078 1702 2112 (56.

908 2131 1056 2166 discipulus
1079 2130 1186 2157 Diodori
1200 2129 1293 2161 Croni,
1312 2128 1441 2163 magister
1461 2126 1577 2154 Zenonis
1588 2147 1596 2160 ,
1612 2126 1702 2155 Citiei-

908 2176 1017 2211 sm‘ipsit
1031 2175 1185 2210 Apologiam
1202 2173 1320 2201 Socratis
1337 2177 1363 2200 ει
1383 2172 1539 2200 Sidaniaca.

69 1985 157 2013 libros
173 1993 254 2021 supra
270 1986 326 2017 XL.
341 1995 357 2015 e
370 1995 485 2022 quorum
499 1995 613 2015 numero
628 1992 693 2015 sunt
705 1987 731 2015 hi
744 1997 751 2015 :
766 1988 802 2015 De
815 1989 858 2015 in-

69 2031 206 2058 stitutione
221 2031 284 2067 Cyri
301 2032 363 2059 libri
383 2032 470 2065 VIII;
491 2033 527 2060 De
540 2034 703 2068 expeditione
719 2033 782 2069 Cyri
795 2034 858 2061 libri

76 2077 150 2110 VII;
176 2078 272 2107 lterum
287 2078 440 2106 Cunarum
464 2079 526 2106 libri
550 2079 623 2112 VII;
651 2079 807 2107 Carminium
830 2085 857 2108 et

69 2121 124 2149 alia
143 2121 235 2148 multa.
253 2121 376 2149 Militavit
389 2127 482 2150 contra
496 2122 610 2156 Persas,
628 2131 690 2151 cum
706 2124 778 2160 Cyro
793 2132 857 2160 pro-

71 2167 159 2194 Icctus
174 2167 306 2196 adversus
320 2168 510 2202 Artaxerxem,
527 2168 648 2201 Iratrem,
664 2175 717 2197 etc.

107 2213 268 2247 Xenophon,
285 2213 481 2246 Antiochenus,
499 2214 656 2242 historicus.
672 2215 788 2251 Scripsit
799 2215 854 2243 Ba-
871 2228 892 2255 ο
943 2220 1026 2252 Zeno,
1041 2219 1167 2252 Mnaseac,
1194 2219 1237 2247 vel
1261 2218 1347 2246 Dcmii
1373 2217 1402 2245 F.
1419 2217 1522 2244 Citieus
1535 2236 1542 2248 ,
1558 2224 1590 2244 ex
1613 2217 1702 2250 Citio,

70 2258 202 2294 bylonica,
221 2260 291 2293 quod
310 2263 351 2287 est
367 2268 436 2294 opus
452 2261 627 2288 amatorium.

106 2304 269 2339 Xenophon,
296 2304 439 2340 Ephesius,
463 2306 618 2338 historicus,
638 2306 748 2342 scripsit
771 2307 857 2342 Ephe-

70 2352 154 2383 siara,
172 2352 229 2378 sive
242 2352 327 2379 libros
342 2353 435 2379 decem
456 2353 489 2379 de
510 2353 651 2380 amoribus
665 2352 813 2380 Abrocomi
829 2357 857 2381 et

69 2398 188 2429 Anthiae,
207 2402 233 2425 el.
257 2398 294 2424 De
309 2398 371 2425 urbe
390 2398 572 2432 Ephesiorum,
589 2404 670 2434 atque
687 2400 749 2427 alia.

106 2443 267 2478 Xenophon,
282 2446 408 2480 Cyprius,
421 2446 577 2478 historicus,
592 2447 702 2481 scripsit
716 2446 857 2481 Cypriaca,

70 2491 143 2524 quod
162 2499 232 2524 opus
248 2491 340 2519 itidem
355 2496 396 2518 est
421 2492 534 2520 historia
552 2494 677 2520 amatorii
692 2494 858 2529 argumenti,

70 2544 154 2572 agens
170 2538 203 2564 de
222 2538 331 2573 Cynira,
347 2537 457 2574 Myrrha
474 2544 501 2565 et
515 2539 649 2567 Adonidc.

455 2584 474 2611 Z

106 2631 250 2664 Zaleucus,
265 2630 379 2663 Locrus,
396 2631 526 2663 Thurius,
541 2631 727 2667 Pythagoreus
742 2632 862 2667 philoso-

106 2721 163 2755 (54)
178 2720 278 2748 Kuster
292 2721 325 2748 ad
341 2721 395 2748 vol.
414 2720 433 2747 ll
445 2742 452 2753 ,
468 2729 526 2782 pagi.
544 2721 596 2748 653
607 2741 613 2753 ,
628 2729 656 2748 n.
673 2729 691 2753 l,
709 2721 858 2752 existimat,

108 2756 143 2782 od
168 2756 246 2782 hodie
273 2756 345 2782 illius
369 2756 484 2782 fabulae.
528 2756 672 2782 ουκαλίων.
698 2757 771 2782 nulla
788 2757 858 2782 aliud

69 2756 143 2790 quod
168 2756 246 2782 hodie
273 2756 345 2783 illius
369 2756 484 2788 fabulae,
506 2756 672 2787 Βουκαλὶων,
698 2757 771 2783 nulla
788 2757 859 2790 apud

67 2792 230 2818 Athenaeum
247 2791 293 2818 lib.
311 2791 341 2822 II,
357 2792 402 2818 liat
415 2792 525 2822 memio.
540 2799 590 2819 nec.
604 2792 661 2825 ipse
677 2791 797 2818 Athenaei
818 2791 851 2817 li-

68 2827 118 2853 ber
130 2825 163 2856 II,
181 2826 285 2859 integer
299 2827 332 2852 ad
349 2834 399 2853 nos
416 2827 599 2859 pervenisset,
614 2827 704 2853 locum
720 2826 794 2852 illum
805 2846 812 2858 ,
830 2826 856 2852 in

68 2868 125 2895 quo
139 2861 285 2888 Athenaeus
303 2861 402 2888 fabula:
417 2861 571 2889 Bncalianis
588 2861 755 2889 mentionem
774 2861 857 2888 lccis-

69 2900 127 2929 set,
143 2896 224 2924 hodie
240 2895 424 2924 intercidisse.
438 2896 523 2924 HARL.

911 2266 990 2301 Cypri
1008 2265 1131 2297 civitate,
1157 2265 1351 2300 philosophus.
1370 2264 1467 2291 Stoicae
1495 2268 1576 2290 secta:
1604 2268 1702 2290 auctor

911 2312 1015 2347 (supra,
1033 2313 1057 2338 in
1071 2311 1150 2345 Στοά)
1163 2320 1168 2336 :
1180 2310 1330 2346 discipulus
1345 2309 1464 2338 Crateris
1478 2308 1583 2344 Cynici,
1601 2309 1700 2337 deinde

910 2357 1066 2384 Polemonis
1086 2356 1269 2383 Atheniensis.
1285 2355 1360 2383 Obiit
1376 2362 1448 2382 anno
1464 2354 1552 2382 aetatis
1565 2354 1621 2386 XC,
1636 2354 1701 2381 sub-

912 2404 976 2432 inde
999 2403 1031 2430 de
1047 2403 1107 2431 cibo
1121 2403 1224 2438 aliquid
1240 2402 1399 2433 detrahens,
1416 2402 1504 2429 donec
1527 2408 1582 2434 prae
1601 2400 1700 2427 virium

913 2448 1070 2476 infirmitate
1092 2449 1200 2476 tandem
1223 2449 1332 2483 periret.
1354 2447 1499 2474 Oraculum
1515 2446 1548 2473 de
1571 2446 1630 2472 vitae
1654 2452 1701 2480 gc-

914 2503 979 2522 nere
1005 2495 1170 2527 consulenti,
1196 2499 1249 2521 etc.
1268 2494 1360 2527 (supra
1387 2494 1414 2520 in
1440 2489 1699 2526 συγχρωτίζεσθαι.)

914 2541 1031 2569 Phoenix
1057 2541 1265 2576 cognominatus
1293 2544 1346 2570 est,
1372 2538 1444 2573 quod
1470 2537 1613 2564 Phoenices
1628 2536 1701 2563 illius

915 2587 1036 2622 oppiduli
1059 2587 1154 2614 incolzr
1174 2586 1285 2613 fuerint.
1306 2585 1412 2612 Fleruit
1425 2583 1476 2611 sub
1495 2583 1629 2618 Antigono
1645 2581 1701 2609 Go-

915 2641 977 2660 nata
1001 2633 1100 2669 olymp.
1118 2631 1251 2667 CXX.§Et
1271 2631 1444 2666 proverbium
1456 2650 1464 2663 ,
1490 2628 1594 2656 Zenone
1611 2628 1700 2655 conti-

949 2722 1005 2756 (55)
1023 2721 1075 2748 Sed
1102 2722 1162 2748 vide
1185 2719 1401 2756 Tonsium,»l)c
1424 2718 1498 2756 vitis_
1512 2721 1605 2756 script.
1633 2715 1699 2743 hist-

910 2752 960 2784 iib.
977 2752 1071 2790 |,'cap.
1089 2756 1114 2788 '1,
1132 2757 1179 2790 qui
1209 2755 1319 2783 Suidam
1347 2754 1391 2781 hic
1416 2755 1449 2780 de
1474 2752 1571 2787 philos.
1592 2758 1700 2784 errasse

911 2792 1062 2819 contendit.
1082 2791 1166 2818 "ARL.

947 2827 1001 2861 (56)
1021 2827 1158 2861 Menagius
1176 2825 1210 2853 ad
1231 2822 1369 2852 Laertium
1395 2822 1500 2856 “L55,
1519 2821 1585 2857 legit
1611 2821 1698 2857 philo?

911 2863 1014 2896 sophus
1030 2861 1177 2896 ἐριστικός.
