1904 3072
193 193 260 227 13η

795 188 917 220 INDEX
936 189 1148 221 SCRIP’I‘ORU
1154 189 1181 220 Μ

1762 187 1826 220 ῙττΞ

192 251 306 282 nentior,
322 249 443 282 Ζήνωνος
460 246 684 282 ἐγκρατέστερος.
702 245 750 273 Hic
763 253 839 273 nmiae
852 246 973 280 philoso-

1043 245 1152 280 hologiae
1170 246 1396 281 epigrammatum
1425 245 1581 273 Graecorum
1596 245 1718 273 obviam.
1743 246 1823 274 Cunr.

194 298 263 330 phim
279 295 331 322 fuit
345 299 448 321 auctor.
467 293 568 320 Revera
584 293 656 319 enim
670 300 764 320 omnes
778 293 868 327 specie
883 292 975 320 vultus

191 347 218 367 et
233 340 362 374 gravitate
379 343 405 366 et
425 338 546 373 proferto
571 338 653 364 etiam
671 338 871 372 μακαριότητι,
889 337 976 364 beati-

192 383 335 418 tate(apud
352 383 488 410 Laertium
507 382 562 413 VII,
577 382 622 414 28,
640 382 833 416 μακροϐιότητι
851 382 978 417 longa-vi-

192 434 255 457 title.
273 427 433 462 superavit.)
450 428 523 454 Obiit
544 435 640 462 expers
656 428 812 455 morborum
834 433 861 455 et
873 429 976 463 optima

190 482 298 508 semper
315 474 470 500 valetudine
485 477 573 500 utens.

230 519 313 551 Zeno,
333 517 548 549 DioscoridaeF.,
565 517 718 549 Tarsensis,
735 519 788 548 vel,
806 523 834 545 ut
853 519 897 545 alii
923 524 977 546 tra-

191 567 270 596 dunt,
288 564 427 595 Sidonius,
446 564 633 598 philosophus,
653 565 802 599 discipulus
823 565 976 600 Chrysippi,

192 610 345 639 Tarsensis.
370 609 524 642 philosophi
544 608 628 636 Stoici
642 613 668 635 et
683 617 834 636 successor.

227 655 311 686 Zeno.
326 655 440 686 Citieus,
460 655 564 685 rhetor,
579 663 611 681 an
628 655 815 689 philosophus,
832 656 976 682 incertum.

189 701 305 734 Scripsit
325 699 363 725 De
379 700 492 725 statibus
514 706 676 730 causarum;
692 699 730 725 De
759 699 873 733 ﬁguris;
897 699 978 726 Cont—

191 747 350 772 mentarium
369 746 398 771 in
420 744 628 776 Xenophontem,
650 745 676 770 in
694 743 813 779 Lysiam,
831 745 858 771 in
883 745 978 772 Demo-

190 792 325 822 sthenem;
343 790 380 817 De
396 791 556 825 argumentis
577 791 712 818 oratoriis.

226 836 309 868 Zeno,
323 836 529 868 Alexandrinus,
542 835 662 867 Iudaeus,
682 835 729 862 sed
745 842 807 862 eum
820 834 974 861 Iudaeorum

189 883 261 917 genti
278 883 403 909 nuntium
430 882 535 915 publice
561 882 724 910 remisisset.
751 885 781 907 ut
807 881 877 914 apud
904 881 978 914 ipsos

187 933 325 963 receptum
338 933 379 955 est
388 935 472 957 mare,
485 935 530 960 per
542 927 662 961 ipsorum
685 934 849 962 synagogam
862 926 905 953 die
918 926 984 952 Sab'

188 974 243 1001 bati
259 974 367 1000 asinum
383 973 472 999 album
490 973 620 999 traduxit.
641 972 690 999 lIic
713 971 788 999 Zeno
802 977 900 998 natura
917 972 978 1006 qui-

188 1021 248 1047 dem
258 1027 351 1054 arquus
364 1024 389 1045 et
402 1019 500 1049 bonus.
515 1019 561 1045 sed
571 1019 597 1045 in
609 1019 764 1053 eloquentia
775 1024 801 1045 et
819 1017 974 1052 disciplinis

190 1066 310 1095 tardior,
333 1072 440 1098 semper
460 1065 565 1091 disci-re
584 1065 697 1099 cupiens
721 1069 748 1091 et
772 1064 903 1099 rogitans,
928 1064 976 1091 sed

189 1114 279 1139 Omnia
295 1112 488 1145 propemodum
507 1112 644 1144 ignorans.
663 1116 715 1138 etc.

226 1157 308 1188 Zeno,
332 1158 410 1188 alius,
445 1157 529 1183 Pr0cli
555 1157 681 1191 :rqnalis,
708 1164 805 1191 genere
832 1156 976 1191 Pergame-

187 1211 250 1233 nus.
266 1208 292 1230 et
316 1203 372 1237 ipse
388 1208 483 1229 natura
499 1203 532 1228 ad
554 1202 713 1228 discendum
735 1203 862 1234 tardiore,
887 1203 976 1229 bonus

190 1253 321 1275 tamenet
341 1249 460 1275 morihus
489 1249 655 1282 compositis.
676 1249 740 1276 Uter
765 1257 830 1275 vero
853 1249 976 1282 ipsorum

191 1295 320 1321 Sallustio
345 1303 454 1321 Callrﬂln
471 1302 486 1321 a
509 1294 605 1321 Proclo
636 1294 785 1322 dissidendi
817 1295 976 1329 praebuerit,

187 1342 279 1368 dcere
299 1349 352 1368 non
376 1349 498 1376 possunt.

224 1387 368 1418 Zenohius,
387 1388 519 1421 sophista,
530 1387 575 1422 qui
591 1387 682 1414 Roma:
696 1387 787 1414 docuit
798 1388 848 1414 sub
859 1387 978 1414 Adriano

189 1434 306 1460 Caesare.
321 1433 435 1466 Scripsit
450 1433 639 1467 Compendium
651 1434 847 1468 proverbiorum
870 1433 978 1468 Didymi

189 1484 212 1505 et
228 1478 363 1505 Tlmrrhwi
374 1498 382 1510 ,
394 1478 469 1505 libris
490 1478 537 1504 ΙΙΙ
551 1483 557 1511 (
569 1479 601 1505 57
612 1479 631 1513 ).
650 1478 715 1517 Ιιωη
730 1479 822 1506 Gra'ce
845 1478 979 1512 Interpreo

188 1525 313 1551 tationem
323 1525 494 1550 historiarum
516 1524 650 1558 Sallustii,
665 1525 788 1551 historici
815 1524 930 1551 Ilontnni
953 1528 979 1551 et

187 1571 273 1605 ipsius
298 1570 447 1602 bellorum;
471 1569 668 1597 Genet/iliacum
689 1570 715 1596 in
742 1570 889 1597 Adriuuum
916 1569 977 1597 Ca:-

185 1625 283 1648 aarem,
309 1621 336 1643 et
358 1617 421 1643 alia.

221 1661 391 1694 Zenodotus,
422 1662 638 1693 Alexandrinus,
674 1663 867 1695 grammaticus
899 1663 914 1687 6
949 1663 978 1688 ὲν

185 1705 262 1732 ἄστει
275 1711 396 1732 vocatus.
425 1706 555 1740 Scripsit,
574 1707 704 1732 Adversus
721 1715 753 1733 ea
773 1715 831 1740 qua:
858 1707 979 1732 Aristar-

185 1751 249 1777 chus
272 1756 299 1777 ut
327 1751 417 1784 spuria
452 1751 480 1777 in
506 1751 618 1777 Homero
634 1751 742 1785 rejecil;
768 1751 897 1778 Aduersus
914 1751 980 1778 Pla-

186 1801 273 1823 tonem
297 1797 328 1823 de
354 1796 423 1827 diis;
444 1795 481 1822 De
507 1796 648 1823 Homerica
668 1797 872 1830 consuetudine;
899 1797 979 1824 Solu-

187 1843 270 1869 tiones
316 1842 514 1869 Homericarum
558 1843 771 1876 dubitationum;
805 1844 838 1871 In
865 1844 975 1872 Hesiodi

188 1887 375 1921 Theogoniam.
394 1894 421 1915 et
448 1889 499 1916 alia
524 1890 620 1916 multa.

223 1932 396 1964 Zeuodotus,
428 1933 580 1968 Ephesius,
603 1939 680 1969 poeta
708 1936 800 1970 epieus
829 1941 855 1963 et
883 1945 974 1972 gram-

187 1979 314 2009 maticus.
338 1979 448 2006 Philotae
473 1980 632 2014 discipulus.
659 1980 731 2008 Vixit
755 1982 805 2008 sub
828 1983 972 2010 Ptolemaro

187 2025 285 2059 primo,
301 2029 328 2051 et
349 2025 452 2059 primus
475 2025 527 2052 fuit
541 2025 649 2052 llomeri
675 2033 821 2055 corrector.
839 2028 885 2062 (V.
902 2029 974 2056 Κυδ-

187 2069 238 2095 teri
263 2074 321 2096 not.
347 2069 372 2102 Ι,
387 2074 459 2101 tom,
485 2070 523 2102 II,
547 2078 610 2105 pag.
632 2071 670 2105 8.)
691 2071 762 2098 Idem
788 2073 978 2103 Alexandrinis

185 2114 294 2149 pra-fuit
313 2115 485 2144 bibliothecis
509 2120 535 2143 et
556 2116 694 2144 Ptolemaei
725 2118 826 2146 liberos
851 2119 978 2148 instituit.

220 2160 384 2194 Zeuxippus.
411 2161 622 2195 Christodorus,
650 2163 777 2191 heroicus
802 2170 898 2199 poeta,
913 2167 980 2193 scri-

185 2205 240 2238 psit
261 2205 414 2239 Ecphrasin
439 2211 593 2235 statuarum
618 2207 758 2244 Zeuxippi.
774 2209 866 2245 (Libro
889 2219 905 2239 v
923 2212 980 2239 Au-

344 2283 454 2322 Kuster.
472 2289 529 2312 not.
544 2285 571 2317 7,
589 2289 653 2312 tom.
672 2285 703 2322 lI,
725 2295 784 2322 pag.
803 2287 829 2315 7.
848 2289 882 2314 Η.

221 2317 276 2351 (58)
293 2317 352 2345 Non
380 2319 466 2354 magis
499 2327 593 2347 verum
615 2322 667 2348 hoc
690 2317 741 2350 fuit
759 2317 853 2350 Βιιίἀιη
882 2329 972 2358 zelate,

1026 291 1139 318 Kuster.
1161 296 1219 318 not.
1235 291 1263 322 6.
1278 291 1295 318 l.
1312 299 1336 318 c.
1356 299 1383 325 p.
1401 290 1442 325 8.)

1062 337 1180 369 Zeuxis,
1198 344 1279 371 quem
1304 337 1462 363 Aristoteles
1492 336 1621 363 Isocratis
1636 340 1761 370 tempore
1787 338 1824 370 pi-

1027 387 1133 411 ctorem
1150 383 1235 410 fuisse
1251 383 1348 414 tradit,
1365 383 1391 408 in
1407 382 1518 408 Veneris
1531 382 1633 415 templo
1648 382 1822 415 Cupidinem,

1027 429 1239 464 pulcherrimum
1265 429 1334 454 rosis
1356 433 1526 458 coronatum,
1550 428 1651 462 pinxit.

1063 475 1148 509 Ζῆσαι
1169 474 1220 506 δὶς,
1239 474 1277 500 bis
1298 473 1392 499 vixisse
1415 477 1441 499 et
1459 473 1590 500 revixisse
1603 472 1702 499 dicunt
1720 472 1823 499 Hert-n-

1026 519 1091 549 lem,
1107 518 1280 555 Tyndareum
1301 523 1327 545 et
1342 518 1493 545 Glaucum:
1513 519 1622 552 quidam
1643 519 1727 545 etiam
1747 518 1824 545 ᾸΞεο-

1028 571 1107 599 pum.

1064 608 1157 635 Zoilus
1179 615 1212 634 ex
1234 607 1400 642 Amphipoli,
1424 606 1588 634 Macedonia:
1609 607 1734 636 civitate.
1767 616 1824 642 qua:

1028 654 1093 680 olim
1107 654 1255 680 vocabatur
1274 653 1368 679 Ἐννέα
1381 652 1448 684 ὁδοί,
1464 652 1521 679 sive
1539 660 1627 679 novem
1645 654 1707 684 viiz,
1724 661 1823 685 cogno-

1028 699 1149 725 minatus
1175 697 1405 729 Homeromastix,
1430 698 1502 731 quod
1535 697 1683 724 IIomerum
1717 700 1823 725 ιιι-[Μιτ-

1029 748 1081 773 ret.
1107 747 1272 778 quapropter
1293 742 1426 778 Olympiae
1451 743 1534 775 cives,
1564 743 1650 777 ipsum
1678 745 1822 777 persecuti,

1031 789 1064 816 de
1080 788 1213 815 Scironiis
1232 789 1305 815 saxis
1334 789 1547 823 praecipitarunt.
1580 788 1642 815 Fuit
1678 790 1771 816 rhetor
1799 796 1822 816 et

1030 835 1220 870 philosophus.
1241 834 1355 868 Scripsit
1379 838 1406 861 et
1428 834 1551 869 quaadam
1579 837 1771 868 grammatica.
1797 841 1823 862 It

1029 881 1128 907 Contra
1148 880 1255 907 Homeri
1267 882 1355 914 poesin
1373 880 1453 907 libros
1470 880 1512 907 IX
1528 890 1536 913 ;
1556 881 1702 907 Historiam
1723 891 1739 907 a
1760 882 1823 908 The-

1000 920 1020 947 Β
1034 927 1112 961 gonia
1135 934 1215 961 usque
1242 926 1276 952 ad
1304 926 1422 960 Philippi
1448 932 1577 958 mortem;
1599 926 1683 953 libros
1705 927 1767 956 III.
1790 927 1823 954 De

1028 971 1188 1006 Amphipoli.
1206 971 1270 998 Item
1287 971 1387 998 Contra
1412 971 1576 1003 Isocratem,
1594 978 1741 1002 oratorem,
1759 974 1822 999 alia-

1027 1025 1080 1052 que
1103 1018 1227 1052 pluriuta.
1247 1019 1274 1044 in
1297 1018 1398 1052 quibus
1421 1018 1474 1045 fuit
1501 1024 1527 1046 et
1551 1018 1659 1045 Homeri
1686 1018 1818 1051 Vitupera-

1029 1065 1076 1090 tio.

1063 1109 1176 1137 Zonmns
1204 1110 1314 1144 scripsit
1342 1110 1490 1136 amatorias
1519 1110 1820 1144 epistolas,eldeludo

1027 1155 1098 1189 pilae.
1115 1156 1351 1183 Circumferuntur
1377 1161 1404 1182 et
1433 1157 1492 1183 alios
1511 1157 1571 1190 ejus
1596 1157 1718 1190 epistolis
1744 1158 1822 1183 rusti-

1027 1209 1116 1234 canae;
1130 1202 1175 1228 sed
1192 1203 1227 1228 ab
1239 1202 1325 1236 ipsius
1340 1203 1409 1236 stylo
1425 1202 1566 1228 recedunt.

1063 1247 1234 1279 Zoroastres,
1265 1247 1457 1279 Persomedus,
1493 1252 1608 1275 czeteros
1649 1253 1820 1275 astmnomos

1028 1294 1159 1327 sapientia
1192 1302 1325 1328 superans
1355 1299 1382 1321 et
1413 1295 1517 1328 primus
1548 1298 1644 1321 auctor
1683 1295 1819 1329 Magorum

1028 1340 1160 1372 nominis,
1177 1340 1247 1374 apud
1265 1340 1339 1374 ipsos
1356 1341 1467 1373 recepti.
1484 1339 1546 1366 Fuit
1562 1340 1642 1366 annis
1663 1341 1818 1374 quingentis

1029 1391 1091 1413 ante
1109 1386 1207 1413 bellum
1223 1386 1383 1420 Trojanum.
1399 1386 1640 1415 Circumferuntur
1658 1387 1719 1420 ejus
1735 1386 1817 1412 libelli

1029 1437 1144 1467 quatuor
1154 1432 1185 1458 de
1206 1437 1318 1463 natura;
1339 1432 1372 1458 de
1386 1433 1509 1466 pretiosis
1524 1432 1635 1463 lapillis,
1648 1441 1732 1463 unus;
1753 1440 1820 1466 prir-

1030 1478 1332 1511 dictionea’sttllarum;
1349 1479 1626 1511 apolelesmalicorum
1643 1479 1706 1504 libri
1731 1478 1762 1504 γ.

1067 1523 1235 1556 Zoroastres,
1249 1529 1426 1550 astronomus
1437 1523 1488 1550 sub
1509 1523 1591 1553 Nino,
1611 1531 1674 1557 rege
1696 1524 1821 1558 Assyrio-

1031 1577 1102 1602 rum,
1119 1569 1165 1604 qui
1200 1570 1314 1604 optavit,
1343 1573 1373 1595 ut
1406 1569 1468 1603 igne
1494 1569 1598 1595 caelesti
1629 1569 1820 1604 conﬂagraret,

1030 1619 1189 1650 monultque
1217 1616 1356 1650 Assyrios,
1384 1620 1411 1641 ut
1437 1615 1542 1642 cineres
1569 1623 1634 1642 suos
1659 1622 1818 1648 servari-nt;

1027 1661 1066 1687 sic
1082 1661 1153 1687 enim
1170 1661 1228 1687 fore
1247 1666 1277 1688 ut
1293 1668 1376 1694 regno
1394 1668 1534 1694 nunquam
1558 1661 1729 1693 exciderent,
1747 1662 1818 1696 quod

1027 1707 1108 1733 etiam
1124 1714 1195 1733 nunc
1208 1706 1266 1741 (58)
1284 1707 1353 1740 apud
1368 1707 1442 1740 ipsos
1454 1707 1628 1733 observatur:

1068 1751 1273 1780 Zoromasdres.
1290 1751 1435 1778 Chaldaeus
1447 1751 1566 1783 sapiens,
1582 1751 1695 1785 scripsit
1710 1752 1817 1779 mathe-

1029 1797 1128 1823 matica
1143 1801 1170 1823 et
1185 1797 1306 1832 physica.

1065 1842 1208 1875 Zosimus,
1233 1843 1453 1875 Alexandrinus,
1488 1843 1680 1878 philosophus,
1712 1844 1818 1879 scripsit

1029 1889 1200 1924 Chymeutica
1215 1889 1248 1916 ad
1275 1889 1467 1921 Theosebiam,
1485 1897 1620 1922 sororem,
1639 1890 1722 1923 idque
1737 1898 1814 1924 opus.

1028 1936 1122 1962 ordine
1147 1936 1318 1970 alpbalietieo
1346 1937 1488 1970 scriptum,
1513 1936 1590 1962 libris
1618 1935 1819 1966 XXVlll,con-

1027 1985 1090 2009 stat.
1107 1982 1126 2007 Α
1144 1981 1308 2016 quibusdam
1324 1982 1350 2009 id
1367 1982 1526 2009 inscribitur
1549 1983 1734 2017 χειρόκμητα,
1753 1983 1816 2010 Item

1037 2027 1125 2055 Vitam
1139 2027 1273 2056 Plutonia.
1757 2024 1771 2030 Α

1069 2075 1206 2107 Zosimus,
1243 2075 1357 2103 Gaurus
1395 2076 1438 2102 vel
1465 2075 1656 2107 Asealonites,
1685 2077 1817 2111 sophista.

1029 2122 1195 2156 temporibus
1210 2121 1275 2156 imp.
1291 2122 1440 2149 Anastasii.
1460 2122 1576 2155 Scripsit
1593 2122 1696 2148 lexicon
1728 2124 1816 2148 rheto~

1030 2169 1123 2202 ricam,
1145 2174 1168 2194 et
1192 2168 1412 2195 commentarium
1439 2169 1465 2194 in
1489 2167 1691 2194 Demosthenen:
1717 2173 1742 2194 et
1772 2167 1818 2203 Lg-

1029 2221 1106 2240 nam.

1027 2298 1108 2327 quam
1125 2291 1312 2323 Zoroastreos.
1329 2298 1399 2327 quos
1414 2295 1551 2320 memorat
1560 2291 1645 2319 libros
1663 2296 1729 2319 tunc
1744 2292 1814 2327 apud

1027 2325 1136 2354 Graecus
1154 2327 1333 2362 superfuisse.

227 2407 1791 2426 Ἢ

645 2499 868 2555 INDEX
911 2501 1373 2559 SCRIPTORUM

328 2607 355 2637 Α
377 2606 493 2638 SUIDA
515 2607 803 2647 LAUDATORUM,
826 2610 1054 2641 NONNULLIS
1077 2611 1191 2643 LOCIS
1219 2612 1473 2644 KUSTERIANO
1490 2614 1679 2646 PLENIOR.

560 2721 582 2747 A

181 2765 307 2794 Aeacius.
324 2765 457 2798 sophista.
475 2773 500 2792 ν.
517 2764 654 2796 Λιϐἀνιος.

182 2808 283 2836 Aeaeii.
297 2807 428 2836 Caesareae
447 2809 578 2844 episcopi,
594 2809 664 2838 liber
677 2809 712 2838 de
724 2810 878 2840 orthodoxa
899 2812 963 2842 ﬁde.

261 2857 424 2890 Ὶοὸινιανός.

183 2902 308 2929 Achazus.

985 2729 1008 2756 Ι)

1063 2728 1107 2754 Ἐν
1123 2728 1212 2762 Ἴριδι.
1230 2735 1256 2754 ν.
1274 2727 1342 2759 Βοῦς
1357 2727 1484 2762 ἒὸδομος.

1062 2773 1106 2798 Ἐν
1117 2773 1155 2807 τῷ
1171 2773 1331 2808 Φιλοκτήτῃ.
1351 2782 1376 2801 v.
1397 2773 1518 2800 Ἐλελεῦ.

1019 2819 1138 2846 Acusilai
1158 2819 1259 2854 scripta
1281 2820 1465 2854 supposititia.
1503 2820 1659 2851 Ἐκιταῖος.
1692 2819 1802 2855 Ἰστορῆ-

1093 2871 1148 2890 σαι.

1022 2909 1156 2936 Ᾱίϋθιιυς.
1178 2917 1203 2937 v.
1227 2910 1385 2946 ‘AG‘AqZpév.
1410 2910 1529 2945 “6923;.
1544 2911 1669 2945 ’Ayizzt.
1693 2909 1802 2944 Ἃγονὶι.
