4142 6444
2054 427 2059 428 ν
2126 427 2201 430 ,ην
2334 427 2403 429 --
2505 427 2540 428 η
2601 427 3751 434 νη*κῂᾑήηῄ-

1482 597 1949 656 SANCTISSlMO
2001 599 2284 659 DOMINO
2326 599 2610 660 NOSTRO

765 847 1511 975 BENEDICTO
1608 851 1881 974 XIII
1967 851 2653 981 PONTIFICI
2757 858 3314 988 MAXIMO

548 1146 910 1208 ANNIBAL
957 1147 1217 1209 TlTULl
1254 1147 1528 1209 SANCTI
1573 1148 2018 1212 CLEMENTIS
2059 1149 2526 1215 PRESBYTER
2567 1154 3054 1220 CARDINALIS
3099 1159 3478 1223 ALBANUS

969 1352 1022 1398 8.
1069 1353 1127 1397 Β.
1175 1355 1233 1399 Ε.
1277 1353 1687 1419 αΑκειιΔιιιυε,
1734 1355 1809 1400 ET
1864 1355 2151 1404 BASILICE
2181 1358 2500 1404 νΑΤιοΑΝλΕ
2544 1359 2605 1404 ΔΙ

1464 1353 1687 1419 ιΔιιιυε,
1734 1355 1809 1400 ET
1864 1355 2151 1404 BASILICE
2181 1358 2500 1404 νΑΤιοΑΝλΕ
2544 1359 3100 1427 ABCHIPRESBYTER,

1570 1519 1958 1578 PERENNEM
1997 1521 2510 1580 FELICITATEM.

397 1901 789 1983 Basilianum
839 1899 1287 1983 Menologium,
1321 1899 1528 1983 cujus
1560 1901 1832 1983 alterum
1891 1908 2253 1963 semestrem
2315 1910 2557 1983 partem
2609 1906 2894 1966 Clemens
2945 1907 3307 1968 undecimus
3375 1909 3744 1972 Sanctitatis

320 1983 472 2069 'l‘ua
528 1982 854 2069 dece_ssor_
886 1981 948 2069 in
997 1982 1152 2069 ipso_
1192 1981 1631 2069 adolescentia
1684 1981 1835 2069 flore
1894 2001 1969 2043 ex
2035 1985 2258 2069 ,Graco
2306 1981 2726 2069 vetustissimo
2776 1987 2990 2069 codice
3060 1990 3424 2048 monasterii
3484 1992 3736 2069 Grypta

323 2063 602 2150 Ferrata
651 2061 1039 2150 descriptam
1097 2062 1176 2122 ab
1240 2061 1497 2150 interitu
1573 2063 1956 2150 vindicatam
2031 2065 2374 2150 Latinitate
2433 2067 2798 2150 donaverat,
2861 2067 3004 2150 tuis,
3041 2070 3438 2150 _BEAT1$SIME
3497 2061 3728 2150 Parca,

325 2143 622 2226 auspiciis
677 2144 742 2204 in
805 2143 1126 2226 publicam
1206 2142 1598 2226 eruditorum
1645 2143 1986 2226 hominum
2022 2225 2031 2226 ί
2067 2145 2398 2206 utilitatem
2477 2142 2833 2224 evulgatur.
2906 2149 2979 2206 Et
3031 2147 3172 2226 jure
3231 2149 3486 2226 quidem
3547 2142 3736 2211 meri;

327 2229 541 2302 teque.
593 2224 736 2303 Ipsa
786 2223 957 2285 enim
1004 2228 1370 2305 sanctorum
1428 2225 1585 2305 Acta
1641 2223 1704 2282 in
1765 2225 1978 2302 magni
2016 2225 2419 2303 imperatoris
2473 2223 2654 2287 usum
2699 2226 2834 2305 jam
2884 2223 3360 2303 ulim'collecta,
3409 2236 3585 2290 tuum
3617 2231 3738 2291 sibi

325 2323 558 2388 nomen
617 2305 1034 2388 prascribere
1090 2303 1387 2380 gestiunt,
1430 2303 2056 2388 Atibiquehgratulari
2119 2307 2433 2388 videntur,
2497 2308 2665 2386 quod
2706 2303 3017 2368 summus
3073 2308 3366 2370 Ecclesia
3440 2311 3740 2388 magister

321 2403 412 2467 ex
461 2385 582 2445 hac
630 2383 1026 2467 innocentia
1100 2401 1175 2444 ac
1245 2383 1598 2467 sanctitatis
1675 2384 2416 2467 disciplinaprodieris:
2481 2383 2776 2467 quodque
2843 2389 2924 2449 ab
2980 2388 3236 2450 ineunte
3292 2396 3475 2451 atate
3536 2383 3732 2452 sacris

325 2464 890 2550 rebusuaddictus,
952 2464 1152 2550 iisque
1208 2465 1572 2550 exercendis
1633 2469 1762 2550 toto
1820 2466 2129 2550 {erevita
2183 2468 2388 2550 spatio
2450 2464 2815 2550 occupatus,
2888 2469 3052 2529 inter
3101 2471 3413 2531 maximas
3472 2478 3730 2550 aposto-

325 2545 464 2606 lica
497 2545 818 2628 dignitatis
867 2564 1049 2628 curas
1110 2545 1273 2628 hanc
1323 2545 1643 2628 pracipuo
1703 2546 1841 2607 loco
1876 2546 2132 2621 habeas,
2193 2549 2478 2627 aliosque
2538 2545 2770 2610 habere
2821 2557 3134 2628 peroptes,
3203 2557 3268 2610 ut
3326 2545 3534 2611 sacra'
3571 2553 3731 2613 anti-

325 2627 585 2708 quitatis
635 2625 1090 2708 cognoscenda
1148 2625 1666 2708 illustrandaque
1716 2628 1992 2687 studium
2049 2629 2111 2687 in
2147 2628 2279 2690 dies
2331 2625 2658 2706 augeatur.
2734 2625 2948 2708 Neque
2980 2625 3149 2690 _vero
3220 2649 3369 2692 casu
3430 2632 3732 2694 accidisse

324 2705 638 2785 existimo,
698 2705 770 2769 ut
823 2725 980 2786 opus
1033 2705 1409 2784 jamdudum
1477 2706 1858 2780 absolutum,
1921 2709 2226 2787 preloque
2312 2705 2526 2768 multis
2590 2717 2735 2770 ante
2810 2705 2992 2770 annis
3069 2711 3474 2785 destinatum,
3560 2732 3728 2774 nunc

322 2787 582 2872 tandem
636 2790 803 2868 typis
860 2787 1317 2872 Urbinatibus,_
1379 2805 1536 2872 quos
1593 2807 1839 2872 summa
1898 2789 2332 2849 beneficientia
2383 2790 2749 2872 complexus
2797 2808 2882 2860 es,
2935 2792 2999 2850 in
3056 2792 3257 2852 lucem
3309 2793 3562 2872 prodire
3619 2813 3729 2872 po-

327 2868 520 2949 tuerit
576 2867 721 2929 cum
773 2867 1412 2949 octogspectatissimi
1473 2868 1762 2949 Ecclesia
1816 2877 2046 2929 nostrae
2083 2872 2376 2930 Romana
2448 2867 2710 2948 alumni,
2765 2871 3101 2932 virtutibus
3158 2867 3348 2949 atque
3409 2867 3727 2934 miraculis

324 2948 628 3026 insignes,
688 2947 1152 3028 sapientissimo
1217 2947 1633 3008 Beatitudinis
1689 2952 1841 3010 Tua
1891 2949 2132 3028 judicio
2186 2950 2251 3009 in
2309 2947 2699 3012 sanctorum,
2748 2969 3052 3013 canonem
3108 2947 3290 3013 relati
3341 2959 3508 3014 sunt.
3595 2957 3729 3016 Hoc

323 3029 493 3089 enim
571 3033 858 3113 Gracam
915 3029 1260 3113 Ecclesiam
1333 3028 1618 3113 decebat,
1694 3035 1792 3113 ut,
1839 3037 2105 3091 matrem
2163 3031 2294 3091 filia
2351 3039 2756 3113 sequeretur;
2839 3051 3107 3113 quaque
3178 3052 3376 3094 novos
3452 3041 3725 3113 sanctos,

321 3128 483 3188 quos
513 3112 810 3187 proferat,
868 3129 997 3170 non
1048 3109 1264 3184 habet,
1325 3109 1622 3189 antiquos
1706 3109 1930 3171 saltem
1989 3129 2065 3172 ex
2136 3117 2268 3172 toto
2337 3112 2592 3173 Oriente
2647 3113 2712 3173 in
2789 3109 3023 3174 unum'
3061 3114 3356 3175 volumen
3431 3109 3730 3176 collectos

324 3190 681 3274 exhiberet,
732 3191 1049 3274 simulque
1106 3194 1464 3270 testaretur,
1524 3190 1946 3252 feracissimas
1997 3191 2608 3274 fuisseisauctornm
2667 3193 2872 3255 omnis
2931 3194 3158 3268 atatis,
3209 3193 3469 3273 ordinis,
3533 3202 3728 3274 atque

326 3271 709 3353 conditionis
765 3271 1106 3353 orientales
1190 3277 1410 3344 terras,
1466 3288 1614 3353 cum
1691 3275 1974 3333 Romano
2047 3272 2327 3351 pontiﬁci
2411 3280 2725 3352 parerent,
2787 3293 3023 3353 perque
3080 3277 3402 3353 Operatios
3451 3271 3725 3338 idoneos

329 3351 708 3413 colerentur.
786 3352 922 3424 Quo
981 3351 1175 3430 igitur
1241 3351 1617 3431 patrocinio,
1677 3353 2068 3414 sanctissime
2152 3357 2360 3426 Pater,
2414 3351 2616 3414 ’hanc
2697 3351 3302 3430 exspectatissi‘mam
3379 3356 3721 3417 editionem

326 3431 768 3510 complectere,
831 3433 896 3492 in
954 3451 1078 3510 qua
1133 3431 1281 3492 dum
1367 3431 1712 3493 decessoris
1782 3435 1872 3494 tui
1947 3433 2286 3494 Clementis
2349 3435 2660 3495 undecimi
2740 3435 2975 3512 primos
3049 3436 3401 3495 studiorum
3480 3439 3720 3497 fructus

325 3512 564 3591 publici
613 3513 776 3592 juris
825 3513 1114 3586 facimus,
1171 3519 1280 3573 tua
1330 3513 1517 3591 plane
1575 3513 1784 3573 studia
1842 3522 2390 3593 reprascntamus,
2451 3516 2560 3592 qui
2615 3534 2652 3574 a
2705 3533 2899 3592 puero
2958 3515 3279 3593 religionis
3338 3517 3724 3576 litterarum-

323 3611 450 3671 que
504 3593 1055 3654 exercitationibus
1113 3593 1395 3654 animum
1475 3593 1859 3672 applicuisti.
1916 3597 2046 3654 Hoc
2103 3595 2363 3672 insuper
2437 3595 2636 3654 enixis
2693 3595 3084 3674 assiduisque
3163 3597 3454 3674 precibus
3521 3599 3724 3656 Deum

327 3674 645 3755 Optimum
703 3674 1040 3734 Maximum
1104 3693 1422 3752 rogamus,
1489 3683 1558 3733 ut
1621 3677 1985 3734 Graecorum
2062 3675 2403 3735 Ecclesium
2455 3694 2596 3734 cum
2678 3679 2966 3737 Romana
3036 3684 3233 3736 matre
3298 3695 3412 3737 sua
3464 3677 3729 3755 conjun-

326 3771 502 3829 gens,
560 3754 624 3814 in
672 3773 815 3816 eum
895 3761 1129 3815 statum
1206 3755 1546 3814 Benedicto
1629 3755 1764 3814 XIII
1825 3755 2122 3834 pontifice
2208 3755 2482 3817 maximo
2557 3756 2731 3816 illam
2821 3757 3128 3832 restituat,
3213 3757 3319 3834 qui
3387 3754 3730 3819 Benedicto

323 3835 594 3916 septimo
649 3835 906 3897 sedente
954 3842 1086 3895 tum
1162 3840 1319 3916 erat,
1409 3854 1553 3895 cum
1628 3835 1896 3897 Basilius
1952 3834 2538 3915 Porphyrogcnitus
2604 3837 2950 3916 imperator
3044 3838 3470 3916 Menologium
3551 3837 3719 3899 istud

313 3913 595 3976 insuum
627 3935 807 3978 usum
835 3915 1321 3978 describendum
1357 3916 1622 3977 curavit.

2467 4139 2662 4153 _—*

1435 4267 1918 4327 TYPOGRAPHUS
1949 4268 2243 4325 CANDIDO
2279 4270 2561 4327 LECTORI
2591 4272 2632 4326 ‘.

389 4420 771 4491 chologium
800 4420 998 4477 Basilii
1049 4420 1519 4492 Porphyrogeniti
1568 4421 1926 4492 imperatoris
1979 4422 2136 4493 jussu
2171 4422 2538 4494 descriptum.
2575 4423 2852 4495 pictisque
2882 4430 3212 4479 sanctorum
3261 4422 3611 4493 imaginibus
3641 4439 3738 4478 or-

315 4518 541 4580 natum,
583 4527 692 4581 qua
744 4517 902 4581 parte
950 4511 1098 4566 vices
1145 4519 1485 4582 temporum,
1521 4510 1794 4566 barbaria
1824 4512 2169 4583 neglectum,
2209 4516 2265 4567 et
2295 4514 2622 4568 communia
2671 4513 2940 4568 librorum
2976 4513 3086 4566 fata
3115 4513 3291 4568 vitare
3330 4513 3528 4581 potuit,
3586 4511 3738 4567 Con-

325 4600 706 4670 stantinopoli
739 4600 809 4654 ad
855 4599 1200 4655 Ludovicum
1231 4600 1499 4655 Sfortiam
1546 4599 1854 4656 Mediolani
1902 4601 2102 4656 ducem
2135 4601 2371 4655 allatum
2423 4601 2524 4656 fuit
2558 4602 2802 4657 :deiude
2846 4603 2994 4672 apud
3028 4601 3459 4657 Sfondratorum
3500 4605 3731 4670 gentem

314 4696 628 4756 servatum,
659 4696 773 4744 ela
826 4687 1001 4744 Paulo
1031 4691 1086 4744 S.
1149 4687 1392 4746 Cacilia
1447 4688 1730 4745 Cardinali
1780 4690 2083 4746 Sfondralo
2133 4690 2239 4746 sibi
2298 4691 2449 4746 dono
2507 4692 2725 4759 datum,
2788 4691 2996 4746 Paulus
3051 4690 3100 4743 V
3159 4691 3412 4761 pontifex
3451 4690 3744 4746 maximus

316 4777 678 4834 bibliotheca
713 4777 1044 4850 apostolica
1077 4777 1360 4834 Vaticana
1393 4778 1653 4834 addixit:
1683 4779 1830 4836 idem
1861 4779 2101 4834 summis
2119 4779 2469 4836 eruditorum
2495 4779 2794 4836 hominum
2815 4781 3078 4836 laudibus
3108 4779 3485 4850 celebratum,
3515 4788 3571 4836 et
3595 4779 3740 4835 votis

315 4866 655 4937 expetitum,
688 4882 844 4922 nunc
876 4867 1104 4922 demum
1139 4867 1198 4922 in
1231 4867 1518 4938 publicam
1552 4867 1733 4923 lucem
1775 4868 1982 4939 prodit.

391 4955 673 5012 Dolehant
695 4957 918 5028 quidem
946 4956 1097 5012 docti
1120 4957 1219 5012 viri
1243 4957 1441 5013 tandiu
1466 4957 1639 5013 latere
1664 4959 2194 5028 prastanlissimum
2219 4959 2610 5030 codiccm,quo
2644 4957 2790 5014 nihil
2812 4965 2957 5015 esset
2977 4958 3043 5012 ad
3070 4959 3432 5015 excitandam
3458 4957 3738 5015 Christia-

316 5060 451 5100 nam
484 5043 770 5114 pietatem,
793 5046 859 5098 ad
890 5045 1342 5100 conﬁrmandam
1375 5044 1704 5100 orthodoxa
1748 5045 2041 5116 religionis
2072 5047 2391 5114 veritatem,
2414 5048 2478 5101 ad
2501 5046 2942 5102 ecclesiasticam
2966 5047 3365 5117 antiquitatem
3416 5061 3741 5102 sacrarum-

316 5149 430 5204 que
462 5148 649 5190 rerum
682 5133 977 5189 historiam
1001 5133 1406 5191 illustrandam
1439 5135 1900 5203 conducibilius;
1933 5134 2077 5190 nihil
2099 5136 2345 5206 denique
2370 5145 2561 5192 nostra
2579 5143 2738 5191 atate
2760 5137 2976 5206 gratius
3001 5135 3265 5192 litteratis
3307 5135 3638 5192 hominibus
3668 5134 3742 5189 ad

314 5221 595 5292 ejusmodi
616 5221 808 5276 studia
840 5237 970 5277 cum
1005 5221 1219 5293 insigni
1248 5223 1516 5278 Ecclesia
1547 5239 1836 5295 sacraque
1867 5223 2080 5280 critica
2112 5225 2296 5280 fructu
2330 5225 2586 5280 certatim
2619 5224 3115 5292 incumbentibus,
3153 5224 3457 5282 Enimvero
3496 5222 3737 5280 curiosis

317 5313 542 5383 piisque
568 5327 767 5368 eorum
800 5311 1004 5366 studiis
1034 5311 1365 5368 satisfacere
1396 5316 1683 5384 utcunque
1706 5314 1896 5369 conati
1925 5319 2053 5369 sunt
2086 5314 2155 5370 de
2184 5313 2561 5370 ecclesiastica
2598 5315 2924 5371 Graecorum
2956 5315 3277 5371 eruditione
3303 5316 3517 5386 Optime
3550 5310 3740 5369 meriti

312 5401 423 5457 Leo
445 5399 707 5465 Allatius,
735 5403 793 5455 et
823 5398 1020 5454 Petrus
1050 5400 1352 5455 Arcadius.
1387 5399 1489 5456 Ille
1506 5401 1664 5455 enim
1687 5400 1744 5454 in
1781 5400 2009 5458 Dissert.
2033 5401 2097 5457 de
2118 5402 2280 5457 libris
2294 5401 2697 5458 ecclesiasticis
2721 5402 3110 5476 Graecorum,§
3137 5404 3219 5468 1‘3,
3245 5403 3460 5459 codicis
3485 5407 3733 5466 aetatem,

312 5491 721 5563 praestantiam
755 5487 1157 5560 fortunamque
1187 5490 1396 5561 scripto
1427 5497 1757 5561 persecutus
1813 5497 1918 5546 est.
1968 5493 2249 5548 Arcadius
2277 5509 2409 5547 vero
2437 5493 2700 5548 eumdem
2727 5493 2924 5549 Latine
2956 5494 3138 5559 vertit,
3171 5493 3405 5562 ejusque
3455 5491 3742 5558 interpre-

317 5578 759 5650 tationemapud
796 5578 1222 5635 Ferdinandum
1251 5579 1547 5650 Ughellum
1570 5579 1746 5636 Italiae
1768 5580 1953 5638 Sacra:
1973 5588 2113 5640 tom.
2153 5584 2228 5636 VI
2257 5583 2404 5654 typis
2425 5581 2766 5655 impressam
2791 5582 3054 5651 legimus.
3089 5581 3302 5637 Verum
3324 5580 3565 5634 Allatius
3588 5577 3736 5634 scri-

375 5738 400 5770 ⁹
430 5735 656 5796 Prodiit
684 5734 864 5792 editio
895 5731 1210 5806 Meuologii
1241 5733 1438 5791 Urbini
1470 5735 1890 5805 MDCCXXVII,
1922 5735 1957 5791 3
1993 5735 2100 5793 vol.
2135 5734 2258 5808 £01.,
2289 5735 2434 5795 miro
2467 5743 2729 5808 typorum
2758 5734 3065 5806 splendore
3095 5736 3320 5790 ornata.

643 5853 914 5920 Panos.
959 5851 1072 5916 Gn.
1119 5851 1358 5936 CXVII.
2875 5897 2884 5907 .
3420 5851 3450 5908 1
