  <div class='ocr_page' id='page_1' title='image "/cluster/home/n/w/nwhite01/storage/ocr_20150623/117/coo.31924054870211/015.png"; bbox 0 0 4142 6430; ppageno 0'>
   <div class='ocr_carea' id='block_1_1' title="bbox 401 364 3816 436">
    <p class='ocr_par' dir='ltr' id='par_1_1' title="bbox 401 364 3816 436">
     <span class='ocr_line' id='line_1_1' title="bbox 401 364 3816 436; baseline 0.007 -20"><span class='ocrx_word' id='word_1_1' title='bbox 401 377 470 436; x_wconf 69' lang='grc' dir='ltr'>υ</span> <span class='ocrx_word' id='word_1_2' title='bbox 1583 367 1682 427; x_wconf 91' lang='lat' dir='ltr'><strong>DE</strong></span> <span class='ocrx_word' id='word_1_3' title='bbox 1724 364 2148 429; x_wconf 83' lang='lat' dir='ltr'><strong>BASILIANO</strong></span> <span class='ocrx_word' id='word_1_4' title='bbox 2191 367 2652 433; x_wconf 85' lang='lat' dir='ltr'><strong>MENOLOGIO</strong></span> <span class='ocrx_word' id='word_1_5' title='bbox 3743 367 3816 426; x_wconf 80' lang='lat' dir='ltr'><strong>i2</strong></span> 
     </span>
    </p>
   </div>
   <div class='ocr_carea' id='block_1_2' title="bbox 399 499 3815 580">
    <p class='ocr_par' dir='ltr' id='par_1_2' title="bbox 399 499 3815 580">
     <span class='ocr_line' id='line_1_2' title="bbox 399 499 3815 580; baseline -0.003 -16"><span class='ocrx_word' id='word_1_6' title='bbox 399 510 514 580; x_wconf 83' lang='lat' dir='ltr'><strong>ptis</strong></span> <span class='ocrx_word' id='word_1_7' title='bbox 563 506 682 564; x_wconf 80' lang='lat' dir='ltr'><strong>suis</strong></span> <span class='ocrx_word' id='word_1_8' title='bbox 725 504 978 576; x_wconf 82' lang='lat' dir='ltr'><strong>exposita</strong></span> <span class='ocrx_word' id='word_1_9' title='bbox 1009 501 1222 558; x_wconf 81' lang='lat' dir='ltr'><strong>codicis</strong></span> <span class='ocrx_word' id='word_1_10' title='bbox 1253 501 1501 567; x_wconf 89' lang='lat' dir='ltr'><strong>raritate,</strong></span> <span class='ocrx_word' id='word_1_11' title='bbox 1535 501 1891 556; x_wconf 91' lang='lat' dir='ltr'><strong>curiosorum</strong></span> <span class='ocrx_word' id='word_1_12' title='bbox 1925 501 2268 558; x_wconf 83' lang='lat' dir='ltr'><strong>desiderium</strong></span> <span class='ocrx_word' id='word_1_13' title='bbox 2303 503 2498 572; x_wconf 84' lang='lat' dir='ltr'><strong>auxit;</strong></span> <span class='ocrx_word' id='word_1_14' title='bbox 2529 509 2582 560; x_wconf 90' lang='lat' dir='ltr'><strong>et</strong></span> <span class='ocrx_word' id='word_1_15' title='bbox 2613 501 2831 559; x_wconf 83' lang='lat' dir='ltr'><strong>Arculii</strong></span> <span class='ocrx_word' id='word_1_16' title='bbox 2865 499 3255 572; x_wconf 72' lang='lat' dir='ltr'><strong>interpretatio</strong></span> <span class='ocrx_word' id='word_1_17' title='bbox 3287 499 3434 557; x_wconf 87' lang='lat' dir='ltr'><strong>haud</strong></span> <span class='ocrx_word' id='word_1_18' title='bbox 3465 500 3603 577; x_wconf 79' lang='lat' dir='ltr'><strong>satis</strong></span> <span class='ocrx_word' id='word_1_19' title='bbox 3635 515 3815 557; x_wconf 86' lang='lat' dir='ltr'><strong>accu-</strong></span> 
     </span>
    </p>
   </div>
   <div class='ocr_carea' id='block_1_3' title="bbox 413 588 3816 664">
    <p class='ocr_par' dir='ltr' id='par_1_3' title="bbox 413 588 3816 664">
     <span class='ocr_line' id='line_1_3' title="bbox 413 588 3816 664; baseline -0.003 -10"><span class='ocrx_word' id='word_1_20' title='bbox 413 607 551 664; x_wconf 79' lang='lat' dir='ltr'><strong>rata,</strong></span> <span class='ocrx_word' id='word_1_21' title='bbox 583 596 765 652; x_wconf 85' lang='lat' dir='ltr'><strong>Graeci</strong></span> <span class='ocrx_word' id='word_1_22' title='bbox 798 601 981 650; x_wconf 90' lang='lat' dir='ltr'><strong>textus</strong></span> <span class='ocrx_word' id='word_1_23' title='bbox 1011 593 1402 648; x_wconf 79' lang='lat' dir='ltr'><strong>necessitatem</strong></span> <span class='ocrx_word' id='word_1_24' title='bbox 1438 588 1745 646; x_wconf 87' lang='lat' dir='ltr'><strong>lectoribus</strong></span> <span class='ocrx_word' id='word_1_25' title='bbox 1773 592 2057 658; x_wconf 88' lang='lat' dir='ltr'><strong>ostendit;</strong></span> <span class='ocrx_word' id='word_1_26' title='bbox 2089 593 2146 647; x_wconf 91' lang='lat' dir='ltr'><strong>in</strong></span> <span class='ocrx_word' id='word_1_27' title='bbox 2183 591 2355 663; x_wconf 86' lang='lat' dir='ltr'><strong>hujus</strong></span> <span class='ocrx_word' id='word_1_28' title='bbox 2389 597 2696 663; x_wconf 67' lang='lat' dir='ltr'><strong>praesertim</strong></span> <span class='ocrx_word' id='word_1_29' title='bbox 2723 593 2902 648; x_wconf 76' lang='lat' dir='ltr'><strong>aetatis</strong></span> <span class='ocrx_word' id='word_1_30' title='bbox 2935 598 2987 647; x_wconf 91' lang='lat' dir='ltr'><strong>et</strong></span> <span class='ocrx_word' id='word_1_31' title='bbox 3014 593 3226 649; x_wconf 63' lang='lat' dir='ltr'><strong>criticaa</strong></span> <span class='ocrx_word' id='word_1_32' title='bbox 3251 590 3390 647; x_wconf 89' lang='lat' dir='ltr'><strong>artis</strong></span> <span class='ocrx_word' id='word_1_33' title='bbox 3415 591 3562 658; x_wconf 91' lang='lat' dir='ltr'><strong>luce,</strong></span> <span class='ocrx_word' id='word_1_34' title='bbox 3596 606 3720 661; x_wconf 73' lang='lat' dir='ltr'><strong>quae</strong></span> <span class='ocrx_word' id='word_1_35' title='bbox 3745 606 3816 647; x_wconf 81' lang='lat' dir='ltr'><strong>ex</strong></span> 
     </span>
    </p>
   </div>
   <div class='ocr_carea' id='block_1_4' title="bbox 401 680 3816 756">
    <p class='ocr_par' dir='ltr' id='par_1_4' title="bbox 401 680 3816 756">
     <span class='ocr_line' id='line_1_4' title="bbox 401 680 3816 756; baseline -0.002 -14"><span class='ocrx_word' id='word_1_36' title='bbox 401 684 962 756; x_wconf 84' lang='lat' dir='ltr'><strong>interpretationibus</strong></span> <span class='ocrx_word' id='word_1_37' title='bbox 1007 683 1077 737; x_wconf 90' lang='lat' dir='ltr'><strong>ad</strong></span> <span class='ocrx_word' id='word_1_38' title='bbox 1129 681 1513 736; x_wconf 89' lang='lat' dir='ltr'><strong>consulendos</strong></span> <span class='ocrx_word' id='word_1_39' title='bbox 1560 687 1746 735; x_wconf 88' lang='lat' dir='ltr'><strong>textus</strong></span> <span class='ocrx_word' id='word_1_40' title='bbox 1797 682 1977 751; x_wconf 88' lang='lat' dir='ltr'><strong>magis</strong></span> <span class='ocrx_word' id='word_1_41' title='bbox 2021 683 2374 738; x_wconf 82' lang='lat' dir='ltr'><strong>accenditur.</strong></span> <span class='ocrx_word' id='word_1_42' title='bbox 2410 683 2602 754; x_wconf 86' lang='lat' dir='ltr'><strong>Itaque</strong></span> <span class='ocrx_word' id='word_1_43' title='bbox 2643 681 2954 739; x_wconf 80' lang='lat' dir='ltr'><strong>cardinalis</strong></span> <span class='ocrx_word' id='word_1_44' title='bbox 3005 681 3212 751; x_wconf 81' lang='lat' dir='ltr'><strong>Ioseph</strong></span> <span class='ocrx_word' id='word_1_45' title='bbox 3245 683 3420 736; x_wconf 86' lang='lat' dir='ltr'><strong>Maria</strong></span> <span class='ocrx_word' id='word_1_46' title='bbox 3455 680 3816 748; x_wconf 88' lang='lat' dir='ltr'><strong>Thomasius,</strong></span> 
     </span>
    </p>
   </div>
   <div class='ocr_carea' id='block_1_5' title="bbox 400 769 3817 842">
    <p class='ocr_par' dir='ltr' id='par_1_5' title="bbox 400 769 3817 842">
     <span class='ocr_line' id='line_1_5' title="bbox 400 769 3817 842; baseline -0.003 -9"><span class='ocrx_word' id='word_1_47' title='bbox 400 792 624 833; x_wconf 91' lang='lat' dir='ltr'><strong>morum</strong></span> <span class='ocrx_word' id='word_1_48' title='bbox 646 774 946 829; x_wconf 78' lang='lat' dir='ltr'><strong>sanctitate</strong></span> <span class='ocrx_word' id='word_1_49' title='bbox 969 780 1023 826; x_wconf 92' lang='lat' dir='ltr'><strong>et</strong></span> <span class='ocrx_word' id='word_1_50' title='bbox 1053 787 1216 827; x_wconf 89' lang='lat' dir='ltr'><strong>sacra</strong></span> <span class='ocrx_word' id='word_1_51' title='bbox 1241 771 1566 826; x_wconf 81' lang='lat' dir='ltr'><strong>eruditione</strong></span> <span class='ocrx_word' id='word_1_52' title='bbox 1602 769 2003 840; x_wconf 89' lang='lat' dir='ltr'><strong>celeberimus,</strong></span> <span class='ocrx_word' id='word_1_53' title='bbox 2039 787 2169 826; x_wconf 91' lang='lat' dir='ltr'><strong>cum</strong></span> <span class='ocrx_word' id='word_1_54' title='bbox 2223 771 2342 841; x_wconf 88' lang='lat' dir='ltr'><strong>ejus</strong></span> <span class='ocrx_word' id='word_1_55' title='bbox 2377 773 2627 828; x_wconf 76' lang='lat' dir='ltr'><strong>thesauri</strong></span> <span class='ocrx_word' id='word_1_56' title='bbox 2658 774 2904 842; x_wconf 86' lang='lat' dir='ltr'><strong>pretium</strong></span> <span class='ocrx_word' id='word_1_57' title='bbox 2951 772 3166 841; x_wconf 90' lang='lat' dir='ltr'><strong>optime</strong></span> <span class='ocrx_word' id='word_1_58' title='bbox 3215 776 3430 839; x_wconf 73' lang='lat' dir='ltr'><strong>nosset,</strong></span> <span class='ocrx_word' id='word_1_59' title='bbox 3481 785 3648 824; x_wconf 87' lang='lat' dir='ltr'><strong>curas</strong></span> <span class='ocrx_word' id='word_1_60' title='bbox 3688 785 3817 824; x_wconf 86' lang='lat' dir='ltr'><strong>suas</strong></span> 
     </span>
    </p>
   </div>
   <div class='ocr_carea' id='block_1_6' title="bbox 397 859 3817 934">
    <p class='ocr_par' dir='ltr' id='par_1_6' title="bbox 397 859 3817 934">
     <span class='ocr_line' id='line_1_6' title="bbox 397 859 3817 934; baseline -0.003 -13"><span class='ocrx_word' id='word_1_61' title='bbox 397 869 468 921; x_wconf 88' lang='lat' dir='ltr'><strong>ad</strong></span> <span class='ocrx_word' id='word_1_62' title='bbox 523 866 688 920; x_wconf 92' lang='lat' dir='ltr'><strong>illum</strong></span> <span class='ocrx_word' id='word_1_63' title='bbox 738 863 1093 934; x_wconf 72' lang='lat' dir='ltr'><strong>vulgantium</strong></span> <span class='ocrx_word' id='word_1_64' title='bbox 1156 859 1395 916; x_wconf 89' lang='lat' dir='ltr'><strong>contulit</strong></span> <span class='ocrx_word' id='word_1_65' title='bbox 1455 877 1473 913; x_wconf 94' lang='lat'><strong><em>:</em></strong></span> <span class='ocrx_word' id='word_1_66' title='bbox 1525 859 1675 929; x_wconf 91' lang='lat' dir='ltr'><strong>quod</strong></span> <span class='ocrx_word' id='word_1_67' title='bbox 1723 860 1971 916; x_wconf 85' lang='lat' dir='ltr'><strong>assiduis</strong></span> <span class='ocrx_word' id='word_1_68' title='bbox 2028 861 2171 917; x_wconf 91' lang='lat' dir='ltr'><strong>votis</strong></span> <span class='ocrx_word' id='word_1_69' title='bbox 2228 862 2956 932; x_wconf 82' lang='lat' dir='ltr'><strong>Optaverat;fecissetque,</strong></span> <span class='ocrx_word' id='word_1_70' title='bbox 3018 859 3129 916; x_wconf 87' lang='lat' dir='ltr'><strong>nisi</strong></span> <span class='ocrx_word' id='word_1_71' title='bbox 3191 861 3377 915; x_wconf 91' lang='lat' dir='ltr'><strong>virum</strong></span> <span class='ocrx_word' id='word_1_72' title='bbox 3434 860 3709 914; x_wconf 81' lang='lat' dir='ltr'><strong>eximium</strong></span> <span class='ocrx_word' id='word_1_73' title='bbox 3757 859 3817 912; x_wconf 90' lang='lat' dir='ltr'><strong>in</strong></span> 
     </span>
    </p>
   </div>
   <div class='ocr_carea' id='block_1_7' title="bbox 405 948 3818 1022">
    <p class='ocr_par' dir='ltr' id='par_1_7' title="bbox 405 948 3818 1022">
     <span class='ocr_line' id='line_1_7' title="bbox 405 948 3818 1022; baseline -0.003 -11"><span class='ocrx_word' id='word_1_74' title='bbox 405 956 743 1011; x_wconf 88' lang='lat' dir='ltr'><strong>clericorum</strong></span> <span class='ocrx_word' id='word_1_75' title='bbox 767 951 1114 1022; x_wconf 85' lang='lat' dir='ltr'><strong>regularium</strong></span> <span class='ocrx_word' id='word_1_76' title='bbox 1146 949 1348 1004; x_wconf 86' lang='lat' dir='ltr'><strong>ordine</strong></span> <span class='ocrx_word' id='word_1_77' title='bbox 1380 956 1514 1004; x_wconf 93' lang='lat' dir='ltr'><strong>tunc</strong></span> <span class='ocrx_word' id='word_1_78' title='bbox 1545 952 1835 1020; x_wconf 87' lang='lat' dir='ltr'><strong>agentem,</strong></span> <span class='ocrx_word' id='word_1_79' title='bbox 1884 950 2175 1005; x_wconf 83' lang='lat' dir='ltr'><strong>voluntate</strong></span> <span class='ocrx_word' id='word_1_80' title='bbox 2223 951 2597 1022; x_wconf 89' lang='lat' dir='ltr'><strong>institutoque</strong></span> <span class='ocrx_word' id='word_1_81' title='bbox 2656 967 2982 1022; x_wconf 85' lang='lat' dir='ltr'><strong>pauperem,</strong></span> <span class='ocrx_word' id='word_1_82' title='bbox 3036 950 3428 1020; x_wconf 86' lang='lat' dir='ltr'><strong>impensarum</strong></span> <span class='ocrx_word' id='word_1_83' title='bbox 3487 948 3818 1017; x_wconf 76' lang='lat' dir='ltr'><strong>magnitudo</strong></span> 
     </span>
    </p>
   </div>
   <div class='ocr_carea' id='block_1_8' title="bbox 403 1035 3816 1110">
    <p class='ocr_par' dir='ltr' id='par_1_8' title="bbox 403 1035 3816 1110">
     <span class='ocr_line' id='line_1_8' title="bbox 403 1035 3816 1110; baseline -0.003 -10"><span class='ocrx_word' id='word_1_84' title='bbox 403 1043 788 1100; x_wconf 85' lang='lat' dir='ltr'><strong>deterruisset.</strong></span> <span class='ocrx_word' id='word_1_85' title='bbox 822 1041 1042 1097; x_wconf 85' lang='lat' dir='ltr'><strong>Codicis</strong></span> <span class='ocrx_word' id='word_1_86' title='bbox 1069 1041 1224 1094; x_wconf 88' lang='lat' dir='ltr'><strong>enim</strong></span> <span class='ocrx_word' id='word_1_87' title='bbox 1256 1038 1586 1108; x_wconf 86' lang='lat' dir='ltr'><strong>dignitatem</strong></span> <span class='ocrx_word' id='word_1_88' title='bbox 1611 1054 1784 1108; x_wconf 84' lang='lat' dir='ltr'><strong>snpra</strong></span> <span class='ocrx_word' id='word_1_89' title='bbox 1814 1046 2049 1095; x_wconf 69' lang='lat' dir='ltr'><strong>caeteras</strong></span> <span class='ocrx_word' id='word_1_90' title='bbox 2082 1040 2275 1095; x_wconf 90' lang='lat' dir='ltr'><strong>laudes</strong></span> <span class='ocrx_word' id='word_1_91' title='bbox 2306 1042 2710 1096; x_wconf 77' lang='lat' dir='ltr'><strong>commendant</strong></span> <span class='ocrx_word' id='word_1_92' title='bbox 2747 1040 3184 1110; x_wconf 82' lang='lat' dir='ltr'><strong>quadringentae</strong></span> <span class='ocrx_word' id='word_1_93' title='bbox 3229 1054 3294 1093; x_wconf 89' lang='lat' dir='ltr'><strong>ac</strong></span> <span class='ocrx_word' id='word_1_94' title='bbox 3340 1037 3570 1107; x_wconf 79' lang='lat' dir='ltr'><strong>triginta</strong></span> <span class='ocrx_word' id='word_1_95' title='bbox 3616 1035 3816 1106; x_wconf 90' lang='lat' dir='ltr'><strong>imagi-</strong></span> 
     </span>
    </p>
   </div>
   <div class='ocr_carea' id='block_1_9' title="bbox 402 1127 3812 1200">
    <p class='ocr_par' dir='ltr' id='par_1_9' title="bbox 402 1127 3812 1200">
     <span class='ocr_line' id='line_1_9' title="bbox 402 1127 3812 1200; baseline -0.003 -10"><span class='ocrx_word' id='word_1_96' title='bbox 402 1150 504 1190; x_wconf 90' lang='lat' dir='ltr'><strong>nes</strong></span> <span class='ocrx_word' id='word_1_97' title='bbox 532 1132 601 1188; x_wconf 88' lang='lat' dir='ltr'><strong>ab</strong></span> <span class='ocrx_word' id='word_1_98' title='bbox 633 1132 953 1187; x_wconf 87' lang='lat' dir='ltr'><strong>illustribus</strong></span> <span class='ocrx_word' id='word_1_99' title='bbox 1009 1127 1281 1184; x_wconf 89' lang='lat' dir='ltr'><strong>Basiliani</strong></span> <span class='ocrx_word' id='word_1_100' title='bbox 1334 1127 1435 1182; x_wconf 71' lang='lat' dir='ltr'><strong>aevi</strong></span> <span class='ocrx_word' id='word_1_101' title='bbox 1493 1127 1810 1183; x_wconf 88' lang='lat' dir='ltr'><strong>artificibus</strong></span> <span class='ocrx_word' id='word_1_102' title='bbox 1871 1128 2052 1184; x_wconf 91' lang='lat' dir='ltr'><strong>minio</strong></span> <span class='ocrx_word' id='word_1_103' title='bbox 2107 1130 2365 1198; x_wconf 88' lang='lat' dir='ltr'><strong>depictae,</strong></span> <span class='ocrx_word' id='word_1_104' title='bbox 2427 1145 2554 1200; x_wconf 71' lang='lat' dir='ltr'><strong>quae</strong></span> <span class='ocrx_word' id='word_1_105' title='bbox 2611 1136 2941 1185; x_wconf 82' lang='lat' dir='ltr'><strong>sanctorum</strong></span> <span class='ocrx_word' id='word_1_106' title='bbox 3004 1135 3338 1198; x_wconf 85' lang='lat' dir='ltr'><strong>martyrum,</strong></span> <span class='ocrx_word' id='word_1_107' title='bbox 3401 1127 3812 1194; x_wconf 87' lang='lat' dir='ltr'><strong>confessorum,</strong></span> 
     </span>
    </p>
   </div>
   <div class='ocr_carea' id='block_1_10' title="bbox 405 1217 3814 1289">
    <p class='ocr_par' dir='ltr' id='par_1_10' title="bbox 405 1217 3814 1289">
     <span class='ocr_line' id='line_1_10' title="bbox 405 1217 3814 1289; baseline -0.002 -11"><span class='ocrx_word' id='word_1_108' title='bbox 405 1223 783 1289; x_wconf 85' lang='lat' dir='ltr'><strong>sacerdotum,</strong></span> <span class='ocrx_word' id='word_1_109' title='bbox 818 1218 1256 1286; x_wconf 87' lang='lat' dir='ltr'><strong>monachorum,</strong></span> <span class='ocrx_word' id='word_1_110' title='bbox 1291 1217 1594 1286; x_wconf 74' lang='lat' dir='ltr'><strong>virginum,</strong></span> <span class='ocrx_word' id='word_1_111' title='bbox 1650 1217 1979 1286; x_wconf 87' lang='lat' dir='ltr'><strong>mulierum,</strong></span> <span class='ocrx_word' id='word_1_112' title='bbox 2037 1225 2337 1284; x_wconf 92' lang='lat' dir='ltr'><strong>tortorum,</strong></span> <span class='ocrx_word' id='word_1_113' title='bbox 2389 1227 2785 1288; x_wconf 89' lang='lat' dir='ltr'><strong>tyrannorum,</strong></span> <span class='ocrx_word' id='word_1_114' title='bbox 2829 1219 3108 1289; x_wconf 91' lang='lat' dir='ltr'><strong>judicum,</strong></span> <span class='ocrx_word' id='word_1_115' title='bbox 3154 1226 3364 1286; x_wconf 88' lang='lat' dir='ltr'><strong>vestes,</strong></span> <span class='ocrx_word' id='word_1_116' title='bbox 3417 1233 3596 1282; x_wconf 90' lang='lat' dir='ltr'><strong>arma,</strong></span> <span class='ocrx_word' id='word_1_117' title='bbox 3630 1217 3814 1286; x_wconf 88' lang='lat' dir='ltr'><strong>sedes,</strong></span> 
     </span>
    </p>
   </div>
   <div class='ocr_carea' id='block_1_11' title="bbox 403 1305 3812 1380">
    <p class='ocr_par' dir='ltr' id='par_1_11' title="bbox 403 1305 3812 1380">
     <span class='ocr_line' id='line_1_11' title="bbox 403 1305 3812 1380; baseline -0.002 -12"><span class='ocrx_word' id='word_1_118' title='bbox 403 1321 679 1378; x_wconf 90' lang='lat' dir='ltr'><strong>ornatus;</strong></span> <span class='ocrx_word' id='word_1_119' title='bbox 715 1324 944 1365; x_wconf 88' lang='lat' dir='ltr'><strong>necnon</strong></span> <span class='ocrx_word' id='word_1_120' title='bbox 975 1308 1209 1374; x_wconf 63' lang='lat' dir='ltr'><strong>aedium,</strong></span> <span class='ocrx_word' id='word_1_121' title='bbox 1242 1306 1608 1376; x_wconf 85' lang='lat' dir='ltr'><strong>templorum,</strong></span> <span class='ocrx_word' id='word_1_122' title='bbox 1643 1306 2037 1364; x_wconf 84' lang='lat' dir='ltr'><strong>tribunalium.</strong></span> <span class='ocrx_word' id='word_1_123' title='bbox 2087 1315 2452 1378; x_wconf 78' lang='lat' dir='ltr'><strong>structuram,</strong></span> <span class='ocrx_word' id='word_1_124' title='bbox 2503 1309 2768 1377; x_wconf 90' lang='lat' dir='ltr'><strong>formam,</strong></span> <span class='ocrx_word' id='word_1_125' title='bbox 2816 1317 3177 1380; x_wconf 83' lang='lat' dir='ltr'><strong>apparatum,</strong></span> <span class='ocrx_word' id='word_1_126' title='bbox 3228 1307 3411 1363; x_wconf 88' lang='lat' dir='ltr'><strong>oculis</strong></span> <span class='ocrx_word' id='word_1_127' title='bbox 3471 1305 3748 1361; x_wconf 89' lang='lat' dir='ltr'><strong>exhibent</strong></span> <span class='ocrx_word' id='word_1_128' title='bbox 3799 1320 3812 1360; x_wconf 93' lang='lat'><strong>:</strong></span> 
     </span>
    </p>
   </div>
   <div class='ocr_carea' id='block_1_12' title="bbox 409 1395 2846 1472">
    <p class='ocr_par' dir='ltr' id='par_1_12' title="bbox 409 1395 2846 1472">
     <span class='ocr_line' id='line_1_12' title="bbox 409 1395 2846 1472; baseline -0.002 -16"><span class='ocrx_word' id='word_1_129' title='bbox 409 1402 614 1472; x_wconf 88' lang='lat' dir='ltr'><strong>quibus</strong></span> <span class='ocrx_word' id='word_1_130' title='bbox 635 1416 745 1454; x_wconf 79' lang='lat' dir='ltr'><strong>aere</strong></span> <span class='ocrx_word' id='word_1_131' title='bbox 779 1397 1105 1454; x_wconf 89' lang='lat' dir='ltr'><strong>incidendis</strong></span> <span class='ocrx_word' id='word_1_132' title='bbox 1125 1403 1178 1451; x_wconf 90' lang='lat' dir='ltr'><strong>et</strong></span> <span class='ocrx_word' id='word_1_133' title='bbox 1198 1395 1555 1466; x_wconf 88' lang='lat' dir='ltr'><strong>excipiendis</strong></span> <span class='ocrx_word' id='word_1_134' title='bbox 1589 1411 1699 1451; x_wconf 90' lang='lat' dir='ltr'><strong>non</strong></span> <span class='ocrx_word' id='word_1_135' title='bbox 1727 1397 1950 1452; x_wconf 89' lang='lat' dir='ltr'><strong>modica</strong></span> <span class='ocrx_word' id='word_1_136' title='bbox 1982 1397 2063 1452; x_wconf 92' lang='lat' dir='ltr'><strong>vis</strong></span> <span class='ocrx_word' id='word_1_137' title='bbox 2083 1397 2206 1452; x_wconf 87' lang='lat' dir='ltr'><strong>auri</strong></span> <span class='ocrx_word' id='word_1_138' title='bbox 2231 1398 2421 1452; x_wconf 82' lang='lat' dir='ltr'><strong>fuisset</strong></span> <span class='ocrx_word' id='word_1_139' title='bbox 2444 1398 2846 1468; x_wconf 87' lang='lat' dir='ltr'><strong>impendenda.</strong></span> 
     </span>
    </p>
   </div>
   <div class='ocr_carea' id='block_1_13' title="bbox 479 1485 3817 1558">
    <p class='ocr_par' dir='ltr' id='par_1_13' title="bbox 479 1485 3817 1558">
     <span class='ocr_line' id='line_1_13' title="bbox 479 1485 3817 1558; baseline -0.002 -14"><span class='ocrx_word' id='word_1_140' title='bbox 479 1493 584 1545; x_wconf 87' lang='lat' dir='ltr'><strong>Sed</strong></span> <span class='ocrx_word' id='word_1_141' title='bbox 611 1487 889 1544; x_wconf 87' lang='lat' dir='ltr'><strong>Clementi</strong></span> <span class='ocrx_word' id='word_1_142' title='bbox 918 1486 1019 1555; x_wconf 82' lang='lat' dir='ltr'><strong>XI,</strong></span> <span class='ocrx_word' id='word_1_143' title='bbox 1047 1485 1300 1555; x_wconf 88' lang='lat' dir='ltr'><strong>pontifici</strong></span> <span class='ocrx_word' id='word_1_144' title='bbox 1361 1485 1629 1552; x_wconf 89' lang='lat' dir='ltr'><strong>maximo,</strong></span> <span class='ocrx_word' id='word_1_145' title='bbox 1693 1485 1811 1542; x_wconf 72' lang='lat' dir='ltr'><strong>haec</strong></span> <span class='ocrx_word' id='word_1_146' title='bbox 1857 1487 1983 1542; x_wconf 90' lang='lat' dir='ltr'><strong>laus</strong></span> <span class='ocrx_word' id='word_1_147' title='bbox 2045 1487 2458 1553; x_wconf 87' lang='lat' dir='ltr'><strong>reservabatur,</strong></span> <span class='ocrx_word' id='word_1_148' title='bbox 2512 1497 2567 1542; x_wconf 89' lang='lat' dir='ltr'><strong>ut</strong></span> <span class='ocrx_word' id='word_1_149' title='bbox 2628 1487 2915 1558; x_wconf 87' lang='lat' dir='ltr'><strong>publicam</strong></span> <span class='ocrx_word' id='word_1_150' title='bbox 2950 1503 3066 1542; x_wconf 89' lang='lat' dir='ltr'><strong>rem</strong></span> <span class='ocrx_word' id='word_1_151' title='bbox 3128 1487 3505 1556; x_wconf 74' lang='lat' dir='ltr'><strong>faceret,quaa</strong></span> <span class='ocrx_word' id='word_1_152' title='bbox 3539 1485 3817 1540; x_wconf 88' lang='lat' dir='ltr'><strong>hactenus</strong></span> 
     </span>
    </p>
   </div>
   <div class='ocr_carea' id='block_1_14' title="bbox 405 1573 3815 1648">
    <p class='ocr_par' dir='ltr' id='par_1_14' title="bbox 405 1573 3815 1648">
     <span class='ocr_line' id='line_1_14' title="bbox 405 1573 3815 1648; baseline -0.002 -14"><span class='ocrx_word' id='word_1_153' title='bbox 405 1593 747 1645; x_wconf 85' lang='lat' dir='ltr'><strong>magnorum</strong></span> <span class='ocrx_word' id='word_1_154' title='bbox 805 1575 1135 1648; x_wconf 89' lang='lat' dir='ltr'><strong>principum</strong></span> <span class='ocrx_word' id='word_1_155' title='bbox 1195 1575 1419 1629; x_wconf 80' lang='lat' dir='ltr'><strong>fuerant</strong></span> <span class='ocrx_word' id='word_1_156' title='bbox 1469 1575 1713 1644; x_wconf 87' lang='lat' dir='ltr'><strong>pretiosa</strong></span> <span class='ocrx_word' id='word_1_157' title='bbox 1771 1576 2002 1630; x_wconf 89' lang='lat' dir='ltr'><strong>cimelia</strong></span> <span class='ocrx_word' id='word_1_158' title='bbox 2059 1593 2072 1631; x_wconf 92' lang='lat'><strong>:</strong></span> <span class='ocrx_word' id='word_1_159' title='bbox 2133 1577 2301 1647; x_wconf 86' lang='lat' dir='ltr'><strong>cujus</strong></span> <span class='ocrx_word' id='word_1_160' title='bbox 2355 1577 2710 1646; x_wconf 72' lang='lat' dir='ltr'><strong>providentia</strong></span> <span class='ocrx_word' id='word_1_161' title='bbox 2769 1578 3024 1633; x_wconf 80' lang='lat' dir='ltr'><strong>codicem</strong></span> <span class='ocrx_word' id='word_1_162' title='bbox 3080 1575 3284 1648; x_wconf 87' lang='lat' dir='ltr'><strong>quovis</strong></span> <span class='ocrx_word' id='word_1_163' title='bbox 3340 1589 3478 1629; x_wconf 86' lang='lat' dir='ltr'><strong>auro</strong></span> <span class='ocrx_word' id='word_1_164' title='bbox 3516 1573 3815 1643; x_wconf 75' lang='lat' dir='ltr'><strong>cariorem,</strong></span> 
     </span>
    </p>
   </div>
   <div class='ocr_carea' id='block_1_15' title="bbox 399 1663 3813 1736">
    <p class='ocr_par' dir='ltr' id='par_1_15' title="bbox 399 1663 3813 1736">
     <span class='ocr_line' id='line_1_15' title="bbox 399 1663 3813 1736; baseline -0.002 -13"><span class='ocrx_word' id='word_1_165' title='bbox 399 1675 676 1723; x_wconf 89' lang='lat' dir='ltr'><strong>vetustate</strong></span> <span class='ocrx_word' id='word_1_166' title='bbox 707 1673 894 1722; x_wconf 89' lang='lat' dir='ltr'><strong>tamen</strong></span> <span class='ocrx_word' id='word_1_167' title='bbox 920 1665 1038 1734; x_wconf 89' lang='lat' dir='ltr'><strong>jam</strong></span> <span class='ocrx_word' id='word_1_168' title='bbox 1071 1663 1454 1730; x_wconf 81' lang='lat' dir='ltr'><strong>fatiscentem,</strong></span> <span class='ocrx_word' id='word_1_169' title='bbox 1486 1668 1542 1718; x_wconf 92' lang='lat' dir='ltr'><strong>et</strong></span> <span class='ocrx_word' id='word_1_170' title='bbox 1602 1664 1836 1733; x_wconf 90' lang='lat' dir='ltr'><strong>picturis</strong></span> <span class='ocrx_word' id='word_1_171' title='bbox 1896 1682 2070 1735; x_wconf 90' lang='lat' dir='ltr'><strong>prope</strong></span> <span class='ocrx_word' id='word_1_172' title='bbox 2128 1665 2483 1736; x_wconf 84' lang='lat' dir='ltr'><strong>fugientibus</strong></span> <span class='ocrx_word' id='word_1_173' title='bbox 2540 1665 3020 1734; x_wconf 88' lang='lat' dir='ltr'><strong>obsolescentem,</strong></span> <span class='ocrx_word' id='word_1_174' title='bbox 3073 1667 3134 1721; x_wconf 88' lang='lat' dir='ltr'><strong>in</strong></span> <span class='ocrx_word' id='word_1_175' title='bbox 3186 1664 3496 1734; x_wconf 90' lang='lat' dir='ltr'><strong>pristinum</strong></span> <span class='ocrx_word' id='word_1_176' title='bbox 3547 1671 3813 1718; x_wconf 88' lang='lat' dir='ltr'><strong>ornatum</strong></span> 
     </span>
    </p>
   </div>
   <div class='ocr_carea' id='block_1_16' title="bbox 400 1749 3814 1825">
    <p class='ocr_par' dir='ltr' id='par_1_16' title="bbox 400 1749 3814 1825">
     <span class='ocr_line' id='line_1_16' title="bbox 400 1749 3814 1825; baseline -0.002 -14"><span class='ocrx_word' id='word_1_177' title='bbox 400 1755 871 1825; x_wconf 81' lang='lat' dir='ltr'><strong>reslituit;cujus</strong></span> <span class='ocrx_word' id='word_1_178' title='bbox 902 1751 1226 1821; x_wconf 84' lang='lat' dir='ltr'><strong>sumptibus</strong></span> <span class='ocrx_word' id='word_1_179' title='bbox 1286 1751 1490 1806; x_wconf 72' lang='lat' dir='ltr'><strong>tabulae</strong></span> <span class='ocrx_word' id='word_1_180' title='bbox 1549 1769 1748 1807; x_wconf 91' lang='lat' dir='ltr'><strong>omnes</strong></span> <span class='ocrx_word' id='word_1_181' title='bbox 1801 1762 2052 1824; x_wconf 65' lang='lat' dir='ltr'><strong>exceptas</strong></span> <span class='ocrx_word' id='word_1_182' title='bbox 2110 1754 2368 1824; x_wconf 88' lang='lat' dir='ltr'><strong>fuissent,</strong></span> <span class='ocrx_word' id='word_1_183' title='bbox 2431 1755 2543 1810; x_wconf 90' lang='lat' dir='ltr'><strong>nisi</strong></span> <span class='ocrx_word' id='word_1_184' title='bbox 2604 1772 2754 1811; x_wconf 89' lang='lat' dir='ltr'><strong>mors</strong></span> <span class='ocrx_word' id='word_1_185' title='bbox 2813 1755 3261 1811; x_wconf 79' lang='lat' dir='ltr'><strong>intercessisset.</strong></span> <span class='ocrx_word' id='word_1_186' title='bbox 3314 1751 3586 1808; x_wconf 90' lang='lat' dir='ltr'><strong>Inchoato</strong></span> <span class='ocrx_word' id='word_1_187' title='bbox 3658 1749 3814 1822; x_wconf 84' lang='lat' dir='ltr'><strong>Operi</strong></span> 
     </span>
    </p>
   </div>
   <div class='ocr_carea' id='block_1_17' title="bbox 400 1841 3813 1914">
    <p class='ocr_par' dir='ltr' id='par_1_17' title="bbox 400 1841 3813 1914">
     <span class='ocr_line' id='line_1_17' title="bbox 400 1841 3813 1914; baseline -0.002 -14"><span class='ocrx_word' id='word_1_188' title='bbox 400 1859 724 1914; x_wconf 89' lang='lat' dir='ltr'><strong>supremam</strong></span> <span class='ocrx_word' id='word_1_189' title='bbox 760 1858 995 1897; x_wconf 91' lang='lat' dir='ltr'><strong>manum</strong></span> <span class='ocrx_word' id='word_1_190' title='bbox 1031 1842 1356 1910; x_wconf 89' lang='lat' dir='ltr'><strong>imposuere</strong></span> <span class='ocrx_word' id='word_1_191' title='bbox 1406 1841 1662 1910; x_wconf 88' lang='lat' dir='ltr'><strong>ejusdem</strong></span> <span class='ocrx_word' id='word_1_192' title='bbox 1713 1857 2070 1898; x_wconf 88' lang='lat' dir='ltr'><strong>successores</strong></span> <span class='ocrx_word' id='word_1_193' title='bbox 2121 1844 2511 1908; x_wconf 88' lang='lat' dir='ltr'><strong>Innocentius,</strong></span> <span class='ocrx_word' id='word_1_194' title='bbox 2557 1851 2608 1900; x_wconf 92' lang='lat' dir='ltr'><strong>et</strong></span> <span class='ocrx_word' id='word_1_195' title='bbox 2651 1845 3002 1900; x_wconf 87' lang='lat' dir='ltr'><strong>Benedictus</strong></span> <span class='ocrx_word' id='word_1_196' title='bbox 3047 1843 3190 1914; x_wconf 83' lang='lat' dir='ltr'><strong>XIII,</strong></span> <span class='ocrx_word' id='word_1_197' title='bbox 3240 1857 3481 1914; x_wconf 90' lang='lat' dir='ltr'><strong>quorum</strong></span> <span class='ocrx_word' id='word_1_198' title='bbox 3537 1841 3634 1896; x_wconf 91' lang='lat' dir='ltr'><strong>ille</strong></span> <span class='ocrx_word' id='word_1_199' title='bbox 3677 1841 3813 1894; x_wconf 91' lang='lat' dir='ltr'><strong>dum</strong></span> 
     </span>
    </p>
   </div>
   <div class='ocr_carea' id='block_1_18' title="bbox 398 1928 3816 2004">
    <p class='ocr_par' dir='ltr' id='par_1_18' title="bbox 398 1928 3816 2004">
     <span class='ocr_line' id='line_1_18' title="bbox 398 1928 3816 2004; baseline -0.001 -18"><span class='ocrx_word' id='word_1_200' title='bbox 398 1933 738 2004; x_wconf 88' lang='lat' dir='ltr'><strong>praeclarum</strong></span> <span class='ocrx_word' id='word_1_201' title='bbox 770 1929 1127 2001; x_wconf 87' lang='lat' dir='ltr'><strong>antiquitatis</strong></span> <span class='ocrx_word' id='word_1_202' title='bbox 1165 1930 1583 1985; x_wconf 87' lang='lat' dir='ltr'><strong>monimentum</strong></span> <span class='ocrx_word' id='word_1_203' title='bbox 1620 1931 2022 1988; x_wconf 87' lang='lat' dir='ltr'><strong>munificentia</strong></span> <span class='ocrx_word' id='word_1_204' title='bbox 2049 1949 2148 1988; x_wconf 91' lang='lat' dir='ltr'><strong>sua</strong></span> <span class='ocrx_word' id='word_1_205' title='bbox 2176 1933 2597 2004; x_wconf 90' lang='lat' dir='ltr'><strong>complectitur,</strong></span> <span class='ocrx_word' id='word_1_206' title='bbox 2630 1933 2686 1988; x_wconf 93' lang='lat' dir='ltr'><strong>in</strong></span> <span class='ocrx_word' id='word_1_207' title='bbox 2719 1933 2860 1988; x_wconf 76' lang='lat' dir='ltr'><strong>vivis</strong></span> <span class='ocrx_word' id='word_1_208' title='bbox 2895 1948 3019 1988; x_wconf 83' lang='lat' dir='ltr'><strong>esse</strong></span> <span class='ocrx_word' id='word_1_209' title='bbox 3041 1931 3204 1987; x_wconf 91' lang='lat' dir='ltr'><strong>desiit</strong></span> <span class='ocrx_word' id='word_1_210' title='bbox 3233 1948 3246 2000; x_wconf 92' lang='lat'><strong>;</strong></span> <span class='ocrx_word' id='word_1_211' title='bbox 3283 1930 3375 1985; x_wconf 87' lang='lat' dir='ltr'><strong>hic</strong></span> <span class='ocrx_word' id='word_1_212' title='bbox 3424 1945 3539 1985; x_wconf 90' lang='lat' dir='ltr'><strong>non</strong></span> <span class='ocrx_word' id='word_1_213' title='bbox 3597 1928 3816 1983; x_wconf 89' lang='lat' dir='ltr'><strong>tabulas</strong></span> 
     </span>
    </p>
   </div>
   <div class='ocr_carea' id='block_1_19' title="bbox 401 2017 3815 2093">
    <p class='ocr_par' dir='ltr' id='par_1_19' title="bbox 401 2017 3815 2093">
     <span class='ocr_line' id='line_1_19' title="bbox 401 2017 3815 2093; baseline -0.002 -14"><span class='ocrx_word' id='word_1_214' title='bbox 401 2025 571 2079; x_wconf 91' lang='lat' dir='ltr'><strong>modo</strong></span> <span class='ocrx_word' id='word_1_215' title='bbox 623 2021 879 2092; x_wconf 86' lang='lat' dir='ltr'><strong>perfecit,</strong></span> <span class='ocrx_word' id='word_1_216' title='bbox 964 2021 1064 2076; x_wconf 90' lang='lat' dir='ltr'><strong>sed</strong></span> <span class='ocrx_word' id='word_1_217' title='bbox 1153 2019 1613 2090; x_wconf 82' lang='lat' dir='ltr'><strong>elegantissimos</strong></span> <span class='ocrx_word' id='word_1_218' title='bbox 1688 2022 1860 2078; x_wconf 83' lang='lat' dir='ltr'><strong>etiam</strong></span> <span class='ocrx_word' id='word_1_219' title='bbox 1933 2023 2157 2079; x_wconf 63' lang='lat' dir='ltr'><strong>Graecos</strong></span> <span class='ocrx_word' id='word_1_220' title='bbox 2227 2029 2388 2093; x_wconf 82' lang='lat' dir='ltr'><strong>typos</strong></span> <span class='ocrx_word' id='word_1_221' title='bbox 2471 2023 2541 2078; x_wconf 90' lang='lat' dir='ltr'><strong>ad</strong></span> <span class='ocrx_word' id='word_1_222' title='bbox 2628 2023 3051 2093; x_wconf 89' lang='lat' dir='ltr'><strong>procurandam</strong></span> <span class='ocrx_word' id='word_1_223' title='bbox 3131 2020 3442 2076; x_wconf 89' lang='lat' dir='ltr'><strong>editionem</strong></span> <span class='ocrx_word' id='word_1_224' title='bbox 3504 2017 3815 2073; x_wconf 83' lang='lat' dir='ltr'><strong>liberaliter</strong></span> 
     </span>
    </p>
   </div>
   <div class='ocr_carea' id='block_1_20' title="bbox 400 2111 804 2185">
    <p class='ocr_par' dir='ltr' id='par_1_20' title="bbox 400 2111 804 2185">
     <span class='ocr_line' id='line_1_20' title="bbox 400 2111 804 2185; baseline -0.007 -16"><span class='ocrx_word' id='word_1_225' title='bbox 400 2111 804 2185; x_wconf 88' lang='lat' dir='ltr'><strong>suppeditavit.</strong></span> 
     </span>
    </p>
   </div>
   <div class='ocr_carea' id='block_1_21' title="bbox 477 2196 3812 2271">
    <p class='ocr_par' dir='ltr' id='par_1_21' title="bbox 477 2196 3812 2271">
     <span class='ocr_line' id='line_1_21' title="bbox 477 2196 3812 2271; baseline -0.002 -14"><span class='ocrx_word' id='word_1_226' title='bbox 477 2201 624 2257; x_wconf 89' lang='lat' dir='ltr'><strong>Illud</strong></span> <span class='ocrx_word' id='word_1_227' title='bbox 660 2208 852 2255; x_wconf 89' lang='lat' dir='ltr'><strong>tamen</strong></span> <span class='ocrx_word' id='word_1_228' title='bbox 878 2203 1187 2267; x_wconf 84' lang='lat' dir='ltr'><strong>supererat,</strong></span> <span class='ocrx_word' id='word_1_229' title='bbox 1239 2203 1301 2252; x_wconf 93' lang='lat' dir='ltr'><strong>ut</strong></span> <span class='ocrx_word' id='word_1_230' title='bbox 1337 2196 1572 2266; x_wconf 83' lang='lat' dir='ltr'><strong>jactura</strong></span> <span class='ocrx_word' id='word_1_231' title='bbox 1601 2198 1835 2255; x_wconf 84' lang='lat' dir='ltr'><strong>alterius</strong></span> <span class='ocrx_word' id='word_1_232' title='bbox 1866 2199 2059 2269; x_wconf 87' lang='lat' dir='ltr'><strong>partis,</strong></span> <span class='ocrx_word' id='word_1_233' title='bbox 2093 2215 2216 2271; x_wconf 68' lang='lat' dir='ltr'><strong>quae</strong></span> <span class='ocrx_word' id='word_1_234' title='bbox 2242 2201 2360 2271; x_wconf 84' lang='lat' dir='ltr'><strong>jam</strong></span> <span class='ocrx_word' id='word_1_235' title='bbox 2391 2200 2530 2256; x_wconf 90' lang='lat' dir='ltr'><strong>olim</strong></span> <span class='ocrx_word' id='word_1_236' title='bbox 2563 2201 2767 2257; x_wconf 91' lang='lat' dir='ltr'><strong>misere</strong></span> <span class='ocrx_word' id='word_1_237' title='bbox 2797 2199 3104 2270; x_wconf 88' lang='lat' dir='ltr'><strong>intercidit,</strong></span> <span class='ocrx_word' id='word_1_238' title='bbox 3133 2200 3202 2254; x_wconf 89' lang='lat' dir='ltr'><strong>ad</strong></span> <span class='ocrx_word' id='word_1_239' title='bbox 3232 2197 3620 2269; x_wconf 83' lang='lat' dir='ltr'><strong>integritatem</strong></span> <span class='ocrx_word' id='word_1_240' title='bbox 3647 2202 3812 2266; x_wconf 84' lang='lat' dir='ltr'><strong>cpta-</strong></span> 
     </span>
    </p>
   </div>
   <div class='ocr_carea' id='block_1_22' title="bbox 393 2287 3813 2361">
    <p class='ocr_par' dir='ltr' id='par_1_22' title="bbox 393 2287 3813 2361">
     <span class='ocr_line' id='line_1_22' title="bbox 393 2287 3813 2361; baseline -0.002 -13"><span class='ocrx_word' id='word_1_241' title='bbox 393 2291 599 2348; x_wconf 90' lang='lat' dir='ltr'><strong>tissimi</strong></span> <span class='ocrx_word' id='word_1_242' title='bbox 627 2288 817 2360; x_wconf 91' lang='lat' dir='ltr'><strong>operis</strong></span> <span class='ocrx_word' id='word_1_243' title='bbox 849 2293 1138 2358; x_wconf 91' lang='lat' dir='ltr'><strong>utcunque</strong></span> <span class='ocrx_word' id='word_1_244' title='bbox 1170 2287 1571 2354; x_wconf 84' lang='lat' dir='ltr'><strong>resarciretur;</strong></span> <span class='ocrx_word' id='word_1_245' title='bbox 1607 2295 1660 2343; x_wconf 91' lang='lat' dir='ltr'><strong>et</strong></span> <span class='ocrx_word' id='word_1_246' title='bbox 1685 2289 1922 2358; x_wconf 85' lang='lat' dir='ltr'><strong>adjectis</strong></span> <span class='ocrx_word' id='word_1_247' title='bbox 1952 2306 2020 2344; x_wconf 81' lang='lat' dir='ltr'><strong>ex</strong></span> <span class='ocrx_word' id='word_1_248' title='bbox 2047 2289 2238 2361; x_wconf 86' lang='lat' dir='ltr'><strong>aliquo</strong></span> <span class='ocrx_word' id='word_1_249' title='bbox 2273 2307 2388 2346; x_wconf 87' lang='lat' dir='ltr'><strong>non</strong></span> <span class='ocrx_word' id='word_1_250' title='bbox 2423 2291 2706 2347; x_wconf 90' lang='lat' dir='ltr'><strong>inferioris</strong></span> <span class='ocrx_word' id='word_1_251' title='bbox 2733 2291 2832 2346; x_wconf 81' lang='lat' dir='ltr'><strong>aevi</strong></span> <span class='ocrx_word' id='word_1_252' title='bbox 2866 2290 3259 2360; x_wconf 90' lang='lat' dir='ltr'><strong>manuscripto</strong></span> <span class='ocrx_word' id='word_1_253' title='bbox 3301 2287 3500 2344; x_wconf 79' lang='lat' dir='ltr'><strong>codice</strong></span> <span class='ocrx_word' id='word_1_254' title='bbox 3543 2302 3640 2342; x_wconf 89' lang='lat' dir='ltr'><strong>sex</strong></span> <span class='ocrx_word' id='word_1_255' title='bbox 3679 2303 3813 2356; x_wconf 89' lang='lat' dir='ltr'><strong>pos-</strong></span> 
     </span>
    </p>
   </div>
   <div class='ocr_carea' id='block_1_23' title="bbox 391 2375 3806 2451">
    <p class='ocr_par' dir='ltr' id='par_1_23' title="bbox 391 2375 3806 2451">
     <span class='ocr_line' id='line_1_23' title="bbox 391 2375 3806 2451; baseline -0.002 -14"><span class='ocrx_word' id='word_1_256' title='bbox 391 2379 691 2438; x_wconf 90' lang='lat' dir='ltr'><strong>terioribus</strong></span> <span class='ocrx_word' id='word_1_257' title='bbox 723 2377 1035 2444; x_wconf 83' lang='lat' dir='ltr'><strong>mensibus,</strong></span> <span class='ocrx_word' id='word_1_258' title='bbox 1069 2380 1399 2432; x_wconf 86' lang='lat' dir='ltr'><strong>sanctorum</strong></span> <span class='ocrx_word' id='word_1_259' title='bbox 1434 2376 1483 2431; x_wconf 89' lang='lat' dir='ltr'><strong>si</strong></span> <span class='ocrx_word' id='word_1_260' title='bbox 1516 2377 1707 2432; x_wconf 91' lang='lat' dir='ltr'><strong>minus</strong></span> <span class='ocrx_word' id='word_1_261' title='bbox 1764 2377 2004 2448; x_wconf 90' lang='lat' dir='ltr'><strong>tabulas,</strong></span> <span class='ocrx_word' id='word_1_262' title='bbox 2062 2379 2222 2435; x_wconf 89' lang='lat' dir='ltr'><strong>Vitas</strong></span> <span class='ocrx_word' id='word_1_263' title='bbox 2277 2380 2481 2436; x_wconf 89' lang='lat' dir='ltr'><strong>saltem</strong></span> <span class='ocrx_word' id='word_1_264' title='bbox 2537 2397 2636 2451; x_wconf 92' lang='lat' dir='ltr'><strong>per</strong></span> <span class='ocrx_word' id='word_1_265' title='bbox 2693 2381 2976 2450; x_wconf 83' lang='lat' dir='ltr'><strong>integrum</strong></span> <span class='ocrx_word' id='word_1_266' title='bbox 3033 2379 3172 2434; x_wconf 91' lang='lat' dir='ltr'><strong>anni</strong></span> <span class='ocrx_word' id='word_1_267' title='bbox 3201 2376 3489 2434; x_wconf 90' lang='lat' dir='ltr'><strong>circulum</strong></span> <span class='ocrx_word' id='word_1_268' title='bbox 3533 2375 3806 2446; x_wconf 80' lang='lat' dir='ltr'><strong>digestas,</strong></span> 
     </span>
    </p>
   </div>
   <div class='ocr_carea' id='block_1_24' title="bbox 388 2465 3810 2538">
    <p class='ocr_par' dir='ltr' id='par_1_24' title="bbox 388 2465 3810 2538">
     <span class='ocr_line' id='line_1_24' title="bbox 388 2465 3810 2538; baseline -0.002 -12"><span class='ocrx_word' id='word_1_269' title='bbox 388 2469 830 2538; x_wconf 86' lang='lat' dir='ltr'><strong>absolutumque</strong></span> <span class='ocrx_word' id='word_1_270' title='bbox 877 2466 1188 2536; x_wconf 89' lang='lat' dir='ltr'><strong>Menologii</strong></span> <span class='ocrx_word' id='word_1_271' title='bbox 1222 2482 1424 2536; x_wconf 81' lang='lat' dir='ltr'><strong>corpus</strong></span> <span class='ocrx_word' id='word_1_272' title='bbox 1455 2467 1780 2537; x_wconf 90' lang='lat' dir='ltr'><strong>acciperent</strong></span> <span class='ocrx_word' id='word_1_273' title='bbox 1814 2483 2108 2525; x_wconf 86' lang='lat' dir='ltr'><strong>sacrarum</strong></span> <span class='ocrx_word' id='word_1_274' title='bbox 2141 2486 2331 2525; x_wconf 92' lang='lat' dir='ltr'><strong>rerum</strong></span> <span class='ocrx_word' id='word_1_275' title='bbox 2366 2471 2624 2526; x_wconf 90' lang='lat' dir='ltr'><strong>studiosi.</strong></span> <span class='ocrx_word' id='word_1_276' title='bbox 2659 2469 2776 2526; x_wconf 86' lang='lat' dir='ltr'><strong>Hoc</strong></span> <span class='ocrx_word' id='word_1_277' title='bbox 2817 2477 3002 2526; x_wconf 90' lang='lat' dir='ltr'><strong>autem</strong></span> <span class='ocrx_word' id='word_1_278' title='bbox 3054 2467 3377 2524; x_wconf 88' lang='lat' dir='ltr'><strong>subsidium</strong></span> <span class='ocrx_word' id='word_1_279' title='bbox 3413 2484 3445 2520; x_wconf 89' lang='lat' dir='ltr'><strong>a</strong></span> <span class='ocrx_word' id='word_1_280' title='bbox 3490 2465 3810 2521; x_wconf 90' lang='lat' dir='ltr'><strong>domestica</strong></span> 
     </span>
    </p>
   </div>
   <div class='ocr_carea' id='block_1_25' title="bbox 389 2549 3808 2630">
    <p class='ocr_par' dir='ltr' id='par_1_25' title="bbox 389 2549 3808 2630">
     <span class='ocr_line' id='line_1_25' title="bbox 389 2549 3808 2630; baseline -0.003 -15"><span class='ocrx_word' id='word_1_281' title='bbox 389 2549 559 2616; x_wconf 81' lang='lat' dir='ltr'><strong>etiam</strong></span> <span class='ocrx_word' id='word_1_282' title='bbox 592 2556 896 2613; x_wconf 88' lang='lat' dir='ltr'><strong>Clementis</strong></span> <span class='ocrx_word' id='word_1_283' title='bbox 927 2556 1008 2611; x_wconf 83' lang='lat' dir='ltr'><strong>XI</strong></span> <span class='ocrx_word' id='word_1_284' title='bbox 1042 2555 1565 2624; x_wconf 87' lang='lat' dir='ltr'><strong>manuscriptorum</strong></span> <span class='ocrx_word' id='word_1_285' title='bbox 1617 2556 1979 2626; x_wconf 89' lang='lat' dir='ltr'><strong>bibliotheca,</strong></span> <span class='ocrx_word' id='word_1_286' title='bbox 2014 2558 2339 2615; x_wconf 85' lang='lat' dir='ltr'><strong>lectissimis</strong></span> <span class='ocrx_word' id='word_1_287' title='bbox 2373 2559 2632 2616; x_wconf 91' lang='lat' dir='ltr'><strong>omnium</strong></span> <span class='ocrx_word' id='word_1_288' title='bbox 2666 2561 2990 2630; x_wconf 89' lang='lat' dir='ltr'><strong>linguarum</strong></span> <span class='ocrx_word' id='word_1_289' title='bbox 3052 2557 3428 2614; x_wconf 85' lang='lat' dir='ltr'><strong>monimentis</strong></span> <span class='ocrx_word' id='word_1_290' title='bbox 3479 2553 3808 2624; x_wconf 85' lang='lat' dir='ltr'><strong>locupletis-</strong></span> 
     </span>
    </p>
   </div>
   <div class='ocr_carea' id='block_1_26' title="bbox 401 2641 3807 2720">
    <p class='ocr_par' dir='ltr' id='par_1_26' title="bbox 401 2641 3807 2720">
     <span class='ocr_line' id='line_1_26' title="bbox 401 2641 3807 2720; baseline -0.002 -17"><span class='ocrx_word' id='word_1_291' title='bbox 401 2651 568 2713; x_wconf 83' lang='lat' dir='ltr'><strong>sima,</strong></span> <span class='ocrx_word' id='word_1_292' title='bbox 603 2646 719 2700; x_wconf 91' lang='lat' dir='ltr'><strong>imo</strong></span> <span class='ocrx_word' id='word_1_293' title='bbox 751 2661 880 2700; x_wconf 87' lang='lat' dir='ltr'><strong>vero</strong></span> <span class='ocrx_word' id='word_1_294' title='bbox 910 2643 980 2699; x_wconf 87' lang='lat' dir='ltr'><strong>ab</strong></span> <span class='ocrx_word' id='word_1_295' title='bbox 1007 2643 1148 2714; x_wconf 90' lang='lat' dir='ltr'><strong>ipsis</strong></span> <span class='ocrx_word' id='word_1_296' title='bbox 1176 2643 1332 2698; x_wconf 92' lang='lat' dir='ltr'><strong>illius</strong></span> <span class='ocrx_word' id='word_1_297' title='bbox 1362 2643 1617 2714; x_wconf 87' lang='lat' dir='ltr'><strong>schedis,</strong></span> <span class='ocrx_word' id='word_1_298' title='bbox 1674 2652 1842 2716; x_wconf 83' lang='lat' dir='ltr'><strong>atque</strong></span> <span class='ocrx_word' id='word_1_299' title='bbox 1903 2663 1934 2701; x_wconf 91' lang='lat' dir='ltr'><strong>a</strong></span> <span class='ocrx_word' id='word_1_300' title='bbox 1982 2645 2180 2716; x_wconf 86' lang='lat' dir='ltr'><strong>primis</strong></span> <span class='ocrx_word' id='word_1_301' title='bbox 2238 2649 2377 2704; x_wconf 89' lang='lat' dir='ltr'><strong>adeo</strong></span> <span class='ocrx_word' id='word_1_302' title='bbox 2423 2648 2550 2718; x_wconf 90' lang='lat' dir='ltr'><strong>ejus</strong></span> <span class='ocrx_word' id='word_1_303' title='bbox 2609 2648 2864 2720; x_wconf 66' lang='lat' dir='ltr'><strong>pueritiae</strong></span> <span class='ocrx_word' id='word_1_304' title='bbox 2924 2645 3429 2704; x_wconf 82' lang='lat' dir='ltr'><strong>exercitationibus</strong></span> <span class='ocrx_word' id='word_1_305' title='bbox 3478 2641 3807 2713; x_wconf 87' lang='lat' dir='ltr'><strong>impetravi-</strong></span> 
     </span>
    </p>
   </div>
   <div class='ocr_carea' id='block_1_27' title="bbox 394 2732 3808 2808">
    <p class='ocr_par' dir='ltr' id='par_1_27' title="bbox 394 2732 3808 2808">
     <span class='ocr_line' id='line_1_27' title="bbox 394 2732 3808 2808; baseline -0.002 -15"><span class='ocrx_word' id='word_1_306' title='bbox 394 2755 542 2794; x_wconf 89' lang='lat' dir='ltr'><strong>mus.</strong></span> <span class='ocrx_word' id='word_1_307' title='bbox 581 2736 631 2791; x_wconf 88' lang='lat' dir='ltr'><strong>Is</strong></span> <span class='ocrx_word' id='word_1_308' title='bbox 663 2736 815 2791; x_wconf 73' lang='lat' dir='ltr'><strong>enlm</strong></span> <span class='ocrx_word' id='word_1_309' title='bbox 851 2734 940 2788; x_wconf 77' lang='lat' dir='ltr'><strong>vix</strong></span> <span class='ocrx_word' id='word_1_310' title='bbox 967 2749 1186 2789; x_wconf 90' lang='lat' dir='ltr'><strong>annum</strong></span> <span class='ocrx_word' id='word_1_311' title='bbox 1218 2735 1399 2788; x_wconf 68' lang='lat' dir='ltr'><strong>astatis</strong></span> <span class='ocrx_word' id='word_1_312' title='bbox 1432 2733 1724 2790; x_wconf 88' lang='lat' dir='ltr'><strong>decimum</strong></span> <span class='ocrx_word' id='word_1_313' title='bbox 1757 2737 2064 2806; x_wconf 87' lang='lat' dir='ltr'><strong>septimum</strong></span> <span class='ocrx_word' id='word_1_314' title='bbox 2115 2753 2400 2808; x_wconf 87' lang='lat' dir='ltr'><strong>egressus,</strong></span> <span class='ocrx_word' id='word_1_315' title='bbox 2450 2755 2514 2794; x_wconf 89' lang='lat' dir='ltr'><strong>ex</strong></span> <span class='ocrx_word' id='word_1_316' title='bbox 2575 2739 2810 2794; x_wconf 88' lang='lat' dir='ltr'><strong>vetustis</strong></span> <span class='ocrx_word' id='word_1_317' title='bbox 2867 2737 3168 2794; x_wconf 88' lang='lat' dir='ltr'><strong>codicibus</strong></span> <span class='ocrx_word' id='word_1_318' title='bbox 3224 2732 3553 2790; x_wconf 81' lang='lat' dir='ltr'><strong>monasterii</strong></span> <span class='ocrx_word' id='word_1_319' title='bbox 3587 2733 3808 2802; x_wconf 78' lang='lat' dir='ltr'><strong>Cryptze</strong></span> 
     </span>
    </p>
   </div>
   <div class='ocr_carea' id='block_1_28' title="bbox 402 2822 3808 2897">
    <p class='ocr_par' dir='ltr' id='par_1_28' title="bbox 402 2822 3808 2897">
     <span class='ocr_line' id='line_1_28' title="bbox 402 2822 3808 2897; baseline -0.003 -13"><span class='ocrx_word' id='word_1_320' title='bbox 402 2830 642 2884; x_wconf 74' lang='lat' dir='ltr'><strong>Ferrataa</strong></span> <span class='ocrx_word' id='word_1_321' title='bbox 700 2825 935 2878; x_wconf 85' lang='lat' dir='ltr'><strong>alteram</strong></span> <span class='ocrx_word' id='word_1_322' title='bbox 981 2823 1138 2877; x_wconf 86' lang='lat' dir='ltr'><strong>illam</strong></span> <span class='ocrx_word' id='word_1_323' title='bbox 1175 2822 1449 2878; x_wconf 86' lang='lat' dir='ltr'><strong>Basiliani</strong></span> <span class='ocrx_word' id='word_1_324' title='bbox 1491 2823 1795 2893; x_wconf 79' lang='lat' dir='ltr'><strong>Menologii</strong></span> <span class='ocrx_word' id='word_1_325' title='bbox 1849 2833 2085 2895; x_wconf 89' lang='lat' dir='ltr'><strong>partem,</strong></span> <span class='ocrx_word' id='word_1_326' title='bbox 2111 2843 2276 2897; x_wconf 89' lang='lat' dir='ltr'><strong>quam</strong></span> <span class='ocrx_word' id='word_1_327' title='bbox 2345 2827 2580 2896; x_wconf 87' lang='lat' dir='ltr'><strong>periisse</strong></span> <span class='ocrx_word' id='word_1_328' title='bbox 2617 2827 2848 2883; x_wconf 88' lang='lat' dir='ltr'><strong>litterati</strong></span> <span class='ocrx_word' id='word_1_329' title='bbox 2891 2827 2994 2882; x_wconf 90' lang='lat' dir='ltr'><strong>viri</strong></span> <span class='ocrx_word' id='word_1_330' title='bbox 3020 2825 3369 2891; x_wconf 88' lang='lat' dir='ltr'><strong>dolebant,a</strong></span> <span class='ocrx_word' id='word_1_331' title='bbox 3413 2823 3808 2888; x_wconf 75' lang='lat' dir='ltr'><strong>seinventam,</strong></span> 
     </span>
    </p>
   </div>
   <div class='ocr_carea' id='block_1_29' title="bbox 397 2909 3809 2986">
    <p class='ocr_par' dir='ltr' id='par_1_29' title="bbox 397 2909 3809 2986">
     <span class='ocr_line' id='line_1_29' title="bbox 397 2909 3809 2986; baseline -0.002 -16"><span class='ocrx_word' id='word_1_332' title='bbox 397 2931 499 2970; x_wconf 87' lang='lat' dir='ltr'><strong>sua</strong></span> <span class='ocrx_word' id='word_1_333' title='bbox 531 2929 702 2969; x_wconf 88' lang='lat' dir='ltr'><strong>manu</strong></span> <span class='ocrx_word' id='word_1_334' title='bbox 731 2914 922 2968; x_wconf 73' lang='lat' dir='ltr'><strong>Graece</strong></span> <span class='ocrx_word' id='word_1_335' title='bbox 953 2913 1354 2982; x_wconf 81' lang='lat' dir='ltr'><strong>descripserat,</strong></span> <span class='ocrx_word' id='word_1_336' title='bbox 1407 2919 1458 2968; x_wconf 90' lang='lat' dir='ltr'><strong>et</strong></span> <span class='ocrx_word' id='word_1_337' title='bbox 1510 2913 1944 2969; x_wconf 82' lang='lat' dir='ltr'><strong>accuratissima</strong></span> <span class='ocrx_word' id='word_1_338' title='bbox 2001 2915 2468 2986; x_wconf 85' lang='lat' dir='ltr'><strong>interpretatione</strong></span> <span class='ocrx_word' id='word_1_339' title='bbox 2528 2916 2783 2972; x_wconf 84' lang='lat' dir='ltr'><strong>Latinam</strong></span> <span class='ocrx_word' id='word_1_340' title='bbox 2845 2917 3094 2972; x_wconf 86' lang='lat' dir='ltr'><strong>fecerat:</strong></span> <span class='ocrx_word' id='word_1_341' title='bbox 3130 2931 3302 2984; x_wconf 88' lang='lat' dir='ltr'><strong>quam</strong></span> <span class='ocrx_word' id='word_1_342' title='bbox 3359 2913 3465 2968; x_wconf 88' lang='lat' dir='ltr'><strong>etsi</strong></span> <span class='ocrx_word' id='word_1_343' title='bbox 3528 2909 3809 2966; x_wconf 78' lang='lat' dir='ltr'><strong>modestia</strong></span> 
     </span>
    </p>
   </div>
   <div class='ocr_carea' id='block_1_30' title="bbox 403 3000 3810 3075">
    <p class='ocr_par' dir='ltr' id='par_1_30' title="bbox 403 3000 3810 3075">
     <span class='ocr_line' id='line_1_30' title="bbox 403 3000 3810 3075; baseline -0.002 -16"><span class='ocrx_word' id='word_1_344' title='bbox 403 3006 524 3075; x_wconf 90' lang='lat' dir='ltr'><strong>ejus</strong></span> <span class='ocrx_word' id='word_1_345' title='bbox 555 3005 724 3073; x_wconf 88' lang='lat' dir='ltr'><strong>plane</strong></span> <span class='ocrx_word' id='word_1_346' title='bbox 764 3001 1071 3072; x_wconf 77' lang='lat' dir='ltr'><strong>singularis</strong></span> <span class='ocrx_word' id='word_1_347' title='bbox 1103 3001 1390 3058; x_wconf 88' lang='lat' dir='ltr'><strong>diuturnis</strong></span> <span class='ocrx_word' id='word_1_348' title='bbox 1441 3002 1691 3058; x_wconf 86' lang='lat' dir='ltr'><strong>tenebris</strong></span> <span class='ocrx_word' id='word_1_349' title='bbox 1739 3004 2041 3073; x_wconf 79' lang='lat' dir='ltr'><strong>oppressit,</strong></span> <span class='ocrx_word' id='word_1_350' title='bbox 2096 3005 2326 3075; x_wconf 89' lang='lat' dir='ltr'><strong>publica</strong></span> <span class='ocrx_word' id='word_1_351' title='bbox 2383 3013 2576 3062; x_wconf 90' lang='lat' dir='ltr'><strong>tamen</strong></span> <span class='ocrx_word' id='word_1_352' title='bbox 2633 3007 2862 3062; x_wconf 87' lang='lat' dir='ltr'><strong>utilitas</strong></span> <span class='ocrx_word' id='word_1_353' title='bbox 2913 3005 3128 3060; x_wconf 88' lang='lat' dir='ltr'><strong>diutius</strong></span> <span class='ocrx_word' id='word_1_354' title='bbox 3182 3003 3358 3059; x_wconf 87' lang='lat' dir='ltr'><strong>latere</strong></span> <span class='ocrx_word' id='word_1_355' title='bbox 3416 3017 3530 3057; x_wconf 90' lang='lat' dir='ltr'><strong>non</strong></span> <span class='ocrx_word' id='word_1_356' title='bbox 3579 3000 3810 3070; x_wconf 91' lang='lat' dir='ltr'><strong>patitur.</strong></span> 
     </span>
    </p>
   </div>
   <div class='ocr_carea' id='block_1_31' title="bbox 396 3086 3816 3165">
    <p class='ocr_par' dir='ltr' id='par_1_31' title="bbox 396 3086 3816 3165">
     <span class='ocr_line' id='line_1_31' title="bbox 396 3086 3816 3165; baseline -0.002 -16"><span class='ocrx_word' id='word_1_357' title='bbox 396 3094 597 3149; x_wconf 92' lang='lat' dir='ltr'><strong>Mutilo</strong></span> <span class='ocrx_word' id='word_1_358' title='bbox 627 3092 802 3163; x_wconf 79' lang='lat' dir='ltr'><strong>igitur</strong></span> <span class='ocrx_word' id='word_1_359' title='bbox 831 3091 988 3161; x_wconf 90' lang='lat' dir='ltr'><strong>operi</strong></span> <span class='ocrx_word' id='word_1_360' title='bbox 1020 3099 1351 3146; x_wconf 88' lang='lat' dir='ltr'><strong>semestrem</strong></span> <span class='ocrx_word' id='word_1_361' title='bbox 1385 3091 1621 3146; x_wconf 87' lang='lat' dir='ltr'><strong>alteram</strong></span> <span class='ocrx_word' id='word_1_362' title='bbox 1654 3100 1870 3163; x_wconf 85' lang='lat' dir='ltr'><strong>partem</strong></span> <span class='ocrx_word' id='word_1_363' title='bbox 1905 3093 2062 3148; x_wconf 92' lang='lat' dir='ltr'><strong>illius</strong></span> <span class='ocrx_word' id='word_1_364' title='bbox 2091 3094 2388 3165; x_wconf 82' lang='lat' dir='ltr'><strong>diligentia</strong></span> <span class='ocrx_word' id='word_1_365' title='bbox 2439 3102 2826 3150; x_wconf 86' lang='lat' dir='ltr'><strong>conservatam</strong></span> <span class='ocrx_word' id='word_1_366' title='bbox 2865 3095 3170 3164; x_wconf 87' lang='lat' dir='ltr'><strong>Latineque</strong></span> <span class='ocrx_word' id='word_1_367' title='bbox 3217 3092 3497 3148; x_wconf 91' lang='lat' dir='ltr'><strong>redditam</strong></span> <span class='ocrx_word' id='word_1_368' title='bbox 3549 3086 3816 3160; x_wconf 82' lang='lat' dir='ltr'><strong>adjungi-</strong></span> 
     </span>
    </p>
   </div>
   <div class='ocr_carea' id='block_1_32' title="bbox 395 3175 3814 3256">
    <p class='ocr_par' dir='ltr' id='par_1_32' title="bbox 395 3175 3814 3256">
     <span class='ocr_line' id='line_1_32' title="bbox 395 3175 3814 3256; baseline -0.002 -18"><span class='ocrx_word' id='word_1_369' title='bbox 395 3199 558 3251; x_wconf 89' lang='lat' dir='ltr'><strong>mus;</strong></span> <span class='ocrx_word' id='word_1_370' title='bbox 586 3185 648 3237; x_wconf 92' lang='lat' dir='ltr'><strong>ut</strong></span> <span class='ocrx_word' id='word_1_371' title='bbox 680 3181 882 3252; x_wconf 85' lang='lat' dir='ltr'><strong>partim</strong></span> <span class='ocrx_word' id='word_1_372' title='bbox 914 3180 984 3235; x_wconf 91' lang='lat' dir='ltr'><strong>ab</strong></span> <span class='ocrx_word' id='word_1_373' title='bbox 1029 3181 1262 3236; x_wconf 89' lang='lat' dir='ltr'><strong>interitu</strong></span> <span class='ocrx_word' id='word_1_374' title='bbox 1297 3189 1579 3250; x_wconf 88' lang='lat' dir='ltr'><strong>ereptum,</strong></span> <span class='ocrx_word' id='word_1_375' title='bbox 1630 3181 1834 3252; x_wconf 88' lang='lat' dir='ltr'><strong>partim</strong></span> <span class='ocrx_word' id='word_1_376' title='bbox 1883 3198 1913 3239; x_wconf 92' lang='lat' dir='ltr'><strong>e</strong></span> <span class='ocrx_word' id='word_1_377' title='bbox 1957 3183 2206 3240; x_wconf 90' lang='lat' dir='ltr'><strong>tenebris</strong></span> <span class='ocrx_word' id='word_1_378' title='bbox 2243 3193 2492 3253; x_wconf 91' lang='lat' dir='ltr'><strong>erutum,</strong></span> <span class='ocrx_word' id='word_1_379' title='bbox 2543 3184 2749 3256; x_wconf 89' lang='lat' dir='ltr'><strong>partim</strong></span> <span class='ocrx_word' id='word_1_380' title='bbox 2808 3183 3103 3240; x_wconf 81' lang='lat' dir='ltr'><strong>Latinitate</strong></span> <span class='ocrx_word' id='word_1_381' title='bbox 3140 3183 3440 3247; x_wconf 91' lang='lat' dir='ltr'><strong>donatum,</strong></span> <span class='ocrx_word' id='word_1_382' title='bbox 3498 3175 3814 3234; x_wconf 79' lang='lat' dir='ltr'><strong>immortali</strong></span> 
     </span>
    </p>
   </div>
   <div class='ocr_carea' id='block_1_33' title="bbox 394 3271 1680 3344">
    <p class='ocr_par' dir='ltr' id='par_1_33' title="bbox 394 3271 1680 3344">
     <span class='ocr_line' id='line_1_33' title="bbox 394 3271 1680 3344; baseline -0.002 -16"><span class='ocrx_word' id='word_1_383' title='bbox 394 3275 516 3344; x_wconf 88' lang='lat' dir='ltr'><strong>ejus</strong></span> <span class='ocrx_word' id='word_1_384' title='bbox 549 3271 772 3328; x_wconf 91' lang='lat' dir='ltr'><strong>nomini</strong></span> <span class='ocrx_word' id='word_1_385' title='bbox 809 3271 1102 3341; x_wconf 87' lang='lat' dir='ltr'><strong>posteritas</strong></span> <span class='ocrx_word' id='word_1_386' title='bbox 1126 3277 1423 3340; x_wconf 85' lang='lat' dir='ltr'><strong>acceptum</strong></span> <span class='ocrx_word' id='word_1_387' title='bbox 1457 3271 1680 3326; x_wconf 87' lang='lat' dir='ltr'><strong>referat.</strong></span> 
     </span>
    </p>
   </div>
   <div class='ocr_carea' id='block_1_34' title="bbox 462 3356 3817 3434">
    <p class='ocr_par' dir='ltr' id='par_1_34' title="bbox 462 3356 3817 3434">
     <span class='ocr_line' id='line_1_34' title="bbox 462 3356 3817 3434; baseline -0.001 -18"><span class='ocrx_word' id='word_1_388' title='bbox 462 3360 822 3418; x_wconf 87' lang='lat' dir='ltr'><strong>Bollandiani</strong></span> <span class='ocrx_word' id='word_1_389' title='bbox 852 3359 990 3414; x_wconf 91' lang='lat' dir='ltr'><strong>socii</strong></span> <span class='ocrx_word' id='word_1_390' title='bbox 1022 3357 1259 3415; x_wconf 89' lang='lat' dir='ltr'><strong>eruditis</strong></span> <span class='ocrx_word' id='word_1_391' title='bbox 1293 3359 1434 3414; x_wconf 90' lang='lat' dir='ltr'><strong>tanti</strong></span> <span class='ocrx_word' id='word_1_392' title='bbox 1487 3358 1870 3416; x_wconf 72' lang='lat' dir='ltr'><strong>adolescwtis</strong></span> <span class='ocrx_word' id='word_1_393' title='bbox 1921 3361 2216 3418; x_wconf 86' lang='lat' dir='ltr'><strong>laboribus</strong></span> <span class='ocrx_word' id='word_1_394' title='bbox 2276 3363 2489 3434; x_wconf 92' lang='lat' dir='ltr'><strong>aliquot</strong></span> <span class='ocrx_word' id='word_1_395' title='bbox 2520 3363 2878 3420; x_wconf 90' lang='lat' dir='ltr'><strong>collectionis</strong></span> <span class='ocrx_word' id='word_1_396' title='bbox 2927 3379 3044 3418; x_wconf 74' lang='lat' dir='ltr'><strong>suae</strong></span> <span class='ocrx_word' id='word_1_397' title='bbox 3104 3377 3329 3417; x_wconf 88' lang='lat' dir='ltr'><strong>menses</strong></span> <span class='ocrx_word' id='word_1_398' title='bbox 3371 3356 3817 3428; x_wconf 80' lang='lat' dir='ltr'><strong>locUpletarunt,</strong></span> 
     </span>
    </p>
   </div>
   <div class='ocr_carea' id='block_1_35' title="bbox 392 3443 3816 3523">
    <p class='ocr_par' dir='ltr' id='par_1_35' title="bbox 392 3443 3816 3523">
     <span class='ocr_line' id='line_1_35' title="bbox 392 3443 3816 3523; baseline -0.002 -17"><span class='ocrx_word' id='word_1_399' title='bbox 392 3452 587 3507; x_wconf 80' lang='lat' dir='ltr'><strong>Graeca</strong></span> <span class='ocrx_word' id='word_1_400' title='bbox 617 3455 944 3506; x_wconf 88' lang='lat' dir='ltr'><strong>sanctorum</strong></span> <span class='ocrx_word' id='word_1_401' title='bbox 975 3456 1128 3518; x_wconf 87' lang='lat' dir='ltr'><strong>gesta</strong></span> <span class='ocrx_word' id='word_1_402' title='bbox 1160 3449 1228 3503; x_wconf 86' lang='lat' dir='ltr'><strong>ad</strong></span> <span class='ocrx_word' id='word_1_403' title='bbox 1262 3449 1476 3504; x_wconf 88' lang='lat' dir='ltr'><strong>calcem</strong></span> <span class='ocrx_word' id='word_1_404' title='bbox 1503 3448 1709 3520; x_wconf 88' lang='lat' dir='ltr'><strong>Martii,</strong></span> <span class='ocrx_word' id='word_1_405' title='bbox 1743 3450 1981 3522; x_wconf 86' lang='lat' dir='ltr'><strong>Aprilis,</strong></span> <span class='ocrx_word' id='word_1_406' title='bbox 2009 3451 2159 3523; x_wconf 83' lang='lat' dir='ltr'><strong>Maii,</strong></span> <span class='ocrx_word' id='word_1_407' title='bbox 2184 3461 2238 3509; x_wconf 91' lang='lat' dir='ltr'><strong>et</strong></span> <span class='ocrx_word' id='word_1_408' title='bbox 2264 3453 2431 3522; x_wconf 87' lang='lat' dir='ltr'><strong>Julii,</strong></span> <span class='ocrx_word' id='word_1_409' title='bbox 2464 3469 2532 3509; x_wconf 80' lang='lat' dir='ltr'><strong>ex</strong></span> <span class='ocrx_word' id='word_1_410' title='bbox 2562 3452 2991 3508; x_wconf 76' lang='lat' dir='ltr'><strong>commentariis</strong></span> <span class='ocrx_word' id='word_1_411' title='bbox 3028 3450 3263 3507; x_wconf 73' lang='lat' dir='ltr'><strong>Albanis</strong></span> <span class='ocrx_word' id='word_1_412' title='bbox 3303 3447 3660 3519; x_wconf 90' lang='lat' dir='ltr'><strong>adjicientes.</strong></span> <span class='ocrx_word' id='word_1_413' title='bbox 3697 3443 3816 3500; x_wconf 77' lang='lat' dir='ltr'><strong>Etsi</strong></span> 
     </span>
    </p>
   </div>
   <div class='ocr_carea' id='block_1_36' title="bbox 395 3531 3812 3613">
    <p class='ocr_par' dir='ltr' id='par_1_36' title="bbox 395 3531 3812 3613">
     <span class='ocr_line' id='line_1_36' title="bbox 395 3531 3812 3613; baseline -0.002 -18"><span class='ocrx_word' id='word_1_414' title='bbox 395 3547 584 3596; x_wconf 88' lang='lat' dir='ltr'><strong>autem</strong></span> <span class='ocrx_word' id='word_1_415' title='bbox 621 3540 849 3595; x_wconf 91' lang='lat' dir='ltr'><strong>Latinas</strong></span> <span class='ocrx_word' id='word_1_416' title='bbox 881 3539 1216 3594; x_wconf 86' lang='lat' dir='ltr'><strong>eorumde</strong></span> <span class='ocrx_word' id='word_1_417' title='bbox 1245 3554 1384 3593; x_wconf 88' lang='lat' dir='ltr'><strong>men</strong></span> <span class='ocrx_word' id='word_1_418' title='bbox 1408 3539 1581 3607; x_wconf 84' lang='lat' dir='ltr'><strong>sium,</strong></span> <span class='ocrx_word' id='word_1_419' title='bbox 1617 3538 1787 3594; x_wconf 87' lang='lat' dir='ltr'><strong>simul</strong></span> <span class='ocrx_word' id='word_1_420' title='bbox 1846 3545 1902 3596; x_wconf 86' lang='lat' dir='ltr'><strong>et</strong></span> <span class='ocrx_word' id='word_1_421' title='bbox 1956 3543 2114 3597; x_wconf 82' lang='lat' dir='ltr'><strong>Junii</strong></span> <span class='ocrx_word' id='word_1_422' title='bbox 2165 3551 2333 3612; x_wconf 87' lang='lat' dir='ltr'><strong>atque</strong></span> <span class='ocrx_word' id='word_1_423' title='bbox 2392 3543 2654 3613; x_wconf 80' lang='lat' dir='ltr'><strong>Augusti,</strong></span> <span class='ocrx_word' id='word_1_424' title='bbox 2707 3541 3209 3612; x_wconf 80' lang='lat' dir='ltr'><strong>interpretationes</strong></span> <span class='ocrx_word' id='word_1_425' title='bbox 3269 3538 3419 3594; x_wconf 90' lang='lat' dir='ltr'><strong>idem</strong></span> <span class='ocrx_word' id='word_1_426' title='bbox 3453 3535 3716 3591; x_wconf 84' lang='lat' dir='ltr'><strong>Clemens</strong></span> <span class='ocrx_word' id='word_1_427' title='bbox 3745 3531 3812 3588; x_wconf 88' lang='lat' dir='ltr'><strong>XI</strong></span> 
     </span>
    </p>
   </div>
   <div class='ocr_carea' id='block_1_37' title="bbox 392 3622 3810 3702">
    <p class='ocr_par' dir='ltr' id='par_1_37' title="bbox 392 3622 3810 3702">
     <span class='ocr_line' id='line_1_37' title="bbox 392 3622 3810 3702; baseline -0.002 -18"><span class='ocrx_word' id='word_1_428' title='bbox 392 3628 637 3685; x_wconf 89' lang='lat' dir='ltr'><strong>confecit</strong></span> <span class='ocrx_word' id='word_1_429' title='bbox 662 3646 676 3696; x_wconf 82' lang='lat'><strong>;</strong></span> <span class='ocrx_word' id='word_1_430' title='bbox 700 3629 755 3683; x_wconf 93' lang='lat' dir='ltr'><strong>in</strong></span> <span class='ocrx_word' id='word_1_431' title='bbox 790 3627 966 3697; x_wconf 84' lang='lat' dir='ltr'><strong>ipsius</strong></span> <span class='ocrx_word' id='word_1_432' title='bbox 1000 3631 1190 3682; x_wconf 89' lang='lat' dir='ltr'><strong>tamen</strong></span> <span class='ocrx_word' id='word_1_433' title='bbox 1225 3627 1477 3692; x_wconf 90' lang='lat' dir='ltr'><strong>schedis,</strong></span> <span class='ocrx_word' id='word_1_434' title='bbox 1511 3643 1632 3698; x_wconf 63' lang='lat' dir='ltr'><strong>qua</strong></span> <span class='ocrx_word' id='word_1_435' title='bbox 1665 3634 1996 3698; x_wconf 83' lang='lat' dir='ltr'><strong>supersunt,</strong></span> <span class='ocrx_word' id='word_1_436' title='bbox 2031 3632 2244 3702; x_wconf 80' lang='lat' dir='ltr'><strong>Aprilis</strong></span> <span class='ocrx_word' id='word_1_437' title='bbox 2276 3639 2497 3687; x_wconf 89' lang='lat' dir='ltr'><strong>tantum</strong></span> <span class='ocrx_word' id='word_1_438' title='bbox 2532 3639 2585 3686; x_wconf 89' lang='lat' dir='ltr'><strong>et</strong></span> <span class='ocrx_word' id='word_1_439' title='bbox 2618 3631 2803 3687; x_wconf 90' lang='lat' dir='ltr'><strong>Maius</strong></span> <span class='ocrx_word' id='word_1_440' title='bbox 2835 3629 3077 3701; x_wconf 86' lang='lat' dir='ltr'><strong>integri;</strong></span> <span class='ocrx_word' id='word_1_441' title='bbox 3113 3626 3534 3696; x_wconf 84' lang='lat' dir='ltr'><strong>Martiipriores</strong></span> <span class='ocrx_word' id='word_1_442' title='bbox 3570 3622 3810 3694; x_wconf 83' lang='lat' dir='ltr'><strong>viginti;</strong></span> 
     </span>
    </p>
   </div>
   <div class='ocr_carea' id='block_1_38' title="bbox 392 3715 3808 3791">
    <p class='ocr_par' dir='ltr' id='par_1_38' title="bbox 392 3715 3808 3791">
     <span class='ocr_line' id='line_1_38' title="bbox 392 3715 3808 3791; baseline -0.002 -17"><span class='ocrx_word' id='word_1_443' title='bbox 392 3718 552 3775; x_wconf 83' lang='lat' dir='ltr'><strong>Junii</strong></span> <span class='ocrx_word' id='word_1_444' title='bbox 584 3734 650 3773; x_wconf 91' lang='lat' dir='ltr'><strong>ac</strong></span> <span class='ocrx_word' id='word_1_445' title='bbox 674 3717 811 3772; x_wconf 86' lang='lat' dir='ltr'><strong>Julii</strong></span> <span class='ocrx_word' id='word_1_446' title='bbox 843 3716 1058 3785; x_wconf 89' lang='lat' dir='ltr'><strong>aliquot</strong></span> <span class='ocrx_word' id='word_1_447' title='bbox 1087 3716 1206 3770; x_wconf 87' lang='lat' dir='ltr'><strong>dies</strong></span> <span class='ocrx_word' id='word_1_448' title='bbox 1241 3715 1444 3771; x_wconf 84' lang='lat' dir='ltr'><strong>Latine</strong></span> <span class='ocrx_word' id='word_1_449' title='bbox 1477 3716 1640 3783; x_wconf 89' lang='lat' dir='ltr'><strong>versi,</strong></span> <span class='ocrx_word' id='word_1_450' title='bbox 1702 3719 2042 3789; x_wconf 86' lang='lat' dir='ltr'><strong>prepriaque</strong></span> <span class='ocrx_word' id='word_1_451' title='bbox 2091 3721 2214 3791; x_wconf 91' lang='lat' dir='ltr'><strong>ejus</strong></span> <span class='ocrx_word' id='word_1_452' title='bbox 2273 3737 2448 3776; x_wconf 88' lang='lat' dir='ltr'><strong>manu</strong></span> <span class='ocrx_word' id='word_1_453' title='bbox 2507 3722 2721 3777; x_wconf 84' lang='lat' dir='ltr'><strong>exarati</strong></span> <span class='ocrx_word' id='word_1_454' title='bbox 2779 3720 3221 3791; x_wconf 78' lang='lat' dir='ltr'><strong>conspiciuntur</strong></span> <span class='ocrx_word' id='word_1_455' title='bbox 3257 3733 3268 3771; x_wconf 94' lang='lat'>:</span> <span class='ocrx_word' id='word_1_456' title='bbox 3303 3715 3506 3785; x_wconf 92' lang='lat' dir='ltr'><strong>reliqui</strong></span> <span class='ocrx_word' id='word_1_457' title='bbox 3540 3727 3808 3784; x_wconf 86' lang='lat' dir='ltr'><strong>quorsum</strong></span> 
     </span>
    </p>
   </div>
   <div class='ocr_carea' id='block_1_39' title="bbox 394 3803 3809 3881">
    <p class='ocr_par' dir='ltr' id='par_1_39' title="bbox 394 3803 3809 3881">
     <span class='ocr_line' id='line_1_39' title="bbox 394 3803 3809 3881; baseline -0.003 -17"><span class='ocrx_word' id='word_1_458' title='bbox 394 3806 688 3872; x_wconf 87' lang='lat' dir='ltr'><strong>cesserint,</strong></span> <span class='ocrx_word' id='word_1_459' title='bbox 723 3820 902 3875; x_wconf 89' lang='lat' dir='ltr'><strong>quove</strong></span> <span class='ocrx_word' id='word_1_460' title='bbox 938 3805 1045 3859; x_wconf 89' lang='lat' dir='ltr'><strong>fato</strong></span> <span class='ocrx_word' id='word_1_461' title='bbox 1075 3812 1168 3858; x_wconf 84' lang='lat' dir='ltr'><strong>aut</strong></span> <span class='ocrx_word' id='word_1_462' title='bbox 1217 3805 1556 3860; x_wconf 88' lang='lat' dir='ltr'><strong>delitescant</strong></span> <span class='ocrx_word' id='word_1_463' title='bbox 1605 3814 1702 3860; x_wconf 90' lang='lat' dir='ltr'><strong>aut</strong></span> <span class='ocrx_word' id='word_1_464' title='bbox 1753 3806 2102 3875; x_wconf 83' lang='lat' dir='ltr'><strong>interierint,</strong></span> <span class='ocrx_word' id='word_1_465' title='bbox 2165 3811 2608 3881; x_wconf 90' lang='lat' dir='ltr'><strong>incompertum.</strong></span> <span class='ocrx_word' id='word_1_466' title='bbox 2668 3809 2930 3866; x_wconf 88' lang='lat' dir='ltr'><strong>Monachi</strong></span> <span class='ocrx_word' id='word_1_467' title='bbox 2978 3807 3256 3864; x_wconf 89' lang='lat' dir='ltr'><strong>Baciliani</strong></span> <span class='ocrx_word' id='word_1_468' title='bbox 3315 3805 3534 3877; x_wconf 73' lang='lat' dir='ltr'><strong>Cryptze</strong></span> <span class='ocrx_word' id='word_1_469' title='bbox 3566 3803 3809 3857; x_wconf 67' lang='lat' dir='ltr'><strong>Ferrataa</strong></span> 
     </span>
    </p>
   </div>
   <div class='ocr_carea' id='block_1_40' title="bbox 396 3891 3811 3972">
    <p class='ocr_par' dir='ltr' id='par_1_40' title="bbox 396 3891 3811 3972">
     <span class='ocr_line' id='line_1_40' title="bbox 396 3891 3811 3972; baseline -0.001 -20"><span class='ocrx_word' id='word_1_470' title='bbox 396 3904 712 3966; x_wconf 84' lang='lat' dir='ltr'><strong>Augustum</strong></span> <span class='ocrx_word' id='word_1_471' title='bbox 748 3911 1027 3959; x_wconf 88' lang='lat' dir='ltr'><strong>mensem,</strong></span> <span class='ocrx_word' id='word_1_472' title='bbox 1062 3895 1156 3964; x_wconf 93' lang='lat' dir='ltr'><strong>qui</strong></span> <span class='ocrx_word' id='word_1_473' title='bbox 1207 3910 1271 3949; x_wconf 83' lang='lat' dir='ltr'><strong>ex</strong></span> <span class='ocrx_word' id='word_1_474' title='bbox 1307 3893 1520 3948; x_wconf 82' lang='lat' dir='ltr'><strong>Albano</strong></span> <span class='ocrx_word' id='word_1_475' title='bbox 1579 3896 1906 3967; x_wconf 87' lang='lat' dir='ltr'><strong>apographo</strong></span> <span class='ocrx_word' id='word_1_476' title='bbox 1938 3899 2248 3966; x_wconf 83' lang='lat' dir='ltr'><strong>exciderat,</strong></span> <span class='ocrx_word' id='word_1_477' title='bbox 2282 3900 2499 3972; x_wconf 86' lang='lat' dir='ltr'><strong>aliquot</strong></span> <span class='ocrx_word' id='word_1_478' title='bbox 2542 3900 2698 3956; x_wconf 86' lang='lat' dir='ltr'><strong>foliis</strong></span> <span class='ocrx_word' id='word_1_479' title='bbox 2755 3897 3043 3968; x_wconf 90' lang='lat' dir='ltr'><strong>mutilum,</strong></span> <span class='ocrx_word' id='word_1_480' title='bbox 3086 3914 3153 3953; x_wconf 85' lang='lat' dir='ltr'><strong>ex</strong></span> <span class='ocrx_word' id='word_1_481' title='bbox 3215 3895 3412 3952; x_wconf 88' lang='lat' dir='ltr'><strong>eodem</strong></span> <span class='ocrx_word' id='word_1_482' title='bbox 3461 3891 3811 3962; x_wconf 79' lang='lat' dir='ltr'><strong>autographa</strong></span> 
     </span>
    </p>
   </div>
   <div class='ocr_carea' id='block_1_41' title="bbox 394 3982 3814 4057">
    <p class='ocr_par' dir='ltr' id='par_1_41' title="bbox 394 3982 3814 4057">
     <span class='ocr_line' id='line_1_41' title="bbox 394 3982 3814 4057; baseline -0.001 -17"><span class='ocrx_word' id='word_1_483' title='bbox 394 3989 606 4053; x_wconf 85' lang='lat' dir='ltr'><strong>Graece,</strong></span> <span class='ocrx_word' id='word_1_484' title='bbox 643 3983 1160 4053; x_wconf 89' lang='lat' dir='ltr'><strong>recentioribusque</strong></span> <span class='ocrx_word' id='word_1_485' title='bbox 1192 3982 1525 4053; x_wconf 87' lang='lat' dir='ltr'><strong>Menologiis</strong></span> <span class='ocrx_word' id='word_1_486' title='bbox 1548 3982 1739 4039; x_wconf 69' lang='lat' dir='ltr'><strong>Graece</strong></span> <span class='ocrx_word' id='word_1_487' title='bbox 1769 3985 2117 4056; x_wconf 88' lang='lat' dir='ltr'><strong>supplentes.</strong></span> <span class='ocrx_word' id='word_1_488' title='bbox 2144 3988 2404 4045; x_wconf 90' lang='lat' dir='ltr'><strong>Latinam</strong></span> <span class='ocrx_word' id='word_1_489' title='bbox 2444 3989 2697 4057; x_wconf 89' lang='lat' dir='ltr'><strong>ejusdem</strong></span> <span class='ocrx_word' id='word_1_490' title='bbox 2756 3987 3076 4043; x_wconf 87' lang='lat' dir='ltr'><strong>versionem</strong></span> <span class='ocrx_word' id='word_1_491' title='bbox 3134 3986 3505 4040; x_wconf 89' lang='lat' dir='ltr'><strong>adornarunt.</strong></span> <span class='ocrx_word' id='word_1_492' title='bbox 3571 3985 3814 4036; x_wconf 72' lang='lat' dir='ltr'><strong>Caeteros</strong></span> 
     </span>
    </p>
   </div>
   <div class='ocr_carea' id='block_1_42' title="bbox 395 4070 3813 4147">
    <p class='ocr_par' dir='ltr' id='par_1_42' title="bbox 395 4070 3813 4147">
     <span class='ocr_line' id='line_1_42' title="bbox 395 4070 3813 4147; baseline -0.002 -16"><span class='ocrx_word' id='word_1_493' title='bbox 395 4076 604 4143; x_wconf 89' lang='lat' dir='ltr'><strong>Martii,</strong></span> <span class='ocrx_word' id='word_1_494' title='bbox 636 4073 792 4129; x_wconf 87' lang='lat' dir='ltr'><strong>Junii</strong></span> <span class='ocrx_word' id='word_1_495' title='bbox 823 4090 890 4129; x_wconf 88' lang='lat' dir='ltr'><strong>ac</strong></span> <span class='ocrx_word' id='word_1_496' title='bbox 923 4072 1054 4128; x_wconf 92' lang='lat' dir='ltr'><strong>Iulii</strong></span> <span class='ocrx_word' id='word_1_497' title='bbox 1085 4072 1208 4127; x_wconf 86' lang='lat' dir='ltr'><strong>dies</strong></span> <span class='ocrx_word' id='word_1_498' title='bbox 1249 4087 1279 4126; x_wconf 90' lang='lat' dir='ltr'><strong>e</strong></span> <span class='ocrx_word' id='word_1_499' title='bbox 1326 4071 1520 4127; x_wconf 75' lang='lat' dir='ltr'><strong>Graeco</strong></span> <span class='ocrx_word' id='word_1_500' title='bbox 1553 4089 1819 4129; x_wconf 88' lang='lat' dir='ltr'><strong>sermone</strong></span> <span class='ocrx_word' id='word_1_501' title='bbox 1880 4075 2104 4133; x_wconf 88' lang='lat' dir='ltr'><strong>Latinos</strong></span> <span class='ocrx_word' id='word_1_502' title='bbox 2137 4078 2270 4134; x_wconf 92' lang='lat' dir='ltr'><strong>fecit</strong></span> <span class='ocrx_word' id='word_1_503' title='bbox 2324 4078 2405 4147; x_wconf 90' lang='lat' dir='ltr'><strong>P,)</strong></span> <span class='ocrx_word' id='word_1_504' title='bbox 2435 4083 2635 4134; x_wconf 88' lang='lat' dir='ltr'><strong>Petrus</strong></span> <span class='ocrx_word' id='word_1_505' title='bbox 2673 4077 3023 4133; x_wconf 90' lang='lat' dir='ltr'><strong>Benedictus</strong></span> <span class='ocrx_word' id='word_1_506' title='bbox 3067 4091 3098 4131; x_wconf 94' lang='lat' dir='ltr'><strong>e</strong></span> <span class='ocrx_word' id='word_1_507' title='bbox 3146 4073 3605 4136; x_wconf 81' lang='lat' dir='ltr'><strong>Societatelesu,</strong></span> <span class='ocrx_word' id='word_1_508' title='bbox 3631 4070 3813 4138; x_wconf 85' lang='lat' dir='ltr'><strong>Syrus</strong></span> 
     </span>
    </p>
   </div>
   <div class='ocr_carea' id='block_1_43' title="bbox 394 4157 3813 4238">
    <p class='ocr_par' dir='ltr' id='par_1_43' title="bbox 394 4157 3813 4238">
     <span class='ocr_line' id='line_1_43' title="bbox 394 4157 3813 4238; baseline -0.003 -17"><span class='ocrx_word' id='word_1_509' title='bbox 394 4164 698 4232; x_wconf 86' lang='lat' dir='ltr'><strong>Maronita,</strong></span> <span class='ocrx_word' id='word_1_510' title='bbox 757 4163 838 4216; x_wconf 90' lang='lat' dir='ltr'><strong>vir</strong></span> <span class='ocrx_word' id='word_1_511' title='bbox 893 4161 1126 4227; x_wconf 88' lang='lat' dir='ltr'><strong>Latinis,</strong></span> <span class='ocrx_word' id='word_1_512' title='bbox 1187 4160 1417 4227; x_wconf 89' lang='lat' dir='ltr'><strong>Graecis,</strong></span> <span class='ocrx_word' id='word_1_513' title='bbox 1479 4162 1788 4229; x_wconf 80' lang='lat' dir='ltr'><strong>Hebraicis,</strong></span> <span class='ocrx_word' id='word_1_514' title='bbox 1840 4165 2105 4234; x_wconf 82' lang='lat' dir='ltr'><strong>Syriacis,</strong></span> <span class='ocrx_word' id='word_1_515' title='bbox 2179 4166 2552 4238; x_wconf 88' lang='lat' dir='ltr'><strong>Arabicisque</strong></span> <span class='ocrx_word' id='word_1_516' title='bbox 2624 4166 2802 4222; x_wconf 90' lang='lat' dir='ltr'><strong>literis</strong></span> <span class='ocrx_word' id='word_1_517' title='bbox 2858 4163 3311 4230; x_wconf 78' lang='lat' dir='ltr'><strong>excultissimus,</strong></span> <span class='ocrx_word' id='word_1_518' title='bbox 3390 4159 3485 4231; x_wconf 92' lang='lat' dir='ltr'><strong>qui</strong></span> <span class='ocrx_word' id='word_1_519' title='bbox 3550 4157 3813 4228; x_wconf 90' lang='lat' dir='ltr'><strong>ejusdem</strong></span> 
     </span>
    </p>
   </div>
   <div class='ocr_carea' id='block_1_44' title="bbox 392 4251 3812 4326">
    <p class='ocr_par' dir='ltr' id='par_1_44' title="bbox 392 4251 3812 4326">
     <span class='ocr_line' id='line_1_44' title="bbox 392 4251 3812 4326; baseline -0.003 -16"><span class='ocrx_word' id='word_1_520' title='bbox 392 4251 792 4311; x_wconf 88' lang='lat' dir='ltr'><strong>Clementile</strong></span> <span class='ocrx_word' id='word_1_521' title='bbox 837 4251 1028 4321; x_wconf 88' lang='lat' dir='ltr'><strong>jussu,</strong></span> <span class='ocrx_word' id='word_1_522' title='bbox 1083 4258 1396 4319; x_wconf 86' lang='lat' dir='ltr'><strong>martyrum</strong></span> <span class='ocrx_word' id='word_1_523' title='bbox 1451 4251 1622 4306; x_wconf 85' lang='lat' dir='ltr'><strong>etiam</strong></span> <span class='ocrx_word' id='word_1_524' title='bbox 1670 4252 1974 4310; x_wconf 89' lang='lat' dir='ltr'><strong>Persarum</strong></span> <span class='ocrx_word' id='word_1_525' title='bbox 2017 4255 2316 4312; x_wconf 87' lang='lat' dir='ltr'><strong>historiam</strong></span> <span class='ocrx_word' id='word_1_526' title='bbox 2372 4255 2442 4310; x_wconf 88' lang='lat' dir='ltr'><strong>ab</strong></span> <span class='ocrx_word' id='word_1_527' title='bbox 2501 4254 2907 4326; x_wconf 88' lang='lat' dir='ltr'><strong>antiquissimo</strong></span> <span class='ocrx_word' id='word_1_528' title='bbox 2966 4254 3111 4323; x_wconf 90' lang='lat' dir='ltr'><strong>Syro</strong></span> <span class='ocrx_word' id='word_1_529' title='bbox 3169 4252 3446 4322; x_wconf 87' lang='lat' dir='ltr'><strong>scriptore</strong></span> <span class='ocrx_word' id='word_1_530' title='bbox 3500 4252 3812 4316; x_wconf 88' lang='lat' dir='ltr'><strong>exaratam,</strong></span> 
     </span>
    </p>
   </div>
   <div class='ocr_carea' id='block_1_45' title="bbox 393 4335 3813 4414">
    <p class='ocr_par' dir='ltr' id='par_1_45' title="bbox 393 4335 3813 4414">
     <span class='ocr_line' id='line_1_45' title="bbox 393 4335 3813 4414; baseline -0.003 -16"><span class='ocrx_word' id='word_1_531' title='bbox 393 4344 749 4412; x_wconf 87' lang='lat' dir='ltr'><strong>aliorumque</strong></span> <span class='ocrx_word' id='word_1_532' title='bbox 773 4344 1100 4395; x_wconf 90' lang='lat' dir='ltr'><strong>sanctorum</strong></span> <span class='ocrx_word' id='word_1_533' title='bbox 1135 4354 1222 4393; x_wconf 89' lang='lat' dir='ltr'><strong>res</strong></span> <span class='ocrx_word' id='word_1_534' title='bbox 1277 4345 1466 4408; x_wconf 84' lang='lat' dir='ltr'><strong>gestas</strong></span> <span class='ocrx_word' id='word_1_535' title='bbox 1497 4339 1557 4394; x_wconf 91' lang='lat' dir='ltr'><strong>in</strong></span> <span class='ocrx_word' id='word_1_536' title='bbox 1601 4343 2086 4410; x_wconf 61' lang='lat' dir='ltr'><strong>praestantissimis</strong></span> <span class='ocrx_word' id='word_1_537' title='bbox 2139 4343 2435 4399; x_wconf 92' lang='lat' dir='ltr'><strong>codicibus</strong></span> <span class='ocrx_word' id='word_1_538' title='bbox 2485 4344 2735 4414; x_wconf 87' lang='lat' dir='ltr'><strong>Syriacis</strong></span> <span class='ocrx_word' id='word_1_539' title='bbox 2794 4343 3136 4414; x_wconf 90' lang='lat' dir='ltr'><strong>descriptas,</strong></span> <span class='ocrx_word' id='word_1_540' title='bbox 3173 4357 3319 4411; x_wconf 88' lang='lat' dir='ltr'><strong>quos</strong></span> <span class='ocrx_word' id='word_1_541' title='bbox 3351 4339 3502 4395; x_wconf 89' lang='lat' dir='ltr'><strong>idem</strong></span> <span class='ocrx_word' id='word_1_542' title='bbox 3555 4335 3813 4408; x_wconf 84' lang='lat' dir='ltr'><strong>pontifex</strong></span> 
     </span>
    </p>
   </div>
   <div class='ocr_carea' id='block_1_46' title="bbox 390 4424 3817 4502">
    <p class='ocr_par' dir='ltr' id='par_1_46' title="bbox 390 4424 3817 4502">
     <span class='ocr_line' id='line_1_46' title="bbox 390 4424 3817 4502; baseline -0.002 -14"><span class='ocrx_word' id='word_1_543' title='bbox 390 4449 457 4488; x_wconf 89' lang='lat' dir='ltr'><strong>ex</strong></span> <span class='ocrx_word' id='word_1_544' title='bbox 491 4431 736 4486; x_wconf 90' lang='lat' dir='ltr'><strong>Orientis</strong></span> <span class='ocrx_word' id='word_1_545' title='bbox 764 4429 994 4485; x_wconf 83' lang='lat' dir='ltr'><strong>latebris</strong></span> <span class='ocrx_word' id='word_1_546' title='bbox 1021 4427 1276 4493; x_wconf 89' lang='lat' dir='ltr'><strong>eductos,</strong></span> <span class='ocrx_word' id='word_1_547' title='bbox 1313 4444 1428 4482; x_wconf 91' lang='lat' dir='ltr'><strong>una</strong></span> <span class='ocrx_word' id='word_1_548' title='bbox 1459 4445 1588 4483; x_wconf 92' lang='lat' dir='ltr'><strong>cum</strong></span> <span class='ocrx_word' id='word_1_549' title='bbox 1622 4429 1881 4500; x_wconf 91' lang='lat' dir='ltr'><strong>pluribus</strong></span> <span class='ocrx_word' id='word_1_550' title='bbox 1913 4431 2042 4486; x_wconf 88' lang='lat' dir='ltr'><strong>aliis</strong></span> <span class='ocrx_word' id='word_1_551' title='bbox 2064 4431 2388 4502; x_wconf 89' lang='lat' dir='ltr'><strong>linguarum</strong></span> <span class='ocrx_word' id='word_1_552' title='bbox 2421 4433 2786 4489; x_wconf 89' lang='lat' dir='ltr'><strong>orientalium</strong></span> <span class='ocrx_word' id='word_1_553' title='bbox 2817 4432 3045 4490; x_wconf 85' lang='lat' dir='ltr'><strong>selectis</strong></span> <span class='ocrx_word' id='word_1_554' title='bbox 3078 4427 3580 4499; x_wconf 84' lang='lat' dir='ltr'><strong>manuscriptis,in</strong></span> <span class='ocrx_word' id='word_1_555' title='bbox 3615 4424 3817 4480; x_wconf 88' lang='lat' dir='ltr'><strong>biblio-</strong></span> 
     </span>
    </p>
   </div>
   <div class='ocr_carea' id='block_1_47' title="bbox 386 4514 3811 4590">
    <p class='ocr_par' dir='ltr' id='par_1_47' title="bbox 386 4514 3811 4590">
     <span class='ocr_line' id='line_1_47' title="bbox 386 4514 3811 4590; baseline -0.002 -12"><span class='ocrx_word' id='word_1_556' title='bbox 386 4523 549 4578; x_wconf 83' lang='lat' dir='ltr'><strong>theca</strong></span> <span class='ocrx_word' id='word_1_557' title='bbox 569 4521 846 4575; x_wconf 60' lang='lat' dir='ltr'><strong>Vaticana</strong></span> <span class='ocrx_word' id='word_1_558' title='bbox 869 4519 941 4573; x_wconf 88' lang='lat' dir='ltr'><strong>ad</strong></span> <span class='ocrx_word' id='word_1_559' title='bbox 975 4533 1342 4574; x_wconf 90' lang='lat' dir='ltr'><strong>communem</strong></span> <span class='ocrx_word' id='word_1_560' title='bbox 1378 4518 1679 4574; x_wconf 89' lang='lat' dir='ltr'><strong>utilitatem</strong></span> <span class='ocrx_word' id='word_1_561' title='bbox 1725 4521 2026 4588; x_wconf 82' lang='lat' dir='ltr'><strong>dedicavit,</strong></span> <span class='ocrx_word' id='word_1_562' title='bbox 2089 4522 2149 4577; x_wconf 92' lang='lat' dir='ltr'><strong>in</strong></span> <span class='ocrx_word' id='word_1_563' title='bbox 2211 4523 2479 4578; x_wconf 90' lang='lat' dir='ltr'><strong>Latinum</strong></span> <span class='ocrx_word' id='word_1_564' title='bbox 2529 4539 2856 4580; x_wconf 90' lang='lat' dir='ltr'><strong>sermonem</strong></span> <span class='ocrx_word' id='word_1_565' title='bbox 2915 4521 3216 4590; x_wconf 90' lang='lat' dir='ltr'><strong>convertit,</strong></span> <span class='ocrx_word' id='word_1_566' title='bbox 3279 4519 3622 4589; x_wconf 90' lang='lat' dir='ltr'><strong>easdemque</strong></span> <span class='ocrx_word' id='word_1_567' title='bbox 3652 4514 3811 4586; x_wconf 87' lang='lat' dir='ltr'><strong>typis</strong></span> 
     </span>
    </p>
   </div>
   <div class='ocr_carea' id='block_1_48' title="bbox 388 4608 1448 4683">
    <p class='ocr_par' dir='ltr' id='par_1_48' title="bbox 388 4608 1448 4683">
     <span class='ocr_line' id='line_1_48' title="bbox 388 4608 1448 4683; baseline -0.007 -16"><span class='ocrx_word' id='word_1_568' title='bbox 388 4611 718 4683; x_wconf 89' lang='lat' dir='ltr'><strong>propediem</strong></span> <span class='ocrx_word' id='word_1_569' title='bbox 744 4608 994 4664; x_wconf 89' lang='lat' dir='ltr'><strong>edendas</strong></span> <span class='ocrx_word' id='word_1_570' title='bbox 1024 4616 1448 4678; x_wconf 82' lang='lat' dir='ltr'><strong>exspectamus.</strong></span> 
     </span>
    </p>
   </div>
   <div class='ocr_carea' id='block_1_49' title="bbox 463 4693 3803 4773">
    <p class='ocr_par' dir='ltr' id='par_1_49' title="bbox 463 4693 3803 4773">
     <span class='ocr_line' id='line_1_49' title="bbox 463 4693 3803 4773; baseline -0.002 -19"><span class='ocrx_word' id='word_1_571' title='bbox 463 4705 644 4767; x_wconf 80' lang='lat' dir='ltr'><strong>Quam</strong></span> <span class='ocrx_word' id='word_1_572' title='bbox 676 4714 803 4754; x_wconf 86' lang='lat' dir='ltr'><strong>vero</strong></span> <span class='ocrx_word' id='word_1_573' title='bbox 843 4697 990 4752; x_wconf 91' lang='lat' dir='ltr'><strong>Petri</strong></span> <span class='ocrx_word' id='word_1_574' title='bbox 1047 4698 1286 4752; x_wconf 89' lang='lat' dir='ltr'><strong>Arcudii</strong></span> <span class='ocrx_word' id='word_1_575' title='bbox 1330 4699 1566 4754; x_wconf 91' lang='lat' dir='ltr'><strong>nomine</strong></span> <span class='ocrx_word' id='word_1_576' title='bbox 1624 4698 1896 4769; x_wconf 81' lang='lat' dir='ltr'><strong>Ughellus</strong></span> <span class='ocrx_word' id='word_1_577' title='bbox 1954 4700 2204 4773; x_wconf 86' lang='lat' dir='ltr'><strong>vulgavit</strong></span> <span class='ocrx_word' id='word_1_578' title='bbox 2247 4701 2491 4773; x_wconf 91' lang='lat' dir='ltr'><strong>priorem</strong></span> <span class='ocrx_word' id='word_1_579' title='bbox 2551 4707 2884 4760; x_wconf 88' lang='lat' dir='ltr'><strong>semestrem</strong></span> <span class='ocrx_word' id='word_1_580' title='bbox 2946 4698 3252 4770; x_wconf 87' lang='lat' dir='ltr'><strong>Menologii</strong></span> <span class='ocrx_word' id='word_1_581' title='bbox 3299 4700 3546 4769; x_wconf 89' lang='lat' dir='ltr'><strong>partem,</strong></span> <span class='ocrx_word' id='word_1_582' title='bbox 3579 4712 3609 4749; x_wconf 85' lang='lat' dir='ltr'><strong>a</strong></span> <span class='ocrx_word' id='word_1_583' title='bbox 3641 4693 3714 4750; x_wconf 93' lang='lat' dir='ltr'><strong>el.</strong></span> <span class='ocrx_word' id='word_1_584' title='bbox 3753 4709 3803 4748; x_wconf 92' lang='lat' dir='ltr'><strong>v.</strong></span> 
     </span>
    </p>
   </div>
   <div class='ocr_carea' id='block_1_50' title="bbox 387 4784 3808 4864">
    <p class='ocr_par' dir='ltr' id='par_1_50' title="bbox 387 4784 3808 4864">
     <span class='ocr_line' id='line_1_50' title="bbox 387 4784 3808 4864; baseline -0.003 -18"><span class='ocrx_word' id='word_1_585' title='bbox 387 4790 633 4861; x_wconf 87' lang='lat' dir='ltr'><strong>Josepho</strong></span> <span class='ocrx_word' id='word_1_586' title='bbox 652 4788 908 4844; x_wconf 89' lang='lat' dir='ltr'><strong>Simonio</strong></span> <span class='ocrx_word' id='word_1_587' title='bbox 943 4793 1258 4842; x_wconf 75' lang='lat' dir='ltr'><strong>Assemano</strong></span> <span class='ocrx_word' id='word_1_588' title='bbox 1308 4803 1516 4856; x_wconf 85' lang='lat' dir='ltr'><strong>sacros,</strong></span> <span class='ocrx_word' id='word_1_589' title='bbox 1581 4789 1829 4844; x_wconf 84' lang='lat' dir='ltr'><strong>basilicae</strong></span> <span class='ocrx_word' id='word_1_590' title='bbox 1873 4790 2155 4847; x_wconf 68' lang='lat' dir='ltr'><strong>Vaticana:</strong></span> <span class='ocrx_word' id='word_1_591' title='bbox 2217 4793 2542 4863; x_wconf 84' lang='lat' dir='ltr'><strong>presbytero</strong></span> <span class='ocrx_word' id='word_1_592' title='bbox 2572 4794 2932 4862; x_wconf 83' lang='lat' dir='ltr'><strong>beneficiato,</strong></span> <span class='ocrx_word' id='word_1_593' title='bbox 2981 4793 3082 4864; x_wconf 88' lang='lat' dir='ltr'><strong>qui</strong></span> <span class='ocrx_word' id='word_1_594' title='bbox 3113 4790 3346 4846; x_wconf 90' lang='lat' dir='ltr'><strong>eosdem</strong></span> <span class='ocrx_word' id='word_1_595' title='bbox 3366 4787 3590 4844; x_wconf 91' lang='lat' dir='ltr'><strong>codices</strong></span> <span class='ocrx_word' id='word_1_596' title='bbox 3619 4784 3808 4840; x_wconf 87' lang='lat' dir='ltr'><strong>orien-</strong></span> 
     </span>
    </p>
   </div>
   <div class='ocr_carea' id='block_1_51' title="bbox 391 4875 3806 4955">
    <p class='ocr_par' dir='ltr' id='par_1_51' title="bbox 391 4875 3806 4955">
     <span class='ocr_line' id='line_1_51' title="bbox 391 4875 3806 4955; baseline -0.002 -21"><span class='ocrx_word' id='word_1_597' title='bbox 391 4882 533 4936; x_wconf 88' lang='lat' dir='ltr'><strong>tales</strong></span> <span class='ocrx_word' id='word_1_598' title='bbox 582 4880 640 4934; x_wconf 91' lang='lat' dir='ltr'><strong>in</strong></span> <span class='ocrx_word' id='word_1_599' title='bbox 691 4878 1037 4933; x_wconf 88' lang='lat' dir='ltr'><strong>bibliotheca</strong></span> <span class='ocrx_word' id='word_1_600' title='bbox 1082 4877 1752 4933; x_wconf 82' lang='lat' dir='ltr'><strong>Clementiae-Vaticana</strong></span> <span class='ocrx_word' id='word_1_601' title='bbox 1809 4881 2116 4951; x_wconf 90' lang='lat' dir='ltr'><strong>recensuit,</strong></span> <span class='ocrx_word' id='word_1_602' title='bbox 2170 4883 2504 4952; x_wconf 82' lang='lat' dir='ltr'><strong>castigatam</strong></span> <span class='ocrx_word' id='word_1_603' title='bbox 2553 4901 2810 4955; x_wconf 88' lang='lat' dir='ltr'><strong>novaque</strong></span> <span class='ocrx_word' id='word_1_604' title='bbox 2864 4881 3279 4954; x_wconf 85' lang='lat' dir='ltr'><strong>prepemodum</strong></span> <span class='ocrx_word' id='word_1_605' title='bbox 3332 4875 3806 4948; x_wconf 88' lang='lat' dir='ltr'><strong>interpretatione</strong></span> 
     </span>
    </p>
   </div>
   <div class='ocr_carea' id='block_1_52' title="bbox 390 4962 3808 5042">
    <p class='ocr_par' dir='ltr' id='par_1_52' title="bbox 390 4962 3808 5042">
     <span class='ocr_line' id='line_1_52' title="bbox 390 4962 3808 5042; baseline -0.003 -16"><span class='ocrx_word' id='word_1_606' title='bbox 390 4973 656 5026; x_wconf 74' lang='lat' dir='ltr'><strong>donatam</strong></span> <span class='ocrx_word' id='word_1_607' title='bbox 689 4967 912 5022; x_wconf 83' lang='lat' dir='ltr'><strong>edimus</strong></span> <span class='ocrx_word' id='word_1_608' title='bbox 950 4984 1020 5021; x_wconf 89' lang='lat' dir='ltr'><strong>:a</strong></span> <span class='ocrx_word' id='word_1_609' title='bbox 1050 4971 1242 5021; x_wconf 64' lang='lat' dir='ltr'><strong>Graeco</strong></span> <span class='ocrx_word' id='word_1_610' title='bbox 1278 4967 1434 5021; x_wconf 91' lang='lat' dir='ltr'><strong>enim</strong></span> <span class='ocrx_word' id='word_1_611' title='bbox 1469 4973 1621 5022; x_wconf 85' lang='lat' dir='ltr'><strong>textu</strong></span> <span class='ocrx_word' id='word_1_612' title='bbox 1655 4984 1824 5038; x_wconf 90' lang='lat' dir='ltr'><strong>quam</strong></span> <span class='ocrx_word' id='word_1_613' title='bbox 1853 4969 2185 5042; x_wconf 86' lang='lat' dir='ltr'><strong>longissime</strong></span> <span class='ocrx_word' id='word_1_614' title='bbox 2217 4973 2480 5041; x_wconf 88' lang='lat' dir='ltr'><strong>distabat,</strong></span> <span class='ocrx_word' id='word_1_615' title='bbox 2517 4974 3001 5042; x_wconf 87' lang='lat' dir='ltr'><strong>quemadmodum</strong></span> <span class='ocrx_word' id='word_1_616' title='bbox 3051 4972 3199 5026; x_wconf 85' lang='lat' dir='ltr'><strong>facta</strong></span> <span class='ocrx_word' id='word_1_617' title='bbox 3247 4966 3554 5024; x_wconf 85' lang='lat' dir='ltr'><strong>collatione</strong></span> <span class='ocrx_word' id='word_1_618' title='bbox 3586 4962 3808 5035; x_wconf 84' lang='lat' dir='ltr'><strong>perspi-</strong></span> 
     </span>
    </p>
   </div>
   <div class='ocr_carea' id='block_1_53' title="bbox 387 5055 3805 5134">
    <p class='ocr_par' dir='ltr' id='par_1_53' title="bbox 387 5055 3805 5134">
     <span class='ocr_line' id='line_1_53' title="bbox 387 5055 3805 5134; baseline -0.002 -18"><span class='ocrx_word' id='word_1_619' title='bbox 387 5077 558 5116; x_wconf 86' lang='lat' dir='ltr'><strong>cuum</strong></span> <span class='ocrx_word' id='word_1_620' title='bbox 594 5058 808 5113; x_wconf 79' lang='lat' dir='ltr'><strong>reditur</strong></span> <span class='ocrx_word' id='word_1_621' title='bbox 841 5072 852 5111; x_wconf 89' lang='lat'>:</span> <span class='ocrx_word' id='word_1_622' title='bbox 881 5057 1055 5110; x_wconf 88' lang='lat' dir='ltr'><strong>multa</strong></span> <span class='ocrx_word' id='word_1_623' title='bbox 1106 5056 1387 5125; x_wconf 88' lang='lat' dir='ltr'><strong>siquidem</strong></span> <span class='ocrx_word' id='word_1_624' title='bbox 1419 5055 1488 5110; x_wconf 87' lang='lat' dir='ltr'><strong>ab</strong></span> <span class='ocrx_word' id='word_1_625' title='bbox 1527 5055 1842 5127; x_wconf 89' lang='lat' dir='ltr'><strong>interprete</strong></span> <span class='ocrx_word' id='word_1_626' title='bbox 1892 5076 2186 5131; x_wconf 82' lang='lat' dir='ltr'><strong>perperam</strong></span> <span class='ocrx_word' id='word_1_627' title='bbox 2219 5063 2438 5134; x_wconf 82' lang='lat' dir='ltr'><strong>adjecta</strong></span> <span class='ocrx_word' id='word_1_628' title='bbox 2493 5064 2579 5119; x_wconf 91' lang='lat' dir='ltr'><strong>vel</strong></span> <span class='ocrx_word' id='word_1_629' title='bbox 2630 5062 3012 5134; x_wconf 81' lang='lat' dir='ltr'><strong>praetermissa</strong></span> <span class='ocrx_word' id='word_1_630' title='bbox 3046 5079 3060 5128; x_wconf 91' lang='lat'><strong>;</strong></span> <span class='ocrx_word' id='word_1_631' title='bbox 3095 5060 3348 5130; x_wconf 82' lang='lat' dir='ltr'><strong>quaedam</strong></span> <span class='ocrx_word' id='word_1_632' title='bbox 3405 5057 3516 5111; x_wconf 90' lang='lat' dir='ltr'><strong>alio</strong></span> <span class='ocrx_word' id='word_1_633' title='bbox 3549 5068 3805 5126; x_wconf 86' lang='lat' dir='ltr'><strong>prorsus,</strong></span> 
     </span>
    </p>
   </div>
   <div class='ocr_carea' id='block_1_54' title="bbox 383 5144 3800 5220">
    <p class='ocr_par' dir='ltr' id='par_1_54' title="bbox 383 5144 3800 5220">
     <span class='ocr_line' id='line_1_54' title="bbox 383 5144 3800 5220; baseline -0.002 -17"><span class='ocrx_word' id='word_1_634' title='bbox 383 5166 556 5218; x_wconf 81' lang='lat' dir='ltr'><strong>quam</strong></span> <span class='ocrx_word' id='word_1_635' title='bbox 611 5155 792 5202; x_wconf 82' lang='lat' dir='ltr'><strong>textus</strong></span> <span class='ocrx_word' id='word_1_636' title='bbox 851 5146 1077 5216; x_wconf 87' lang='lat' dir='ltr'><strong>patitur,</strong></span> <span class='ocrx_word' id='word_1_637' title='bbox 1131 5160 1301 5200; x_wconf 90' lang='lat' dir='ltr'><strong>sensu</strong></span> <span class='ocrx_word' id='word_1_638' title='bbox 1361 5145 1618 5214; x_wconf 76' lang='lat' dir='ltr'><strong>eXposita</strong></span> <span class='ocrx_word' id='word_1_639' title='bbox 1673 5167 1686 5216; x_wconf 72' lang='grc' dir='ltr'>ς</span> <span class='ocrx_word' id='word_1_640' title='bbox 1746 5157 2009 5220; x_wconf 81' lang='lat' dir='ltr'><strong>corrUpta</strong></span> <span class='ocrx_word' id='word_1_641' title='bbox 2068 5151 2280 5208; x_wconf 89' lang='lat' dir='ltr'><strong>alicubi</strong></span> <span class='ocrx_word' id='word_1_642' title='bbox 2339 5159 2665 5208; x_wconf 91' lang='lat' dir='ltr'><strong>sanctorum</strong></span> <span class='ocrx_word' id='word_1_643' title='bbox 2717 5153 2888 5207; x_wconf 89' lang='lat' dir='ltr'><strong>etiam</strong></span> <span class='ocrx_word' id='word_1_644' title='bbox 2942 5149 3238 5216; x_wconf 88' lang='lat' dir='ltr'><strong>nomina;</strong></span> <span class='ocrx_word' id='word_1_645' title='bbox 3305 5146 3512 5216; x_wconf 89' lang='lat' dir='ltr'><strong>ubique</strong></span> <span class='ocrx_word' id='word_1_646' title='bbox 3569 5144 3800 5199; x_wconf 89' lang='lat' dir='ltr'><strong>demum</strong></span> 
     </span>
    </p>
   </div>
   <div class='ocr_carea' id='block_1_55' title="bbox 378 5233 3812 5313">
    <p class='ocr_par' dir='ltr' id='par_1_55' title="bbox 378 5233 3812 5313">
     <span class='ocr_line' id='line_1_55' title="bbox 378 5233 3812 5313; baseline -0.002 -20"><span class='ocrx_word' id='word_1_647' title='bbox 378 5238 776 5310; x_wconf 77' lang='lat' dir='ltr'><strong>paraphrasim</strong></span> <span class='ocrx_word' id='word_1_648' title='bbox 814 5235 1019 5306; x_wconf 87' lang='lat' dir='ltr'><strong>potius,</strong></span> <span class='ocrx_word' id='word_1_649' title='bbox 1051 5251 1216 5305; x_wconf 88' lang='lat' dir='ltr'><strong>quam</strong></span> <span class='ocrx_word' id='word_1_650' title='bbox 1253 5233 1478 5289; x_wconf 82' lang='lat' dir='ltr'><strong>fidelem</strong></span> <span class='ocrx_word' id='word_1_651' title='bbox 1514 5236 1833 5294; x_wconf 90' lang='lat' dir='ltr'><strong>versionem</strong></span> <span class='ocrx_word' id='word_1_652' title='bbox 1867 5255 2101 5297; x_wconf 88' lang='lat' dir='ltr'><strong>cernere</strong></span> <span class='ocrx_word' id='word_1_653' title='bbox 2131 5251 2215 5297; x_wconf 92' lang='lat' dir='ltr'><strong>est</strong></span> <span class='ocrx_word' id='word_1_654' title='bbox 2237 5258 2250 5297; x_wconf 89' lang='lat'><strong>:</strong></span> <span class='ocrx_word' id='word_1_655' title='bbox 2273 5242 2502 5310; x_wconf 87' lang='lat' dir='ltr'><strong>adeo,ut</strong></span> <span class='ocrx_word' id='word_1_656' title='bbox 2532 5244 2847 5313; x_wconf 90' lang='lat' dir='ltr'><strong>genuinum</strong></span> <span class='ocrx_word' id='word_1_657' title='bbox 2881 5239 3115 5297; x_wconf 83' lang='lat' dir='ltr'><strong>Arcudii</strong></span> <span class='ocrx_word' id='word_1_658' title='bbox 3143 5237 3252 5294; x_wconf 88' lang='lat' dir='ltr'><strong>viri</strong></span> <span class='ocrx_word' id='word_1_659' title='bbox 3283 5237 3477 5292; x_wconf 66' lang='lat' dir='ltr'><strong>Graece</strong></span> <span class='ocrx_word' id='word_1_660' title='bbox 3507 5233 3812 5303; x_wconf 89' lang='lat' dir='ltr'><strong>Latineque</strong></span> 
     </span>
    </p>
   </div>
   <div class='ocr_carea' id='block_1_56' title="bbox 381 5323 2696 5401">
    <p class='ocr_par' dir='ltr' id='par_1_56' title="bbox 381 5323 2696 5401">
     <span class='ocr_line' id='line_1_56' title="bbox 381 5323 2696 5401; baseline 0 -17"><span class='ocrx_word' id='word_1_661' title='bbox 381 5327 697 5384; x_wconf 80' lang='lat' dir='ltr'><strong>doctissimi</strong></span> <span class='ocrx_word' id='word_1_662' title='bbox 730 5326 905 5381; x_wconf 89' lang='lat' dir='ltr'><strong>fetum</strong></span> <span class='ocrx_word' id='word_1_663' title='bbox 938 5340 1080 5392; x_wconf 86' lang='lat' dir='ltr'><strong>esse,</strong></span> <span class='ocrx_word' id='word_1_664' title='bbox 1115 5323 1324 5379; x_wconf 87' lang='lat' dir='ltr'><strong>eruditi</strong></span> <span class='ocrx_word' id='word_1_665' title='bbox 1359 5323 1447 5378; x_wconf 82' lang='lat' dir='ltr'><strong>vix</strong></span> <span class='ocrx_word' id='word_1_666' title='bbox 1481 5325 1802 5396; x_wconf 89' lang='lat' dir='ltr'><strong>crederent,</strong></span> <span class='ocrx_word' id='word_1_667' title='bbox 1840 5329 1952 5384; x_wconf 90' lang='lat' dir='ltr'><strong>nisi</strong></span> <span class='ocrx_word' id='word_1_668' title='bbox 1986 5327 2258 5401; x_wconf 89' lang='lat' dir='ltr'><strong>Ughellus</strong></span> <span class='ocrx_word' id='word_1_669' title='bbox 2281 5331 2334 5387; x_wconf 92' lang='lat' dir='ltr'><strong>id</strong></span> <span class='ocrx_word' id='word_1_670' title='bbox 2367 5331 2696 5387; x_wconf 87' lang='lat' dir='ltr'><strong>affirmaret.</strong></span> 
     </span>
    </p>
   </div>
   <div class='ocr_carea' id='block_1_57' title="bbox 452 5413 3801 5489">
    <p class='ocr_par' dir='ltr' id='par_1_57' title="bbox 452 5413 3801 5489">
     <span class='ocr_line' id='line_1_57' title="bbox 452 5413 3801 5489; baseline -0.003 -15"><span class='ocrx_word' id='word_1_671' title='bbox 452 5423 515 5474; x_wconf 92' lang='lat' dir='ltr'><strong>In</strong></span> <span class='ocrx_word' id='word_1_672' title='bbox 549 5419 725 5473; x_wconf 86' lang='lat' dir='ltr'><strong>altera</strong></span> <span class='ocrx_word' id='word_1_673' title='bbox 760 5415 1020 5471; x_wconf 89' lang='lat' dir='ltr'><strong>semestri</strong></span> <span class='ocrx_word' id='word_1_674' title='bbox 1054 5421 1234 5485; x_wconf 81' lang='lat' dir='ltr'><strong>parte,</strong></span> <span class='ocrx_word' id='word_1_675' title='bbox 1286 5430 1479 5484; x_wconf 82' lang='lat' dir='ltr'><strong>quam,</strong></span> <span class='ocrx_word' id='word_1_676' title='bbox 1521 5419 1581 5468; x_wconf 87' lang='lat' dir='ltr'><strong>ut</strong></span> <span class='ocrx_word' id='word_1_677' title='bbox 1629 5431 1801 5486; x_wconf 89' lang='lat' dir='ltr'><strong>supra</strong></span> <span class='ocrx_word' id='word_1_678' title='bbox 1827 5419 2044 5475; x_wconf 89' lang='lat' dir='ltr'><strong>dictum</strong></span> <span class='ocrx_word' id='word_1_679' title='bbox 2075 5425 2184 5489; x_wconf 89' lang='lat' dir='ltr'><strong>est,</strong></span> <span class='ocrx_word' id='word_1_680' title='bbox 2215 5421 2494 5478; x_wconf 92' lang='lat' dir='ltr'><strong>Clementi</strong></span> <span class='ocrx_word' id='word_1_681' title='bbox 2530 5419 2918 5487; x_wconf 86' lang='lat' dir='ltr'><strong>deebemus,</strong></span> <span class='ocrx_word' id='word_1_682' title='bbox 2944 5415 3163 5473; x_wconf 88' lang='lat' dir='ltr'><strong>avulsis</strong></span> <span class='ocrx_word' id='word_1_683' title='bbox 3195 5417 3264 5472; x_wconf 93' lang='lat' dir='ltr'><strong>ob</strong></span> <span class='ocrx_word' id='word_1_684' title='bbox 3297 5413 3516 5472; x_wconf 89' lang='lat' dir='ltr'><strong>codicis</strong></span> <span class='ocrx_word' id='word_1_685' title='bbox 3550 5416 3801 5467; x_wconf 82' lang='lat' dir='ltr'><strong>vetusta-</strong></span> 
     </span>
    </p>
   </div>
   <div class='ocr_carea' id='block_1_58' title="bbox 384 5499 3806 5580">
    <p class='ocr_par' dir='ltr' id='par_1_58' title="bbox 384 5499 3806 5580">
     <span class='ocr_line' id='line_1_58' title="bbox 384 5499 3806 5580; baseline -0.002 -17"><span class='ocrx_word' id='word_1_686' title='bbox 384 5518 491 5563; x_wconf 85' lang='lat' dir='ltr'><strong>tem</strong></span> <span class='ocrx_word' id='word_1_687' title='bbox 519 5507 816 5562; x_wconf 84' lang='lat' dir='ltr'><strong>nonnullis</strong></span> <span class='ocrx_word' id='word_1_688' title='bbox 879 5504 1046 5570; x_wconf 90' lang='lat' dir='ltr'><strong>foliis,</strong></span> <span class='ocrx_word' id='word_1_689' title='bbox 1097 5504 1218 5556; x_wconf 88' lang='lat' dir='ltr'><strong>dies</strong></span> <span class='ocrx_word' id='word_1_690' title='bbox 1269 5503 1481 5572; x_wconf 80' lang='lat' dir='ltr'><strong>aliquot</strong></span> <span class='ocrx_word' id='word_1_691' title='bbox 1539 5505 1986 5565; x_wconf 88' lang='lat' dir='ltr'><strong>desiderantur:</strong></span> <span class='ocrx_word' id='word_1_692' title='bbox 2043 5511 2321 5566; x_wconf 88' lang='lat' dir='ltr'><strong>nimirum</strong></span> <span class='ocrx_word' id='word_1_693' title='bbox 2378 5510 2533 5566; x_wconf 84' lang='lat' dir='ltr'><strong>Junii</strong></span> <span class='ocrx_word' id='word_1_694' title='bbox 2584 5509 2673 5579; x_wconf 86' lang='lat' dir='ltr'><strong>IX,</strong></span> <span class='ocrx_word' id='word_1_695' title='bbox 2735 5512 2806 5580; x_wconf 84' lang='lat' dir='ltr'><strong>X,</strong></span> <span class='ocrx_word' id='word_1_696' title='bbox 2850 5509 2946 5576; x_wconf 87' lang='lat' dir='ltr'><strong>XI,</strong></span> <span class='ocrx_word' id='word_1_697' title='bbox 3009 5505 3248 5578; x_wconf 90' lang='lat' dir='ltr'><strong>Augusti</strong></span> <span class='ocrx_word' id='word_1_698' title='bbox 3317 5504 3411 5571; x_wconf 93' lang='lat' dir='ltr'><strong>IV,</strong></span> <span class='ocrx_word' id='word_1_699' title='bbox 3457 5502 3600 5572; x_wconf 88' lang='lat' dir='ltr'><strong>Xlll,</strong></span> <span class='ocrx_word' id='word_1_700' title='bbox 3665 5499 3806 5567; x_wconf 89' lang='lat' dir='ltr'><strong>XIV,</strong></span> 
     </span>
    </p>
   </div>
   <div class='ocr_carea' id='block_1_59' title="bbox 389 5591 3299 5670">
    <p class='ocr_par' dir='ltr' id='par_1_59' title="bbox 389 5591 3299 5670">
     <span class='ocr_line' id='line_1_59' title="bbox 389 5591 3299 5670; baseline -0 -18"><span class='ocrx_word' id='word_1_701' title='bbox 389 5597 640 5664; x_wconf 80' lang='lat' dir='ltr'><strong>XXVIII,</strong></span> <span class='ocrx_word' id='word_1_702' title='bbox 675 5596 857 5661; x_wconf 79' lang='lat' dir='ltr'><strong>XXIX,</strong></span> <span class='ocrx_word' id='word_1_703' title='bbox 885 5593 1056 5663; x_wconf 87' lang='lat' dir='ltr'><strong>XXX,</strong></span> <span class='ocrx_word' id='word_1_704' title='bbox 1080 5591 1270 5647; x_wconf 83' lang='lat' dir='ltr'><strong>XXXI.</strong></span> <span class='ocrx_word' id='word_1_705' title='bbox 1305 5596 1410 5647; x_wconf 83' lang='lat' dir='ltr'><strong>Eos</strong></span> <span class='ocrx_word' id='word_1_706' title='bbox 1442 5608 1509 5647; x_wconf 84' lang='lat' dir='ltr'><strong>ex</strong></span> <span class='ocrx_word' id='word_1_707' title='bbox 1540 5593 1772 5652; x_wconf 64' lang='lat' dir='ltr'><strong>Menaeis</strong></span> <span class='ocrx_word' id='word_1_708' title='bbox 1801 5600 2028 5655; x_wconf 88' lang='lat' dir='ltr'><strong>excusis</strong></span> <span class='ocrx_word' id='word_1_709' title='bbox 2056 5600 2372 5670; x_wconf 90' lang='lat' dir='ltr'><strong>descriptos</strong></span> <span class='ocrx_word' id='word_1_710' title='bbox 2405 5599 2714 5670; x_wconf 88' lang='lat' dir='ltr'><strong>Latineque</strong></span> <span class='ocrx_word' id='word_1_711' title='bbox 2743 5615 2939 5656; x_wconf 90' lang='lat' dir='ltr'><strong>versos</strong></span> <span class='ocrx_word' id='word_1_712' title='bbox 2969 5597 3299 5667; x_wconf 88' lang='lat' dir='ltr'><strong>adjicimus.</strong></span> 
     </span>
    </p>
   </div>
   <div class='ocr_carea' id='block_1_60' title="bbox 390 5682 3805 5760">
    <p class='ocr_par' dir='ltr' id='par_1_60' title="bbox 390 5682 3805 5760">
     <span class='ocr_line' id='line_1_60' title="bbox 390 5682 3805 5760; baseline -0.001 -18"><span class='ocrx_word' id='word_1_713' title='bbox 390 5688 734 5742; x_wconf 84' lang='lat' dir='ltr'><strong>Sanctorum</strong></span> <span class='ocrx_word' id='word_1_714' title='bbox 769 5685 1068 5754; x_wconf 79' lang='lat' dir='ltr'><strong>imagines,</strong></span> <span class='ocrx_word' id='word_1_715' title='bbox 1104 5688 1167 5737; x_wconf 92' lang='lat' dir='ltr'><strong>ut</strong></span> <span class='ocrx_word' id='word_1_716' title='bbox 1195 5682 1255 5736; x_wconf 90' lang='lat' dir='ltr'><strong>in</strong></span> <span class='ocrx_word' id='word_1_717' title='bbox 1285 5683 1633 5752; x_wconf 84' lang='lat' dir='ltr'><strong>autographo</strong></span> <span class='ocrx_word' id='word_1_718' title='bbox 1665 5684 1941 5745; x_wconf 88' lang='lat' dir='ltr'><strong>Vaticano</strong></span> <span class='ocrx_word' id='word_1_719' title='bbox 1990 5689 2448 5760; x_wconf 90' lang='lat' dir='ltr'><strong>conspiciuntur,</strong></span> <span class='ocrx_word' id='word_1_720' title='bbox 2495 5689 2580 5746; x_wconf 89' lang='lat' dir='ltr'><strong>sic</strong></span> <span class='ocrx_word' id='word_1_721' title='bbox 2631 5691 2701 5744; x_wconf 90' lang='lat' dir='ltr'><strong>ad</strong></span> <span class='ocrx_word' id='word_1_722' title='bbox 2763 5687 2951 5745; x_wconf 86' lang='lat' dir='ltr'><strong>vivum</strong></span> <span class='ocrx_word' id='word_1_723' title='bbox 3001 5702 3111 5744; x_wconf 64' lang='lat' dir='ltr'><strong>aere</strong></span> <span class='ocrx_word' id='word_1_724' title='bbox 3137 5686 3350 5744; x_wconf 88' lang='lat' dir='ltr'><strong>incisas</strong></span> <span class='ocrx_word' id='word_1_725' title='bbox 3380 5685 3586 5740; x_wconf 91' lang='lat' dir='ltr'><strong>damus</strong></span> <span class='ocrx_word' id='word_1_726' title='bbox 3623 5697 3635 5735; x_wconf 92' lang='lat'><strong>:</strong></span> <span class='ocrx_word' id='word_1_727' title='bbox 3671 5687 3805 5737; x_wconf 90' lang='lat' dir='ltr'><strong>sunt</strong></span> 
     </span>
    </p>
   </div>
   <div class='ocr_carea' id='block_1_61' title="bbox 386 5771 3799 5853">
    <p class='ocr_par' dir='ltr' id='par_1_61' title="bbox 386 5771 3799 5853">
     <span class='ocr_line' id='line_1_61' title="bbox 386 5771 3799 5853; baseline -0.002 -18"><span class='ocrx_word' id='word_1_728' title='bbox 386 5776 539 5835; x_wconf 89' lang='lat' dir='ltr'><strong>enim</strong></span> <span class='ocrx_word' id='word_1_729' title='bbox 573 5777 816 5850; x_wconf 88' lang='lat' dir='ltr'><strong>pretiosa</strong></span> <span class='ocrx_word' id='word_1_730' title='bbox 844 5772 1202 5845; x_wconf 88' lang='lat' dir='ltr'><strong>antiquitatis</strong></span> <span class='ocrx_word' id='word_1_731' title='bbox 1234 5780 1544 5843; x_wconf 88' lang='lat' dir='ltr'><strong>momenta,</strong></span> <span class='ocrx_word' id='word_1_732' title='bbox 1583 5775 1686 5831; x_wconf 89' lang='lat' dir='ltr'><strong>etsi</strong></span> <span class='ocrx_word' id='word_1_733' title='bbox 1717 5775 1789 5833; x_wconf 88' lang='lat' dir='ltr'><strong>ab</strong></span> <span class='ocrx_word' id='word_1_734' title='bbox 1835 5785 1954 5836; x_wconf 89' lang='lat' dir='ltr'><strong>arte</strong></span> <span class='ocrx_word' id='word_1_735' title='bbox 1985 5781 2261 5853; x_wconf 82' lang='lat' dir='ltr'><strong>pingendi</strong></span> <span class='ocrx_word' id='word_1_736' title='bbox 2291 5780 2561 5837; x_wconf 90' lang='lat' dir='ltr'><strong>nonnihil</strong></span> <span class='ocrx_word' id='word_1_737' title='bbox 2610 5779 2912 5850; x_wconf 88' lang='lat' dir='ltr'><strong>recedunt,</strong></span> <span class='ocrx_word' id='word_1_738' title='bbox 2957 5777 3248 5841; x_wconf 85' lang='lat' dir='ltr'><strong>Pictorum</strong></span> <span class='ocrx_word' id='word_1_739' title='bbox 3300 5783 3489 5835; x_wconf 88' lang='lat' dir='ltr'><strong>autem</strong></span> <span class='ocrx_word' id='word_1_740' title='bbox 3543 5771 3799 5842; x_wconf 88' lang='lat' dir='ltr'><strong>nomina,</strong></span> 
     </span>
    </p>
   </div>
  </div>
