4142 6444
241 429 294 490 13
1737 429 2234 492 TESTIMONIA.
3607 438 3685 498 14

249 583 342 638 quae
388 565 459 620 ad
513 563 866 634 marginem
925 564 1288 636 singularum
1347 563 1663 635 imaginum
1713 565 1772 620 in
1821 565 2026 621 eodem
2076 564 2427 636 autographo
2459 570 2688 620 exstant
2741 564 2860 622 haac
2899 573 3036 622 sunt
3069 583 3082 623 :
3116 568 3385 625 Pantaleo
3431 569 3684 640 Simccn,

255 684 457 741 Mirhaet
535 682 946 749 Btachcrnita,
1022 681 1299 751 Georgius,
1359 682 1564 749 Menas,
1630 682 1854 737 Simeon
1936 682 2318 758 Blaclternita,
2397 680 2626 737 Michael
2663 699 2890 753 parvus,
2963 684 3176 740 Nestor.
3259 685 3533 743 Eamdem
3621 691 3682 746 in

260 777 396 845 hujus
425 773 705 828 editionis
736 773 1017 844 margine
1048 773 1514 844 quadringenties
1544 788 1610 826 ac
1641 771 1905 841 trigesies
1937 779 2211 842 repetere,
2247 770 2462 827 nullius
2493 789 2678 842 operae
2717 773 2959 841 pretium
3012 775 3302 831 duximus.

313 864 628 934 Menologio
664 862 1086 934 praemittimus
1118 862 1444 917 testimonia
1476 862 1726 916 virorum
1757 859 2066 915 illustrium
2100 862 2170 916 de
2201 869 2437 932 utraque
2472 863 2592 931 ejus
2647 867 2840 931 parte:
2876 879 2943 919 ex
2977 864 3188 934 quibus
3226 869 3446 921 constat
3497 867 3680 938 primo

260 955 510 1011 Basilium
539 955 988 1023 imperatorem,
1023 951 1114 1006 cui
1166 949 1548 1021 Menotogium
1601 949 1888 1014 tribuitur,
1924 967 2037 1004 non
2091 951 2458 1007 Macedonem
2492 968 2636 1016 esse,
2662 952 2933 1022 quianno
2973 954 3177 1009 Christi
3227 955 3333 1008 886
3374 957 3679 1026 imperium

259 1044 486 1112 tenebat,
520 1051 581 1097 ut
617 1043 776 1096 card.
832 1041 1115 1096 Baronius
1172 1040 1682 1107 existimavit;sed
1744 1039 2317 1110 Porphyrogenitum,
2377 1042 2472 1110 qui
2511 1041 2724 1096 saeculo
2779 1041 2997 1111 integro
3044 1043 3322 1112 posterior
3376 1045 3682 1102 Macedone

258 1136 348 1190 iuit
401 1151 415 1188 :
476 1133 628 1203 quod
681 1131 927 1184 Allatius
985 1136 1038 1184 et
1093 1128 1364 1199 Ughellus
1424 1130 1841 1184 demonstrant.
1903 1130 2184 1195 Secundo,
2241 1135 2576 1185 semestrem
2635 1131 2872 1184 alteram
2933 1139 3173 1201 partem,
3225 1135 3388 1202 cujus
3446 1134 3678 1190 initium

256 1241 499 1280 amense
533 1222 734 1277 Martio
768 1221 1018 1288 ducitur,
1079 1235 1366 1290 quamque
1423 1217 1786 1274 Bollandiani
1821 1217 1962 1273 socii
2013 1219 2071 1274 in
2121 1220 2467 1275 monasterio
2523 1219 2750 1290 Cryptze
2809 1225 3049 1275 Ferratre
3101 1231 3382 1293 repertam
3448 1225 3675 1295 dicunt,

252 1333 282 1369 ι
331 1313 557 1369 Joanne
614 1311 930 1367 Francisco
969 1308 1190 1364 Albano
1251 1309 1320 1363 iis
1373 1308 1566 1363 Graec
1627 1308 1934 1377 Latineque
1993 1308 2382 1363 transmissum
2441 1308 2613 1364 fuisse
2671 1316 2806 1363 ante
2853 1326 3070 1365 annum
3130 1310 3342 1366 Christi
3399 1312 3536 1366 1668
3568 1329 3678 1383 quo

252 1419 502 1459 mensem
532 1401 798 1456 Martium
827 1416 892 1454 ex
926 1397 1212 1453 Basiliano
1247 1397 1568 1467 Menologio
1599 1397 1846 1465 edidere,
1871 1398 2353 1468 quemadmodum
2384 1397 2637 1454 Joannes
2693 1397 3032 1469 Ciampinus
3063 1399 3121 1455 in
3146 1399 3334 1456 Diario
3367 1403 3506 1457 anni
3539 1403 3677 1458 1676

247 1498 411 1550 testat
419 1509 450 1548 u
461 1510 509 1560 r,

313 1582 732 1653 Subjungimus
761 1582 1012 1633 Graecam
1038 1578 1185 1632 Petri
1216 1575 1442 1632 Possini
1473 1592 1502 1632 e
1533 1577 1657 1632 Soc.
1689 1579 1818 1632 Jcsu
1871 1576 1939 1630 ad
1989 1576 2256 1631 eumdem
2296 1577 2571 1633 Joannem
2606 1577 2976 1635 Franciscum
3037 1580 3324 1636 Albanum
3379 1582 3678 1652 epistolam

245 1674 520 1742 scriptam
550 1672 643 1725 die
671 1670 743 1724 26
769 1666 1092 1722 Decembris
1149 1667 1286 1721 anni
1323 1665 1482 1731 4661,
1517 1682 1582 1721 ex
1613 1681 1726 1736 qua
1779 1665 1966 1736 palam
2001 1665 2080 1733 ﬁt,
2142 1665 2479 1737 praeclarum
2539 1666 2958 1724 adolescentem
2989 1670 3224 1748 ineunte
3286 1687 3441 1726 anno
3492 1676 3676 1728 aetatis

246 1761 647 1818 tertiodecimo
707 1759 898 1830 (natus
958 1757 1111 1812 enim
1149 1755 1251 1810 fuit
1309 1771 1504 1811 mense
1533 1755 1684 1810 Julio
1731 1755 1868 1809 anni
1903 1755 2060 1826 1659)
2093 1756 2152 1810 in
2209 1755 2416 1811 Graecas
2452 1757 2655 1828 linguae
2717 1759 2902 1813 studio
2935 1775 3112 1830 usque
3162 1759 3305 1815 adeo
3349 1761 3678 1834 profecisse,

243 1861 297 1907 ut
331 1868 448 1908 non
476 1850 663 1905 solum
700 1863 838 1918 pure
868 1847 1300 1915 emendateque,
1327 1845 1424 1900 sed
1459 1843 1750 1914 eleganter
1772 1844 1944 1898 etiam
1975 1853 2285 1913 ornateque
2315 1845 2525 1900 litteras
2558 1863 2619 1900 ea
2652 1845 2810 1918 ligna
2850 1847 3236 1904 conscribere.

317 1942 382 1998 Ut
412 1956 562 2010 opus
586 1939 646 1994 in
666 1939 809 1992 duas
843 1943 1029 2007 partes
1086 1934 1450 2001 divideretur,
1485 1934 1713 1988 Graecus
1766 1941 1951 1988 textus
1983 1933 2037 1988 in
2073 1933 2235 1988 binas
2285 1943 2588 1990 semestres
2619 1935 2958 1990 distributus
3018 1937 3306 2006 postulare
3350 1939 3671 1996 videbatur.

245 2032 461 2087 Verum
485 2029 620 2100 quia
649 2025 895 2098 priorem
933 2032 1147 2094 partem
1209 2023 1639 2094 quadringentae
1698 2038 1764 2078 ac
1818 2022 2046 2092 triginta
2102 2027 2430 2078 sanctorum
2485 2024 2766 2092 imagines
2819 2024 2992 2094 duplo
3049 2025 3324 2096 majorem
3363 2029 3677 2098 posteriore

242 2114 977 2187 efﬁciunt;Menologium
1039 2113 1240 2168 intres
1289 2113 1488 2183 partiri
1547 2129 1782 2169 necesse
1827 2111 1952 2180 fuit,
2015 2127 2257 2183 quarum
2316 2129 2447 2184 pars
2506 2113 2693 2183 prima
2751 2114 3172 2185 Septembrem,
3232 2116 3535 2173 Octobrem
3605 2133 3673 2174 ac

243 2210 671 2274 Novembrem;
727 2206 908 2262 altera
969 2202 1356 2274 Decembrem,
1412 2203 1747 2258 Januarium
1807 2209 1861 2258 et
1913 2200 2326 2272 Februarium;
2360 2201 2523 2258 tertia
2584 2201 2832 2273 reliquos
2891 2219 2990 2259 sex
3048 2204 3186 2260 anni
3231 2220 3459 2262 menses
3515 2221 3677 2263 com-

239 2301 539 2374 plectitur.

311 2389 436 2446 Illis
492 2388 707 2452 fruere,
767 2383 951 2439 amice
1006 2382 1239 2450 Lector;
1290 2380 1719 2452 editionemquc
1776 2379 2238 2436 eminentissimo
2297 2395 2361 2436 ac
2418 2381 2898 2438 reverendissimo
2953 2383 3186 2439 domino
3243 2383 3514 2440 Annibali
3569 2385 3660 2442 tit.

238 2481 295 2535 S.
329 2475 649 2534 Clementis
681 2473 1014 2545 presbytero
1072 2469 1352 2526 cardinali
1407 2469 1629 2526 Albano
1660 2469 1718 2524 S.
1779 2473 1845 2524 R.
1886 2470 1948 2525 E.
1993 2469 2332 2536 camerario,
2389 2477 2444 2524 ct
2501 2469 2752 2526 basilicas
2811 2469 3098 2527 Vaticanis
3150 2472 3669 2546 archipresbytero,

237 2568 556 2624 Clementis
589 2565 671 2620 XI
703 2563 889 2618 fratris
919 2558 1038 2616 ﬁlio
1068 2560 1137 2616 de
1169 2557 1460 2630 republica
1492 2558 1762 2615 liiteraria
1793 2559 2008 2630 optime
2039 2560 2303 2627 merenti,
2336 2567 2630 2630 acceptam
2665 2559 2890 2628 referto,
2925 2561 3088 2632 cujus
3145 2562 3410 2632 consilio,
3455 2562 3669 2630 studio,

236 2657 565 2728 sumptibus
600 2653 662 2710 in
695 2661 852 2707 tuum
885 2648 1258 2706 commodum
1290 2647 1456 2704 cedit.

712 2930 878 3024 DE
961 2926 1709 3022 MENOLOGIO
1789 2925 2241 3020 BASILII
2338 2926 3184 3024 IMPERATORIS

1239 3152 1598 3214 VIBORUM
1647 3149 2129 3213 ILLUSTRIUM
2186 3151 2701 3213 TESTIMONIA.

1121 3429 1280 3478 Card.
1312 3429 1572 3478 Barom’us
1598 3427 1672 3477 ad
1690 3441 1883 3478 annum
1914 3429 2004 3478 886
2037 3426 2100 3476 de
2127 3427 2341 3476 Basilio
2368 3428 2644 3478 Macedone
2664 3428 2786 3491 imp.

294 3546 387 3602 Ad
420 3544 687 3601 eumdem
722 3537 999 3595 Basilium
1033 3553 1224 3592 rursus
1255 3543 1470 3607 spectat
1502 3537 1596 3609 (ne
1629 3535 1761 3608 quid
1821 3534 2284 3607 praetermittatur
2338 3535 2718 3605 antiquitatis)
2775 3535 2924 3604 quod
2986 3535 3358 3591 scribendum
3419 3541 3662 3608 curavit,

223 3641 282 3692 et
317 3632 656 3704 augendnm
691 3630 1022 3684 Grecorum
1056 3625 1443 3696 Menologium
1473 3643 1486 3692 ;
1521 3626 1666 3694 quod
1726 3624 1892 3680 etiam
1927 3623 2222 3679 exornavit
2279 3623 2644 3692 imaginibus,
2692 3623 2898 3693 quibus
2958 3624 3319 3695 singulorum
3381 3627 3668 3696 eXprime-
3707 3615 3712 3621 ’

223 3730 440 3779 rentur
471 3719 805 3776 certamina.
843 3717 907 3771 ln
939 3715 1105 3785 cujus
1136 3714 1319 3769 fronte
1376 3712 1655 3784 ejusmodi
1686 3713 1960 3783 scriptum
2020 3711 2346 3766 invenimus
2379 3710 2584 3766 iambis
2649 3711 2912 3767 versibus
2944 3713 3306 3783 epigramma
3366 3715 3426 3770 in
3459 3715 3672 3787 scripto

225 3812 438 3869 codice
477 3807 771 3866 Vincentii
802 3803 1010 3862 Piuclli
1045 3804 1270 3859 Patavio
1301 3804 1370 3858 ad
1392 3819 1494 3859 nos
1525 3802 1861 3872 Ferrariam,
1894 3817 2025 3858 cum
2064 3799 2184 3857 illic
2216 3817 2470 3857 essemus
2499 3816 2630 3857 cum
2667 3803 2973 3872 pontiﬁce,
3009 3803 3208 3860 misso.

1030 3892 1255 3942 Basilius
1279 3893 1566 3957 imperator
1593 3891 1748 3954 huius
1775 3890 2011 3941 climatis

1029 3975 1089 4022 In
1119 3988 1246 4038 pace
1270 3976 1548 4037 praestans,
1581 3976 1740 4037 atque
1769 3972 1920 4022 rebus
1950 3971 2162 4020 bellicis.

1033 4056 1095 4104 Et
1125 4053 1351 4118 pellibus
1374 4063 1599 4119 pactum,
1635 4068 1847 4117 sequens
1876 4068 1940 4102 επ
1960 4053 2142 4102 ordine

1032 4134 1270 4184 Pulchras
1301 4137 1470 4198 [creas
1499 4136 1760 4198 imagines
1786 4137 1841 4184 ut
1863 4133 2084 4184 sideras.

307 4227 519 4282 Exstat
553 4218 969 4292 autographum
1029 4217 1211 4286 lpsius
1256 4216 1430 4271 Basili
1490 4217 1755 4272 volumen
1808 4214 2154 4286 imaginibus
2213 4215 2405 4285 magni
2450 4214 2616 4287 pretii
2673 4217 3003 4272 decoratum
3053 4233 3154 4288 per
3199 4217 3320 4274 dies
3384 4217 3671 4290 singulos,

228 4315 615 4386 singulosque
672 4318 920 4375 sanctos,
969 4307 1039 4362 de
1073 4305 1281 4377 quibus
1339 4307 1555 4362 mentio
1589 4305 1828 4361 habetur
1883 4304 1944 4360 in
1973 4304 2250 4360 versibus.
2282 4304 2548 4359 Vidimus
2599 4310 2652 4360 et
2695 4304 2944 4376 legimus
3000 4305 3168 4362 nobis
3232 4323 3572 4365 concessum
3631 4325 3664 4364 a

226 4403 418 4459 Paulo
447 4401 755 4458 Sfondrato
776 4398 998 4453 Sancta
1022 4393 1259 4450 Caeciliae
1289 4394 1590 4462 cardinali,
1625 4401 1828 4463 nepote
1860 4392 2041 4450 felicis
2069 4393 2360 4449 memorias
2393 4392 2653 4463 Gregorii
2677 4410 2834 4463 papae
2867 4393 3075 4449 decimi
3108 4395 3314 4465 quarti.

923 4511 1020 4559 Leo
1042 4507 1267 4559 Allatt'us
1288 4509 1341 4559 in
1374 4510 1746 4560 dissertatione
1773 4509 1836 4556 de
1869 4508 2040 4558 Libris
2090 4507 2471 4558 Ecclesiasticis
2501 4509 2811 4564 Grecorum.
2847 4513 2871 4568 9
2903 4508 2980 4558 12.

300 4635 636 4706 Menologia
659 4649 786 4706 non,
821 4632 1104 4706 aliasuttt
1135 4629 1209 4706 (et
1237 4628 1343 4684 erit
1373 4628 1777 4706 duodecimus
1837 4627 2002 4706 |iber)_
2061 4641 2447 4706 quamn-quae”
2473 4625 2724 4706 Latinus
2763 4625 3160 4698 Martyrologz’a
3193 4628 3284 4684 veI
3321 4629 3669 4706 Kalendaria

229 4709 472 4775 dixerit,
505 4698 612 4762 ι]Ξο
643 4705 793 4760 aliud
828 4705 885 4759 in
913 4702 1031 4763 illis
1063 4698 1298 4775 habetur
1327 4700 1436 4755 nisi
1470 4699 1554 4755 vel
1595 4707 1920 4775 sanctorum
1952 4698 2485 4775 vitaz’quolibetudie
2518 4713 2619 4766 per
2647 4701 2831 4775 totum
2863 4715 3078 4775 annum
3124 4702 3460 4775 summatim
3494 4719 3670 4773 expo-

221 4784 379 4846 sitas,
418 4769 502 4835 vel
528 4793 768 4849 quorum
799 4779 930 4849 vitae
976 4794 1095 4835 non
1139 4773 1418 4830 habentur
1469 4771 1961 4849 commemoratio,
2024 4770 2296 4849 nullaque
2353 4769 2433 4824 ibi
2470 4777 2565 4824 aut
2613 4771 2793 4825 ofﬁcii
2852 4771 3182 4838 ordinandi,
3239 4781 3337 4849 aut
3365 4769 3670 4849 recitandi

220 4842 413 4909 series
445 4842 793 4906 continetur.
829 4848 1044 4906 Verum
1071 4856 1154 4904 est
1185 4857 1376 4900 tamen
1407 4845 1722 4912 saepissime
1753 4843 2206 4912 Meuologiorum
2259 4842 2460 4896 horutn
2494 4849 2730 4910 partem,
2765 4857 3002 4911 eamque
3061 4859 3176 4898 non
3237 4845 3539 4900 minimam
3603 4847 3668 4903 in

215 4923 468 4980 uenenis
499 4922 650 4978 inter
683 4924 938 4994 Canones
974 4929 1099 4994 post
1129 4918 1302 4994 etiam
1322 4925 1541 4994 sextam
1573 4931 1694 4972 esse
1727 4916 2022 4985 digestam,
2057 4923 2116 4994 ut
2133 4913 2284 4994 _si::e.
2299 4912 2536 4994 alterius
2564 4912 2690 4967 libri
2723 4929 2854 4983 ope,
2886 4915 2980 4994 qui
3013 4913 3268 4994 ofﬁcium
3301 4916 3667 4994 innecclesia

217 5002 322 5052 aut
349 4994 519 5051 domi
557 4994 774 5060 recitat,
800 4983 1004 5051 habeat
1039 4991 1187 5049 unde
1218 4987 1692 5044 cclobrandorum
1725 4983 2049 5042 sanctorum
2087 4983 2413 5060 hi‘storiolas
2444 4987 2500 5038 ct
2544 4983 3116 5060 commemorationes
3154 4987 3340 5060 legati.
3366 4987 3482 5044 Hoc
3541 4989 3666 5046 Me-

221 5067 540 5135 nologium
574 5065 720 5134 apud
751 5055 976 5121 Graecos
1038 5075 1362 5135 nonAunum
1413 5066 1518 5123 est,
1553 5060 1646 5114 sed
1701 5076 1800 5128 pro
1852 5055 2298 5135 opportunitate
2338 5056 2646 5135 temporis“
2665 5059 2914 5135 va_ri_am_
2943 5072 3166 5135 quoque
3201 5059 3403 5135 faciem
3437 5061 3666 5135 induit;

217 5125 404 5195 aliud”
428 5125 645 5208 quippe
677 5138 926 5206 estquod
961 5136 1126 5192 nobis
1159 5131 1356 5187 Latine
1387 5140 1604 5208 tantum
1637 5125 1715 5208 ex—
1737 5125 1995 5208 versione
2026 5127 2330 5208 cardinalis
2361 5125 3255 5208 S_i_rleti,.Ca_n_i_siusintentiqui:
3304 5125 3670 5208 Lectionibus

220 5199 674 5280 repraesentavit
707 5225 720 5262 :
754 5199 907 5263 aliud
944 5209 1096 5279 quod
1150 5203 1459 5280 separatim
1497 5202 1630 5256 hinc
1661 5204 1793 5258 inde
1843 5200 2295 5269 manuscriptutu
2323 5199 2556 5280 adhuc.
2589 5199 2655 5280 in.
2685 5199 3092 5280 bibliothecis,_
3120 5211 3192 5280 et
3221 5202 3534 5280 Barberina
3575 5221 3673 5280 νοτ

223 5269 557 5345 “gemam,
592 5282 738 5350 quod
768 5289 820 5335 et
853 5269 1326 5350 antiquissimum
1360 5279 1465 5342 est,
1494 5282 1852 5350 asservatur:
1887 5289 2012 5343 quae
2044 5287 2150 5350 nec
2180 5271 2376 5350 omnia
2406 5269 2512 5324 sibi
2545 5270 2815 5350 invicem“
2851 5273 3239 5350 respondent;
3301 5276 3485 5350 aliud__
3517 5269 3665 5345 quod

217 5358 282 5410 in
321 5341 569 5410 Menaeis
610 5341 956 5408 'Grrecorum
991 5341 1272 5423 insertum
1306 5355 1426 5423 cst_:
1454 5341 1457 5342 ⁷
1484 5346 1641 5423 aliud
1676 5347 1820 5415 quod
1857 5341 1979 5414 post
2033 5345 2253 5423 divinas
2289 5341 2484 5423 Horas,
2550 5341 2957 5423 Evahngclium,’
3001 5344 3356 5423 Apostolum,
3415 5341 3670 5418 aliosque

213 5429 416 5482 libros
453 5424 678 5491 legitur.
715 5423 1093 5490 Menologium
1124 5437 1190 5477 ex
1216 5419 1444 5475 Menmis
1476 5413 1800 5491 Graecorum
1859 5413 2110 5491 erutum,
2145 5422 2194 5491 et
2228 5413 2313 5491 in“
2347 5413 3400 5491 linguam__Grrecorur_tLvernaculam
3448 5413 3672 5473 versum

209 5518 246 5554 δ
282 5484 558 5553 Maximo
589 5497 878 5561 Margunio
908 5484 1280 5567 Cytherorum
1313 5490 1786 5567 episcqpoedidit
1821 5487 2110 5567 {intentus
2139 5485 2390 5567 Pinellus
2422 5484 2674 5567 Venetiis
2705 5503 2856 5567 anno
2890 5486 3047 5553 1529,
3092 5488 3254 5567 in-i.

293 5570 615 5637 Baronius,
648 5558 800 5622 anno
830 5558 1081 5623 Domino
1113 5564 1238 5629 886,
1271 5558 1440 5617 refert
1491 5560 1760 5637 Basiliam
1824 5561 2194 5637 Macedonem
2250 5558 2654 5637 imperatorem
2717 5560 3040 5637 Graecorum
3091 5559 3475 5626 Menologium
3535 5560 3669 5637 scri-

205 5642 489 5698 bendum
521 5629 749 5694 curasse
779 5647 830 5712 et
859 5639 1223 5712 augendum,
1255 5642 1422 5702 atque
1444 5634 1616 5688 etiam
1674 5632 2392 5712 imaginibusexoruasse,
2441 5629 2660 5710 quibus
2717 5631 3083 5712 singulorum.
3109 5638 3436 5712 sanctorum
3492 5633 3675 5712 capri-

203 5718 539 5770 merentur
572 5711 879 5768 certamina
908 5699 1152 5779 :vcujus
1208 5699 1394 5777 ipsum
1455 5699 1876 5779 autographtim
1935 5702 2234 5779 vidi_r_nus_,_
2259 5711 2313 5757 et
2348 5699 2588 5779 tegimus
2618 5717 2960 5779 concessum
2993 5701 3176 5779 nobis
3210 5719 3243 5755 a
3273 5699 3450 5756 Paulo
3499 5703 3677 5779 _Sfon-

191 5787 380 5844 dralo
415 5785 479 5842 S.
545 5783 789 5839 Creciliae
843 5771 1158 5849 cardinali,
1209 5771 1416 5850 nepote
1471 5771 1726 5846 Gregorii
1787 5791 1946 5846 papae
1970 5773 2117 5831 XIV.
2181 5771 2571 5843 Menologium
2635 5773 2769 5840 hoc,
2801 5789 2938 5829 auro
2969 5771 3326 5845 gemmisque
3370 5774 3676 5845 pretiosius
