4142 6456
465 423 538 482 15
1659 418 1758 478 DE
1802 417 2224 479 BASILIANO
2270 414 2728 478 MENOLOGIO
3809 413 3886 475 16

461 552 960 625 Constantinopoli
1017 552 1085 608 ad
1154 550 1500 608 Ludovicum
1558 551 1832 607 Sfortiam
1889 552 2026 607 satis
2111 549 2386 607 muniﬁce
2441 550 2762 620 advectum,
2821 547 3104 604 Ludovico
3152 547 3270 604 vita
3332 546 3548 615 functo,
3627 549 3881 604 Joannes

458 643 713 714 Baptista
743 641 1029 697 Francisci
1061 639 1369 708 Sfoudrati,
1403 639 1714 697 cardinalis
1745 655 1971 710 parens,
2031 656 2278 710 avusque
2315 639 2534 697 Nicolai
2592 637 2874 694 Sfondrati
2902 636 3233 705 cardinalis,
3290 637 3350 692 in
3408 637 3644 692 arbitrio
3682 653 3747 692 ac
3774 652 3879 707 po-

462 737 664 787 testate
694 730 912 799 habuit,
946 731 1424 800 quemadmodum
1459 737 1832 786 monumenta
1865 730 1995 797 alia,
2032 730 2406 800 maximaeque
2462 728 2861 783 aestimationis
2915 727 3224 798 scripturas
3282 727 3537 797 ejusdem
3591 724 3878 793 Ludovici,

466 821 614 891 apud
647 837 819 891 quem
851 820 1110 890 Baptistae
1139 819 1445 874 auctoritas
1505 817 1818 888 plurimum
1852 817 2121 888 pollebat,
2180 821 2242 873 ut
2271 833 2337 873 ex
2386 817 2624 872 diversis
2673 816 3074 886 legationibus,
3115 831 3256 886 quas
3313 814 3408 870 ille
3441 815 3510 870 ob
3551 813 3884 885 gravissima

466 911 698 981 negotia
725 911 875 981 apud
905 925 1106 964 omnes
1139 908 1256 964 fere
1287 907 1582 980 principes
1613 907 1990 976 Christianos,
2033 908 2432 962 Innocentium
2468 923 2673 977 nempe
2704 905 2850 972 VIII,
2883 904 3150 961 Carolum
3187 904 3403 971 Galliae,
3459 904 3884 960 Fcrdinandum

471 1006 525 1055 et
557 998 936 1054 Elisabetham
970 997 1402 1068 Hispaniarum,
1436 996 1860 1052 Ferdinandum
1897 995 2163 1068 Neapolis
2197 1001 2254 1052 et
2280 996 2490 1052 Siciliae
2515 1011 2726 1066 regem,
2760 1004 2814 1050 el
2868 995 3099 1051 tandem
3134 992 3545 1064 rempublicam
3593 995 3884 1065 Venetam,

471 1089 568 1144 ubi
627 1095 680 1144 et
732 1097 971 1145 mortem
1022 1087 1182 1155 obiit,
1243 1087 1516 1156 colligere
1567 1102 1900 1157 possumus.
1967 1087 2336 1142 Postmodum
2375 1103 2409 1141 a
2460 1086 2637 1141 Paulo
2693 1085 2994 1142 Stondrato
3053 1083 3332 1141 cardinali
3391 1085 3540 1140 dono
3590 1089 3886 1154 acceptum

470 1176 682 1233 Paulus
713 1177 752 1233 V
785 1177 846 1232 in
879 1174 1290 1233 bibliothecam
1322 1175 1660 1232 Vaticanum
1693 1175 1928 1242 invexit,
1956 1183 2010 1231 et
2042 1175 2275 1247 praeﬁxa
2305 1175 2646 1245 incripiione
2668 1173 3027 1244 signiﬁcavit.

532 1266 724 1316 Paulus
758 1266 797 1313 V
817 1266 1060 1330 pontifex
1094 1265 1352 1315 maximus
1374 1265 1507 1315 hunc
1537 1264 1730 1314 librum
1754 1265 2200 1329 ConstantinOpoli
2231 1263 2303 1313 ad
2321 1264 2626 1313 Lurtovicum
2646 1263 2904 1328 Sfortiam
2926 1261 3213 1312 Mediolani
3233 1262 3410 1312 ducem
3431 1261 3674 1319 allatum,
3697 1259 3888 1311 deinde

473 1351 735 1397 servatum
764 1346 908 1410 apud
933 1345 1334 1409 Sfondratorum
1369 1346 1641 1410 familiam
1664 1360 1695 1395 a
1722 1346 1888 1395 Paulo
1920 1346 1975 1395 S.
1995 1344 2212 1397 Cccilia:
2234 1345 2493 1395 cardinali
2512 1345 2803 1410 S/‘ondrato
2823 1343 2925 1394 sibi
2948 1343 3080 1394 dono
3102 1343 3299 1407 datum,
3333 1345 3384 1393 in
3408 1342 3768 1396 bibliothecam
3804 1342 3898 1397 να,

479 1429 702 1479 ticanam
733 1427 929 1491 inferri
953 1427 1114 1488 iussit
1141 1441 1277 1476 anno
1309 1425 1428 1477 1615
1454 1426 1790 1490 pontiﬁcatus
1818 1441 1889 1477 xx.

551 1509 711 1566 Liber
734 1525 906 1564 unam
939 1516 1154 1564 tantum
1178 1507 1483 1578 Menologii
1517 1515 1752 1578 partem,
1785 1507 2013 1579 quando
2065 1523 2160 1563 sex
2195 1514 2413 1563 tantum
2468 1507 2784 1574 mensibus,
2845 1505 3196 1578 Septembre,
3229 1505 3497 1575 Octobre,
3546 1505 3891 1575 Novembre,

472 1599 804 1666 Decembre,
848 1597 1141 1668 Januario,
1172 1605 1225 1654 et
1255 1597 1560 1653 Februario
1591 1595 1923 1663 absolvitur,
1952 1597 2229 1654 continet.
2266 1597 2458 1652 Altera
2491 1597 2834 1668 quibusnam
2866 1597 3053 1652 caveis
3100 1597 3326 1652 addicta
3382 1596 3569 1666 lateat,
3601 1597 3890 1652 incertum

473 1697 576 1760 est,
611 1697 663 1746 et
687 1691 904 1747 utinam
942 1706 1057 1745 non
1089 1703 1456 1744 communem
1486 1695 1696 1744 sortem
1725 1687 2000 1744 librorum
2035 1705 2226 1759 passa,
2260 1688 2391 1757 igne
2423 1688 2506 1743 vel
2541 1688 2708 1757 ferro,
2741 1687 2827 1743 vel
2861 1687 3168 1758 impiorum
3203 1695 3297 1742 aut
3326 1687 3644 1744 otiosorum
3707 1687 3893 1742 homi-

468 1795 608 1836 num
645 1779 930 1846 manibus,
966 1778 1381 1835 elementorum
1413 1779 1582 1833 etiam
1611 1778 1843 1848 injuria,
1867 1779 1924 1834 in
1959 1778 2083 1834 luce
2113 1793 2242 1834 esse
2273 1778 2528 1834 desierit.
2591 1778 2847 1848 Scriptus
2872 1781 2959 1834 est
2991 1778 3050 1833 in
3113 1777 3246 1833 tolio
3276 1779 3482 1847 grandi
3539 1793 3888 1850 pergameno

469 1870 682 1926 aliabre
712 1870 1008 1942 perpolito,
1043 1869 1172 1926 licet
1205 1873 1369 1924 astate
1393 1869 1510 1938 jam
1547 1868 1690 1924 victa
1719 1868 2135 1939 aliquantulum
2169 1868 2491 1932 sublurido,
2527 1869 2706 1924 forma
2737 1869 2896 1938 quasi
2953 1869 3246 1938 quadrata,
3303 1868 3726 1924 characteribus
3770 1869 3894 1925 cle-

475 1959 848 2030 gantissimis,
883 1975 1161 2031 nusquam
1193 1975 1292 2030 pro
1325 1958 1480 2013 illius
1541 1959 1842 2014 atramenti
1900 1958 2185 2029 facultate,
2231 1959 2380 2029 quod
2445 1959 2668 2027 nigrum
2730 1974 2846 2013 non
2905 1957 3092 2028 tingit,
3128 1957 3568 2027 nigricantibus.
3606 1959 3895 2028 Capitales

477 2065 616 2121 quas
645 2049 1112 2118 vocantlitteras,
1145 2064 1282 2103 auro
1328 2047 1722 2117 ell'ormantur,
1775 2049 2134 2117 singularum
2195 2047 2541 2117 pagellarum
2594 2064 2721 2118 pars
2779 2047 3034 2116 superior
3084 2046 3316 2102 nomina
3370 2055 3692 2103 sanctorum
3727 2049 3891 2104 illius

469 2141 584 2197 diei
618 2145 1002 2212 repraesentat,
1037 2138 1270 2194 alterius
1298 2137 1536 2192 dimidia
1567 2139 1776 2208 scripta
1835 2139 2175 2208 compendio
2229 2143 2558 2194 sanctorum
2627 2145 2804 2208 gesta,
2859 2137 3037 2193 altera
3098 2137 3447 2209 imaginibus
3492 2140 3899 2210 coloribusque

472 2247 591 2286 non
622 2229 1016 2300 indiligenter,
1045 2237 1096 2284 et
1130 2245 1230 2299 pro
1262 2244 1326 2283 eo
1358 2234 1613 2297 tempore
1672 2227 1809 2282 satis
1837 2228 2145 2298 eleganter,
2209 2227 2313 2283 sub
2346 2226 2541 2284 oculos
2573 2231 2754 2300 ponit.
2811 2228 3095 2284 Picturam
3145 2229 3492 2285 recentiores
3522 2230 3893 2286 miniaturam

475 2326 715 2375 vocant:
747 2335 933 2389 neque
963 2318 1119 2374 enim
1154 2316 1300 2383 oleo,
1322 2318 1417 2373 sed
1450 2331 1593 2386 aqua
1624 2315 1957 2387 gummique
1989 2317 2210 2374 colores
2243 2324 2648 2386 temperantur.
2688 2317 2965 2386 Imagines
2998 2333 3112 2373 non
3163 2318 3231 2372 ab
3265 2333 3379 2372 una
3436 2334 3610 2374 manu
3655 2335 3894 2389 proma-

477 2415 638 2477 nant,
671 2409 909 2479 ideoque
941 2424 1047 2463 nec
1079 2409 1246 2462 unius
1277 2423 1479 2462 omnes
1527 2404 1897 2474 conditionis,
1929 2407 2026 2461 sed
2062 2423 2179 2461 una
2222 2406 2397 2461 altera
2449 2405 2809 2471 concinnior,
2868 2405 3202 2477 accuratior,
3235 2414 3286 2461 et
3343 2407 3408 2461 ad
3443 2413 3618 2462 artem
3656 2422 3894 2463 accom-

477 2499 755 2554 modatior
786 2497 1036 2566 excellit,
1079 2505 1130 2552 ct
1163 2513 1234 2553 ne
1263 2491 1551 2549 ἀδέσποτοι
1584 2493 1861 2566 palarent,
1913 2496 2097 2566 pictor
2128 2495 2368 2567 quilibet
2400 2495 2639 2564 imagini
2689 2513 2721 2551 a
2777 2512 2836 2551 se
2867 2496 3104 2566 depicta:
3135 2495 3194 2551 in
3229 2497 3483 2566 margine
3515 2497 3647 2552 libri
3681 2513 3894 2554 nomen

474 2589 766 2657 expressit.
818 2588 1107 2643 Pictorum
1163 2585 1399 2642 nomina
1455 2592 1610 2652 sunt,
1668 2585 1957 2652 Pantaleo,
1992 2585 2227 2641 Michael
2287 2585 2676 2651 Blachernila,
2737 2584 3016 2654 Georgius,
3076 2586 3316 2654 Simeon,
3376 2586 3602 2641 Michael
3665 2603 3892 2658 parvus,

473 2677 673 2742 Menas,
705 2677 912 2743 Nestor,
947 2675 1161 2732 Simeon
1195 2674 1572 2730 Blachcrnita.
1627 2671 1909 2745 Imagines
1939 2674 2017 2730 ita
2048 2675 2452 2745 disponuntur,
2490 2681 2546 2729 ut
2580 2691 2692 2729 una
2724 2675 2885 2730 alteri
2946 2675 3191 2731 adversae
3224 2691 3339 2731 non
3400 2676 3758 2747 respondeat,
3792 2678 3892 2732 sed

473 2765 685 2821 litteris
717 2768 774 2821 et
804 2773 1131 2822 sanctorum
1164 2764 1307 2820 Vitis
1335 2780 1348 2818 :
1409 2781 1443 2834 q
1464 2781 1584 2821 lare
1644 2781 1800 2820 nunc
1831 2765 2182 2834 superiorem
2243 2771 2459 2834 partem
2492 2763 2736 2836 paginas,
2769 2764 2997 2836 quando
3027 2763 3260 2821 alterius
3288 2765 3548 2837 superior
3579 2782 3707 2837 pars
3738 2765 3886 2822 scri-

470 2857 728 2926 ptiouem
762 2855 951 2916 refert.
978 2870 1134 2911 nunc
1155 2855 1508 2923 inferiorem,
1543 2857 1768 2927 quando
1795 2853 2029 2910 alterius
2061 2852 2295 2909 interior
2327 2854 2612 2924 descripta
2641 2861 2743 2908 est.

543 2946 780 3012 Quando
809 2943 954 3000 liber
983 2943 1227 3014 scriptus
1255 2945 1347 3012 sit,
1401 2945 1654 3003 divinare
1701 2961 1819 3002 non
1851 2959 2184 3015 possumus:
2249 2943 2462 3000 abhinc
2495 2950 2682 3000 tamen
2714 2959 2866 3000 anno
2915 2945 3022 3000 662
3074 2944 3371 3016 scriptum,
3430 2945 3697 3001 videntur
3737 2944 3888 3001 indi-

472 3049 604 3090 care
633 3034 733 3105 qui
754 3035 914 3106 operi
945 3034 1322 3106 praefiguntur
1351 3033 1550 3091 iambi.
1583 3035 1654 3091 Hi
1683 3051 1816 3092 vero
1847 3039 2000 3091 sunt.

1489 3244 1750 3306 Ἐνταῦθα
1778 3243 1869 3296 νῦν
1901 3239 2186 3312 σκόπησον
2219 3238 2396 3315 ὀρθῶς
2429 3240 2457 3294 ὁ
2489 3239 2732 3315 βλέπων,
2767 3247 2875 3299 etc.

1747 3368 1830 3424 Ex
1858 3368 2118 3424 versione
2144 3367 2382 3424 Joannis
2411 3366 2624 3437 Argoli.

1317 3441 1600 3504 Considera
1627 3440 1781 3504 probe
1806 3439 1970 3489 oculis
1999 3438 2098 3501 hic,
2127 3453 2157 3487 ο
2184 3440 2277 3504 qui
2305 3438 2508 3502 aspicis,

1311 3505 1396 3553 Ea:
1423 3503 1575 3554 rebus
1602 3502 1812 3567 optimis
1842 3515 1968 3567 Opus
1987 3507 2136 3567 certe
2156 3502 2425 3566 optimum.

1310 3567 1432 3632 Qei,
1468 3564 1698 3630 inquam,
1719 3580 1845 3632 opus
1871 3564 2290 3632 pulcherrimum
2309 3567 2534 3632 mentem
2570 3564 2820 3627 impetens

1317 3629 1436 3678 Visu
1462 3628 1637 3678 creata
1665 3628 1846 3680 cuncta
1869 3628 2128 3678 delectans
2160 3628 2365 3684 merito,

1316 3692 1380 3756 Ut
1408 3706 1629 3756 namque
1661 3707 1820 3756 supra
1837 3705 1930 3756 rea:
1954 3690 2065 3754 poli
2091 3691 2284 3756 summi
2305 3689 2499 3756 arti/es

1316 3754 1507 3802 Caelum
1532 3752 1733 3803 Ehoreis‘
1755 3752 2096 3804 condecorans
2120 3752 2320 3816 clarum
2349 3753 2533 3816 igneis,

1313 3816 1456 3876 Quod
1483 3816 1636 3879 pellis
1665 3819 1834 3866 instar
1862 3816 1994 3879 vocis
2027 3814 2294 3879 explicuit
2306 3814 2446 3879 sono,

1309 3875 1559 3928 Munu'um
1592 3875 2440 3941 irradiatsapiente‘propidentia
2461 3892 2484 3939 ;
2559 3940 2568 3941 ί
3315 3905 3342 3920 ..

1314 3941 1566 4005 Infraque
1593 3944 1650 3990 ut
1679 3940 1846 4004 ipsum
1869 3939 2396 4003 nioribusVSplendens
2419 3940 2640 4004 paribus

1313 4003 1892 4065 Tc’rrs'plagas’totius,
1920 4008 1967 4052 et
1991 4017 2086 4052 rex
2107 4017 2349 4066 purpurae

1312 4066 1568 4122 Basilius.
1587 4067 1831 4128 ﬁliusque
1857 4066 2052 4128 duplici
2067 4067 2249 4128 potens

1316 4129 1496 4188 Fama,
1531 4126 1814 4193 triumphis
1843 4126 2076 4185 scilicet,
2092 4126 2430 4187 sermonibus,
2462 4131 2565 4177 etc.

472 4303 537 4358 Et
571 4303 676 4359 hoc
709 4311 792 4359 est
824 4302 1214 4374 Menologium
1248 4302 1495 4358 Barouio
1527 4303 1735 4367 visum,
1772 4318 1875 4359 nec
1891 4302 2083 4358 abnuo
2111 4319 2124 4370 ;
2157 4301 2366 4370 studio,
2412 4302 2693 4372 jussuque
2713 4300 2910 4356 Basilii
2943 4299 3299 4370 imperatoris
3330 4301 3701 4374 descriptum,
3727 4318 3883 4359 exor-

465 4397 777 4462 natumque
809 4393 1176 4463 imaginibus,
1212 4392 1327 4447 nisi
1355 4392 1591 4447 aliunde
1622 4393 1861 4448 edoctus
1886 4393 2063 4458 fuero,
2123 4408 2238 4447 non
2275 4391 2526 4456 credam,
2584 4390 3066 4461 quemadmodum
3128 4399 3183 4446 et
3215 4391 3481 4448 Basiliam
3514 4392 3667 4448 hunc
3697 4393 3883 4449 Mace-

461 4481 668 4536 donem
707 4482 913 4538 l‘uissc:
947 4500 1011 4538 ex
1047 4481 1250 4536 iambis
1279 4481 1430 4536 enim
1465 4481 1556 4536 hic
1592 4482 1834 4536 Basilius
1897 4481 2097 4551 Porph:

2245 4488 2434 4535 iuncta
2487 4479 2791 4535 asscritur:
2854 4476 2976 4547 ἄναξ
3007 4475 3145 4548 ὅλης
3178 4485 3302 4553 γῆς,
3335 4475 3503 4548 ἥλιος
3532 4486 3632 4548 τῆς
3671 4481 3881 4556 πορφύ-

463 4587 558 4641 ρας
593 4567 903 4637 Βασίλειος,
934 4570 996 4622 τὸ
1028 4567 1248 4642 Ορέμμα
1277 4570 1375 4636 τῆς
1409 4565 1760 4643 ἁλουργίδος,
1794 4572 2095 4641 Imperator
2152 4578 2317 4625 terra?
2347 4567 2641 4633 universae,
2674 4569 2758 4624 sol
2809 4584 3075 4639 purpurae
3108 4571 3360 4625 Basilius
3418 4579 3472 4626 et
3504 4570 3789 4626 alumnus.
3817 4569 3876 4625 Id

459 4657 529 4712 de
561 4657 869 4713 Macedone
898 4658 1009 4713 dici
1040 4675 1152 4713 non
1183 4666 1383 4727 potest,
1421 4675 1550 4713 cum
1586 4674 1767 4728 neque
1825 4658 2368 4729 Pcrphyrogenncta
2399 4657 2588 4722 fuerit,
2624 4673 2729 4712 nec
2760 4657 3104 4729 imperatore
3162 4666 3318 4729 patre
3350 4662 3517 4714 natus
3572 4658 3665 4726 sit,
3693 4674 3881 4729 neque

459 4746 706 4802 adultus.
740 4749 987 4802 Zonaras
1019 4747 1078 4802 in
1137 4747 1508 4802 Constantino
1578 4747 1752 4813 Duca,
1799 4748 1909 4814 Τὴν
1939 4746 2032 4816 μὲν
2088 4748 2095 4819 ί

2243 4743 2365 4799 ,εἰσιν
2419 4743 2584 4798 αὐτοῦ
2642 4743 3012 4799 καταλέλοιπε
3067 4745 3242 4820 τρισὶν
3306 4741 3498 4815 υἱέσιν,
3549 4751 3656 4804 elc.
3718 4747 3879 4811 [νημε-

457 4837 595 4886 rium
657 4835 826 4883 tribus
883 4835 1023 4898 ﬁjiis
1082 4834 1320 4898 reliquit,
1379 4835 1595 4900 quorum
1640 4835 1784 4897 duos,
1849 4835 2148 4884 Michaelem
2174 4838 2223 4883 et
2283 4835 2631 4884 Andronicum
2695 4833 2923 4884 Eudocia
2977 4835 3182 4898 privato
3239 4834 3424 4895 adhuc,
3483 4836 3877 4886 Constantinum

456 4930 574 4964 vero
605 4911 895 4980 imperanti
941 4919 1349 4979 pepererat,cum
1380 4920 1426 4965 el
1493 4919 1605 4979 ipsa
1627 4918 1859 4981 Augusta
1911 4915 2173 4980 appellata
2229 4919 2372 4965 esset.
2412 4915 2554 4965 Unde
2609 4915 2696 4964 hic
2723 4915 2860 4964 solus
2917 4915 3385 4978 Porphyrogenitus
3416 4916 3539 4980 fuit,
3598 4930 3658 4964 ac
3694 4917 3874 4966 statim

454 5011 562 5058 prae
591 4995 788 5044 celeris
816 4996 1023 5059 imperii
1051 4995 1345 5059 insignibus
1374 4996 1674 5048 adornatus.
1709 4998 1786 5052 Ex
1818 5013 1882 5051 eo
1916 5012 2122 5067 nempe
2153 4997 2444 5068 Porpher
2476 4996 2797 5066 genitorum
2834 5011 3041 5051 nomen
3101 4996 3353 5064 emersit,
3415 5003 3472 5050 ut
3529 4997 3627 5068 qui
3688 4996 3874 5066 impe-

456 5092 619 5141 rante
650 5093 806 5154 patre
837 5090 1190 5152 nasceretur,
1219 5085 1335 5140 sive
1366 5085 1423 5141 in
1459 5084 1708 5141 thalamo
1741 5086 2052 5158 Porpbyrae
2111 5085 2284 5151 dicto,
2318 5086 2436 5140 sive
2497 5101 2753 5156 purpura
2809 5083 3083 5154 obvoluti,
3133 5084 3684 5155 Porphyrogennelae
3715 5085 3873 5142 dice-

454 5181 672 5229 rentur.
708 5173 1064 5228 Hcrodianus
1097 5175 1225 5229 hist.
1261 5175 1358 5229 lib.
1422 5192 1462 5241 Ι,
1496 5176 1566 5230 de
1591 5176 1904 5231 Commodo
1963 5175 2090 5231 Mari

2239 5174 2555 5246 inperatoris
2583 5173 2740 5228 ﬁlio:
2775 5168 2988 5228 Ἔδωκε
3043 5169 3099 5226 δὲ
3133 5172 3248 5245 μετ’
3298 5170 3527 5244 ἐκεῖνον,
3585 5183 3693 5231 etc.
3725 5172 3875 5224 Nune

450 5275 518 5310 ne
565 5262 681 5323 post
735 5261 965 5309 Marcum
1021 5264 1221 5324 patrem
1284 5261 1431 5311 vobis
1491 5266 1706 5326 fortuna
1765 5263 2056 5327 principem
2112 5263 2272 5322 dedit,
2332 5275 2432 5311 non
2490 5260 2702 5326 quidem
2759 5260 3072 5325 ascililium,
3135 5261 3314 5327 quales
3369 5264 3487 5311 ante
3517 5277 3596 5312 me
3635 5263 3872 5325 filerunt.

450 5356 612 5405 neque
669 5341 825 5390 veluti
881 5343 1140 5405 acquisita
1196 5341 1416 5406 imperio
1471 5343 1802 5407 gloriantem,
1861 5343 2053 5408 quippe
2104 5357 2237 5392 unus
2291 5357 2382 5406 ego
2415 5341 2552 5391 vobis
2600 5347 2770 5399 natus.
2827 5343 3177 5408 educatusque
3235 5345 3294 5392 in
3322 5343 3462 5404 aula,
3521 5357 3625 5392 non
3655 5343 3869 5407 quidem

445 5423 670 5486 privatis
729 5421 993 5472 obvolutus
1047 5422 1250 5485 fasciis,
1307 5423 1487 5476 statim
1549 5439 1626 5473 me
1655 5427 1713 5473 ut
1771 5439 1836 5474 ex
1864 5424 1978 5474 alvo
2031 5423 2347 5489 prodieram,
2408 5422 2747 5487 imperatoria
2801 5438 3036 5488 purpura
3095 5424 3334 5488 suscepit,
3365 5423 3618 5488 simulque
3672 5425 3752 5472 sol
3785 5422 3874 5473 ho-

448 5503 639 5551 minem
681 5517 760 5551 me
789 5503 944 5564 vidit,
974 5506 1022 5550 et
1048 5503 1356 5569 principem.
1393 5507 1462 5560 Et;
1527 5506 1880 5561 Themistius
1935 5511 2076 5561 orat.
2101 5506 2154 5561 6.
2189 5505 2259 5560 de
2311 5503 2617 5560 Valentino
2644 5504 2896 5560 Gratiani
2955 5505 3316 5574 imperatoris
3373 5505 3586 5560 fratre:
3646 5507 3870 5578 Πρῶτος

448 5588 552 5662 γὰρ
581 5585 647 5658 δὴ
680 5589 817 5652 τὲως
864 5595 962 5658 τῆς
996 5587 1324 5663 εὐδαίμονος
1354 5591 1531 5657 οἰκίας
1561 5591 1984 5667 ἐσπαργανώθης
2017 5590 2068 5646 ἐν

2233 5589 2424 5668 ιργίδι,
2482 5595 2707 5650 Primus
2751 5602 2934 5650 autem
2992 5597 3125 5650 tunc
3156 5595 3382 5666 inclytae
3436 5594 3628 5650 domus
3656 5610 3869 5666 purpu-

449 5681 560 5734 reis
589 5679 868 5735 obvolutus
898 5684 978 5736 est
1005 5681 1221 5752 fasciis.
1246 5682 1465 5740 Dicitur
1493 5691 1682 5741 tamen
1717 5682 1785 5740 de
1817 5683 2024 5740 Basilio
2052 5683 2314 5753 Juniore,
2345 5682 2445 5757 qui
2478 5684 2632 5741 circa
2662 5699 2879 5741 annum
2915 5683 3143 5740 Domini
3173 5684 3299 5755 977,
3331 5694 3464 5741 cum
3496 5684 3874 5743 Constantino

444 5767 992 5841 Porphyrogenneta
1021 5771 1328 5846 imperium
1360 5775 1561 5832 tenuit.
