4142 6462
218 387 286 450 17
1755 401 2265 465 TESTIMONIA.
3637 401 3713 460 18

1011 553 1392 611 Ferdinandus
1426 554 1706 626 Ughetlus,
1739 556 1916 614 Italiae
1947 573 2120 614 sacra
2151 561 2283 614 tam.
2319 556 2414 628 VI,
2453 573 2584 628 pag.
2617 556 2757 611 1049
2783 563 2834 612 et
2854 570 2964 628 seq.

300 632 729 707 Menologium
791 641 1129 699 Graecorum
1179 648 1343 713 jussu
1394 645 1594 702 Basilii
1650 647 1910 703 Junioris
1955 647 2102 717 imp.
2153 645 2772 718 Constantinopolitani
2821 651 2954 701 ante
3011 660 3230 700 annum
3270 644 3382 700 Sal.
3419 645 3532 699 984
3563 660 3706 700 con-

247 726 543 797 scriptum,
576 735 634 783 et
660 730 739 786 ad
764 729 952 787 ﬁdem
981 733 1407 791 membranacei
1439 736 1652 792 codicis
1705 735 1958 792 Vaticani
1990 754 2022 791 a
2056 741 2218 792 Petro
2276 736 2523 792 Arcudio
2573 735 2908 806 Corcyrensi
2959 735 3019 791 V.
3080 735 3140 805 Ο,
3202 734 3399 790 Latine
3447 750 3696 802 versum,

255 833 404 872 nunc
432 816 695 887 primum
731 819 926 876 edidit
957 821 1296 878 Fernandus
1333 822 1604 894 Ughellus
1634 825 1811 897 (Anno
1841 823 2056 882 scilicet
2088 826 2272 896 1659).

329 905 490 961 Liber
518 905 630 962 iste
653 905 927 977 Graecus,
951 908 1118 980 cujus
1151 910 1244 967 hic
1275 912 1461 968 versio
1493 911 1696 969 Latina
1723 911 1983 980 habetur,
2008 913 2170 985 jussu
2221 915 2359 970 olim
2416 911 2613 969 Basilii
2667 912 3220 984 Porphyrogennetae
3268 911 3524 967 Junioris
3555 913 3693 983 imp.

268 1004 393 1052 ante
424 996 538 1052 iere
569 1012 768 1053 annos
798 998 912 1052 684
962 1001 1322 1071 conscriptus
1353 1000 1478 1071 fuit,
1511 1002 1901 1074 ipsorumque,
1925 1018 2162 1072 quorum
2207 1003 2269 1059 in
2326 1020 2392 1059 eo
2435 1002 2636 1073 elogiis
2686 1001 3072 1071 celebrantur,
3112 1002 3373 1056 divorum
3420 1001 3695 1072 imagini-

267 1085 368 1141 bus
395 1091 656 1153 ornatus,
691 1092 1025 1145 asset-vatur
1055 1089 1115 1145 in
1147 1088 1426 1146 Vaticana
1456 1091 1756 1161 pontiﬁcis
1787 1091 2020 1147 maximi
2048 1091 2395 1149 bibliotheca
2429 1108 2442 1146 :
2475 1093 2545 1148 de
2593 1107 2704 1162 quo
2749 1091 2829 1145 vir
2874 1091 2948 1145 el.
3002 1098 3055 1147 et
3113 1090 3542 1147 eruditissimus
3592 1091 3696 1146 Leo

266 1177 508 1232 Allatius
554 1177 617 1232 in
675 1176 904 1232 dissert.
949 1177 1118 1250 prim.
1151 1178 1218 1235 de
1265 1179 1358 1235 lib.
1405 1180 1549 1236 Eccl.
1587 1179 1902 1238 Graecorum
1931 1181 2136 1238 scribit
2179 1181 2243 1238 in
2285 1182 2404 1239 haec
2460 1181 2631 1238 verba
2665 1197 2678 1236 :
2713 1201 2742 1229 «
2799 1179 3183 1250 Mcnologium
3217 1180 3324 1236 hoc
3354 1195 3495 1235 auro
3530 1195 3693 1251 gem-

262 1266 487 1337 misque
517 1267 858 1338 pretiosius,
889 1267 1382 1339 Constantinopoli
1413 1270 1481 1325 ad
1515 1269 1871 1327 Ludovicum
1909 1270 2177 1328 Sfortiam
2227 1271 2360 1327 satis
2413 1269 2686 1326 munifice
2729 1269 3050 1326 advectum.
3086 1291 3114 1320 »
3157 1268 3370 1326 Cetera
3412 1271 3475 1324 ut
3525 1285 3696 1340 supra

265 1357 419 1427 apud
443 1357 721 1413 Allatium
741 1373 918 1430 usque
944 1357 1016 1413 ad
1045 1357 1232 1415 ﬁnem.
1266 1358 1457 1431 Pergit
1491 1359 1753 1430 Ughellus
1784 1375 1798 1415 :

336 1449 476 1502 Hinc
508 1447 644 1503 Leo.
676 1447 784 1503 Sed
819 1449 970 1519 quod
1004 1448 1190 1518 magis
1209 1448 1393 1518 arguit
1415 1449 1807 1520 Menologium
1843 1449 1954 1507 hoc
1985 1451 2266 1522 scriptum
2295 1449 2471 1507 fuisse
2503 1450 2699 1506 Basilii
2745 1448 3004 1506 Junioris
3046 1449 3233 1520 jussu,
3266 1455 3368 1518 est,
3430 1447 3583 1520 quod
3633 1449 3696 1504 in

262 1551 335 1592 eo
368 1536 431 1590 ﬁt
463 1538 682 1592 mentio
709 1537 781 1592 ad
817 1539 883 1592 17
914 1537 1151 1593 Kalend.
1185 1538 1442 1594 Januarii
1489 1546 1701 1597 sanctae
1747 1539 2217 1610 Theophanonis,
2281 1540 2476 1596 uxoris
2534 1541 2734 1612 primas
2786 1539 2989 1595 Leonis
3037 1539 3413 1609 imperatoris,
3470 1537 3690 1594 Basillii

261 1625 608 1682 Macedonis
639 1625 763 1696 lilii,
797 1626 1158 1697 aliorumque
1188 1635 1548 1697 sanctorum,
1570 1629 1858 1701 quilonge
1884 1628 2304 1700 postBasilium
2337 1630 2701 1686 Macedonem
2738 1629 3028 1702 _vixerunt.
3083 1627 3359 1683 Caeterum
3412 1642 3540 1682 cum
3593 1642 3696 1696 pe-

262 1731 370 1770 nes
404 1732 497 1771 me
526 1720 678 1772 esset
716 1717 841 1786 ipsa
872 1717 1102 1772 Arcadii
1133 1717 1320 1774 versio
1353 1717 1669 1788 originalis,
1708 1719 1920 1790 placuit
1949 1718 2012 1775 in
2042 1721 2284 1790 gratiam
2307 1735 2502 1776 rerum
2527 1703 3041 1776 ecclesiasticarum
3075 1721 3398 1775 amatorum
3449 1716 3540 1774 hic
3566 1732 3693 1773 eam

259 1803 564 1872 exhibere,
589 1805 672 1859 Tu
708 1805 964 1870 interim,
995 1805 1240 1862 candide
1270 1809 1492 1875 Lector,
1527 1811 1684 1864 utere
1713 1815 1768 1864 et
1795 1807 1942 1864 vale.

1002 1894 1371 1951 Bottandiani
1395 1897 1532 1952 socii
1553 1897 1613 1952 in
1634 1900 1792 1954 Actis
1823 1904 2150 1954 sanetorum
2183 1902 2317 1965 tom,
2352 1900 2374 1954 Ι
2406 1897 2616 1968 Martii,
2647 1913 2775 1970 pag.
2819 1897 2945 1952 861.

335 1984 566 2055 Integra
599 1983 810 2040 habere
855 1984 1181 2040 curavimus
1213 1985 1568 2056 praeclariora
1614 1987 1727 2042 duo
1776 1985 2138 2056 Menologia;
2191 2001 2433 2058 quorum
2487 2001 2666 2042 unum
2715 2002 2784 2042 ex
2840 1985 3080 2056 collegio
3136 1985 3424 2042 societatis
3477 1991 3684 2042 nostrae

257 2077 716 2132 Claromontano
763 2075 996 2132 Parisiis
1043 2076 1374 2148 accepimus
1423 2081 1622 2134 mutuo
1652 2095 1666 2146 ;
1698 2078 1940 2134 alterum
1971 2077 2178 2149 partim
2220 2094 2289 2134 ex
2320 2094 2461 2135 mss.
2496 2077 2826 2134 monasterii
2874 2079 3091 2148 Cryptc
3134 2079 3375 2132 Fcrratae
3405 2077 3465 2132 in
3491 2076 3688 2145 Latio;

257 2167 474 2238 partim
505 2183 576 2222 ex
624 2166 992 2222 Bibliotheca
1040 2165 1332 2222 Vaticana
1359 2167 1556 2224 codice
1606 2167 1912 2224 transcribi
1935 2167 2236 2239 jussimus.
2296 2168 2477 2240 Atque
2537 2168 2644 2224 hoc
2677 2173 3024 2239 postremum
3057 2164 3199 2222 illud
3227 2173 3330 2236 est,
3363 2165 3525 2236 cujus
3570 2165 3692 2234 pri-

258 2291 416 2330 mam
473 2281 695 2345 partem
755 2273 1182 2343 elegantissime
1239 2273 1584 2346 descriptam
1641 2292 1674 2330 a
1723 2275 1903 2332 Paulo
1952 2275 2012 2332 S.
2062 2275 2300 2332 Caecilia:
2349 2274 2632 2332 cardinali
2697 2275 3024 2341 Sfondrato,
3079 2274 3261 2330 Paulo
3311 2273 3374 2341 V,
3428 2270 3690 2343 pontiﬁci

257 2365 540 2431 maximo,
566 2363 719 2420 dono
748 2364 966 2434 datum,
999 2370 1053 2420 et
1084 2379 1114 2419 a
1163 2363 1330 2420 Petro
1378 2365 1630 2421 Arcadio
1693 2365 1887 2422 Latine
1935 2365 2444 2432 redditum,Itatiae
2473 2381 2644 2422 sacrae
2671 2372 2804 2427 tom,
2837 2363 2935 2432 ιν,
2969 2363 3258 2420 subtexuit
3291 2363 3690 2419 Ferdinandus

261 2454 584 2522 Ughellus:
635 2459 866 2524 questus
914 2453 1154 2508 alteram
1206 2453 1381 2509 latere
1437 2453 1720 2510 incertum
1773 2453 2125 2525 quibusnam
2175 2455 2235 2510 in
2285 2455 2494 2524 caveis,
2546 2463 2643 2510 aut
2685 2455 2978 2511 communi
3029 2453 3169 2510 forte
3200 2452 3479 2508 librorum
3513 2458 3686 2518 sorte,

258 2545 393 2614 igne
426 2549 524 2598 aut
587 2543 752 2613 ferro,
803 2542 886 2598 vel
951 2541 1264 2612 impiorum
1337 2550 1434 2598 aut
1510 2543 1822 2600 otiosorum
1881 2543 2202 2614 hominum,
2267 2545 2353 2600 vel
2409 2545 2825 2601 elementorum
2891 2544 3098 2614 injuria
3158 2543 3385 2598 destise.
3481 2544 3693 2598 Verum

261 2651 382 2690 non
417 2634 744 2689 latitantem
775 2631 833 2687 in
859 2632 1080 2699 caveis;
1140 2633 1239 2688 sed
1271 2633 1341 2688 ad
1373 2632 1550 2688 divini
1582 2632 1757 2690 ofﬁcii
1807 2649 1977 2689 usum
2022 2641 2098 2689 tot
2155 2641 2291 2706 quot
2329 2634 2456 2705 ipsa
2489 2634 2886 2706 complectitur
2943 2631 3241 2688 mensibus
3278 2649 3310 2686 a
3352 2630 3555 2687 Martio
3615 2630 3686 2685 ad

257 2723 616 2793 Septembris
639 2723 867 2778 initium
890 2721 1253 2790 servientem,
1287 2721 1603 2792 reperimus
1636 2723 1696 2779 in
1729 2723 2144 2792 prmnominato
2191 2724 2609 2781 monachorum
2668 2723 3093 2780 Basilianorum
3151 2721 3531 2777 monasterio:
3569 2735 3686 2776 non

261 2813 495 2883 quidem
533 2811 652 2882 pari
673 2811 1066 2868 characterum
1117 2811 1398 2881 elegantia
1429 2819 1483 2867 et
1531 2812 1878 2882 picturarum
1927 2814 1998 2869 ad
2057 2813 2316 2884 singulas
2367 2813 2605 2885 paginas
2653 2813 2874 2868 deliciis
2931 2818 3268 2867 exornatam
3328 2809 3577 2882 (qualem
3626 2809 3686 2864 in

259 2901 544 2958 Vaticano
593 2916 738 2966 esse,
770 2903 920 2955 sicut
950 2900 1297 2967 audivimus,
1343 2900 1723 2973 legimusque,
1780 2901 1862 2958 sic
1914 2909 1968 2957 et
2025 2901 2319 2973 vidimus),
2378 2903 2477 2958 sed
2532 2902 2872 2972 antiquitate
2922 2902 3031 2958 ﬁde
3089 2899 3274 2956 nihilo
3327 2899 3685 2968 inferiorem,

257 2993 647 3062 eamdemque
682 2989 1239 3059 Basiliimperatoris
1273 2989 1506 3047 titulum
1564 2992 1994 3062 praeferentem:
2067 2999 2126 3047 ut
2173 2991 2327 3049 hanc
2370 2991 2658 3048 Vaticanae
2711 2992 2869 3047 illius
2919 2991 3095 3063 partis
3124 2991 3319 3045 sinon
3352 3004 3687 3059 germanam

262 3081 532 3145 alteram,
563 3080 635 3134 ab
666 3079 871 3135 eadem
906 3096 1083 3135 manu
1115 3079 1270 3136 velut
1301 3087 1461 3136 utero
1485 3089 1843 3152 prognatam,
1876 3086 2030 3138 certe
2059 3085 2349 3153 genuitam
2382 3097 2448 3138 ex
2491 3089 2647 3153 patre
2681 3089 2848 3152 atque
2877 3088 3104 3137 auctore
3157 3078 3380 3149 eodem,
3431 3084 3549 3132 tum
3580 3092 3689 3132 caa-

264 3172 400 3226 teris
424 3169 682 3238 indiciis,
716 3171 836 3224 tum
869 3169 1002 3238 styli
1031 3168 1451 3238 perfectissima
1498 3168 1901 3236 similitudine,
1963 3169 2109 3226 nihil
2165 3169 2493 3226 haesitantes
2529 3171 2918 3227 crederemus.
2970 3169 3052 3224 Ex
3085 3169 3188 3224 hac
3223 3167 3396 3236 igitur
3432 3182 3694 3222 mensem

263 3260 541 3332 primum,
578 3258 632 3312 id
668 3265 773 3328 est,
810 3257 1077 3313 Martium
1131 3258 1225 3315 hic
1266 3258 1469 3315 damus
1525 3259 1584 3314 in
1641 3258 1934 3330 specimen
1989 3259 2442 3332 Menologiorum
2491 3269 2824 3316 czeterorum
2856 3259 3136 3315 omnium.
3160 3259 3253 3313 Est
3283 3257 3443 3314 enim
3475 3257 3696 3312 caeteris

265 3369 391 3422 quae
422 3351 671 3405 vidimus
702 3349 972 3404 omnibus
1002 3348 1280 3406 illustrior
1304 3349 1425 3406 haec
1462 3349 1747 3419 collectio,
1781 3350 2252 3422 auctoritatisque
2275 3351 2540 3423 majoris;
2563 3367 2630 3408 eo
2682 3351 2829 3422 quod
2877 3367 2993 3406 non
3033 3349 3257 3421 privato
3313 3349 3556 3419 alicujus
3599 3363 3690 3401 ar-

265 3440 438 3497 bitrio
469 3438 796 3510 compilata,
853 3440 951 3495 sed
998 3439 1059 3494 in
1107 3439 1340 3510 publico
1389 3439 1772 3496 Ecclesiarum
1813 3441 2574 3510 ConstantinOpolitanarum
2638 3457 2742 3496 usu
2785 3440 2960 3496 fuisse
3011 3439 3314 3494 videatur:
3349 3453 3480 3494 cum
3526 3439 3688 3506 jussu

267 3529 468 3584 Basilii
499 3528 860 3598 imperatoris
881 3527 1367 3599 Porphyrogeniti
1419 3537 1553 3585 ante
1607 3545 1822 3585 annum
1869 3529 2074 3586 salutis
2124 3531 2252 3599 984,
2291 3546 2417 3586 esse
2468 3535 2693 3586 exarata
2733 3536 3128 3599 cognoscatur.
3161 3529 3245 3583 An
3277 3527 3466 3598 prima
3494 3527 3552 3580 in
3583 3525 3691 3580 hoc

266 3617 661 3691 genere?non
709 3617 988 3674 audemus
1024 3618 1337 3674 divinando
1379 3634 1632 3675 asserere
1683 3636 1702 3674 :
1762 3620 1978 3676 nedum
2023 3619 2286 3691 deﬁnire,
2333 3624 2546 3691 quanto
2570 3620 2640 3675 sit
2681 3617 3129 3690 Menologiorum
3166 3632 3299 3671 usus
3331 3615 3390 3671 in
3431 3613 3690 3672 Ecclesia

270 3713 475 3764 Greca
500 3707 712 3764 saeculo
738 3708 859 3778 jam
891 3705 1188 3762 nominato
1216 3707 1496 3778 anterior,
1529 3716 1640 3764 etc.

337 3799 711 3869 Synaxarium
740 3812 808 3853 ex
840 3795 1162 3867 Menologio
1185 3797 1352 3867 jussu
1385 3797 1582 3853 Basilii
1609 3798 1971 3868 imperatoris
2018 3799 2284 3869 collecto,
2325 3797 2492 3869 cujus
2541 3815 2634 3854 sex
2672 3797 2942 3870 postremi
3003 3812 3232 3854 menses
3290 3801 3516 3852 exstant
3568 3810 3690 3848 ma-

268 3885 554 3958 nuscripti
585 3885 644 3940 in
676 3885 1022 3940 monasterio
1053 3884 1274 3954 Cryptae
1298 3885 1534 3940 Ferratas
1567 3886 1629 3941 in
1655 3885 1839 3950 Latio,
1870 3893 1975 3943 etc.

265 3976 488 4024 Joanne:
547 3972 868 4034 Ciampinus,
925 3973 980 4022 in
1035 3971 1174 4020 libro
1230 3973 1316 4021 cui
1377 3972 1588 4034 titulus,
1621 3973 1664 4022 ll
1725 3972 1994 4024 Giornale
2063 3975 2144 4025 de’
2171 3975 2442 4033 Letterati,
2476 3974 2644 4024 editio
2677 3975 2841 4023 Romae
2870 3987 3006 4023 anno
3042 3972 3180 4034 £616,
3218 3973 3274 4022 in
3301 3971 3470 4035 primo
3500 3970 3691 4018 Dim-io

329 4047 523 4096 mensis
588 4045 786 4108 Aprilis
842 4045 1072 4108 eiusdem
1129 4043 1279 4104 anni,
1336 4059 1452 4094 cum
1513 4045 1642 4094 Acta
1692 4048 1987 4095 sanctorum
2036 4047 2236 4108 Aprilis
2290 4047 2505 4096 collecta
2535 4049 2586 4096 et
2641 4045 2914 4096 illustrata
2943 4059 2974 4094 a
3007 4043 3294 4106 Gods/ricta
3339 4042 3674 4098 Henschenio,

323 4122 372 4168 et
406 4114 624 4166 Daniel:
653 4115 1000 4180 Papebrochio
1029 4115 1144 4165 See.
1173 4115 1291 4165 Jesu
1319 4115 1591 4177 retulisset,
1625 4116 1688 4165 de
1719 4118 2014 4168 Grecorum
2048 4118 2343 4182 Menologio
2372 4119 2482 4168 hac
2506 4117 2784 4180 subiungit
2809 4132 2928 4180 pag.
2966 4117 3006 4164 8
3038 4131 3059 4165 :

339 4199 426 4254 hia
450 4204 804 4270 sopratutto,
835 4215 868 4252 a
895 4203 1092 4269 questo
1125 4198 1413 4269 proposito
1447 4214 1564 4253 non
1616 4215 1648 4253 e
1705 4199 1778 4254 da
1819 4198 2030 4256 tacerci
2069 4216 2230 4255 come
2289 4200 2351 4255 in
2410 4200 2592 4271 quest’
2648 4215 2822 4269 opera
2871 4199 2918 4253 si
2951 4202 3221 4268 rapporta
3245 4211 3346 4266 per
3396 4197 3678 4250 extensum

270 4286 596 4358 l’originale
625 4286 806 4343 Greco
847 4285 940 4341 del
976 4300 1129 4342 mese
1158 4285 1215 4340 di
1242 4285 1431 4358 Aprile
1457 4285 1512 4340 di
1541 4301 1616 4342 un
1647 4286 2049 4344 antichissimo
2079 4289 2397 4358 Menol0gio
2431 4296 2646 4345 trovato
2670 4287 2763 4343 nel
2793 4287 3136 4344 monasterio
3168 4285 3226 4339 di
3286 4284 3485 4340 Grolta
3547 4285 3677 4338 Fer-

261 4385 400 4433 rata.
436 4376 716 4432 Contiene
737 4379 945 4446 questo
974 4375 992 4430 i
1023 4374 1188 4430 Santi
1208 4375 1265 4430 di
1296 4375 1407 4431 soli
1428 4376 1510 4431 sei
1543 4375 1713 4446 mesi,
1735 4376 2144 4434 cominciando
2164 4379 2239 4434 da
2269 4381 2454 4434 Marzo
2485 4378 2603 4434 ﬁno
2635 4395 2668 4432 a
2700 4385 2840 4433 tutto
2869 4383 3077 4446 Agosto
3114 4393 3129 4446 ;
3164 4390 3255 4429 ma
3291 4375 3346 4428 la
3378 4389 3694 4429 mancanza

263 4466 414 4539 delg'
443 4466 582 4522 altri
613 4466 694 4522 sei
729 4481 846 4521 non
881 4465 1074 4536 toglie,
1105 4465 1234 4520 anzi
1257 4480 1517 4522 accresce
1548 4465 1588 4521 il
1622 4467 1850 4538 preggio
1905 4465 1996 4523 del
2039 4483 2170 4538 ms.,
2209 4467 2412 4538 poiche
2471 4467 2628 4523 nella
2669 4466 2946 4521 Vaticana
2975 4466 3024 4520 si
3063 4479 3419 4519 conservano
3447 4479 3480 4517 a
3504 4469 3686 4532 punto

261 4555 449 4628 quegl’
475 4554 610 4611 altri
639 4554 723 4610 sei
776 4555 938 4620 mesi,
989 4553 1096 4610 che
1154 4568 1439 4611 mancano
1493 4570 1595 4625 per
1639 4555 1885 4612 renders
1944 4556 2138 4612 l’anno
2192 4555 2420 4624 intiero,
2472 4555 2595 4612 {alti
2656 4555 2900 4612 scrivere
2923 4553 3055 4609 d’all
3090 4553 3448 4622 imperadore
3479 4549 3688 4607 Basilio

261 4643 682 4715 Porﬁrogenito
710 4643 964 4710 Juniore,
998 4659 1029 4699 e
1067 4642 1350 4698 traslatati
1379 4643 1471 4699 dal
1506 4643 1688 4701 Greco
1719 4645 1792 4700 da
1825 4644 2010 4701 Pietro
2039 4645 2315 4701 Arcudio.
2349 4644 2476 4700 Non
2511 4644 2558 4700 si
2591 4661 2687 4701 era
2717 4644 2774 4700 di
2810 4648 2958 4700 tutta
3018 4648 3218 4714 questa
3273 4655 3461 4696 nuova
3522 4642 3686 4709 parte

263 4735 474 4790 bavuto
506 4747 611 4803 per
639 4730 934 4788 l’addietro
968 4731 1176 4787 notizia
1205 4746 1418 4788 veruna
1449 4749 1467 4787 :
1498 4733 1649 4790 onde
1681 4733 2012 4804 Monsignor
2045 4734 2234 4791 Leone
2262 4733 2472 4790 Allazio
2505 4734 2562 4788 la
2617 4734 2785 4790 crede
2828 4731 2920 4789 del
2973 4735 3113 4788 tutto
3161 4731 3444 4796 smarrita,
3503 4745 3532 4785 e
3576 4727 3688 4784 l’U-

259 4823 462 4897 ghelli,
494 4821 594 4878 nel
629 4821 740 4877 ﬁne
771 4821 860 4877 del
891 4827 1039 4878 sesto
1069 4824 1224 4878 tomo
1246 4821 1380 4878 dcll’
1408 4822 1574 4878 Italia
1601 4823 1794 4891 Sacra,
1827 4838 1930 4879 ove
1986 4828 2254 4894 rapporta
2296 4823 2352 4879 la
2401 4823 2734 4879 traduzione
2763 4822 2901 4878 delli
2948 4822 3030 4877 sei
3078 4821 3221 4876 mesi
3271 4819 3360 4876 del
3400 4819 3692 4890 jMenolo-

263 4917 354 4987 ιςἰο
376 4911 688 4977 Vaticano,
722 4910 768 4966 si
800 4911 970 4966 duole
1003 4910 1171 4966 anch’
1203 4927 1328 4968 esse
1357 4911 1509 4968 dello
1539 4912 1945 4968 smarrimento
1976 4913 2033 4968 di
2079 4914 2125 4968 si
2164 4912 2313 4969 bella
2367 4912 2661 4969 memoria.
2712 4912 2885 4968 Multo
2931 4914 3120 4982 percio
3152 4911 3198 4966 si
3230 4912 3368 4966 deve
3400 4910 3453 4965 al
3483 4910 3692 4982 Signor

261 5002 554 5060 canonico
584 5002 744 5056 ϐίον.
775 4999 1105 5056 Ριιλωοεεεο
1137 5001 1364 5070 Auum,
1398 5001 1601 5072 poiche
1621 5002 1732 5072 ein
1764 5000 2034 5058 trasmise
2067 5000 2176 5073 agl’
2217 5004 2402 5059 autori
2448 5003 2504 5058 la
2548 5002 2861 5057 tralazione
2908 5000 3116 5056 Latina
3155 5000 3212 5055 di
3266 4998 3441 5070 quest’
3478 4999 3680 5056 ultimo

261 5111 371 5150 ms.
408 5098 467 5148 et
495 5095 703 5146 attesta
722 5104 907 5144 esserc
929 5088 990 5144 in
1023 5092 1166 5145 tutto
1188 5088 1572 5160 somigliante,
1609 5089 1700 5147 nel
1733 5095 2034 5159 caraltere,
2089 5091 2244 5148 nella
2274 5091 2458 5147 forma
2487 5107 2518 5146 e
2549 5090 2882 5160 nellat'rasc,
2907 5089 2960 5144 al
2996 5087 3291 5146 Vaticano.

266 5271 446 5335 Petri
484 5269 735 5332 Possini
783 5287 813 5329 e
869 5274 1012 5333 Sor.
1071 5267 1213 5330 Jesu
1272 5267 1555 5350 Epistola
1615 5271 1902 5412 θιᾶφσαὲἑι

1724 5371 1778 5411 ie

2051 5290 2289 5414 ῡαῖιὲιὲίη
2344 5271 2734 5334 Franciscum
2794 5266 3107 5331 Albanum
3190 5273 3426 5348 scripta
3484 5269 3687 5330 Romae

1724 5371 1778 5411 ιθ
1812 5370 1890 5412 20
1932 5370 2056 5414 υθο
2102 5370 2280 5414 1ῠῠ1.

269 5449 494 5524 Εὖγενεῖ
518 5445 613 5502 καὶ
673 5443 1025 5518 Φιλομοῦσῳ
1060 5443 1325 5519 μειρακίῳ
1356 5443 1574 5516 Ἰωάννῃ
1602 5447 1905 5524 Φραγκίσκ(

2052 5450 2225 5506 Nobili
2277 5467 2340 5506 ac
2397 5449 2639 5504 studioso
2696 5445 3098 5503 adolescentulo
3149 5447 3356 5500 Joanni
3395 5447 3688 5500 Francis-co

337 5544 419 5609 τῷ
480 5529 762 5607 Ἀλὸάνῳ,
823 5535 1024 5610 Πέτρος
1086 5538 1345 5597 Ηοσσῖνος
1395 5534 1454 5590 ἐκ
1507 5540 1607 5603 τῆς
1664 5534 1929 5612 ἑταιρείας

1905 5559 1929 5600 ς
2182 5539 2418 5607 Albano,
2451 5541 2641 5594 Petrus
2675 5541 2940 5595 Possimus
2971 5537 3094 5602 Soc,
3125 5538 3252 5590 Jesu
3279 5536 3334 5590 S.
3369 5535 3433 5589 P.
3476 5536 3541 5589 D.

339 5630 442 5683 τοῦ
475 5628 680 5694 Ἰησοῦ,
713 5623 924 5700 χαίρειν
951 5624 1041 5680 καὶ
1073 5622 1130 5679 εὖ
1158 5624 1434 5700 πράττειν.

340 5714 618 5786 Θαυμάζω
704 5734 760 5768 σε
814 5721 916 5783 τῆς
1002 5711 1221 5792 εὐφυΐαις
1289 5713 1380 5768 καὶ
1440 5713 1783 5790 φιλοπονίας,
1845 5716 1929 5779 αἶς

2111 5719 2388 5775 Admiror
2417 5721 2712 5794 egregiam
2745 5717 3008 5773 indolem
3040 5731 3106 5768 ac
3138 5713 3461 5783 solertiam,
3496 5715 3686 5784 quain

271 5805 585 5883 ἐγκείμενος
613 5801 690 5866 εἰς
723 5801 957 5878 μελέτην
1005 5809 1106 5873 τῆς
1159 5801 1494 5874 Ἑλληνικῆς
1527 5803 1812 5880 γλώσσης,
1847 5803 1907 5861 εἲς

2047 5809 2251 5866 Gramen
2310 5809 2529 5883 linguas
2582 5809 2843 5865 studium
2899 5802 3244 5861 incumbens
3291 5819 3480 5875 usque
3539 5803 3683 5858 adeo

269 5894 432 5952 τόσαν
464 5887 840 5972 προϐέϐηκας,
899 5889 1039 5950 ὥστε
1069 5892 1135 5950 οὐ
1164 5893 1413 5970 καθαρῶς
1468 5894 1556 5950 καὶ
1619 5894 1905 5970 ἀμέμπτως

2047 5898 2358 5972 proiecisti,
2389 5903 2588 5958 utnon
2606 5900 2798 5956 solum
2810 5912 2958 5972 pure
2976 5893 3429 5967 emendathue,
3446 5891 3550 5948 sed
3562 5891 3683 5947 ele-
