4142 6450
428 368 508 431 19

1754 361 2189 424 MENOLOGII
2234 363 2333 424 PA
2346 363 2435 425 BS
2480 369 2530 428 Ι.

3776 366 3860 427 20

438 502 652 574 ganter
684 499 864 555 etiam
895 503 1222 569 ornateque
1253 497 1484 552 litteras
1509 513 1579 553 ea
1606 496 1811 569 lingua
1839 496 2094 553 conscri-
2120 501 2149 569 Α

2210 496 2401 569 μόνον,
2436 494 2582 552 ἀλλά
2611 495 2854 570 κοσμίως
2911 518 2970 553 τε
3016 497 3107 552 καὶ
3160 495 3555 576 καλλιγράφως
3607 497 3857 554 ἐπιστελ-

435 590 563 647 bas.
602 592 729 656 Qua
758 589 830 645 de
872 606 938 644 re
970 589 1053 645 ita
1082 588 1187 643 tibi
1236 588 1519 661 gratulor,
1552 592 1617 643 ut
1660 587 1731 642 de
1764 588 2092 643 amicorum

442 679 732 736 felicitate
765 684 824 734 et
853 684 1012 734 recte
1042 678 1214 733 factis
1246 678 1521 733 convenit
1549 677 1849 750 gratulari.
1892 679 2096 732 Moneo

440 787 677 845 quoque
703 777 761 825 et
791 771 1096 837 hortor,ne
1127 785 1162 824 a
1197 773 1315 825 tam
1348 768 1651 840 prmclaris
1682 768 1873 823 initiis
1904 768 2095 823 absis-

438 867 552 933 tas,
583 877 779 931 neque
805 859 1131 915 illustrium
1163 863 1478 930 parentum
1529 874 1693 930 spem
1735 857 1955 913 bonam
1980 857 2091 912 fal-

438 952 564 1021 las;
602 949 1173 1024 sedlonganimitate
1207 954 1268 1004 et
1296 948 1518 1004 laboris
1548 948 1836 1020 patientia
1864 948 1938 1004 ad
1965 948 2086 1020 glo-

439 1043 566 1113 ria),
602 1058 782 1113 quam
804 1040 1054 1112 appetis,
1106 1039 1387 1095 verticem
1443 1037 1676 1094 evadas.
1736 1040 1956 1094 Novum
1987 1054 2093 1094 an-

440 1148 610 1199 num,
633 1146 812 1202 quem
842 1128 1211 1201 propediem,
1247 1129 1363 1183 Deo
1395 1128 1592 1197 dante,
1628 1127 1834 1183 inituri
1866 1144 2094 1196 sumus,

439 1220 855 1277 felicissimum
881 1218 985 1273 tibi
1004 1216 1310 1290 adprecor.
1336 1219 1406 1272 Et
1420 1218 1703 1289 quoniam
1724 1217 1908 1273 veteri
1930 1233 2095 1272 more

446 1310 715 1367 solemne
739 1313 830 1364 est
857 1309 1015 1364 circa
1043 1307 1351 1364 Januarias
1372 1308 1666 1363 Kalendas
1694 1324 1946 1363 munera
1964 1306 2097 1361 mit-

439 1403 590 1470 tere,
621 1416 728 1471 pro
756 1397 1115 1454 munusculo
1146 1414 1395 1454 aureum
1426 1397 1537 1453 hoc
1569 1396 1830 1471 Gregorii
1860 1397 2095 1453 Nazian-

444 1487 575 1544 zeni
609 1487 999 1544 tetrastichon
1029 1488 1201 1544 mitto
1226 1504 1241 1543 :

623 1863 885 1919 Sermone
905 1862 1074 1916 inerti
1096 1868 1335 1932 praestat
1364 1862 1597 1933 elinguis
1629 1861 1805 1917 labor.

625 1935 763 1990 Nam
790 1950 945 1988 nemo
974 1934 1133 1988 rebus
1158 1936 1321 2003 gestis
1350 1933 1553 2003 absque
1581 1933 1806 1998 claruit,

623 2006 732 2062 Sed
760 2005 961 2075 absque
989 2006 1166 2061 verbis
1194 2005 1393 2061 multos
1429 2008 1585 2074 facta
1612 2005 1916 2074 sublevant,

627 2079 750 2133 Non
780 2083 856 2131 est
887 2076 1179 2147 loquentis,
1210 2094 1397 2133 verum
1423 2075 1635 2147 agentis
1672 2079 1879 2147 gratia.

531 2255 686 2327 Vale,
717 2255 1108 2312 amicissimum
1145 2262 1328 2327 caput.

880 2365 1061 2420 Romae
1089 2381 1166 2419 vn
1196 2365 1321 2421 Kal.
1354 2366 1588 2422 Ianuar.
1620 2365 1906 2421 MDCLXI.

2032 1910 2035 1911 ί
2125 1878 2172 1944 Β

2202 585 2315 641 λειν
2403 586 2578 661 ἐκείνῃ
2632 591 2700 661 τῇ
2760 584 3031 660 διαλέκτῳ
3066 629 3079 642 .
3152 587 3291 660 Ἐγὼ
3343 591 3473 663 γοῦν
3529 586 3614 642 ἐπὶ
3672 592 3753 661 τῷ
3799 609 3860 663 γε

2200 673 2552 750 συνήδομαι,
2615 678 2701 731 οἶα
2756 677 2951 750 πρέπει
3024 674 3349 747 συνήδεσθαι
3409 674 3855 753 ἀνδραγαθήμασι

2198 764 2287 820 καὶ
2346 768 2724 841 προτερήμασι
2811 771 2917 821 τῶν
2999 766 3199 841 φίλων·
3282 770 3526 841 παραινῶ
3612 764 3670 821 δὲ
3743 768 3856 841 ἅμα

2199 854 2289 909 καὶ
2319 854 2620 929 παρακαλῶ
2651 857 2725 928 μή
2773 853 2984 917 ἀτελεῖς
3040 854 3470 929 καταλιμπάνειν
3531 854 3674 911 οὕτω
3706 854 3854 926 λαμ.-

2201 944 2342 1020 πράς
2398 944 2612 1020 ἀρχάς·
2680 944 2811 1019 μηδ’
2892 946 3095 1016 ἀπατᾷν
3158 946 3406 1021 χρηστὰς
3463 942 3690 1007 ἐλπίδας
3745 949 3853 1000 τῶν

2201 1040 2411 1108 σεμνῶν
2443 1036 2665 1113 γονέων·
2727 1035 2855 1092 ἀλλ’
2904 1036 2982 1099 εἷς
3040 1034 3209 1107 τῆσδε
3259 1043 3359 1107 τῆς
3419 1035 3735 1113 ἐρασθείσης
3767 1057 3853 1091 σοι

2203 1122 2364 1199 δόξης
2397 1128 2583 1204 φθάνει
2614 1127 2713 1196 τὴν
2771 1127 3017 1203 κορυφὴν
3077 1123 3168 1181 διὰ
3227 1127 3605 1202 μακροθυμίας
3636 1125 3728 1181 καὶ
3759 1146 3858 1205 φε-

2204 1218 2472 1295 ρεπονίας.
2498 1218 2754 1294 Εὕχομαί
2797 1240 2883 1274 σοι
2940 1220 3338 1295 εὐτυχέστατον
3400 1220 3494 1275 τὸν
3525 1220 3642 1275 νὲον
3675 1217 3857 1274 ἐνιαυ-

2200 1309 2293 1363 τὸν
2322 1307 2383 1363 οὗ
2445 1312 2562 1382 μεθ’
2613 1307 2858 1385 ὕστερον,
2918 1314 3053 1365 Θεοῦ
3107 1330 3170 1385 γε
3228 1307 3439 1381 δόντος,
3497 1304 3855 1383 ἐπιϐήσομεν·

2199 1398 2288 1454 καὶ
2324 1398 2398 1461 ὣς
2429 1397 2542 1453 ἐστι
2571 1397 2741 1454 πάλαι
2773 1398 3013 1472 νόμιμον
3072 1396 3228 1474 δῶρα
3256 1400 3489 1472 πέμπειν
3516 1404 3633 1461 τοῖς
3672 1397 3860 1476 φίλοις

2221 1486 2363 1563 ἀμφὶ
2410 1490 2510 1557 τήν
2561 1488 2859 1562 νουμηνίαν
2915 1492 3013 1543 τοῦ
3062 1488 3421 1565 Ἰανουαρίου,
3483 1488 3655 1560 ξενίου
3699 1485 3856 1557 δίκην

2200 1581 2438 1654 χρυσοῦν
2492 1579 2809 1653 Γρηγορίου
2863 1583 2960 1634 τοῦ
3014 1581 3389 1650 Ναζιανζηνοῦ
3439 1576 3706 1653 προσάγω
3760 1596 3854 1631 τε·

2199 1667 2511 1745 τράστιχον.

2277 1847 2527 1924 Ἀφωνον
2562 1841 2718 1938 ἔργον
2746 1852 2995 1922 κρεῖσσον
3028 1847 3310 1920 ἀπράκτου
3343 1845 3535 1922 λόγου.

2277 1918 2337 1938 nl
2483 1921 2497 1938 \
2611 1920 2624 1938 )
2648 1934 2652 1938 Α
2702 1920 2714 1937 1
2844 1921 2854 1938 1
2956 1920 2997 1938 ΑΟ
3040 1918 3052 1937 ἵ
3077 1922 3087 1938 ι
3128 1918 3139 1938 1
3160 1930 3180 1938 Α
3262 1916 3326 1938 “In
3343 1937 3350 1938 κ

2277 1916 2405 1992 Βίου
2440 1921 2534 1992 μξν
2570 1916 3223 1992 οὐδείςνπώποθίύψῶθη
3259 1916 3411 1992 δίχα,

2272 1988 2450 2067 Λόγου
2484 1988 2542 2067 83:.
2571 1989 2778 2067 πολλοὶ
2807 1988 3120 2067 τοΰῌκαλῶς
3141 1988 3514 2067 ψοφουμᾷνου·

2271 2061 2346 2119 Οὐ
2366 2060 2473 2138 γὰρ
2506 2062 2851 2137 λαλούντων,
2885 2061 2942 2118 εὖ
2978 2060 3245 2140 βιούντων
3279 2060 3390 2131 δ”ἡ
3426 2060 3608 2136 χάρις.

2207 2218 2480 2296 Ἐῥρωσο,
2506 2220 2741 2294 ωιλτατη
2765 2220 3002 2300 κεφαλή.

2282 2313 2562 2387 Ῥώμηθεν
2596 2362 2612 2387 ,
2692 2311 2819 2390 ἕκτῃ
2901 2312 3181 2393 φθίνοντος
3286 2305 3620 2387 Δεκεμϐρίου
3654 2354 3669 2381 ,
3757 2305 3863 2367 ἔτει

2214 2404 2376 2478 αχξά.

934 2739 1357 2904 ΜΕΝ
1371 2738 2068 2909 OLOGII
2202 2740 3382 2909 Gll/ECORUM

1788 3047 2100 3142 PARS
2156 3047 2540 3141 PRIMA

1357 3225 1412 3283 A
1456 3224 1723 3285 MENSE
1774 3225 2212 3293 SEPTEMBRI
2254 3230 2362 3290 AD
2406 3227 2942 3289 NOVEMBREM.

450 3559 492 3613 1
541 3556 646 3613 Hic
674 3573 835 3614 nunc
867 3560 1069 3629 specta
1104 3562 1264 3615 recte
1296 3559 1397 3632 qui
1430 3559 1614 3630 vides,

454 3647 755 3718 Optimum
787 3663 935 3719 opus
964 3664 1035 3703 ex
1064 3649 1305 3719 optimis
1344 3650 1522 3706 rebus
1557 3668 1569 3705 :

454 3736 613 3807 Opus
677 3735 782 3790 Dei
838 3735 1330 3809 pulcherrimum,
1391 3739 1453 3793 in
1511 3744 1815 3811 stuporem
1864 3743 2105 3815 rapiens

1734 3830 1988 3902 [mentes
2017 3850 2031 3887 :

456 3913 614 3984 Opus
645 3912 948 3969 delectans
979 3930 1217 3969 omnem
1248 3916 1459 3972 merito
1484 3922 1836 3975 creaturam.

462 4004 648 4073 Supra
676 4002 836 4057 enim
864 4002 1012 4073 ipse,
1045 4008 1113 4057 ut
1140 4004 1293 4060 Deus
1325 4011 1384 4060 et
1412 4007 1721 4076 Dominus,

461 4093 771 4146 Astrorum
797 4091 1029 4147 choreis
1046 4091 1375 4165 depingens
1406 4095 1641 4167 caelum,

454 4179 640 4247 Quod,
677 4185 960 4251 tanquam
991 4180 1231 4252 pellem,
1256 4184 1522 4239 extendit
1552 4185 1748 4257 verbo,

458 4270 743 4326 Mundum
775 4270 1034 4326 illustrat
1064 4271 1507 4343 sapientissima
1535 4275 1910 4347 providentia

459 4360 567 4426 Qui
595 4365 794 4415 autem
826 4359 985 4414 hunc
1015 4359 1207 4415 modis
1231 4363 1532 4433 exprimit,

458 4452 580 4506 Rex
606 4449 785 4504 totius
819 4453 1011 4519 terrm,
1040 4450 1129 4504 sol
1159 4467 1460 4522 purpurae,

460 4538 716 4594 Basilius
742 4537 1062 4593 fasciarum
1092 4538 1394 4610 alumnus,

468 4627 1006 4683 Prmstantissimus
1054 4629 1117 4683 in
1148 4634 1445 4700 utroque;
1486 4631 1745 4702 tropazis,
1788 4635 1848 4687 et
1876 4630 2108 4702 verbis;

459 4720 762 4788 Tanquam
793 4717 1047 4773 alterum
1081 4724 1240 4775 certe
1272 4720 1511 4790 coelum,
1543 4722 1770 4777 faciens
1796 4721 2037 4791 librum,

458 4812 542 4865 Ex
569 4809 829 4881 pellibus
860 4815 1193 4879 extensum,
1225 4812 1310 4866 uti
1343 4812 1622 4868 sehabet
1650 4818 1883 4880 natura,

459 4899 794 4966 Ferentem,
830 4899 988 4954 velut
1011 4899 1353 4967 luminaria,
1386 4906 1666 4957 venustas
1690 4903 1933 4974 figuras,

461 4989 728 5044 Primum
763 4987 1004 5058 quidem
1039 4989 1225 5061 ipsius
1254 4990 1353 5044 Dei
1386 4990 1651 5045 hominis
1687 4990 1856 5045 Verbi
1883 5007 1897 5058 ;

462 5076 686 5132 Deinde
718 5077 937 5143 Matris,
967 5095 1097 5148 quae
1130 5079 1259 5133 sine
1289 5079 1517 5134 semine
1548 5080 1790 5152 genuit;

464 5165 951 5238 Sapientumque,
982 5167 1432 5238 prophetarum,
1467 5168 1837 5239 angelorum,
1869 5171 2119 5227 archan-

1710 5259 1998 5330 [gclorum
2027 5279 2040 5330 ;

462 5348 510 5404 2
542 5343 1014 5401 Orthodoxorum
1050 5361 1291 5399 omnem
1321 5345 1584 5403 ιίυιὶίὶοαι
1623 5354 1885 5405 mentem
1923 5368 1936 5405 :

461 5437 730 5495 Delectat
760 5436 939 5490 simul
972 5452 1212 5492 omnem
1238 5438 1620 5509 jucunditate
1653 5442 1864 5499 visum.

464 5527 577 5582 Sed
610 5544 759 5597 quos
789 5525 1031 5595 quidem
1064 5525 1297 5582 effluxit
1318 5529 1620 5585 coloribus

468 5615 735 5671 Inveniat
756 5614 1129 5669 aaxiliatores
1163 5631 1372 5672 omnes
1393 5618 1455 5671 in
1484 5619 1757 5691 negotiis,

468 5706 800 5761 Conatuum
829 5704 1155 5778 adjutores,
1189 5707 1629 5764 commilitones
1658 5709 1721 5764 in
1741 5724 1955 5781 pugna.

2143 3566 2186 3635 C

2144 4936 2189 5001 D

2218 3563 2482 3619 Ἐνταῦτα
2511 3563 2602 3615 νῦν
2635 3558 2909 3632 σκόπησον
2943 3557 3118 3635 ὀρθῶς
3150 3558 3177 3613 ὁ
3212 3557 3453 3634 βλέπων,

2218 3653 2476 3727 Ἀριστον
2512 3646 2668 3726 ἔργον
2703 3648 2755 3720 ἐξ
2788 3649 3019 3725 ἀρίστων
3053 3649 3411 3723 πραγμάτων.

2211 3742 2416 3817 ’Ἐργον
2450 3743 2582 3796 Θεοῦ
2612 3736 2910 3794 κάλλιστον
2938 3736 3243 3808 ἐκπλῆττον
3278 3739 3492 3815 φρένας·

2213 3921 2417 3992 ’Ἐργον
2450 3916 2511 3970 τὸ
2541 3935 2742 3990 τερπου
2774 3919 2945 3969 πᾶσαν
2980 3914 3207 3978 εἰκότως
3236 3915 3427 3973 κτίσιν.

2216 4012 2363 4064 Ἂνω
2392 4006 2494 4081 γὰρ
2526 4003 2709 4075 αὐτὸς,
2746 4004 2818 4067 ὡς
2854 4004 2984 4066 Θεὸς
3012 4005 3102 4060 καὶ
3132 4005 3428 4077 Δεσπότης,

2216 4100 2464 4170 νΑστρων
2498 4092 2744 4169 χορείαις
2780 4096 3139 4172 ζωγραφήσας
3170 4095 3264 4150 τὸν
3293 4096 3490 4165 πόλον,

2214 4186 2331 4254 Ὀν,
2361 4185 2445 4239 οἶα
2477 4180 2654 4259 δερῥιν
2689 4180 2911 4253 ἐξέτεινε
2940 4182 3021 4256 τῷ
3054 4182 3226 4260 λόγῳ,

2216 4272 2438 4346 Κόσμον
2467 4268 2729 4346 ὃᾳδουχεῖ
2758 4267 3021 4350 πανσὸιρῳ
3044 4274 3349 4349 προμηθίᾳ·

2214 4365 2276 4421 Ὁ
2300 4360 2356 4417 δὲ
2383 4365 2577 4418 τοῦτον
2611 4360 2895 4431 εἷκονίζων
2928 4368 3046 4425 τοῖς
3077 4365 3327 4439 τρόποις,

2218 4452 2379 4524 ’Λναξ
2412 4446 2555 4521 ὅλης
2588 4457 2691 4521 τῆς
2720 4458 2846 4528 γῆς,
2878 4450 3042 4521 ἥλιος
3072 4459 3173 4522 τῆς
3203 4456 3506 4532 πορφύρας,

2218 4540 2532 4610 Βασίλειος,
2564 4541 2625 4595 τὸ
2658 4541 2877 4616 θρέμμα
2907 4542 3010 4611 τῆς
3040 4539 3391 4617 ἀλουργίδος.

2219 4630 2537 4705 Κρατιστος,
2571 4629 2804 4703 ἀμφοῖν,
2838 4631 2927 4686 καὶ
2959 4630 3250 4708 τροπαίοις
3276 4631 3363 4689 καὶ
3397 4633 3607 4711 Λόγοις,

2217 4720 2306 4781 Ὡς
2333 4717 2503 4774 ἄλλον
2537 4716 2707 4782 ὅντως
2738 4720 2966 4795 οὐρανὸν
2996 4723 3183 4795 τεῦξας
3220 4718 3443 4796 βίϐλον,

2222 4810 2315 4863 Ἐκ
2347 4805 2578 4885 δεῤῥεων
2601 4815 2877 4879 ταθεῖσαν,
2908 4811 2981 4872 ὡς
3015 4807 3129 4885 ἔχει
3163 4813 3345 4888 φύσις,

2222 4897 2498 4973 Φέρουσαν
2525 4899 2599 4962 ὡς
2634 4906 2929 4974 φωστῆρας
2964 4898 3198 4973 ὡραίους
3228 4901 3456 4964 τύπους’

2224 4990 2449 5062 Πρῶτον
2486 4988 2580 5061 μὶν
2613 4987 2776 5042 αὐτοῦ
2802 4991 2897 5043 τοῦ
2929 4989 3288 5063 Θεανορώπου
3319 4988 3519 5065 Λόγου,

2225 5077 2450 5133 Ἔπειτα
2480 5077 2707 5152 Μητρὸς
2740 5079 2837 5145 τῆς
2869 5075 3131 5146 τεκούσης
3162 5077 3442 5153 ἀσπόρως·

2226 5164 2441 5242 Σοφῶν,
2474 5169 2798 5241 προφητῶν,
2834 5165 3098 5240 ἀγγέλων,
3131 5166 3515 5243 ἀρχαγγελων,

2226 5356 2344 5409 Τῶν
2378 5350 2683 5426 ὀρθοδόξων
2716 5357 2887 5406 πᾶσαν
2923 5354 3199 5431 εὐφραίνει
3234 5374 3416 5428 ιιδρενα⁸

2224 5444 2424 5517 Τερπει
2461 5439 2517 5496 δὲ
2548 5446 2719 5496 πᾶσαν
2751 5441 3075 5516 τερπνότητι
3107 5445 3197 5498 καὶ
3228 5446 3368 5502 θέαν.

2228 5530 2388 5590 Ἀλλ’
2422 5530 2619 5605 οὕσπερ
2654 5531 2913 5587 είκόνισεν
2944 5531 3004 5586 ἐκ
3028 5536 3137 5588 τῶν
3172 5535 3507 5609 χρωμάτων,

2227 5617 2396 5695 Εὕροι
2433 5620 2671 5697 βοηθοὺς
2702 5622 2902 5683 πάντας
2927 5619 2986 5676 ἐκ
3014 5626 3123 5677 τῶν
3155 5626 3515 5699 πραγμάτων,

2230 5711 2469 5787 Κράτους
2503 5710 2817 5791 συνεργοὺς,
2852 5714 3181 5793 συμμάχους
3214 5714 3266 5772 ἐν
3298 5722 3417 5781 ταῖς
3452 5716 3684 5795 μάχαις,
