4142 6438
235 398 295 463 ii

247 536 417 594 Πιθῶν
443 532 787 610 λυτρωτάς,
814 528 1216 607 φαρμκευτάς
1235 532 1344 585 τῶν
1377 520 1570 583 νὸσωνο

263 720 338 779 Ἐν
364 721 438 791 τῇ
465 715 657 793 κρίσει
688 712 870 771 πλεον
904 710 964 768 δὲ
996 710 1136 787 πρὸς
1156 709 1249 766 τὸν
1279 708 1555 778 Δεσπότην

266 807 501 885 Θερμοῦς
537 806 802 882 μεσίτας,
831 803 1134 879 προξένους
1165 799 1259 857 καὶ
1281 805 1381 867 τῆς
1419 797 1532 854 ἅνω

269 901 429 971 Δόξης
456 897 806 976 ἀφράστους,
836 893 932 950 καὶ
965 895 1102 949 Θεοῦ
1132 888 1513 963 σκηπτουχίας

466 1048 810 1148 ΜΗΝΙ
890 1035 1752 1141 ΣΕΠΤΕΜΒΡΙΩ.

881 1224 974 1276 EN
1003 1222 1092 1287 Ἰᾘ
1122 1218 1348 1285 lipara

785 1328 967 1404 Ἀρχὴ
1012 1332 1116 1396 τῆς
1159 1321 1447 1383 Ἰνδίκτου.

344 1442 460 1510 Τήν
509 1434 761 1493 ’ίνδικτον
821 1433 1124 1508 ἑορτάζειή
1154 1433 1252 1486 τοῦ
1280 1432 1421 1487 Θεοῦ
1479 1424 1805 1498 Ἐκκλησία,
1838 1423 1948 1479 ἀπὸ

274 1536 389 1589 τῶν
474 1526 728 1605 ἀρχαίων
810 1517 1229 1600 παραλαϐοῦσα,
1316 1516 1407 1574 διὰ
1487 1516 1552 1575 τὸ
1631 1515 1947 1590 νομίζεσθαι

277 1621 468 1697 ἀρχὴν
520 1619 662 1673 εἶναι
715 1619 819 1671 τοῦ
876 1612 1084 1689 χρόνου
1140 1611 1249 1667 ἀπὸ
1306 1607 1512 1679 ταύτης
1556 1608 1656 1676 τῆς
1713 1605 1946 1679 ἡμέρας.

281 1694 518 1776 Ἔπειδή
558 1702 800 1761 ἴνδικτον
855 1700 1109 1777 λέγουσιν
1169 1699 1222 1754 οἱ
1280 1699 1551 1770 Ῥωμαῖοι
1608 1695 1710 1764 τήν
1741 1694 1946 1768 ἀρχὴν,

278 1800 373 1856 καὶ
432 1801 530 1853 τὸν
590 1795 849 1870 ὁρισμόν.
902 1798 1088 1848 Ἔστιν
1145 1788 1239 1843 οὖν
1293 1788 1384 1843 καὶ
1438 1791 1473 1857 ἡ
1533 1784 1724 1859 πρώτή
1766 1785 1952 1856 ἡμέρα

1740 389 1956 452 SEPTJ

2072 390 2232 452 BER.
3633 383 3726 470 οε

1960 526 2017 592 Α
2044 527 2367 584 Pravorum
2395 525 2718 582 affectuum
2746 521 3103 586 frenatores,
3151 517 3499 575 morborum
3528 536 3704 576 cura-

3494 609 3710 680 [tores,

2046 710 2114 765 In
2135 706 2365 782 judicio
2390 708 2591 762 autem
2617 702 2874 759 maxime
2904 699 3063 772 apud
3095 698 3413 755 Dominum

2049 798 2328 856 Fervidos
2359 795 2743 862 mediatores,
2766 790 3301 861 conciliatoresque
3333 804 3609 860 supernae

2050 888 2264 945 Gloriae
2296 886 2587 952 occultos,
2623 889 2681 940 et
2709 882 2893 938 divini
2920 880 3156 951 imperii

2271 1028 2695 1127 MENSE
2775 1022 3496 1120 SEPTEMBBI.

2686 1207 2806 1265 DIE
2842 1203 3077 1263 PRIMA

2532 1331 2581 1387 8
2610 1327 2842 1384 Initium
2870 1325 3218 1381 Indictionis.

2122 1457 2476 1517 Indictionis
2506 1456 2725 1511 festum
2758 1453 2917 1508 diem
2967 1449 3230 1506 celebrat
3283 1448 3389 1504 Dei
3418 1446 3703 1512 Ecclesia,

2052 1551 2374 1609 traditione
2408 1565 2442 1604 a
2476 1544 2809 1619 majoribus
2871 1545 3135 1613 accepta,
3167 1538 3323 1619 quod
3352 1537 3424 1593 ab
3472 1538 3585 1592 hac
3615 1535 3712 1590 die

2056 1642 2471 1699 existimarent
2499 1652 2629 1693 esse
2662 1634 2948 1705 temporis
2978 1616 3364 1703 principium,
3387 1643 3522 1683 cum
3551 1625 3713 1681 indi-

2056 1733 2318 1788 ctionem
2345 1727 2597 1785 Romani
2630 1724 2836 1780 dicant
2863 1720 3249 1795 principium,
3284 1724 3343 1773 et
3362 1718 3568 1772 ﬁnem.
3603 1716 3707 1769 Est

2053 1822 2235 1895 igitur
2263 1820 2392 1874 dies
2416 1817 2648 1890 primus
2679 1812 2906 1869 mensis
2931 1808 3315 1882 Septembris,
3347 1807 3492 1862 anni
3524 1805 3708 1860 totius

279 1892 381 1943 τοῦ
416 1869 805 1957 Σεπτεμϐρίου
834 1879 1008 1954 μηνὸς
1058 1875 1288 1950 ὁρισμὸς
1344 1874 1436 1930 καὶ
1492 1873 1640 1949 ἀρχὴ
1681 1875 1779 1926 τοῦ
1809 1869 1947 1926 δλου

2072 1869 2692 1979 ἓίηοίρίιιηιῖοέ-ίὶηέε.
2727 1901 2841 1957 Sed
2887 1869 3203 1972 postquam
3250 1869 3521 1952 Christus
3557 1896 3707 1949 Deus

281 1974 443 2037 ἔτους
478 2016 493 2031 .
548 1970 703 2030 Ἐπεὶ
761 1967 821 2025 δὲ
874 1968 1105 2042 Χριστὸς
1162 1965 1191 2020 ὁ
1248 1963 1379 2027 Θεὸς
1436 1963 1597 2036 ἡμῶν
1650 1958 1946 2037 βουληθεὶς

285 2065 665 2139 ἰπευλογῆσαι
693 2062 795 2131 τὴν
826 2059 1009 2133 ἀρχὴν
1047 2060 1147 2112 τοῦ
1173 2054 1402 2130 χρόνου,
1438 2049 1652 2126 μᾶλλον
1680 2048 1766 2139 Αδὶ
1817 2045 1946 2106 ὅλον

284 2156 378 2210 τὸν
440 2151 669 2228 χρόνον,
723 2149 783 2204 ὃν
844 2147 1009 2209 αὐτὸς
1064 2145 1173 2221 πρὸ
1233 2147 1341 2199 τῶν
1401 2140 1614 2196 αἰώνων
1673 2137 1947 2211 ἐποίησεν,

288 2242 548 2313 εἰσῆλθεν
607 2239 686 2302 εἷς
770 2239 871 2308 τὴν
929 2233 1253 2310 συναγωγὴν
1328 2234 1438 2287 τῶν
1488 2226 1788 2285 Ἰουδαίωνο
1858 2227 1950 2283 καὶ

292 2333 535 2405 ἰπεδόθη
576 2333 729 2404 αύτῷ
764 2324 985 2407 βιϐλίον
1037 2323 1264 2385 Ἡσαΐου
1319 2327 1417 2379 τοῖ’)
1472 2322 1784 2399 προφήτου.
1842 2318 1948 2378 Καὶ

290 2425 512 2499 ἀνοίξας
569 2422 723 2493 αὐτὸ,
783 2420 906 2496 εὗρε
959 2418 1053 2473 τὸν
1109 2415 1279 2472 τόπον
1335 2412 1475 2468 ὅπου
1524 2413 1593 2482 ἦν
1636 2409 1953 2487 γεγραμμέ-

302 2498 439 2571 νονσί
486 2516 707 2585 Πνεῦμα
753 2508 952 2585 Κυρίου
1008 2507 1090 2561 ἐπ’
1146 2503 1283 2577 ἐμὲ,
1354 2503 1416 2558 οὗ
1474 2499 1670 2557 ε’ίνεκεν
1727 2498 1953 2576 ἔχρισέ-

297 2625 367 2679 με
397 2623 414 2639 ο
478 2598 934 2676 εὐαγγελίσασθαι
1007 2598 1258 2669 πτωχοῖς
1341 2588 1648 2647 ἀπεσταλκὲ
1707 2608 1790 2664 με·
1852 2608 1957 2658 κη-

297 2673 458 2770 ρύξαι
513 2673 909 2766 «tipatam
966 2687 1154 2760 ἄφεσιν
1181 2726 1196 2753 ,
1252 2681 1344 2738 καὶ
1409 2679 1652 2770 ⁸τυφλοῖς
1725 2673 1955 2734 ἀνάϐλε-

295 2767 414 2858 ψιν·
473 2780 704 2836 καλέσαι
792 2775 1033 2833 ἐνιαυτὸν
1125 2771 1333 2849 Κυρίου
1403 2768 1608 2826 δεκτόν.
1666 2767 1764 2825 Καὶ
1817 2768 1957 2823 ἀπο-

297 2872 427 2933 δοὸς
471 2871 540 2926 τὸ
626 2862 849 2945 βιϐλίον
930 2868 1011 2937 τῷ
1089 2864 1345 2937 ὑπηρετῃ,
1403 2859 1646 2916 ἐκάθισεν
1672 2902 1686 2917 .
1735 2859 1957 2914 Ἔκτοτε

296 2958 600 3037 ἐχαρίσατο
627 2959 766 3031 ἡμῖν
815 2959 937 3019 τοῖς
993 2954 1344 3029 Χριστιανοῖς
1396 2949 1496 3019 τὴν
1550 2947 1705 3024 ἁγίαν
1761 2946 1954 3022 ἑορτὴν

292 3036 525 3120 ταύτην,
556 3049 627 3118 ἢν
680 3045 771 3102 καὶ
826 3041 1132 3122 προθύμως
1187 3038 1534 3117 ἑορτάζοντες
1592 3036 1960 3114 εὐχαριποῦ-

301 3161 401 3215 μεν
432 3138 603 3210 αὐτῷ.

890 3225 968 3298 Τῇ
1000 3221 1138 3298 «hii
1169 3221 1373 3297 ἡμέρᾳ-

300 3339 515 3410 κντίμη
586 3355 686 3391 του
769 3330 921 3387 ὁσίου
1006 3330 1218 3407 Πατρὸς
1300 3330 1462 3403 ἡμῶν
1559 3323 1785 3402 Συμεὼν
1862 3325 1961 3379 τοῦ

993 3417 1283 3478 Στυλίτου.

378 3536 440 3590 Ὀ
475 3535 629 3611 ἅγιος
688 3530 917 3605 Συμεὼν
977 3527 1191 3605 ἐγένετο
1249 3524 1355 3582 ἀπὸ
1412 3522 1775 3600 ’Δντιοχείας’
1841 3518 1962 3583 νὲος

310 3624 371 3682 δὶ
402 3610 865 3698 διηγπροσετάγη
899 3620 1047 3694 παρὰ
1094 3621 1204 3674 τῶν
1261 3636 1463 3693 γονεων
1522 3613 1687 3669 αὐτοῦ
1747 3610 1960 3689 βόσκειν

308 3709 585 3790 πρόϐατα.
639 3711 913 3787 Ἀργήσας
952 3705 1011 3763 δὲ
1068 3727 1202 3763 ποτε
1258 3702 1348 3761 διὰ
1393 3705 1484 3760 τὸν
1540 3706 1814 3779 χειμῶνα,
1866 3703 1964 3756 τοῦ

312 3786 391 3876 μῆ
457 3800 675 3877 βόσκειν
710 3786 805 3853 7τά
853 3790 1123 3872 πρόϐατα,
1182 3793 1423 3863 ἀπῆλθεν
1478 3790 1555 3855 εἷς
1606 3791 1709 3861 τήν
1764 3786 1965 3860 ἒκκλη-

306 3893 426 3948 σῖαν
458 3894 562 3946 τοῦ
622 3891 757 3945 Θεοῦ
814 3887 953 3960 πρὸς
992 3884 1057 3941 τὸ
1088 3881 1356 3956 εὔξασθαι.
1416 3882 1522 3939 Καὶ
1577 3882 1716 3937 κατὰ
1770 3901 1964 3956 συγκυ-

303 3982 450 4056 ρίαν,
482 3978 690 4049 ἤκουσε
716 3980 815 4032 τοῦ
846 3975 1001 4052 ἀγίου
1034 3970 1376 4051 Εὖαγγελίου
1421 3970 1961 4047 ἀναγινωσκομένω-

302 4069 587 4145 Μακάριοι
620 4068 673 4123 οἱ
704 4064 922 4142 πτωχοὶ
968 4062 1050 4138 τῷ
1105 4063 1394 4136 πνεύματι,
1455 4059 1538 4117 ὅτι
1587 4059 1764 4115 αὐτῶν
1819 4058 1960 4114 ἐστιν

301 4164 339 4230 ἡ
400 4156 658 4236 βασιλεία
707 4159 815 4210 τῶν
900 4152 1145 4230 οὐρανῶν
1176 4171 1190 4184 ·
1260 4151 1349 4207 καὶ
1409 4149 1586 4225 ἀφῆκε
1633 4152 1812 4225 γονεῖς
1869 4145 1960 4202 καὶ

300 4250 501 4305 sti-vta.
555 4245 655 4302 Καὶ
686 4243 927 4316 ἀπῆλθεν
955 4243 1035 4308 είς
1060 4243 1161 4313 τὴν
1222 4240 1445 4318 λαύρον,
1496 4242 1597 4311 τὴν
1652 4237 1964 4317 λεγομένην

308 4336 551 4413 μάνδραν
590 4381 608 4407 ,
663 4336 756 4390 καὶ
813 4332 1020 4408 ἐγένετο
1080 4331 1323 4407 μοναχὸς
1380 4329 1468 4385 ἐπὶ
1524 4331 1623 4399 τῆς
1682 4326 1960 4406 βασιλείας

302 4436 543 4489 Αεοντος
570 4429 672 4481 τοῦ
710 4421 991 4498 Μεγάλου.
1047 4425 1222 4476 Ὀπου
1266 4418 1357 4475 καὶ
1403 4419 1467 4475 τὸ
1497 4423 1717 4496 πρῶτον
1748 4417 1961 4494 ἀγωνι-

299 4520 568 4592 σάμενος,
598 4514 690 4570 καὶ
723 4514 927 4577 πάντας
971 4509 1100 4574 τοὺς
1157 4508 1440 4586 μοναχοὺς
1497 4508 1549 4565 ἐν
1606 4509 1801 4571 πάσαις
1829 4507 1962 4587 ἀφε-

293 4613 418 4671 ταῖς
477 4608 710 4677 νικήσας
742 4646 757 4673 ,
812 4602 902 4658 καὶ
950 4602 1014 4658 τὸ
1071 4604 1235 4675 σῶμα
1291 4601 1460 4656 αὐτοῦ
1520 4597 1591 4655 δι’
1644 4599 1960 4677 ἐγκρατείας

294 4697 681 4774 καταξηράνας
713 4716 727 4730 θ
776 4696 866 4752 καὶ
920 4694 1023 4772 γὰρ
1111 4691 1423 4765 ἐνήστευσεν
1503 4692 1714 4767 ἡμέρας
1767 4711 1961 4747 τεσσα-

296 4790 564 4864 ράκοντα,
590 4786 690 4850 τὰς
751 4785 845 4860 μὶν
895 4785 1100 4840 εἳκοσιν
1158 4783 1466 4857 ἱστάμενος,
1525 4781 1621 4847 τὰς
1680 4780 1738 4838 δὶ
1787 4778 1965 4849 εἶ’κοσι

292 4877 689 4951 καθεζόμενος,
747 4871 835 4930 διὰ
889 4874 983 4930 τὸν
1041 4871 1235 4930 κόπον.
1294 4873 1549 4946 Ὕστερον
1604 4870 1836 4942 ἀνῆλθεν
1870 4873 1959 4930 ἐπὶ

295 4967 502 5024 στύλον
546 4985 560 4999 ⁸
622 4962 713 5019 καὶ
775 4962 940 5039 μυρία
999 4961 1250 5035 θαύματα
1304 4963 1581 5033 ποιήσας,
1639 4960 1731 5018 καὶ
1792 4983 1962 5039 μεγας

294 5055 603 5132 γενόμενος
659 5053 737 5117 εἰς
810 5054 1011 5116 πάντας
1094 5050 1416 5128 ἀνθρώπους
1450 5095 1466 5122 ,
1539 5052 1632 5107 καὶ
1707 5050 1959 5117 πολλοὺς

292 5151 407 5202 τῶν
461 5145 707 5203 ἀπίστων
773 5142 1064 5220 βαπτίσας,
1122 5141 1212 5198 καὶ
1267 5143 1808 5216 τεσσαρακονταεπτά
1861 5137 1956 5216 ἔτη

291 5237 388 5293 τὸν
410 5236 546 5294 Θεὸν
580 5232 912 5310 θεραπεύσας
943 5231 997 5289 ἰν
1031 5230 1224 5309 εἰρήνῃ
1259 5230 1576 5303 ἰτελειώθη.

911 5347 990 5423 τῇ
1010 5346 1149 5422 αὐτῇ
1171 5347 1355 5424 ἡμέρᾳ

659 5459 727 5515 Ἠ
756 5457 1026 5534 ποίμησις
1068 5456 1251 5529 Ἰησοῦ
1291 5460 1389 5513 τοῦ
1419 5459 1598 5529 Ναυῆ.

369 5564 550 5629 Οὗτος
583 5567 613 5622 ό
644 5566 850 5637 Ἰησοῦς
901 5564 1110 5642 ὶγένετο
1146 5563 1239 5638 μὲν
1298 5563 1415 5628 υἱὸς
1469 5567 1566 5619 τοῦ
1624 5564 1804 5636 Ναυὴ,
1839 5560 1960 5619 διᾶ-

369 5749 395 5783 ⁴
420 5749 539 5806 Isa.
574 5763 690 5819 LXI,
724 5751 771 5807 1.
853 5748 878 5785 ²
909 5746 1115 5805 Matth.
1148 5763 1182 5801 v
1211 5746 1264 5804 3.

2058 2003 2253 2057 noster
2283 1996 2488 2053 volens
2514 1992 2870 2050 benedicere
2892 1988 3254 2062 principium
3277 1985 3584 2053 temporis,
3616 1983 3708 2037 vel

2058 2091 2259 2165 potius
2288 2091 2481 2143 totum
2507 2089 2763 2156 tempus,
2796 2080 2955 2153 quod
2985 2080 3111 2152 ipse
3138 2081 3274 2134 ante
3308 2075 3526 2131 smcula
3553 2074 3710 2129 fece-

2058 2163 2171 2250 rat,
2204 2180 2506 2252 ingressus
2537 2179 2629 2231 est
2657 2186 3014 2246 synagogam
3043 2167 3401 2233 Iudaeorum,
3427 2163 3712 2220 traditus-

2060 2287 2175 2344 que
2207 2272 2299 2325 est
2327 2266 2381 2323 ei
2410 2265 2562 2322 liber
2589 2263 2756 2319 Isaias
2787 2259 3109 2333 prophetas,
3150 2272 3340 2328 eoque
3380 2258 3583 2326 aperto
3616 2253 3707 2306 in-

2060 2359 2224 2416 venit
2268 2358 2467 2414 locum
2510 2353 2612 2410 ubi
2644 2351 2931 2423 scriptum
2986 2353 3142 2405 erat:
3205 2347 3448 2416 Spiritus
3493 2343 3717 2399 Domini

2063 2465 2228 2521 super
2253 2464 2338 2503 me
2367 2463 2379 2500 :
2392 2449 2692 2516 propterea
2719 2443 2885 2496 unxit
2910 2455 3015 2507 me,
3042 2434 3423 2507 evangelizare
3448 2432 3718 2505 pauperi-

2067 2541 2163 2596 bus
2220 2538 2370 2593 misit
2408 2551 2513 2602 me,
2572 2531 2889 2604 praedicare
2936 2529 3171 2598 captivis
3216 2525 3608 2591 remissionem,
3666 2528 3719 2576 et

2065 2631 2228 2688 caecis
2254 2625 2452 2694 visum,
2484 2639 2681 2680 vocare
2710 2635 2918 2676 annum
2968 2618 3184 2674 Domini
3235 2611 3625 2684 acceptabilem
3658 2614 3674 2647 ί
3702 2627 3717 2665 :

2068 2724 2127 2776 et
2154 2717 2413 2774 reddens
2442 2714 2663 2770 librum
2693 2710 2992 2777 ministro,
3027 2706 3218 2776 sedit;
3250 2722 3322 2761 ex
3354 2720 3422 2759 eo
3452 2707 3719 2773 tempore

2067 2808 2243 2866 nobis
2272 2803 2626 2863 Christianis
2658 2805 2949 2857 sacratam
2981 2798 3136 2853 hanc
3159 2794 3567 2851 celebritatem
3594 2792 3714 2846 lar-

2067 2900 2223 2974 gitus
2255 2900 2363 2967 est,
2395 2910 2575 2966 quam
2598 2890 2778 2949 alacri
2822 2889 3022 2946 animo
3077 2887 3448 2959 peragentes,
3499 2880 3716 2955 gratias

2068 2988 2265 3047 eidem
2293 2985 2603 3043 habemus.

2706 3285 2931 3344 Eodem
2961 3284 3078 3340 die.

2144 3443 2196 3496 4
2225 3436 2491 3495 Memoria
2514 3434 2694 3492 sancti
2737 3432 2923 3489 Patris
2978 3430 3157 3486 nostri
3184 3428 3453 3484 Simeonis
3483 3424 3716 3495 Stylitae.

2146 3646 2360 3702 Sancto
2390 3640 2653 3698 Simeoni
2684 3637 2879 3712 patria
2907 3636 3019 3693 fuit
3070 3632 3405 3690 Antiochia.
3435 3635 3583 3688 Cum
3614 3645 3719 3685 au-

2073 3741 2193 3792 tem
2225 3733 2576 3790 adolescens
2594 3734 2771 3798 esset,
2795 3728 3002 3800 jussus
3034 3730 3123 3780 est
3146 3740 3182 3779 a
3211 3721 3559 3796 parentibus
3584 3735 3720 3792 pas-

2073 3841 2208 3882 cere
2239 3840 2395 3880 oves.
2429 3824 2643 3878 Nactus
2668 3835 2804 3875 vero
2831 3815 3153 3889 aliquando
3180 3829 3432 3869 vacuum
3470 3827 3538 3866 ac
3570 3809 3718 3864 libe—

2070 3933 2207 3973 rum
2236 3915 2446 3979 otium,
2480 3909 2641 3984 quod
2670 3925 2777 3982 per
2812 3908 3089 3979 hyemem
3137 3921 3273 3960 oves
3319 3917 3565 3974 pascere
3595 3915 3725 3955 non

2071 4005 2313 4073 licebat,
2339 4004 2641 4076 ingressus
2664 3998 2978 4054 ecclesiam
3000 3996 3124 4064 Dei,
3147 3999 3214 4050 ut
3232 3996 3447 4059 oraret,
3473 3990 3722 4062 contigit

2068 4102 2138 4152 ut
2164 4094 2399 4151 audiret
2426 4093 2594 4148 illam
2625 4088 2813 4145 sancti
2845 4084 3144 4157 Evangelii
3175 4083 3496 4139 lectionem
3524 4097 3536 4135 :
3562 4082 3721 4136 Beati

2063 4198 2338 4258 pauperes
2367 4183 2594 4253 spiritu,
2626 4176 2894 4250 quoniam
2912 4175 3157 4246 ipsorum
3181 4179 3261 4229 est
3287 4187 3517 4242 regnum
3547 4169 3719 4225 cwlo-

2069 4291 2192 4332 rum
2214 4275 2256 4332 ².
2288 4275 2361 4329 Et
2389 4271 2588 4327 statim
2620 4267 2959 4323 valedicens
2988 4262 3360 4336 parentibus,
3390 4277 3459 4316 ac
3489 4259 3721 4315 caeteris

2071 4364 2373 4433 omnibus,
2396 4360 2544 4416 abiit
2571 4358 2633 4413 in
2654 4357 2908 4424 lauram,
2935 4370 3067 4426 qua)
3090 4354 3269 4408 etiam
3291 4350 3541 4406 mandra
3560 4349 3719 4404 dice-

2067 4456 2277 4512 batur:
2302 4451 2751 4520 monachusque
2774 4447 3019 4501 elTectus
3037 4448 3127 4498 est
3147 4443 3503 4513 imperatore
3527 4439 3719 4494 Leone

2068 4547 2313 4617 Magno:
2347 4541 2448 4596 ubi
2495 4540 2756 4612 primum
2801 4534 3088 4591 acerrime
3130 4528 3470 4596 decertavit,
3503 4533 3562 4584 et
3589 4543 3716 4583 mo-

2069 4634 2292 4691 nachos
2322 4646 2532 4687 omnes
2587 4626 2751 4683 omni
2782 4625 3067 4679 virtutum
3123 4635 3339 4694 genere
3399 4618 3717 4691 superavit,

2070 4726 2256 4780 Tanta
2291 4726 2490 4778 autem
2520 4716 2892 4775 continentia
2946 4728 3160 4784 corpus
3192 4726 3365 4766 suum
3411 4724 3716 4778 coercens,

2072 4807 2468 4868 aridumillud
2495 4804 2718 4861 eﬂ‘ecit:
2744 4803 2965 4859 etenim
2987 4798 3379 4872 quadraginta
3399 4797 3717 4852 continuos

2071 4900 2219 4967 dies,
2242 4898 2446 4971 viginti
2473 4894 2713 4967 quidem
2736 4892 2968 4959 stando,
2985 4889 3251 4960 reliquos
3270 4904 3407 4942 vero
3430 4884 3716 4957 sedendo,

2068 4989 2292 5047 laboris
2322 4986 2540 5053 studio,
2590 4982 2925 5057 jejunabat.
2983 4982 3231 5035 Demum
3271 4979 3333 5033 in
3378 4976 3718 5031 columnam

2071 5078 2360 5148 ascendit,
2394 5081 2453 5131 et
2482 5076 2805 5130 innumera
2832 5070 3123 5127 miracula
3152 5067 3421 5140 patravit.
3451 5067 3717 5136 Cumque

2070 5170 2228 5244 apud
2253 5184 2464 5224 omnes
2486 5182 2736 5238 magnus
2766 5180 2833 5219 ac
2863 5162 3117 5218 celebris
3140 5161 3440 5226 evasisset,
3476 5157 3723 5220 multos-

2072 5277 2185 5333 que
2208 5256 2542 5314 infidelium
2573 5253 2947 5326 baptizasset,
2981 5258 3041 5307 et
3070 5249 3462 5323 quadraginta
3495 5252 3721 5318 septem

2071 5365 2263 5407 annos
2292 5348 2411 5402 Deo
2454 5344 2777 5411 serviisset,
2812 5344 2872 5398 in
2903 5358 3048 5414 pace
3081 5340 3358 5396 decessit.

2706 5471 2928 5528 Eodem
2978 5469 3093 5526 die.

2461 5589 2785 5651 ὕῡοτνηίιίο
2822 5589 2986 5643 Iosue
3025 5587 3131 5655 ﬁlii
3161 5586 3326 5641 Nave.

2142 5704 2248 5761 Hic
2274 5705 2449 5762 Josue
2480 5701 2643 5759 filius
2673 5697 2915 5773 quidem
2947 5697 3097 5751 Nave
3127 5691 3260 5757 fuit,
3292 5700 3600 5743 successor
3626 5698 3723 5738 au-
