4142 6428
403 382 485 447 23
1708 381 2060 448 MENOLO(

2191 375 2401 439 PARS
2447 378 2497 437 Ι.
3747 390 3828 451 24

408 524 528 577 tem
560 521 774 594 Moysis
807 522 1188 579 Hebrmorum
1210 521 1693 596 legislatoris,vir
1720 519 1913 591 fortis,
1939 516 2055 572 rei-

2173 508 2347 587 δοχος
2406 507 2463 599 δὶ
2518 507 2798 574 Μωϋσὲως
2850 517 2950 569 τοῦ
3005 516 3305 591 νομοθέτου
3360 523 3470 576 τῶν
3528 517 3824 599 Ἐϐραίων·

409 627 525 683 que
555 611 835 667 militaris
862 613 1107 684 peritus.
1135 616 1278 669 Nam
1304 613 1575 668 Hiericho
1602 612 1895 667 munitam
1919 608 2064 665 alie-

410 700 765 772 nigenarum
797 701 1009 756 urbem
1053 702 1428 773 expugnavit,
1483 701 1920 772 Jordanemque
1952 698 2067 754 ﬂu-

380 824 385 827 »
417 789 577 844 vium
604 806 712 861 per
742 790 967 845 siccum
1000 791 1274 846 transivit
1302 807 1423 847 una
1451 807 1585 846 cum
1610 789 1849 862 populo,
1884 794 1941 843 et
1970 805 2064 843 ar-

408 894 478 933 ca
508 879 632 934 Dei.
666 878 1011 935 Michaelem
1032 881 1212 935 etiam
1236 879 1493 935 caelestis
1523 880 1818 935 exercitus
1845 877 2068 951 princi-

409 985 548 1041 pem
597 985 801 1025 ensem
849 987 972 1042 pra;
1022 970 1300 1027 manibus
1344 976 1649 1027 tenentem
1697 970 1886 1025 vidit:
1948 985 2064 1040 quo

408 1058 611 1113 statim
642 1058 894 1131 cognito,
928 1059 1177 1132 abjectis
1207 1060 1465 1132 propriis
1486 1059 1690 1128 armis,
1718 1059 1878 1114 illius
1906 1058 2068 1130 pedi-

408 1147 520 1203 bus
540 1146 889 1204 advolutus:
923 1148 1094 1218 Quid,
1156 1150 1372 1221 inquit,
1407 1149 1669 1221 imperas
1702 1165 1871 1205 servo
1904 1153 2005 1202 tuo
2036 1146 2065 1202 Ἰ

407 1236 629 1292 Adhaec
658 1253 793 1292 cum
810 1237 1020 1309 proslio
1047 1237 1361 1295 dimicaret
1390 1256 1525 1295 cum
1550 1238 1920 1311 alienigenis,
1940 1237 2061 1293 sol-

412 1342 526 1398 que
557 1325 632 1381 ad
654 1342 929 1382 occasum
961 1328 1621 1400 appropinquaret,ipse
1651 1344 1787 1384 vero
1818 1328 2061 1382 vincen-

412 1414 472 1469 di
505 1414 800 1471 desiderio
832 1420 1155 1481 teneretur,
1184 1417 1508 1473 maximam
1529 1417 1592 1472 in
1620 1418 1737 1473 Deo
1772 1432 1938 1488 spem
1961 1415 2067 1470 ha-

411 1502 581 1571 bens,
614 1504 928 1575 imperavit
958 1505 1068 1561 soli
1090 1511 1155 1561 ut
1175 1511 1390 1562 staret:
1419 1506 1698 1578 stetitque
1719 1505 1809 1561 sol
1833 1522 1846 1560 :
1870 1520 2067 1576 neque

411 1596 576 1667 prius
598 1595 835 1663 occidit,
859 1612 1039 1667 quam
1062 1598 1262 1653 hostes
1283 1597 1608 1653 fortissime
1630 1597 1691 1652 in
1713 1596 1913 1669 fugam
1932 1612 2066 1651 ver-

412 1685 504 1739 tit.
537 1685 685 1741 Cum
715 1685 894 1757 igitur
941 1685 1225 1741 exercitui
1272 1685 1627 1758 praafuisset,
1660 1685 2065 1759 populumque

2173 600 2310 690 ἀνῇρ
2343 597 2591 675 ἀνδρεῖος
2619 602 2709 690 καὶ
2742 623 3124 679 στρατηγικος.
3161 608 3257 662 Καὶ
3299 609 3402 686 γάρ
3451 611 3552 680 τήν
3584 597 3827 690 Ἱεριχὼ,

2171 685 2337 743 πόλιν
2398 692 2557 743 οὖσαν
2632 689 2860 766 ἰσχυράν
2913 697 3024 747 τῶν
3081 685 3418 774 ἀλλοφύλων
3455 743 3469 771 ,
3527 685 3825 777 παρέλάϐελ

2170 777 2391 868 καὶᾼτύν
2465 780 2711 868 ποταμὸν
2785 779 3062 868 Ἰορδάνην
3151 781 3240 840 διὰ
3297 789 3465 862 ξηρᾶς
3547 787 3829 868 διεπέρασε

2175 866 2309 940 μετᾶ
2336 870 2433 921 τοῦ
2491 865 2649 937 λαοῦ,
2681 869 2903 939 καὶτῆς
2934 866 3177 928 κιϐωτοῦ
3225 879 3323 930 τοῦ
3385 881 3540 936 Θεοῦ.
3587 865 3825 936 Καὶ-τὸν

2170 956 2610 1047 ἀρχιστράτηγον
2679 958 2915 1034 Μιχαὴλ
3002 960 3253 1019 ἐθεάσατο
3337 972 3639 1042 κρατοῦντα
3686 968 3831 1047 ῥομ-

2171 1045 2358 1134 φαίαν,
2419 1046 2509 1102 καὶ
2569 1047 2841 1123 γνωρίσας
2890 1050 3074 1121 αὐτὸν,
3130 1051 3318 1131 ἔρῥιψε
3371 1056 3439 1112 τὰ
3490 1054 3610 1114 ’ίδια
3656 1045 3827 1134 ὅπλα,

2170 1135 2259 1191 καὶ
2291 1130 2479 1192 ἔπεσεν
2511 1137 2587 1200 εἰς
2628 1138 2757 1202 τοὺς
2815 1138 2986 1205 πόδας
3038 1142 3225 1215 αὐτοῦ,
3289 1145 3478 1201 εῗπών·
3538 1148 3607 1207 Τί
3655 1130 3829 1224 προσζ
3919 1179 3923 1181 λ

2171 1224 2387 1289 τάσσεις
2416 1231 2494 1299 τῷ
2525 1231 2601 1299 σῷ
2633 1226 2814 1303 οἰκέτῃ
2846 1248 2861 1299 ς
2894 1229 3163 1306 Πολεμῶν
3197 1232 3255 1289 δὲ
3294 1237 3431 1312 πρὸς
3483 1235 3612 1301 τοὺς
3648 1237 3827 1295 ἀλλος

2174 1313 2400 1392 φύλους,
2432 1315 2524 1371 καὶ
2552 1318 2650 1371 τοῦ
2673 1316 2839 1387 ἡλίου
2870 1320 3007 1392 πρὸς
3059 1318 3207 1378 δύσιν
3238 1318 3417 1396 ὄντος,
3450 1322 3596 1403 ἔχων
3631 1325 3752 1392 ἐπιθ
3766 1350 3828 1384 υ·-

2176 1405 2302 1478 μίαν
2334 1408 2431 1458 τοῦ
2486 1412 2700 1475 νικῆσαι
2759 1408 2980 1479 αὐτοὺς,
3038 1409 3333 1488 ἐθάρρησεν
3394 1413 3473 1477 εἷς
3523 1416 3619 1471 τὸν
3671 1418 3824 1487 Θεὸν,

2170 1495 2259 1549 καὶ
2321 1496 2491 1549 εἶπεν·
2556 1497 2751 1566 Στήτω
2810 1498 2838 1552 ὁ
2896 1497 3084 1568 ἥλιος’
3145 1500 3237 1556 καὶ
3295 1504 3495 1567 εὗοὲως
3553 1505 3750 1577 ἐστάθη
3795 1509 3823 1563 ὁ

2170 1583 2352 1654 ἣλιος,
2385 1582 2474 1638 καὶ
2509 1582 2612 1640 οὐκ
2632 1582 2831 1656 ἔδυνεν,
2890 1584 2993 1651 ἔως
3041 1585 3231 1665 ἔτρεψε
3283 1592 3410 1656 τοὺς
3460 1593 3696 1670 ἐχθροὺς
3726 1595 3826 1652 αὖ·

2168 1678 2265 1729 τοῦ
2321 1676 2457 1730 κατὰ
2511 1676 2730 1750 κράτος.
2792 1682 3180 1756 Στρατηγήσας
3241 1680 3299 1737 δὲ
3345 1689 3443 1740 τοῦ
3497 1684 3675 1760 λαοῦ,
3730 1687 3824 1742 καὶ

415 1773 807 1829 Israeliticum
822 1790 891 1830 ex
904 1790 1105 1829 eremo
1118 1780 1277 1830 recte
1297 1775 1597 1843 eductum,
1614 1775 1674 1830 in
1694 1780 1913 1830 terram
1937 1790 2060 1845 pro-

2172 1761 2446 1839 διαγαγὼν
2477 1764 2671 1828 αὐτοὺς
2700 1765 2759 1821 ἐκ
2811 1774 2912 1837 τῆς
2963 1768 3178 1843 ἐρήμου
3219 1772 3429 1843 καλῶς,
3488 1776 3577 1829 καὶ
3609 1776 3827 1851 ἀπαγα-

415 1860 743 1929 missionis,
774 1878 906 1933 quas
934 1867 1024 1917 est
1055 1863 1484 1935 Hierosolyma,
1517 1862 1804 1931 duxisset,
1840 1878 2060 1934 perque

2172 1852 2284 1962 γὼν
2318 1854 2393 1915 εἰς
2424 1855 2525 1962 τῗλν
2556 1862 2662 1928 γῆν
2700 1863 2803 1925 τῆς
2842 1856 3164 1933 ἐπαγγελίας
3194 1860 3320 1930 ἥτις
3350 1861 3460 1916 ἐστῖ
3491 1864 3561 1918 τὰ
3587 1865 3826 1939 Ἱεροσό-

420 1965 612 2006 annos
640 1951 838 2023 viginti
868 1957 1093 2024 septem
1110 1952 1463 2024 judicasset,
1486 1958 1757 2008 mortuus
1778 1957 1870 2007 est
1886 1957 2064 2023 atque

418 2040 744 2097 honoriﬁce
776 2040 840 2096 in
871 2041 1078 2098 eadem
1112 2047 1271 2097 terra
1299 2058 1334 2097 a
1358 2041 1577 2113 populo
1628 2059 1733 2098 suo
1774 2040 2063 2113 sepultus.

1064 2200 1286 2257 Eodem
1318 2200 1413 2258 die

412 2318 461 2374 ϐ
510 2318 802 2375 Certamen
860 2324 1182 2374 sanctarum
1234 2318 1615 2392 quadraginta
1670 2320 1967 2391 virginum,
2012 2324 2066 2375 et

823 2410 1112 2464 Ammonis
1140 2424 1335 2465 earum
1364 2408 1642 2479 magistri.
1749 2431 1753 2437 '

475 2534 880 2608 Quadraginta
902 2535 1115 2591 harum
1138 2536 1433 2608 virginum
1457 2541 1515 2591 et
1530 2542 1857 2608 martyrum
1880 2540 2064 2592 costus

402 2624 660 2697 patriam
680 2623 890 2679 habuit
903 2624 1350 2696 Adrianopolim
1368 2624 1748 2695 Macedonia;
1762 2623 2063 2680 doctorem

407 2719 607 2769 autem
641 2713 777 2768 fidei
804 2714 1156 2769 Ammonem
1175 2713 1515 2778 diaconum.
1540 2730 1574 2770 a
1596 2731 1712 2784 quo
1745 2729 1814 2769 ea
1835 2731 1966 2785 qua:
1988 2714 2064 2769 ad

410 2801 697 2858 cmlorum
738 2818 989 2874 regnum
1039 2803 1364 2874 pertinent,
1425 2803 1781 2858 didicerunt.
1816 2803 1899 2858 Ob
1932 2819 2063 2858 eam

412 2898 611 2946 autem
654 2907 895 2945 causam
922 2906 956 2945 a
986 2891 1237 2962 praeside
1278 2891 1548 2962 ejusdem
1579 2891 1745 2946 urbis
1791 2908 2061 2963 compre-

413 2978 840 3045 hensammulta
869 2979 1301 3050 suppliciorum
1334 2995 1555 3052 genera
1580 2996 1878 3051 perpessa:
1902 2986 2060 3048 sunt,

412 3066 574 3139 quod
602 3065 763 3122 idola
818 3067 1066 3123 adorare
1098 3073 1462 3123 recusarent.
1524 3067 1749 3123 Deinde
1791 3068 2061 3124 adductas

415 3159 703 3225 Bormam,
737 3161 804 3211 ut
834 3157 1260 3228 sacriﬁcarent,
1294 3174 1429 3213 cum
1470 3158 1550 3213 ibi
1583 3159 1768 3214 Deum
1799 3165 2059 3233 orarent,

2177 1943 2349 2017 λυμα,
2382 1945 2473 1999 καὶ
2529 1948 2718 2019 κρίνας
2746 1948 2838 2002 τὸν
2900 1948 3033 2004 λαὸν
3084 1954 3183 2006 τοῦ
3238 1951 3461 2028 Ἰσραὴλ
3515 1954 3684 2011 εἴκοσι
3732 1958 3821 2014 καὶ

2175 2032 2310 2086 ἒπτὰ
2359 2026 2477 2103 ἔτη,
2505 2031 2845 2121 ἐτελεύτησε.
2876 2038 2965 2091 καὶ
2999 2034 3167 2115 ἐτάφη
3203 2026 3434 2114 ἐντίμως
3487 2041 3539 2099 ἰν
3587 2041 3725 2119 αὐτῇ
3750 2049 3820 2121 τῇ

2173 2125 2247 2197 γῇ
2282 2122 2387 2177 ὑπὸ
2414 2127 2516 2178 τοῦ
2549 2120 2692 2179 ἰδίου
2725 2124 2882 2211 λαοῦ.

2766 2246 2843 2318 τῇ
2878 2243 3013 2319 αὐτῇ
3045 2246 3231 2324 ἡμέρᾳ

2172 2345 2438 2421 Ἀθλησις
2487 2353 2595 2405 τῶν
2657 2350 2825 2426 ἁγίων
2882 2355 3284 2429 γεσσαράκοντα
3334 2358 3619 2434 παρθένων
3654 2406 3671 2435 ,
3730 2361 3820 2416 καὶ

2493 2440 2506 2461 ν
2662 2440 2675 2458 \
2822 2444 2851 2457 υ
2905 2439 2929 2458 h
3338 2444 3353 2467 υ
3401 2450 3429 2461 η.

2508 2443 2723 2514 Αμμων
2754 2462 2854 2496 του
2902 2439 3239 2500 οιδασκάλου
3266 2446 3494 2521 [αυτων.

2240 2559 2358 2612 Τῶν
2416 2558 2817 2633 τεσσαράκοντα
2866 2558 3076 2616 τούτων
3126 2557 3406 2637 παρθένων
3460 2565 3549 2620 καὶ
3614 2564 3822 2642 μαρτύ-

2170 2665 2279 2721 ρων
2327 2646 2392 2701 τὸ
2446 2644 2663 2716 πλῆθος
2719 2645 2928 2722 ἐγένετο
2985 2649 3094 2705 ἀπὸ
3165 2648 3667 2727 Ἀδριανουπόλεως
3720 2662 3823 2726 τῆς

2171 2731 2506 2797 Μακεδονίας
2539 2779 2552 2793 .
2613 2733 2947 2793 Διδάσκαλον
3036 2736 3093 2793 δὲ
3144 2737 3370 2815 ἔχουσαι
3421 2748 3525 2813 τῆς
3580 2742 3816 2807 πίστεως

2168 2824 2401 2896 Ἀμμὼν
2428 2825 2520 2880 τὸν
2544 2821 2814 2899 διάκονον,
2846 2823 3051 2900 ἔμαθον
3112 2829 3201 2885 ὑπ’
3230 2830 3398 2886 αὐτοῦ
3424 2832 3495 2887 τά
3543 2832 3667 2907 περὶ
3713 2839 3816 2903 τῆς

2172 2912 2451 2989 βασιλείας
2479 2934 2587 2969 των
2630 2914 2896 2990 οὗρανῶνο
2950 2915 3041 2972 διὰ
3062 2922 3225 2974 τοῦτο
3281 2920 3372 2974 καὶ
3429 2920 3807 2997 ἐκρατήθησαν

2168 3002 2314 3075 παρὰ
2340 3006 2437 3057 τοῦ
2466 3009 2567 3073 τῆς
2621 3004 2794 3075 αὐτῆς
2851 3005 3068 3069 πόλεως
3126 3008 3416 3084 ἄρχοντος.
3477 3010 3577 3066 Καὶ
3627 3010 3817 3069 πολλᾶ

2169 3090 2590 3167 ὲτιμωρτξθησαν
2648 3089 2738 3148 διὰ
2793 3095 2855 3148 τὸ
2911 3095 2989 3167 μὴ
3048 3105 3422 3169 προσκυνῆσαι
3476 3105 3594 3164 τοῖς
3650 3100 3815 3159 εἰδώ-

2168 3181 2312 3243 λοις.
2359 3181 2492 3237 Εἶτα
2538 3179 2791 3257 ἤχθησαν
2851 3182 2928 3247 εἷς
2986 3185 3238 3260 Θεροίην,
3287 3190 3384 3242 τοῦ
3440 3189 3615 3250 Θῦσαι.
3649 3193 3819 3256 Ἔνθα

408 3248 690 3319 precibus
707 3247 830 3303 suis
855 3248 1200 3317 effecerunt,
1235 3253 1304 3304 ut
1324 3248 1592 3305 sublatus
1611 3249 1672 3303 in
1695 3266 1832 3304 aera
1863 3266 2057 3305 sacer-

2172 3247 2752 3345 προσηύξαντο-ῃπρὸς
2825 3270 2917 3325 τὸν
3006 3247 3134 3328 Θεὸν
3170 3247 3301 3329 ⁷καὶ
3377 3247 3713 3351 ἐκρεμάσθηή
3744 3247 3821 3344 svi;

419 3337 528 3393 dos
556 3337 860 3393 idolorum
891 3337 1252 3408 concideret,
1287 3344 1346 3393 et
1372 3339 1571 3394 statim
1603 3338 1895 3395 interiret.
1931 3343 2063 3394 Post

404 3428 535 3483 haec
569 3432 811 3483 sanctus
834 3429 1092 3482 Ammon
1118 3428 1526 3499 suspenditur,
1559 3433 1618 3483 et
1664 3428 1726 3483 in
1775 3427 2063 3485 lateribus

408 3516 715 3587 scalpitur,
748 3516 1032 3587 nudoque
1058 3516 1250 3589 capite
1295 3516 1609 3573 cadentem
1642 3515 1936 3573 cassidem
1966 3518 2060 3573 in-

410 3602 593 3657 duere
623 3603 1005 3673 compellitur
1031 3618 1045 3659 :
1102 3609 1160 3658 et
1196 3620 1317 3659 una
1347 3621 1483 3661 cum
1515 3603 1837 3675 virginibus
1867 3605 1942 3661 ad
1971 3605 2062 3660 Li-

407 3691 635 3745 cinium
668 3695 989 3763 tyrannum
1019 3692 1295 3747 mittitur.
1321 3693 1423 3763 qui
1455 3693 1737 3748 adversus
1759 3693 1896 3749 illos
1927 3710 2061 3749 sen-

410 3780 659 3835 tentiam
715 3780 927 3835 mortis
976 3781 1399 3851 pronuntiavit.
1460 3783 1530 3836 Et
1580 3781 1789 3837 decem
1820 3782 2063 3852 quidem

412 3886 617 3925 earum
646 3871 783 3943 igne
812 3876 1181 3942 consumpta)
1212 3880 1353 3927 sunt
1386 3889 1398 3926 :
1434 3878 1565 3928 octo
1597 3889 1733 3927 cum
1779 3873 2061 3945 magistro

412 3976 519 4015 suo
552 3960 907 4016 decollatm:
952 3961 1161 4016 decem
1214 3962 1277 4017 in
1337 3979 1460 4030 ore,
1519 3968 1579 4017 et
1631 3962 1810 4017 corde
1865 3962 2061 4035 gladio

408 4052 709 4105 transﬁxa)
748 4050 1174 4106 decesserunt:
1210 4068 1312 4105 sex
1371 4051 1713 4106 minutatim
1769 4053 2059 4109 concisas:

407 4154 510 4193 sex
542 4138 799 4210 denique
830 4140 1051 4211 injecto
1084 4140 1146 4194 in
1170 4158 1235 4194 os
1265 4140 1505 4195 cadanti
1537 4140 1693 4197 ferro
1752 4143 2059 4201 exstinch

410 4230 571 4282 sunt.

963 4318 1204 4373 EODEM
1234 4319 1379 4373 MEN
1388 4319 1486 4375 SE.

1034 4432 1138 4488 Die
1171 4434 1434 4489 secunda

518 4544 560 4599 7
596 4544 877 4600 Certamen
907 4545 1083 4598 sancti
1112 4547 1302 4613 magni
1332 4545 1594 4616 martyris
1632 4547 1948 4605 Mamantis.

479 4662 701 4716 Marnas
732 4659 1158 4716 celeberrimus
1175 4667 1401 4733 martyr
1423 4662 1742 4719 Aureliano
1772 4666 2061 4720 Romano-

407 4767 543 4805 rum
571 4753 782 4806 Cesare
805 4749 1037 4805 claruit.
1072 4751 1216 4805 Cum
1251 4756 1451 4827 autem
1481 4751 1786 4823 orphanus
1817 4753 2057 4810 relictus

407 4842 638 4911 fuisset,
664 4840 1011 4913 parentibus
1029 4840 1091 4895 in
1110 4856 1348 4895 carcere
1375 4840 1448 4895 ob
1463 4840 1859 4896 Christianam
1878 4842 2056 4898 fidem

410 4931 737 4996 exstinctis,
757 4947 791 4985 a
808 4930 1063 5001 quadam
1084 4929 1363 5002 religiosa
1386 4931 1666 4985 senatorii
1690 4930 1919 4986 ordinis
1937 4949 2056 4988 ma-

409 5026 585 5077 trona
616 5019 900 5074 educatus
932 5025 1039 5075 est.
1065 5024 1210 5073 Cum
1255 5035 1388 5074 vero
1420 5019 1493 5074 ad
1524 5020 1716 5075 mtatis
1742 5022 2053 5078 maturita-

407 5116 527 5165 tem
552 5109 940 5181 pervenisset,
975 5113 1404 5180 cogereturque
1435 5110 1507 5165 ab
1540 5109 1837 5166 idolorum
1862 5111 2055 5167 culto-

402 5200 571 5255 ribus
592 5198 928 5254 sacriﬁcare
948 5197 1147 5264 idolis,
1181 5197 1348 5252 nulla
1366 5216 1631 5270 unquam
1654 5200 1882 5256 ratione
1905 5200 1979 5255 ad
1995 5201 2055 5256 id

403 5289 618 5346 adduci
649 5288 842 5359 potuit
867 5305 881 5355 ;
916 5286 1020 5341 sed
1040 5302 1075 5341 a
1106 5286 1303 5341 divino
1337 5288 1546 5361 angelo
1578 5289 1640 5344 in
1673 5295 1937 5346 montem
1960 5291 2057 5347 de-

400 5384 689 5453 portatus,
724 5378 803 5432 ibi
837 5393 1021 5431 cervw
1055 5375 1207 5432 lacte
1231 5378 1522 5447 alebatur,
1550 5379 1830 5452 solusque
1862 5382 2051 5437 conti-

400 5472 540 5527 nuis
561 5470 634 5526 ad
668 5470 857 5523 Deum
890 5466 1168 5538 precibus
1199 5469 1376 5523 vitam
1407 5469 1766 5526 traducebat.
1793 5472 1934 5527 Post
1950 5488 2056 5527 au~

404 5566 520 5614 tem
555 5559 860 5628 aliquanto
892 5572 1027 5611 cum
1058 5556 1220 5611 illius
1243 5557 1397 5613 fama
1422 5558 1594 5632 longe
1625 5560 1863 5632 lateque
1894 5576 2053 5615 ema-

408 5653 600 5714 naret,
636 5647 849 5700 iterum
899 5647 1385 5718 comprehensus,
1421 5665 1455 5704 a
1480 5650 1731 5721 praiside
1769 5653 2052 5706 Caesarem

408 5736 788 5808 compellitur
846 5735 1005 5792 idola
1043 5736 1311 5794 adorare.
1361 5738 1426 5795 Id
1470 5744 1771 5796 aversatus
1821 5737 1944 5808 ille,
1990 5739 2052 5795 in

2168 3362 2261 3413 τὸν
2294 3357 2474 3434 ἀὲραὸ
2505 3358 2683 3435 ἱερεὺς
2713 3364 2821 3415 τῶν
2868 3358 3138 3434 εἰδώλων,
3194 3365 3285 3419 καὶ
3332 3366 3509 3422 πεσὼν
3569 3368 3819 3434 ἀπέθανε.

2170 3446 2274 3502 Καὶ
2334 3448 2469 3520 μετὰ
2515 3451 2682 3504 τοῦτο
2731 3448 3039 3524 ἐκρεμάσθη
3098 3453 3127 3507 ὁ
3186 3453 3340 3529 ἅγιος
3397 3456 3628 3530 ’Λμμὼν
3663 3501 3680 3531 ,
3726 3458 3818 3515 καὶ

2172 3535 2358 3609 ἐξέσθη
2443 3537 2538 3599 τὰς
2620 3535 2882 3614 πλευρὰς.
2964 3539 3063 3595 Καὶ
3147 3539 3373 3598 κασσίδα
3423 3547 3823 3621 πεπυρωμένην

2170 3623 2384 3695 ἐδεξατο
2413 3626 2550 3681 κατᾶ
2576 3625 2851 3705 καφαλῆς.
2912 3629 3044 3686 Εἶτα
3099 3631 3463 3712 παρεπέμφθη
3527 3638 3663 3708 μετὰ
3710 3642 3820 3693 τῶν

2168 3712 2449 3787 παρθένων
2482 3714 2736 3787 Λικιννίῳ
2781 3719 2861 3786 τῷ
2905 3718 3172 3792 τυράννῳ.
3229 3720 3293 3776 Ὀ
3344 3719 3403 3776 δὲ
3449 3717 3647 3778 ἔδωκεν
3682 3722 3821 3780 ἀπόο

2171 3821 2328 3887 φασιν
2352 3801 2469 3855 κατ’
2497 3802 2698 3861 αὐτῶν.
2754 3803 2857 3859 Καὶ
2915 3806 2970 3859 αἱ
3030 3805 3126 3878 μὲν
3181 3804 3307 3863 δέκα
3364 3806 3452 3865 διὰ
3506 3813 3677 3887 πυρὸς
3708 3813 3822 3868 ἐτε-

2170 3885 2497 3959 λειώθησαν
2558 3891 2613 3944 αἱ
2645 3889 2701 3946 δὲ
2732 3891 2876 3947 ὀκτὼ
2909 3894 3045 3967 μετᾶ
3098 3900 3196 3951 τοῦ
3255 3885 3593 3955 διδασκάλου
3640 3903 3818 3959 αὐτῶν

2168 3976 2696 4053 ἀπεκεφαλίσθησαν⁶
2748 3986 2834 4036 καί
2899 3983 2955 4036 αἱ
3010 3980 3136 4039 δέκα
3188 3986 3324 4063 ξίφει
3382 3990 3517 4044 κατά
3573 3994 3669 4045 τοῦ
3696 3992 3821 4048 στό-

2172 4088 2363 4139 ματος,
2391 4067 2479 4121 καὶ
2530 4076 2630 4137 τῆς
2682 4068 2906 4145 καρδίας
2969 4069 3279 4147 δεξάμεναι,
3337 4074 3713 4149 ἐτελεύτησαν.
3748 4083 3821 4137 Al

2170 4153 2226 4210 δὲ
2246 4153 2300 4226 ἓξ
2336 4156 2437 4211 ὑπὸ
2498 4164 2784 4232 μαχαιρῶν
2843 4162 3241 4232 κατεκόπησαν.
3302 4168 3397 4220 Καὶ
3460 4167 3513 4222 αἱ
3546 4163 3596 4241 ἔξ
3625 4167 3821 4244 σίδηρα

2166 4249 2535 4321 πεπυρωμένα
2564 4249 2700 4304 κατᾶ
2730 4250 3004 4323 στὸματος
3035 4250 3329 4323 λαϐοῦσαι,
3371 4256 3652 4316 άπεθανον.

2728 4369 2904 4421 MHNI
2945 4369 3035 4446 Τῼ
3075 4371 3266 4449 Am).

2958 4458 3017 4512 Β,

2262 4574 2534 4647 ’Άθλησις
2563 4582 2660 4633 τοῦ
2692 4577 2849 4655 ἆγίου
2884 4578 3381 4659 μεγαλομάρτυρος
3410 4591 3727 4661 Μαμαντος.

2240 4664 2857 4745 Μάμαςὸπεριϐὀητος
2909 4669 3137 4744 μάρτυς,
3197 4674 3266 4744 ἦν
3325 4675 3415 4730 ἐπὶ
3473 4676 3822 4751 Αὖρηλιανοῦ

2167 4755 2431 4829 Καίσαρος
2518 4758 2806 4830 Ῥωμαίων
2842 4801 2857 4816 .
2935 4762 3195 4837 Ὀρφανὸς
3283 4760 3341 4819 δὲ
3415 4766 3819 4842 καταλειφθεὶς,

2161 4848 2269 4898 τῶν
2298 4865 2501 4919 γονεων
2537 4845 2704 4900 αὐτοῦ
2751 4844 3190 4915 τελευτησάντων
3226 4849 3277 4905 ἐν
3312 4844 3555 4930 φυλακῇ,
3610 4852 3701 4909 διὰ
3728 4857 3821 4911 τόν

2161 4935 2400 5008 Χριστὸν
2432 4982 2446 5008 ,
2507 4935 2773 5011 ἀνετράφη
2820 4937 2965 5013 παρά
3015 4950 3303 5017 ματρώνας
3359 4943 3504 5005 τινὸς
3566 4939 3821 5008 εὐσεϐοῦς

2163 5021 2535 5097 συγκλητικῆς
2570 5068 2584 5083 .
2656 5023 2953 5097 Γενόμενος
3008 5024 3065 5082 δὲ
3119 5035 3220 5099 τῆς
3282 5030 3514 5104 ἐννόμου
3572 5031 3820 5106 ἡλικίας,

2160 5112 2498 5188 ἠναγκάζετο
2548 5112 2692 5167 θύειν
2747 5118 2866 5176 τοῖς
2912 5112 3166 5180 εἰδώλοις
3197 5120 3345 5195 παρὰ
3372 5124 3483 5175 τῶν
3513 5118 3820 5178 εἶδωλολαο

2160 5207 2326 5279 τρῶν.
2363 5204 2453 5272 Μὴ
2488 5204 2726 5267 πεισθεὶς
2760 5201 2838 5275 δὲ,
2897 5204 3025 5262 ἀλλ’
3076 5208 3179 5263 ὑπὸ
3231 5213 3331 5264 τοῦ
3386 5211 3533 5265 θεῖου
3582 5210 3820 5287 ἀγγέλου

2160 5286 2543 5357 ἀναϐιϐασθεὶς
2585 5292 2636 5347 ἐν
2695 5297 2775 5365 τῷ
2824 5290 2961 5370 ὄρει,
3001 5297 3095 5360 τὰς
3155 5296 3391 5377 ἐλάφους
3442 5286 3700 5378 ἆμέλγων
3734 5300 3821 5359 δι-

2162 5401 2434 5459 ετρεφετο.
2469 5379 2566 5434 Καὶ
2601 5379 2767 5454 μόνος
2794 5386 2873 5454 τῷ
2906 5388 3023 5456 Θεῷ
3083 5389 3531 5465 προσευχόμενος
3565 5387 3818 5453 διετέλει.

2163 5471 2296 5527 Εἶτα
2353 5468 2519 5525 πάλιν
2565 5470 2853 5545 κρατηθεὶς
2915 5472 3153 5545 (πολλή
3207 5477 3309 5552 γὰρ
3365 5476 3577 5554 ἐγένετο
3608 5482 3643 5551 ὴ
3694 5482 3817 5556 περῖ

2169 5557 2330 5614 αὐτὸν
2387 5561 2593 5635 φήμη),
2653 5559 2966 5636 ἠναγκάσθη
3034 5563 3137 5619 ὑπὸ
3194 5569 3289 5621 τοῦ
3339 5575 3442 5638 τῆς
3494 5572 3817 5645 Καισαρείας

2165 5651 2437 5725 ἄρχοντος
2491 5657 2867 5726 προσκυνῆσαι
2931 5658 3047 5715 τοῖς
3100 5653 3374 5721 εἰδώλοις.
3432 5661 3583 5719 Ἐπεὶ
3634 5659 3690 5716 δὲ
3721 5661 3820 5718 οὐκ

2164 5738 2378 5811 ἐπείση,
2412 5738 2490 5803 εἷς
2538 5742 2644 5816 πῦρ
2709 5738 2936 5817 βληθεὶς
2963 5743 3054 5798 καί
3115 5742 3346 5819 ἐξελθὼν
3400 5744 3672 5826 ἀϐλαϐής,
3726 5751 3819 5807 καὶ
