4142 6430
365 386 441 448 25
1843 374 2334 442 SEPTEMBER.
3721 383 3799 444 26

367 514 824 592 θηριομαχήσας,
885 515 982 573 xui
1045 513 1214 592 μηδὲν
1270 513 1576 587 ἀδικηθείς,
1630 513 1792 580 τέλος
1835 533 2021 568 κοντα-

2147 511 2345 586 ignem
2375 512 2734 584 conjicitur:
2767 517 2946 586 atque
2975 513 3115 572 inde
3147 529 3417 588 egressus
3447 515 3694 581 illaesus,
3730 517 3805 573 ad

369 608 471 682 ρίῳ
525 605 784 680 πληγεὶς,
843 606 938 662 καὶ
1005 607 1284 682 βαστάζων
1340 604 1407 661 τά
1459 601 1645 680 ῐντερα
1703 604 1869 660 αὐτοῦ
1911 607 2021 666 ταῖς

2135 601 2359 658 bestias
2391 603 2752 659 damnatur:
2804 620 2839 660 a
2884 603 3099 676 quibus
3145 622 3278 660 cum
3328 605 3556 661 nullam
3585 623 3803 662 noxam

371 694 538 758 ἰδίαις
568 696 758 772 χερσὶν
818 694 1180 772 (ἐξεχύθησαν
1239 696 1344 773 γὰρ
1407 695 1510 751 ὑπὸ
1563 695 1664 765 τῆς
1715 693 1942 770 πληγῆς
1973 691 2032 748 ἐκ

365 791 465 855 τῆς
498 784 720 848 κοιλίας
751 784 961 857 αὐτοῦ),
996 782 1192 856 ἐξῆλθε
1245 791 1348 855 τῆς
1403 783 1622 848 πόλεως
1683 784 2028 858 Καισαρείαςι

361 874 448 930 καὶ
483 877 629 948 μετᾶ
675 875 1027 952 εὐχαριστίας
1086 872 1370 950 παρέδωκε
1429 873 1615 952 Κυρίῳ
1670 879 1752 947 τῷ
1782 877 1900 946 Θεῷ
1927 873 2027 942 τὴν

361 965 509 1042 ἁγίαν
543 965 642 1021 καὶ
699 967 972 1043 μακαρίαν
1023 966 1190 1022 αὑτοῦ
1244 966 1453 1043 ψυχήν.
1513 965 1610 1020 Καὶ
1662 961 1832 1040 ἐτάφη
1873 962 1926 1018 ἑν
1956 967 2027 1038 τῇ

360 1055 494 1128 αὐτῇ
525 1053 718 1114 πόλει.

939 1237 1026 1310 Τῇ
1070 1235 1210 1308 αὐτῇ
1250 1234 1456 1312 ἡμέρᾳ-

359 1343 577 1416 Μνήμη
629 1346 770 1416 ’τοῦ
857 1342 1013 1398 ὁσίου
1096 1341 1304 1416 Πατρὸς
1388 1343 1550 1416 ημῶν
1623 1342 1883 1400 Ἰωάννου
1929 1343 2026 1396 τοῦ

426 1411 786 1491 πᾶτριάρχου
918 1411 1554 1476 Κωνσταντὶνουπόλεως
1680 1417 1780 1468 τοῦ
1908 1416 2024 1485 Νη-

427 1507 686 1545 στευτου.

423 1593 487 1650 Ὀ
533 1590 594 1647 ἓν
642 1592 820 1669 ἁγίοις
875 1593 1064 1668 Πατὴρ
1122 1594 1285 1666 ἡμῶν
1345 1592 1606 1662 Ἰωάννης
1647 1591 1676 1646 6
1707 1589 2026 1663 ἰπικληθεῖς

353 1683 684 1752 Νηστευτής
715 1680 976 1759 ἐγεννήθη
1036 1681 1087 1736 ἑν
1148 1679 1747 1739 Κωνσταντινουπόλει.
1782 1682 2027 1757 Ὑπῆρχε

356 1768 414 1827 δὶ
465 1770 552 1824 ἐπὶ
621 1769 918 1828 Ἰουστίνου
968 1771 1057 1826 καὶ
1117 1765 1376 1846 Τιϐερίου
1431 1769 1522 1825 καὶ
1578 1770 1887 1845 Μαυρικίου
1916 1775 2024 1826 τῶν

359 1858 664 1936 βασιλέων.
697 1862 989 1936 Χαράκτης
1018 1858 1077 1916 δὶ
1115 1857 1189 1915 ὤν
1233 1861 1334 1930 τήν
1378 1858 1604 1936 τέχνην,
1639 1857 1728 1914 διὰ
1753 1860 1851 1930 τὴν
1883 1861 2025 1916 πολι

357 1951 461 2020 λὴν
514 1951 688 2006 αὑτοῦ
747 1950 968 2025 ἀρετὴν,
1027 1950 1381 2026 πατριάρχης
1445 1951 1640 2026 γέγονε
1692 1950 1794 2021 τῆς
1852 1951 2022 2022 αὐτῆς

367 2038 830 2116 μεγαλοπόλεως·
888 2038 1100 2116 ἐγένετο
1153 2037 1212 2095 δὲ
1276 2038 1662 2118 φιλόπτωχος,
1716 2039 1807 2095 καὶ
1865 2038 2028 2112 ἐλεή-

368 2153 509 2206 μων,
571 2130 666 2186 καὶ
743 2131 1054 2204 συμπαθής.
1127 2126 1309 2186 Ἀλλᾶ
1381 2129 1471 2185 καὶ
1534 2127 1722 2185 πολλὰ
1777 2129 2028 2204 θαύματα

365 2223 617 2296 ὶποίησε·
674 2224 767 2279 xui
818 2224 923 2299 γὰρ
984 2220 1076 2278 διὰ
1129 2224 1448 2300 προσευχῆς
1509 2217 1840 2299 βαρϐαρικὸν
1895 2223 2028 2280 λαὸν

361 2312 421 2369 ἔκ
474 2320 582 2384 τῆς
630 2309 967 2376 Μακεδονίας
1029 2309 1315 2386 ἀπεδίωξε,
1374 2311 1464 2367 xui
1517 2310 1764 2389 μεγάλου
1795 2315 2025 2377 θανάτου

357 2404 456 2472 τήν
507 2400 680 2458 πόλιν
736 2400 1024 2478 ἰρῥῦσατο,
1079 2401 1170 2457 καὶ
1227 2399 1476 2464 πολλοὺς
1519 2404 1811 2464 νοσοῦντας
1843 2401 2024 2478 ἑθερά-

357 2512 544 2564 πευσε,
607 2491 697 2547 καὶ
758 2490 1156 2566 δαιμονιῶντας
1207 2493 1418 2561 ἰάσατο,
1475 2491 1566 2546 καὶ
1623 2489 1827 2564 λόγους
1877 2495 2024 2570 ψυχ.

360 2580 620 2658 ωφελεῖς,
653 2580 729 2644 ὡς
761 2581 791 2636 6
825 2581 994 2655 μίγας
1024 2579 1414 2656 Χρυσόστομος
1456 2581 1736 2652 Ἰωάννης,
1769 2581 2025 2657 συνεγρά-

361 2673 519 2744 ψατο,
555 2672 839 2744 Ποιμάνας
887 2666 945 2725 δὶ
991 2669 1085 2726 τὸν
1135 2667 1266 2724 λαὸν
1319 2668 1483 2724 αὐτοῦ
1531 2669 1696 2733 ὁσίως
1727 2671 1816 2725 καὶ
1852 2670 2024 2746 φιλο-

361 2761 516 2830 θὲως,
549 2760 641 2815 καὶ
695 2760 797 2828 τὴν
855 2758 1004 2834 ἱεράν
1053 2758 1385 2830 Ἐκκλησίαν
1439 2758 1624 2824 καλῶς
1663 2755 2027 2836 διακυϐερνῆ-

361 2871 454 2914 σας
512 2850 604 2906 ἐπὶ
662 2845 758 2922 ἔτη
813 2847 942 2905 δέκα
996 2850 1083 2905 καὶ
1142 2849 1264 2928 τρία
1319 2849 1410 2905 καὶ
1472 2857 1646 2924 μῆνας
1704 2851 1881 2924 πέντε,
1933 2852 2023 2908 καὶ

363 2941 435 3003 εἷς
471 2939 610 3017 βαθῦ
664 2947 842 3017 γῆρας
903 2937 1101 3010 ἐλθὼν,
1158 2938 1211 2996 ἰν
1271 2939 1461 3016 εῗρήνῃ
1492 2942 1592 3011 τήν
1634 2943 1901 3018 μακαρίαν
1933 2944 2024 2999 καὶ

365 3028 512 3106 ἁγίαν
576 3030 744 3085 αὑτοῦ
818 3031 1006 3105 ψυχὴν
1081 3026 1356 3106 παραδοὺς
1427 3034 1507 3102 τῷ
1562 3029 1774 3107 Κυρίῳ,
1827 3031 2021 3111 ἐτάφη.

365 3117 671 3196 ὗπόδειγμα
721 3117 1012 3176 ἀπολιπὼν
1070 3123 1230 3175 πᾶσιν
1288 3120 1599 3198 ἀνθρώποις
1650 3121 1742 3177 τὸν
1774 3119 2020 3200 ἐνάρετον

364 3209 524 3265 αὑτοῦ
557 3210 705 3287 βίον,
736 3209 828 3266 καὶ
857 3210 926 3266 τά
957 3207 1129 3265 λοιπᾶ
1157 3211 1582 3286 κατορθώματα.

915 3389 1095 3448 nam
1136 3396 1220 3470 τᾳ
1263 3393 1469 3470 Αγτᾳ.

1164 3481 1218 3535 I"

364 3588 628 3660 Ἀθλησις
664 3591 765 3644 τοῦ
813 3587 972 3664 ἁγίου
1025 3586 1444 3716 Ἰἆρομάρτυρος
1477 3590 1765 3665 Ἀνθίμου,
1795 3588 2020 3648 ἐπισκό-

919 3680 1028 3715 που
1113 3657 1347 3716 ικοιιηδε
1373 3682 1455 3716 ας.

919 3680 1028 3715 που
1058 3657 1194 3718 Νικο
1204 3657 1455 3735 μηδείας.

435 3769 698 3842 ’Δνθιμος
751 3769 780 3823 6
836 3768 1166 3845 ἱερομάρτυς
1219 3768 1282 3837 ἦν
1346 3770 1439 3842 μὶν
1502 3769 1798 3834 ἒπισκοπος
1857 3779 2023 3827 Νικο-

369 3854 595 3929 μηδείας
651 3855 741 3912 ἐπὶ
797 3862 906 3913 τῶν
977 3856 1193 3933 χρόνων
1253 3857 1650 3930 Διοκλητιανοῦ
1706 3860 1796 3917 xui
1852 3865 2023 3936 Μαξι-

369 3951 578 4018 μιανοῦ·
633 3943 722 4002 διά
779 3945 838 4002 δὲ
891 3947 986 4002 τὸν
1044 3943 1289 4022 διωγμὸν
1347 3947 1484 4003 κατά
1531 3953 1640 4004 τῶν
1674 3951 2020 4026 Χριστιανῶν

363 4037 736 4112 κρυπτόμενος
797 4035 850 4092 ἐν
906 4040 988 4109 τῷ
1045 4035 1182 4113 ὂρει,
1239 4038 1644 4111 καταμηνύεται
1700 4044 1778 4112 τῷ
1843 4041 2019 4112 Μαξι-

365 4131 563 4198 μιανῷ.
601 4123 701 4182 Καὶ
745 4126 1060 4200 κρατηθεὶς,
1116 4129 1307 4202 πρῶτα
1367 4127 1462 4199 μὲν
1492 4125 1667 4191 λίθοις
1693 4129 1785 4184 τὸν
1819 4129 2020 4206 αὐχένα

361 4210 725 4291 συντρίϐεται.
783 4217 1012 4272 Ἔπειτα
1070 4211 1128 4270 δὲ
1183 4213 1434 4288 σιδήροις
1497 4219 2018 4292 πεπυρακτωμένοις

356 4303 481 4369 τοὺς
556 4303 936 4381 ἀστραγάλους
1011 4301 1393 4381 διατρυπᾶται.
1483 4305 1621 4364 Εἶτα
1693 4305 1860 4363 πάλιν
1937 4309 2014 4373 εἷς

358 4395 596 4471 ὄστρακα
659 4392 782 4465 ὀξέα
842 4394 1069 4467 τίθεται,
1141 4388 1364 4470 ῥάϐδοις
1447 4393 1786 4470 τυπτόμενος
1849 4397 2015 4453 ἀκαν-

358 4484 550 4552 Θίνοις,
607 4481 698 4538 xui
753 4479 1082 4556 ὑποδήματα
1137 4480 1337 4556 σιδηρᾶ
1389 4485 1811 4560 πυρακτωθὲντα
1853 4507 2013 4564 περι-

358 4569 628 4630 ϐάλλεται
683 4575 852 4648 μέχρι
907 4575 1016 4628 τῶν
1079 4577 1292 4648 μηρῶν.
1353 4573 1452 4629 Καὶ
1514 4573 1649 4648 μετὰ
1700 4578 1864 4632 τοῦτο
1921 4574 2009 4632 δε-

361 4668 578 4737 σμεῖται
638 4659 726 4716 ἰπὶ
774 4664 1007 4736 τροχοῦ,
1083 4660 1174 4716 xui
1251 4661 1354 4717 ὑπὸ
1429 4657 1736 4735 λαμπάδων
1788 4663 2020 4736 καίεται,
2049 4655 2098 4721 D

359 4752 522 4809 Οὕτω
553 4748 613 4806 δὶ
658 4754 868 4826 πικρῶς
929 4751 1360 4825 βασανιζομένου
1409 4755 1507 4807 τοῦ
1564 4751 1744 4829 ἁγίου,
1775 4751 2017 4823 ἐπῆλθον

359 4838 587 4918 ἄγγελοι
643 4842 803 4909 θεῖοι,
861 4839 1010 4913 αὖτῷ
1070 4839 1164 4913 μὶν
1220 4840 1316 4902 τὰς
1371 4839 1629 4904 κολάσεις
1673 4840 1887 4905 καὶτὰς
1923 4843 2019 4919 βα-

358 4933 556 4997 σάγους
613 4929 855 4994 εὐκόλως
911 4935 1221 5004 ποιοῦντες,
1275 4931 1406 4996 τοὺς
1481 4928 1540 4988 δὲ
1596 4929 1834 5007 δημίους
1889 4935 2017 4998 τοὺς

354 5027 737 5098 τιμωροῦντας
791 5020 952 5076 αὐτὸν
1006 5020 1253 5097 ἀοράτως
1310 5020 1622 5086 τύπτοντες.
1676 5023 1776 5080 Καὶ
1821 5022 2017 5079 λοιπὸν

353 5113 623 5192 ἀποφάσει
694 5115 792 5166 τοῦ
866 5111 1208 5185 Μαξιμιανοῦ
1279 5110 1532 5184 τέμνεται
1605 5113 1705 5182 τήν
1772 5112 2017 5190 κεφαλὴν

357 5204 631 5279 μαχαίρᾳ.
660 5207 816 5263 Ἧτις
872 5204 1046 5256 κεῖται
1109 5201 1202 5274 μὶν
1263 5199 1318 5257 ἄν
1369 5197 1733 5275 Νικομηδείᾳ,
1775 5212 2019 5277 θαυματ-

355 5300 540 5371 ουργεῖ
569 5291 627 5348 δὶ
656 5290 860 5349 ἄλλοτε
892 5288 1100 5361 πολλὰ,
1131 5293 1218 5348 καὶ
1280 5289 1348 5363 δὴ
1407 5291 1499 5348 xui
1530 5296 1640 5347 τῶν
1670 5297 1882 5368 τριχῶν
1910 5313 2015 5350 πα·

355 5381 580 5458 ράδοξον
613 5378 833 5461 ἔκφυσιν
846 5425 859 5438 .

924 5473 1036 5527 Τοῦ
1061 5469 1204 5546 αὐτῇ
1240 5467 1444 5551 ἡμέρᾳ.

356 5561 622 5635 Ἀθλησις
674 5569 777 5635 τῆς
836 5559 998 5638 ἁγίας
1052 5562 1316 5688 πὶαρθένου
1373 5563 1463 5619 xui
1525 5561 1800 5640 μάρτυρος
1848 5570 2018 5623 Βασι-

1124 5653 1295 5688 ισσης.

1124 5653 1240 5705 ισση
1251 5657 1295 5696 ς.

428 5739 720 5800 Βασίλισσα
787 5745 824 5816 ἡ
899 5742 1109 5819 μάρτυς
1171 5743 1238 5815 ἦν
1306 5745 1401 5820 μὲν
1469 5742 1560 5800 ἐπὶ
1625 5748 1736 5802 τῶν
1797 5745 2014 5824 χρόνων

2135 693 2482 764 accepisset,
2512 693 2754 748 tandem
2786 694 2986 749 hastili
3029 695 3563 762 transverberatur,
3599 701 3658 751 et
3685 698 3800 751 vis-

2136 797 2272 838 cera
2299 782 2428 854 ejus
2455 782 2515 838 in
2546 788 2767 838 terram
2797 782 2870 838 ob
2919 785 3332 856 gravissimum
3362 785 3576 840 vulnus
3608 787 3798 840 effun-

2133 869 2394 927 duntur:
2426 887 2557 942 quae
2591 873 2718 943 ipse
2751 873 3008 944 propriis
3040 873 3319 929 manibus
3350 875 3696 946 prmferens,
3731 892 3801 930 ex

2134 959 2280 1016 urbe
2311 961 2578 1016 Caasarea
2609 961 2931 1034 egreditur,
2956 966 3012 1017 et
3043 979 3180 1018 cum
3209 965 3534 1036 gratiarum
3565 965 3799 1020 actione

2134 1055 2401 1105 sanctam
2457 1050 2694 1106 beatam
2770 1051 3032 1107 animam
3114 1069 3282 1108 suam
3359 1053 3610 1109 Domino
3679 1056 3798 1111 Deo

2132 1137 2396 1211 tradidit,
2428 1143 2486 1194 et
2515 1139 2576 1194 in
2610 1138 2818 1195 eadem
2847 1139 2994 1196 urbe
3027 1141 3296 1213 sepultus
3328 1147 3434 1197 est.

2775 1258 2998 1314 Eodem
3033 1257 3149 1315 die.

2132 1366 2181 1422 8
2213 1367 2482 1440 Memoria
2511 1369 2698 1440 sancti,
2738 1370 2924 1424 Patris
2970 1369 3145 1423 nostri
3191 1370 3422 1424 Joannis
3455 1371 3798 1440 patriarchae

2241 1437 2868 1512 Constantinopolitani,
2919 1447 3280 1512 cognomento
3325 1437 3687 1514 Jejuizatoris.

2205 1619 2452 1676 Sanctus
2483 1621 2657 1676 Pater
2682 1625 2888 1676 noster
2915 1621 3174 1677 Joannes
3215 1626 3607 1696 cognomento
3637 1624 3796 1695 Jeju-

2131 1713 2306 1764 nator
2359 1714 2534 1765 natus
2599 1715 2690 1765 est
2743 1711 3304 1784 Constantinopoli:
3384 1713 3529 1767 vixit
3598 1717 3798 1767 autem

2132 1798 2502 1869 temporibus
2531 1800 2769 1868 Justini,
2803 1799 3040 1869 Tiberii,
3076 1806 3135 1855 et
3183 1801 3447 1858 Mauricii
3479 1803 3799 1874 imperato-

2061 1899 2108 1965 Β
2137 1904 2292 1942 rum.
2328 1889 2432 1943 Hic
2461 1889 2722 1960 primum
2753 1889 2995 1960 quidem
3029 1891 3376 1946 statuariam
3407 1896 3597 1946 artem
3629 1908 3800 1947 exer-

2136 1977 2296 2033 cuit:
2329 1976 2544 2032 deinde
2574 1977 2648 2033 ob
2680 1979 2897 2033 multas
2943 1983 3003 2033 et
3043 1981 3308 2052 egregias
3338 1981 3526 2051 ipsius
3551 1981 3798 2037 virtutes

2134 2066 2474 2138 patriarcha
2503 2066 2772 2139 ejusdem
2802 2083 3032 2140 magnaa
3075 2067 3240 2122 urbis
3270 2071 3649 2126 renuntiatus
3680 2076 3792 2126 est.

2135 2155 2267 2212 Fuit
2295 2159 2494 2212 autem
2519 2171 2851 2228 pauperum
2899 2161 3150 2227 amator,
3193 2157 3554 2227 misericors,
3589 2164 3646 2214 et
3675 2160 3793 2214 mi-

2135 2250 2400 2302 serator:
2430 2245 2534 2300 sed
2567 2250 2626 2301 et
2653 2245 2842 2302 multa
2871 2245 3160 2302 miracula
3187 2249 3458 2319 patravit.
3486 2251 3630 2304 Nam
3663 2265 3794 2320 pre-

2136 2334 2304 2391 cibus
2329 2334 2453 2390 suis
2482 2334 2766 2391 barbaras
2811 2340 3017 2408 gentes
3068 2352 3138 2392 ex
3185 2337 3527 2393 Macedonia
3553 2337 3792 2411 fugavit,

2135 2425 2466 2496 urbemque
2493 2425 2840 2497 gravissima
2859 2430 3026 2497 peste
3055 2425 3347 2495 liberavit,
3380 2432 3439 2482 et
3462 2427 3682 2483 multos
3704 2429 3798 2484 in-

2139 2515 2344 2569 firmos
2373 2514 2618 2578 curavit,
2652 2514 3046 2586 obsessosque
3075 2532 3109 2570 a
3141 2515 3512 2572 daemonibus
3548 2518 3795 2574 sanavit.

2135 2603 2448 2660 Orationes
2468 2602 2727 2674 denique
2749 2604 2963 2658 animas
2985 2604 3359 2674 utilissimas,
3392 2607 3582 2662 instar
3597 2608 3797 2680 magni

2133 2692 2378 2748 Joannis
2411 2691 2838 2764 Chrysostomi,
2861 2693 3235 2765 conscripsit.
3270 2695 3413 2749 Cum
3441 2712 3575 2750 vero
3608 2713 3796 2768 popu-

2135 2779 2259 2836 lum
2294 2797 2468 2837 suum
2499 2787 2704 2837 sancte
2734 2783 2950 2854 pieque
2995 2783 3265 2850 rexisset,
3301 2801 3648 2855 sacramque
3681 2787 3793 2841 Ec-

2134 2869 2381 2926 clesiam
2411 2870 2587 2926 annis
2611 2869 2920 2938 tredecim,
2946 2872 3255 2926 mensibus
3278 2873 3542 2944 quinque
3571 2874 3794 2945 optime

2133 2958 2543 3030 gubernasset,
2577 2964 2753 3032 atque
2775 2960 2850 3015 ad
2875 2977 3167 3016 summam
3192 2966 3558 3017 senectutem
3589 2979 3794 3034 perve-

2133 3049 2343 3114 nisset,
2375 3051 2436 3106 in
2467 3067 2611 3122 pace
2644 3051 2876 3107 beatam
2909 3056 3296 3124 sanctamque
3332 3053 3595 3108 animam
3629 3071 3798 3109 suam

2134 3138 2386 3194 Domino
2418 3139 2682 3209 tradidit,
2708 3145 2767 3196 et
2789 3140 3058 3212 sepultus
3088 3140 3238 3208 fuit;
3271 3147 3540 3197 ornatam
3576 3142 3806 3197 virtuti-

2133 3223 2243 3280 bus
2271 3225 2450 3282 vitam
2483 3243 2674 3296 suam,
2711 3231 2770 3282 et
2797 3227 3032 3298 reliqua
3061 3243 3095 3283 a
3126 3244 3188 3284 se
3222 3228 3507 3300 praeclare
3537 3235 3701 3302 gesta
3731 3230 3793 3285 in

2051 3284 2095 3353 θ
2132 3313 2470 3387 exemplum
2502 3314 2732 3370 cunctis
2759 3313 3129 3386 relinquens.

2695 3419 2942 3476 EODEM
2979 3421 3231 3476 MENSE.

2790 3525 2896 3580 Die
2937 3525 3132 3581 tertia.

2132 3631 2182 3687 θ
2215 3631 2500 3688 Certamen
2542 3633 2880 3688 sacrosancti
2920 3635 3186 3705 martyris
3236 3633 3515 3699 Anthimi,
3556 3635 3801 3705 episcopi

2787 3704 3136 3760 Nicomediae.

2202 3810 2522 3867 Anthimus
2552 3827 2720 3867 sacer
2749 3816 2977 3884 martyr
3023 3811 3134 3867 fuit
3173 3811 3531 3868 Nicomedia:
3564 3814 3795 3884 episco-

2129 3916 2242 3972 pus
2275 3901 2644 3973 temporibus
2677 3901 3028 3957 Diocletiani
3066 3907 3124 3956 et
3152 3901 3511 3957 Maximiani.
3547 3904 3794 3974 Propter

2130 3995 2354 4045 motam
2375 3995 2573 4046 autem
2597 3991 2658 4045 in
2680 3991 3048 4046 Christianos
3068 3991 3544 4062 persecutionem
3568 4009 3702 4046 cum
3727 4010 3788 4048 se

2127 4080 2189 4134 in
2208 4081 2432 4135 montis
2447 4080 2759 4152 cujusdam
2782 4080 3039 4136 latebras
3061 4080 3406 4150 abdidisset,
3428 4082 3780 4138 Maximiano

2126 4170 2420 4241 proditus,
2469 4170 2720 4241 ejusque
2759 4170 2934 4240 jussu
2983 4170 3478 4242 comprehensus,
3517 4172 3779 4242 primum

2126 4259 2368 4331 quidem
2400 4258 2556 4314 saxis
2586 4259 2648 4314 in
2680 4260 2903 4316 cervice
2933 4259 3356 4315 contunditur:
3389 4260 3604 4316 deinde
3635 4278 3781 4316 can-

2125 4348 2290 4404 denti
2309 4348 2466 4404 ferro
2489 4348 2620 4420 ejus
2643 4349 2743 4405 tali
2770 4349 3148 4421 perforantur
3171 4366 3184 4403 :
3213 4355 3418 4421 postea
3449 4367 3629 4422 super
3649 4367 3785 4406 acu-

2123 4437 2199 4493 tis
2230 4437 2464 4493 testulis
2513 4437 2850 4508 impositus,
2899 4438 3076 4510 virgis
3123 4437 3348 4509 spineis
3397 4439 3660 4494 creditur.
3695 4441 3782 4495 Ad

2122 4526 2250 4582 hinc
2280 4526 2700 4583 calceamentis
2758 4527 2966 4582 ferreis
3027 4526 3420 4583 candentibus
3477 4544 3668 4599 usque
3707 4528 3782 4584 ad

2126 4615 2356 4673 femora
2384 4615 2690 4672 induitur:
2723 4633 2861 4672 mox
2884 4622 3028 4672 rotaa
3059 4616 3355 4690 alligatus,
3380 4616 3609 4673 facibus
3635 4617 3784 4673 adu-

2127 4708 2300 4766 ritur.
2335 4707 2447 4764 Sed
2475 4724 2610 4763 cum
2642 4709 2724 4764 ita
2753 4709 3099 4764 immaniter
3141 4713 3381 4764 sanctus
3426 4709 3512 4763 vir
3541 4713 3786 4780 torque-

2129 4806 2312 4869 retur,
2371 4805 2843 4871 supervenerunt
2895 4801 3076 4856 divini
3131 4800 3348 4874 angeli,
3397 4801 3498 4872 qui
3549 4801 3702 4856 sicut
3732 4803 3784 4857 ei

2131 4891 2426 4964 supplicia
2458 4891 2876 4963 cruciatusque
2924 4890 3248 4958 leniebant,
3282 4891 3364 4945 ita
3394 4890 3653 4956 lictores,
3687 4891 3788 4962 qui

2129 4980 2326 5052 ipsum
2351 4978 3176 5042 excruciabant,invisibiliter
3193 4977 3789 5035 caadebant.Tandem

2129 5070 2466 5126 Maximiani
2500 5070 2800 5125 sententia
2848 5061 3029 5141 caput
3077 5069 3128 5124 ei
3177 5069 3374 5142 gladio
3416 5075 3787 5142 amputatum

2125 5157 2258 5226 fuit,
2292 5158 2450 5230 quod
2480 5159 2542 5213 in
2568 5157 2714 5214 urbe
2746 5157 3088 5214 Nicomedia
3116 5159 3396 5230 positum,
3431 5176 3565 5215 cum
3597 5159 3788 5215 multa

2127 5246 2246 5302 alia
2274 5245 2563 5303 miracula
2602 5246 2765 5316 facit,
2797 5264 2929 5303 cum
2963 5247 3212 5320 capillos
3244 5247 3497 5303 subinde
3523 5263 3781 5303 nascen—

2128 5338 2216 5390 tes
2246 5333 2680 5390 admirabiliter
2708 5335 2947 5390 emittit.

2759 5498 2978 5554 Eodem
3032 5499 3146 5553 die.

2127 5587 2230 5644 ιο
2262 5589 2544 5646 Certamen
2574 5593 2779 5644 sanctae
2820 5591 3054 5658 virginis
3099 5594 3150 5641 et
3197 5588 3457 5655 martyris
3481 5587 3777 5642 Basilissw.

2199 5752 2476 5810 Basilissa
2496 5756 2722 5825 martyr
2740 5750 2853 5810 fuit
2871 5748 3234 5824 temporibus
3255 5749 3779 5809 Diocletiani.Cum
