4142 6440
318 335 400 396 27
1642 328 1970 391 MENOLO

2125 331 2328 396 PARS
2372 334 2417 395 Ι.
3665 338 3742 401 28

320 466 523 519 autem
545 476 729 535 prope
751 460 967 517 urbem
988 458 1391 516 Nicomediam
1414 458 1785 517 domicilium
1806 460 1970 517 habe-

2096 462 2515 539 Διοκλητιανοῦ·
2568 467 2686 546 εἶχε
2736 466 2793 525 δὲ
2839 469 2939 540 τὴν
2990 467 3206 539 οἷ’κησιν
3246 467 3486 539 πλησίον
3517 475 3617 538 τῆς
3646 467 3747 523 πό-

318 559 431 622 ret,
454 569 803 625 nonumque
835 552 1026 608 atatis
1050 568 1170 607 sua
1194 569 1417 608 annum
1441 557 1659 626 ageret,
1694 557 1978 626 tanquam

320 645 655 701 Christiana
684 644 904 714 delata,
956 644 1291 700 Alexandro
1340 644 1577 716 prasidi
1613 645 1881 704 sistitur:
1923 652 1981 701 et

318 736 614 791 Christum
628 734 951 790 confidenti
965 734 1163 790 animo
1176 734 1730 807 professa,primum
1745 735 1980 807 quidem

319 823 588 895 colaphis
611 823 892 891 caeditur;
921 823 1136 879 deinde
1158 824 1400 892 nudata,
1432 824 1603 897 virgis
1626 826 1975 896 percutitur,

316 914 575 985 talisque
618 913 971 986 perforatur.
1024 916 1154 969 Mox
1200 913 1433 970 inverso
1485 915 1675 986 capite
1723 914 1786 970 in
1815 915 1976 989 ligno

317 1020 631 1076 suspensa,
686 1004 915 1060 catenis
959 1004 1303 1073 constricta,
1346 1004 1519 1077 picis,
1552 1004 1876 1077 sulphuris,
1910 1023 1977 1061 ac

316 1094 546 1168 plumbi
565 1094 727 1151 fumo
746 1099 1076 1168 torquetur.
1093 1096 1373 1152 Posthac
1389 1096 1451 1151 in
1471 1096 1666 1169 ignem
1684 1098 1975 1170 conjecta,

317 1186 669 1259 duobusque
716 1186 992 1243 leonibus
1038 1187 1292 1259 objecta,
1325 1204 1461 1244 cum
1499 1188 1730 1245 nullam
1761 1206 1977 1245 noxam

316 1291 495 1347 passa
521 1275 754 1344 fuisset,
808 1274 1049 1348 prasidi
1101 1277 1418 1348 persuasit,
1474 1282 1541 1332 ut
1587 1278 1650 1333 in
1678 1278 1977 1334 Christum

317 1363 602 1420 crederet.
638 1366 709 1420 Et
738 1364 839 1420 ille
871 1364 1112 1436 quidem
1138 1366 1317 1421 vitam
1347 1370 1507 1423 recte
1547 1367 1886 1437 traducens,
1916 1370 1978 1424 in

319 1471 466 1528 pace
493 1455 768 1512 decessit.
797 1458 871 1511 At
915 1456 1044 1512 hac
1088 1472 1325 1530 egressa
1372 1475 1442 1514 ex
1481 1457 1651 1527 urbe,
1683 1474 1816 1514 cum
1850 1461 1978 1515 siti-

323 1548 437 1613 ret,
471 1544 677 1616 oravit,
700 1550 758 1601 et
778 1547 1165 1603 manantibus
1188 1565 1218 1604 e
1239 1552 1399 1603 terra
1418 1548 1589 1620 aquis
1610 1548 1772 1604 sitim
1792 1548 1976 1622 depu-

318 1633 409 1690 lit.
469 1633 694 1690 Deinde
727 1640 892 1692 stans
953 1652 1131 1708 supra
1174 1642 1427 1710 petram,
1462 1642 1519 1693 et
1566 1655 1764 1709 orans,
1796 1640 1978 1695 ﬁnem

317 1723 549 1779 vivendi
573 1724 746 1780 fecit:
769 1726 974 1797 ibique
997 1727 1250 1799 sepulta,
1275 1728 1552 1785 omnibus
1578 1729 1853 1786 ﬁdelibus
1873 1721 1987 1803 per,

2086 559 2228 624 λεως
2260 559 2690 635 Νικουμηδείας,
2725 558 2877 615 ἐννέα
2933 557 3068 615 ἐτῶν
3128 558 3470 635 ὑπάρχουσα.
3501 552 3746 630 Διαϐλη-

2085 650 2237 707 θεῖσα
2295 647 2352 705 δὲ
2407 650 2483 712 ὡς
2540 649 2859 726 Χριπιανὴ,
2926 668 3167 725 παρεστη
3256 644 3594 722 Ἀλεξάνδρῳ
3656 651 3738 720 τῷ

2084 743 2336 818 ἄρχοντι.
2424 738 2522 795 Καὶ
2611 739 2746 814 μετᾶ
2828 737 3132 815 παρῥησίας
3205 737 3595 812 ὁμολογήσασα
3648 739 3742 793 τὸν

2082 831 2337 907 Χριστὸν,
2394 835 2585 905 πρῶτα
2636 830 2730 904 μὲν
2790 827 3044 883 τύπτεται
3102 827 3240 883 κατὰ
3269 832 3365 883 τοῦ
3418 828 3738 904 προσώπου,

2081 924 2172 979 καὶ
2236 927 2585 1001 γυμνωθεῖσα
2650 916 2980 999 ῥαϐδίζεται.
3067 920 3202 978 Εἶτα
3274 924 3540 996 τρυπᾶται
3606 917 3736 982 τοὺς

2083 1013 2480 1092 ἀστραγάλους.
2530 1012 2636 1069 Καὶ
2706 1013 3072 1084 κρεμασθεῖσα
3144 1011 3280 1065 κατὰ
3348 1008 3592 1088 κεφαλῆς
3653 1009 3741 1065 ἐπὶ

2083 1104 2271 1178 ξύλου,
2331 1101 2590 1177 δεδεμένη
2670 1099 2914 1171 ἁλύσεσι,
2999 1099 3133 1174 μετᾶ
3192 1101 3413 1171 πίσσης,
3470 1098 3562 1155 καὶ
3616 1118 3742 1153 τεα-

2083 1194 2233 1275 φίου,
2307 1192 2397 1250 καὶ
2469 1186 2750 1267 μολύϐδου
2824 1189 3161 1260 καπνίζεται.
3226 1188 3330 1247 Καὶ
3392 1190 3526 1262 μετὰ
3578 1190 3742 1243 τοῦτο

2083 1280 2424 1359 ἑμόληθεῖσα
2480 1281 2556 1345 είς
2614 1284 2745 1356 πῦρ,
2802 1279 2892 1335 καὶ
2951 1277 3070 1335 δυσὶ
3109 1279 3293 1335 λεουσι
3350 1275 3742 1354 παραδοθεῖσα,

2083 1375 2168 1430 καὶ
2227 1371 2546 1447 διαμείνασα
2601 1364 2876 1443 ἀϐλαϐὴς,
2953 1366 3131 1424 ἔπεισε
3202 1369 3291 1424 τὸν
3352 1365 3595 1444 ἄρχοντα
3651 1386 3747 1420 πι-

2085 1467 2298 1519 στεῦσαι
2334 1462 2409 1525 εἷς
2440 1462 2532 1515 τὸν
2585 1461 2842 1533 Χριστόν.
2892 1458 2995 1515 Καὶ
3055 1459 3217 1520 αὐτὸς
3261 1458 3353 1531 μὲν
3385 1456 3571 1518 καλῶς
3604 1456 3740 1531 βιώ-

2083 1576 2177 1618 σας
2232 1553 2284 1609 ἐν
2343 1552 2533 1630 εἰρήνῃ
2589 1548 2905 1623 ἐτελειώθη.
2966 1549 3110 1617 Αὐτὴ
3175 1546 3233 1603 δὲ
3288 1547 3577 1622 ἐξελθοῦσα
3632 1551 3732 1614 τῆς

2082 1645 2320 1717 πόλεως,
2373 1642 2463 1700 καὶ
2522 1639 2815 1715 δίψήσασα,
2873 1638 3091 1711 ηῧξατο.
3155 1637 3252 1694 Καὶ
3307 1635 3529 1710 ἐξῆλθεν
3589 1631 3735 1708 ὕδωρ

2093 1735 2151 1792 ἐκ
2204 1741 2307 1806 τῆς
2362 1736 2484 1807 γῆς,
2543 1733 2633 1786 καὶ
2691 1728 2856 1785 ἔπιεν.
2915 1729 3048 1786 Εἶτα
3105 1732 3272 1783 στᾶσα
3312 1725 3492 1782 ἐπάνω
3523 1743 3746 1799 πετρας,

319 1830 505 1885 aquas
538 1830 569 1869 e
598 1815 757 1870 terra
786 1821 1168 1889 erumpentes
1200 1817 1450 1891 singulis
1481 1818 1690 1875 diebus
1721 1820 1970 1876 curatio-

2086 1825 2178 1882 καὶ
2237 1823 2497 1896 εὐξαμένη
2577 1818 2944 1889 ἐτελεύτησεν.
3024 1818 3190 1906 Ἔνθα
3268 1813 3333 1883 δὴ
3549 1811 3743 1906 ἐτάφη,

319 1917 426 1958 nes
457 1903 891 1960 admirabiliter
915 1909 1177 1978 prastat.

951 2171 1173 2227 Eodem
1212 2171 1327 2228 die.

316 2314 408 2369 II
449 2312 734 2371 Certamen
774 2317 1117 2392 sacrosancti
1163 2318 1424 2392 martyris
1470 2317 1790 2392 Aristionis,
1849 2322 1972 2392 epi-

862 2389 1014 2458 scOpi
1041 2387 1420 2447 Alexandriae.

390 2539 638 2596 Sanctus
650 2542 1139 2614 martyrAristion
1154 2544 1642 2602 fuitAlexandria
1658 2547 1969 2621 episcopus

310 2628 573 2685 Docebat
592 2634 790 2686 autem
813 2648 1047 2690 summa
1068 2651 1203 2690 cum
1226 2633 1588 2704 libertate,et
1607 2637 1970 2708 pradicabat

310 2716 544 2771 Domini
568 2718 755 2773 nostri
776 2719 913 2775 Jesu
936 2720 1151 2777 Christi
1173 2722 1234 2778 in
1258 2738 1436 2778 carne
1457 2721 1971 2794 adventum,ater-

308 2821 577 2878 numque
609 2807 740 2880 ejus
762 2825 1015 2883 regnum
1043 2828 1055 2865 :
1087 2812 1161 2867 ad
1192 2811 1318 2868 hac
1365 2812 1715 2870 felicitatem
1747 2819 1806 2871 et
1832 2832 1969 2888 gau-

308 2894 474 2951 dium
493 2897 661 2970 regni
682 2897 964 2954 calorum
985 2917 998 2968 ;
1020 2904 1079 2955 et
1101 2900 1261 2973 quod
1283 2901 1408 2959 hac
1430 2902 1743 2959 hominum
1758 2904 1967 2978 gloria,

312 2988 370 3040 et
401 2984 738 3058 dignitates,
763 2991 823 3042 et
846 2987 1085 3058 divitia,
1109 2992 1473 3064 corruptioni
1507 2992 1777 3049 obnoxia
1809 3000 1968 3065 sunt,

313 3078 372 3129 et
402 3080 801 3145 evanescunt;
825 3075 931 3133 illa
951 3094 1086 3134 vero
1112 3078 1271 3135 bona
1301 3080 1778 3155 incorruptibilia
1808 3088 1967 3154 sunt,

2076 1919 2286 1992 ῗάματα
2341 1918 2474 1967 πᾶσι
2527 1915 2643 1972 τοῖς
2702 1912 2920 1969 πιστοῖς
2977 1904 3335 1975 καθεκάστην,
3395 1900 3484 1957 διὰ
3538 1904 3647 1957 τῶν
3686 1898 3747 1955 ἐκ

2073 1988 2175 2077 τῆς
2238 2009 2343 2079 γῆς
2409 1994 2826 2055 ἆναϐΑυσάντων
2912 1992 3144 2068 ὑδάτων,
3208 1988 3527 2071 παραδόξως
3592 2009 3738 2066 παρ-

2077 2089 2302 2171 ἔχουσα.

2644 2257 2724 2328 Τῇ
2775 2253 2914 2327 αὐτῇ
2962 2246 3165 2325 ἡμέρᾳ.

2073 2368 2339 2440 Ἀθλησις
2416 2368 2537 2440 τοῦ-
2622 2361 2774 2440 ἆγίου
2858 2357 3253 2440 ξερομᾶρτυρρς

2519 2428 2820 2491 ἐπισείόπου
2858 2428 3285 2503 Ἀλεξανδρείας.

2146 2548 2209 2606 Ὁ
2264 2547 2418 2620 ἅγιος
2479 2539 2683 2617 μάρτυς
2746 2536 3033 2613 Ἀριστίων
3096 2536 3315 2610 ὑπῆρχε
3377 2534 3470 2607 μὶν
3509 2530 3728 2620 ἐπίσκο-

2074 2657 2176 2699 πος
2233 2619 2665 2708 Ἀλεξανδρείας·
2713 2625 2959 2684 ἐδίδασκε
3016 2622 3074 2680 δὲ
3130 2622 3427 2701 παρρησίᾳ,
3483 2622 3570 2676 καὶ
3602 2619 3734 2690 ἐγή-

2088 2746 2245 2802 ρυττε
2306 2727 2405 2794 τὴν
2489 2725 2588 2777 τοῦ
2656 2717 2931 2775 Δεσπότου
3023 2717 3184 2787 ἡμῶν
3253 2715 3434 2783 Ἰησοῦ
3500 2710 3734 2778 Χριστοῦ

2083 2800 2340 2890 ἕνσαρκον
2401 2811 2724 2887 παρουσίαν,
2791 2804 2881 2862 καί
2944 2807 3045 2875 τήν
3113 2804 3335 2859 αἰώνιον
3398 2801 3567 2856 αὑτοῦ
3636 2800 3734 2872 βα-

2077 2904 2307 2973 σιλείαν,
2361 2900 2439 2958 ἔτι
2519 2899 2577 2956 δὶ
2651 2895 3027 2973 μακαριότητα
3083 2893 3174 2949 καὶ
3235 2891 3408 2967 χαρὰν
3465 2894 3566 2959 τῆς
3619 2890 3726 2942 τῶν

2078 2996 2324 3072 οὐρανῶν
2378 2987 2680 3068 βασιλείας,
2735 2984 2826 3042 καὶ
2881 2984 2956 3047 ὡς
3013 2985 3050 3052 ἡ
3110 2983 3205 3055 μὲν
3262 2983 3370 3072 τῷν
3424 2977 3732 3072 ⁸ἀνθρώπων

2076 3064 2303 3142 ἐνταῦθα
2358 3064 2507 3152 δόξα,
2563 3077 2654 3133 καὶ
2706 3076 2774 3132 τὰ
2830 3074 3131 3147 ἀξιώματα,
3191 3071 3281 3126 καὶ
3314 3070 3341 3124 ὁ
3382 3067 3621 3128 πλοῦτος
3676 3064 3729 3152 εν

3357 2352 3731 2430 Ἀριστίωνος,

312 3178 501 3235 eaque
548 3163 666 3220 vita
713 3166 1091 3223 immortalis.
1137 3170 1273 3225 Hac
1319 3151 1562 3240 docens,
1596 3188 1732 3228 cum
1763 3173 1967 3230 multis

2083 3175 2255 3250 φθορᾷ
2315 3151 2647 3245 ὑπάρχουσι,
2699 3162 2792 3220 καῖ
2846 3160 3211 3241 ἀφανίζονται*
3280 3153 3619 3250 ἆδιάφθριρτα
3656 3151 3733 3250 λδὶ

312 3254 648 3310 Gracorum
669 3257 1301 3331 persuaderet,eosque
1315 3259 1389 3317 ad
1403 3262 1586 3318 Deum
1600 3268 1967 3321 converteret

2083 3223 2667 3332 agitalvavudyaﬁd,
2725 3253 2818 3309 καὶ
2867 3223 2904 3323 ὗς
2965 3223 3077 3321 ζωὴ
3134 3223 3433 3311 ἀθάνατος..
3463 3223 3620 3304 Olim)
3652 3240 3735 3315 δι-

309 3348 487 3415 atque
507 3344 849 3417 baptizaret,
899 3354 1106 3421 captus
1149 3350 1382 3407 sistitur
1409 3351 1781 3409 Alexandria
1811 3371 1967 3425 pra-

306 3435 462 3492 fecto
484 3455 498 3492 :
530 3438 958 3511 confessusque
986 3441 1307 3511 Christum,
1330 3443 1452 3515 igni
1474 3444 1767 3502 traditur:
1788 3450 1966 3516 atque

312 3526 397 3582 ita
426 3526 489 3583 in
521 3528 777 3595 camino,
807 3530 969 3586 velut
995 3536 1116 3587 tres
1146 3532 1236 3587 illi
1269 3534 1457 3590 sancti
1489 3535 1680 3607 pueri,
1713 3534 1967 3593 laudans

315 3619 376 3671 et
403 3617 792 3689 magniﬁcans
838 3621 1047 3690 Deum,
1077 3620 1318 3677 beatum
1362 3628 1751 3695 Optatumque
1783 3625 1966 3680 ﬁnem

317 3706 566 3777 accepit,
597 3706 1070 3778 incorruptibilis
1117 3711 1249 3765 vita
1293 3728 1575 3767 coronam
1609 3712 1876 3784 adeptus,
1911 3718 1971 3769 et

319 3794 591 3865 pretiosa
623 3795 864 3866 quidem
886 3797 1016 3869 ejus
1039 3798 1306 3869 reliquia
1338 3806 1509 3856 terra
1539 3802 1969 3857 commendata

318 3886 494 3949 sunt;
518 3890 722 3940 sancta
741 3902 877 3942 vero
900 3887 1087 3958 ipsius
1103 3888 1302 3944 anima
1324 3889 1397 3945 ad
1423 3891 1602 3947 calos
1618 3892 1966 3960 ascendens,

319 3988 440 4027 una
468 3989 603 4028 cum
631 3976 852 4031 sanctis
881 3977 1136 4033 latatur.

2075 3352 2311 3422 δάσκων,
2341 3349 2431 3405 καὶ
2459 3344 2708 3410 πολλοὺς
2733 3347 2841 3401 τῶν
2871 3340 3160 3413 Ἑλλήνων
3191 3337 3418 3411 πείθων,
3456 3334 3549 3393 καὶ
3595 3333 3733 3411 πρὸς

2071 3443 2164 3498 τὸν
2212 3421 2340 3495 Θεὸν
2383 3436 2743 3513 ἐπιστρεφων,
2790 3429 2884 3487 καὶ
2935 3428 3232 3507 βαπτίζων,
3276 3426 3546 3513 ἐκρατήθη
3588 3421 3736 3499 παρᾶ

2072 3534 2170 3588 τοῦ
2224 3535 2325 3598 τῆς
2380 3512 2787 3598 Ἀλεξανδρείας
2844 3518 3139 3597 ἄρχοντος.
3200 3515 3298 3572 Καὶ
3376 3512 3729 3588 ὁμολογήσας

2072 3620 2166 3675 τὸν
2226 3616 2478 3691 Χριστὸν,
2551 3609 2827 3688 παρεδόθη
2901 3609 3054 3685 πυρὶ.
3141 3604 3245 3665 Καὶ
3326 3604 3498 3666 οὕτως
3556 3602 3609 3658 ἐν
3663 3605 3733 3677 τῇ

2077 3708 2317 3782 καμίνῳ,
2370 3704 2552 3780 ὥσπερ
2631 3702 2682 3756 οἳ
2764 3704 2911 3774 τρεῖς
2998 3698 3141 3775 ἅγιοι
3201 3692 3410 3768 παῖδες,
3472 3691 3733 3782 δοξάζων,

2079 3780 2167 3854 καί
2232 3793 2553 3871 μεγαλύνων
2626 3792 2721 3846 τὸν
2799 3788 2952 3858 Θεὸν,
3026 3788 3089 3841 τὸ
3156 3786 3432 3871 ,μακάριον
3481 3780 3573 3838 καὶ
3630 3802 3729 3836 πος

2082 3870 2346 3960 θούμενον
2420 3881 2580 3943 τελος
2661 3876 2896 3951 ἐδὲξατο,
2954 3870 3250 3931 ἀπολαϐὼν
3309 3873 3399 3928 τὸν
3474 3891 3733 3948 στεφανον

2079 3984 2179 4048 τῆς
2246 3976 2526 4052 ἄφθαρτου
2595 3976 2762 4039 ζωῆς.
2831 3968 2935 4025 Καὶ
3018 3967 3080 4021 τὸ
3152 3966 3249 4038 μὲν
3313 3964 3503 4037 τίμιον
3570 3962 3734 4018 αὑτοῦ

322 4058 576 4133 λείψανον
602 4060 875 4137 παρεδόθη
952 4068 1021 4138 τῇ
1244 4067 1307 4121 ἹΙ
1393 4064 1451 4122 δὲ
1532 4067 1657 4145 ἆγία
1720 4068 1889 4126 αὑτοῦ
1957 4062 2115 4143 ψυχῆ
2191 4064 2498 4120 ἀνελθοῦσα
2577 4060 2628 4115 ἐν
2697 4060 2968 4135 οὐρανοῖς,
3042 4057 3176 4131 μετὰ
3237 4060 3347 4112 τῶν
3412 4053 3584 4131 ἁγίων
3651 4052 3734 4107 εὐ-

318 4149 618 4226 φραίνεται.

877 4281 1120 4337 EODEM
1154 4284 1407 4341 MENSE.

956 4391 1061 4447 Die
1099 4400 1330 4467 quarta.

314 4526 416 4582 12
451 4527 740 4607 Certamen
764 4537 1100 4607 sacrosancti
1144 4539 1407 4606 martyris
1449 4536 1690 4606 Babyla,
1710 4538 1971 4607 patriar-

460 4600 582 4656 chae
610 4602 952 4673 Antiocheni,
976 4612 1030 4659 et
1051 4600 1358 4676 pueroru'm
1387 4600 1659 4663 sociorum
1678 4600 1825 4678 'ej'us.

390 4705 811 4766 Sacrosanctus
833 4710 1048 4767 Christi
1071 4717 1296 4786 martyr
1316 4715 1588 4787 Babylas,
1612 4717 1968 4771 Numeriano

316 4795 721 4851 Romanorum
742 4799 1453 4871 imperatore,Antiochia
1475 4820 1703 4877 magna
1725 4805 1970 4876 patriar-

315 4884 428 4939 cha
466 4884 596 4940 fuit.
628 4887 772 4943 Cum
816 4895 1016 4945 autem
1063 4892 1188 4963 ipse
1241 4894 1640 4949 Numerianus
1679 4895 1969 4966 templum

315 4974 417 5029 Dei
450 4975 676 5048 ingredi
724 4980 923 5048 vellet,
971 4981 1199 5039 obviam
1259 4985 1348 5040 illi
1404 4985 1595 5041 factus
1633 4984 1707 5040 ad
1737 4989 1969 5057 portam

312 5067 600 5137 ecclesia,
619 5071 942 5141 prohibuit,
961 5090 1037 5130 ne
1055 5075 1651 5148 ingrederetur,quod
1669 5075 1967 5132 idolorum

309 5158 503 5215 cultor
531 5168 706 5219 esset.
759 5165 949 5230 Quare
994 5167 1276 5223 confusus
1324 5168 1668 5240 imperator,
1700 5168 1879 5224 simul
1910 5174 1969 5225 et

307 5250 645 5307 vehementi
669 5253 759 5310 ira
777 5256 1060 5327 percitus,
1080 5257 1265 5329 jussit
1284 5258 1455 5313 illum
1479 5259 1589 5313 sibi
1611 5263 1847 5331 postero
1870 5259 1965 5315 die

308 5339 435 5395 sisti
463 5359 475 5398 :
512 5359 690 5414 quem
714 5361 847 5400 cum
882 5346 956 5402 ad
988 5347 1286 5404 Christum
1319 5349 1657 5423 negandum
1679 5350 1962 5406 inducere

306 5447 428 5486 non
460 5440 680 5504 posset,
724 5436 868 5507 quin
898 5438 1096 5509 potius
1124 5439 1251 5512 ipse
1281 5440 1354 5496 ab
1389 5457 1456 5497 eo
1484 5440 1960 5512 redargueretur,

305 5522 609 5579 mandavit
636 5525 799 5582 illius
821 5526 973 5583 collo
997 5528 1256 5586 immane
1274 5529 1417 5587 ferri
1448 5530 1683 5603 pondus
1713 5532 1960 5605 imponi,

302 5626 527 5683 perque
559 5615 816 5673 mediam
846 5617 1141 5676 civitatem
1176 5620 1371 5693 ipsum
1402 5621 1786 5680 circumduci.
1815 5624 1959 5678 Tum

305 5716 442 5756 vero
466 5701 550 5759 ait
578 5702 628 5759 ei
657 5721 668 5761 :
696 5707 808 5763 Per
829 5705 992 5779 deos,
1014 5708 1253 5783 Babyla,
1277 5709 1449 5769 decet
1467 5715 1522 5767 te
1554 5712 1665 5769 iste
1695 5716 1955 5784 torques.

2618 4248 2801 4304 MIINI
2859 4249 2951 4324 Τῼ
3007 4248 3203 4325 ΑΥΤῼ.

2881 4381 2932 4435 Δ.

2081 4490 2353 4565 νᾹθλησις
2453 4494 2585 4565 τοῦ,
2658 4488 2850 4565 ἁγίου-
2942 4488 3340 4565 ἱερομάρτυρος
3431 4481 3739 4565 ,Βαϐύλοῇ

2152 4556 2499 4638 πατρίαρχου
2577 4556 2935 4636 Ἀντιοχείας,
2995 4556 3102 4614 ’κάξ
3144 4556 3153 4563 ’
3203 4556 3313 4614 τῶν
3397 4556 3492 4613 σὺν
3593 4556 3741 4631 αὖτῷ

1999 4626 2048 4693 Ῑ)
2147 4626 2383 4707 νηπίων.

2151 4733 2213 4791 Ὁ
2270 4732 2428 4809 ἅγιος
2480 4730 2807 4808 ἱερομάρτυς
2861 4733 2958 4786 τοῦ
3022 4732 3258 4806 Χριστοῦ
3315 4722 3569 4792 Βαϐύλας
3626 4748 3734 4783 πα-

2076 4823 2352 4897 τριάρχης
2390 4821 2457 4891 ἦν
2509 4820 2847 4896 Ἀντιοχείας
2893 4822 2992 4889 τῆς
3042 4818 3309 4896 μεγαλης,
3366 4815 3455 4872 ἐπὶ
3513 4819 3733 4890 Νουμε-

2077 4916 2274 4985 ριανοῦ
2303 4917 2401 4969 τοῦ
2430 4911 2719 4986 Ῥωμαίων
2757 4910 3051 4987 βασιλεως.
3099 4910 3339 4964 Θέλοντα
3387 4904 3444 4962 δὲ
3474 4905 3733 4963 εἰσελθεῖν

2079 5001 2157 5064 εἰς
2206 5004 2296 5058 τὸν
2347 5003 2470 5059 ναὸν
2519 5006 2616 5057 τοῦ
2665 5003 2799 5057 Θεοῦ
2843 5000 2934 5055 τὸν
2984 4997 3385 5075 Νουμεριανὸν,
3427 4996 3736 5066 ὑπαντήσας

2075 5089 2153 5153 είς
2178 5093 2280 5162 τὴν
2320 5090 2501 5163 πύλην
2549 5097 2653 5163 τῆς
2700 5087 3019 5160 ἐκκλῆσίας,
3050 5087 3293 5144 ἐκώλυσε
3320 5090 3418 5141 τοῦ
3449 5083 3734 5156 εἰσελθεῖν,

2079 5175 2168 5235 διὰ
2215 5182 2277 5236 τὸ
2327 5181 2590 5257 ὑπαρχειν
2638 5178 2797 5235 αὐτὸν
2829 5176 3269 5251 εἷδωλολάτρην.
3301 5178 3460 5240 Ὅθεν
3504 5173 3734 5249 αἰσχυν-

2076 5268 2187 5334 θεὶς
2218 5270 2248 5324 ὁ
2282 5267 2537 5346 βασιλεὺς
2586 5270 2676 5325 καὶ
2726 5267 3017 5344 ὀργισθεὶς,
3066 5264 3268 5341 ἢγαγεν
3319 5264 3480 5319 αὐτὸν
3513 5261 3602 5318 ἐπὶ
3632 5263 3732 5332 τὴν

2074 5357 2261 5437 αὔριον
2318 5358 2548 5414 ἐνώπιον
2611 5356 2795 5427 αὐτοῦ,
2870 5357 2961 5412 καὶ
3026 5352 3425 5431 καταναγκάσας
3497 5351 3734 5427 ἀρνήσα-

2073 5450 2196 5503 σθαι
2253 5449 2345 5504 τὸν
2409 5446 2638 5520 Χριστὸν
2706 5447 2796 5502 καὶ
2889 5447 2965 5520 μή
3038 5442 3246 5514 πείσας,
3313 5440 3459 5498 ἀλλᾶ
3521 5440 3735 5516 μᾶλλον

2072 5536 2358 5613 ἐλεγχθεὶς
2408 5537 2497 5593 ὑπ’
2544 5536 2731 5607 αὑτοῦ,
2786 5531 3034 5591 ἐκελευσε
3079 5534 3425 5609 περιτεθῆναι
3473 5537 3553 5605 τῷ
3603 5552 3732 5608 τρα-

2070 5625 2239 5702 χήλῳ
2276 5626 2440 5681 αὐτοῦ
2490 5624 2687 5702 σίδηρα
2738 5625 2926 5701 βαρέα,
2973 5624 3061 5679 καὶ
3115 5620 3204 5678 διὰ
3244 5625 3343 5693 τῆς
3392 5623 3563 5696 μέσης
3596 5620 3723 5699 ἄγε-

2071 5726 2214 5782 σθαι·
2244 5714 2337 5772 καὶ
2368 5714 2512 5791 λέγει
2546 5717 2718 5791 αὐτῷ·
2770 5714 2863 5774 Μὰ
2905 5711 3034 5778 τοὺς
3086 5712 3265 5785 θεοὺς,
3312 5707 3558 5785 Βαϐύλα,
3590 5712 3725 5788 πρε-
