4142 6438
443 385 528 449 29

1951 386 2442 451 SEPTEMBER.

3809 389 3891 455 30

441 515 531 551 πει
584 513 666 549 σοι
712 490 741 548 6
789 487 1022 556 κλοιός.
1080 492 1141 547 '0
1200 490 1257 549 δέ
1312 493 1482 549 εἶπεν
1529 490 1687 550 Οὕτω
1745 512 1839 566 μοι
1894 493 2092 568 πρέπει

2233 493 2339 551 Cui
2371 494 2660 568 Babylas:
2690 495 2783 552 Sic
2827 512 2922 553 me
2986 496 3175 568 decet,
3234 514 3268 553 o
3322 496 3669 570 imperator,
3732 501 3798 552 ut
3830 502 3885 552 te

449 584 700 661 βασιλεῦ,
730 582 801 644 ὡς
832 579 970 638 οὐδὲ
1002 581 1091 637 σοὶ
1138 583 1204 638 τὸ
1260 578 1524 655 διάδημα.
1581 580 1718 637 Τότε
1748 582 2057 662 ἀπεφήνατο
2088 585 2117 639 6

445 674 818 752 Νουμεριανὸς
848 675 975 730 κατ’
1005 672 1199 744 αὐτοῦ,
1252 673 1341 729 καὶ
1398 677 1509 728 τῶν
1569 669 1972 747 διδασκομένων
2028 675 2119 731 ὑπ’

449 765 622 822 αὐτοῦ
649 762 909 821 παιδίων.
962 761 1109 821 Τότε
1139 758 1399 825 λαϐόντες
1430 760 1626 826 αὐτοὺς
1658 764 1711 818 οἱ
1764 768 2112 840 στρατιῶται,

449 854 782 930 ἀπέσφαξαν.
815 852 920 908 Καὶ
963 851 1144 915 οὕτως
1205 850 1372 929 ἐτάφη
1398 852 1426 907 6
1457 848 1615 927 ἅγιος
1668 851 1814 928 παρά
1867 847 2114 909 εὐλαϐὧν

444 945 787 1021 Χριστιανῶν
823 987 840 1014 ,
899 938 1005 1015 ἔξω
1062 947 1165 1011 τῆς
1243 939 1462 1004 πόλεως
1534 942 1871 1017 Ἀντιοχείας
1904 987 1919 1015 ,
1980 944 2117 1015 μετᾶ

446 1039 565 1092 τῶν
611 1034 1014 1110 περικειμένων
1097 1031 1250 1104 αὐτῷ
1302 1026 1510 1087 κλοιῶν
1569 1030 1663 1095 οὓς
1737 1028 1826 1087 διά
1881 1033 2117 1108 Χριστὸν

451 1122 709 1203 Ξφόρεσεν
721 1165 735 1179 .

1062 1212 1143 1285 Τῇ
1170 1208 1310 1276 αὐτῆ
1342 1206 1528 1283 ἡμέρᾳ

458 1388 746 1464 ’Δθλησις
772 1394 882 1447 τῶν
918 1386 1092 1467 ἁγίων
1151 1388 1440 1467 μαρτύρων
1497 1386 1806 1466 Θεοδώρου,
1839 1390 2113 1460 Ὠκεανοῦ,

887 1482 1193 1553 Ἀμιανοῢ,
1231 1478 1322 1535 καὶ
1364 1476 1684 1537 Ἰουλιανοῦ.

529 1568 697 1629 Οὗτοι
731 1570 783 1624 οἳ
814 1566 964 1645 ἅγιοι
998 1569 1266 1643 μάρτυρες
1317 1568 1569 1645 ὑπῆρχον
1628 1567 1715 1623 ἐπὶ
1773 1570 2115 1643 Μαξιμιανοῦ

446 1666 555 1718 τοῦ
615 1660 885 1737 βασιλέως
921 1704 937 1719 .
997 1661 1370 1736 Κραθηθέντες
1429 1656 1487 1714 δὲ
1543 1658 1633 1715 καὶ
1701 1659 2063 1736 ἐρωθηθέντες
2096 1703 2114 1732 ,

451 1750 836 1828 ὡμολόγησαν
890 1750 984 1806 τὸν
1043 1749 1320 1822 Δεσπότην
1375 1748 1627 1824 Χριστόν.
1686 1750 1785 1805 Καὶ
1836 1747 1924 1806 διὰ
1952 1753 2115 1805 τοῦτο

447 1840 854 1916 κρεμασθέντες
931 1837 1216 1910 ἐξέσθησαν
1298 1837 1499 1915 μέχρις
1584 1838 1805 1894 ὀστέων.
1889 1840 2115 1896 Ἔπειτα

449 1925 834 2003 ἰνεϐλήθησαν
889 1929 966 1993 εἰς
1023 1928 1256 2005 λουτρὸν
1314 1926 1625 2006 ἑκπυρωδὲν
1695 1929 1961 2005 ίσχυρῶς,
2020 1950 2088 1985 κα

447 2020 785 2099 σφραγισθὲν
838 2022 907 2094 τῇ
967 2016 1228 2096 σφραγῖδι
1271 2022 1368 2076 τοῦ
1432 2018 1725 2096 βασιλέως,
1759 2016 1848 2074 διὰ
1904 2018 1967 2074 τὸ
2030 2019 2107 2092 μή

444 2108 691 2181 ἐξελθεῖν
724 2107 920 2172 αὐτοὺς
962 2109 1053 2164 ἀπ’
1083 2108 1271 2179 αὐτοῦ,
1330 2106 1478 2165 ἀλλὰ
1532 2109 1818 2165 ἀποθανεῖν
1848 2107 1899 2165 έν
1935 2110 2106 2183 αὐτῷ.

452 2197 743 2275 Ἀγγελος
828 2195 887 2254 δὶ
959 2196 1162 2272 Κυρίου
1248 2196 1506 2275 ἐξήγαγεν
1566 2196 1762 2260 αὐτοὺς
1821 2192 2105 2269 ἀϐλαϐεῖς,

451 2284 888 2365 ἡσφαλισμένων
947 2287 1039 2343 καὶ
1093 2286 1539 2363 ἐσφραγισμένων
1597 2291 1706 2343 τῶν
1767 2291 1965 2364 θυρῶν.
1999 2287 2103 2345 Καὶ

452 2376 637 2434 πᾶλιν
667 2377 1055 2453 κρατηθέντες,
1110 2376 1412 2452 ἀπάγονται
1466 2373 1568 2451 ἔξω
1621 2384 1724 2447 τῆς
1778 2376 1998 2442 πόλεως
2052 2376 2104 2432 έν

436 2467 649 2544 ὶρήμῳ
702 2465 856 2541 τόπῳ
910 2470 1010 2522 τοῦ
1065 2470 1278 2540 πικρῶς
1334 2468 1680 2545 φονευθῆναι.
1737 2465 2106 2540 Δῖτησάμενσι

441 2556 507 2614 δὲ
541 2556 688 2634 ὥραν
717 2563 1033 2633 προσευχῆς
1091 2557 1420 2632 χαρίσασθαι
1450 2556 1638 2619 αὐτοῖς
1686 2553 1816 2619 τοὺς
1845 2554 2105 2630 δημίους,

444 2647 543 2702 καὶ
570 2646 834 2723 τυχόντες
861 2653 964 2717 τῆς
996 2645 1285 2717 αἰτήσεως,
1346 2645 1561 2708 στάντες
1617 2644 1706 2701 ἐπὶ
1763 2642 1909 2700 πολὺ
1937 2662 2108 2708 προσ-

444 2735 684 2811 ηύεαντο
723 2740 803 2809 τῷ
859 2739 996 2807 Θεῷ,
1058 2735 1191 2811 ὑπὲρ
1245 2741 1349 2805 τῆς
1404 2735 1796 2809 οἷκουμενικῆς
1839 2728 2104 2789 κατασθά-

438 2847 607 2895 σεως,
640 2825 731 2880 καὶ
780 2828 892 2881 τῶν
926 2823 1092 2902 ἁγίων
1125 2821 1494 2896 Έκκλησιῶν’
1544 2824 1634 2879 καὶ
1693 2820 2103 2899 ηὐχαρίστησαν

438 2917 621 2989 αὐτῷ,
654 2913 738 2970 ὅτι
769 2914 1083 2986 ἠξιώθησαν
1136 2917 1235 2970 τοῦ
1270 2919 1613 2991 μαρτυρῆσαι
1649 2910 1721 2969 δι’
1778 2911 1959 2969 αὐτόν.
2005 2910 2103 2969 Καὶ

445 3004 595 3061 οὕτω
647 3004 1042 3068 κατακοπέντες
1087 3004 1264 3059 πάντα
1319 3002 1387 3058 τὰ
1443 2999 1611 3077 μέλη,
1668 3003 1755 3057 καὶ
1811 3003 1879 3057 τὰ
1934 2999 2101 3074 σκέλη

451 3089 851 3171 συντριϐέντες,
902 3088 1277 3165 ένεϐλήθησᾶν
1338 3093 1416 3156 εἰς
1472 3096 1603 3169 πῦρ,
1654 3091 1745 3148 καὶ
1786 3087 1959 3155 οὕτως
1992 3090 2103 3147 έτε-

441 3183 788 3256 λεσώθησαν.

1041 3275 1121 3348 τῇ
1153 3270 1294 3345 αὐτῇ
1322 3272 1508 3347 ἡμέρᾳ

439 3362 719 3436 ’Δθλησις
771 3368 877 3433 τῆς
922 3362 1077 3440 ἁγίας
1140 3360 1411 3440 μάρτυρος
1463 3359 1790 3438 Ἑρμιόνης,
1821 3362 2101 3439 θυγατρὸς

728 3456 829 3508 τοῦ
852 3451 1008 3529 ἁγίου
1039 3448 1324 3507 Φιλίππου
1344 3452 1444 3507 τοῦ
1462 3449 1780 3507 ἀποστόλου
1794 3493 1807 3509 .

444 3633 512 3689 ἹΙ
565 3631 690 3709 ἁγία
751 3632 956 3706 μάρτυς
998 3632 1265 3707 Ἐρμιόνη
1322 3629 1543 3707 ὑπῆρχε
1601 3631 1696 3703 μὶν
1747 3629 1835 3686 έπὶ
1892 3632 2103 3701 Τραῖα-

440 3726 537 3776 νοῦ
553 3726 650 3777 τοῦ
684 3719 981 3797 βασιλέως,
1010 3722 1076 3790 ἧν
1122 3717 1180 3776 δὶ
1208 3718 1447 3798 θυγάτηρ
1507 3719 1793 3775 Φιλίππου
1838 3724 1936 3776 τοῦ
1961 3720 2096 3776 ἀπο-

437 3811 661 3868 στόλου.
696 3816 797 3867 Ἢν
852 3809 910 3865 δὲ
972 3810 1110 3884 αὐτῇ
1165 3807 1379 3888 ἀδελφή
1437 3808 1753 3883 καλουμένη
1814 3809 2095 3885 Εύτυχής.

436 3902 542 3958 Καὶ
593 3899 958 3975 παρεγένοντο
1011 3899 1065 3954 αἱ
1121 3896 1218 3954 δύο
1277 3897 1354 3961 εἷς
1410 3899 1668 3978 Ἔφεσον,
1725 3906 2098 3975 προσκυνῆσαι

430 3988 831 4065 τὸνθεολόγον
883 3987 1171 4060 Ἰωάννην,
1227 3987 1319 4043 καὶ
1378 3988 1494 4063 οὐχ
1550 3986 1705 4064 εὗρον
1746 3986 1929 4043 αὐτόν’
1966 4009 2098 4061 μετ-

434 4080 589 4153 ετέθῃ
618 4078 721 4155 γὰρ
754 4075 887 4149 ἤδη.
922 4076 1134 4135 Ἐλθὼν
1190 4074 1249 4132 δὲ
1303 4076 1394 4133 καὶ
1424 4077 1693 4151 Τραϊανὸς
1750 4077 1778 4132 6
1838 4076 2095 4149 βασιλεὺς

435 4168 515 4232 είς
542 4171 807 4246 Ἔφεσον,
852 4167 992 4244 πρὸς
1040 4167 1133 4222 τὸν
1188 4168 1325 4222 κατᾶ
1377 4171 1487 4222 τῶν
1544 4169 1763 4241 Περσῶν
1821 4166 2092 4243 πόλεμον,

430 4255 554 4333 εὗρε
585 4256 651 4311 τὸ
701 4253 880 4330 ὄνομα
906 4258 1010 4325 τῆς
1063 4254 1217 4332 ἁγίας
1276 4255 1585 4331 Ἑρμιόνης
1637 4253 1773 4330 μέγα
1828 4252 1914 4310 ἐπ’
1946 4255 2097 4312 εὗσε-

430 4341 555 4417 6είᾷ
586 4365 600 4381 ο
662 4346 753 4401 καὶ
814 4345 921 4422 γὰρ
970 4345 1039 4415 ἧν
1098 4345 1556 4423 προφητεύουσα·
1646 4343 1737 4400 καὶ
1815 4365 2093 4422 κρατησας

428 4435 601 4505 αὐτὴν
636 4480 651 4507 ,
715 4433 805 4491 καὶ
890 4434 1293 4509 καταναγκάσας
1375 4434 1709 4510 ἀρνήσασθαι
1782 4434 1875 4489 τὸν
1958 4438 2093 4513 Χρι-

431 4526 581 4597 στὸν,
614 4525 690 4587 ὡς
722 4524 822 4580 οὐκ
871 4521 1075 4594 ἔπεισε,
1132 4524 1345 4580 κελεύει
1400 4523 1694 4588 τύπτεσθαι
1752 4525 1922 4595 αὐτὴν
1954 4528 2092 4581 κατά

2231 584 2485 641 dedecet
2536 585 2829 642 diadema.
2879 588 3038 642 Tunc
3070 587 3470 644 Numerianus
3518 588 3877 643 sententiam

2235 674 2642 747 pronuntiavit
2668 675 2950 732 adversus
3008 693 3165 744 eum,
3199 682 3258 732 et
3307 677 3586 732 adversus
3641 694 3880 748 pueros,

2226 763 2328 835 qui
2357 763 2429 819 ab
2462 781 2529 819 eo
2563 765 3049 821 instituebantur.
3083 767 3226 823 Cum
3261 765 3594 839 illosigitur
3622 767 3877 837 accepi5°

2226 858 2361 910 sent
2390 852 2633 921 milites,
2681 854 3058 927 jugularuut.
3094 858 3283 926 Atque
3314 856 3397 911 ita
3427 861 3668 911 sanctus
3698 872 3732 910 a
3760 856 3876 927 piis

2227 941 2577 998 Christianis
2633 944 2904 1016 sepultus
2937 948 3028 1000 est
3078 950 3244 1000 extra
3289 944 3500 999 urbem
3548 944 3880 1000 Antiochia)

2225 1047 2350 1088 una
2379 1048 2514 1087 cum
2547 1032 2988 1105 circumpositis
3021 1034 3135 1106 ipsi
3180 1036 3426 1105 catenis,
3462 1051 3609 1106 quas
3637 1038 3882 1106 propter

2228 1120 2529 1178 Christum
2553 1122 2902 1194 pertulerat.

2873 1239 3091 1296 Eodem
3132 1240 3228 1297 die

2226 1355 2328 1412 18
2360 1356 2643 1411 Certamen
2666 1362 2981 1412 sanctorum
3009 1364 3317 1429 martyrum
3348 1359 3634 1428 Theodori,
3655 1358 3877 1425 Oceani,

2760 1446 2993 1503 Amiani
3020 1455 3071 1504 et
3101 1448 3339 1506 Iuliam“.

2299 1629 2367 1685 Hi
2394 1635 2582 1691 sancti
2613 1639 2906 1708 martyres
2938 1632 3193 1689 floruere
3238 1632 3591 1687 Maximiano
3622 1632 3881 1704 impera-

2228 1722 2378 1776 tore.
2399 1723 2830 1797 Comprehensi
2853 1728 3072 1790 autem,
3098 1726 3156 1777 et
3176 1720 3542 1794 interrogati,
3568 1738 3700 1777 cum
3724 1723 3884 1777 Chri-

2228 1814 2385 1865 stum
2413 1813 2729 1870 Dominum
2748 1814 3199 1877 confiterentur,
3228 1812 3523 1883 suspensi,
3549 1811 3879 1883 depexique

2144 1876 2190 1942 Β
2221 1897 2294 1954 ad
2317 1916 2453 1957 ossa
2470 1902 2639 1958 fuere
2661 1918 2675 1960 :
2701 1902 2916 1958 deinde
2948 1901 3012 1956 in
3032 1900 3541 1956 ferventissimam
3565 1900 3871 1969 balneum,

2220 1987 2412 2060 sigillo
2428 1990 2806 2063 imperatoris
2820 1990 3196 2062 obsignatum
3212 2005 3287 2043 ne
3300 1988 3437 2045 inde
3451 1990 3613 2044 exire
3624 1997 3873 2061 possent

2216 2077 2322 2132 sed
2351 2079 2595 2137 interire
2652 2080 2712 2136 id
2744 2084 3117 2153 cogerentur,
3150 2076 3396 2133 detrusi.
3457 2077 3570 2131 Sed
3619 2078 3867 2149 angelus

2215 2167 2451 2223 Domini
2484 2186 2585 2226 eos
2618 2169 2861 2237 illaesos,
2920 2167 3146 2222 foribus
3192 2183 3222 2221 e
3252 2166 3492 2238 pessulo
3524 2167 3775 2222 ﬁrmatis
3808 2174 3868 2223 et

2215 2257 2563 2329 obsignatis,
2580 2259 2801 2315 eduxit.
2846 2261 3070 2315 Rursus
3087 2260 3287 2312 autem
3301 2257 3476 2328 capti,
3493 2255 3871 2313 abducuntur

2216 2351 2381 2401 extra
2408 2346 2619 2403 urbem
2652 2348 2713 2402 in
2772 2347 3074 2403 desertum
3130 2345 3350 2412 locum,
3383 2349 3449 2398 ut
3494 2344 3868 2401 truculenter

2214 2434 2733 2495 interficerentur:
2761 2436 3082 2507 ubipetita,
3106 2435 3491 2506 etimpetrata
3508 2450 3542 2489 a
3571 2435 3869 2490 carnifici-

2212 2523 2324 2579 bus
2355 2524 2429 2580 ad
2450 2525 2741 2581 orandum
2768 2526 2933 2590 hora,
2956 2530 3185 2581 stantes
3204 2524 3457 2578 multum
3481 2525 3704 2595 precati
3731 2529 3870 2580 sunt

2215 2614 2422 2681 Deum,
2456 2615 2716 2687 primum
2750 2615 2990 2687 quidem
3025 2630 3129 2685 pro
3163 2613 3344 2668 totius
3376 2612 3535 2668 orbis
3580 2614 3867 2669 constitu-

2214 2703 2398 2771 tione,
2439 2709 2898 2775 sanctarumque
2947 2703 3348 2759 Ecclesiarum
3381 2702 3815 2773 tranquillitate
3848 2719 3863 2757 :

2216 2791 2430 2847 deinde
2459 2795 2680 2867 gratias
2711 2793 2905 2849 eidem
2957 2796 3225 2865 egerunt,
3259 2791 3418 2863 quod
3467 2791 3629 2863 digni
3678 2792 3862 2847 habiti

2215 2885 2434 2949 essent,
2468 2882 2571 2953 qui
2600 2882 2953 2953 martyrium
2974 2881 3227 2953 proipso
3249 2880 3537 2937 subirent.
3571 2883 3760 2951 Atque
3784 2882 3866 2936 ita

2213 2970 2483 3043 praecisis
2506 2971 2757 3044 singulis
2777 2970 3085 3037 membris,
3109 2968 3502 3041 cruribusque
3524 2968 3863 3041 contractis,

2218 3059 2282 3116 in
2312 3060 2512 3133 ignem
2535 3060 2764 3134 injecti,
2789 3061 2973 3117 ﬁnem
3002 3058 3234 3115 vivendi
3252 3059 3544 3115 fecerunt.

2857 3326 3078 3384 Eodem
3116 3326 3214 3384 die

2212 3447 2318 3502 14
2340 3447 2624 3504 Certamen
2653 3450 2855 3502 sanctae
2894 3448 3156 3516 martyris
3185 3447 3487 3514 Hemiones,
3517 3447 3649 3516 ﬁlia:
3684 3447 3863 3502 sancti

2767 3534 3017 3605 Philippi
3044 3535 3304 3605 apostoli.

2285 3652 2497 3709 Sancta
2525 3655 2752 3724 martyr
2782 3650 3122 3719 Hermione,
3145 3650 3269 3707 ﬁlia
3289 3650 3548 3724 Philippi
3579 3653 3860 3725 apostoli,

2210 3741 2414 3798 ﬂoruit
2440 3741 2692 3814 Trajano
2725 3741 3103 3812 imperatore.
3130 3740 3348 3797 Habuit
3377 3747 3574 3797 autem
3598 3760 3861 3799 sororem

2208 3835 2449 3889 nomine
2482 3834 2811 3907 Eutychen,
2846 3850 2980 3889 cum
3014 3848 3131 3904 qua
3159 3834 3459 3906 Ephesum
3490 3835 3769 3906 perrexit,
3798 3842 3866 3891 ut

2204 3925 2494 3980 Joannem
2524 3923 2882 3996 Theologum
2917 3922 3238 3979 adorarent
3271 3940 3283 3977 :
3316 3940 3436 3979 non
3468 3928 3666 3979 tamen
3698 3925 3862 3980 inve-

2206 4018 2426 4069 nerunt
2448 4030 2584 4069 eum
2608 4030 2620 4068 :
2646 4013 2968 4070 translatus
2993 4012 3291 4086 enimjam
3313 4013 3524 4069 fuerat.
3549 4015 3723 4070 Venit
3751 4032 3859 4070 au-

2208 4108 2328 4160 tem
2356 4108 2415 4160 et
2441 4104 2728 4176 Trajanus
2761 4103 3087 4176 imperator
3114 4104 3413 4175 Ephesum
3456 4104 3530 4159 ad
3558 4106 3855 4162 Persicam

2209 4194 2675 4267 expeditionem,
2709 4192 3051 4264 audivitque
3081 4209 3304 4249 nomen
3336 4194 3685 4250 Hermiones
3717 4184 3854 4267 per-

2211 4282 2444 4339 celebre
2478 4298 2546 4337 ac
2575 4280 3000 4351 venerandum,
3030 4298 3098 4338 eo
3130 4281 3287 4353 quod
3314 4283 3660 4355 prophetico
3703 4289 3861 4341 esset

2213 4370 2415 4427 afﬂata
2433 4369 2664 4441 spiritu.
2690 4371 3194 4441 Comprehensam
3217 4370 3396 4443 igitur
3425 4388 3559 4427 cum
3587 4388 3620 4428 a
3640 4373 3857 4429 Christi

2204 4459 2370 4516 cultu
2391 4459 2684 4515 abducere
2703 4474 2824 4514 non
2848 4463 3069 4530 posset,
3095 4459 3271 4530 jubet
3290 4459 3378 4514 illi
3402 4460 3604 4532 alapas
3624 4462 3809 4518 incuti
3840 4480 3853 4519 :

2203 4549 2298 4605 cui
2339 4548 2625 4604 Dominus
2656 4564 2972 4620 apparens,
3040 4548 3268 4604 addidit
3311 4550 3600 4621 animum,
3633 4554 3854 4607 conﬁr-

428 4617 529 4670 τοῦ
576 4614 900 4689 προσώπου.
958 4614 1274 4691 Ἐπιφανεὶς
1333 4609 1393 4668 δὲ
1448 4614 1475 4668 6
1535 4613 1754 4691 Κύριος,
1810 4613 2095 4691 ἐνίσχυσεν

2217 4639 2524 4709 mavitque,
2547 4642 2614 4693 ut
2635 4609 2931 4693 tormenta
2953 4609 3186 4694 i‘ortiter
3204 4639 3512 4711 perferret.
3543 4609 3653 4697 sed
3676 4643 3852 4714 paulo

432 4703 601 4771 αὐτὴν
657 4707 936 4779 καρτερεῖν
988 4703 1128 4779 πρὸς
1194 4703 1292 4764 τὰς
1375 4701 1660 4778 βασάνους.
1718 4704 1870 4763 Μετὰ
1922 4701 2090 4760 ταῦτα

430 4792 489 4849 δὲ
571 4791 994 4868 προφητεύουσα
1069 4791 1192 4868 περί
1296 4796 1569 4865 Τραῖανου
1603 4836 1618 4863 ,
1705 4792 1790 4849 δτι
1877 4796 2087 4865 νικήσει

425 4885 555 4944 τοῦς
605 4881 833 4957 Πέρσας,
862 4878 988 4935 τότε
1038 4880 1135 4952 μὲν
1186 4878 1453 4951 ἀπελύθη.
1504 4881 1656 4940 Μετᾶ
1704 4878 1762 4937 δὲ
1818 4883 2085 4957 Τραϊανὸν

425 4972 700 5045 κρατήσας
731 4974 832 5038 τῆς
891 4966 1222 5045 βασιλείαςὸ
1253 4964 1505 5045 γαμϐρὸς
1560 4969 1725 5026 αὐτοῦ
1778 4969 2084 5047 Ἀδριανὸς,

426 5077 690 5133 κατεσχεν
720 5057 914 5129 αὐτήν.
973 5058 1070 5112 Καὶ
1136 5059 1552 5133 καταναγκάσας
1606 5060 1940 5135 ἀρνήσασθαι
1988 5062 2085 5135 μὲν

425 5150 522 5207 τὸν
554 5149 818 5223 Χριστὸν,
851 5150 1010 5213 θῦσαι
1042 5144 1099 5203 δὲ
1127 5153 1245 5210 τοῖς
1296 5145 1575 5221 εἰδώλοις,
1624 5151 1715 5205 καὶ
1750 5152 1826 5223 μὴ
1870 5150 2085 5225 πείσας,

426 5234 750 5316 προσέταξεν
811 5235 1325 5313 ἀποκεφαλισθῆναι
1352 5283 1367 5297 .
1424 5241 1816 5314 Ξηρανθεισῶν
1877 5237 1935 5295 δὲ
1973 5245 2083 5297 τῶν

429 5332 633 5405 χεῖρῶν
660 5331 769 5383 τῶν
821 5323 1065 5397 δημίων,
1122 5324 1460 5398 ἐπίστευσαν,
1489 5328 1581 5382 καὶ
1640 5326 1734 5383 σὸν
1793 5332 1930 5403 αυτῇ
1980 5329 2086 5386 ἀπ·-

424 5417 624 5498 εκεφαλ
635 5416 755 5489 ίσθη
761 5436 879 5472 σαν.

1018 5507 1106 5579 τῇ
1140 5504 1277 5580 αὐτῇ
1306 5508 1492 5583 ἡμέρᾳ

587 5608 807 5682 Μνήμη
840 5608 940 5661 τοῦ
986 5603 1144 5682 ἁγίου
1192 5605 1440 5670 Μωσέως
1482 5610 1578 5663 τοῦ
1610 5610 1912 5683 νομοθέτου

487 5729 729 5802 Μωυσῆς
783 5726 816 5781 6
875 5724 1161 5800 προσήτης
1215 5725 1305 5782 καὶ
1359 5721 1659 5803 νομοθέτης
1716 5749 1925 5807 γεγονεν
1960 5731 2078 5796 υἱος

2198 4729 2335 4797 post
2363 4741 2397 4780 a
2416 4724 2669 4796 Trajano
2698 4724 3040 4794 dimittitur,
3072 4727 3230 4796 quod
3252 4727 3304 4782 ei
3335 4729 3710 4799 prmdixisset
3728 4732 3852 4789 fore

2197 4820 2264 4869 ut
2293 4814 2365 4869 de
2397 4814 2591 4869 Persis
2624 4814 3040 4886 triumpharet.
3072 4816 3369 4872 Adrianus
3401 4835 3557 4887 vero,
3582 4836 3764 4893 gener
3793 4827 3853 4876 et

2200 4919 2515 4959 successor
2543 4903 2802 4975 Trajani,
2860 4905 3353 4975 comprehensam
3422 4908 3638 4965 iterum
3698 4912 3854 4984 cogit

2197 4990 2497 5047 Christum
2545 4991 2859 5063 abnegare,
2915 4992 3211 5065 idolisque
3271 4997 3624 5053 sacriﬁcare.
3685 4998 3849 5065 Quod

2197 5099 2332 5137 cum
2364 5081 2470 5137 illa
2504 5081 2693 5137 facere
2749 5082 3071 5152 renuisset,
3124 5084 3310 5157 jussit
3358 5090 3652 5159 amputari
3721 5092 3848 5161 ejus

2196 5177 2390 5243 caput.
2426 5170 2848 5227 Arescentibus
2870 5188 3005 5227 vero
3026 5175 3377 5231 carniﬁcum
3402 5178 3699 5246 manibus,
3734 5180 3847 5252 ipsi

2196 5262 2374 5317 etiam
2427 5260 2488 5315 in
2543 5260 2843 5315 Christum
2899 5262 3301 5336 crediderunt,
3336 5271 3512 5338 atque
3560 5284 3679 5324 una
3709 5286 3843 5326 cum

2194 5349 2304 5405 illa
2335 5349 2527 5420 capite
2558 5349 2715 5421 plexi
2743 5355 2905 5406 sunt.

2829 5512 3051 5568 Eodem
3092 5513 3209 5569 die.

2406 5618 2504 5676 15
2537 5620 2805 5674 Memoria
2841 5622 3022 5695 sancti
3049 5621 3247 5690 Moysis
3277 5620 3623 5691 legislatoris.
3646 5597 3661 5607 ’

2263 5737 2490 5810 Moyses
2510 5736 2803 5811 propheta
2823 5740 2882 5792 et
2900 5733 3203 5807 legislator
3216 5739 3385 5808 patre
3397 5737 3641 5797 Hebraeo
3662 5742 3841 5795 natus
