4142 6440
276 363 351 426 31
579 325 587 334 ’
1631 363 2053 427 MENOLOGII
2097 365 2301 428 PARS
2343 366 2396 428 1.
3631 374 3710 434 32

277 485 349 554 in
379 498 622 570 Egypto
654 503 759 555 est.
787 499 974 567 Hunc,
1007 515 1142 556 cum
1164 499 1392 555 Pharao
1414 515 1518 555 rex
1535 500 1760 572 .Egypti
1781 517 1937 571 prae-

2057 497 2165 560 ὲνὸς
2221 501 2329 552 τῶν
2387 492 2679 572 Ἐϐραίων,
2739 500 3020 574 γεννηθεὶς
3079 498 3131 553 ἐν
3205 498 3491 575 Αΐγῦπτῳ.
3555 503 3706 560 Ἐπει

276 589 553 660 cepisset,
585 593 651 643 ut
673 588 1054 644 Hebraeorum
1077 591 1268 663 gentis
1302 590 1552 645 masculi
1578 589 1819 661 quidem
1845 590 1934 644 in-

273 677 468 734 fantes
511 679 1004 745 interinerentur,
1037 679 1274 734 feminas
1337 696 1471 735 vero
1530 684 1928 747 servarentur,

280 773 474 822 mater
505 767 731 824 fiscella
771 768 1071 824 inclusum
1105 769 1166 823 in
1221 769 1466 824 fluvium
1522 770 1792 841 projecit.
1825 769 1936 824 Sed

287 875 421 912 cum
444 858 774 913 Pharaonis
802 858 947 922 filia,
971 864 1038 914 ut
1058 858 1375 925 lavaretur,
1400 859 1474 914 ad
1496 860 1720 914 flumen
1753 860 1938 914 venis-

283 952 393 1016 set,
427 947 714 1003 fiscellam
746 949 1106 1019 conspicata,
1143 953 1201 1003 et
1231 947 1521 1004 infantem
1562 949 1623 1003 in
1672 948 1778 1003 illa
1809 948 1934 1020 plo-

279 1041 536 1106 rantem,
558 1053 691 1092 eum
716 1037 776 1091 in
792 1037 982 1092 filium
1006 1037 1119 1092 sibi
1140 1037 1459 1110 ad0ptavit,
1476 1037 1936 1093 instituendum-

280 1142 395 1197 que
429 1126 595 1180 omni
638 1127 1042 1199 Egyptiorum
1099 1127 1353 1182 scientia
1411 1127 1653 1182 curavit.
1717 1125 1934 1182 Adulto

283 1217 558 1288 apparuit
585 1217 761 1285 Deus,
793 1216 1212 1288 mandavitque
1238 1223 1304 1273 ut
1334 1217 1713 1274 Hebraeorum
1745 1234 1934 1289 popu-

282 1306 409 1362 lum
443 1323 513 1362 ex
554 1308 798 1379 Egypto
853 1306 1152 1362 educeret.
1204 1308 1348 1362 Cum
1408 1307 1590 1380 igitur
1645 1308 1933 1380 populum

285 1395 604 1462 eduxisset,
666 1411 952 1467 mareque
1007 1395 1271 1452 medium
1329 1396 1651 1465 scidisset,
1710 1412 1934 1468 perque

283 1484 512 1540 aridam
545 1484 900 1550 transiisset,
924 1489 1156 1556 petram
1176 1485 1355 1541 etiam
1377 1486 1537 1559 virga
1565 1485 1933 1558 percutiens,

281 1591 468 1646 aquas
498 1574 638 1630 inde
670 1574 992 1643 elicuisset,
1028 1575 1422 1650 quadraginta
1451 1576 1692 1632 demum
1739 1591 1932 1631 annos

281 1663 514 1720 militias
545 1663 905 1736 praefuisset,
933 1665 1108 1720 annis
1140 1671 1278 1721 ante
1309 1666 1527 1721 Christi
1551 1664 1935 1720 resurrectio-

283 1769 423 1809 nem
443 1753 607 1808 mille
627 1753 1048 1826 quadragentis
1070 1755 1366 1827 octoginta
1383 1755 1645 1827 quinque
1663 1760 1934 1809 mortuus

2048 586 2104 643 δὲ
2134 587 2456 665 πρόσταγμα
2485 593 2552 658 ἦν
2581 593 2684 644 τοῦ
2733 591 2935 666 Φαραὼ
2994 589 3262 666 βασιλέως
3308 591 3608 666 Αἶγύπτου,
3637 595 3707 652 τά

2049 677 2144 750 μὲν
2180 675 2392 748 θηλυκά
2439 681 2544 732 τῶν
2594 673 2862 753 Ἐϐραίων
2915 680 3128 755 βρεφῶν
3179 686 3602 755 περιποιεῖσθαι,
3634 683 3704 738 τὰ

2047 764 2105 821 δὲ
2162 766 2417 840 ἀρσενικὰ
2471 766 2809 843 φονεύεσθαι,
2871 767 3120 822 ἐνέϐαλεν
3181 768 3256 830 εἷς
3321 773 3607 845 συρτάριον
3664 775 3699 843 ἡ

2049 858 2235 930 μήτηρ
2267 856 2430 911 αὐτοῦ
2459 858 2552 912 τὸν
2599 859 2864 928 Μωυσῆν,
2923 857 3012 912 καὶ
3071 853 3285 934 ἔρῥιψεν
3321 858 3395 922 εἷς
3427 863 3701 934 ποταμόν.

2045 940 2255 1016 Κατὲὅη
2291 943 2348 1000 δὲ
2397 949 2432 1016 ἡ
2485 947 2721 1021 Θυγάτηρ
2774 947 2978 1020 Φαραὼ
3029 946 3322 1003 λούσασθαι
3357 947 3432 1011 εἷς
3463 951 3554 1005 τὸν
3591 973 3703 1006 ποο

2042 1034 2239 1107 ταμόν.
2275 1034 2377 1091 Καὶ
2435 1032 2626 1090 ἰδοῦσα
2669 1038 2732 1091 τὸ
2791 1037 3100 1112 συρτόὶριον,
3148 1039 3234 1092 καὶ
3285 1039 3348 1094 τὸ
3401 1037 3618 1096 παιδίον
3648 1041 3700 1097 ἐν

2043 1123 2192 1196 αὐτῷ
2219 1123 2436 1197 κλαῖον,
2479 1120 2776 1180 ἀνελάϐετο
2837 1125 2966 1181 αὐτὸ
3026 1127 3102 1188 εἷς
3160 1127 3298 1189 υἱόν.
3334 1129 3438 1185 Καὶ
3469 1128 3705 1201 ἐδίδαξεν

2043 1211 2190 1285 αύτῷ
2219 1217 2391 1268 πᾶσαν
2449 1213 2642 1286 σοφίαν
2701 1214 3040 1290 Αἰγυπτίων.
3104 1217 3399 1288 Αύξηθέντι
3444 1216 3501 1274 δὲ
3556 1220 3706 1292 αύτῷ

2044 1302 2214 1377 ἐφάνη
2273 1308 2301 1357 ὸ
2361 1304 2513 1371 Θεὸς,
2573 1305 2665 1359 καὶ
2719 1305 3038 1380 προσέταξεν
3097 1306 3370 1384 ἐξαγαγεῖν
3431 1309 3518 1363 τὸν
3570 1308 3704 1364 λαὸν

2041 1396 2149 1447 τῶν
2203 1387 2468 1466 Ἐϐραίων
2527 1392 2587 1449 ἐκ
2641 1401 2742 1463 τῆς
2803 1393 3094 1470 Αἶγύπτου·
3145 1397 3446 1474 Ἐξαγαγὼν
3480 1397 3570 1452 οῦν
3601 1400 3695 1455 τὸν

2045 1479 2200 1554 λαὸν,
2232 1481 2321 1537 καὶ
2353 1482 2539 1539 πολλά
2569 1489 2772 1556 σημεῖα
2819 1486 2906 1539 καὶ
2957 1484 3153 1560 τέρατα
3191 1489 3449 1558 ποιήσας,
3479 1489 3570 1544 καὶ
3601 1488 3695 1544 θά-

2043 1573 2243 1630 λασσαν
2270 1575 2475 1646 τεμὼν,
2539 1573 2630 1628 καὶ
2689 1571 2777 1628 διὰ
2835 1577 3000 1649 ξηρᾶς
3058 1578 3313 1652 περάσας,
3353 1577 3443 1632 καὶ
3493 1579 3694 1654 πέτραν

2038 1667 2109 1737 τῇ
2156 1658 2339 1739 ῥάϐδῳ
2391 1661 2649 1738 κρούσας,
2709 1664 2799 1719 καὶ
2858 1662 3003 1740 ὕδωρ
3063 1665 3114 1736 ἐξ
3173 1667 3342 1735 αὑτῆς
3398 1662 3700 1723 ἀναϐλύσαι

2042 1755 2298 1824 ποιήσας,
2355 1750 2446 1806 καὶ
2504 1756 2906 1827 τεσσαράκοντᾶ
2962 1752 3056 1826 ἔτη
3133 1757 3533 1832 στρατηγήσας,
3591 1758 3699 1831 πρὸ

288 1849 396 1912 est,
430 1843 816 1915 sepultusque
839 1843 902 1899 in
934 1843 1191 1916 quodam
1217 1845 1401 1900 eremi
1424 1851 1626 1901 monte
1659 1861 1692 1900 a
1722 1843 1933 1900 Micha-

2057 1846 2173 1898 ἑτῶν
2262 1841 2463 1918 χιλίων
2548 1844 2981 1918 τεσσαρακοσίων
3066 1843 3534 1920 ὀγδηκονταπέντε
3595 1853 3700 1915 τῆς

289 1933 381 1991 ele
413 1950 627 2007 magno
657 1933 890 1990 militias
922 1934 1025 1990 Dei
1055 1933 1348 2009 principe.

834 2201 1078 2259 EODEM
1129 2201 1386 2258 MENSE.

938 2328 1041 2384 Die
1073 2329 1285 2401 quinta

360 2454 461 2510 10
485 2451 746 2509 Memoria
765 2456 944 2510 sancti
966 2454 1253 2524 prophetae
1278 2452 1556 2511 Zachariw
1569 2452 1755 2525 patris
1778 2453 1944 2509 Joan-

911 2528 997 2582 nis
1027 2528 1315 2596 Baptista.

360 2670 672 2726 Zacharias
704 2669 1002 2737 sacerdos,
1032 2674 1203 2742 pater
1232 2669 1476 2726 Joannis
1524 2668 1942 2737 Prmcursoris,

291 2759 615 2815 sacerdotis
635 2759 832 2830 etipse
851 2759 1033 2829 ﬁlius,
1057 2759 1360 2832 ingressus
1380 2759 1695 2830 templum,
1717 2763 1784 2813 ut
1805 2757 1944 2813 thus

289 2847 576 2915 adoleret,
609 2863 742 2902 cum
773 2847 1017 2902 vidisset
1046 2847 1324 2920 angelum
1357 2849 1460 2903 Dei
1497 2847 1947 2917 stantemjuxta

291 2937 478 2993 altare
511 2937 939 3008 thymiamatis,
966 2937 1077 2992 sibi
1098 2937 1522 3008 praedicentem
1545 2937 1692 3003 fore,
1717 2940 1783 2990 ut
1813 2951 1948 2990 con-

293 3027 613 3097 ciperetur,
630 3031 688 3080 et
703 3031 1051 3081 nasceretur
1073 3025 1183 3080 sibi
1209 3025 1369 3080 ﬁlius
1383 3026 1641 3080 Joannes
1664 3024 1944 3094 Baptista,

294 3131 489 3186 neque
516 3115 646 3186 ejus
673 3115 800 3170 voci
833 3115 1011 3170 ﬁdem
1044 3113 1354 3168 adhiberet
1385 3153 1399 3180 ,
1433 3112 1648 3168 surdus
1696 3112 1857 3167 illico
1891 3116 1950 3166 et

2042 1936 2283 2007 Χριστοῦ
2337 1931 2677 1993 ἀναστάσεως
2727 1929 3066 2002 ἐτελεύτησε.
3127 1933 3234 1988 Καὶ
3289 1931 3455 2010 ἒτάφη
3501 1934 3553 1988 ἐν
3583 1933 3704 2010 ὅρει

2039 2024 2144 2077 τινὶ
2173 2029 2274 2092 τῆς
2332 2021 2543 2096 ἐρήμου
2601 2021 2749 2094 παρὰ
2804 2021 3038 2098 Μιχαὴλ
3096 2027 3194 2079 τοῦ
3253 2022 3494 2099 μεγάλου
3537 2026 3705 2102 ἀρχι-

2044 2133 2138 2188 στρ
2148 2113 2361 2188 ατήγου
2389 2115 2486 2167 τοῦ
2512 2115 2668 2170 Θεοῦ.

2597 2231 2775 2288 MHNI
2814 2232 2904 2308 T9
2945 2234 3148 2313 ΑΥΤῼ.

2834 2340 2911 2398 Ε’.

2042 2456 2246 2529 Μνήμη
2300 2459 2398 2510 τοῦ
2457 2456 2613 2529 ἀγίου
2664 2457 2952 2532 προφήτου
3009 2457 3305 2533 Ζαχαρίου,
3362 2463 3459 2513 τοῦ
3497 2458 3701 2534 πατρὸς

2498 2545 2750 2600 Ἰωάννου
2779 2549 2876 2600 τοῦ
2909 2552 3057 2601 Βαπτ
3070 2550 3236 2604 ιστοῦ.

2120 2678 2390 2756 Ζαχαρίας
2458 2681 2486 2735 ὁ
2534 2680 2728 2755 ἱερεὺς,
2786 2682 2812 2736 ὁ
2871 2683 3059 2756 Πατὴρ
3119 2681 3375 2739 Ἰωάννου
3421 2686 3519 2737 τοῦ
3553 2688 3696 2757 Προ-

2049 2768 2282 2846 δρόμου,
2321 2769 2539 2845 ὑπῆρχε
2594 2771 2688 2842 μὶν
2743 2770 2833 2825 καὶ
2895 2770 3055 2833 αὐτὸς
3113 2772 3230 2833 υἱὸς
3287 2771 3496 2846 ἱερέωςο
3528 2769 3706 2827 εἰσελ-

2049 2858 2157 2924 θὼν
2188 2855 2245 2913 δὲ
2271 2857 2324 2913 έν
2353 2862 2432 2931 τῷ
2462 2863 2572 2931 ναῷ
2625 2863 2723 2914 τοῦ
2779 2861 3062 2932 θυμιᾶσαι,
3113 2857 3248 2915 εἶδεν
3298 2858 3533 2936 ἄγγελον
3567 2863 3701 2915 Θεοῦ

2049 2949 2254 3003 ἑστῶτα
2310 2945 2548 3017 πλησίον
2605 2951 2702 3002 τοῦ
2751 2947 3136 3023 θυσιαστηρίου
3194 2953 3290 3003 τοῦ
3334 2947 3705 3021 θυμιάματος,

2048 3037 2138 3092 καὶ
2175 3035 2452 3110 μηνύοντα
2508 3038 2658 3109 αὐτῷ
2712 3037 2808 3105 τήν
2865 3037 3142 3111 σύλληψιν
3197 3039 3286 3092 καὶ
3325 3039 3575 3113 γέννησιν
3605 3041 3702 3092 τοῦ

2053 3128 2172 3182 υἱοῦ
2203 3127 2366 3182 αὐτοῦ
2425 3128 2676 3184 Ἰωάννου
2732 3131 2828 3182 τοῦ
2886 3128 3212 3183 Βαπτιστοῖν
3274 3127 3574 3198 ἀπιστήσας
3626 3125 3705 3197 δὲ,

295 3210 496 3259 mutus
527 3203 796 3258 redditus
828 3207 937 3270 est,
971 3201 1132 3273 quod
1163 3207 1302 3257 nato
1331 3203 1556 3258 Joanne
1591 3201 1786 3256 soluta
1810 3205 1947 3256 sunt

2057 3215 2233 3293 κωφὸς
2278 3213 2368 3270 xui
2419 3213 2627 3277 ἄλαλος
2672 3213 2881 3291 γέγονε.
2942 3217 3090 3271 Μετᾶ
3146 3212 3203 3270 δὲ
3257 3217 3320 3271 τὸ
3376 3217 3707 3292 γεννηθῆναι

298 3292 426 3364 ejus
457 3291 674 3363 lingua;
693 3292 954 3349 vincula.
981 3291 1247 3346 Audiens
1270 3296 1468 3346 autem
1492 3296 1686 3346 mater
1704 3291 1947 3346 Joannis
1985 3291 2021 3300 '
2051 3291 2157 3362 τὸ,
2206 3307 2218 3328 ν

297 3381 587 3437 Herodem
643 3379 984 3436 Judaeorum
1043 3395 1246 3453 regem
1317 3381 1606 3451 cogitasse
1689 3379 1948 3436 infantes

298 3469 762 3526 Bethlehemitas
797 3469 1112 3538 trucidare,
1145 3475 1210 3525 ut
1239 3470 1528 3526 Dominus
1553 3475 1757 3525 noster
1779 3471 1948 3525 Jesus

300 3560 567 3616 Christus
598 3575 718 3614 una
762 3575 896 3614 cum
942 3560 1173 3615 caeteris
1232 3558 1624 3627 occideretur,
1679 3563 1842 3615 sexto
1875 3557 1947 3614 ab

303 3650 433 3720 ejus
483 3649 786 3702 nativitate
841 3665 1044 3703 mense
1099 3653 1393 3704 Joannem
1438 3649 1502 3703 in
1556 3665 1736 3720 specu
1787 3654 1950 3704 trans

301 3736 620 3793 Jordanem
669 3735 915 3790 abdidit.
954 3735 1214 3790 Herodes
1253 3753 1389 3791 vero
1421 3738 1693 3806 quaasito,
1727 3741 1786 3791 et
1829 3752 1952 3791 non

302 3827 540 3881 invento
573 3841 776 3896 puero,
825 3824 1166 3880 Zachariam
1226 3825 1355 3896 ejus
1385 3830 1616 3896 patrem
1647 3825 1709 3879 in
1735 3825 1952 3895 .medio

303 3915 530 3972 altaris.
566 3931 682 3986 quo
715 3913 827 3969 sibi
852 3919 1125 3968 metuens
1156 3913 1520 3985 confugerat,
1548 3913 1810 3985 jugulari
1830 3913 1955 3986 jus-

305 4005 401 4074 sit,
435 4009 612 4075 atque
655 4003 786 4074 ejus
819 4004 1104 4074 sanguine
1128 4001 1416 4074 templum
1442 4003 1693 4076 aspergi.
1725 4003 1957 4076 Jugula-

304 4100 399 4149 tus
433 4098 521 4148 est
549 4093 747 4165 igitur,
799 4093 1046 4163 ejusque
1097 4091 1346 4147 cadaver
1375 4092 1446 4147 de
1478 4097 1777 4164 praerupta
1807 4109 1953 4164 rupe

304 4183 670 4255 abjecerunt.
715 4181 1018 4253 Reliquias
1074 4183 1393 4253 propinqui
1452 4183 1581 4254 ejus
1639 4181 1953 4256 collegere,

304 4278 482 4344 atque
513 4272 574 4328 in
607 4271 947 4344 sepulcrum
976 4275 1213 4344 patrum
1243 4270 1524 4327 intulere.

945 4539 1167 4597 Eodem
1206 4539 1303 4596 die

521 4687 646 4741 17.
681 4687 970 4742 Certamen
1000 4683 1182 4740 sancti
1219 4686 1480 4755 martyris
1523 4685 1740 4741 Abdita.

383 4833 632 4888 Sanctus
665 4834 894 4903 mactyr
933 4829 1174 4896 Abdias,
1219 4829 1461 4884 natione
1493 4831 1694 4898 Persa,
1728 4829 1958 4901 profes-

313 4921 478 4975 sione
505 4919 901 4988 Christianus,
935 4935 1071 4973 cum
1131 4917 1299 4973 daret
1350 4935 1591 4973 omnem
1622 4935 1864 4990 operam
1896 4921 1963 4972 ut

311 5011 792 5077 doceretomnes,
808 5013 984 5078 atque
1001 5007 1519 5063 adhortationibus
1534 5008 1656 5062 suis
1674 5007 1747 5062 ad
1759 5024 1958 5062 veram

309 5098 629 5155 Salvatoris
647 5097 836 5154 nostri
864 5098 1001 5152 Jesu
1045 5096 1257 5153 Christi
1305 5095 1484 5152 ﬁdem
1516 5095 1958 5167 suscipiendam

311 5189 644 5256 induceret,
669 5191 877 5258 captus
898 5203 932 5242 a
953 5203 1262 5259 magorum
1286 5186 1576 5258 principe,
1593 5185 1840 5258 jubetur
1863 5186 1962 5242 ab-

301 5279 506 5350 jurato
539 5277 772 5332 Christo
806 5276 996 5332 solem
1027 5281 1086 5330 et
1110 5275 1308 5348 ignem
1337 5274 1585 5330 adorare
1612 5291 1624 5329 :
1658 5275 1766 5330 hos
1798 5273 1959 5330 enim

312 5371 598 5438 tanquam
617 5365 761 5421 deos
781 5367 976 5420 Persae
997 5363 1292 5420 colebant.
1308 5363 1476 5430 Quod
1496 5363 1597 5418 ille
1620 5368 1960 5419 exsecratus

316 5455 543 5525 asperis
574 5454 870 5510 malorum
893 5452 1246 5526 punicorum
1268 5453 1445 5526 virgis
1476 5453 1538 5508 in
1570 5458 1794 5521 ventre,
1813 5453 1963 5508 lum-

312 5542 522 5611 bisque
555 5543 820 5598 caeditur.
856 5545 1046 5613 Atque
1085 5541 1166 5598 ita
1222 5559 1257 5598 a
1299 5558 1476 5598 mane
1521 5541 1594 5598 ad
1646 5541 1962 5596 meridiem

314 5629 657 5684 verberatus
671 5636 728 5685 et
741 5631 1060 5697 cruciatus,
1085 5631 1281 5686 succol
1293 5631 1551 5686 [antibus
1563 5628 1877 5686 lictoribus
1898 5629 1960 5682 in

317 5718 561 5778 domum
585 5736 754 5778 suam
784 5723 1096 5780 semivivus
1136 5722 1481 5796 deportatur
1504 5739 1518 5780 :
1544 5726 1601 5778 et
1628 5719 1806 5794 paulo
1827 5723 1964 5794 post

1986 4628 2036 4693 D

2225 3306 2486 3376 Ιωάννην,
2562 3303 2850 3377 ἐλάλησεν.
2927 3304 3230 3364 Ἀκούσασα
3307 3303 3364 3361 δὶ
3422 3308 3458 3376 ἡ
3521 3307 3706 3381 μήτηρ

2055 3395 2330 3469 Ἰωάννου,
2378 3395 2462 3450 ὅτι
2524 3393 2716 3468 μέλλει
2769 3393 3023 3470 Ἡρώδης
3079 3396 3106 3451 ὁ
3162 3399 3270 3450 τῶν
3303 3392 3578 3453 Ἰουδαίων
3611 3395 3710 3470 βαρ

2057 3483 2238 3548 σιλεὺς
2268 3484 2509 3563 φονεύειν
2568 3483 2634 3539 τά
2689 3485 2742 3539 ὲν
2801 3483 3060 3558 Βηθλεὲμ
3115 3485 3312 3561 βρέφη,
3370 3483 3708 3558 βουλόμενος

2056 3577 2146 3632 καὶ
2177 3576 2270 3630 σὺν
2330 3575 2516 3637 αὐτοῖς
2567 3573 2808 3648 φονεύειν
2868 3574 2957 3630 καὶ
3011 3575 3101 3629 τὸν
3157 3573 3352 3651 Κύριον
3381 3576 3541 3646 ἡμῶν
3591 3575 3707 3643 ’1η-

2060 3669 2186 3720 σοῦν
2216 3665 2468 3737 Χριστὸν,
2499 3663 2621 3719 τότε
2681 3663 2814 3736 μετὰ
2873 3670 3049 3737 μῆνας
3103 3660 3157 3733 ἕξ
3211 3669 3312 3732 τῆς
3368 3662 3532 3718 αὐτοῦ
3572 3663 3713 3733 κυή-

2059 3775 2215 3823 σεως,
2272 3751 2495 3828 ἔκρυψεν
2557 3752 2719 3808 αὐτὸν
2800 3751 2852 3808 ἒν
2925 3757 3004 3824 τῷ
3058 3750 3314 3822 σπηλαίῳ
3389 3752 3554 3825 πέραν
3614 3753 3712 3804 τοῦ

2059 3841 2356 3920 Ἰορδάνου.
2405 3843 2777 3913 Ἐπιζητήσας
2834 3839 2890 3896 δὲ
2953 3844 3142 3896 τοῦτον
3203 3841 3230 3895 ὁ
3291 3835 3560 3912 Ἡρώδης,
3619 3838 3711 3893 καὶ

2065 3934 2132 4006 με
2198 3931 2390 4006 εύρὼν,
2449 3930 2740 4004 προσέταξε
2796 3936 3073 4007 σφαγῆναι
3126 3929 3217 3984 τὸν
3287 3928 3492 4001 πατέρα
3550 3929 3716 3983 αὐτοῦ

2059 4022 2330 4099 Ζαχαρίαν
2394 4020 2556 4094 μέσον
2611 4025 2708 4075 τοῦ
2765 4017 3169 4094 θυσιαστηρίου,
3230 4019 3312 4073 ὃτι
3375 4018 3486 4073 ἐκεῖ
3542 4038 3718 4093 προσ-

2061 4113 2218 4192 ἔφυγε
2251 4110 2534 4192 φοϐηθεὶς,
2583 4111 2672 4166 καὶ
2724 4111 2954 4186 χεθῆναι
3005 4110 3068 4166 τὸ
3126 4113 3264 4184 αἷμα
3316 4110 3483 4166 αὐτοῦ
3514 4109 3592 4172 εἷς
3621 4111 3714 4165 τὸν

2058 4203 2208 4261 ναόν.
2269 4205 2512 4282 Ἐσφαγη
2573 4201 2686 4272 οὖν,
2744 4201 2835 4256 καὶ
2888 4195 3112 4278 ἕρῥιψαν
3170 4200 3332 4255 αὐτὸν
3367 4199 3418 4254 ἐν
3452 4203 3530 4271 τῷ
3574 4220 3716 4274 κρη-

2063 4298 2205 4368 μνῷ.
2264 4295 2332 4352 Οἳ
2390 4289 2447 4348 δὲ
2504 4296 2774 4368 συγγενεῖς
2835 4288 3000 4347 αὐτοῦ
3057 4285 3458 4363 ἀναλαϐόμενοι
3505 4290 3568 4346 τὸ
3599 4288 3717 4346 λεί·-

2058 4391 2227 4461 ῴανον
2285 4383 2472 4454 αὐτοῦ,
2527 4382 2811 4438 κατέθεντο
2865 4380 2918 4436 ἐν
2969 4378 3045 4452 τῷ
3099 4380 3256 4458 τάφῳ
3310 4383 3418 4435 τῶν
3468 4379 3716 4454 πατέρων

2056 4477 2248 4534 αὐτοῦ.

2661 4590 2747 4662 Τῇ
2779 4585 2914 4661 αὖτῇ
2946 4587 3128 4662 ἡμέρᾳ

2321 4705 2566 4778 Δθλησις
2594 4707 2690 4760 τοῦ
2728 4702 2885 4779 ἀγίου
2920 4705 3193 4778 μάρτυρος
3217 4697 3469 4760 Ἀϐδιοῦ.

2140 4827 2201 4883 Ὀ
2255 4823 2406 4901 ἅγιος
2467 4824 2671 4899 μάρτυς
2729 4815 2949 4877 Ἀϐδιοῦ
3008 4817 3074 4887 ἦν
3140 4819 3235 4891 μὶν
3295 4817 3356 4872 ἐκ
3401 4824 3500 4887 τῆς
3535 4819 3724 4892 χώρας

2067 4919 2176 4971 τῶν
2255 4918 2492 4990 Περσῶνο
2581 4907 2910 4986 Χριστιανὸς
2991 4905 3050 4962 δὲ
3137 4907 3420 4982 ὑπάρχων,
3478 4904 3724 4961 ἐδίδασκε

2068 5005 2296 5074 πάντας,
2351 5001 2439 5056 καὶ
2496 4997 2586 5054 διὰ
2662 4997 3028 5074 παραινέσεως
3091 4992 3267 5050 ἔπειθε
3323 4996 3722 5070 προσέρχεσθαι

2066 5095 2136 5166 τῇ
2177 5091 2417 5164 ἀληθινῇ
2475 5089 2652 5143 πίστει
2710 5090 2806 5141 τοῦ
2861 5091 3123 5160 Σωτῆρος
3179 5087 3342 5157 ἡμῶν
3377 5084 3562 5154 Ἰησοῦ
3592 5085 3725 5156 Χρι-

2069 5185 2219 5238 στοῦ.
2253 5178 2558 5255 Κρατηθεὶς
2590 5173 2648 5231 δὲ
2678 5172 2766 5230 διὰ
2793 5177 2954 5230 τοῦτο
2983 5173 3131 5247 παρὰ
3167 5176 3264 5228 τοῦ
3314 5170 3583 5247 ἄρχοντος
3612 5175 3722 5227 τῶν

2069 5271 2281 5346 μάγων,
2339 5267 2428 5323 καὶ
2485 5265 2834 5340 ἀναγκασθεὶς
2893 5264 3224 5338 ἀρνήσασθαι
3290 5262 3385 5335 μὶν
3439 5262 3532 5317 τὸν
3591 5265 3728 5337 Χρι-

2070 5357 2217 5429 στὸν,
2251 5361 2624 5432 προσκυνῆσαι
2683 5351 2740 5409 δὲ
2790 5357 2869 5424 τῷ
2919 5351 3069 5424 ἡλίῳ
3125 5349 3215 5406 καὶ
3262 5355 3342 5423 τῷ
3380 5350 3512 5427 πυρὶ
3541 5354 3731 5424 (ταῦτα

2068 5447 2173 5523 γὰρ
2233 5447 2382 5521 εἶχον
2441 5445 2516 5506 ὡς
2574 5443 2728 5506 θεοὺς
2789 5443 2842 5498 οἳ
2897 5442 3140 5516 Ηέρσαι),
3205 5439 3295 5495 xui
3358 5441 3432 5514 μή
3465 5441 3729 5513 πεισθεὶς,

2067 5536 2323 5592 τύπτεται
2378 5534 2513 5590 κατὰ
2585 5540 2685 5604 τῆς
2753 5530 2992 5600 κοιλίας,
3064 5531 3153 5586 xui
3208 5535 3315 5586 τῶν
3373 5533 3523 5604 ψυῶν
3591 5531 3726 5604 μετὰ

2073 5621 2310 5703 ῥαϐδίων
2401 5624 2598 5701 ροῗνων
2683 5623 3078 5697 ἀκαθαρίστων.
3169 5620 3272 5677 Καὶ
3339 5619 3536 5690 οὕτως,
3618 5620 3725 5674 ἀπὸ

2070 5714 2284 5796 πρωίας
2309 5713 2418 5782 ἓως
2448 5708 2816 5792 μεσημϐρίας,
2873 5711 3232 5788 τυπτόμενος,
3289 5711 3378 5767 καὶ
3437 5708 3730 5786 τομωρού-
