4142 6442
384 396 471 458 33

402 556 602 610 μενος,
634 534 861 606 ἀπῆλθε
895 534 1314 612 βασταζόμενος
1371 535 1477 592 ὑπὸ
1535 534 1776 611 δημίων,
1814 535 1906 591 καὶ
1938 534 2088 607 ἐτέθη
2123 537 2173 605 Α

404 624 458 680 έν
493 629 577 697 τῷ
601 626 748 698 οἳκῳ
779 625 971 695 αὐτοῦ,
1029 624 1210 700 ὥσπερ
1270 626 1483 701 νεκρός.
1541 627 1641 681 Καὶ
1697 624 1833 699 μετᾶ
1892 625 2086 700 μικρὸν

412 713 723 791 παρέδωκε
745 721 828 788 τῷ
872 715 1059 790 Κυρίῳ
1103 716 1201 784 τήν
1256 716 1409 792 ἁγίαν
1465 717 1557 771 καὶ
1595 716 1864 791 μακαρίαν
1927 715 2092 770 αὐτοῦ

424 805 643 878 ψυχὴν,
683 802 897 877 χαίρων
928 803 1020 857 καὶ
1053 801 1472 876 ἀγαλλιώμενος
1533 803 1699 878 μέχρι
1757 808 1858 872 τῆς
1903 800 2096 858 τελευ-

421 892 593 956 ταὶας
618 891 929 958 ἀναπνοῆς,
959 891 1042 946 ’ὁτι
1104 891 1236 966 ὑπὲρ
1293 895 1391 946 τοῦ
1441 891 1706 966 ὀνόματος
1741 894 1839 947 τοῦ
1897 888 2096 964 Κυρίου

424 984 597 1052 ἡμῶν
678 983 864 1050 Ἰησοῦ
917 981 1152 1055 Χριστοῦ
1235 987 1577 1056 μαρτυρῆσαι
1631 981 1720 1036 καὶ
1803 981 2093 1044 ἀποθανεῖν

434 1076 683 1145 ἠξιώθη.
717 1073 864 1128 Μετά
895 1070 952 1128 δὲ
1005 1077 1193 1145 τοῦτο,
1252 1072 1314 1126 τὸ
1368 1071 1556 1144 τίμιον
1617 1071 1784 1126 αὐτοῦ
1841 1068 2098 1145 λείψανον

437 1160 708 1226 λαϐόντες
734 1163 879 1226 τινὶς
898 1167 1009 1218 τῶν
1039 1163 1403 1238 Χριστιανῶν,
1433 1161 1716 1226 κατέθεντο
1744 1159 1799 1216 έν
1844 1161 2022 1237 τάφῳ.

1049 1282 1129 1353 Τῇ
1153 1278 1291 1354 αὐτῇ
1315 1275 1502 1351 ἡμέρᾳ

548 1396 823 1470 Ἀθλησις
855 1401 963 1454 τῶν
1019 1396 1189 1472 ἁγίων
1245 1395 1535 1471 μαρτύρων
1567 1392 1848 1466 Θουθαὴλ,
1897 1393 1985 1449 καὶ

837 1483 1073 1550 Βαῦαίας
1101 1493 1203 1557 τῆς
1236 1484 1478 1566 ἀδελφῆς
1512 1484 1702 1541 αὐτοῦ.

517 1610 583 1666 Ὀ
643 1610 818 1684 ἅγιος,
877 1609 965 1663 καὶ
1049 1604 1367 1669 πολύαθλος
1431 1605 1636 1682 μάρτυς
1683 1608 1780 1660 τοῦ
1866 1600 2102 1680 Χριστοῦ

452 1697 738 1768 Θουθαήλ,
797 1697 887 1753 καὶ
947 1692 1220 1766 Βαϐαίαὴ
1280 1694 1492 1773 ἀδελφή
1550 1696 1738 1751 αὐτοῦ.
1789 1691 2101 1770 Χριστιανοὶ

447 1785 625 1856 ὄντες,
659 1787 750 1842 καὶ
796 1787 890 1843 τὸν
923 1785 1127 1860 Κύριον
1183 1788 1346 1858 ἡμῶν
1402 1786 1616 1854 Ἰησοῦν
1667 1783 1907 1859 Χριστὸν
1971 1781 2106 1856 μετὰ

446 1876 764 1953 παρρησίας
817 1874 1223 1952 ὁμολογοῦντες
1282 1875 1413 1930 Θεὸν
1494 1872 1759 1945 ἀληθινὸν
1811 1872 1968 1941 εἶναι,
2011 1872 2105 1927 καὶ
2139 1905 2182 1971 Β

451 1966 656 2040 Κύριον
733 1967 830 2019 τοῦ
888 1971 1091 2026 παντὸς
1173 1963 1404 2036 κόσμου,
1460 1962 1550 2017 καὶ
1610 1961 1957 2038 Δημιουργὸν
2015 1961 2106 2015 καὶ

450 2056 794 2130 προνοητήνο
853 2053 944 2108 καὶ
1003 2051 1249 2113 πολλοὺς
1315 2055 1424 2107 τῶν
1484 2049 1772 2122 Ἑλλήνων
1854 2051 1960 2106 ἀπὸ
2008 2052 2108 2120 τῆς

450 2143 672 2213 πλάνης
704 2146 811 2196 τῶν
867 2139 1112 2196 εἰδώλων
1173 2139 1607 2218 ἐπιστρέφοντες,
1667 2139 1757 2195 καὶ
1815 2139 1952 2215 πρὸς
2008 2139 2108 2208 τὴν

452 2232 730 2301 ἀληθινὴν
818 2231 996 2285 πίστιν
1066 2226 1478 2308 ἐπιστρέφοντες
1561 2229 1651 2284 καὶ
1733 2228 2107 2303 βαπτίζοντες,

453 2321 830 2397 ἐκρατήθησαν
913 2319 1060 2395 παρά
1127 2325 1238 2376 τῶν
1297 2313 1569 2374 δυσσεϐῶν
1653 2316 2106 2403 εἷ’δωλολατρῶν.

455 2412 556 2466 Καὶ
606 2411 674 2465 τά
732 2408 916 2465 πολλά
970 2411 1099 2484 παρ’
1156 2409 1334 2464 αὐτῶν
1387 2407 1686 2486 τυφθέντες,
1745 2409 1835 2463 καὶ
1892 2408 2108 2482 βασανι-

453 2501 691 2570 σθέντες,
717 2497 1028 2555 τελευταῖον
1061 2500 1089 2553 ὁ
1143 2498 1242 2572 μὶν
1300 2497 1451 2574 ἅγιος
1501 2497 1754 2567 Θουθαήλ
1795 2495 1884 2552 ἐπὶ
1939 2495 2105 2568 ξύλου

448 2588 804 2665 κρεμασθεὲς,
835 2589 926 2644 καὶ
959 2585 1131 2650 δεθεὶς
1180 2587 1410 2662 ἐσχίσθη
1470 2585 1548 2651 εἷς
1602 2587 1762 2660 μέσον
1826 2588 1960 2659 μετά
2020 2607 2106 2642 σι-

461 2678 639 2753 δηροῦ
667 2680 910 2755 πρίονος·
942 2679 1032 2733 καὶ
1092 2677 1238 2732 οὕτω
1296 2673 1579 2752 παρέδωκε
1623 2678 1723 2746 τήν
1782 2678 1990 2752 ψυχήν,
2040 2677 2103 2734 Ἦ

457 2767 515 2826 δὲ
549 2767 760 2848 ἀδελφή
792 2768 956 2823 αὐτοῦ
999 2762 1228 2833 Βαϐαία,
1286 2772 1638 2842 γυμνωθεῖσα
1668 2765 1958 2843 πρότερον,
2012 2765 2103 2821 καὶ

443 2864 715 2932 τος-,θεῖσα
772 2858 1037 2934 ἰσχυρῶς,
1110 2855 1200 2912 καὶ
1279 2857 1521 2928 ξεσθεῖσα
1599 2855 1795 2932 μέχρις
1879 2855 2100 2927 ὀστέων,

447 2949 681 3023 ὕστερον
743 2948 876 3022 μετὰ
919 2950 1018 3002 τοῦ
1095 2945 1389 3023 κονταρίου
1451 2947 1588 3002 κατᾶ
1633 2949 1729 3001 τοῦ
1809 2945 2102 3021 τραχήλου

448 3037 688 3112 πληγὴν
744 3035 1031 3111 δεξαμένη,
1111 3036 1500 3114 ἀποσφάζεται.
1582 3031 1998 3100 Τελειωθέντων
2044 3032 2103 3091 δὲ

450 3128 632 3191 οῧτως
716 3125 1062 3205 ἀμφοτέρων,
1118 3125 1185 3182 τὰ
1243 3127 1470 3200 σώματα
1525 3124 1701 3181 αὐτῶν
1777 3123 2102 3198 ἀνελόμενοι

445 3219 692 3293 εντίμως
723 3216 800 3280 είς
833 3213 987 3290 δόξαν
1007 3220 1105 3272 τοῦ
1136 3215 1334 3293 Κυρίου
1362 3219 1523 3290 ήμῶν
1551 3216 1736 3288 Ἰησοῦ
1765 3217 2026 3292 Χριστοῦ.

1022 3336 1202 3392 MHNI
1220 3333 1311 3412 Τῼ
1333 3337 1528 3414 arra.

1277 3450 1321 3519 ζ,

517 3571 584 3626 ἸΙ
619 3567 916 3644 ἀνάμνησιν
964 3568 1062 3622 τοῦ
1094 3564 1145 3620 έν
1178 3566 1395 3628 Χώναις
1452 3566 1728 3638 Θαύματος
1785 3569 1887 3620 τοῦ
1933 3586 2029 3640 με·

771 3654 947 3732 γάλου
977 3656 1422 3732 ἀρχιστρατήγου
1465 3657 1562 3709 τοῦ
1621 3651 1776 3712 Θεοῦ.

2131 3271 2176 3341 C

517 3777 610 3832 Ἐν
661 3778 732 3849 τῇ
786 3771 1101 3847 καλουμένῃ
1152 3776 1243 3827 νῦν
1303 3772 1398 3846 μὲν
1451 3774 1560 3826 τῶν
1634 3772 1832 3828 Χωνῶν
1913 3769 2098 3846 πόλει,

441 3866 714 3941 πρότερον
741 3862 799 3919 δὲ
855 3861 1253 3930 Κωλασσαέων,
1315 3861 1532 3936 ὑπῆρχε
1587 3860 1725 3934 ἀνήρ
1781 3881 1866 3923 τις
1925 3856 2100 3935 ὄνομα

442 3964 786 4030 ⁸Δρχιππος,
819 3947 1060 4022 εὐλαϐής
1092 3950 1183 4006 καὶ
1215 3944 1559 4024 φοϐούμενος
1605 3951 1696 4005 τὸν
1742 3950 1894 4006 Θεὸν.
1929 3951 2101 4014 Οὗτος

442 4044 950 4118 προσκαθεζόμενος
981 4041 1033 4096 ἐν
1057 4045 1135 4113 τῷ
1165 4037 1425 4112 ὕδατι,τῷ
1475 4037 1566 4094 διά
1619 4041 1718 4110 τῆς
1765 4038 2101 4114 ἐπισκέψεως

443 4139 543 4190 τοῦ
578 4132 824 4209 μεγάλου
855 4131 1307 4206 ἀρχιστρατήγου
1357 4123 1706 4206 ἀναϐρύοντι,
1736 4129 1825 4184 καὶ
1889 4126 1979 4184 διὰ
2033 4131 2102 4184 τὰ

443 4226 714 4300 γενόμενα
772 4223 860 4280 διὰ
915 4229 1016 4280 τοῦ
1101 4221 1298 4285 ὕδατος
1358 4221 1628 4296 θαύματα,
1686 4220 1934 4285 πολλοῦς
1988 4226 2098 4278 τῶν

441 4316 686 4371 ἀπίστων
745 4315 1079 4392 ἐπιστρέφων
1165 4312 1256 4367 καὶ
1337 4311 1638 4388 βαπτίζων,
1699 4310 1912 4382 ἐκίνησε
1961 4311 2098 4387 πρὸς

443 4407 647 4482 φθόνον
677 4403 806 4467 τοὺς
833 4401 1138 4473 Ἕλληνας,
1175 4403 1250 4474 μὴ
1303 4403 1565 4480 φέροντας
1594 4401 1815 4476 βλέπειν
1875 4401 1940 4455 τὰ
1994 4421 2098 4456 πα-

441 4492 644 4569 ράδοξα
673 4495 942 4566 Θαύματα.
981 4490 1288 4568 Βρύχοντες
1349 4491 1442 4544 οῦν
1495 4491 1623 4552 τοὺς
1683 4488 1908 4550 ὀδόντας
1966 4491 2102 4545 κατᾶ

436 4589 540 4639 τοῦ
577 4587 775 4638 σεπτοῦ
821 4582 1186 4657 ἁγιάσματος,
1244 4579 1335 4634 καὶ
1393 4584 1490 4634 τοῦ
1549 4578 1700 4634 ὁσίου
1757 4578 2100 4655 Ἀρχίππου,

438 4669 798 4748 συναχθέντες
827 4669 1022 4746 ἀπειρα
1053 4668 1268 4741 πλήθη,
1326 4668 1417 4724 καὶ
1478 4666 1738 4740 δήσαντες
1771 4665 1868 4724 δύο
1930 4669 2099 4744 μεγά-

439 4763 577 4823 λους
607 4759 912 4833 ποταμοὺς,
960 4758 1050 4814 καὶ
1108 4758 1355 4832 μίξαντες
1390 4755 1760 4833 ἀμφοτέρους,
1817 4754 2092 4812 ἀπέλυσαν

440 4851 646 4914 εὐθέως
673 4849 769 4905 τοῦ
797 4847 1160 4923 καταστρέψαι
1217 4847 1306 4902 τὸν
1365 4847 1517 4919 ναὸν,
1566 4845 1657 4901 καὶ
1708 4845 1772 4900 τὸ
1831 4845 2092 4920 ἁγίασμα,

435 4939 532 4997 καὶ
561 4941 654 4995 τὸν
685 4938 1026 5014 Ἄρχιππον.
1057 4939 1146 4999 Ὠς
1187 4933 1244 4991 δὲ
1273 4932 1504 5006 ἤκουσεν
1557 4936 1585 4990 ὁ
1617 4936 1942 5011 Ἄρχιππος
1995 4939 2094 4991 τοῦ

440 5032 700 5108 βρυγμοῦ
729 5033 835 5084 τῶν
895 5025 1126 5096 ὑδάτων,
1178 5025 1513 5101 παρεκάλεσε
1567 5026 1660 5081 τὸν
1720 5025 2094 5101 ἀρχιστράτη-

432 5142 535 5198 γον
596 5121 890 5195 βοηθῆσαι.
979 5119 1077 5174 Καὶ
1162 5113 1360 5180 εὐθέως
1439 5115 1624 5194 φανεὶς
1710 5109 1936 5191 ἔκρουσε
1990 5120 2090 5186 τὴν

430 5211 638 5285 πέτραν
673 5212 810 5284 μετά
837 5215 936 5279 τῆς
1002 5202 1226 5283 ῥάϐδου,
1288 5206 1355 5276 ἦς
1402 5211 1649 5281 κατεῖχε,
1681 5205 1768 5260 καὶ
1822 5204 2095 5281 ἐχώνευσε

428 5304 502 5357 τά
556 5299 724 5356 ὕδατα
783 5298 836 5354 έν
894 5299 1056 5372 αὐτῇ.
1145 5295 1253 5352 Καὶ
1311 5293 1522 5367 ἐκλήθη
1581 5295 1609 5350 ὁ
1693 5294 1863 5360 τόπος
1910 5290 2094 5352 ἔκτοτε

426 5395 635 5451 Χῶναι.

1026 5461 1112 5532 Τῇ
1137 5457 1278 5532 αὐτῇ
1310 5455 1496 5531 ἡμέρᾳ

530 5581 814 5653 ’Δθλησις
835 5581 948 5653 τῶν
977 5575 1145 5653 ἁγίων
1179 5573 1470 5653 μαρτύρων
1501 5571 1793 5653 Εὐδρξίου,
1849 5575 1986 5630 Ῥω-

754 5643 963 5727 μύλου,
1023 5643 1116 5704 καὶ
1145 5643 1532 5718 τῆς’συνοδίας
1566 5643 1769 5702 αὐτῶν.

485 5757 757 5836 Εύδόξιος
821 5755 851 5810 ὁ
907 5755 1010 5808 τοῦ
1089 5751 1331 5829 Χριστοῦ
1413 5748 1618 5824 μάρτυς
1692 5748 1940 5826 ὑπῆρχεν
1999 5746 2086 5806 ἐπὶ

1860 393 2349 462 SEPTEMBER.

3777 422 3857 482 34

2205 538 2455 594 Domino
2480 543 2748 598 sanctam
2795 541 3152 618 beatamque
3185 547 3448 608 animam
3476 568 3644 612 suam
3668 558 3859 614 tradi-

2202 627 2316 699 dit,
2347 645 2643 686 summam
2677 632 2863 688 animi
2896 633 2970 689 ad
3003 639 3332 694 extremum
3365 656 3557 712 usque
3581 645 3859 716 spiritum

2203 718 2596 789 praesel'erens
2628 719 2925 794 laatitiam,
2958 725 3116 796 quod
3165 726 3378 798 dignus
3410 729 3649 789 habitus
3681 741 3860 803 esset,

2208 807 2308 878 qui
2342 825 2447 876 pro
2478 810 2714 866 Domini
2756 814 2944 868 nostri
2975 814 3111 870 Jesu
3169 817 3385 874 Christi
3425 823 3669 879 nomine
3702 841 3860 880 mar-

2208 897 2427 969 tyrium
2465 904 2838 972 mortemque
2894 902 3140 959 subiret.
3199 907 3339 963 Post
3385 907 3510 965 haec
3567 913 3861 984 pretiosas

2209 987 2338 1059 ejus
2404 987 2690 1061 reliquias
2765 992 3084 1051 Christiani
3145 996 3528 1071 accipientes,
3584 1004 3858 1076 sepulcro

2210 1075 2549 1134 condidere.

2849 1263 3073 1322 Eodem
3123 1265 3216 1323 die

2208 1373 2310 1430 18
2343 1374 2632 1433 Certamen
2669 1386 2986 1438 sanctorum
3043 1391 3350 1455 martyrum
3412 1389 3750 1460 Thuthaelis,
3808 1398 3862 1448 et

2707 1471 2920 1528 Babzae
2973 1477 3176 1532 sororis
3221 1478 3360 1547 ejus.

2281 1581 3004 1660 Sanctus,multorumque
3030 1592 3426 1650 certaminum
3455 1595 3674 1651 Christi
3705 1614 3863 1654 mar-

2212 1673 2305 1740 tyr
2332 1672 2642 1741 Thuthael,
2676 1676 3006 1750 Babmaque
3021 1681 3149 1753 ejus
3172 1700 3360 1753 soror,
3378 1702 3515 1740 cum
3541 1686 3861 1744 Christiani

2215 1765 2436 1828 essent,
2469 1767 2529 1817 et
2560 1779 2793 1822 summa
2822 1766 3061 1824 dicendi
3091 1770 3366 1829 libertate
3401 1778 3722 1835 Dominum
3754 1796 3860 1836 no-

2219 1851 2405 1904 strum
2432 1852 2630 1907 Iesum
2668 1855 2968 1913 Christum
3002 1875 3132 1916 esse
3162 1878 3364 1918 verum
3396 1867 3581 1922 Deum
3620 1869 3861 1924 mundi-

2215 1957 2329 2010 que
2354 1942 2533 1999 totius
2559 1945 2898 2016 Dominum,
2934 1955 3260 2007 creatorem
3285 1959 3344 2009 et
3377 1957 3859 2029 gubernatorem,

2215 2033 2659 2104 proﬁterentur,
2695 2038 3043 2109 Graecosque
3069 2041 3290 2098 multos
3323 2044 3396 2098 ab
3438 2045 3736 2103 idolorum
3769 2065 3863 2104 er—

2214 2138 2347 2176 rore
2379 2122 2663 2179 abductos
2694 2126 2768 2181 ad
2799 2143 2997 2182 veram
3031 2129 3210 2184 ﬁdem
3243 2132 3624 2189 traducerent
3661 2141 3720 2190 et
3746 2136 3861 2192 ba-

2214 2210 2506 2280 ptizarent
2529 2228 2543 2277 ;
2567 2214 2783 2268 retenti
2806 2215 3537 2288 abimpiisidololatris,ab
3553 2223 3625 2277 iis
3638 2225 3862 2296 gravis-

2215 2298 2361 2354 sime
2389 2300 2879 2375 caesi,multisque
2904 2309 3216 2364 tormentis
3234 2311 3421 2365 vexati
3436 2315 3863 2370 sunt.Tandem

2212 2390 2502 2447 Thuthael
2524 2391 2586 2447 in
2619 2393 2779 2466 ligno
2813 2412 3162 2467 suspensus,
3195 2404 3254 2454 et
3281 2400 3534 2470 vinctus,
3568 2419 3731 2460 serra
3752 2404 3864 2460 fer-

2211 2496 2315 2536 rea
2344 2485 2579 2536 secatur
2607 2483 3046 2556 medius,atque
3077 2487 3159 2544 ita
3187 2489 3453 2546 animam
3477 2492 3691 2548 emisit.
3722 2495 3864 2566 Ejus

2212 2574 2411 2625 autem
2443 2588 2612 2627 soror
2644 2572 2853 2630 Babaaa
2871 2576 3131 2646 primum
3164 2578 3732 2653 nudata,ﬂagrisque
3755 2583 3864 2638 du-

2210 2659 2446 2716 rissime
2479 2679 2652 2733 caasa,
2687 2669 2812 2720 tum
2845 2666 3072 2738 scalpta
3101 2685 3289 2741 usque
3321 2671 3392 2727 ad
3421 2689 3577 2742 ossa,
3602 2673 3862 2746 denique

2210 2749 2414 2805 hastili
2464 2751 2528 2806 in
2583 2754 2810 2811 cervice
2871 2773 3174 2828 percussa,
3217 2759 3548 2832 jugulatur.
3597 2764 3862 2828 Quorum

2210 2856 2460 2912 corpora
2484 2842 2584 2912 qui
2611 2843 2684 2898 ab
2721 2844 2805 2900 eis
2836 2846 3232 2903 Christianam
3256 2849 3434 2905 ﬁdem
3463 2851 3654 2907 edocti
3670 2859 3860 2923 erant,

2210 2926 2440 2982 occulte
2474 2926 2733 2997 sublata,
2767 2932 3135 3004 sepelierunt
3162 2935 3492 2994 honorifice
3523 2939 3860 3012 adgloriam

2208 3014 2445 3073 Domini
2487 3019 2677 3076 nostri
2708 3021 2846 3078 Jesu
2877 3023 3114 3079 Christi.

2754 3196 2996 3255 EODEM
3049 3200 3193 3258 MEN
3200 3201 3302 3259 SE.

2884 3313 2990 3371 Die
3022 3321 3189 3374 sexta

2206 3422 2309 3481 19
2340 3427 2603 3484 Memoria
2647 3430 2908 3487 miraculi
2962 3432 3116 3503 apud
3165 3433 3382 3492 Chonas
3429 3452 3465 3492 a
3512 3453 3712 3507 magno
3759 3439 3859 3495 Dei

2744 3520 3143 3591 archistratego
3187 3524 3328 3579 editi

2277 3629 2345 3684 In
2377 3647 2447 3687 ea
2476 3631 2642 3704 urbe,
2668 3651 2799 3706 quae
2825 3651 2986 3691 nunc
3015 3635 3406 3707 Chonao,olim
3434 3645 3634 3697 autem
3656 3642 3860 3699 Colas-

2207 3732 2271 3771 sa
2301 3715 2631 3790 dicebatur,
2665 3722 2750 3777 vir
2781 3723 3027 3794 quidam
3085 3724 3219 3798 pius
3274 3742 3343 3782 ac
3401 3728 3621 3785 timens
3648 3731 3856 3802 Deum,

2207 3806 2450 3862 nomine
2485 3807 2840 3881 Archippus,
2899 3810 3206 3867 habitabat
3264 3813 3421 3885 apud
3475 3831 3611 3871 eum
3643 3817 3864 3887 locum,

2209 3893 2368 3950 unde
2398 3895 2596 3968 magni
2632 3896 3040 3972 archistrategi
3069 3916 3250 3972 opera
3280 3908 3634 3958 emanarant
3655 3920 3826 3976 aquae
3851 3919 3866 3960 :

2209 3986 2310 4043 ubi
2345 4005 2480 4044 cum
2513 3989 2867 4060 innumeris,
2919 4009 3051 4063 quae
3104 4010 3210 4065 per
3256 4011 3478 4066 aquam
3511 3995 3864 4064 edebantur,

2208 4078 2517 4136 miraculis
2548 4081 2766 4136 multos
2789 4081 3066 4138 infideles
3093 4090 3466 4141 converteret
3511 4103 3578 4141 ac
3600 4085 3861 4158 baptiza-

2212 4172 2322 4234 ret,
2342 4168 2678 4224 Grmcorum
2713 4167 2992 4224 invidiam
3019 4171 3354 4240 concitavit,
3393 4188 3513 4227 non
3539 4173 3862 4228 ferentium

2209 4255 2560 4310 admiranda
2583 4255 2686 4310 illa
2699 4255 3456 4328 prodigiavidere.lmmani
3480 4259 3680 4331 itaque
3696 4259 3861 4314 rabie

2210 4344 2272 4398 in
2287 4343 2598 4400 lustralem
2621 4351 2928 4415 aquam,et
2948 4351 3220 4402 sanctum
3242 4347 3862 4420 Archippuminﬂam-

2208 4435 2586 4502 mati,coacta
2618 4434 2933 4489 innumera
2963 4451 3278 4507 operarum
3302 4435 3864 4508 manu,duobusque

2207 4525 2439 4594 magnis
2466 4524 2527 4579 in
2560 4539 2747 4579 unum
2792 4523 3101 4580 corrivatis
3154 4524 3528 4594 ﬂuminibus,
3591 4525 3862 4597 rapidam

2209 4613 2450 4670 ﬂuentis
2480 4630 2649 4686 aqum
2665 4614 2961 4670 molemin
2993 4632 3133 4671 eum
3158 4615 3357 4671 locum
3388 4615 3862 4685 immiserunt,ut

2208 4708 2498 4780 templum
2530 4707 2732 4774 simul,
2757 4712 2816 4764 et
2844 4708 3154 4764 lustralem
3185 4708 3351 4765 illam
3383 4726 3620 4781 aquam,
3655 4713 3715 4765 et
3743 4711 3860 4763 Ar-

2207 4798 2491 4869 chippum
2513 4796 2936 4854 convellerent.
2973 4797 3044 4852 Ut
3095 4814 3230 4853 vero
3289 4798 3480 4854 sensit
3525 4798 3861 4870 Archippus

2208 4886 2491 4943 irruentis
2523 4903 2693 4958 aqua)
2724 4903 3020 4956 murmur,
3052 4885 3397 4959 imploravit
3451 4885 3864 4959 archistrategi

2207 4977 2535 5032 auxilium:
2570 4975 2671 5048 qui
2704 4977 2904 5032 statim
2937 4975 3146 5045 adfuit,
3181 4981 3241 5032 et
3297 4977 3476 5050 virga,
3512 4993 3691 5048 quam
3739 4993 3862 5048 prm

2207 5065 2486 5122 manibus
2519 5063 2796 5134 habebat,
2831 5080 3114 5136 percussa
3143 5071 3334 5138 petra,
3357 5065 3674 5138 repentino
3697 5065 3861 5136 ejus-

2205 5155 2342 5212 dem
2373 5159 2557 5228 petraa
2581 5155 2748 5210 hiatu
2793 5171 2978 5227 aquas
3011 5155 3211 5211 obruit
3256 5172 3269 5211 :
3303 5161 3364 5213 et
3392 5173 3463 5214 ex
3490 5173 3558 5212 eo
3592 5160 3859 5226 tempore

2206 5245 2374 5302 locus
2404 5244 2507 5300 ille
2539 5243 2758 5303 Chonas
2789 5249 3034 5301 vocatus
3067 5248 3175 5302 est.

2853 5389 3076 5446 Eodem
3120 5389 3216 5446 die

2205 5509 2310 5566 20
2342 5508 2626 5566 Certamen
2658 5512 2978 5564 sanctorum
3006 5512 3311 5574 martyrum
3333 5501 3596 5571 Eudoxii,
3614 5503 3856 5572 Romuli,

2845 5601 2897 5652 et
2924 5599 3212 5653 sociorum.

2275 5742 2578 5801 Eudoxius
2609 5740 2831 5800 Christi
2861 5743 3088 5811 martyr
3141 5736 3394 5810 Trajano
3453 5737 3857 5797 Romanorum
