4142 6458
327 429 403 489 35

1599 414 2040 481 MENOLOGII
2084 414 2282 478 PARS
2327 416 2377 476 Ι.

3666 415 3745 477 36

326 560 690 631 imperatore
722 571 922 614 comes
948 555 1156 613 ordine
1204 554 1334 624 fuit,
1369 552 1693 624 multisque
1719 551 1932 607 militui

2044 549 2370 639 ιΤραϊανοῦ
2431 545 2703 622 βασιλέως
2782 545 3095 619 Ῥωμαίων,
3152 547 3335 620 κόμης
3406 547 3506 616 τὴν
3562 547 3737 619 τάξιν.

327 649 595 706 millibus
628 649 689 704 in
717 648 906 704 Gallia
934 644 1563 719 imperavitllomulus
1595 638 1983 710 autem,aulm‘

321 739 721 812 imperatoriae
744 738 1335 812 praepositus,auctor
1349 736 1462 791 fuit
1492 735 1686 791 eidem
1700 735 1976 807 Trajano,

319 835 387 886 ut
412 831 475 886 in
497 830 749 887 Galliam
783 828 1177 900 mitteret,qui
1210 826 1579 883 Christianos
1607 825 1830 880 milites
1862 823 1976 879 diis

317 919 637 976 immolare
674 920 1121 991 compellerent.
1148 919 1270 984 Quo
1293 921 1555 989 peracto,
1590 931 1723 971 cum
1752 914 1975 969 milites

318 1010 397 1065 ad
428 1010 487 1065 id
516 1009 859 1066 faciendum
913 1008 1115 1064 induci
1168 1007 1509 1078 nequirent,
1544 1006 1607 1060 in
1647 1004 1973 1060 Melitinam

316 1100 613 1155 Armeniae
642 1100 851 1155 urbem
885 1098 1130 1171 relegati
1161 1101 1318 1153 sunt.
1355 1098 1494 1151 Post
1535 1096 1661 1150 huic
1682 1094 1971 1150 Romulus

311 1190 663 1261 pmnitentia
689 1189 926 1255 ductus,
956 1204 1091 1243 cum
1146 1187 1207 1241 in
1264 1186 1563 1241 Christum
1594 1183 1967 1251 credidisset,

307 1280 433 1352 Traj
446 1295 746 1350 anumque
772 1276 1365 1350 objurgasset,capitc
1387 1274 1597 1346 plexus
1613 1278 1717 1329 est.
1744 1271 1967 1327 Deinde

308 1385 445 1423 cum
478 1369 730 1440 imperio
752 1368 977 1440 potitus
1020 1371 1177 1421 esset
1206 1364 1616 1431 Maximianus,
1650 1362 1963 1419 edixisset-

308 1474 421 1528 que
451 1458 821 1513 Christianos
852 1456 1130 1525 interﬁci,
1165 1454 1468 1509 mandavit
1499 1470 1604 1524 per
1635 1452 1865 1507 litteras
1909 1455 1968 1505 et

306 1547 587 1602 Melitinae
621 1547 922 1619 praefecto,
953 1551 1021 1601 ut
1053 1544 1269 1600 Christi
1323 1543 1583 1599 cultores
1642 1540 1961 1597 occideret.

309 1637 497 1702 Quare
520 1636 851 1691 Eudoxium
883 1636 1186 1702 comitem,
1221 1633 1470 1706 ejusque
1517 1632 1711 1687 socios
1738 1630 1960 1686 milites

306 1725 1133 1798 comprehensos,quodidola
1163 1724 1411 1779 adorare
1441 1720 1960 1792 nollent,primum

301 1815 544 1887 quidem
576 1815 778 1871 multis
837 1813 1145 1886 suppliciis
1199 1812 1445 1880 vexavit,
1479 1811 1721 1867 demum
1764 1808 1956 1880 capite

299 1904 689 1962 obtruncavit.

940 2177 1165 2234 Eodem
1212 2175 1307 2231 die

297 2298 393 2353 2|
450 2296 734 2352 Certamen
780 2301 1100 2351 sanctorum
1152 2293 1346 2347 Fausti
1394 2290 1725 2361 presbyteri,
1777 2285 1948 2343 Abibi

822 2387 1045 2442 diaconi
1069 2391 1123 2440 et
1150 2385 1440 2440 sociorum.

369 2504 567 2559 Sancti
600 2508 894 2575 martyres
925 2504 1175 2557 Faustus
1207 2505 1267 2555 et
1290 2495 1723 2565 Abibus,Decio
1744 2494 1939 2566 impe-

283 2597 504 2661 ratore,
536 2593 632 2648 hic
652 2592 961 2659 diaconus,
996 2590 1098 2645 ille
1156 2589 1467 2661 presbyter
1499 2583 1775 2642 Ecclesiae
1799 2582 1936 2638 Ale-

280 2682 591 2737 xandrinae
622 2681 1009 2751 fuerunt,quo
1042 2685 1308 2750 tempore
1341 2683 1401 2731 et
1420 2675 1713 2731 Fabianus
1736 2675 1934 2728 Romae

286 2771 647 2842 patriarcha,
707 2775 766 2826 et
817 2768 1152 2825 Alexander
1203 2764 1771 2837 Hierosolymorum,
1825 2778 1933 2833 pro

280 2861 513 2917 Christo
546 2861 899 2932 martyrium
924 2859 1179 2914 subiere.
1202 2855 1435 2913 Retenti
1458 2855 1637 2928 igitur
1661 2852 1733 2908 ab
1756 2851 1933 2907 Alex-

275 2951 499 3005 andria)
532 2950 833 3021 praefecto,
858 2948 1228 3020 graviterque
1257 2945 1417 3012 torti,
1450 2942 1608 3015 quod
1635 2959 1668 2997 a
1698 2941 1930 2997 Christo

272 3039 527 3094 deﬁcere
557 3038 881 3105 nollent,in
916 3053 1219 3093 carcerem
1236 3034 1928 3101 truduntur.Rursusque

271 3129 411 3185 inde
447 3130 666 3199 educti,
701 3128 1144 3200 compelluntur
1168 3142 1338 3182 sacra
1368 3124 1544 3179 idolis
1567 3122 1781 3178 facere.
1814 3119 1927 3175 Sed

269 3223 501 3275 tantum
532 3218 815 3288 abfuit,ut
843 3217 916 3273 ad
941 3217 1001 3273 id
1023 3215 1368 3272 faciendum
1399 3212 1665 3269 animum
1680 3209 1926 3265 induce-

2084 637 2272 693 Ἔχων
2307 634 2365 691 δὲ
2397 636 2487 710 ὑφ’
2533 635 2725 691 ἑαυτοῦ
2782 637 3118 710 στρατιώτας
3179 636 3432 712 μυρίους,
3490 638 3581 691 καὶ
3639 657 3736 712 χι-

2084 723 2263 796 λίους,
2297 719 2563 801 διέτριϐεν
2592 723 2645 781 ἐν
2677 724 2888 798 Γαλλίᾳ
2911 729 2979 799 τῇ
3037 725 3217 801 χώρᾳ.
3251 725 3538 800 Ῥωμύλος
3595 723 3654 781 δὲ
3705 726 3734 782 6

2080 816 2446 891 πραιπόσιτος
2525 819 2625 870 τοῦ
2714 813 2985 888 βασιλέως
3069 809 3484 870 συνεϐούλευσεν
3582 817 3732 888 αὐτῷ

2079 902 2402 960 ἀποστεῖλαι
2431 904 2507 966 εἲς
2537 905 2637 972 τήν
2674 901 2909 959 Γαλλίαν
2972 904 3186 980 χώραν,
3245 902 3337 959 καῖ
3391 906 3733 981 καταναγκά-ο

2077 1015 2164 1048 σαι
2194 993 2321 1056 τοὺς
2353 995 2709 1070 στρατιώτας,
2741 991 3103 1067 Χριστιανοὺς
3160 988 3343 1065 ὄντας,
3402 999 3556 1060 θῦσαι
3610 1000 3731 1059 τοῖς

2076 1083 2239 1148 Θεοῖς.
2275 1086 2379 1139 Καὶ
2411 1081 2609 1139 τούτου
2636 1083 2954 1158 γενομένου,
3017 1082 3117 1138 οὑκ
3172 1081 3499 1155 ἐπείσθησαν
3549 1086 3728 1140 θῦσαιο

2072 1171 2164 1226 καὶ
2197 1170 2286 1227 διὰ
2312 1172 2475 1228 τοῦτο
2506 1170 2873 1247 έξωρίσθησαν
2919 1170 2997 1236 είς
3054 1168 3351 1242 Μελιτινήν
3406 1172 3571 1229 πόλιν
3627 1177 3728 1239 τῆς

2076 1260 2393 1337 Ἀρμενίας.
2479 1262 2607 1318 Εἶτα
2665 1259 3070 1335 μεταμεληθεὶς
3157 1263 3185 1317 6
3243 1261 3553 1336 Ῥωμύλος,
3636 1262 3729 1318 καὶ

2073 1351 2471 1424 πιστεύσαςτῷ
2527 1354 2769 1427 Χριστῷ,
2823 1350 2913 1405 καὶ
2970 1349 3063 1406 τὸν
3122 1352 3395 1427 Τραϊανὸν
3479 1351 3728 1428 ἐλέγξας,

2071 1440 2503 1518 άπεκεφαλίσθη.
2537 1440 2691 1497 Μετὰ
2747 1436 2805 1496 δὲ
2855 1443 3021 1495 ταῦτα
3079 1442 3353 1518 κρατήσας
3402 1448 3504 1511 τῆς
3566 1442 3723 1518 βασι-

2071 1528 2227 1592 λείας
2310 1529 2671 1603 Μαξιμιανὸς,
2728 1530 2816 1584 καὶ
2877 1526 3139 1592 κελεύσας
3224 1530 3539 1603 φονεύεσθαι
3598 1533 3723 1595 τοὺς

2068 1618 2456 1694 Χριστιανοὺς,
2490 1619 2785 1692 προσέταξε
2837 1615 2927 1674 διὰ
2983 1619 3326 1695 γραμμάτιον
3368 1620 3461 1675 καὶ
3514 1625 3596 1693 τῷ
3623 1628 3727 1691 τῆς

2067 1706 2368 1777 Μελιτινῆς
2400 1706 2631 1784 ἄρχοντι
2662 1707 2791 1770 τοὺς
2844 1708 2936 1763 τὸν
2998 1709 3231 1782 Χριστὸν
3282 1714 3724 1785 προσκυνοῦντας

2062 1795 2297 1855 ἀνελεῖν.
2329 1799 2490 1855 Ὅθεν
2552 1799 2826 1873 κρατήσας
2885 1794 3144 1868 Εὑδόξιον
3174 1798 3266 1853 τὸν
3324 1800 3567 1872 κόμητα,
3626 1799 3716 1855 καὶ

2016 1932 2025 1964 ί
2059 1887 2188 1949 τοὺς
2218 1886 2310 1942 σὺν
2344 1886 2491 1960 αὐτῷ
2524 1888 2878 1962 στρατιώτας,
2936 1887 3028 1942 καὶ
3086 1887 3492 1964 καταναγκάσας
3543 1909 3715 1962 προσ-

1979 1945 2026 2011 B
2055 1945 2283 2042 κυνῆσαι
2314 1982 2433 2039 τοῖς
2464 1945 2745 2047 είδώιλοις,
2778 1945 2878 2031 καί
2905 1977 2980 2050 μή
3032 1975 3242 2050 πείσας,
3296 1945 3490 2033 ⁸ίτολλιῖί
3541 1945 3708 2053 βάσα-

2053 2086 2080 2120 ν
2093 2064 2207 2131 ίσας
2236 2064 2649 2144 ἀπεκεφάλισεν.

2640 2176 2717 2249 τῇ
2749 2173 2889 2247 αὐτῇ
2920 2171 3103 2247 ἡμέρᾳ

2194 2279 2464 2352 ’Δθλησις
2510 2284 2618 2335 τῶν
2665 2279 2832 2358 άγίων
2868 2280 3119 2337 Φαύστου
3167 2277 3557 2357 πρεσϐυτέρου,

2229 2365 2454 2427 Ἀϐίϐου
2486 2366 2760 2442 διακόνου,
2791 2370 2882 2426 καὶ
2912 2377 3011 2442 τῆς
3042 2368 3289 2434 συνοδίας
3321 2372 3520 2433 αὑτῶν.

2119 2479 2183 2533 Ol
2213 2479 2358 2555 ἅγιοι
2386 2480 2652 2554 μάρτυρες
2700 2482 2972 2550 Φαῦστος,
3031 2478 3122 2533 καὶ
3176 2474 3408 2543 ’Δϐιϐος
3443 2480 3697 2558 ὑπῆρχον

2045 2567 2135 2623 ἐπὶ
2163 2574 2266 2638 τῆς
2302 2568 2587 2644 βασιΛείας
2618 2568 2832 2639 Δεκίου,
2890 2569 2919 2624 ὁ
2956 2568 3051 2641 μὶν
3110 2565 3498 2644 πρεσϐύτερος,
3553 2571 3582 2624 6
3640 2567 3699 2626 δὲ

2044 2653 2296 2720 διάκονος
2353 2664 2455 2728 τῆς
2508 2655 2845 2728 Ἐκκλησίας
2906 2654 3337 2732 Ἀλεξανδρείας.
3410 2659 3539 2716 ⁴Οτε
3607 2657 3698 2713 καὶ

2043 2742 2321 2809 Φαϐιανὸς
2382 2747 2410 2801 6
2466 2747 2818 2822 πατριάρχης
2872 2743 3118 2820 Ῥώμης,
3188 2745 3278 2802 καὶ
3338 2744 3700 2823 Ἀλέξανδρος

2039 2835 2442 2909 Ἱεροσολύμων
2503 2835 2636 2911 ὑπὲρ
2698 2839 2941 2911 Χριστοῦ
3026 2835 3431 2913 ἐμαρτύρησαν.
3480 2841 3697 2909 Κρατη-

2040 2923 2218 2988 θέντες
2279 2922 2337 2979 δὶ
2414 2924 2563 2998 παρὰ
2634 2928 2733 2978 τοῦ
2809 2930 2909 2994 τῆς
2984 2924 3202 2987 πόλεως
3289 2922 3699 3000 Ἀλεξανδρείας

2039 3012 2331 3089 ἃρχοντος,
2407 3012 2498 3067 καὶ
2546 3010 2738 3069 πολλὰ
2799 3011 3227 3090 βασανισθέντες,
3314 3011 3404 3068 διὰ
3473 3014 3535 3070 τὸ
3614 3015 3693 3089 μὴ

2034 3101 2369 3175 ἀρνήσασθαι
2399 3101 2491 3157 τὸν
2526 3103 2790 3178 Χριστὸν,
2846 3100 2926 3166 εἷς
2982 3099 3233 3181 φυλακὴν
3290 3098 3690 3175 ένεϐΛήθησαν.

2035 3190 2133 3246 Καὶ
2193 3189 2360 3247 πάλιν
2416 3186 2772 3264 ἐκϐληθέντες
2822 3193 3291 3266 κατηναγκάζοντο
3368 3191 3512 3257 θύειν
3569 3198 3688 3258 τοῖς

267 3314 423 3375 rent,
463 3313 529 3363 ut
554 3278 904 3379 prmfectum
958 3306 1140 3361 etiam
1171 3303 1618 3376 redarguerent,
1651 3305 1711 3355 et
1734 3298 1923 3354 idolo-

2044 3279 2309 3379 εἰδώλοις.
2362 3283 2453 3352 Μή
2514 3282 2820 3344 πεισθέντες
2869 3278 2955 3379 δὲ,
3006 3279 3153 3337 ἀλλὰ
3215 3282 3306 3337 καὶ
3382 3279 3691 3357 ἐλέγξαντες

266 3415 401 3455 rum
432 3415 698 3455 errorem
728 3398 1171 3467 vanitatemque
1203 3396 1678 3451 contemnerent.
1713 3391 1926 3456 Quam-

266 3490 470 3546 obrem
484 3491 706 3546 sanctis
721 3491 860 3545 viris
877 3504 1126 3544 numero
1150 3486 1437 3542 tredecim
1455 3484 1716 3540 abscissa
1728 3481 1923 3552 capita

2031 3372 2124 3426 τὸν
2157 3367 2419 3446 ἄρχοντα,
2451 3369 2542 3426 καὶ
2572 3372 2673 3440 τὴν
2704 3373 2814 3426 τῶν
2874 3366 3125 3426 εΐδώλων
3181 3368 3398 3442 πλάνην
3427 3371 3518 3427 καὶ
3583 3394 3689 3446 μα-

2027 3459 2290 3529 ταιότητα
2347 3459 2719 3533 ἆτιμάσαντει,
2777 3459 2873 3524 τὰς
2954 3458 3193 3538 κεφαλὰς
3269 3460 3684 3534 ἀπετμήθησαν,

266 3545 426 3635 sunt.
602 3545 822 3635 sanctas
849 3579 1091 3634 illorum
1110 3577 1325 3632 animae
1347 3574 1562 3630 Christi
1594 3572 1698 3627 Dei
1729 3545 1919 3627 nostri

2044 3549 2116 3605 τὸν
2161 3548 2395 3625 ἀριθμὸν
2460 3548 2801 3626 ὑπάρχοντες
2858 3545 2986 3606 δέκα
3041 3549 3131 3605 καὶ
3188 3555 3359 3625 τρεῖς.
3421 3551 3530 3607 Καὶ
3587 3552 3683 3614 τὰς

261 3669 539 3724 manibus
572 3667 1138 3737 commendatae,pro
1162 3664 1336 3720 nobis
1358 3661 1915 3717 Christianisinces-

264 3763 465 3814 santer
520 3756 919 3823 intercedunt,
999 3760 1057 3810 et
1125 3751 1403 3808 ﬁdelibus
1461 3748 1918 3821 imperatoribus

259 3847 481 3903 nostris
512 3845 793 3900 adversus
836 3844 1115 3899 inimicos
1177 3842 1361 3897 robur
1407 3856 1476 3895 ac
1506 3839 1657 3894 vires
1691 3837 1920 3894 addunt

260 3937 333 3993 ad
363 3936 616 4009 gloriam
645 3933 884 4003 Christi,
918 3950 1025 4005 pro
1062 3948 1178 4003 quo
1214 3928 1569 4002 sanguinem
1610 3926 1915 3982 fuderunt.

825 4131 1067 4187 EODEM
1107 4129 1358 4185 MENSE.

904 4219 1010 4275 Die
1042 4218 1297 4290 septima

474 4338 575 4396 22
607 4338 891 4394 Certamen
922 4336 1102 4393 sancti
1132 4335 1396 4405 martyris
1423 4335 1691 4391 Sozontis.

330 4430 513 4485 Sozon
544 4432 789 4500 martyr,
822 4444 892 4483 ex
945 4426 1187 4498 regione
1232 4424 1421 4496 Lycia
1451 4423 1743 4479 oriundus
1772 4421 1906 4478 fuit.

256 4522 402 4575 Cum
433 4524 632 4575 autem
653 4517 976 4590 aliquando
1009 4516 1071 4571 in
1121 4532 1410 4587 quercum
1439 4515 1742 4587 ingentem
1764 4512 1909 4569 inci-

2030 3640 2124 3712 μὲν
2160 3638 2313 3714 ἁγίας
2363 3637 2539 3694 αὑτῶν
2585 3638 2766 3713 ψυχὰς
2821 3638 3113 3716 παρέθεντο
3168 3637 3244 3702 εἷς
3310 3644 3503 3717 χεῖρας
3546 3646 3682 3715 Χρι-

2027 3732 2157 3783 στοῦ
2186 3732 2284 3783 τοῦ
2324 3731 2459 3783 Θεοῦ
2490 3730 2677 3801 ἡμῶν.
2737 3728 2897 3804 Ὑπὲρ
2949 3725 3006 3783 δὲ
3064 3731 3227 3802 ἡμῶν
3254 3732 3364 3784 τῶν
3414 3734 3682 3807 Χριστια-

2026 3821 2133 3872 νῶν
2193 3816 2624 3880 άκαταπαύστως
2684 3813 3069 3891 πρεσϐεύουσι,
3124 3816 3216 3872 καὶ
3273 3816 3404 3881 τοὺς
3459 3817 3684 3882 πιστοὺς

2030 3904 2276 3983 βασιλεῖς
2304 3908 2466 3978 ἡμῶν
2495 3905 2632 3961 κατά
2657 3910 2768 3961 τῶν
2795 3903 3087 3980 πολεμίων
3122 3904 3370 3982 ἰσχυρῶς
3394 3906 3685 3985 ένισχύου-

2025 4017 2131 4066 σιν,
2166 3995 2243 4058 εἷς
2276 3992 2430 4069 δόξαν
2467 3997 2731 4071 Χριστοῦ,
2764 3992 2834 4050 δι’
2865 3991 2923 4051 ὄν
2954 3996 3017 4051 τὸ
3049 3998 3189 4070 αἷμα
3218 3990 3461 4072 ἐξέχεαν.

2595 4131 2775 4188 MHNI
2792 4133 2882 4210 Τῼ
2903 4134 3104 4211 ΑΥΤῼ.

2808 4222 2864 4273 Ζ.

2200 4316 2268 4373 Ἀ
2284 4311 2485 4387 θλησις
2519 4317 2622 4370 τοῦ
2669 4313 2828 4390 ἁγίου
2876 4315 3152 4391 μάρτυρος
3184 4318 3496 4387 Σώζοντος.

2094 4432 2317 4506 Μάρτυς
2349 4430 2377 4485 6
2410 4431 2614 4500 Σώζων
2651 4430 2897 4508 ὑπῆρχεν
2932 4429 2993 4487 ἐκ
3041 4434 3143 4498 τῆς
3201 4434 3391 4509 χώρας
3444 4431 3671 4505 Λυκίας,

2015 4520 2229 4594 ποιμήν
2260 4514 2553 4595 προϐάτων
2583 4519 2895 4596 γενόμενος.
2944 4520 3232 4586 Ἀπελθὼν
3289 4520 3348 4578 δέ
3404 4543 3538 4579 ποτε
3598 4522 3676 4586 είς

259 4609 464 4675 disset,
518 4607 676 4679 apud
728 4623 908 4679 quam
965 4611 1093 4661 erat
1166 4622 1343 4677 aqua,
1398 4603 1906 4676 appendissetque

2044 4613 2145 4684 ρῦν
2201 4607 2465 4685 μεγάλην,
2522 4607 2647 4665 ἔνθα
2702 4610 2769 4679 ἦν
2856 4608 3027 4686 ὕδωρ,
3077 4611 3365 4684 ἀπέλιπεν,
3424 4613 3475 4668 ἐν
3534 4612 3671 4687 αὐτῇ

254 4699 327 4754 de
359 4678 573 4753 arbore
603 4702 722 4752 tres
756 4697 999 4769 sagittas
1031 4700 1090 4750 et
1120 4711 1347 4761 arcum,
1382 4694 1473 4749 sui
1504 4693 1693 4766 ipsius
1708 4692 1904 4749 moni-

2044 4704 2166 4775 ερεῖς
2196 4698 2414 4774 σαγίτας
2461 4698 2550 4755 καὶ
2599 4699 2664 4755 τὸ
2719 4678 2876 4771 τόξον
2934 4678 3097 4756 αὑτοῦ
3152 4701 3230 4765 εἷς
3292 4678 3669 4777 μνημόσυνονϊ

253 4793 485 4854 menta;
506 4788 555 4842 is
578 4786 742 4842 locus
763 4786 1041 4859 precibus
1064 4786 1251 4841 sancti
1265 4785 1375 4840 viri
1392 4783 1725 4839 divinarum
1737 4799 1908 4838 cura-

254 4878 489 4933 tionum
520 4892 739 4932 munus
770 4876 1020 4947 accepit.
1084 4874 1343 4931 Docebat
1399 4878 1600 4929 autem
1649 4873 1904 4941 Graecos,

252 4972 312 5022 et
330 4965 666 5038 baptizabat
695 4982 795 5021 eos
818 4966 880 5021 in
902 4965 1144 5020 nomine
1169 4964 1383 5033 Patris,
1407 4969 1466 5018 et
1503 4963 1657 5033 Filii,
1688 4967 1747 5017 et
1776 4962 1904 5034 Spi-

251 5058 404 5114 ritus
436 5057 646 5114 sancti.
679 5059 820 5113 Post
875 5058 1002 5112 haac
1058 5057 1362 5129 ingressus
1419 5055 1717 5111 idolorum
1764 5059 1906 5109 tem-

256 5147 718 5220 plum,avulsam
733 5162 974 5202 auream
999 5145 1144 5200 idoli
1167 5161 1434 5212 manum,
1465 5143 1903 5214 contritamque

252 5237 451 5292 divisit
473 5236 855 5309 pauperibus.
889 5236 1071 5307 Cujus
1102 5235 1188 5290 rei
1210 5239 1418 5290 auctor
1455 5251 1590 5289 cum
1614 5249 1905 5305 quaerere-

251 5332 365 5395 tur,
402 5327 694 5397 multique
726 5326 1401 5397 comprehenderentur,
1435 5330 1674 5380 sanctus
1705 5325 1790 5380 vir
1810 5324 1900 5379 ul-

248 5421 339 5472 tro
364 5433 426 5471 se
476 5416 725 5473 Maximo
783 5414 1025 5487 praesidi
1085 5415 1324 5486 obtulit,
1358 5414 1665 5471 confessus
1702 5431 1900 5471 veram

246 5508 715 5580 Christi,Deique
731 5508 917 5563 nostri
952 5505 1557 5572 ﬁdem.Quamobrem
1578 5506 1755 5562 solem
1783 5506 1903 5561 fer-

246 5614 364 5653 rem
377 5597 451 5653 ad
466 5597 914 5669 pedumplantas
927 5596 1117 5652 acutis
1136 5596 1315 5651 clavis
1332 5595 1900 5669 afﬁguntur,quibus

246 5687 814 5759 incedens,summis
836 5686 1113 5743 laudibus
1136 5687 1323 5743 Deum
1346 5685 1647 5742 etTerebat.
1674 5683 1898 5741 Deinde

247 5794 574 5851 suspensus
606 5776 678 5834 de
710 5776 943 5847 arbore,
970 5775 1043 5832 ad
1090 5772 1308 5833 'necem
1347 5792 1539 5849 usque
1569 5792 1758 5832 caesus
1786 5779 1897 5845 est,

2018 4788 2110 4844 καὶ
2142 4787 2232 4843 διὰ
2261 4793 2576 4865 προσευχῆς
2623 4787 2788 4844 αὑτοῦ
2839 4787 3055 4861 ἐδέξατο
3112 4791 3141 4845 ὁ
3196 4789 3367 4855 τόπος
3423 4791 3671 4867 ἰαμάτων

2019 4876 2178 4933 θείων
2203 4877 2541 4953 χαρίσματα.
2594 4875 2875 4935 Ἐδίδασκε
2931 4877 2989 4934 δὲ
3034 4879 3163 4943 τοὺς
3221 4878 3523 4955 Ἓλληνας,
3581 4881 3673 4936 καὶ

2015 4961 2301 5038 ἐϐάπτιζεν
2332 4966 2410 5030 εἷς
2438 4967 2501 5023 τὸ
2546 4962 2719 5043 ὄνομα
2773 4972 2870 5024 τοῦ
2924 4970 3161 5045 Πατρὸς,
3217 4968 3310 5024 καὶ
3364 4973 3462 5024 τοῦ
3517 4970 3671 5039 Υἱοῦ,

2014 5056 2109 5112 καὶ
2138 5062 2235 5113 τοῦ
2264 5058 2427 5133 ἁγίου
2456 5057 2792 5130 Πνεύματος.
2821 5059 2959 5122 Εἶτα
2991 5057 3239 5128 εἷ’σῆλθεν
3274 5057 3350 5120 εῗς
3395 5060 3487 5114 τὸν
3547 5058 3675 5114 ναὸν

2017 5151 2124 5202 τῶν
2161 5146 2433 5215 εἰδώλων,
2486 5146 2576 5202 καὶ
2634 5145 2892 5220 ἀφείλετο
2948 5148 3047 5217 τήν
3104 5153 3318 5223 χρυσῆν
3369 5152 3533 5222 χεῖρα
3577 5150 3676 5201 τοῦ

2018 5235 2276 5311 εἰδώλου,
2308 5235 2399 5292 καὶ
2432 5236 2728 5314 συντρίψας
2765 5236 2932 5306 αὐτὴν
2968 5234 3198 5293 διέδωκε
3226 5242 3345 5301 τοῖς
3398 5241 3675 5312 πτωχοῖς.

2014 5326 2245 5402 Ἑτέρων
2279 5324 2371 5382 οὖν
2406 5327 2796 5401 κρατουμένων
2832 5324 2923 5381 διὰ
2977 5326 3077 5396 τὴν
3138 5331 3303 5401 χεῖρα
3357 5329 3455 5380 τοῦ
3513 5323 3672 5380 εἰδώ-

2015 5414 2138 5487 λου,
2191 5415 2499 5489 αὑτὸματος
2560 5413 2734 5469 ἐλθὼν
2788 5416 2816 5470 6
2875 5416 3045 5491 ἅγιος,
3110 5413 3422 5487 παρέδωκεν
3479 5415 3668 5470 ἑαυτὸν

2014 5505 2245 5580 Μαξίμῳ
2274 5508 2354 5577 τῷ
2385 5501 2634 5579 ἄρχοντι.
2669 5502 2770 5558 Καὶ
2832 5502 3187 5577 ὁμολογήσας
3234 5504 3337 5573 τήν
3398 5502 3664 5575 ἀληθινὴν

2012 5594 2191 5651 πίστιν
2263 5597 2362 5649 τοῦ
2422 5594 2658 5669 Χριστοῦ
2732 5592 2821 5648 καὶ
2901 5596 3037 5647 Θεοῦ
3094 5595 3284 5667 ἡμῶν,
3345 5590 3664 5650 ὑποδέδεται

2017 5682 2345 5758 ὑποδήματα
2402 5680 2601 5757 σιδηρᾶ
2658 5683 2793 5756 μετὰ
2842 5681 2996 5753 ἥλων
3057 5681 3271 5757 ὀξέων;
3329 5683 3420 5739 καὶ
3477 5686 3660 5760 φορῶν

2013 5774 2147 5831 αὑτὰ
2197 5771 2533 5849 περιεπάτει,
2582 5769 2823 5845 δοξάζων
2891 5772 2985 5829 τὸν
3044 5768 3197 5831 Θεόν.
3256 5772 3391 5832 Εἶτα
3443 5792 3660 5849 κρεμα-
