4142 6436
327 434 407 496 31

1826 435 2315 503 SEPTEMBER.

3729 452 3811 516 38

339 567 499 636 σθεὶς
534 567 619 631 εἷς
664 566 925 644 δένδρον,
979 568 1071 624 καὶ
1123 568 1369 643 τυφθεὶς,
1425 567 1742 642 ἐτελειώθη.
1793 570 1894 627 Καὶ
1952 570 2011 627 ἐν

2128 640 2131 648 _
2159 578 2339 648 atque
2370 576 2501 649 ejus
2528 591 2745 650 corpus
2775 577 2840 634 in
2863 578 3169 637 caminum
3197 579 3352 654 ignis
3377 581 3690 656 injectum.

342 658 570 734 εόλήθη
602 661 669 718 τὸ
702 665 869 736 σῶμα
901 660 1075 716 αὐτοῦ
1102 659 1180 723 εἷς
1209 661 1441 733 κάμινον
1476 660 1670 737 πυρός.

960 773 1044 845 Τῇ
1073 767 1211 843 αὒτῇ
1243 768 1453 846 ἡμέρᾳ-

580 887 858 959 ’Λθλησις
885 893 988 944 τοῦ
1016 887 1173 966 ἁγίου
1206 887 1482 966 μάρτυρος
1515 887 1825 964 Εὐψυχίου.

435 1003 733 1079 Βῦψῦχιος
766 1005 796 1059 ὁ
842 1005 1051 1079 μάρτυς
1102 1003 1351 1078 ὑπῆρχεν
1397 1003 1504 1059 ἀπὸ
1559 1003 1886 1080 Καισαρεὶας
1935 1009 2038 1074 τῆς

362 1091 785 1163 Καππαδοκίας,
845 1092 937 1148 ἐπὶ
1000 1091 1288 1166 Ἀδριανοῦ
1350 1092 1624 1169 βάσιλὲως
1710 1093 2036 1166 Ῥωμαίων,

363 1184 524 1242 Μετᾶ
554 1180 612 1239 δὶ
643 1184 743 1252 τήν
802 1187 902 1238 τοῦ
962 1183 1167 1258 πατρὸς
1226 1180 1488 1252 τελευτὴν
1551 1183 1871 1258 βαπτίζεται
1932 1181 2038 1238 ὑπὸ

360 1277 466 1329 τοῦ
524 1271 827 1328 ἆπισκόπου
884 1279 987 1341 τῆς
1071 1273 1412 1345 Καισαρείας.
1501 1272 1633 1329 Εἶτα
1716 1266 2037 1343 διαϐληθεὶς

361 1364 519 1439 παρά
564 1383 750 1435 τινων,
805 1362 893 1417 ὅτι
945 1363 1268 1439 Χριστιανός
1327 1361 1495 1432 ἐστιν,
1554 1359 1830 1437 ἐκρατήθη
1890 1363 2041 1437 παρᾶ

356 1456 466 1508 τοῦ
507 1459 613 1523 τῆς
671 1453 1003 1528 Καισαρείας
1070 1448 1360 1528 ἄρχοντος,
1448 1451 1538 1507 καὶ
1623 1451 1698 1515 εἷς
1786 1450 2040 1529 φυλακὴν

362 1536 665 1612 ἰνεϐλήθη,
725 1542 829 1598 Καὶ
887 1539 1023 1615 μετὰ
1075 1544 1248 1596 ταῦτα
1305 1540 1535 1613 ἐξελθὼν
1596 1547 1700 1611 τῆς
1759 1540 2035 1617 φυλακῆς,

356 1630 456 1686 καὶ
483 1630 754 1701 πωλήσας
790 1631 859 1685 τὰ
889 1629 1210 1707 ὑπάρχοντα
1241 1629 1412 1704 αὐτῷ,
1444 1634 1663 1708 πρῶτον
1712 1631 1805 1704 μὲν
1861 1627 2035 1685 δέδω-

358 1741 455 1776 κεν
486 1720 539 1791 ἐξ
569 1722 746 1775 αὐτῶν
776 1725 898 1782 τοῖς
940 1719 1294 1796 κατηγόροις,
1350 1720 1427 1785 ὡς
1472 1714 1753 1796 προξένοις
1798 1720 2034 1797 γενομὲ-

361 1831 485 1873 νοις
518 1808 667 1883 αὐτῷ
695 1816 797 1880 τῆς
843 1812 951 1864 τῶν
1004 1809 1250 1885 οὐρανῶν
1316 1807 1621 1883 βασιλείας.
1676 1814 1908 1865 Ἔπειτα
1964 1810 2031 1864 τά

361 1898 540 1955 λοιπᾶ
565 1899 642 1962 είς
682 1898 811 1962 τοὺς
864 1897 1125 1974 πτωχοὺς
1178 1896 1545 1975 διεσκόρπισε,
1594 1898 1684 1954 καὶ
1732 1895 2022 1973 διένειμεν.

361 1988 470 2045 Καὶ
518 1986 689 2044 πάλιν
752 1988 1070 2063 κρατηθεὶς,
1158 1988 1399 2063 παρέστη
1473 1991 1553 2062 τῷ
1624 1984 1876 2065 ἄρχοντι,
1932 1988 2024 2043 καὶ

354 2076 802 2153 κατηναγκάζετο
833 2076 979 2132 θύειν
1007 2081 1125 2141 τοῖς
1158 2075 1436 2141 εἴδώλοις.
1489 2077 1588 2133 Καὶ
1642 2078 1718 2153 μὴ
1762 2077 2021 2149 πεισθεὶς,

348 2170 577 2241 πρῶτον
640 2165 734 2240 μὲν
794 2171 1062 2241 κρεμᾶται
1116 2165 1202 2221 ἐπὶ
1266 2164 1458 2240 ξύλου,
1535 2166 1625 2221 καὶ
1702 2165 1872 2239 ξέεται
1931 2165 2018 2221 ἐπὶ

2804 759 3025 817 Eodem
3056 760 3151 816 die

2331 863 2432 921 28
2465 866 2751 922 Certamen
2780 870 2960 923 sancti
2998 871 3266 940 martyris
3296 871 3626 943 Eupsychii.

2222 982 2593 1054 Eupsychius
2624 989 2851 1058 martyr
2876 1002 2945 1040 ex
2975 986 3243 1043 Caesarea
3280 989 3664 1061 Cappadociae
3695 989 3809 1046 fuit

2151 1069 2417 1126 Adriano
2441 1072 2843 1129 Romanorum
2868 1075 3246 1147 imperatore.
3272 1078 3496 1133 Mortuo
3519 1083 3685 1150 patre
3710 1079 3815 1134 ba-

2148 1159 2401 1230 ptizatur
2417 1178 2451 1216 a
2468 1161 2750 1218 Cassareas
2782 1163 3059 1235 episcopo
3085 1181 3099 1220 :
3128 1164 3478 1238 delatusque
3501 1184 3535 1223 a
3551 1168 3806 1239 quibus-

2149 1247 2309 1320 dam,
2336 1250 2496 1321 quod
2545 1252 2922 1308 Christianus
2953 1259 3132 1322 esset,
3166 1271 3201 1310 a
3230 1255 3512 1311 Caesareas
3545 1258 3803 1329 prmside

2149 1340 2695 1411 comprehenditur,
2728 1347 2786 1396 et
2815 1342 2877 1397 in
2909 1358 3209 1399 carcerem
3240 1344 3599 1401 detruditur.
3630 1347 3798 1403 Unde

2150 1444 2445 1501 egressus,
2478 1428 2795 1486 divenditis
2826 1431 3207 1488 facultatibus
3230 1434 3374 1503 suis,
3406 1439 3638 1507 partem
3671 1437 3799 1508 qui-

2147 1517 2285 1573 dem
2302 1518 2466 1575 dedit
2488 1520 2955 1589 accusatoribus,
2991 1526 3195 1593 utpote
3217 1524 3321 1594 qui
3352 1524 3466 1578 sibi
3497 1526 3664 1598 regni
3685 1542 3797 1581 cm-

2145 1608 2312 1663 lestis
2343 1614 2616 1666 auctores
2644 1610 3208 1683 concilliatoresque
3246 1612 3536 1682 fuissent;
3568 1620 3802 1688 partem

2141 1714 2283 1754 vero
2302 1699 2665 1771 pauperibus
2693 1699 3017 1758 distribuit.
3042 1702 3266 1759 lterum
3295 1708 3495 1760 autem
3526 1722 3795 1778 compre-

2139 1788 2385 1855 hensus,
2418 1793 2478 1844 et
2506 1806 2707 1846 coram
2736 1790 2991 1861 praeside
3021 1791 3338 1862 adductus,
3371 1811 3508 1850 cum
3542 1796 3804 1868 compel-

2140 1877 2366 1934 leretur
2393 1878 2570 1934 idolis
2603 1880 2963 1949 sacriﬁcare,
2997 1897 3109 1937 nec
3137 1881 3211 1938 ad
3241 1882 3302 1937 id
3334 1882 3538 1940 induci
3574 1890 3798 1957 posset,

2053 1956 2103 2022 Β
2135 1967 2208 2023 de
2223 1967 2383 2041 ligno
2397 1984 2745 2041 suspensus,
2760 1985 2949 2041 usque
2971 1970 3120 2027 adeo
3135 1971 3491 2043 depectitur,
3508 1956 3802 2032 utiomnia

2133 2058 2297 2115 illius
2317 2058 2543 2115 viscera
2567 2059 3080 2131 conspicerentur.
3115 2061 3340 2118 Deinde
3363 2080 3394 2119 e
3425 2063 3586 2137 ligno
3609 2064 3792 2138 depo-

2134 2149 2308 2218 situs,
2341 2147 2658 2222 gladioque
2689 2165 2903 2221 caesus,
2933 2150 3210 2222 spiritum
3244 2152 3496 2209 Domino
3527 2154 3793 2212 tradidit.

349 2265 643 2338 τοσοῦτον,
672 2261 775 2328 ἕως
803 2263 975 2343 ἐφάνη
1008 2265 1180 2320 πάντα
1205 2264 1275 2320 τά
1328 2259 1480 2321 ἔνδον
1524 2268 1634 2321 τῶν
1682 2263 2008 2342 σπλάγχνων
2041 2263 2227 2321 αὐτοῦ.
2290 2262 2422 2321 Εἶτα
2477 2262 2585 2319 ἀπὸ
2640 2266 2739 2320 τοῦ
2788 2261 2954 2335 ξύλου
3006 2259 3450 2338 καταϐιϐασθεὶς,
3514 2269 3647 2341 μετὰ
3692 2272 3791 2324 τοῦ

349 2360 552 2439 είςρους
585 2362 843 2441 πληγεὶς,
890 2361 1211 2435 ἐτελειώθη,
1262 2360 1541 2439 παραδοὺς
1581 2364 1642 2420 τὸ
1687 2366 1899 2439 πνεῦμα
1942 2366 2024 2438 τῷ
2054 2360 2262 2439 Κυρίῳ.

917 2465 1098 2521 MHNI
1135 2465 1227 2543 T9
1262 2466 1458 2543 ΑΥῙᾩ..

1145 2553 1227 2610 Il‘.

350 2644 432 2698 τὸ
511 2640 753 2718 γενέσιον
850 2646 953 2718 τῆς
1056 2640 1349 2718 ιξπεραγίας
1449 2639 1748 2718 Δεσποίνης
1852 2643 2014 2717 ἡμῶν

704 2712 973 2770 Θεοτόκου
998 2711 1090 2769 καὶ
1124 2711 1400 2791 Παρθένου
1432 2714 1663 2791 Μαρίας.

426 2830 762 2899 Ποιήωντος
818 2833 921 2884 τοῦ
954 2828 1298 2906 δημιουργοῦ
1341 2834 1475 2887 Θεοῦ
1519 2830 1650 2894 τοὺς
1698 2831 2017 2907 ἀνθρώπους

352 2918 443 2975 ἐπ’
496 2916 677 2995 ἔργοις
746 2919 993 2995 ἀγαθοῖς,
1067 2920 1156 2975 καὶ
1215 2920 1295 2984 εἷς
1363 2921 1427 2976 τὸ
1494 2920 1777 2998 γνωρίζειν
1852 2920 2018 2996 μόνον

354 3008 546 3077 αὐτὸν,
604 3008 697 3063 καὶ
758 3013 935 3065 ποιεῖν
993 3009 1059 3063 τὸ
1114 3008 1335 3083 θέλημα
1394 3010 1583 3080 αὐτοῦ,
1638 3009 1931 3084 ἐφθόνησεν
1985 3012 2015 3068 ὁ

355 3093 647 3160 διάϐολος.
706 3097 805 3153 Καὶ
857 3102 1075 3172 πρῶτον
1148 3099 1241 3174 μὲν
1310 3100 1607 3176 παρέπεισε
1676 3100 1768 3156 τὸν
1840 3098 2018 3176 ’Λδὰμ

352 3182 699 3263 παραϐῆναι,
758 3186 1101 3259 ἀπατηθέντα
1172 3186 1263 3245 διὰ
1335 3197 1437 3260 τῆς
1511 3189 1677 3246 αὐτοῦ
1752 3190 2012 3267 γυναικὸς

2692 2465 2934 2521 EODEM
2974 2466 3118 2521 ΜΕΝ
3124 2467 3228 2523 SE.

2797 2554 2902 2609 Die
2932 2558 3136 2612 octava

2142 2644 2245 2701 24
2274 2642 2597 2700 Nativitates
2626 2643 2982 2701 sanctissima:
3025 2648 3273 2703 Domine
3299 2654 3502 2705 nostrae
3531 2650 3786 2722 Deipara

2674 2740 2725 2790 et
2758 2735 3001 2805 Virginis
3032 2735 3248 2794 Maria.

2211 2825 2354 2880 Cum
2376 2840 2575 2880 rerum
2600 2824 2867 2880 omnium
2900 2824 3096 2898 opifex
3118 2826 3275 2882 Deus
3292 2827 3567 2884 homines
3588 2844 3783 2886 creas-

2134 2919 2244 2983 set,
2275 2920 2343 2970 ut
2372 2931 2554 2987 Opera
2584 2914 2740 2971 bona
2768 2921 3133 2987 exercerent,
3160 2921 3343 2989 utque
3375 2919 3570 2991 ipsum
3588 2920 3783 2976 solum

2130 3010 2577 3077 cognoscerent,
2622 3020 2804 3077 seque
2853 3004 2928 3061 ad
2985 3005 3147 3061 illius
3205 3007 3569 3065 voluntatem
3601 3008 3779 3082 plane

2126 3093 2595 3163 conformarent,
2626 3093 2838 3149 invidit
2886 3093 3198 3152 diabolus:
3232 3096 3494 3168 primum
3540 3096 3783 3168 quidem

2124 3182 2419 3239 Adamum
2449 3200 2557 3255 per
2584 3198 2835 3238 uxorem
2864 3184 3042 3239 Evam
3074 3183 3390 3256 deceptum
3418 3185 3679 3257 impulit,
3713 3190 3783 3241 ut

350 3274 521 3341 Εὔας.
554 3278 783 3334 Ἔπειτα
833 3270 1014 3334 ἔπεισε
1068 3278 1158 3333 καὶ
1212 3278 1342 3344 τοὺς
1397 3277 1633 3344 λοιποὺς
1688 3281 2009 3357 ἀνθρώπους

2128 3277 2491 3345 praeceptum
2527 3272 2815 3329 violaret:
2875 3278 3083 3329 auctor
3139 3255 3321 3330 etiam
3361 3274 3476 3330 fuit
3509 3255 3779 3346 reliquis
3822 3294 3827 3301 ’

344 3365 672 3423 καταλιπεῖν
724 3367 817 3422 τὸν
889 3374 1046 3438 Θεὸν,
1120 3368 1214 3424 καὶ
1289 3374 1611 3446 προσκυνεῖν
1679 3369 1747 3425 τὰ
1827 3368 2016 3447 ἄψυχα

343 3456 578 3514 εἴδωλα.
636 3456 903 3527 ’Βλεήσας
979 3458 1072 3513 οὖν
1132 3459 1161 3513 ὁ
1214 3459 1346 3523 Θεὸς
1403 3460 1466 3515 τὸ
1540 3460 1771 3533 πλάσμα
1845 3459 2014 3517 αὐτοῦ

348 3544 529 3602 ἔδωκε
573 3547 744 3619 νόμον
801 3546 894 3601 καὶ
952 3548 1269 3622 προφήτας.
1344 3546 1518 3606 Ἀλλὰ
1577 3546 1748 3623 μηδὲν
1805 3549 2015 3606 τούτων

358 3634 794 3709 ὡτελησάντων,
842 3631 1125 3707 ἐϐουλήθη
1175 3637 1497 3694 ἀποστεῖλαι
1525 3638 1619 3693 τὸν
1649 3638 1773 3694 Υίὸν
1821 3638 2010 3713 αὐτοῦ,

347 3725 445 3781 καὶ
502 3724 699 3798 Λόγον,
757 3722 1168 3800 ἀναλαμϐάνειν
1221 3728 1512 3803 ἀνθρώπου
1600 3729 1841 3805 μορφήν,
1918 3728 2010 3784 καὶ

351 3813 734 3889 λυτρώσασθαι
792 3814 921 3878 τοὺς
982 3816 1304 3891 ἀνθρώπους
1359 3815 1419 3871 ἐκ
1483 3823 1585 3888 τῆς
1658 3819 1848 3893 χειρὸς
1910 3818 2009 3874 τοῖ’)

340 3897 639 3960 διαϐόλου.
695 3903 792 3959 Διά
844 3909 1009 3961 τοῦτο
1068 3904 1397 3979 ᾠκονόμησε
1490 3908 1824 3981 γεννηθῆναι
1904 3908 2007 3976 τήν

341 3989 660 4065 μέλλουσαν
687 3995 944 4066 γεννῆσαι
1004 3994 1162 4070 σαρκὶ
1217 3995 1309 4050 τὸν
1362 3996 1485 4051 Υίὸν
1543 3996 1711 4052 αὐτοῦ
1768 3994 2006 4071 Μαρίαν,

332 4082 442 4150 τὴν
474 4079 748 4157 ἄχραντον
785 4083 1076 4155 Θεοτόκον,
1136 4081 1186 4157 ἐξ
1245 4085 1413 4159 ἁγίων
1472 4086 1679 4161 γονέων
1725 4085 2006 4160 Ἰωακεὶμ,

331 4172 425 4228 καὶ
486 4173 710 4242 Ἀννης.
771 4176 870 4237 Οἱς
922 4174 1014 4229 καὶ
1088 4174 1361 4251 ὑπέσχετο
1444 4176 1924 4252 προσευχομένοις
1975 4176 2005 4232 ὁ

332 4261 496 4329 Θεὸς,
555 4258 741 4316 δοῦναι
798 4263 1007 4339 καρπὸν
1066 4263 1302 4328 κοιλίας.
1363 4266 1521 4330 Ὅθεν
1578 4267 1668 4322 καὶ
1749 4264 2003 4322 καλεῖται

334 4349 588 4406 Γενέσιον
618 4352 654 4421 ἡ
686 4355 934 4427 παροῦσα
962 4353 1149 4429 ἑορτή.
1211 4355 1313 4411 Ἢν
1359 4354 1708 4432 ἑορτάζοντες
1762 4352 2003 4425 ἆτησίως

334 4438 778 4516 εὐχαριστοῦμεν
812 4440 1001 4517 Κυρίῳ
1028 4446 1111 4515 τῷ
1140 4447 1257 4515 Θεῷ
1287 4446 1470 4518 ἡμῶν.

892 4551 1079 4609 ΜΗΝΙ
1117 4555 1205 4629 Τῼ
1245 4553 1451 4633 arm.

1145 4624 1198 4695 e"
1401 4624 1413 4633 ·
2031 4624 2080 4690 ι)

324 4727 547 4798 κνήμη
633 4730 741 4782 τῶν
826 4728 999 4805 ἁγίων
1090 4730 1369 4805 Ἰωακεὶμᾼ
1424 4732 1516 4788 καὶ
1600 4737 1801 4805 ’Ἀννης
1885 4739 1996 4791 τῶν

842 4802 1047 4879 γονέων
1078 4808 1180 4873 τῆς
1207 4802 1495 4862 Θεοτόκου.

396 4889 497 4944 Ἐν
528 4892 612 4959 τῷ
642 4885 763 4962 λαῷ
789 4894 898 4944 τῶν
932 4888 1211 4948 Ἰουδαίων
1245 4892 1313 4963 ἦν
1342 4914 1428 4957 τις
1471 4894 1783 4971 ἅνθρωπος,
1835 4898 1992 4953 Ἰωα-

316 4978 464 5049 κεὶμ.
517 4975 888 5051 καλούμενος,
946 4977 1158 5044 δίκαιος
1208 4981 1300 5038 καὶ
1355 4982 1643 5056 πλούσιος,
1708 4985 1798 5041 καὶ
1855 4987 1994 5043 κατὰ

314 5066 524 5141 ἱορτὴν
553 5065 820 5143 ἐχώριζεν
852 5067 912 5124 ἐκ
964 5074 1063 5125 τοῦ
1106 5067 1352 5127 πλούτου
1408 5073 1574 5129 αὐτοῦ
1625 5074 1821 5150 μοίρας
1868 5073 1988 5137 δύο.

316 5155 419 5210 Καὶ
454 5156 556 5225 τήν
591 5156 687 5229 μὶν
724 5159 853 5231 μίαν
911 5164 1108 5234 μοῖραν
1160 5157 1343 5216 ἐδίδου
1398 5168 1520 5226 τοῖς
1567 5170 1841 5240 πτωχοῖςο
1887 5166 1988 5235 τὴν

315 5241 373 5299 δὲ
408 5243 598 5321 ἑτέραν
628 5250 710 5319 τῷ
740 5251 881 5320 Θεῷ.
915 5249 1013 5303 ’Πν
1048 5245 1106 5303 δὲ
1146 5247 1398 5325 ἄτεκνος.
1451 5253 1540 5309 Ἐν
1594 5258 1693 5327 μιᾷ
1740 5253 1832 5310 οὗν
1879 5260 1984 5313 τῶν

310 5333 522 5409 ἑορτῶν
555 5338 866 5416 προσέφερε
893 5338 962 5393 τά
993 5334 1142 5413 δῶρα
1180 5339 1345 5397 αὐτοῦ
1387 5345 1469 5415 τῷ
1517 5346 1653 5416 Θεῷ,
1700 5344 1792 5400 καὶ
1843 5342 1983 5403 διότι

308 5424 416 5480 οὐκ
445 5428 563 5503 εἶχε
592 5426 842 5499 παιδίον,
875 5424 1163 5501 ὠνειδίσθη
1196 5428 1632 5506 παράἸουδαίου
1680 5436 1852 5510 τινὸς,
1904 5437 1985 5493 εί-

301 5514 506 5581 πόντος
554 5519 696 5593 πρὸς
731 5516 930 5589 αὐτὸν,
964 5515 1047 5573 δτι
1081 5517 1157 5577 Οό
1188 5520 1381 5595 πρέπει
1414 5543 1499 5577 σοι
1546 5520 1697 5599 δῶρα
1740 5529 1983 5606 προσφε-

298 5626 418 5681 ρειν
455 5612 535 5684 τῷ
588 5614 715 5683 Θεῷ
781 5608 903 5683 μεθ’
964 5609 1145 5681 ἡμῶν,
1208 5606 1348 5667 διότι
1412 5611 1681 5689 ὑπάρχεις
1739 5613 1980 5684 ἄτεκνος.

296 5697 587 5774 Ἐλυπήθη
623 5699 687 5756 δὲ
740 5695 1032 5772 Ἰωακείμ,
1078 5698 1169 5754 καὶ
1219 5699 1336 5776 οὐχ
1387 5700 1714 5779 ὑπέστρεψεν
1763 5704 1842 5770 εἷς
1886 5709 1978 5765 τὸν

2122 3362 2498 3431 mortalibus,
2530 3366 2599 3418 ut
2625 3362 2897 3435 neglecto
2933 3364 3072 3430 Deo,
3097 3363 3258 3422 idola
3286 3365 3488 3421 animo
3513 3365 3779 3422 carentia

2122 3449 2462 3506 adorarent.
2487 3450 2762 3507 Misertus
2793 3451 2994 3524 itaque
3026 3453 3181 3509 Deus
3232 3453 3501 3527 ﬁgmenti
3546 3455 3660 3523 sui,
3690 3455 3779 3509 le-

2119 3554 2252 3611 gem
2283 3539 2447 3594 dedit
2493 3545 2551 3595 et
2608 3540 2951 3613 prophetas.
2988 3542 3203 3597 Verum
3262 3559 3398 3599 cum
3430 3544 3558 3599 hmc
3611 3544 3768 3601 nihil

2117 3629 2499 3701 proficerent,
2533 3629 2793 3686 decrevit
2823 3630 3057 3687 mittere
3089 3632 3305 3688 Filium
3335 3650 3508 3689 suum
3541 3638 3601 3689 et
3630 3637 3772 3690 Ver-

2119 3719 2284 3791 bum,
2309 3719 2409 3791 qui
2437 3720 2692 3775 l‘ormam
2715 3720 2974 3777 hominis
2997 3729 3350 3792 assumeret,
3376 3724 3770 3797 hominesque

2119 3806 2192 3863 de
2222 3825 2407 3864 manu
2437 3809 2658 3866 diaboli
2703 3810 3004 3867 liberaret.
3038 3813 3180 3867 Eam
3211 3812 3389 3886 igitur
3417 3813 3492 3868 ob
3516 3817 3769 3885 fcausam

2118 3897 2431 3971 disposuit,
2490 3904 2557 3954 ut
2585 3906 2953 3969 nasceretur,
3014 3918 3145 3973 quas
3204 3902 3267 3958 in
3318 3919 3496 3958 carne
3553 3903 3768 3959 Filium

2117 4004 2292 4045 suum
2323 3989 2589 4060 paritura
2621 3994 2768 4059 erat,
2830 3991 3011 4047 Maria
3053 3990 3371 4064 impolluta
3427 3992 3679 4064 Deipara
3699 4009 3772 4049 ex

2114 4078 2337 4135 sanctis
2367 4080 2716 4153 parentibus
2744 4082 3014 4138 Joachim
3045 4087 3104 4138 et
3127 4085 3320 4155 Anna,
3346 4078 3564 4156 quibus
3591 4102 3770 4142 oran-

2112 4167 2272 4223 tibus
2292 4170 2655 4241 promiserat
2674 4171 2830 4226 Deus
2850 4188 2913 4226 se
2930 4171 3189 4228 fructum
3210 4173 3432 4229 ventris
3463 4172 3764 4232 daturum.

2112 4258 2260 4314 Hinc
2290 4258 2407 4314 diei
2440 4260 2579 4316 huic
2607 4259 2770 4329 festo
2802 4261 3059 4317 inditum
3090 4278 3311 4319 nomen
3344 4268 3434 4319 est
3461 4264 3763 4336 Nativitas,

2110 4364 2291 4419 quam
2338 4365 2446 4405 nos
2504 4350 2826 4420 quotannis
2884 4351 3278 4420 celebrantes,
3337 4353 3587 4410 Domino
3644 4356 3763 4411 Deo

2109 4443 2315 4494 nostro
2344 4438 2564 4511 gratias
2588 4438 2840 4511 agimus.

2647 4546 2887 4603 EODEM
2946 4548 3203 4606 MENSE.

2784 4639 2889 4694 Die
2921 4656 3083 4697 nona

2108 4727 2205 4785 25
2239 4727 2690 4784 Commemoratio
2740 4734 3055 4785 sanctorum
3108 4729 3388 4803 Joachim,
3450 4738 3503 4786 et
3558 4733 3761 4803 Annae,

2633 4824 2935 4888 parentum
2962 4820 3237 4890 Deipara.

2174 4904 2242 4961 In
2272 4904 2611 4963 Iudaeorum
2638 4907 2859 4979 populo
2900 4914 3028 4964 erat
3082 4910 3170 4964 vir
3215 4909 3459 4982 quidam
3514 4913 3761 4970 nomine

2102 4997 2396 5063 Joachim,
2416 4997 2618 5070 justus
2642 5003 2702 5054 et
2716 4997 2877 5056 dives
2894 5001 3026 5072 :qui
3041 5000 3210 5057 festis
3225 5002 3435 5059 diebus
3446 5003 3761 5063 facultates

2103 5102 2243 5143 suas
2272 5088 2336 5143 in
2361 5087 2510 5144 duas
2539 5092 2738 5160 partes
2770 5088 3062 5162 dividens,
3096 5091 3348 5149 alteram
3396 5096 3760 5167 pauperibus

2102 5176 2400 5249 erogabat,
2434 5176 2686 5234 alteram
2710 5195 2847 5235 vero
2879 5180 3001 5236 Deo
3032 5181 3339 5241 offerebat.
3379 5184 3519 5240 Erat
3555 5191 3756 5242 autem

2101 5267 2230 5323 sine
2259 5267 2488 5323 liberis.
2523 5267 2791 5334 Quodam
2812 5268 2992 5342 igitur
3019 5270 3170 5328 festo
3202 5290 3338 5330 cum
3368 5291 3620 5332 munera
3636 5277 3753 5332 Deo

2098 5357 2359 5427 offerret,
2384 5356 2545 5429 quod
2574 5357 2813 5414 nullum
2845 5359 3037 5416 ﬁlium
3059 5360 3327 5433 haberet,
3360 5368 3639 5435 exceptus
3664 5369 3755 5420 est

2095 5445 2317 5518 probro
2349 5444 2602 5502 aJudmo
2634 5447 2918 5519 quodam,
2954 5456 3208 5523 negante
3258 5450 3347 5507 fas
3378 5468 3507 5506 esse
3541 5453 3614 5521 ei,
3650 5452 3751 5524 qui

2094 5532 2303 5590 liberis
2333 5540 2583 5606 careret,
2616 5553 2736 5593 una
2766 5554 2902 5593 cum
2928 5540 3159 5595 caeteris
3187 5538 3342 5595 dona
3362 5541 3478 5594 Deo
3511 5541 3747 5597 offerre.

2093 5624 2309 5680 Attulit
2338 5641 2407 5681 ea
2452 5641 2551 5681 res
2574 5630 2801 5683 tantam
2839 5627 3146 5684 Joachimo
3177 5628 3536 5698 molestiam,
3570 5634 3635 5685 ut
3685 5632 3750 5687 in

2093 5714 2338 5772 domum
2370 5730 2538 5773 suam
2578 5715 2778 5774 redire
2834 5717 3143 5787 noluerit;
3194 5716 3299 5773 sed
3326 5715 3391 5774 in
3447 5719 3749 5778 desertum
