4142 6510
369 427 445 488 39
1670 403 2108 482 MENOLOGII
2149 417 2358 481 PARS
2402 418 2451 478 1.

366 562 568 618 locum
626 558 934 626 secedens,
969 557 1359 630 quadraginta
1387 555 1598 614 diebus
1633 555 2016 628 jejunaverit,

370 652 560 706 Deum
591 666 842 721 precans
873 653 940 704 ut
967 649 1225 703 fructum
1246 648 1466 703 ventris
1499 646 1609 701 sibi
1643 645 2020 702 concederet.

373 741 488 793 Nec
520 738 719 792 minus
737 739 908 793 Anna
939 736 1099 792 domi
1125 737 1350 792 orabat.
1381 737 1526 791 Cum
1547 735 1726 808 igitur
1755 734 1894 790 illos
1926 751 2025 789 ex-

371 827 638 882 audisset
670 831 842 894 Deus,
867 826 1030 882 misit
1051 825 1346 898 angelum,
1380 825 1481 896 qui
1505 823 1782 896 promisit
1811 823 1898 879 eis
1922 838 2024 878 na-

3717 427 3797 489 40

2141 554 2290 608 οἷκον
2313 553 2504 622 αὐτοῦ,
2543 550 2672 608 ἀλλ’
2728 551 2980 619 ἀπελθὼν
3013 554 3090 620 εἰς
3115 555 3213 626 τὴν
3246 554 3480 632 ἔρημον,
3541 558 3800 630 ἐνήστευο

2132 663 2218 698 σεν
2271 640 2482 717 ἡμέρας
2535 644 2938 720 τεσσαράκοντα
2990 645 3323 720 παρακαλῶν
3355 646 3446 702 τὸν
3475 649 3627 720 Θεὸν,
3659 648 3789 706 δοῦ-

2128 753 2214 788 ναι
2264 731 2413 804 αὖτῷ
2470 733 2675 807 καρπὸν
2760 733 2975 797 κοιλίας
3009 779 3023 792 .
3091 736 3449 813 Προσηύχετο
3504 735 3562 794 δὲ
3607 739 3697 794 καὶ
3755 743 3792 812 ἦ

2131 822 2304 878 ’Δννα
2332 820 2384 877 ἐν
2436 821 2516 895 τῷ
2547 822 2681 896 οἴκῳ
2736 824 2911 893 αὐτῆς
2955 825 3023 879 τὰ
3079 823 3268 898 ὅμοια.
3329 826 3426 883 Καὶ
3486 827 3791 894 ἐπακούσας

367 915 657 971 tivitatem
690 920 908 970 sanctae
932 915 1200 970 Dominaa
1223 920 1442 970 nostra)
1467 913 1732 985 Deiparm
1760 929 1998 984 semper

2130 909 2307 966 αὐτῶν
2342 911 2370 966 ὸ
2401 912 2556 984 Θεὸς,
2588 911 2901 969 ἀπέστειλεν
2953 910 3209 992 ἄγγελον,
3263 917 3352 972 καὶ
3391 917 3660 994 ὑπέσχετο
3695 918 3792 974 a6-

368 1020 482 1075 que
516 1004 770 1077 Virginis
821 1005 1038 1060 Marias.
1075 1003 1241 1070 Quod
1276 1009 1334 1059 et
1367 1002 1656 1076 contingit
1684 1019 1791 1075 pro
1833 1001 1998 1058 saluti

2127 1005 2244 1062 τοῖς
2275 1001 2374 1070 τήν
2429 1003 2684 1076 γέννησιν
2741 1009 2842 1073 τῆς
2895 1002 3054 1079 ἁγίας
3112 1005 3412 1078 Δεσποίνης
3441 1009 3603 1081 ἡμῶν
3657 1016 3792 1064 Θεο-

366 1093 545 1148 totius
575 1093 809 1166 generis
840 1093 1110 1175 humani.

1020 1309 1244 1366 Eodem
1274 1309 1368 1366 die

544 1400 645 1458 26
679 1402 964 1457 Certamen
995 1403 1171 1456 sancti
1220 1402 1482 1470 martyris
1531 1399 1841 1456 Seueriani.

433 1517 783 1573 Severianus
828 1522 1072 1590 martyr,
1123 1517 1317 1588 patria
1354 1516 1733 1584 Sebastenus,
1787 1513 2014 1570 Licinio

363 1605 736 1678 imperante,
782 1607 956 1663 miles
1009 1606 1138 1662 fuit.
1173 1608 1318 1662 Cum
1369 1612 1564 1662 autem
1621 1604 2017 1678 quadraginta

363 1701 656 1768 martyres
683 1696 1096 1768 comprehensi
1125 1696 1400 1765 fuissent,
1423 1700 1481 1750 et
1500 1696 1562 1751 in
1579 1711 1879 1751 carcerem
1909 1709 2015 1766 pro

364 1783 594 1839 Christo
615 1784 860 1853 detrusi,
886 1802 987 1841 eos
1009 1785 1210 1853 adivit,
1235 1789 1294 1841 et
1315 1784 1390 1840 ad
1412 1783 1834 1856 perferendum
1863 1800 2012 1838 mar-

363 1874 585 1944 tyrium
616 1875 984 1930 hortabatur.
1005 1875 1286 1947 Cognitus
1318 1879 1542 1938 autem,
1568 1878 1917 1946 captusque,
1947 1872 2022 1927 si-

2125 1090 2314 1160 τόκου,
2347 1089 2438 1145 καὶ
2469 1087 2852 1164 ’Δειπαρθένου
2905 1092 3139 1169 Μαρίας.
3192 1096 3364 1171 ὀπερ
3417 1096 3510 1152 καὶ
3538 1099 3782 1174 γέγονεν,

2130 1178 2265 1254 ὑπὲρ
2297 1178 2567 1256 σωτηρίας
2593 1180 2730 1237 ὅλου
2757 1185 2855 1238 τοῦ
2883 1182 3074 1258 γένους
3099 1188 3207 1240 τῶν
3237 1185 3564 1260 ἀνθρώπων.

2723 1299 2809 1371 Τῇ
2836 1297 2974 1374 αὖτῇ
3004 1296 3188 1374 ἡμέρᾳ

2304 1383 2576 1458 ’Λθλησις
2601 1390 2700 1442 τοῦ
2729 1385 2887 1462 ἁγίου
2921 1389 3196 1465 μάρτυρος
3235 1393 3596 1465 Σευηριανοῦ.

2202 1500 2534 1574 Σευηριανὸς
2585 1503 2613 1557 ὸ
2671 1504 2878 1577 μάρτυς
2962 1506 3210 1582 ὑπῆρχεν
3287 1505 3348 1562 ἐκ
3403 1509 3503 1578 τῆς
3556 1508 3779 1575 πόλεως

2130 1583 2476 1662 Σεϐαστείας,
2509 1589 2598 1646 ἐπὶ
2627 1593 2726 1664 τῆς
2761 1591 3041 1668 βασιλειας
3090 1596 3363 1652 Λικιννίου
3421 1601 3784 1674 στρατευόμεο

2128 1699 2246 1741 νος.
2299 1681 2428 1736 ’Ότι
2487 1677 2546 1735 δὶ
2603 1679 2977 1758 ἐκρατήθησαν
3033 1685 3086 1739 οἱ
3145 1685 3290 1762 ἅγιοι
3375 1689 3778 1763 τεσσαράκοντα

2132 1769 2420 1846 μάρτυρες,
2461 1771 2550 1828 καὶ
2609 1773 3041 1846 ἀπεκλείσθησαν
3074 1775 3128 1832 ἐν
3185 1797 3252 1852 τῃ
3304 1777 3523 1857 φυλακῆ
3582 1777 3671 1836 διὰ
3696 1783 3789 1838 τὸν

2127 1861 2381 1934 Χριστὸν,
2413 1860 2632 1932 ἀπῆλθε
2677 1864 2815 1940 πρὸς
2874 1862 3090 1938 άύτοὺς,
3147 1868 3238 1922 καὶ
3295 1867 3589 1942 παρεκάλει
3647 1871 3786 1948 πρὸς

364 1964 540 2018 stitur
559 1964 744 2036 Lysim
764 1963 894 2019 duci
923 1981 935 2017 :
961 1980 1215 2035 cumque
1239 1963 1538 2019 Christum
1561 1963 1747 2018 libere
1768 1963 1998 2018 conﬁte'

2125 1950 2188 2005 τὸ
2250 1949 2567 2027 μαρτύριον.
2620 1953 2979 2028 Διαγνωσθεὶς
3027 1953 3084 2011 δὲ
3139 1953 3438 2031 ἐκρατήθη,
3497 1958 3588 2014 καὶ
3643 1981 3785 2037 παρ-

360 2063 544 2121 retur,
570 2068 952 2124 erroremque
969 2057 1262 2125 argueret,
1282 2053 1516 2124 ipsique
1537 2052 1720 2124 Lysiaa
1742 2057 2014 2108 constan-

359 2145 450 2196 ter
479 2158 541 2196 se
573 2147 920 2213 opponeret,
953 2159 1302 2214 suspensus,
1335 2143 1532 2197 nervis
1560 2141 1800 2197 bubulis
1831 2141 2009 2197 caedi-

357 2235 472 2297 tur,
506 2231 568 2284 in
599 2231 885 2286 lateribus
930 2231 1273 2298 dilaniatur,
1317 2231 1667 2301 facibusque
1713 2230 2002 2285 aduritur.

357 2321 496 2374 Post
524 2320 652 2374 haec
681 2320 753 2374 de
789 2320 906 2374 alto
941 2337 1110 2375 muro
1144 2319 1549 2392 suspenditur,
1575 2320 1806 2375 vinctus
1838 2318 2002 2374 funi-

356 2406 489 2474 bus,
523 2407 774 2477 pedibus
805 2407 1140 2480 ingentium
1199 2425 1476 2463 saxorum
1525 2407 1682 2463 mole
1722 2407 2005 2478 oneratis,

355 2495 752 2568 manibusque
773 2502 910 2568 post
931 2501 1160 2570 tergum
1184 2498 1492 2566 revinctis;
1519 2497 1740 2569 diuque
1764 2513 2018 2569 suspen-

358 2601 480 2652 sus,
529 2585 872 2640 verberibus
927 2585 1196 2653 cmditur,
1260 2586 1454 2657 quoad
1511 2586 1674 2640 nervi
1730 2602 2009 2641 saxorum

355 2673 514 2728 mole
541 2673 725 2729 luxati
753 2679 910 2741 sunt,
950 2690 1017 2730 ac
1075 2675 1344 2730 membra
1394 2675 1703 2730 dissoluta.
1761 2675 2009 2731 Interim

352 2763 471 2817 Deo
497 2763 716 2834 gratias
757 2779 939 2835 agens
969 2769 1145 2836 atque
1176 2781 1377 2834 orans,
1436 2763 1593 2818 inter
1655 2763 2002 2836 gravissima

352 2856 649 2907 tormenta
679 2851 955 2921 decessit,
1016 2854 1079 2909 in
1138 2871 1350 2910 manus
1398 2852 1500 2909 Dei
1535 2852 1810 2925 spiritum
1841 2869 2010 2910 com-

360 2940 677 2998 mendans.
1658 2940 1659 2943 “

913 3122 1156 3179 EODEM
1205 3123 1458 3180 MENSE.

997 3240 1101 3295 Die
1131 3239 1365 3297 decima

562 3355 658 3411 21
702 3354 1154 3412 Commemoratio
1193 3355 1378 3412 sancti
1406 3355 1785 3427 Baripsabbw.

415 3473 538 3537 Quo
572 3478 839 3546 tempore
868 3473 1053 3530 Judaei
1076 3491 1183 3547 per
1212 3474 1497 3530 invidiam
1524 3473 1836 3531 Dominum
1859 3490 2000 3529 nos-

341 3567 500 3617 trum
529 3564 730 3620 Jesum
761 3565 1056 3622 Christum
1093 3567 1251 3622 cruci
1275 3566 1542 3636 afﬂxere,
1585 3565 1836 3622 Jacobus
1867 3564 1999 3636 qui-

345 3647 482 3704 dam
513 3657 715 3706 astans
742 3653 924 3722 cruci,
960 3670 1091 3708 cum
1113 3653 1359 3709 vidisset
1387 3653 1640 3708 militem
1678 3656 1889 3709 lancea
1919 3651 2000 3708 la-

343 3741 437 3791 tus
463 3739 696 3793 Domini
726 3740 1077 3811 perforasse,
1099 3742 1311 3797 etinde
1344 3742 1693 3814 sanguinem
1710 3746 1995 3812 etaquam

339 3825 652 3896 prodiisse,
682 3845 1025 3898 accurrens,
1061 3830 1368 3886 cucurbita
1399 3830 1730 3901 pretiosum
1762 3829 1996 3902 sangui-

339 3931 479 3970 nem
512 3917 762 3988 excepit,
797 3924 973 3990 atque
1016 3919 1174 3991 apud
1223 3935 1284 3975 se
1315 3919 1650 3987 occultavit,
1703 3919 1994 3990 illumque

339 4003 449 4059 sub
483 4010 816 4062 extremum
847 4008 977 4063 vitae
1031 4025 1151 4064 sua)
1201 4015 1436 4082 tempus
1467 4008 1697 4065 duobus
1729 4009 1993 4064 eremitis

334 4093 599 4165 reliquit.
624 4098 815 4168 Atque
833 4097 916 4152 ita
939 4115 1045 4169 per
1062 4115 1273 4154 manus
1291 4099 1573 4170 deinceps
1598 4098 1847 4154 traditus
1861 4101 1994 4169 post

335 4184 557 4241 multas
590 4191 794 4243 aetates
828 4190 1099 4260 pervenit
1149 4189 1210 4245 in
1267 4194 1620 4261 potestatem
1676 4189 1990 4261 cujusdam

335 4273 420 4344 pii
452 4276 754 4345 monachi,
804 4278 1181 4350 Baripsabbaa
1239 4280 1632 4352 nomine,qui
1681 4295 1788 4350 per
1815 4277 1988 4334 illum

332 4361 537 4433 plures
565 4366 903 4422 curationes
933 4369 1270 4441 peragebat.
1305 4371 1637 4440 Antequam
1659 4373 1856 4423 autem
1885 4366 1986 4422 de-

331 4452 586 4523 cederet,
622 4461 893 4511 sanctum
944 4459 1303 4530 sanguinem
1333 4475 1455 4513 una
1484 4475 1620 4513 cum
1680 4456 1988 4512 cucurbita

328 4544 652 4614 accipiens,
685 4551 870 4602 totam
900 4547 1111 4603 urbem
1136 4548 1561 4621 regionemque
1593 4547 1759 4603 illam
1780 4547 1984 4602 obam-

326 4630 596 4701 bulabat,
624 4634 962 4706 frequentia
992 4643 1342 4709 perpetrans
1396 4637 1704 4693 miracula.
1739 4638 1865 4703 Qua
1919 4653 1984 4692 re

2125 2041 2250 2108 ἑστη
2282 2045 2360 2113 τῷ
2389 2040 2661 2116 κριτηρίῳ
2695 2044 2893 2099 Λυσίου
2923 2049 3021 2099 τοῦ
3049 2042 3262 2110 δουκός.
3298 2048 3395 2102 Καὶ
3428 2048 3782 2124 ὁμολογήσας

2125 2129 2403 2207 παρῥησιᾳ
2430 2131 2523 2186 τὸν
2554 2133 2810 2208 Χριστὸν,
2842 2135 2932 2189 καὶ
2985 2135 3083 2203 τήν
3122 2134 3334 2208 πλάνην
3395 2135 3636 2214 ἐλέγξας,
3692 2141 3784 2196 καὶ

2123 2223 2204 2286 τῷ
2262 2218 2430 2291 Λυσίᾳ
2488 2220 2924 2295 ἀντιταξάμενος,
2982 2226 3329 2299 κρεμασθεὶς,
3391 2225 3591 2306 ἐτύφθη
3646 2229 3783 2302 μετᾶ

2130 2307 2435 2385 βουνεύρων
2472 2354 2485 2379 ,
2571 2309 2661 2366 καὶ
2746 2311 2944 2385 ξεσθεὶς
3029 2314 3126 2376 τὰς
3201 2313 3427 2389 πλερὰς,
3487 2317 3575 2372 καὶ
3638 2317 3784 2392 λαμ-

2123 2394 2254 2451 πάσι
2284 2397 2685 2475 καταφλεχθεὶς
2746 2399 3057 2473 ἐκρεμάσθη
3112 2399 3204 2456 ἐπὶ
3260 2402 3480 2478 τείχους
3539 2404 3782 2478 ὑψηλοῦ,

2125 2487 2393 2562 σχοινίοις
2427 2485 2616 2552 δεθείς·
2649 2489 2738 2544 καὶ
2770 2487 3046 2564 ἐδετμήθη
3097 2491 3224 2555 τοὺς
3272 2491 3443 2556 πόδας
3473 2493 3649 2557 λίθοις
3683 2517 3782 2569 με·

2124 2574 2339 2650 γάλοις,
2374 2573 2659 2650 δεδεμένος
2686 2579 2768 2633 κεὶ
2809 2580 2904 2641 τὰς
2965 2585 3156 2654 χεῖρας
3211 2582 3410 2641 ὸπίσω.
3475 2583 3594 2638 Ἐπὶ
3628 2583 3774 2640 πολὺ

2125 2662 2184 2720 δὶ
2206 2667 2572 2740 κρεμάμενος,
2604 2667 2695 2722 καὶ
2750 2673 2871 2730 ταῖς
2922 2667 3161 2746 πληγαῖς
3221 2667 3636 2746 δαπαγώμενος,
3687 2672 3777 2729 καὶ

2120 2760 2200 2829 τῷ
2235 2756 2386 2832 βάρει
2415 2761 2524 2812 τῶν
2558 2755 2728 2813 λίθων
2758 2759 2826 2814 τὰ
2881 2763 3039 2833 νεῦρα
3100 2759 3524 2836 διατεινόμενος,
3558 2765 3650 2820 καὶ
3679 2786 3778 2820 κο-

2121 2840 2400 2920 πτόμενος
2431 2847 2754 2923 ηὐχαρίστει
2785 2853 2865 2922 τῷ
2911 2854 3047 2923 Θεῷ,
3106 2851 3197 2905 καὶ
3253 2853 3626 2929 προσηύχετο.
3679 2855 3775 2910 Καὶ

2121 2933 2266 2992 οὕτω
2299 2940 2509 3012 πικρῶς
2535 2937 2874 3011 βασανισθεὶς
2904 2937 3271 3012 ἐτελεύτησεν,
3313 2940 3394 3007 εἷς
3421 2947 3612 3017 χεῖρας
3645 2947 3781 2999 Θεοῦ

2117 3024 2180 3080 τὸ
2209 3029 2422 3100 πνεῦμα
2451 3029 2617 3082 αυτοῦ
2646 3028 3046 3102 παραθέμενος.

2682 3117 2865 3176 MHNI
2896 3123 2985 3197 Σῼ
3015 3124 3210 3198 arra.

2925 3239 2962 3290 ι,

2466 3351 2678 3426 Μνήμη
2709 3354 2808 3407 τοῦ
2861 3352 3021 3430 ἁγίου
3076 3349 3420 3431 Βαριψαϐϐἆ.

2183 3466 2332 3524 Κατὰ
2357 3467 2451 3523 τὸν
2469 3468 2660 3542 καιρὸν
2691 3469 2781 3524 ὅτε
2825 3469 2880 3524 οἱ
2929 3467 3206 3538 Ἰουδαῖοι,
3264 3467 3354 3527 διὰ
3411 3475 3630 3550 φθόνον,
3661 3475 3754 3531 τὸν

2111 3555 2309 3632 Κύριον
2364 3559 2526 3629 ἡμῶν
2581 3558 2796 3628 Ἰησοῦν
2846 3559 3083 3633 Χριστὸν
3140 3558 3500 3636 ἐσταύρωσαν,
3558 3563 3627 3633 ἦν
3676 3585 3761 3628 τις

2109 3641 2368 3708 Ἰακωὸος
2402 3642 2598 3720 ὄνομα,
2645 3648 2927 3722 παρεστὼς
2979 3653 3060 3720 τῷ
3120 3655 3356 3724 σταυρῷ.
3416 3653 3599 3715 Ὅστις
3631 3651 3765 3709 ἰδὼν

2107 3735 2198 3790 τὸν
2255 3735 2618 3811 στρατιώτην,
2675 3737 2769 3791 τὸν
2821 3734 3212 3808 ἐκκεντήσαντα
3289 3740 3423 3813 μετᾶ
3477 3745 3575 3796 τοῦ
3625 3762 3757 3797 κον·

2103 3824 2296 3899 ταρίου
2341 3825 2441 3893 τὴν
2495 3826 2736 3896 πλευρὰν
2792 3830 2889 3880 τοῦ
2947 3825 3162 3902 Κυρίου
3197 3873 3210 3898 ,
3261 3829 3362 3896 τήν
3422 3824 3760 3888 ἐκϐλύσασαν

2103 3914 2238 3986 αἷμα
2265 3912 2356 3968 καὶ
2387 3910 2558 3988 ὕδωρ,
2605 3910 2829 3986 δραμὼν
2889 3909 3053 3970 ἔλαϐε
3109 3913 3470 3987 καλόκυνθαν,
3515 3920 3608 3973 καὶ
3641 3917 3763 3977 ἐδέ-

2103 4007 2226 4077 ξατο
2260 4003 2312 4059 ἐν
2345 4002 2478 4078 αὐτη
2508 4003 2572 4059 τὸ
2601 4005 2787 4077 τίμιον
2839 4007 2996 4077 αἷμα,
3026 4004 3116 4060 καὶ
3147 4011 3371 4083 κατεῖχε
3418 4008 3617 4088 κρύφα.
3650 4009 3760 4068 Καὶ

2100 4091 2368 4148 τελευτῶν
2419 4091 2706 4148 κατέλιπεν
2761 4093 2894 4149 αὐτὸ
2953 4091 3049 4149 δὺο
3081 4093 3370 4172 ἐρημίταις
3425 4098 3758 4173 ἀνθρώποις.

2102 4183 2205 4239 Καὶ
2245 4182 2382 4239 κατᾶ
2409 4183 2594 4258 γενεὰν
2649 4181 2816 4252 ἦλθεν
2871 4181 2948 4246 εἷς
3003 4181 3288 4261 ἄνθρωπον
3349 4183 3555 4258 εὐλαϐῆ
3593 4210 3757 4262 μονα-

2101 4272 2229 4347 χὸν,
2265 4271 2489 4345 ὀνόματι
2523 4267 2896 4347 Βαριψαϐϐἆν,
2926 4274 3020 4330 τὸν
3051 4271 3121 4329 δι’
3145 4274 3308 4332 αὐτοῦ
3340 4275 3556 4340 πολλὰς
3587 4277 3757 4342 ἰάσεις

2100 4363 2496 4420 ἐπιτελέσαντα.
2555 4363 2670 4440 Πρὸ
2725 4361 2782 4419 δὲ
2835 4370 2938 4433 τῆς
2992 4365 3252 4437 τελευτῆς
3304 4367 3490 4438 αὐτοῦ,
3563 4364 3752 4426 λαϐὼν

2099 4453 2234 4508 mit?)
2289 4452 2351 4507 τὸ
2410 4453 2560 4527 ἅγιον
2616 4454 2774 4526 αἷμα,
2839 4454 2974 4527 μετὰ
3028 4461 3128 4524 τῆς
3177 4454 3542 4527 κολοκύνθης,
3595 4479 3750 4534 περι-

2099 4541 2280 4597 ἐπάτει
2311 4542 2448 4597 κατᾶ
2471 4547 2644 4597 πᾶσαν
2704 4541 2866 4598 πόλιν
2913 4545 3004 4598 καὶ
3063 4545 3253 4621 χώραν
3301 4553 3750 4624 θαυματουργῶν.

2098 4628 2328 4693 Ἰδόντες
2352 4629 2410 4686 δὲ
2439 4629 2598 4686 αὐτόν
2627 4652 2768 4694 τινες
2799 4633 2892 4688 τὸν
2951 4633 3080 4688 Θεὸν
3146 4636 3222 4708 μή
3278 4633 3635 4713 φοϐούμενοι,
3662 4637 3753 4692 καὶ

331 4721 765 4792 animadversa,
801 4726 1044 4796 quidam
1094 4728 1280 4782 Deum
1332 4727 1578 4782 minime
1612 4727 1893 4781 timentes
1923 4725 1986 4781 in

2118 4719 2439 4793 νομίσαντες,
2499 4722 2606 4790 δτι,
2665 4720 2753 4776 ἐὰν
2812 4722 2974 4778 αὐτὸν
3025 4723 3349 4800 φονεύσωσι,
3408 4726 3496 4781 καὶ
3543 4721 3755 4782 λάϐωσι

333 4825 464 4863 eam
495 4828 662 4882 spem
695 4820 1004 4881 venerunt,
1039 4821 1104 4870 ut
1140 4816 1211 4883 si,
1247 4815 1609 4887 Baripsabba
1649 4815 1982 4884 interfecto,

328 4899 665 4968 potirentur
696 4901 807 4972 ipsi
840 4903 1151 4959 cucurbita
1180 4921 1317 4959 cum
1350 4905 1611 4975 pretioso
1645 4904 1931 4975 sanguine
1965 4945 1980 4973 ,

330 5003 612 5058 magnum
635 4989 772 5045 inde
796 4997 1090 5061 quaestum
1123 4998 1326 5048 essent
1344 4992 1578 5048 facturi.
1602 4992 1786 5063 Igitur
1799 4998 1980 5050 noctu

328 5076 500 5132 illum
533 5077 725 5134 adorti
764 5081 1158 5137 interficiunt.
1216 5083 1288 5136 Et
1333 5083 1702 5138 cucurbitam
1733 5082 1978 5154 quidem

326 5173 712 5238 acceperunt;
736 5169 839 5224 sed
861 5170 1015 5224 nihil
1039 5187 1266 5240 eorum,
1291 5188 1422 5242 quae
1453 5170 1792 5244 sperabant,
1822 5172 1983 5228 inve-

322 5261 560 5313 nerunt.
596 5257 702 5314 Ille
732 5274 868 5314 vero
896 5259 979 5315 ita
1009 5260 1356 5329 trucidatus,
1394 5260 1671 5333 spiritum
1691 5261 1972 5320 reddidit.

969 5373 1193 5431 Eodem
1233 5375 1327 5432 die

323 5475 422 5533 28
453 5479 738 5536 Certamen
775 5487 1094 5537 sanctarum
1139 5489 1452 5553 martyrum
1480 5489 1530 5538 et
1559 5499 1810 5540 sororum
1857 5486 1980 5540 Me-

568 5571 814 5643 nodorw,
846 5571 1250 5642 Nymphodarw
1281 5579 1332 5629 et
1377 5573 1726 5632 Melrodoraa.

390 5693 728 5765 Menodora,
780 5697 1221 5769 Nymphodora,
1254 5704 1313 5754 et
1351 5699 1682 5755 Metrodora
1735 5716 1972 5756 sorores

319 5787 635 5856 martyres,
677 5801 747 5842 ex
775 5787 1018 5859 regione
1061 5788 1374 5862 Bithynia},
1398 5789 1753 5846 Maximiano
1784 5789 1975 5863 impe-

2093 4810 2192 4878 τήν
2251 4809 2588 4874 κολόκυνθαν
2653 4809 2790 4882 μετὰ
2851 4815 2950 4866 τοῦ
3006 4811 3200 4884 τιμίου
3257 4813 3508 4886 αἳματος,
3554 4811 3754 4890 κερδήο

2094 4920 2251 4954 σουσι
2284 4900 2549 4974 χρήματα
2607 4897 2816 4969 πολλὰ,
2873 4902 3065 4964 νυκτὸς
3125 4899 3455 4967 ἀπελθόντες
3503 4902 3755 4958 ἀπέκτει-

2092 5009 2210 5046 ναν.
2247 4987 2343 5045 Καὶ
2375 4982 2576 5044 ἔλαϐον
2599 4990 2700 5058 τήν
2733 4986 3094 5061 κολόκυνθαν,
3132 4989 3323 5064 μηδὲν,
3356 4993 3429 5046 ὧν
3481 4988 3748 5064 ἤλπισαν,

2095 5077 2368 5152 εύρόντες.
2401 5076 2504 5135 Καὶ
2529 5076 2694 5152 οὕτω,
2727 5077 2924 5150 θανὼν,
2951 5077 3235 5154 παρέδωκε
3262 5080 3324 5136 τὸ
3353 5085 3586 5154 πνεῦμα,

2663 5381 2744 5452 Τῇ
2791 5376 2927 5452 αὐτῇ
2973 5377 3174 5456 ἡμέρᾳ.

2088 5480 2364 5556 ’Ἂθλησις
2393 5486 2499 5540 τῶν
2536 5484 2568 5538 ά
2608 5483 2699 5540 ίων
2736 5486 3030 5582 μαρτύρων
3060 5488 3150 5543 καὶ
3182 5485 3535 5566 αύταδὲλφων
3560 5495 3742 5563 Μηνο-

2301 5554 2501 5614 δώρας.
2551 5507 2962 5614 ὖυιιιοοδωοας.
2990 5561 3080 5614 καὶ
3127 5557 3524 5614 Μητροδώοας.

2301 5554 2501 5631 δώρας,
2551 5554 2962 5634 Νυμφοδώρας,
2990 5561 3080 5614 καὶ
3127 5554 3524 5637 Μητροδώρας.

2157 5695 2219 5749 Ἥ
2245 5690 2452 5769 μάρτυς
2484 5691 2819 5771 Μηνοδώρα,
2884 5694 3021 5770 μετὰ
3076 5693 3465 5776 Νυμφοδώρας
3494 5698 3586 5754 καὶ
3616 5704 3746 5768 Μη-

2083 5779 2368 5862 τρόδώρας
2419 5786 2530 5838 τῶν
2580 5780 2834 5864 ἀδελφῶν
2867 5784 3035 5859 αὐτῆς
3070 5787 3310 5866 ὗπῆργεν
3367 5789 3454 5846 ἐπὶ
3503 5794 3605 5861 τῆς
3654 5788 3751 5866 βα-
