4142 6440
294 426 369 486 ιι
1787 423 2026 489 SEPTE

2139 426 2281 489 :ER.
3676 426 3757 488 48

302 554 518 617 σιλείας
541 556 929 629 Μαξιμιανοῦ,
978 554 1041 612 ἐκ
1092 562 1195 628 τῆς
1251 556 1439 633 χώρας
1494 558 1770 627 Βιθυνίας,
1799 578 2026 626 κατοικ

2139 567 2298 631 ante,
2328 561 2592 617 fuerunt.
2623 560 2984 617 Habitabant
3010 564 3205 617 autem
3256 558 3319 616 in
3374 558 3624 632 Pythiis,
3654 557 3763 615 ubi

308 649 487 700 κοῦσα
543 642 599 699 ἐν
658 649 778 707 τοῖς
832 646 1089 719 πυθίοις,
1147 641 1272 701 ἔνθα
1324 646 1394 703 τὰ
1450 647 1626 723 θερμᾶ
1682 646 1999 724 ἐξέρχονται

2141 651 2314 708 alidae
2343 650 2643 723 prodeunt
2674 667 2858 723 aqua).
2897 651 3044 707 Cum
3062 668 3199 707 vero
3227 650 3535 706 Christum
3560 649 3765 722 dilige-

300 732 513 792 ὕδατα.
564 734 669 792 Τὸν
728 737 975 810 Χριστὸν
1029 733 1088 790 δὲ
1147 735 1453 813 ἀγαπῶσαι,
1484 734 1573 792 καί
1620 735 1711 792 ἐπὶ
1762 741 1844 809 τῷ
1875 736 2001 791 ὀνό-

2139 747 2262 809 ent,
2293 746 2472 812 atque
2495 740 2557 796 in
2584 742 2635 814 ej
2646 757 2712 796 us
2731 741 2972 796 nomine
2987 741 3219 796 Graecos
3242 739 3582 804 edocerent,
3605 754 3770 793 com-

326 846 459 897 ματι
491 823 662 879 αὐτοῦ
686 824 821 889 τοὺς
850 823 1141 895 Ἕλληνας
1195 821 1571 898 διδάσκουσαι,
1601 825 2000 905 ἐκρατήθησαν,

324 914 476 981 παρὰ
526 919 629 967 τοῦ
683 920 787 983 τῆς
858 916 1053 989 χώρας
1112 915 1405 991 ἄρχοντος.
1468 914 1564 970 Καὶ
1622 914 2000 987 ἐρωτηθεῖσαι,

334 1001 717 1078 ὡμολόγησαν
748 1003 842 1058 τὸν
892 1004 1148 1076 Χριστόν.
1179 1005 1275 1059 Διὰ
1305 1009 1468 1060 τοῦτο
1498 1005 1755 1060 τύπτεται
1786 1008 2004 1081 πρῶτον

332 1094 369 1160 ἡ
430 1092 630 1163 πρώτη
688 1089 905 1166 ἀδελφὴ
972 1088 1302 1168 Μηνοδώρου
1366 1093 1456 1147 καὶ
1516 1088 1741 1169 ῥάϐδοις
1792 1090 2004 1166 συντρί-

334 1178 493 1235 ϐεται
552 1180 620 1235 τὰ
681 1178 852 1251 σκέλη
923 1180 1092 1249 αὐτῆς
1127 1223 1141 1240 .
1198 1182 1299 1238 Καὶ
1378 1178 1522 1237 οὕτω
1579 1181 2002 1258 προσευχομένη

336 1268 666 1340 ἐτελειώθη.
728 1269 1029 1345 Ηροσέταξε
1085 1267 1143 1325 δὲ
1172 1271 1200 1325 ὁ
1232 1269 1420 1347 ἄρχων
1453 1272 1675 1341 τεθῆναι
1705 1272 1768 1327 τὸ
1800 1268 2004 1346 λείψα-

335 1379 434 1413 νον
493 1356 666 1426 αὐτῆς
713 1355 1021 1431 ἔμπροσθεν
1051 1361 1159 1412 τῶν
1194 1357 1382 1414 ἄλλων
1444 1356 1722 1428 ἀδελφῶν,
1754 1360 1891 1435 πρὸς
1943 1357 2006 1412 τὸ

334 1441 667 1522 ἐκφοϐῆσαισ
700 1445 791 1499 καὶ
824 1446 939 1501 εἶπε
986 1446 1125 1520 πρὸς
1186 1445 1368 1510 αὐτάς
1427 1447 1631 1504 Θῦσςιτε
1685 1453 1803 1509 τοῖς
1860 1450 2004 1511 θεοῖς

338 1533 429 1589 ἵνα
461 1536 540 1607 μὴ
572 1535 642 1589 τά
672 1534 841 1606 ὅμοια
868 1538 939 1609 τῇ
972 1534 1185 1615 ἀδελφῇ
1220 1536 1374 1609 ὑμῶν
1422 1536 1649 1608 πάθητε.
1699 1537 1788 1599 Ὠς
1821 1534 1879 1591 δὲ
1909 1535 2009 1591 οὐκ

340 1618 578 1695 ἔπεισεν,
611 1622 863 1679 ἐκέλευσε
907 1629 1030 1686 τοῖς
1087 1622 1311 1699 δημίοις
1358 1625 1451 1681 καὶ
1508 1627 1673 1689 αὐτὰς
1730 1630 2005 1704 φονεῦσαι.

344 1718 444 1767 Καὶ
476 1712 679 1774 εὐθέως
738 1708 1001 1775 λαϐόντες
1061 1714 1114 1768 οἱ
1174 1712 1365 1787 δήμιοι
1424 1713 1677 1790 μοχλοὺς
1725 1713 2008 1792 σιδηροῦς,

345 1802 673 1877 συνέτριψαν
705 1801 881 1856 πάντα
935 1801 1004 1857 τὰ
1047 1800 1190 1875 μέλη
1224 1802 1425 1860 αὐτῶν.
1459 1804 1556 1858 Καὶ
1607 1802 1751 1858 οὕτω
1778 1803 2010 1858 τελειω-

2107 831 2418 902 prehensas
2449 848 2483 886 a
2527 830 2787 902 regionis
2831 829 3085 901 praeside
3134 833 3312 899 atque
3370 829 3771 901 interrogata,

2111 921 2411 976 Christum
2442 921 2724 993 professae
2771 925 2929 977 sunt.
2984 918 3381 984 Quamobrem
3431 917 3770 987 Menodora,

2112 1027 2384 1065 sororum
2406 1014 2550 1065 natu
2562 1009 2844 1078 maxima,
2859 1009 3118 1081 primum
3138 1007 3317 1080 virgis
3334 1006 3602 1074 caeditur,
3619 1005 3671 1078 ej
3683 1022 3774 1060 us-

2112 1118 2225 1172 que
2257 1117 2432 1155 crura
2453 1099 2906 1155 contunduntur
2928 1114 2942 1152 :
2967 1103 3142 1169 atque
3163 1097 3248 1152 ita
3264 1113 3462 1164 orans,
3485 1094 3766 1151 decessit.

2111 1188 2290 1261 Cujus
2312 1189 2598 1261 reliquias
2607 1188 2792 1260 jussit
2811 1204 3034 1260 praeses
3060 1203 3261 1243 coram
3296 1185 3430 1242 aliis
3461 1183 3768 1240 sororibus

2111 1277 2351 1349 apponi,
2377 1283 2445 1333 ut
2474 1283 2762 1332 terrorem
2789 1276 2912 1333 illis
2942 1276 3275 1331 incuteret:
3300 1273 3768 1343 hortabaturque

2110 1372 2179 1421 ut
2207 1366 2321 1421 diis
2353 1382 2521 1423 sacra
2549 1366 2836 1433 facerent,
2870 1382 2946 1420 ne
2979 1365 3187 1421 eadem
3219 1381 3351 1435 quae
3383 1380 3573 1428 soror,
3604 1366 3769 1433 pate-

2111 1462 2336 1511 rentur.
2373 1456 2487 1511 Sed
2517 1473 2652 1512 cum
2703 1455 2857 1512 nihil
2905 1453 3159 1511 dicendo
3221 1453 3505 1522 efﬁceret,
3548 1468 3773 1524 prince-

2115 1548 2204 1619 pit
2233 1546 2542 1603 lictoribus
2573 1552 2637 1602 ut
2669 1551 2727 1601 et
2756 1546 2917 1618 ipsas
2968 1543 3331 1601 occiderent.
3361 1544 3471 1609 Qui
3523 1541 3778 1614 arreptis

2117 1637 2319 1691 statim
2335 1635 2546 1692 ferreis
2572 1635 2859 1704 vectibus,
2893 1634 3095 1690 omnia
3115 1649 3320 1689 earum
3344 1631 3614 1688 membra
3637 1647 3779 1687 con-

2118 1724 2420 1781 tuderunt.
2466 1727 2659 1796 Atque
2713 1724 2799 1779 ita
2856 1723 3211 1794 martyrium
3268 1726 3778 1787 consummantes,

2119 1814 2367 1885 sepultae
2402 1819 2541 1869 sunt
2580 1830 2764 1886 prope
2810 1811 3034 1869 calidas
3077 1827 3287 1883 aquas,
3322 1810 3530 1866 multis
3561 1809 3787 1866 sanita-

345 1890 545 1960 θεῖσαι,
580 1888 858 1968 ἐτάφησαν
890 1889 1131 1960 πλησίον
1161 1895 1268 1946 τῶν
1299 1895 1516 1969 θερμῶν
1549 1889 1757 1947 ὀδάτων
1794 1936 1809 1963 ,
1842 1892 2011 1953 ἰάσεις

2139 1921 2246 1959 ;em
2272 1902 2673 1959 restituentes.

344 1980 412 2036 ἐπ
421 1980 725 2040 ιτελοῦσαι.

917 2086 1097 2144 MHNI
1146 2088 1235 2165 To
1263 2091 1463 2168 ΔΥΤῼ.

1146 2194 1235 2252 IA‘

352 2298 629 2370 Ἀθλησις
723 2302 837 2355 τῶν
925 2298 1095 2378 ἁγίων
1188 2300 1476 2378 μαρτύρων
1573 2302 1855 2382 Διοδώρου
1930 2319 2024 2376 καὶ

1060 2404 1322 2481 Διδύμου.

429 2510 739 2586 Διόδωρος,
787 2515 877 2568 καὶ
916 2510 1172 2586 Δίδυμος,
1206 2516 1258 2569 οἱ
1316 2520 1412 2571 τοῦ
1464 2520 1700 2592 Χριστοῦ
1732 2522 2025 2598 μάρτυρες,

355 2604 617 2679 ὑπῆρχον
654 2604 748 2676 μὲν
785 2602 844 2658 ἐκ
870 2610 970 2673 τῆς
1001 2604 1219 2667 πόλεως
1253 2604 1576 2670 Λαοδικείας
1634 2612 1734 2683 τῇς
1797 2612 2019 2686 Συρίας.

351 2694 674 2763 Χριστιανοὶ
732 2690 791 2748 δὲ
841 2689 1014 2765 ὄντες,
1072 2691 1352 2750 ἐδίδασκον
1410 2698 1614 2760 πάντας
1671 2698 1761 2754 ἐπὶ
1788 2703 1868 2773 τῷ
1898 2701 2020 2757 ὁνό-

354 2804 488 2856 ματι
516 2783 727 2858 Κυρίου
782 2787 879 2838 τοῦ
923 2790 1059 2838 Θεου
1089 2786 1274 2858 ἡμῶν,
1304 2788 1403 2841 τοῦ
1433 2789 1764 2857 ποιήσαντος
1795 2790 1885 2845 τὸν
1928 2791 2019 2846 οό-

351 2875 519 2948 ρανὸν
580 2875 670 2929 καὶ
726 2875 828 2943 την
881 2879 1004 2951 γῆν,
1058 2877 1151 2929 καὶ
1209 2878 1386 2931 πάντα
1438 2878 1507 2933 τὰ
1563 2877 1615 2933 ἐν
1664 2876 1871 2943 αὐτοῖς,
1922 2881 2021 2936 Καὶ

353 2961 614 3028 πολλοὺς
684 2968 795 3019 τῶν
885 2964 1126 3019 ἀπίστων
1202 2963 1639 3044 ἐπιστρέφοντες,
1710 2964 2018 3044 ἐϐάπτιζον,

355 3048 763 3122 Διαϐληθέντες
796 3049 853 3108 δὲ
882 3054 1030 3129 παρὰ
1056 3057 1164 3108 τῶν
1198 3050 1473 3111 δυσσεϐὧν
1508 3056 1793 3130 Ἑλλήνων
1825 3064 1904 3134 τῷ
1924 3069 2025 3132 τῆς

355 3140 692 3207 Λαοδικείας
748 3141 1015 3218 ἄρχοντι,
1074 3144 1416 3219 παρέστησαν
1461 3150 1542 3218 τῷ
1593 3150 1867 3226 κριτηρίῳ
1922 3151 2022 3206 αὖ-

353 3237 458 3288 τοῦ
492 3278 508 3292 ,
561 3232 662 3287 Καὶ
723 3230 1086 3307 ἐρωτηθέντες
1120 3275 1134 3300 ,
1203 3237 1292 3287 καὶ
1372 3234 1595 3299 ἑαυτοὺς
1662 3241 2020 3313 Χριστιανοὺς

2686 2080 2927 2136 EODEM
2964 2078 3217 2134 MENSE.

2736 2169 2838 2225 Die
2859 2168 3177 2224 undecima

2203 2261 2302 2318 29
2336 2262 2619 2317 Certamen
2646 2265 2961 2315 sanctorum
3019 2264 3326 2328 martyrum
3367 2256 3615 2324 Diodori,
3660 2260 3715 2310 et

2835 2348 3078 2417 Didymi.

2204 2440 2495 2496 Diodorus
2523 2443 2582 2495 et
2609 2437 2916 2510 Didymus,
2951 2437 3168 2494 Christi
3199 2440 3514 2508 martyres,
3540 2451 3612 2490 ex
3639 2433 3788 2490 urbe

2133 2531 2312 2603 Syriae
2362 2528 2651 2585 Laodicea
2706 2526 2967 2582 fuerunt.
3025 2527 3171 2582 Cum
3229 2530 3430 2581 autem
3461 2522 3784 2580 Christiani

2132 2624 2352 2688 essent,
2385 2617 2681 2674 docebant
2720 2632 2928 2672 omnes
2986 2615 3049 2671 in
3115 2616 3359 2671 nomine
3417 2612 3651 2670 Domini
3682 2611 3787 2667 Dei

2132 2709 2344 2779 nostri,
2369 2708 2470 2780 qui
2501 2706 2642 2762 fecit
2659 2706 2875 2762 caelum
2899 2710 2958 2760 et
2980 2711 3221 2773 terram,
3254 2708 3314 2760 et
3342 2703 3545 2759 omnia
3570 2718 3703 2774 qua)
3724 2701 3788 2757 in

2132 2799 2218 2854 eis
2240 2802 2409 2853 sunt:
2428 2794 2771 2866 multosque
2786 2792 3121 2849 inﬁdelium
3142 2795 3575 2861 convertentes,
3594 2789 3790 2861 bapti-

2131 2887 2362 2943 zabant.
2392 2884 2580 2939 Delati
2612 2883 2791 2955 igitur
2817 2881 2890 2938 ab
2913 2881 3115 2954 impiis
3147 2881 3363 2937 Gracis
3385 2879 3459 2935 ad
3481 2878 3785 2935 Laodicea:

2132 2974 2469 3049 praesidem,
2490 2972 2565 3028 ad
2580 2971 2743 3026 illius
2772 2970 3036 3026 tribunal
3056 2969 3472 3042 producuntur
3496 2984 3509 3022 :
3532 2968 3792 3023 interro-

2133 3066 2393 3140 gatique,
2426 3078 2562 3119 cum
2603 3078 2665 3117 se
2696 3061 2858 3133 ipsos
2913 3060 3282 3117 Christianos
3335 3058 3787 3131 profiterentur,

2133 3156 2350 3213 acriter
2370 3152 2757 3225 vapularunt;
2808 3150 3031 3221 diuque
3062 3150 3224 3216 torti,
3272 3164 3409 3205 cum
3438 3164 3560 3203 non
3592 3147 3790 3203 solum

2132 3245 2430 3301 Christum
2459 3258 2582 3297 non
2605 3239 2989 3313 abnegarent,
3019 3238 3123 3294 sed
3144 3238 3444 3294 idolorum
3467 3238 3648 3294 etiam
3673 3236 3791 3292 im-

356 3288 819 3398 ὁμολογήσαντες
844 3364 859 3391 ,
885 3288 1166 3396 ,ίσχυρᾶίς
1221 3288 1557 3400 ἐτύφθησανξ
1576 3288 1594 3299 ν

2139 3288 2430 3301 suum-..
2461 3288 2582 3297 ..ω
2605 3288 2989 3313 ,ωηο-ηπ--.
3019 3288 3123 3294 --_
3144 3288 3444 3294 __-_-____
3471 3288 3648 3294 ---νὴ
3674 3288 3757 3292 η-

2139 3340 2446 3408 posturam
2458 3333 2803 3387 constanter
2815 3326 3788 3400 reprehenderent,praasidemque

355 3410 771 3486 τιμωρηθὲντες
806 3454 821 3479 ,
878 3410 966 3464 καὶ
1025 3409 1119 3464 τὸν
1180 3411 1409 3485 Χριστὸν
1467 3414 1545 3487 μὴ
1593 3412 1968 3491 ἀρνησάμενοι
2004 3464 2019 3493 ,

354 3498 510 3554 ἀλλὰ
570 3497 787 3572 μᾶλλον
839 3499 939 3568 τήν
997 3502 1105 3553 τῶν
1164 3496 1411 3556 εἲδώλων
1490 3501 1702 3575 πλάνην
1759 3505 2023 3584 ἀνδρείως

358 3588 681 3662 ἐλέγξαντες
715 3632 729 3658 ,
784 3587 875 3642 καὶ
932 3587 1027 3642 τὸν
1082 3584 1325 3662 ἄρχοντα
1355 3632 1372 3663 ,
1429 3589 1504 3646 ὡς
1558 3594 1898 3669 παράνομον,
1929 3599 2020 3653 καὶ

366 3683 554 3739 κακῶς
583 3678 882 3753 πράττοντα
943 3675 1323 3748 ὀνειδίσαντες,
1382 3681 1475 3736 καὶ
1530 3682 1607 3747 εἷς
1636 3685 1699 3740 τὸ
1730 3686 2024 3762 πρόσωπον

371 3767 544 3823 αὐτοῦ
584 3766 967 3840 ἐμπτύσαντες,
1018 3767 1093 3830 ὡς
1147 3768 1239 3823 τὸν
1299 3767 1561 3842 ἀληθινὸν
1610 3775 1737 3831 Θεὸν
1798 3778 2029 3836 καταλι-

2137 3430 2203 3481 ut
2234 3422 2487 3494 impium
2518 3425 2577 3476 et
2604 3419 2880 3489 iniquum
2915 3416 3318 3484 traducerent,
3350 3417 3533 3487 inque
3563 3416 3692 3488 ejus
3722 3431 3789 3470 os

2139 3514 2517 3584 exspuerent,
2538 3507 2716 3580 quod,
2740 3507 3135 3563 verumDeum
3166 3506 3474 3573 deserens,
3502 3504 3793 3561 falsorum

2136 3603 2435 3659 idolorum
2460 3598 2653 3655 cultor
2683 3600 2839 3652 esset
2863 3613 2877 3663 ;
2902 3596 2967 3651 in
2998 3594 3142 3667 ipsis
3184 3594 3545 3651 cruciatibus
3574 3594 3795 3667 gratias

2139 3695 2402 3766 agentes,
2434 3686 2852 3758 Christumque
2884 3690 3217 3757 precantes,
3239 3684 3461 3741 mortui
3490 3688 3651 3741 sunt.

363 3877 561 3927 ποντα,
594 3856 683 3911 καὶ
722 3854 970 3946 ψευδέσιν
1026 3854 1281 3921 εἷδώλοις
1328 3860 1747 3937 προσκείμενον⁶
1807 3867 2278 3946 εὐχαριστοῦντες,
2334 3867 2426 3923 καὶ
2455 3869 2534 3939 τῷ
2592 3865 2810 3940 Χριστῷ
2866 3864 3327 3941 προσευχόμενοι,
3359 3862 3412 3918 ἐν
3461 3861 3648 3926 αὐταῖς
3676 3865 3795 3925 ταῖς

365 3948 631 4025 βασάνοις
654 3945 938 4004 ἀπέθανον.

961 4039 1047 4111 Τῇ
1080 4035 1215 4113 αὐτῇ
1258 4040 1441 4113 ἡμέρᾳ

360 4135 639 4205 Ἀθλησις
678 4140 779 4204 τῆς
833 4133 985 4210 ἁγίας
1021 4132 1293 4213 μᾶρτυρος
1351 4140 1488 4211 Ἴας,
1544 4148 1645 4212 τῆς
1699 4142 1750 4199 ἐν
1807 4143 2026 4221 Περσίδι

978 4228 1423 4299 μαρτυρησάσης·

440 4315 509 4371 Ἢ
540 4316 642 4368 τοῦ
671 4315 905 4386 Χριστοῦ
958 4315 1162 4401 μαρτυς
1213 4316 1298 4373 ’Ῑα
1329 4317 1575 4394 ὑπῆρχεν
1625 4320 1732 4376 ἀπὸ
1790 4323 2034 4401 Κάπρου

360 4406 691 4476 Ῥωμαϊκοῦ
720 4402 959 4487 πλησίον
998 4400 1343 4477 διακειμένου
1372 4413 1476 4476 τῆς
1533 4408 1725 4486 χώρας
1753 4400 2033 4487 Περσίδος⁸

371 4494 484 4549 ὕπὸ
526 4490 586 4547 δὲ
647 4486 930 4565 Σαϐωρίου
986 4497 1086 4548 τοῦ
1145 4493 1419 4569 βασιλέως
1478 4499 1700 4571 Ηερσῶν
1761 4486 2034 4577 ἐκρατήθη

367 4581 748 4657 αἰχμάλωτος
807 4581 955 4654 μετὰ»
1001 4579 1275 4656 χιλιάδων
1322 4582 1469 4639 ἐννέα
1526 4588 1885 4663 Χριστιανῶν.
1932 4592 2037 4648 Καὶ

362 4670 769 4747 διαγνωσθεῖσα
800 4714 815 4741 ,
870 4670 955 4725 ὅτι
1007 4672 1101 4727 τὸν
1152 4673 1383 4748 Χριστὸν
1443 4670 1655 4732 σέϐεται
1690 4721 1704 4747 ,
1757 4676 2033 4755 παρεδόθη

362 4767 487 4823 τοῖς
538 4757 907 4835 ἂρχιμάγοις,
945 4759 1034 4815 ἐπὶ
1063 4765 1145 4833 τῷ
1190 4766 1600 4835 τιμωρηθῆναι.
1634 4766 1848 4830 ΟἶτιΑες
1881 4769 2039 4843 ἀναγ-

366 4845 635 4907 κάσαντες
674 4844 839 4913 αὐτὴν
905 4845 1241 4920 ἀρνήσασθαι
1296 4848 1390 4903 τὸν
1449 4849 1706 4924 Χριστὸν,
1768 4851 1831 4907 οὐ
1875 4853 2040 4927 μόνον

371 4935 478 4990 οὐκ
535 4931 778 5003 ἔπεισαν,
836 4932 984 4989 ἂλλᾶ
1039 4934 1130 4989 καὶ
1186 4935 1660 5013 κατεγελάσθησαν
1714 4942 1803 4996 ὑπ’
1851 4943 2045 5011 αὐτῆς,

375 5025 479 5081 Διᾶ
506 5027 674 5079 τοῦτο
730 5017 1002 5095 ἐνεϐλήθη
1034 5023 1110 5086 είς
1162 5024 1440 5104 φυλακὴν,
1499 5029 1698 5104 χρόνον
1731 5029 2043 5107 ὁλόκληρον

376 5119 459 5186 τῷ
522 5112 676 5184 λιμῷ
721 5111 1205 5197 καταπονοομένηἶ
1249 5117 1384 5170 Εἶτα
1431 5111 1764 5188 ἐκϐληθεῖσα
1817 5126 1917 5189 τῆς
1947 5141 2045 5197 φυ-

380 5200 585 5269 λακῆς,
648 5199 850 5278 ἐτῦφθη
914 5201 1050 5272 μετὰ
1107 5195 1345 5276 ῥαϐδίων
1398 5203 1598 5280 ῥοῖνων
1647 5195 2045 5283 ἀκαθαρίστων,

352 5291 481 5346 ⁶Καὶ
555 5289 723 5345 πάλιν
810 5287 1232 5346 ἀποκλεισθεῖσα
1312 5291 1400 5348 ἐπὶ
1486 5291 1775 5351 δεκαπέντε
1852 5299 2046 5369 μῆνας,

380 5382 624 5456 παρέστη
656 5383 739 5451 τῷ
807 5380 1078 5455 κριτηρίῳ
1116 5386 1226 5436 τῶν
1286 5383 1644 5460 ἀρχιμάγων.
1701 5387 1805 5442 Καὶ
1839 5384 2052 5443 δεθεῖσα

356 5473 666 5549 -σχοινίοις
699 5471 924 5532 λεπτοῖς
976 5472 1073 5533 τὰς
1097 5477 1288 5548 χεῖρας
1318 5474 1407 5528 καὶ
1434 5474 1560 5538 τοὺς
1595 5476 1808 5550 μηροὺς
1864 5477 2052 5534 καὶτὰ

386 5561 557 5632 σκέλη
611 5559 952 5637 συνεσφίχθη
1014 5559 1119 5615 ὑπὸ
1167 5564 1483 5640 στυρακίουο
1514 5561 1619 5628 ἕως
1669 5567 1739 5622 τὰ
1796 5567 1926 5623 ὀστᾶ
1952 5566 2051 5622 αὐ-

356 5659 489 5724 -τῆς
536 5651 774 5729 τρισμὸν
829 5648 1114 5719 ἐποίησαν.
1172 5651 1279 5707 Καὶ
1326 5652 1494 5710 πάλιν
1553 5653 1756 5732 ἐτύφθη
1818 5654 1908 5712 διὰ
1937 5655 2053 5712 λω-

386 5744 520 5816 ρίων
551 5733 906 5814 ὠμοϐύρσων
935 5738 1033 5803 τὰς
1060 5740 1198 5813 ψύας
1226 5740 1320 5796 καὶ
1375 5743 1475 5811 τήν
1507 5742 1747 5804 κοιλίαν.
1779 5747 1884 5803 Καὶ
1918 5748 2054 5820 μετᾶ

381 5837 550 5887 ταῦτα
571 5830 1002 5905 εὐχαριστοῦσα,
1042 5823 1131 5882 διὰ
1159 5827 1346 5907 ξίφους
1372 5829 1588 5905 ἐτμήθη
1634 5833 1734 5902 τήν
1788 5832 2056 5914 κεφαλὴν,

675 5949 948 6010 Ριτιιοι..
996 5947 1106 6009 Gn.
1155 5947 1391 6011 CXVII.

2786 4044 3008 4100 Eodem
3038 4043 3135 4100 die

2138 4141 2240 4198 δυ
2271 4140 2558 4195 Certamen
2613 4140 2817 4192 sancta
2865 4135 3128 4205 martyris
3156 4135 3252 4203 Iw,
3305 4150 3429 4205 qua
3479 4135 3541 4189 in
3573 4129 3794 4189 Perside

2672 4226 3019 4294 fmartyrium
3046 4224 3238 4280 subiit.

2216 4319 2281 4373 Ia
2308 4315 2529 4373 Christi
2565 4318 2793 4384 martyr
2824 4328 2894 4368 ex
2919 4314 3122 4368 Castro
3171 4314 3437 4368 Romano
3471 4310 3601 4380 fuit,
3633 4308 3793 4381 quod

2142 4408 2317 4479 juxta
2338 4405 2643 4475 regionem
2665 4401 2926 4457 Persidis
2949 4401 3127 4455 situm
3152 4406 3261 4457 est.
3284 4402 3328 4456 A
3357 4402 3575 4472 Sapore
3596 4404 3799 4455 autem

2151 4498 2465 4551 Persarum
2486 4507 2622 4563 rege
2635 4507 2756 4547 una
2771 4505 2905 4546 cum
2920 4505 3131 4545 novem
3152 4489 3419 4545 millibus
3437 4488 3804 4543 Christiano-

2145 4601 2279 4641 rum
2292 4582 2520 4654 captiva
2532 4580 2807 4650 abducta,
2821 4579 3242 4651 Christumque
3254 4577 3449 4634 colere
3472 4577 3805 4649 deprehen-

2150 4691 2236 4742 sa,
2266 4671 2520 4728 traditur
2550 4684 2856 4740 magorum
2895 4667 3292 4740 principibus,
3310 4672 3375 4723 ut
3404 4671 3805 4738 torqueretur.

2154 4764 2199 4817 A
2233 4760 2449 4832 quibus
2489 4775 2621 4815 cum
2684 4758 2941 4813 deﬁcere
2972 4772 3007 4812 a
3034 4756 3266 4812 Christo
3325 4755 3809 4828 compelleretur,

2158 4866 2281 4906 non
2311 4847 2490 4905 modo
2512 4847 2586 4904 ad
2619 4847 2679 4902 id
2739 4846 2942 4902 induci
2969 4862 3090 4901 non
3115 4847 3326 4917 potuit,
3358 4844 3464 4901 sed
3491 4845 3691 4917 potius
3712 4859 3815 4900 eos

2158 4940 2386 4997 derisit.
2421 4937 2818 5005 Quamobrem
2848 4937 2912 4992 in
2963 4952 3262 4993 carcerem
3323 4936 3681 5005 detruditur,
3712 4933 3818 4991 ubi

2158 5047 2266 5103 per
2294 5045 2521 5086 annum
2553 5029 2849 5101 integrum
2882 5027 3039 5083 fame
3068 5031 3371 5084 macerata
3398 5030 3507 5085 est.
3534 5025 3758 5083 Deinde
3787 5039 3821 5080 ο

2161 5119 2432 5176 custodia
2462 5117 2695 5185 educta,
2727 5104 3112 5171 horrentibus
3143 5115 3440 5172 malorum
3469 5115 3823 5187 punicorum

2157 5209 2340 5282 virgis
2361 5206 2632 5273 caaditur,
2656 5212 2716 5261 et
2735 5221 2942 5261 rursus
2969 5204 3257 5261 custodias
3287 5205 3546 5261 traditur
3566 5202 3825 5275 quinde-

2157 5299 2275 5354 cim
2307 5297 2606 5353 mensium
2661 5295 2872 5367 spatio.
2907 5297 3121 5350 Postea
3152 5294 3439 5351 tribunali
3480 5293 3823 5365 principum

2157 5402 2469 5459 magorum
2497 5385 2729 5441 sistitur
2752 5401 2765 5451 ;
2792 5384 3043 5456 ejusque
3065 5401 3303 5451 manus,
3320 5383 3550 5438 femora
3572 5384 3632 5435 et
3650 5393 3826 5435 crura

2159 5477 2361 5533 hastili
2396 5475 2674 5531 tenuibus
2697 5473 2845 5530 adeo
2889 5473 3133 5529 funibus
3164 5474 3408 5528 astricta
3437 5474 3598 5535 sunt,
3629 5468 3822 5524 donec

2160 5566 2455 5637 crepitum
2484 5568 2546 5620 et
2575 5563 2895 5620 stridorem
2927 5562 3090 5618 illius
3121 5576 3259 5617 ossa
3290 5558 3550 5614 edidere.
3576 5558 3666 5614 Ad
3696 5558 3827 5614 haec

2160 5656 2359 5712 nervis
2388 5654 2629 5710 bubulis
2683 5653 2745 5709 in
2802 5652 3023 5708 lumbis
3065 5656 3124 5706 et
3163 5654 3367 5705 ventre
3397 5648 3669 5706 cwditur.
3703 5649 3825 5704 De-

2165 5761 2332 5803 mum
2359 5744 2578 5818 gratias
2616 5759 2818 5817 agens,
2850 5741 3046 5814 gladio
3085 5737 3436 5798 decolletur.
