4142 6424
410 405 490 481 43
1734 411 2072 478 MENDLO‘

2221 417 2430 483 PARS
2471 420 2524 484 ι.
3756 437 3842 499 «μ

1067 543 1290 605 Eodem
1319 545 1414 603 die

423 649 517 713 8]
556 648 1007 706 Commemoratio
1045 659 1245 708 sanctae
1303 653 1602 710 Theodore:
1652 653 2075 712 Alexandrina.

494 757 708 813 Sancta
734 758 1041 815 Theodora
1061 759 1637 833 ﬂoruitimperatore
1667 762 1919 818 Zenone.
1946 766 2078 818 Haec

423 844 615 900 forma
634 847 874 919 insigni,
899 853 958 903 et
980 848 1344 921 locupletum
1363 856 1676 922 parentum
1696 852 1843 917 filia,
1858 868 2076 924 nupse-

425 941 518 990 rat
541 935 663 991 viro
694 937 792 1009 pio
809 954 876 993 ac
908 936 1141 993 timenti
1176 941 1384 994 Deum.
1412 940 1580 996 Dives
1602 945 1803 997 autem
1834 940 2078 1012 quidam

423 1040 558 1080 cum
591 1042 623 1080 a
654 1026 889 1081 diabolo
914 1033 1246 1084 commotus
1268 1029 1505 1085 arderet
1531 1030 1694 1085 illius
1726 1046 1948 1099 amore,
1973 1030 2080 1086 ad-

424 1114 613 1169 hibita
646 1115 803 1184 lena,
834 1115 1025 1172 factus
1058 1124 1147 1172 est
1174 1119 1290 1173 voti
1324 1120 1415 1174 sui
1447 1136 1706 1191 compos.
1748 1120 1891 1185 Post
1917 1137 2076 1176 com-

426 1202 674 1257 missum
698 1210 1006 1275 peccatum
1028 1206 1344 1275 Tneodora,
1379 1224 1511 1263 cum
1540 1208 1679 1264 facti
1700 1208 1868 1264 illam
1896 1208 2080 1280 pumi-

425 1296 595 1359 teret,
615 1309 810 1364 neque
826 1295 1214 1365 ignominiam
1227 1297 1487 1368 perferre
1510 1303 1732 1370 posset,
1758 1304 1934 1353 exuta
1947 1314 2077 1353 mu-

424 1382 598 1438 liebri
631 1386 803 1453 stola,
838 1385 1032 1441 induit
1061 1387 1293 1443 virilem
1325 1389 1606 1461 pauperis
1656 1388 1951 1455 habitum,
1982 1389 2077 1444 in-

424 1488 748 1545 gressuque
793 1475 1054 1531 virorum
1112 1479 1568 1546 monasterium,
1601 1481 1860 1551 seipsam
1890 1479 2081 1535 Theo-

427 1561 639 1617 dorum
671 1564 1035 1621 nominavit:
1082 1583 1218 1621 cum
1273 1567 1517 1623 interim
1546 1568 1633 1623 vir
1666 1570 1796 1640 ejus
1823 1568 1884 1623 in
1916 1569 2079 1623 luctu

425 1657 713 1723 perpetuo
745 1670 812 1709 ac
844 1655 1119 1725 squalore
1149 1662 1393 1728 propter
1433 1657 1601 1714 illam
1638 1657 1868 1731 jaCeret
1899 1674 1911 1711 :
1946 1674 2077 1730 qua;

427 1744 624 1796 tantas
643 1741 983 1799 daemonum
1015 1746 1373 1802 tentationes
1394 1747 1659 1818 pertulit,
1685 1752 1924 1819 tamque
1946 1763 2077 1820 gra-

428 1847 495 1885 ve
525 1830 805 1887 adversus
835 1832 970 1888 illos
992 1840 1296 1891 certamen
1327 1837 1604 1908 suscepit,
1639 1841 1707 1915 ut
1732 1854 1852 1892 non
1884 1835 2077 1915 solum

2099 569 2152 636 Α

2785 580 2861 656 Τῇ
2892 578 3034 663 αὐτῇ
3059 580 3245 656 ἡμέρᾳ

2185 662 2429 758 Μνήμην
2468 671 2570 737 τῆς
2609 669 2790 758 Αὸσίας
2841 662 3128 755 Θεοδώρας
3182 671 3280 741 τῆς
3324 671 3378 735 ἐν
3440 672 3845 758 Ἀλεξανδρείᾳ.

2256 754 2317 811 Ἦ
2350 757 2475 845 όσία
2498 755 2753 845 Θεοδῴρα
2785 759 3033 837 ὑπῆρχεν
3065 759 3153 817 ἐπὶ
3184 769 3281 833 τῆς
3336 754 3617 845 βασιλείας
3650 754 3842 845 Ζηνω-

2182 859 2302 909 νος,
2335 841 2513 916 ὡραῖα
2540 845 2640 913 τὴν
2673 841 2821 919 ὄψιν,
2878 845 2972 903 καί
3028 847 3306 905 πλουσίων
3335 842 3540 926 γονέων
3575 841 3837 933 θυγάτηρ,

2184 926 2388 1008 ἔχουσα
2444 929 2611 1011 ἄνδρα
2664 931 2873 1008 εὐλαϐῆ
2911 980 2927 1009 ,
2995 941 3086 994 καὶ
3138 936 3481 1017 φοϐούμενον
3536 945 3628 1003 τὸν
3686 926 3843 1007 Θεόν.

2184 1021 2352 1094 Ἀνὴρ
2387 1021 2444 1078 δὲ
2498 1046 2583 1088 τις
2630 1023 2917 1099 πλούσιος,
2973 1028 3076 1084 ὑπὸ
3118 1034 3216 1085 τοῦ
3278 1024 3545 1093 διαϐόλου
3580 1034 3845 1105 κινηθεὶς,

2187 1110 2523 1187 ἐπεθύμησεν
2584 1112 2774 1187 αὐτῆς,
2833 1116 2920 1172 καὶ
2982 1119 3335 1194 χρησάμενος
3364 1120 3571 1196 γυναίῳ
3599 1122 3708 1178 τινὶ
3738 1126 3848 1189 τῷν

2183 1202 2322 1275 πρὸς
2351 1207 2519 1258 ταῦτα
2548 1202 2900 1276 ἐπιτηδείων,
2960 1205 3252 1283 ἐπλήρωσε
3299 1211 3399 1278 τὴν
3432 1210 3705 1287 ἁμαρτίαν
3738 1211 3848 1285 αὐ-

2183 1295 2300 1347 τοῦ.
2357 1292 2506 1347 Μετᾶ
2563 1290 2621 1348 δὲ
2676 1295 2774 1363 τήν
2834 1296 3103 1371 ἁμαρτίαν
3155 1299 3600 1373 μεταμεληθεῖσα
3649 1302 3684 1370 ἡ
3719 1307 3847 1363 Θεο-

2187 1378 2368 1456 δώρα,
2422 1381 2513 1436 καὶ
2567 1383 2643 1456 μή
2695 1383 2934 1463 φέρουσα
2988 1386 3051 1440 τὸ
3110 1383 3340 1458 ὄνειδος,
3401 1385 3683 1461 ἐξεδύσατο
3740 1391 3843 1462 τὴν

2187 1469 2391 1539 στολῆν
2422 1470 2611 1546 αὐτῆς,
2662 1474 2751 1549 καὶ
2792 1472 3073 1551 ἐνεδύσατο
3112 1476 3306 1551 ἱμάτια
3336 1474 3557 1552 ἀνδρεῖα
3581 1481 3849 1556 πενιχρὰ,

2183 1562 2273 1617 καὶ
2305 1563 2548 1632 ἀπῆλθεν
2581 1562 2657 1633 εἰς
2691 1561 2938 1642 ἀνδρεῖον
2984 1569 3371 1644 μοναστήριον,
3424 1567 3843 1643 μετονομάσασᾳ

2187 1651 2382 1722 ἑαυτὴν
2441 1650 2722 1727 Θεόδωρον
2755 1697 2769 1711 .
2848 1656 2911 1713 Ὁ
2969 1652 3026 1711 δὲ
3092 1656 3229 1727 ἀνὴρ
3285 1657 3454 1727 αὐτῆς
3509 1654 3580 1713 δι’
3640 1660 3841 1730 αὐτὴν,

2183 1740 2249 1811 ἦν
2283 1745 2496 1817 θρηνῶν
2524 1749 2620 1799 καῖ
2645 1744 3005 1819 κοπτόμενος.
3065 1745 3365 1819 Τοσούτους
3399 1744 3457 1803 δὲ
3507 1747 3843 1824 πειρασμοῖξςς

2187 1831 2387 1901 ὑπέστη
2419 1839 2567 1915 παρῆ
2625 1837 2732 1907 τῷν
2793 1831 3094 1917 δαιμόνων,
3147 1836 3238 1899 καὶ
3285 1837 3572 1911 τοιούτους
3627 1837 3843 1912 ἀγῶνας

427 1921 653 1991 peccati
675 1921 869 1977 labem
901 1923 1154 1988 eluerit;
1194 1924 1297 1980 sed
1327 1925 1651 1981 multorum
1684 1927 1862 1982 etiam
1892 1926 2072 1980 mira-

2185 1916 2510 2007 ἐπεδείξατο,
2546 1921 2620 1984 ὡς
2671 1924 2746 1996 μή
2810 1924 2973 1997 μόνον
3017 1928 3117 1979 τοῦ
3169 1926 3566 2007 ἁμαρτήματος
3623 1923 3838 2001 λυτρω-

428 2009 697 2064 culorum
732 2010 887 2065 dono
921 2011 1098 2085 digna
1128 2030 1161 2067 a
1186 2014 1302 2069 Deo
1336 2014 1538 2070 habita
1570 2015 1768 2071 fuerit.
1793 2017 2076 2070 Putantes

430 2105 625 2155 autem
664 2103 943 2158 monachi
974 2103 1141 2158 illam
1190 2105 1381 2159 virum
1413 2122 1543 2161 esse
1598 2106 1863 2178 (omnem
1916 2105 2076 2161 enim

430 2206 673 2261 operam
705 2191 1079 2272 adhibuerat,
1103 2193 1434 2265 utlateret),
1459 2195 1601 2250 dum
1634 2213 1763 2251 eam
1794 2201 1930 2268 post
1950 2194 2075 2251 obi-

418 2284 547 2333 tum
577 2278 911 2349 abluerent,
941 2280 1228 2337 feminam
1258 2282 1633 2353 invenerunt,
1666 2284 1851 2340 Deum
1880 2282 2075 2339 laudi-

419 2367 531 2423 bus
555 2369 892 2426 efferentes.

976 2480 1217 2535 EODEM
1247 2481 1502 2555 MENSE.

984 2587 1087 2642 Die
1141 2587 1494 2658 duodecima

514 2692 616 2751 32
650 2692 939 2750 Certamen
985 2688 1321 2751 sacrosancti
1350 2697 1614 2767 martyris
1653 2695 1964 2752 Autonomi.

482 2801 908 2857 Socrosanctus
967 2808 1193 2875 martyr
1249 2803 1644 2871 Autonomus,
1704 2802 2072 2859 Diocletiano

417 2890 795 2962 imperatore,
853 2892 1167 2963 episcopus
1218 2892 1280 2947 in
1329 2892 1499 2948 Italia
1544 2876 1676 2947 fuit.
1732 2891 1816 2947 Ob
1847 2897 2073 2948 motam

418 2984 619 3035 autem
665 2980 727 3034 in
756 2980 1122 3037 Christianos
1153 2983 1633 3053 persecutionem
1662 2981 1872 3038 relicta
1900 2982 2073 3057 Italia

419 3069 483 3123 in
508 3069 843 3141 Bithyniam
863 3070 1185 3142 profectus,
1221 3087 1256 3125 a
1285 3071 1561 3126 Cornelio
1612 3070 1871 3141 quodam
1901 3071 2068 3126 Chri-

418 3159 610 3214 stiano
643 3164 923 3231 exceptus
945 3164 1070 3215 est:
1108 3159 1207 3214 ubi
1243 3176 1379 3215 cum
1404 3160 1693 3233 templum
1714 3160 1945 3214 nomini
1966 3161 2068 3215 Mi-

415 3248 638 3304 chaelis
667 3249 1076 3318 archistrategi
1106 3249 1439 3315 excitasset,
1475 3251 1729 3321 atquein
1763 3267 1831 3305 eo
1848 3250 2065 3306 Corne-

2187 2012 2369 2080 θῆναι,
2419 2006 2566 2064 ἀλλὰ
2602 2011 2692 2065 καὶ
2723 2011 3035 2085 θαίυμάτων
3082 2012 3379 2087 ἀξιωθῆναι
3433 2006 3684 2071 πολλῶν.
3719 2018 3839 2072 Νο-

2190 2097 2437 2170 μίζοντες
2496 2096 2555 2154 δὲ
2610 2101 2663 2155 οἱ
2720 2102 2978 2177 μοναχοί,
3013 2101 3096 2158 ὅτι
3153 2102 3288 2178 ἀνήρ
3320 2102 3460 2159 ἐστιν
3514 2101 3836 2177 (ἐσπούδασε

2182 2186 2287 2263 γὰρ
2314 2185 2541 2263 λαθεῖν),
2576 2188 2712 2262 μετά
2748 2188 3007 2261 τελευτὴν
3040 2191 3431 2255 ἀπολούοντες,
3482 2193 3638 2269 εὗρον
3667 2192 3837 2266 αὐτὴν

2180 2276 2319 2342 κατὰ
2348 2276 2504 2353 φύσιν
2544 2281 2793 2353 γυναῖκα,
2824 2279 2914 2334 καὶ
2955 2275 3213 2350 ἐδόξασαν
3244 2279 3338 2336 τὸν
3368 2279 3524 2338 Θεόν.
3796 2270 3805 2279 ’

2746 2461 2931 2520 MHNI
2965 2463 3058 2609 Τὲ)
3085 2464 3283 2540 ΑΥΤῼ.

2966 2553 2987 2609 Ι
3039 2557 3049 2573 .

2966 2553 3049 2609 IB‘

2284 2664 2553 2738 ’Άθλησις
2583 2670 2682 2723 τοῦ
2718 2665 2874 2743 ἀγίου
2918 2668 3319 2745 ἱερομάρτυρος
3354 2664 3703 2741 Αὐτονόμου.

2248 2785 2566 2867 Αὐτόνομος
2594 2789 2624 2843 6
2648 2787 2998 2865 ἱερομάρτυς,
3027 2786 3272 2864 ὑπῆρχεν
3296 2785 3386 2842 ἐπὶ
3411 2793 3512 2857 τῆς
3547 2784 3830 2873 βασιλείας

2178 2877 2602 2949 Διοκλητιανοῦ,
2686 2875 2984 2941 ἐπίσκοπος
3062 2877 3356 2952 γενόμενος
3426 2874 3675 2948 Ἰταλίας.
3738 2873 3844 2931 Διά

2179 2965 2241 3023 δὸ
2295 2967 2388 3023 τὸν
2443 2966 2579 3022 κατά
2632 2970 2743 3021 τῶν
2792 2966 3129 3040 Χριστιανῶν
3187 2962 3449 3041 διωγμὸν,
3502 2963 3838 3021 καταλιπὼν

2173 3058 2275 3127 τήν
2330 3056 2604 3127 Ἰταλίαν,
2638 3052 2925 3113 ,κατέλαϐε
2987 3057 3087 3126 τήν
3145 3057 3414 3112 Βιθυνίαν.
3476 3054 3577 3113 Καὶ
3639 3049 3841 3109 ὑπεδέ-

2177 3149 2286 3223 χθη
2348 3148 2496 3221 παρά
2550 3145 2868 3223 Κορνηλίου
2912 3147 3063 3208 τινὸς
3119 3147 3469 3220 Χριστιανοὶ
3514 3144 3709 3211 Κτίσας
3760 3139 3822 3198 δὶ

2176 3238 2303 3292 ναὸν
2361 3234 2449 3292 ἐπὶ
2506 3240 2587 3310 τῷ
2642 3235 2872 3309 ὀνόματι
2927 3239 3025 3290 τοῦ
3068 3235 3512 3311 ἀρχιστρατήγου
3565 3229 3835 3308 Μιχαὴλ,

412 3338 559 3394 lium
572 3339 919 3410 episcopum
937 3306 1294 3405 ordinasset,
1316 3305 1463 3394 abiit
1477 3305 1932 3413 Claudiopolim,
1948 3305 2065 3395 ibi-

2185 3305 2685 3403 καὶχειροτονησας
2715 3305 2769 3379 ἐν
2809 3324 2957 3397 αύτῷ
3015 3305 3310 3413 Eulogo-nov
3366 3305 3460 3377 tdvv
3493 3305 3834 3413 Κορνήλιον,

409 3445 524 3500 que
536 3428 780 3484 verbum
803 3429 903 3484 Dei
920 3428 1298 3499 praedicabat.
1317 3429 1605 3486 Reversus
1618 3436 1838 3501 autem,
1855 3431 2071 3488 utCor-

409 3518 639 3574 nelium
656 3518 957 3587 inviseret,
972 3534 1106 3574 cum
1125 3518 1183 3573 in
1204 3519 1614 3594 archistrategi
1632 3521 1901 3576 Michaeli
1918 3526 2065 3577 tem-

410 3608 511 3680 plo
566 3609 870 3681 liturgiam
926 3609 1258 3665 celebraret
1316 3610 1378 3665 in
1429 3610 1692 3666 furorem
1750 3611 2068 3667 concitavit

412 3694 667 3763 Graecos,
698 3694 906 3764 inique
934 3693 1194 3749 ferentes
1223 3695 1522 3751 Christum
1556 3696 1629 3752 ab
1661 3712 1752 3765 eo,
1775 3695 2066 3769 neglectis

410 3781 609 3853 idolis,
640 3782 897 3838 adorari.
952 3784 1351 3848 Quamobrem
1409 3785 1716 3840 observato
1774 3790 2065 3859 tempore,

410 3888 529 3944 quo
561 3873 747 3929 sacris
807 3872 1182 3944 operabatur,
1242 3873 1530 3929 insiluere
1586 3875 1649 3929 in
1700 3875 2065 3933 ecclesiam:

414 3967 592 4032 atque
622 3961 717 4029 iis,
751 3961 852 4032 qui
884 3961 1043 4016 circa
1090 3961 1286 4032 ipsum
1337 3967 1525 4029 erant,
1551 3962 1763 4035 gladiis
1796 3980 1863 4019 ac
1893 3962 2066 4019 fusti-

415 4049 527 4105 bus
556 4050 621 4103 in
648 4050 850 4122 fugam
879 4050 1084 4117 versis,
1121 4054 1392 4105 sanctum
1414 4051 1606 4106 virum
1637 4051 1700 4107 in
1730 4052 1860 4123 ipso
1892 4053 2066 4108 altari

415 4138 739 4195 crudeliter
757 4143 1070 4207 necarunt,
1095 4140 1196 4209 qui
1229 4140 1503 4210 spiritum
1524 4141 1773 4197 Domino
1802 4141 2064 4198 tradidit.

2176 3415 2419 3486 ἀπῆλθεν
2461 3414 2540 3479 εἷς
2593 3412 2865 3470 Κλαυδίου
2913 3412 3100 3482 πόλιν,
3151 3409 3420 3468 διδάσκων
3465 3408 3558 3466 καί
3596 3409 3711 3466 ἐκεῖ
3737 3409 3832 3465 τὸν

2176 3504 2343 3581 λόγον
2373 3509 2471 3561 τοῦ
2501 3509 2658 3561 Θεοῦ.
2716 3503 3083 3578 Ὑποστρέψας
3114 3498 3193 3572 δὲ,
3252 3500 3344 3557 καὶ
3370 3502 3462 3556 τὸν
3520 3498 3833 3579 Κορνήλιον

2175 3595 2630 3669 ἐπισκεψάμενος,
2690 3594 2781 3649 καὶ
2815 3594 3146 3669 κὶιτουργῶν
3203 3589 3256 3647 ἐν
3313 3595 3394 3664 τῷ
3447 3594 3558 3663 ναῷ
3607 3592 3705 3645 τοῦ
3727 3588 3830 3662 ἀρ-

2177 3688 2554 3763 χιστρατήγου
2602 3682 2862 3758 Μιχαὴλ,
2922 3681 2999 3747 εἷς
3056 3678 3250 3756 μανίαν
3303 3679 3517 3751 ἐκίνησε
3544 3677 3672 3743 τοὺς
3702 3674 3842 3733 Ἔλ-

2175 3777 2368 3847 ληνας,
2427 3777 2504 3850 μὴ
2565 3776 2820 3851 φέροντας
2859 3770 3081 3848 βλέπειν
3130 3770 3221 3825 τὸν
3267 3768 3362 3843 μὶν
3394 3769 3627 3847 Χριστὸν
3656 3787 3831 3844 προσ-

2172 3866 2503 3941 κυνούμενον
2536 3865 2622 3920 ὁπ’
2647 3863 2835 3934 αὐτοῦ,
2861 3862 2931 3917 τὰ
2960 3859 3019 3917 δὶ
3061 3858 3267 3917 εἴδωλα
3322 3858 3829 3938 καταφρονούμενα.

2179 3958 2276 4016 Καὶ
2322 3956 2745 4032 ἐπιτηρήσαντες
2771 3953 2866 4008 τὸν
2893 3952 3105 4027 καιρὸν,
3151 3948 3242 4006 ὅτε
3297 3946 3657 4024 ἐλειτούργει,
3717 3946 3833 4003 εἷσ-

2178 4044 2459 4120 επήδησαν
2518 4043 2596 4106 εἷς
2654 4044 2754 4112 τήν
2815 4038 3134 4110 ἐκκλησίαν,
3164 4039 3256 4095 καὶ
3310 4036 3440 4101 τοὺς
3485 4037 3613 4110 περὶ
3671 4035 3845 4092 αὐτὸν

2183 4138 2317 4211 μετά
2350 4135 2641 4210 μαχαιρῶν
2687 4129 2777 4187 καί
2836 4128 3011 4201 ξύλων
3069 4128 3146 4191 εἷς
3197 4129 3370 4206 φυγὴν
3427 4128 3747 4203 τρέψαντες,
3779 4122 3839 4180 ἐν

416 4227 566 4299 αύτῷ
619 4231 701 4299 τῷ
760 4228 1130 4304 θυσιαστηρίῳ
1174 4229 1267 4284 τὸν
1326 4228 1475 4305 ἅγιον
1536 4230 1726 4304 ὡμῶς,
1785 4231 1874 4309 κιρὶ
1930 4231 2312 4309 ἀπανθρώπως
2364 4223 2674 4307 ἐφόνευσαν,
2718 4221 2809 4277 καὶ
2866 4219 3155 4297 παρέδωκε
3177 4222 3258 4292 τῷ
3288 4216 3474 4291 Κυρίῳ
3514 4216 3579 4272 τὸ
3626 4218 3844 4290 πνεῦμα

413 4316 604 4376 αὐτοῦ.

1071 4461 1292 4518 Eodem
1323 4462 1419 4518 die

580 4555 683 4611 38
714 4555 998 4612 Certamen
1018 4556 1357 4610 sacrosancti
1384 4557 1644 4624 martyris
1676 4557 1928 4613 Cornuti.

487 4644 909 4699 Sacrosanctus
960 4646 1186 4714 martyr
1241 4643 1534 4699 Cornutus
1567 4660 1639 4700 ex
1685 4644 1831 4700 urbe
1864 4644 2065 4706 Iconio

413 4733 547 4800 fuit,
582 4732 891 4805 presbyter
918 4732 1072 4804 pius,
1104 4749 1172 4788 ac
1205 4733 1422 4789 timens
1449 4734 1655 4789 Deum.
1689 4736 1843 4790 Mota
1871 4739 2071 4790 autem

420 4824 483 4880 in
520 4823 887 4878 Christianos
943 4818 1380 4894 persecutione,
1412 4839 1547 4879 cum
1605 4822 1791 4879 Iconii
1848 4839 2068 4894 praeses

419 4913 701 4982 crudelis,
731 4918 907 4983 atque
941 4912 1134 4967 omnis
1164 4912 1554 4968 humanitatis
1594 4929 1805 4984 expers
1849 4913 2070 4970 missus

420 5003 653 5070 fuisset,
677 5005 740 5057 ut
770 5001 1137 5057 Christianos
1167 5000 1247 5055 ibi
1271 5006 1573 5057 versantes
1596 5006 1921 5072 torqueret,
1954 5019 2068 5058 caa-

419 5093 562 5149 teris
579 5091 856 5161 omnibus
882 5096 1044 5145 metu
1063 5089 1331 5161 dilapsis,
1357 5090 1671 5157 Cornutus,
1691 5090 1766 5147 ab
1793 5091 2070 5147 omnibus

415 5183 754 5249 destitutus,
774 5181 1004 5236 obviam
1028 5179 1265 5250 prazsidi
1288 5180 1580 5251 processit
1603 5196 1616 5233 :
1643 5180 2069 5253 interrogatus-

412 5291 548 5346 que,
582 5289 717 5328 cum
745 5269 1027 5326 audacter
1056 5270 1357 5324 Christum
1388 5269 1790 5338 conﬁteretur,
1824 5275 1883 5326 et
1913 5269 2069 5343 seip-

405 5381 536 5420 sum
571 5363 898 5435 perfectum
926 5361 1331 5416 Christianum
1364 5360 1738 5433 praadicaret,
1771 5360 2071 5421 idolorum

403 5461 606 5510 autem
638 5454 1035 5524 imposturam
1082 5449 1482 5519 redargueret,
1516 5451 1833 5522 ipsumque
1865 5451 2072 5523 praesi-

406 5541 542 5597 dem
574 5541 868 5604 irrideret,
911 5540 1384 5610 comprehensus
1415 5546 1542 5596 est:
1577 5540 1949 5613 pedibusque
1982 5546 2069 5601 te-

394 5631 518 5696 .nui
568 5630 709 5687 fune
755 5629 1078 5700 adstrictis,
1128 5645 1236 5700 per
1288 5628 1454 5685 urbis
1503 5630 1689 5686 Iconii
1755 5631 1982 5702 plateas
2013 5635 2074 5690 et

412 5720 575 5776 vicos
602 5735 791 5791 usque
832 5719 978 5776 adeo
1037 5722 1326 5791 raptatur,
1386 5718 1576 5777 donec
1635 5720 1767 5792 ejus
1804 5720 2071 5793 sanguis,

2104 4479 2154 4563 ι)

2756 4458 2842 4528 Τῇ
2898 4450 3034 4528 αὐτῇ
3084 4452 3269 4526 ἡμέρᾳ

2325 4544 2599 4617 Ἀθλησις
2629 4548 2727 4602 τοῦ
2747 4542 2901 4620 ἀγίου
2932 4542 3327 4618 ἱερομάρτυρος
3357 4536 3692 4615 Κορνούτου.

2249 4641 2559 4713 Κορνοῦτος
2618 4633 3032 4709 ὁἸερομάρτυς
3062 4631 3130 4701 ἦν
3190 4632 3284 4705 μὶν
3344 4629 3404 4683 ἐκ
3448 4629 3559 4713 ,τῆς
3621 4623 3842 4689 πόλεως

2180 4711 2431 4797 Ἰκονίου,
2485 4720 2853 4802 πρεσϐύτερος
2913 4716 3156 4789 εὐλαϐὴς
3212 4719 3299 4779 καὶ
3357 4711 3700 4796 φοϐούμενος
3747 4713 3840 4775 τὸν

2179 4816 2330 4873 Θεόν.
2390 4817 2648 4891 Διωγμοῢ
2695 4809 2754 4867 δὲ
2800 4809 3094 4886 γενομένου
3140 4806 3279 4877 κατᾶ
3330 4810 3442 4863 τῶν
3485 4805 3848 4879 Χριστιανῶν,

2180 4905 2465 4981 ἆπεσγάλη
2498 4906 2526 4960 6
2558 4901 2746 4980 ὃίρχων
2769 4905 2866 4957 τοῦ
2913 4899 3142 4957 Ἰκονίου
3203 4897 3357 4971 ὠμὸς
3407 4895 3498 4951 καὶ
3555 4892 3846 4981 ἀπάνθρωτ

2178 5016 2282 5059 πος
2332 4978 2414 5057 εἷς
2467 4994 2531 5050 τὸ
2590 4978 2875 5069 βασανίσαι
2932 4988 3060 5051 τοὺς
3140 4986 3252 5045 ἐκεῖ
3309 4981 3687 5061 Χριστιανούς
3748 4978 3844 5039 καὶ

2178 5087 2393 5141 πάντων
2445 5068 2729 5159 φυγόντων
2791 5077 2877 5137 διὸ
2921 5081 3014 5135 τὸν
3074 5071 3266 5155 φόϐον,
3311 5076 3341 5130 6
3373 5076 3681 5150 Κορνοῦτος
3714 5068 3843 5159 ,μό-

2178 5196 2269 5238 νος
2330 5157 2738 5250 καταλειφθεὶς,
2799 5171 3081 5240 ὑπήντησε
3136 5170 3218 5239 τῷ
3265 5162 3517 5240 ἄρχοντι.
3579 5157 3849 5250 Καὶ

2179 5263 2367 5335 τηθεὶς
2432 5262 2522 5321 ὑπ’
2574 5244 2768 5329 αὐλοῦ,
2828 5255 3142 5332 θαρσαλέως
3191 5255 3283 5309 τὸν
3329 5250 3570 5324 Χριστὸν
3620 5244 3851 5320 ὡμολόο

2178 5374 2313 5429 γησε
2346 5396 2361 5423 ,
2417 5349 2515 5409 καὶ
2578 5349 2765 5406 ἐαυτὸν
2826 5346 3151 5422 Χριστιανὸν
3212 5341 3426 5417 τέλειον
3486 5339 3850 5429 ἀνεκήρυξεν,

2179 5423 2407 5519 ἐλέγξας
2465 5440 2558 5505 καὶ
2612 5443 2722 5507 τῷν
2782 5434 3031 5497 εἰδώλων
3085 5434 3185 5502 τήν
3217 5432 3450 5503 ἀπάτην,
3482 5428 3573 5487 καὶ
3619 5428 3711 5519 ’τὸ-ν
3746 5423 3850 5519 ἄρα·

2182 5514 2356 5610 χοντα
2390 5528 2749 5607 μυκτηρίσας’
2810 5525 2910 5583 Διά
2955 5528 3120 5581 τοῦτο
3168 5521 3489 5598 κρατηθεὶς,
3548 5517 3640 5610 καὶ
3672 5514 3848 5610 δερεὶ(

2180 5606 2310 5685 τοὺς
2341 5606 2513 5686 πόδας
2546 5606 2820 5695 σχοινίοις
2853 5613 3107 5686 λεπτοῖς,
3140 5612 3357 5691 σύρεται
3387 5631 3526 5668 κατα
3568 5609 3667 5672 τὰς
3698 5606 3845 5667 πλο-

2177 5712 2348 5783 τείας,
2377 5711 2469 5777 καὶ
2528 5704 2708 5788 ῥύμας
2747 5708 2846 5777 τῆς
2895 5701 3115 5767 πόλεως
3164 5703 3412 5774 Ἰκονίου,
3472 5696 3575 5763 ἕως
3615 5698 3678 5756 τὸ
3710 5696 3850 5771 αἷμα
