4142 6438
251 434 325 494 L3
1758 431 2262 502 SEPTEMBEB.
3663 441 3744 500 46

258 566 428 621 αὑτοῦ
478 562 728 643 ἓρῥευσε
788 562 1104 639 ποταμιδὸν
1159 565 1248 622 ἐπὶ
1299 566 1398 636 τὴν
1456 571 1587 643 γῆν.
1637 566 1745 624 Καὶ
1798 565 1971 631 τεθεὶς

2110 570 2242 628 luvii
2275 572 2486 643 instar,
2521 572 2582 630 in
2611 578 2831 634 terram
2863 573 3152 642 efﬂueret,
3185 588 3322 628 cum
3357 572 3601 628 interim
3652 589 3747 628 se-

263 656 394 710 ὡσεὶ
426 656 643 730 νεκρὸς
678 653 1017 732 ἠυχαρίστει
1050 661 1132 728 τῷ
1182 659 1298 726 Θεῷ
1347 656 1818 730 προσευχόμενος.
1871 654 1973 712 Καὶ

270 748 416 801 οῧνω
448 745 818 821 τιμωρηθεὶς
873 743 1140 816 ἐπιπολὺ,
1201 745 1292 800 καὶ
1355 748 1522 820 μέχρι
1580 748 1680 812 τῆς
1737 744 1975 820 ἐσχάτης

280 837 569 905 ἀναπνοῆς
633 836 732 890 τὸν
815 835 1057 910 Χριστὸν
1143 832 1600 908 ἐπικαλούμενος,
1687 836 1977 909 προστάξει

284 931 380 980 τοῦ
415 926 729 1000 ἄρχοντος,
765 925 1058 996 ἀπετμήθη
1121 925 1217 993 τήν
1271 922 1537 1001 κεφαλὴν,
1602 921 1979 1000 παραθέμενος

291 1019 388 1084 τὴν
419 1017 621 1090 ψυχὴν
659 1018 743 1086 τῷ
779 1015 918 1086 Θεῷ.

915 1105 1001 1176 Τῇ
1032 1103 1168 1178 αὐτῇ
1200 1099 1384 1179 ἡμέρᾳ

295 1223 572 1292 Ἃθλησις
628 1225 733 1277 τοῦ
792 1220 963 1296 ἁγίου
1018 1221 1316 1296 Δμςὶρτμρος
1403 1216 1695 1296 Θεοδώρου
1774 1224 1875 1275 τοῦ
1928 1218 1980 1276 ἐν

953 1290 1348 1368 Ἀλεξανόρείᾳ.

381 1415 601 1470 Τοῦτον
633 1411 730 1465 τὸν
781 1411 934 1484 ἅγιον
987 1407 1234 1483 μάρτυρα
1289 1405 1598 1482 Θεόδωρον,
1659 1408 1982 1482 Χριστιανὸν

317 1499 453 1557 ὄντα
509 1497 726 1566 εὐλαϐῆ
787 1499 875 1554 καὶ
938 1498 1206 1572 ἐνάρετον,
1295 1496 1576 1574 παρρησίᾳ
1645 1497 1988 1571 κηρύττοντα

312 1595 408 1647 τὸν
471 1592 737 1666 Χριστὸν,
789 1588 882 1644 καὶ
969 1589 1099 1643 Θεὸν
1187 1586 1570 1662 ὁμολογοῦντα
1630 1585 1728 1642 τοῦ
1785 1587 1989 1651 παντὸς

318 1681 695 1756 Δημιουργὸν,
755 1679 784 1733 ὁ
842 1683 952 1732 τῶν
1009 1675 1407 1748 Ἀλεξανδρέων
1493 1673 1694 1748 δῆμος,
1753 1673 1989 1732 εἴδωλο-

321 1771 520 1845 λᾶτραι
592 1766 768 1838 ὄντες,
854 1767 1214 1842 συναχθέντες
1297 1765 1598 1837 ἐκράτησαν
1657 1763 1837 1832 αὐτὸν,
1896 1765 1987 1820 καὶ

329 1861 743 1933 ἐτίμωρήσαντο
805 1857 1075 1932 ἴσχυρῶς.
1167 1857 1265 1912 Καὶ
1353 1853 1640 1926 πλέξαντες
1725 1857 1986 1933 στέφανον

2078 660 2327 718 mivivus
2387 663 2607 736 gratias
2646 668 2865 736 ageret,
2927 664 3168 735 Deoque
3216 680 3424 734 preces
3476 664 3738 719 offerret.

2086 751 2276 820 Atque
2308 752 2390 808 ita
2419 753 2521 808 diu
2553 757 2766 821 tortus,
2814 753 3233 822 Christumque
3284 752 3358 808 ad
3409 757 3749 808 extremum

2089 855 2276 911 usque
2309 843 2588 913 spiritum
2619 843 2923 913 invocans,
2956 847 3256 914 postremo
3282 841 3553 913 praesidis
3568 844 3748 914 jussu

2088 931 2280 1001 capite
2313 931 2542 1002 plexus,
2577 933 2841 989 animam
2874 932 2992 989 Deo
3026 931 3485 989 commendavit.

2749 1113 2970 1169 Eodem
2997 1112 3095 1168 die

2088 1223 2193 1280 34
2256 1226 2545 1283 Certamen
2604 1229 2783 1283 sancti
2830 1229 3094 1298 martyris
3145 1226 3420 1283 Theodori
3495 1226 3751 1282 Aleman-

2828 1299 2998 1354 drim'.

2163 1414 2330 1469 Hunc
2365 1419 2638 1471 sanctum
2670 1421 2994 1488 martyrem
3024 1415 3422 1484 Theodorum,
3463 1415 3750 1471 Christia-

2089 1519 2235 1558 num
2267 1503 2432 1575 pium
2465 1522 2532 1560 ac
2558 1506 2771 1561 virtute
2818 1506 3158 1578 praeditum,
3192 1521 3327 1561 cum
3360 1505 3547 1560 libere
3577 1503 3746 1559 Chri-

2091 1598 2249 1647 stum
2272 1593 2645 1665 prredicaret,
2670 1611 2926 1666 eumque
2949 1600 3129 1650 neum
3157 1611 3224 1651 ac
3247 1609 3449 1650 rerum
3480 1593 3751 1649 omnium

2089 1683 2471 1740 Conditorem
2485 1687 3246 1754 assereret,Alexandrinus
3259 1686 3534 1758 populus,
3555 1685 3755 1740 idolo-

2093 1790 2225 1828 rum
2239 1776 2647 1845 superstitioni
2666 1775 3029 1841 addictus,in
3045 1793 3231 1831 unum
3245 1780 3753 1846 coactus,captum

2091 1865 2309 1918 acriter
2338 1866 2716 1919 excruciavit.
2755 1864 2977 1921 Deinde
3011 1867 3278 1937 spineam
3315 1881 3592 1920 coronam
3625 1863 3753 1935 ple-

320 1951 636 2016 ἀκάνθινον,
669 1945 997 2022 περιέθηκαν
1059 1945 1224 2000 αὐτοῦ
1280 1948 1349 2019 τῇ
1407 1942 1643 2022 κεφαλῇ,
1699 1946 1785 1999 καὶ
1851 1945 1986 2017 μετὰ

2110 1957 2279 2020 :tens,
2315 1954 2491 2023 capiti
2523 1954 2652 2025 ejus
2685 1955 3006 2019 imposuit;
3043 1961 3100 2009 et
3130 1955 3304 2026 virgis
3348 1971 3590 2021 caesum,
3646 1969 3753 2024 per

323 2034 566 2112 ῥαϐδίων
601 2035 849 2102 ἔτυπτον,
881 2035 971 2089 καὶ
1029 2033 1106 2095 εἷς
1162 2035 1262 2102 τήν
1320 2033 1483 2088 πόλιν
1541 2031 1766 2106 δέσμιον
1829 2055 1986 2110 περι-

324 2135 486 2201 ῆγον,
519 2125 884 2200 χλευάζοντες
919 2122 1078 2177 αὐτὸν
1119 2123 1209 2176 καὶ
1265 2123 1556 2198 γελῶντες.
1621 2123 1794 2178 Μετὰ.
1827 2127 1987 2178 τοῦτο

325 2215 555 2292 ἔρῥιεζιαν
597 2215 647 2268 έν
702 2219 772 2288 τῇ
833 2212 1102 2285 θαλάσσῃ.
1166 2212 1316 2286 Αὔρα
1374 2209 1432 2266 δὶ
1488 2210 1740 2286 γαλήνης
1796 2216 1988 2266 τοῦτον

326 2307 420 2361 ἐπὶ
455 2313 557 2374 τῆς
595 2306 760 2378 ξηρᾶς
789 2309 930 2357 σῶον
991 2299 1234 2358 διέσωσε.
1297 2301 1398 2357 Καὶ
1458 2302 1623 2356 πάλιν
1678 2301 1990 2376 κρατηθεὶς,

332 2395 628 2467 δεδεμένος
654 2392 891 2467 παρέστη
923 2397 1004 2464 τῷ
1060 2389 1308 2467 ἄρχοντι.
1369 2392 1466 2446 Καὶ
1507 2391 1864 2465 ἀναγκασθεὶς
1896 2391 1993 2466 ἀρ-

331 2489 607 2556 νήσασθαι
639 2485 732 2538 τὸν
764 2483 1023 2557 Χριστὸν,
1064 2481 1153 2536 καὶ
1202 2483 1277 2553 μή
1337 2482 1595 2549 πεισθεὶς,
1653 2481 1807 2543 αὖθις
1866 2476 1995 2536 ἐϐα-

333 2577 591 2644 σανίσθη.
621 2573 724 2630 Καὶ
758 2569 993 2644 δοξάζων
1037 2571 1128 2624 τὸν
1186 2569 1338 2638 Θεὸν,
1395 2569 1486 2624 καὶ
1535 2568 1874 2644 εὐχαριστῶν
1913 2573 1995 2642 τῷ

334 2665 478 2738 ἁγίῳ
509 2663 679 2718 αὐτοῦ
741 2660 991 2733 ὀνόματι,
1025 2659 1078 2714 ἐν
1111 2658 1298 2721 αὐταῖς
1347 2663 1468 2720 ταῖς
1527 2658 1828 2734 βασάνοις,
1864 2679 1993 2714 κατ-

331 2753 597 2821 εόικὰσθη
630 2750 778 2827 παρὰ
827 2753 926 2805 τοῦ
983 2750 1253 2825 ἄρχοντος
1309 2747 1830 2826 ἆποκεφαλισθῆναι.
1891 2749 1992 2805 Καὶ

331 2842 715 2918 ἀπαγαγόντες
746 2840 904 2896 αὐτὸν
940 2839 992 2894 οἱ
1024 2842 1352 2910 στρασιῶται
1405 2838 1480 2900 εἰς
1535 2839 1628 2893 τὸν
1669 2838 1838 2894 τόπον
1886 2839 1996 2894 τῶν

327 2932 666 3000 καταδίιιων,
733 2926 1155 3003 ἆπεκεφάλισαν.
1245 2927 1346 2984 Καὶ
1431 2925 1575 2983 οὕτω
1659 2925 1997 3001 τελειωθεὶς,

336 3020 630 3098 παρέδωκε
656 3021 721 3076 τὸ
748 3023 984 3092 πνεῦμα.

910 3109 1090 3167 unm
1120 3109 1212 3184 Ta
1242 3109 1441 3185 ΔΥΤῼ.

1137 3198 1214 3254 ll"

2098 2041 2304 2096 urbem
2347 2043 2608 2097 vinctum
2662 2043 3076 2109 circumduxit,
3123 2043 3382 2098 ludibrio
3435 2049 3493 2096 et
3542 2042 3748 2097 sannis

2099 2132 2450 2202 expositum.
2480 2133 2748 2198 Posihaec
2771 2133 2831 2186 in
2860 2149 3021 2187 mare
3046 2131 3751 2202 demersum,levissimus

2098 2224 2307 2275 ventus
2321 2222 2381 2274 in
2398 2227 2617 2276 terram
2642 2223 2690 2293 ej
2703 2222 2816 2276 ecit
2839 2222 3576 2292 incolumem.Rursusque
3595 2236 3756 2275 com-

2098 2310 2452 2381 prehensus,
2479 2311 2754 2382 praefecto
2779 2312 3008 2366 vinctus
3027 2311 3287 2366 sistitur:
3315 2311 3413 2382 qui
3433 2309 3754 2365 cumillum

2100 2416 2134 2454 a
2161 2400 2377 2454 Christi
2409 2400 2525 2455 ﬁde
2552 2407 2814 2456 avertere
2846 2417 2967 2456 non
2994 2405 3215 2473 posset,
3251 2401 3468 2455 iterum
3493 2404 3756 2455 tormen-

2103 2491 2176 2545 tis
2209 2491 2472 2563 suhjicit,
2505 2491 2754 2564 gloriam
2787 2491 2906 2548 Deo
2940 2493 3002 2546 in
3034 2492 3180 2564 ipsis
3212 2491 3577 2548 cruciatibus
3609 2491 3754 2547 dan-

2102 2584 2241 2647 tem,
2277 2581 2526 2652 ejusque
2566 2580 2797 2636 nomini
2827 2572 3064 2653 gratias
3111 2585 3405 2651 agentem.
3455 2585 3754 2636 Postremo

2101 2667 2364 2739 praefecti
2397 2671 2693 2727 sententia
2724 2670 2914 2740 capite
2954 2669 3292 2738 damnatus,
3319 2674 3378 2725 et
3405 2686 3438 2726 a
3460 2669 3753 2725 militibus

2102 2756 2175 2812 ad
2193 2757 2470 2829 supplicii
2493 2758 2693 2814 locum
2715 2758 3024 2822 abductus,
3051 2757 3379 2814 decollatus
3392 2758 3524 2814 fuit.
3558 2763 3753 2830 Atque

2100 2846 2183 2902 ita
2211 2848 2495 2920 martyrio
2526 2846 2863 2917 defunctus,
2893 2847 3169 2919 spiritum
3197 2847 3463 2905 tradidit.

2668 3117 2912 3172 EODEM
2950 3116 3204 3172 MENSE.

2641 3207 2742 3263 Die
2775 3207 3007 3262 decima
3033 3206 3210 3261 tertia

331 3325 614 3395 ..Αθλησις
671 3324 780 3405 τῶν
838 3318 1008 3405 ξιγίων
1076 3316 1368 3405 μαρτύρων
1427 3311 1769 3405 Μακροϐίου,
1851 3323 1992 3394 Γορ-

2110 3323 2203 3380 35
2241 3325 2528 3380 Certamen
2566 3328 2882 3378 sanctorum
2924 3329 3236 3391 martyrum
3275 3321 3564 3390 Macrobii,
3614 3322 3752 3378 Gor-

679 3387 897 3463 διανοῧξ
921 3391 1011 3446 καὶ
1036 3387 1138 3459 τῆς
1160 3387 1418 3450 ’συνοδίας
1451 3387 1651 3448 αὐτῶν.

407 3513 580 3571 Οὗτοι
611 3514 661 3567 οἱ
694 3511 837 3586 ἅγιοι
901 3511 1168 3584 μάρτυρες
1222 3509 1475 3584 ὑπῆρχον
1533 3507 1623 3562 ἐπὶ
1677 3513 1778 3577 τῆς
1841 3507 1999 3582 βασι..

339 3603 497 3665 λείας
530 3601 830 3658 Λικιννίου·
865 3601 893 3655 ὁ
925 3599 1019 3673 μὲν
1055 3593 1375 3673 Μακρὸϐιος
1429 3598 1534 3652 ἀπὸ
1585 3595 1998 3670 Καππαδοκίας,

345 3694 374 3746 ὁ
409 3689 467 3745 δὲ
500 3687 788 3764 Γορδιανὸς
840 3687 948 3741 ἀπὸ
990 3685 1395 3761 Παφλαγονίας.
1456 3682 1580 3739 Νὲοι
1613 3681 1670 3739 δὲ
1700 3680 1852 3746 ὄντες
1897 3685 1997 3753 τήν

345 3779 591 3849 ἠλικίαν,
624 3778 710 3833 καὶ
744 3774 985 3850 ἀνδρεῖοι
1019 3773 1106 3829 καὶ
1139 3775 1440 3850 σώφρονες,
1496 3773 1632 3842 ἦσαν
1680 3772 2001 3848 τεταγμένοι

343 3867 628 3925 δουλεύειν
662 3867 738 3930 εἷς
765 3868 865 3934 τήν
899 3870 994 3920 τοῦ
1051 3863 1322 3940 βασιλέως
1374 3864 1666 3939 τράπεζαν,
1727 3863 1818 3918 καὶ
1873 3863 2003 3939 ἀγα-

341 3962 598 4031 πώμενοι
648 3957 772 4030 παρ’
833 3955 998 4010 αὐτοῦ
1057 3951 1145 4008 διὰ
1202 3954 1300 4021 τήν
1359 3952 1580 4027 ἀρετὴν,
1648 3951 1738 4006 καὶ
1792 3952 1854 4006 τὸ
1907 3956 2005 4006 τοῦ

341 4049 653 4123 προσώπου
701 4042 929 4106 κάλλος.
961 4039 1144 4099 Ἀλλὰ
1195 4039 1613 4116 διαγνώσθέντες
1674 4042 1809 4096 εἶναι
1869 4047 2006 4123 Χριτ

339 4137 582 4206 πιανοὶ,
614 4134 702 4189 διαἲ
737 4133 868 4188 ποτὲ
903 4133 996 4206 μὲν
1061 4128 1150 4186 διὰ
1207 4129 1635 4203 παρακλήσεως,
1684 4131 1818 4184 ποτέ
1849 4127 1906 4185 δὲ
1938 4115 2010 4187 δι⁹

343 4223 587 4292 ἀπειλῆς
618 4221 1056 4296 ἀναγκαζόμενοι
1104 4221 1195 4275 τὸν
1255 4221 1484 4295 Χριστὸν
1538 4219 1889 4294 ἀρνήσασθαι,
1921 4219 2012 4274 καὶ

348 4317 429 4387 μὴ
491 4311 824 4380 πεισθέντες,
882 4309 1249 4386 έξωρίσθησαν
1311 4308 1388 4371 εἷς
1445 4310 1543 4378 τὴν
1623 4309 1810 4384 χώραν
1870 4315 2010 4363 Σκυ-

339 4404 492 4463 θίας.
536 4400 640 4455 Καὶ
697 4401 994 4474 φθάσαντες
1045 4397 1176 4468 ἐκεῖ,
1238 4399 1394 4473 εὗρον
1451 4397 1580 4459 τοὺς
1632 4398 1825 4472 ἁγίους
1887 4405 2010 4453 Ζω-

349 4492 533 4556 τικὸν,
566 4490 888 4557 Λουκιανὸν,
930 4491 1020 4543 καὶ
1076 4486 1230 4543 Ἠλεὶ
1283 4486 1746 4562 ἀγωνιζομένους,
1789 4485 2016 4550 ἁθλοῦν-

339 4601 442 4642 τας
473 4577 564 4633 διὰ
593 4579 696 4646 τὴν
724 4577 801 4640 εἷς
834 4578 1064 4652 Χριστὸν
1097 4577 1428 4650 ὁμολογίαν.
1463 4576 1566 4632 Καὶ
1612 4575 1746 4649 μετᾶ
1797 4575 2014 4639 πολλὰς

2635 3411 2812 3478 diani,
2847 3417 2900 3465 et
2924 3413 3216 3467 sociorum.

2175 3529 2243 3582 Hi
2276 3527 2466 3583 sancti
2495 3529 2787 3598 martyres
2818 3526 3056 3598 Lycinio
3119 3526 3476 3598 imperatore
3522 3526 3759 3582 clarue-

2105 3621 2281 3673 runt:
2315 3621 2373 3670 et
2405 3614 2732 3670 Macrobius
2766 3614 3007 3685 quidem
3035 3631 3105 3670 ex
3136 3614 3508 3686 Cappadocia
3553 3619 3752 3670 ortum

2106 3708 2306 3774 duxit;
2340 3707 2671 3762 Gordianus
2693 3722 2830 3762 vero
2859 3723 2928 3761 ex
2951 3707 3373 3779 Paphlagonia.
3398 3708 3544 3763 Cum
3562 3711 3762 3764 autem

2107 3797 2347 3853 florenti
2379 3802 2582 3852 essent
2609 3801 2805 3865 aetate,
2841 3802 2898 3851 et
2927 3797 3298 3865 fortitudine,
3348 3797 3763 3869 sapientiaque

2107 3887 2364 3958 praaditi,
2393 3887 2452 3941 id
2483 3886 2750 3942 muneris
2807 3885 3074 3953 obibant,
3131 3892 3197 3941 ut
3252 3886 3328 3943 ad
3383 3887 3763 3958 imperatoris

2110 3991 2382 4032 mensam
2402 3975 2846 4043 ministrarent;
2867 3981 2926 4031 et
2945 3975 3018 4031 ab
3043 3976 3150 4031 illo
3175 3976 3248 4031 ob
3269 3975 3545 4031 virtutem
3569 3991 3760 4042 suam,

2111 4071 2170 4121 et
2191 4065 2484 4136 egregiam
2503 4066 2768 4136 corporis
2788 4065 3043 4122 formam
3064 4067 3320 4122 maxime
3341 4065 3759 4138 diligebantur.

2113 4156 2225 4211 Sed
2257 4155 2394 4212 ﬁdei
2419 4155 2768 4210 Christianae
2791 4156 3070 4223 accusati,
3105 4172 3241 4211 cum
3263 4171 3374 4211 nec
3399 4155 3762 4211 adhortatio-

2113 4245 2313 4308 nibus,
2347 4261 2457 4300 nec
2486 4244 2666 4299 minis
2697 4244 2771 4299 ad
2795 4245 3092 4300 Christum
3125 4245 3541 4317 abnegandum
3563 4244 3766 4301 induci

2113 4339 2377 4406 possent,
2413 4333 2756 4406 relegantur
2785 4334 2846 4388 in
2906 4335 3228 4404 Scythiam.
3279 4337 3403 4399 Quo
3455 4333 3768 4405 deportati,

2117 4423 2474 4478 invenerunt
2514 4428 2748 4477 sanctos
2798 4423 3082 4489 Zoticum,
3136 4423 3482 4489 Lucianum,
3534 4428 3593 4476 et
3640 4421 3769 4476 Heli

2117 4512 2438 4567 fortissime
2470 4529 2576 4583 pro
2595 4511 2808 4566 Christi
2841 4511 3212 4566 confessione
3244 4516 3597 4582 pugnantes.
3631 4513 3773 4565 Post

2117 4602 2338 4657 multos
2369 4607 2569 4656 autem
2591 4601 2909 4669 cruciatus,
2930 4602 3160 4656 Zoticus
3183 4601 3446 4672 quidem,
3483 4605 3542 4656 et
3563 4600 3772 4656 Lucia-

331 4672 434 4733 τὰς
471 4665 754 4740 βασάνους,
803 4667 832 4720 ὁ
881 4666 974 4738 μὶν
1037 4665 1276 4728 Ζωτικὸς
1333 4665 1424 4720 καὶ
1455 4666 1484 4721 ὁ
1517 4665 1817 4727 Λουκιανὸς
1868 4665 1996 4743 ξίφει

2118 4708 2233 4746 nus
2265 4691 2458 4762 capite
2485 4689 2645 4761 plexi
2679 4695 2854 4745 sunt:
2887 4690 3000 4762 ipsi
3033 4707 3170 4746 vero
3197 4707 3317 4746 una
3342 4707 3476 4746 cum
3530 4690 3658 4746 Heli
3707 4690 3772 4745 in

336 4757 763 4826 ἐτελειώθησαν.
800 4754 965 4810 Αὐτοὶ
1015 4751 1092 4826 δὲ,
1139 4753 1271 4828 μετὰ
1316 4758 1414 4808 τοῦ
1466 4752 1645 4822 Ἠλεὶ,
1678 4757 1746 4828 τῇ
1785 4755 2004 4831 φυλακῇ

335 4847 836 4923 παρεπέμφθησαν.
908 4846 1004 4899 Καὶ
1065 4845 1094 4898 ὁ
1157 4844 1250 4916 μὲν
1309 4843 1738 4918 ἀπεκεφαλίσθη·
1795 4843 2008 4919 Μακρό-

340 4934 469 4999 6ιος
530 4934 589 4990 δὲ
644 4936 734 4990 καί
793 4931 1085 5008 Γορδιανὲς
1143 4932 1273 5010 πυρὶ
1347 4931 1763 5003 ἐτελειώθησαν.
1830 4935 1892 4990 Ὁ
1948 4931 2007 4988 δὲ

341 5025 725 5100 Οὐαλεριανὸς
781 5022 869 5078 ἐπὶ
926 5027 1006 5094 τῷ
1063 5023 1219 5100 τάφῳ
1273 5026 1380 5077 τῶν
1424 5021 1594 5095 ἁγίων
1647 5023 1865 5099 θρηνῶν
1921 5020 2005 5093 ἐξ·

342 5124 629 5172 ἐπνευσεν.

947 5204 1026 5276 Τῇ
1057 5201 1195 5273 αὐτῇ
1225 5201 1409 5277 ἡμέρᾳ

339 5324 622 5392 ’Δθλησις
654 5323 754 5375 τοῦ
813 5319 1000 5393 ἁγίου-
1028 5318 1448 5393 Ἰερομᾷρτμυρος
1498 5316 1804 5374 Ἰουλιανοῦ
1825 5321 1923 5373 τοῦ
1954 5318 2004 5375 ἐν

831 5389 1077 5466 ’Ᾰγκύρᾳ
1099 5389 1198 5456 τῆς
1231 5389 1524 5453 [αλατίας.

415 5511 540 5566 Ἐπὶ
587 5514 689 5576 τῆς
742 5505 1029 5585 βασιλείας
1089 5504 1370 5561 Λικιννίου
1415 5505 1482 5575 ἧν
1543 5501 1787 5580 διωγμὸς
1844 5508 2011 5582 μέγας

337 5601 478 5656 κατὰ
504 5604 612 5656 τῶν
664 5598 1035 5676 Χριστιανῶν·
1094 5593 1254 5671 ἐγγὺς
1315 5591 1372 5649 δὲ
1431 5593 1701 5670 Ἀγκύρας
1754 5598 1850 5666 τῆς
1906 5603 2011 5654 Γα..

340 5690 532 5752 λατίας
564 5691 796 5764 ὑπῆρχε
829 5677 1200 5760 πρεσϐύτερος
1241 5677 1484 5754 εὐλαϐὴς
1543 5680 1718 5756 ὄνομα
1770 5682 2008 5741 Ἰουλια-

337 5780 438 5845 νός.
495 5783 594 5838 ,Διᾶ
647 5779 708 5837 δὲ
768 5775 868 5832 τὸν
938 5768 1178 5849 διωγμὸν
1241 5770 1423 5847 ἔφυγε,
1480 5771 1573 5828 καὶ
1628 5773 1874 5845 ἀπῆλθεν
1933 5773 2010 5841 εἰς

2117 4798 2412 4837 carcerem
2437 4781 2879 4852 detrusi.Atque
2901 4781 3004 4836 ille
3027 4781 3269 4852 quidem
3293 4781 3620 4837 decollatus
3643 4785 3734 4836 est
3755 4773 3770 4824 ε

2116 4872 2447 4927 Macrobius
2479 4877 2707 4940 autem,
2743 4876 2800 4926 et
2831 4872 3161 4928 Gordianus
3192 4873 3253 4928 in
3285 4873 3487 4945 ignem
3518 4872 3773 4943 conjecti

2118 4961 2486 5030 occubuere;
2522 4961 2868 5016 Valerianus
2895 4979 3030 5017 vero
3078 4961 3153 5017 ad
3194 4963 3534 5036 sepulcrum
3591 4978 3774 5018 sanc-

2119 5057 2316 5107 torum
2349 5051 2614 5123 plorans,
2657 5051 2932 5123 spiritum
2964 5051 3182 5108 emisit.

2772 5227 2995 5286 Eodem
3026 5228 3122 5286 die

2124 5347 2224 5404 86
2258 5348 2542 5404 Certamen
2573 5351 2908 5476 sacrosanctGi
2953 5347 3221 5473 Enartyris
3266 5347 3486 5404 Iuliani
3535 5347 3773 5416 Ancyrae

2777 5424 2834 5474 in
2914 5437 2946 5474 a
2973 5423 3111 5474 atia.

2777 5424 2834 5474 in
2868 5423 3111 5474 Galatia.

2191 5508 2417 5564 Licinio
2448 5508 2808 5580 imperatore
2840 5525 3055 5581 magna
3110 5509 3444 5580 persecutio
3491 5505 3772 5563 adversus

2119 5599 2490 5654 Christianos
2520 5603 2682 5654 mota
2713 5603 2822 5655 est.
2857 5600 2994 5653 Erat
3025 5604 3224 5654 autem
3252 5611 3433 5668 prope
3475 5604 3772 5668 Ancyram

2125 5689 2366 5744 Galatiae
2397 5687 2709 5760 presbyter
2737 5687 2892 5759 pius,
2929 5687 3172 5742 nomine
3201 5683 3492 5757 Julianus,
3528 5686 3630 5758 qui
3684 5685 3772 5740 vi-

2121 5777 2321 5834 tandae
2347 5777 2783 5849 persecutionis
2803 5791 2982 5830 causa
2998 5775 3059 5829 in
3087 5774 3340 5830 densum
3355 5781 3622 5832 montem
3643 5790 3775 5832 sese
