4142 6424
464 425 540 483 47
1782 426 2222 491 MENOLOGII
2265 435 2477 502 PARS
2519 443 2572 503 l.

456 562 704 634 recepit,
738 567 798 617 et
825 563 887 616 in
936 577 1117 633 specu
1171 578 1294 619 una
1344 579 1481 620 cum
1537 563 1671 619 aliis
1720 564 2110 638 quadraginta

2228 562 2357 647 ὅρος
2419 572 2571 635 δασύ.
2631 578 2735 637 Καὶ
2790 581 3188 659 κατεχρόπτετο
3264 586 3315 640 έν
3376 582 3658 659 σπηλαίῳ,
3748 589 3885 661 μετὰ

456 651 697 707 duobus
728 652 950 707 sanctis
977 667 1039 706 se
1071 651 1319 707 abdidit.
1349 654 1493 708 Cum
1524 659 1725 709 autem
1748 654 1923 726 juxta
1953 670 2123 710 mon-

467 745 588 795 tem
621 745 779 795 esset
832 738 1149 794 delubrum
1208 739 1334 795 deaa
1391 742 1704 813 cujusdam
1757 742 2123 807 Graecorum,

469 846 651 900 quam
683 830 940 884 Hecaten
973 834 1200 897 vocant,
1234 836 1293 884 et
1323 831 1573 901 Ancyrae
1605 847 1826 902 praeses
1856 831 2000 885 illuc
2030 846 2124 886 sa-

471 919 779 974 criﬁcandi
807 934 985 973 causa
1009 918 1326 974 adventare
1377 919 1612 992 soleret,
1662 920 2124 990 requirebantur

471 1009 681 1075 sancti,
715 1014 780 1062 ut
809 1014 1182 1079 caperentur.
1217 1009 1330 1063 Sed
1355 1026 1489 1064 cum
1522 1009 1787 1080 quotidie
1838 1010 1972 1080 quis
2017 1026 2118 1064 eo-

469 1115 603 1152 rum
635 1098 841 1164 exiret,
876 1103 940 1151 ut
969 1114 1183 1168 aquam
1216 1115 1285 1153 ex
1316 1099 1585 1169 proximo
1610 1099 1773 1154 fonte
1834 1099 2119 1166 hauriret,

470 1202 650 1256 quam
682 1186 913 1241 caeteris
944 1186 1266 1242 bibendam
1315 1187 1628 1258 praaberet,
1675 1188 1883 1260 obtigit
1915 1193 2119 1243 sancto

466 1275 720 1343 Juliano,
754 1280 819 1329 ut
847 1280 1169 1345 aquaretur
1193 1292 1205 1329 :
1231 1275 1333 1346 qui
1355 1281 1708 1347 conspectus
1730 1293 1763 1331 a
1781 1278 2119 1331 Graecorum

466 1363 846 1434 quibusdam,
881 1363 1468 1434 comprehensusque
1501 1369 1559 1418 et
1589 1364 1843 1433 vinctus,
1866 1363 1941 1419 ad
1965 1380 2119 1435 prea-

466 1451 659 1507 sidem
691 1451 1026 1507 adducitur.
1055 1452 1200 1507 Cum
1232 1457 1431 1507 autem
1462 1469 1684 1523 prmses
1714 1452 1887 1507 illum
1919 1452 1992 1507 de
2021 1468 2117 1506 re~

464 1540 647 1613 liquis
679 1545 1148 1612 percontaretur,
1177 1541 1302 1612 ipse
1334 1558 1468 1596 vero
1491 1542 1796 1599 neminem
1818 1541 2116 1613 proderet,

467 1632 573 1687 sed
602 1632 897 1687 Christum
930 1630 1117 1684 libere
1147 1630 1560 1701 proﬁteretur;
1596 1631 1725 1703 ejus
1755 1631 1934 1703 capiti
1966 1647 2117 1686 can-

469 1725 617 1780 dens
648 1725 832 1780 cassis
864 1723 1229 1794 imponitur:
1289 1722 1504 1779 deinde
1555 1724 1839 1796 scalptus,
1891 1728 1949 1780 et
1995 1739 2118 1795 gra-

468 1815 707 1870 vissime
738 1819 949 1881 tortus,
982 1812 1329 1868 decollatur.

1024 1928 1264 1984 EODEM
1305 1929 1555 1984 MENSE.

992 2044 1098 2100 Die
1129 2044 1362 2100 decima
1393 2049 1606 2115 quarta

467 2164 562 2222 81
610 2163 1063 2219 Commemoratio
1094 2162 1463 2216 Exaltationis
1494 2163 1754 2232 pretiosas
1785 2170 1839 2217 et
1887 2164 2121 2231 vivi/ica?

1194 2235 1404 2288 Crucis.

536 2350 960 2406 Constantinus
990 2350 1253 2420 Magnus,
1278 2348 1625 2419 primusque
1646 2349 2118 2406 Christianorum

467 2442 814 2511 imperator,
837 2438 1079 2511 gerebat
1108 2438 1428 2510 aliquando
1459 2437 1706 2505 bellum,
1767 2444 1834 2495 ut
1877 2440 2119 2510 quidam

465 2531 691 2585 dicunt.
724 2531 924 2584 Romae
957 2527 1238 2582 adversus
1259 2527 1968 2599 Maxentium,antequam
2008 2530 2117 2585 im-

468 2620 633 2691 perio
649 2619 972 2690 potiretur;
996 2621 1064 2671 ut
1078 2633 1212 2671 vero
1235 2617 1336 2671 alii
1365 2616 1649 2685 sentiunt,
1675 2617 1957 2673 adversus
1982 2619 2117 2691 Scy-

468 2707 605 2763 thas
637 2708 709 2762 ad
743 2706 1072 2762 Danubium
1114 2706 1380 2761 ﬂuvium.
1433 2706 1579 2760 Cum
1631 2713 1829 2762 autem
1873 2724 2119 2780 magnas

469 2798 731 2853 hostium
762 2797 963 2867 cepias
990 2800 1279 2862 cerneret,
1333 2810 1487 2867 aeger
1543 2795 1762 2866 animo,
1823 2796 2117 2868 inopsque

469 2886 728 2953 consilii,
763 2886 833 2940 de
865 2885 951 2939 rei
983 2884 1142 2938 exitu
1177 2900 1378 2939 secum
1405 2883 1733 2939 dubitabat.
1770 2886 1881 2940 Sed
1939 2891 2120 2942 noctu

466 2977 676 3032 videns
706 2975 1029 3047 pretiosam
1066 2990 1304 3029 crucem
1336 2974 1397 3027 in
1431 2973 1577 3029 caslo
1609 2991 1743 3029 cum
1774 2974 2119 3051 hujusmodi

463 3066 854 3137 inScriptione
888 3065 1044 3118 inter
1075 3062 1305 3118 sidera:
1340 3062 1819 3132 Constantine,in
1852 3064 1963 3120 hoc
1993 3066 2118 3121 vin-

469 3175 569 3213 ces
594 3173 607 3210 :
641 3155 1011 3210 simillimam
1033 3152 1120 3207 illi
1139 3168 1378 3207 crucem
1405 3151 1724 3220 efﬁnxit,et
1743 3152 1943 3209 hostes
1959 3156 2124 3220 vicit,

466 3244 863 3312 Quamobrem
886 3259 1021 3297 cum
1046 3241 1268 3296 llelena
1290 3245 1477 3296 matre
1498 3240 1848 3313 baptizatus,
1882 3245 2124 3314 optabat

459 3339 784 3412 pretiosam
814 3351 1073 3401 crucem,
1110 3334 1205 3389 cui
1238 3334 1527 3388 Dominus
1551 3332 1766 3390 afﬁxus
1788 3334 2000 3402 fuerat,
2034 3338 2118 3393 in-

458 3429 679 3485 venire.
715 3428 861 3499 Ejus
894 3428 1096 3495 itaque
1129 3428 1320 3478 mater
1342 3423 1771 3493 conquirendae
1794 3426 1987 3481 crucis
2009 3432 2122 3483 stu.

461 3519 558 3575 dio
590 3515 1002 3587 Hierosolyma
1028 3512 1295 3581 veniens,
1317 3512 1544 3583 reperit
1572 3528 1705 3567 eam
1733 3514 1845 3568 sibi
1872 3516 2122 3572 manife-

462 3613 677 3664 statam
710 3622 744 3660 a
771 3604 1013 3675 Cyriaco
1042 3602 1263 3668 Judaao,
1289 3601 1391 3671 qui
1417 3605 1624 3671 postea
1646 3601 1961 3675 episcOpus
1983 3605 2115 3661 fuit;

466 3688 649 3768 quam
684 3710 819 3749 cum
875 3692 1134 3763 populus
1184 3690 1497 3745 universus
1556 3690 1819 3759 vidisset,
1882 3710 2117 3752 summo

467 3784 683 3859 gaudio
710 3785 957 3838 affectus
983 3781 1113 3835 fuit.
1146 3782 1217 3833 Et
1238 3779 1581 3850 imperatrix
1599 3781 1837 3849 quidem
1852 3800 1968 3838 una
1980 3802 2116 3841 cum

463 3880 676 3931 senatu
705 3872 873 3927 illam
922 3868 1189 3925 adoravit
1255 3874 1312 3922 et
1370 3868 1637 3923 osculata
1695 3875 1802 3926 est.
1851 3874 2115 3944 Populus

453 3982 616 4035 vero,
649 3978 783 4018 cum
816 3976 1051 4015 summo
1080 3962 1385 4013 teneretur
1414 3957 1729 4013 adoranda}
1749 3962 1943 4016 crucis
1964 3963 2117 4019 desi-

451 4055 642 4120 derio,
675 4067 870 4121 neque
900 4049 960 4104 id
992 4049 1105 4103 sibi
1137 4053 1377 4119 propter
1397 4046 1775 4102 innumeram
1800 4048 2111 4110 hominum

2147 1931 2197 1998 B

2225 660 2314 714 καὶ
2344 661 2532 720 ἄλλων
2560 670 2961 745 τεσσαράκοντα
3007 672 3098 727 καὶ
3156 671 3251 729 δυο
3312 674 3505 749 ἁγίων.
3567 660 3763 738 Ὀντοξ
3823 674 3884 733 δὲ

2226 749 2461 821 πλησίον
2486 760 2582 811 τοῦ
2609 754 2771 833 ὄρους
2796 758 3081 818 εἶδωλιίου
3112 765 3210 833 τῆς
3240 765 3362 828 θεᾶς
3392 769 3501 820 τῶν
3565 764 3877 837 Ἑλλήνων,

2224 845 2324 909 τῆς
2358 842 2667 919 λεγομένης
2695 850 2945 922 Ἑκάτης,
3005 851 3096 907 καὶ
3150 857 3250 908 τοῦ
3303 860 3405 924 τῆς
3464 854 3732 931 Ἀγκύρας
3782 853 3880 931 ἅρ-

2226 947 2427 1020 χοντος
2458 933 2791 1001 ἀπελθόντος
2849 940 2961 995 ἐκεῖ
3017 946 3171 1006 θῦσαι
3228 944 3392 1019 αὐτῇ,
3451 944 3767 1020 ἀνεύρονται
3826 947 3881 1000 οἱ

2227 1019 2376 1092 ἅγιοι
2425 1033 2785 1098 κρατηθῆναι,
2849 1029 3185 1106 Ἐξήρχοντο
3241 1029 3299 1087 δὲ
3342 1019 3657 1109 καθημὲραν
3692 1037 3769 1097 εἷς
3802 1037 3884 1100 εἷς

2227 1109 2280 1161 οἱ
2312 1110 2478 1185 ἅγιοι,
2509 1114 2597 1169 καὶ
2658 1112 2968 1191 ἐλάμϐανον
3029 1115 3178 1195 ὕδωρ
3209 1119 3270 1176 ἐκ
3315 1129 3415 1191 τῆς
3473 1121 3711 1193 πλησίον
3769 1144 3883 1194 πηο

2225 1203 2353 1272 γῆς,
2382 1201 2471 1256 καὶ
2504 1201 2753 1275 ἐπότιζον
2783 1207 2911 1269 τοὺς
2972 1207 3225 1272 λοιποὺς.
3286 1209 3497 1287 Ἔλαχε
3545 1209 3604 1267 δὲ
3653 1214 3748 1267 καὶ
3802 1217 3887 1286 τῷ

2226 1289 2365 1364 ἁγίῳ
2397 1292 2677 1368 Ἰουλιανῷ
2708 1297 2930 1372 γεμίσαι
2961 1297 3129 1374 ὕδωρ.
3168 1300 3269 1358 Καὶ
3305 1299 3509 1367 ἰδόντες
3537 1302 3699 1358 αὐτόν
3738 1325 3883 1367 τινες

2222 1382 2332 1433 τῶν
2413 1381 2704 1455 Ἑλλήνων
2786 1385 3114 1463 ἐκράτησαν,
3167 1389 3261 1445 καὶ
3319 1386 3578 1461 δήσαντες
3659 1391 3883 1468 ἀπήγα-

2222 1475 2423 1543 γοντῷ
2450 1469 2701 1548 ἄρχοντι.
2748 1477 2850 1533 Καὶ
2910 1476 3208 1552 ἐρωτηθεὶς
3263 1478 3354 1534 καὶ
3411 1481 3535 1553 περὶ
3589 1485 3698 1536 τῶν
3760 1482 3883 1538 λοι-

2222 1562 2360 1629 πῶν,
2390 1562 2477 1617 καὶ
2514 1565 2591 1635 μή
2653 1565 2967 1643 φανερώσας
3013 1566 3235 1640 αὐτοὺς,
3295 1567 3441 1626 ἀλλὰ
3493 1570 3586 1626 τὸν
3645 1572 3875 1645 Χριστὸν

2222 1647 2502 1739 παρρησίᾳ
2532 1652 2914 1730 ὁμολογήσας,
2955 1658 3290 1733 περιτίθεται
3350 1658 3439 1715 ἐπὶ
3490 1660 3591 1729 τὴν
3634 1658 3881 1739 κεφαλήν

2221 1736 2451 1795 κασσίδα
2507 1746 3032 1819 πεπυρακτωμένην.
3094 1745 3225 1803 Εἶτα
3282 1747 3488 1820 ξισθεὶς
3540 1747 3636 1805 καί
3698 1736 3884 1824 τιμω-

2223 1825 2409 1898 ρηθεὶς
2440 1826 2706 1905 ἰσχυρῶς,
2736 1830 3170 1910 ἄπεκεφαλίσθη.

2780 1949 2963 2008 MHNI
2992 1953 3080 2031 re
3109 1954 3305 2030 .m'e.

3011 2068 3090 2124 IA‘

2225 2173 2287 2228 Ἦ
2346 2176 2650 2250 ἀνάμνησις
2700 2186 2803 2250 τῆς
2863 2182 3122 2256 ὑψώσεως
3171 2181 3269 2239 τοῦ
3324 2184 3517 2258 τιμίου
3589 2186 3680 2241 καὶ
3738 2191 3879 2256 ζωο-

2823 2258 2987 2308 ποιοῦ
3020 2259 3277 2328 σταυροῦ.

2298 2370 2697 2431 Κωνσταντῖνος
2750 2368 2779 2423 6
2836 2370 3020 2445 Μέγας
3073 2371 3160 2426 καὶ
3220 2373 3441 2448 πρῶτος
3495 2373 3547 2429 ἐν
3620 2376 3877 2451 Χριστια-

2225 2458 2339 2515 νοῖς
2374 2454 2630 2529 βασιλεὺς
2661 2461 2782 2533 εἶχε
2809 2461 2942 2515 ποτὶ
2976 2458 3249 2534 πόλεμυν,
3309 2462 3383 2525 ὡς
3441 2464 3536 2536 μὲν
3593 2484 3735 2529 τινες
3785 2465 3886 2522 λέ-

2225 2564 2437 2618 γουσιν,
2487 2544 2540 2600 ἐν
2598 2546 2667 2621 τῇ
2716 2548 2906 2623 Ῥώμῃ
2965 2551 3101 2605 κατὰ
3187 2553 3545 2627 Μαγνεντίου,
3611 2555 3720 2630 πρὸ
3776 2556 3880 2611 τοῦ

2224 2640 2491 2707 κρατῆσαι
2515 2641 2618 2704 τῆς
2652 2634 2951 2711 βασιλείας’
2994 2639 3069 2703 ὡς
3099 2635 3156 2694 δὲ
3182 2637 3382 2713 ἕτεροι,
3441 2641 3518 2704 εἷς
3564 2643 3657 2698 τὸν
3706 2643 3882 2699 Δούν-

2225 2717 2378 2777 ναϐιν
2428 2724 2677 2797 ποταμόν
2735 2726 2870 2782 κατὰ
2929 2730 3176 2786 Σκυθῶν.
3232 2730 3457 2786 Βλέπων
3484 2729 3543 2786 δὲ
3596 2732 3725 2796 τοὺς
3774 2755 3880 2790 πο-

2228 2810 2459 2884 λεμίους
2490 2811 2764 2883 πολλούς,
2804 2814 3081 2887 ἐλυπιῖνο,
3139 2818 3232 2873 καὶ
3280 2816 3555 2895 διηπόρει.
3607 2820 3767 2879 Ἀλλ’
3820 2823 3877 2879 έν

2225 2903 2296 2975 τῇ
2320 2901 2471 2955 νυκτὶ
2505 2902 2605 2976 ὁρᾷ
2633 2904 2726 2959 τὸν
2755 2904 2939 2978 τίμιον
2972 2907 3198 2983 σταυρὸν
3254 2909 3309 2964 ὲν
3364 2911 3444 2982 τῷ
3502 2909 3735 2985 οὐρανῷ,
3781 2914 3884 2969 καὶ

2228 2992 2440 3067 γραφὴν
2500 2989 2572 3046 δι’
2643 2993 2880 3071 ἀστέρων
2969 2993 3264 3066 δηλοῦσαν·
3345 3006 3734 3070 Κωνσταντῖκε,
3821 3001 3876 3058 ἐν

2226 3079 2406 3152 τούτῳ
2456 3080 2594 3139 νίκα.
2653 3086 2896 3155 Ποιήσας
2949 3086 3040 3140 οὖν
3101 3085 3301 3160 ὅμοιον
3348 3090 3602 3164 σταυρὸν,
3665 3088 3887 3161 ἐνίκησε

2227 3169 2354 3257 τους
2388 3169 2642 3247 ἐχθρούς.
2677 3176 2779 3231 Καὶ
2815 3176 3128 3251 βαπτισθεὶς
3177 3178 3269 3233 σὺν
3300 3178 3371 3254 τῇ
3427 3178 3623 3257 μητέρι
3663 3179 3884 3255 Ἑλένῃ,

2228 3256 2497 3331 ἠθέλησεν
2547 3262 2721 3336 εὑρεῖν
2796 3265 2888 3320 τὸν
2936 3265 3120 3339 τίμιον
3169 3269 3419 3345 σταυρὸν,
3478 3268 3531 3324 ἐν
3688 3269 3884 3326 ἐσταυ-

2233 3349 2381 3424 ρώθη
2416 3350 2444 3403 6
2477 3350 2702 3425 Κύριος.
2754 3354 2857 3437 Καὶ
2916 3356 3225 3422 ἀπελοοὸσα
3272 3360 3307 3428 ἡ
3344 3360 3529 3432 μήτηρ
3577 3358 3744 3415 αὐτοῦ
3802 3360 3888 3427 εἷς

2227 3437 2297 3492 τὰ
2352 3438 2729 3516 Ἰεροσόλυμα,
2817 3444 2966 3521 εὗρεν
3055 3447 3213 3503 αὐτὸν
3283 3449 3659 3524 φανερωθέντα
3735 3451 3889 3524 παρὰ

2229 3528 2505 3600 Κυριακοῦ
2545 3529 2833 3607 Ἰουδαίου,
2897 3539 2995 3590 τοῦ
3037 3537 3329 3613 γεγονότος
3383 3535 3604 3613 ὕστερον
3656 3537 3886 3595 ἐπισκο-

2225 3633 2352 3671 που’
2387 3615 2519 3674 ῗδὼν
2548 3617 2606 3675 δὲ
2657 3621 2815 3678 αὐτὸν
2874 3630 2978 3688 πᾶς
3039 3627 3068 3681 6
3118 3624 3250 3691 λαὸς
3296 3626 3496 3703 ἐχάρη,
3553 3629 3643 3684 καὶ
3702 3649 3882 3704 προσ-

2226 3706 2478 3777 εκύνησεν
2532 3710 2696 3765 αὐτὸν
2756 3715 2790 3782 ἡ
2854 3713 3145 3789 βασίλισσα
3195 3715 3330 3788 μετᾶ
3376 3722 3480 3786 τῆς
3538 3716 3881 3792 συγκλήτου,

2222 3794 2311 3849 καὶ
2351 3797 2653 3867 ἠσπάσατο.
2716 3807 2905 3872 Ζητῶν
2966 3801 3023 3858 δὲ
3081 3804 3171 3858 καὶ
3230 3806 3258 3860 6
3319 3804 3454 3870 λαὸς
3503 3813 3880 3882 προσκυνῆσαι

2221 3885 2422 3959 καὶμὴ
2457 3883 2753 3961 δυνάμενος
2811 3888 2901 3945 διὰ
2956 3892 3047 3946 τὸν
3091 3889 3312 3968 ἄπειρον
3374 3888 3571 3968 ὄχλον,
3631 3894 3880 3971 ᾐτήσατο

2220 3972 2316 4027 κᾶν
2347 3970 2480 4030 ἰδεῖν
2530 3977 2719 4048 αὐτὸν,
2777 3979 2867 4034 καὶ
2926 3979 3126 4055 ἤρξατο
3180 3983 3454 4059 κράζεινὸ
3486 3981 3638 4055 λαὸς,
3700 3983 3872 4058 Κύριε

2219 4058 2470 4135 ἐλέησον,
2502 4066 2591 4121 καὶ
2622 4065 2874 4139 ἐτυπώθη
2900 4068 2976 4134 εἷς
3005 4068 3232 4144 ὕψωσιν.

449 4145 686 4201 turbam
710 4142 906 4232 facere
936 4139 1160 4232 liceret,
1192 4136 1363 4232 petiit
1392 4141 1457 4190 ut
1486 4136 1597 4232 sibi
1629 4136 1841 4232 saltem
1874 4139 2041 4198 illam
2071 4146 2308 4207 videndi
2335 4161 2599 4225 potestas
2630 4158 2819 4215 ﬁeret.
2853 4136 3169 4226 Quam'ubi
3201 4161 3368 4232 vidit,
3399 4163 3459 4218 in
3483 4163 3637 4220 hanc
3664 4180 3870 4221 vocem

446 4234 707 4308 populus
739 4230 952 4302 erupit.
986 4228 1160 4300 Kyrie
1193 4226 1438 4282 eleison.
1470 4228 1661 4297 Atque
1692 4227 1833 4283 hinc
1865 4231 2251 4295 Exaltationis
2284 4247 2457 4315 typus
2488 4263 2804 4319 expressus
2829 4248 2960 4305 fuit.

1111 4341 1331 4396 Eodem
1363 4339 1457 4395 die

701 4435 800 4491 38
833 4432 1119 4489 Certamen
1150 4432 1328 4486 sancti
1356 4431 1617 4498 martyris
1644 4431 1836 4501 Papa.

516 4558 721 4626 Papae,
754 4551 1082 4607 multorum
1134 4548 1523 4604 certaminum
1581 4547 1799 4603 Christi
1849 4554 2095 4623 martyr,

443 4644 802 4716 imperatore
833 4640 1207 4708 Maximiano,
1233 4655 1302 4693 ex
1329 4636 1572 4708 regione
1587 4636 1775 4707 Lyciae
1791 4637 1921 4695 fuit.
1951 4641 2097 4695 Cum

441 4738 642 4790 autem
677 4736 895 4786 rectam
930 4729 1107 4784 ﬁdem
1135 4728 1395 4792 doceret,
1444 4731 1504 4779 et
1556 4725 1743 4780 libere
1796 4727 2094 4784 Christum

436 4823 841 4895 proﬁteretur,
875 4819 1196 4888 multisque
1228 4815 1738 4882 GraaCorum,utin
1768 4815 1938 4871 illum
1966 4836 2097 4874 cre-

436 4911 666 4977 derent,
701 4908 1107 4981 persuaderet,
1162 4904 1432 4977 proditus
1483 4902 1746 4975 praesidi,
1801 4906 1955 4961 etab
1988 4906 2093 4963 illo

435 4992 1277 5071 comprehensus,gravissime
1294 4992 1553 5064 primum
1580 4991 1859 5047 caeditur:
1876 4994 2093 5051 deinde

433 5090 753 5145 confractis
785 5086 1064 5143 omnibus
1096 5084 1218 5139 oris
1250 5081 1506 5152 ossibus,
1541 5098 1867 5153 suspensus
1894 5083 2092 5141 duris-

435 5179 584 5233 sime
603 5177 910 5248 scalpitur.
930 5178 1070 5230 Post
1089 5175 1217 5228 haec
1239 5172 1507 5226 induitur
1527 5171 1949 5228 calceamentis
1971 5173 2091 5230 fer-

430 5267 573 5333 reis,
599 5267 780 5321 clavis
798 5264 1138 5336 ingentibus
1161 5267 1220 5318 et
1239 5261 1430 5317 acutis
1453 5261 1724 5328 conﬁxis,
1740 5262 2088 5334 cogiturque

432 5355 602 5426 equis
631 5370 998 5427 praecurrere
1029 5352 1102 5408 ab
1133 5351 1280 5407 urbe
1312 5367 1418 5406 sua
1443 5350 2087 5423 Diocaesaream,atque

429 5445 569 5499 inde
587 5445 917 5501 Seleuciam
936 5460 1147 5514 usque.
1173 5443 1276 5497 Cui
1295 5443 1453 5496 hunc
1471 5442 1532 5496 in
1560 5439 1804 5495 modum
1818 5442 2084 5498 currenti

431 5532 665 5589 obviam
697 5536 853 5591 facta
884 5533 1103 5589 mulier
1124 5530 1420 5603 qumdam,
1443 5531 1604 5587 lineo
1627 5547 1826 5601 panno
1845 5531 2085 5604 sangui-

424 5637 567 5676 nem
600 5624 730 5696 ejus
761 5623 1154 5696 abstergebat,
1190 5621 1687 5692 osculabaturque
1713 5637 1847 5676 cum
1880 5619 2082 5691 lacry-

424 5710 560 5771 mis.
598 5714 862 5787 Denique
893 5710 1001 5770 sub
1026 5712 1305 5787 capriﬁco
1324 5713 1669 5784 collocatus,
1695 5714 1815 5777 tam
1829 5709 2085 5783 graviter

2129 4365 2176 4430 D

2795 4364 2878 4436 τῇ
2909 4361 3044 4437 αὐτῇ
3077 4365 3260 4439 ἡμέρᾳ

2490 4448 2758 4521 Ἀθλησις
2779 4456 2877 4507 τοῦ
2906 4452 3063 4529 ἁγίου
3097 4455 3371 4531 μάρτυρος
3396 4453 3576 4514 Πάπα.

2281 4536 2342 4593 Ὁ
2398 4536 2713 4603 πολύαθλος
2775 4542 2981 4617 μάρτυς
3049 4541 3147 4599 τοῦ
3229 4550 3463 4620 Χριςτοῦ
3554 4544 3741 4609 Πάπας
3791 4543 3863 4615 ἦν

2210 4624 2297 4680 ἐπὶ
2327 4632 2427 4695 τῆς
2461 4627 2742 4702 βασιλείας
2802 4631 3169 4706 Μαξιμιανοῦ,
3231 4633 3291 4688 ἐκ
3344 4640 3446 4704 τῆς
3507 4633 3695 4711 χώρας
3754 4638 3866 4692 Αυ-

2207 4715 2347 4779 κίας.
2381 4714 2655 4772 Διδάσκων
2687 4716 2744 4773 δὲ
2788 4721 2888 4790 τὴν
2938 4721 3102 4797 ὀρθὴν
3162 4724 3366 4795 πίστιν,
3428 4725 3516 4779 καὶ
3561 4723 3860 4798 ὁμολογῶν

2208 4804 2486 4881 παρῥησίᾳ
2513 4806 2603 4862 τὸν
2639 4809 2895 4883 Χριστὸν,
2954 4810 3043 4865 καὶ
3096 4810 3345 4874 πολλοὺς
3399 4817 3507 4867 τῶν
3568 4810 3861 4883 Ἐλλήνων

2206 4897 2411 4960 πείθων
2439 4897 2708 4953 πιστεύειν
2742 4898 2818 4960 εἰς
2848 4899 3030 4970 αὐτὸν,
3073 4901 3421 4973 κατεμηνύθη
3479 4906 3560 4972 τῷ
3605 4899 3858 4976 ἄρχοντι,

2205 4985 2295 5041 καὶ
2326 4987 2612 5061 κρατηθεὶς
2645 4990 2770 5062 παρ’
2814 4987 2999 5060 αὐτοῦ,
3058 4994 3274 5066 πρῶτον
3338 4990 3434 5063 μὲν
3472 4989 3670 5068 ἐτύφθη
3728 5010 3859 5066 σφο-

2208 5071 2369 5149 δρῶς.
2403 5075 2507 5133 Καὶ
2540 5073 2825 5152 συνετρίϐη
2861 5077 3035 5133 πάντα
3085 5079 3151 5135 τὰ
3206 5078 3336 5134 ὀστᾶ
3392 5079 3487 5134 τού
3534 5079 3857 5153 προσώπου.

2203 5165 2431 5221 Ἔπειτα
2484 5166 2825 5241 κρεμασθεὶς,
2883 5164 3069 5240 ἐξέσθη
3144 5167 3230 5222 ἐπὶ
3315 5165 3483 5224 πολύ.
3559 5168 3660 5223 Καὶ
3723 5165 3858 5239 μετὰ

2203 5258 2373 5309 ταῦτα
2438 5252 2676 5326 ὖποδέθη
2736 5252 3066 5329 ὑποδήματα
3144 5254 3362 5330 σιδηρᾶ,
3422 5255 3597 5326 ἥλους
3655 5251 3856 5331 ἔχοντα

2207 5341 2451 5417 μακροὺς
2503 5343 2592 5398 καὶ
2659 5343 2819 5415 ὀξεῖς.
2882 5343 2980 5398 Καὶ
3037 5344 3307 5415 ἠλαύνετο
3358 5344 3698 5419 τυπτόμενος
3754 5341 3855 5417 ἔμ-

2201 5433 2428 5507 προσθεν
2459 5430 2667 5502 ἳππων,
2692 5431 2799 5487 ἀπὸ
2827 5438 2928 5501 τῆς
2962 5429 3103 5494 ἴδίας
3159 5430 3400 5504 πόλεως,
3449 5432 3554 5496 ἓως
3604 5436 3705 5499 τῆς
3750 5430 3851 5488 πό-

2202 5518 2342 5583 λεως
2378 5520 2810 5597 Διοκαισαρείας,
2840 5518 2931 5575 καὶ
2991 5521 3098 5576 ἀπὸ
3148 5520 3372 5592 ταύτης,
3429 5517 3533 5584 ἕως
3591 5525 3690 5589 τῆς
3750 5526 3851 5575 Σεο

2200 5609 2443 5674 λευκίας·
2504 5610 2767 5688 Τρέχοντι
2826 5605 2884 5665 δὲ
2935 5609 3084 5682 αὐτῷ
3166 5611 3519 5682 ἆπαντήσασά
3576 5631 3659 5674 τις
3710 5610 3848 5686 γυνή

2197 5699 2566 5779 ἀπεσπόγγιζε
2598 5699 2734 5776 μετὰ
2765 5697 2919 5755 λινοῦ
2949 5700 3018 5756 τὰ
3045 5700 3256 5780 αἳματα
3294 5700 3481 5775 αὐτοῦ,
3526 5701 3616 5757 καὶ
3666 5696 3851 5773 ἠσπά-

3805 452 3886 513 ⁴8
3976 428 3981 433 ,
