4142 6434
227 341 304 404 ιθ
1719 345 1894 409 SEP’]

2009 347 2215 411 IBER.
3612 360 3697 421 50
3713 418 3723 429 ,

236 482 357 547 ζετο
418 472 560 532 αὐτὰ
612 474 907 534 κλαίουσα.
979 480 1113 537 Είτα
1174 477 1348 545 τεθεὶς
1421 477 1678 536 ὑποκάτω
1743 485 1894 549 συκῆ‹

2028 483 2297 554 caeditur,
2358 485 2549 542 donec
2599 485 2879 559 spiritum
2924 486 3175 544 Domino
3234 488 3497 545 tradidit.
3553 492 3695 548 Post

241 564 457 642 ἀγρίας,
509 564 602 621 καὶ
651 566 884 639 τυφθεὶς
936 566 1206 644 ἰσχυρῶς,
1254 563 1542 644 παρέδωκε
1589 573 1672 642 τῷ
1728 566 1894 644 Κυρίᾳ

2028 574 2159 646 ejus
2190 580 2392 632 autem
2421 580 2676 632 mortem
2706 576 2885 648 cepit
2915 593 3046 633 esse
3076 578 3226 634 ﬁcus
3253 577 3580 637 fructifera.

237 655 306 711 τὸ
335 658 558 729 πνεῦμα
609 655 805 712 αὐτοῦ.
864 656 1025 715 Μετὰ
1076 654 1135 713 δὲ
1191 655 1417 723 θάνατον
1461 658 1654 731 αὐτοῦ,
1702 657 1915 733 ἐγενετο

237 743 599 821 καρποφόρος
631 746 669 817 ἡ
701 752 866 817 συκῆ.

799 864 983 923 nam
1022 866 1116 944 Ta
1160 865 1355 945 Arre.

1042 981 1128 1039 IE'

306 1099 581 1171 ’Δθλησις
660 1102 764 1155 τοῦ
827 1098 989 1175 ἁγίου
1070 1096 1557 1177 μεγαλομάρτυρος
1608 1102 1840 1172 Νικήτα.

304 1217 369 1273 Ὁ
426 1213 644 1289 ἔνδοξος
703 1213 911 1289 μάρτυς
980 1219 1079 1271 τοῦ
1137 1217 1376 1293 Χριστοῦ
1433 1217 1673 1288 Νικήτας
1730 1218 1911 1293 ὑπῆρ-

226 1324 332 1380 χεν
387 1304 479 1359 ἐπὶ
532 1311 635 1374 τῆς
688 1303 974 1380 βασιλείας
1025 1304 1431 1360 Κωνσταντίνου
1471 1308 1571 1360 τοῦ
1616 1302 1905 1381 Μεγάλου,

222 1392 439 1458 ι’ὀτθος
470 1396 535 1448 τὸ
563 1395 745 1469 γενος,
777 1392 1000 1469 εὐγενὴς
1051 1392 1107 1449 ἐν
1150 1398 1271 1457 τοῖς
1316 1393 1565 1463 Γότθοις,
1595 1394 1689 1450 καὶ
1719 1393 1903 1450 πλού-

220 1501 373 1545 σιος*
437 1483 546 1538 ὕπὸ
623 1480 683 1538 δὲ
757 1481 1027 1561 Θεοφίλου
1093 1487 1189 1539 τοῦ
1245 1478 1545 1541 ὁσιωτάἓου
1605 1483 1906 1540 ἐπισκόπου

216 1577 464 1640 Γοτοίας
522 1570 793 1649 ιδιδάχθη
851 1574 1058 1633 πίστιν.
1118 1576 1242 1632 Τῶν
1304 1573 1363 1631 δὶ
1419 1575 1637 1639 Γότθων
1690 1575 1769 1639 είς
1807 1572 1904 1631 δύο

228 1663 378 1738 μίρη
423 1661 931 1739 διαχωρισθέντων,
974 1664 1066 1719 καὶ
1116 1667 1215 1719 τοῦ
1260 1664 1357 1738 μὲν
1408 1665 1526 1728 ἑνὸς
1575 1665 1778 1741 μέρους
1805 1662 1896 1719 ἕνα

228 1751 462 1828 ἔχοντος
514 1750 782 1829 ἄρχοντα,
838 1755 938 1808 τοῦ
995 1750 1055 1808 δὲ
1108 1749 1285 1809 ἄλλου
1335 1751 1541 1829 ἕτερον,
1584 1756 1902 1833 προσέφυγε

2581 873 2823 929 EODEM
2864 875 3010 930 ΜΕΝ
3019 874 3120 931 SE.

2548 992 2653 1048 Die
2686 992 2918 1049 decima
2947 994 3155 1065 quinta

2162 1110 2264 1165 39
2299 1108 2584 1165 Certamen
2606 1112 2787 1166 sancti
2809 1113 3001 1181 magni
3029 1115 3290 1182 martyris
3318 1115 3538 1169 Νίσαια.

2091 1228 2323 1285 Nicetas
2352 1228 2676 1300 prmclarus
2708 1228 2925 1284 Christi
2950 1233 3176 1302 martyr
3205 1230 3316 1285 fuit
3346 1231 3685 1302 imperante

2017 1318 2411 1374 Constantino
2444 1320 2673 1390 Magno,
2705 1333 2922 1388 genere
2969 1319 3238 1388 Gotthus,
3273 1319 3586 1376 nobilitate
3617 1337 3686 1376 ac

2016 1406 2236 1462 divitiis
2269 1407 2426 1461 inter
2464 1406 2785 1477 populares
2835 1423 2974 1461 suos
3019 1407 3265 1475 ﬂorens,
3298 1425 3332 1463 a
3359 1409 3682 1481 TheOphilo

2013 1495 2463 1569 religiosissime
2487 1496 2739 1550 Gotthiaa
2760 1496 3040 1567 episcopo
3066 1497 3243 1555 {idem
3262 1498 3679 1553 edoctus.Cum

2017 1591 2219 1642 autem
2239 1585 2302 1640 in
2325 1585 2472 1641 duas
2494 1585 2785 1641 factiones
2807 1590 2931 1641 tota
2953 1587 3304 1643 Gotthorum
3325 1604 3470 1661 gens
3493 1589 3680 1644 scissa

2015 1674 2428 1747 fuisset,atque
2447 1680 2698 1745 utraque
2718 1691 2890 1729 suum
2911 1675 3023 1731 sibi
3042 1676 3374 1747 principem
3392 1683 3672 1747 creasset;

2015 1766 2280 1838 confugit
2301 1764 2453 1821 alter
2472 1766 2814 1838 principum
2840 1765 2915 1821 ad
2936 1768 3339 1823 Romanorum
3360 1768 3676 1840 imperato-

230 1847 340 1898 τοῦ
372 1842 484 1904 ἑνὸς
515 1843 719 1919 μέρους
751 1843 782 1898 ὃ
813 1840 1004 1918 ἅρχων
1052 1847 1134 1916 τῷ
1185 1842 1404 1920 βασιλεῖ
1444 1848 1552 1899 τῶν
1590 1843 1894 1917 Ῥωμαίων·

2011 1872 2140 1912 rem
2170 1873 2182 1910 :
2213 1855 2313 1927 qui
2345 1871 2481 1910 cum
2514 1859 2790 1926 suscepta
2818 1856 2880 1909 in
2920 1856 3232 1912 contrarias
3269 1857 3544 1912 factionis
3585 1863 3676 1929 ty-

223 1930 627 2009 ἆκστρατεύσας
680 1929 739 1987 δὶ
798 1932 827 1987 ὁ
889 1930 1149 2007 βασιλεὺς
1194 1934 1333 1989 κατὰ
1358 1936 1456 1988 τοῦ
1488 1933 1675 2010 ἑτὲρου
1705 1931 1905 2009 ἄρχον-

212 2043 316 2085 τος
368 2026 483 2078 τῶν
535 2021 775 2092 Γότθων,
820 2020 1061 2092 ἐνίκησεν
1109 2022 1293 2094 αὐτὸν,
1346 2022 1436 2079 καὶ
1498 2024 1720 2096 ὑπέταξε
1768 2025 1899 2079 τοὺς

216 2112 486 2174 Γότθους*
518 2110 611 2166 καὶ
641 2109 749 2165 ἀπὸ
778 2110 904 2166 τότε
942 2108 1255 2183 ἐπληθύνθη
1304 2113 1369 2168 τὸ
1413 2113 1569 2188 γένος
1620 2116 1730 2168 τῶν
1762 2114 1898 2188 Χρι-

212 2205 459 2256 στιανῶν
491 2200 547 2255 ἐν
582 2198 792 2262 αὐτοῖς·
842 2202 1067 2273 πρώτου
1116 2196 1273 2264 ὄντος
1322 2206 1420 2257 τοῦ
1468 2202 1629 2279 ἁγίου
1660 2205 1895 2275 Νικήτα,

202 2289 305 2346 καὶ
337 2287 698 2351 διδάσκοντος
730 2289 1008 2366 παρρησίᾳ
1053 2289 1146 2346 τὸν
1193 2290 1325 2347 λαὸν
1366 2293 1466 2361 τὴν
1518 2291 1595 2355 εἲς
1647 2293 1884 2368 Χριστὸν

203 2379 421 2438 πίστιν.
472 2380 630 2439 Μετᾶ
678 2376 735 2434 δὲ
775 2380 876 2449 τὴν
928 2379 1278 2457 ὑποστροφὴν
1324 2385 1422 2436 τοῦ
1474 2379 1745 2457 βασιλέως
1792 2402 1892 2455 μα-

203 2467 387 2534 νέντες
446 2469 502 2524 οἱ
560 2469 779 2523 ἄπιστοι
858 2473 967 2524 τῶν
1047 2469 1286 2541 Γότθων,
1338 2470 1590 2541 ὶκίνησαν
1646 2467 1896 2547 διωγμὸν

204 2561 350 2618 κατὰ
376 2564 490 2616 τῶν
526 2563 897 2635 Χριστιανῶν·
950 2561 1042 2616 καὶ
1097 2560 1226 2624 τοὺς
1290 2562 1388 2635 μὶν
1435 2559 1642 2625 ἄλλους
1688 2558 1881 2617 ἐϐασάι

203 2672 365 2707 νισαν
397 2648 708 2728 διαφόρως·
756 2651 851 2705 τὸν
894 2647 953 2705 δὲ
1001 2651 1161 2726 ἅγιον
1212 2653 1456 2724 Νικήταν
1489 2651 1678 2708 πολλὰ
1702 2673 1756 2707 τι
1772 2673 1895 2727 μωο

217 2740 490 2816 ρήσαντες
523 2739 661 2817 πυρὶ
689 2738 1038 2815 παρέδωκαν.

808 2858 892 2929 Τῇ
923 2854 1063 2930 miti:
1101 2856 1308 2933 ἡμέρᾳσ

290 2975 513 3048 Ηνῆμη
566 2978 666 3030 τοῦ
712 2975 871 3030 ὁσίου
920 2974 1133 3051 Πατρὸς
1175 2975 1338 3049 ὴμῶν
1400 2974 1675 3042 Φιλοθέου
1725 2979 1825 3032 τοῦ

843 3052 1300 3124 Θαυματουργοῦ.

286 3160 565 3224 Φιλόθεος
621 3163 651 3218 ὁ
706 3165 1134 3239 Θαυματουργὸς
1205 3165 1424 3240 ὑπῆρχε
1478 3163 1573 3238 μὲν
1634 3163 1739 3220 ἀπό
1795 3168 1894 3221 τοῦ

212 3250 455 3325 δέρματος
502 3250 782 3324 Ὀψικίου·
834 3253 902 3321 ἦν
955 3249 1015 3306 δὶ
1063 3246 1449 3327 πρεσϐύτερος·
1497 3250 1686 3308 πολλά
1712 3250 1769 3308 δὲ
1795 3254 1889 3308 τὸν

212 3341 347 3398 Θεὸν
445 3339 556 3395 ἀπὸ
650 3339 775 3401 νὲας
867 3339 1093 3410 ἡλικίας
1159 3340 1515 3417 θεραπεύσας,
1588 3341 1889 3413 νηστεύων,

212 3429 534 3505 ἀγρυπνῶν,
588 3429 1056 3505 προσευχόμενος,
1104 3429 1198 3484 τὸν
1248 3428 1487 3485 πλοῦτον
1528 3429 1694 3486 αὐτοῦ
1727 3452 1892 3501 σκορ-

209 3517 392 3588 πίζων
427 3517 504 3580 είς
549 3516 677 3581 τοὺς
731 3515 993 3589 πένητας,
1043 3515 1096 3572 ἐν
1156 3518 1341 3593 θρήνῳ
1378 3519 1466 3573 καὶ
1498 3515 1765 3593 κλαυθμῷ
1795 3521 1892 3584 τὰς

211 3609 440 3681 ἡμέρας
495 3604 658 3661 αὑτοῦ
701 3603 926 3682 διάγων,
999 3603 1088 3661 διὰ
1141 3606 1205 3661 τὸ
1281 3606 1479 3663 ἐννοεῖν
1537 3607 1631 3671 τὰς
1688 3608 1929 3677 ἐκεῖθεν,

211 3699 332 3750 τῶν
366 3695 707 3769 ἀμαρτώλων
740 3693 1019 3766 κολάσεις,
1052 3695 1142 3751 καὶ
1171 3696 1270 3766 τὴν
1302 3697 1521 3773 γέενναν
1552 3701 1654 3753 τοῦ
1685 3698 1886 3775 πυρὸςι

213 3782 439 3839 καὶτὸν
471 3783 771 3857 ἀκοίμητον
832 3782 1118 3856 σκώληκα·
1177 3786 1267 3841 καὶ
1326 3784 1576 3849 πολλοὺς
1608 3786 1888 3863 ἐπιστηρί-

216 3877 353 3943 ζων,
413 3872 507 3927 καὶ
572 3871 803 3946 ὠφελῶν
863 3870 956 3929 διὰ
1008 3879 1108 3943 τῆς
1164 3873 1329 3930 αὐτοῦ
1388 3872 1767 3946 διδασκαλίας,
1798 3876 1887 3931 καὶ

215 3961 531 4036 ἀμέμπτως
588 3966 668 4034 τῷ
724 3967 843 4034 Θεῷ
902 3961 1263 4039 λειτουργῶν,
1317 3961 1531 4038 ἐδέξατο
1574 3966 1892 4041 χαρίσματα

215 4049 698 4126 θαομπτουργίας,
750 4049 1014 4126 δαίμονας
1058 4046 1374 4122 ἐκϐάλΛειν,
1423 4053 1774 4118 ἀσθενοῦντας
1804 4066 1892 4119 θε-

217 4140 503 4216 ραπεύειν,
554 4140 792 4215 λεπροὺς
838 4143 1174 4218 καθαρίζειν,
1227 4143 1413 4208 ὑετοὺς
1458 4143 1511 4198 ἐν
1558 4149 1678 4207 ταῖς
1728 4139 1890 4219 ἀϐρο-

218 4230 375 4306 χίαις
404 4230 683 4306 κατάγειν
736 4236 887 4287 ποιεῖ
941 4232 1043 4307 γὰρ
1102 4233 1131 4287 ὁ
1189 4231 1394 4309 Κύριος
1438 4233 1502 4289 τὸ
1533 4232 1753 4306 θέλημα
1779 4238 1891 4289 τῶν

216 4316 588 4399 γοὸουμένων
618 4320 801 4392 αὐτὸν,
830 4322 919 4376 καὶ
961 4327 1064 4391 τῆς
1114 4318 1349 4391 δεήσεως
1388 4322 1562 4377 αὐτῶν
1594 4321 1890 4378 εἰσακούειο

214 4409 379 4467 Οὕτω
435 4407 495 4465 δὶ
545 4414 1002 4487 θαυματουργῶν,
1060 4411 1150 4465 καὶ
1218 4416 1336 4473 τοῖς
1412 4413 1893 4487 προσερχομένοις

220 4498 371 4571 αὐτῷ
404 4498 648 4573 ἑτοίμως
673 4498 770 4560 τὰς
814 4499 1059 4569 αἰτήσεις
1089 4500 1373 4576 παρέχων,
1432 4498 1485 4555 ἐν
1536 4500 1728 4577 εἰρήνῃ
1779 4500 1891 4559 ἑτε-

2008 1961 2268 2001 rannum
2303 1943 2701 2016 expeditione,
2737 1944 3033 2016 insignem
3090 1962 3162 2000 ex
3209 1963 3276 2001 eo
3309 1953 3677 2018 reportasset

2006 2035 2338 2102 victoriam,
2394 2033 2758 2104 Gotthosque
2801 2033 3152 2105 subegisset,
3190 2051 3261 2088 ex
3306 2052 3374 2090 eo
3409 2040 3676 2107 tempore

2006 2140 2195 2198 genus
2226 2122 2700 2178 Christianorum
2750 2123 2905 2177 inter
2935 2122 3179 2178 Gotthos
3210 2123 3675 2196 multiplicatum

2007 2217 2115 2268 est.
2168 2213 2391 2267 Horum
2448 2211 2679 2283 primus
2740 2217 2980 2267 sanctus
3037 2212 3269 2268 Nicetas
3316 2212 3448 2282 fuit,
3483 2214 3585 2285 qui
3616 2217 3675 2268 et

2005 2317 2241 2358 summa
2264 2301 2537 2356 libertate
2561 2299 2960 2356 Christianam
2985 2300 3164 2356 ﬁdem
3188 2302 3406 2375 populo
3433 2320 3672 2358 annun-

2005 2390 2208 2448 tiabat.
2277 2390 2391 2446 Sed
2457 2393 2775 2462 postquam
2840 2408 3113 2446 reversus
3180 2396 3269 2446 est
3325 2392 3669 2464 imperator,

2005 2481 2203 2536 Gotthi
2233 2479 2511 2535 inﬁdeles
2553 2478 2752 2535 furore
2797 2480 3029 2551 perciti,
3082 2486 3378 2544 commota
3408 2482 3468 2536 in
3500 2483 3670 2536 Chri-

2004 2570 2229 2626 stianos
2260 2568 2698 2640 persecutione,
2729 2564 2880 2624 alios
2914 2569 3157 2640 quidem
3189 2570 3362 2625 aliter
3395 2575 3656 2639 torsere;

2004 2659 2270 2714 Nicetam
2301 2662 2503 2713 autem
2547 2656 2983 2729 multiplicibus
3018 2658 3328 2730 suppliciis
3359 2661 3667 2716 excrucia-

2004 2752 2137 2804 tum
2167 2747 2290 2820 igni
2323 2746 2644 2802 tradidere.

2650 2863 2873 2919 Eodem
2926 2863 3023 2919 die

2001 2982 2107 3038 40
2153 2982 2610 3037 Commemoratio
2675 2982 2855 3036 sancti
2918 2982 3106 3037 Patris
3169 2985 3348 3038 nostri
3396 2983 3676 3039 Philothei

2629 3053 3055 3123 Thaumaturgi.

2077 3169 2426 3225 Philotheus
2457 3169 2953 3240 Thaumaturgus,
2980 3173 3238 3225 sectator
3266 3171 3510 3242 Opsicii,
3540 3186 3676 3243 pre-

2007 3259 2209 3332 sbyter
2235 3258 2368 3324 fuit,
2403 3273 2770 3331 magnusque
2794 3258 2895 3312 Dei
2921 3257 2991 3313 ab
3024 3258 3428 3315 adolescentia
3456 3260 3671 3316 cultor:

1999 3349 2222 3420 quippe
2253 3348 2354 3419 qui
2370 3348 2624 3419 jejuniis
2656 3352 2715 3402 et
2743 3347 3111 3403 orationibus
3142 3348 3379 3404 assidue
3407 3355 3660 3416 vacaret;

2001 3438 2237 3494 divitias
2259 3453 2397 3491 suas
2422 3435 2783 3507 pauperibus
2817 3434 3234 3503 distribuerat;
3271 3442 3330 3491 et
3357 3437 3523 3492 luctu
3544 3438 3659 3493 ile-

1998 3532 2182 3598 tuque
2209 3525 2337 3580 dies
2369 3540 2508 3579 suos
2543 3523 2896 3591 traduceret,
2933 3540 3134 3578 secum
3166 3524 3495 3595 reputando
3526 3542 3659 3595 gra-

1995 3614 2269 3671 vissimas
2286 3613 2349 3667 in
2368 3612 2556 3668 altero
2573 3611 2790 3667 saeculo
2812 3616 3188 3683 peccatorum
3208 3615 3653 3686 pmnas,gehen-

1996 3722 2138 3762 nam
2168 3705 2343 3777 ignis,
2377 3709 2556 3774 atque
2596 3703 2938 3775 pervigilem
2992 3718 3272 3758 vermem.
3303 3704 3446 3759 Cum
3476 3706 3657 3779 igitur

1997 3795 2219 3851 multos
2250 3794 2652 3861 conﬁrmaret,
2683 3810 2907 3865 suaque
2929 3793 3201 3849 doctrina
3214 3794 3655 3867 juvaret,atque

1996 3885 2301 3957 inculpate
2332 3884 2633 3956 liturgiam
2692 3884 2810 3938 Deo
2870 3884 3129 3951 oll‘erret,
3171 3885 3401 3955 accepit
3430 3885 3656 3939 donum

1993 3974 2441 4041 miraculorum,
2462 3977 2530 4027 ut
2549 3972 2778 4027 scilicet
2795 3971 3133 4027 daamonese
3147 3972 3660 4043 jiceret,intirmos

1997 4068 2253 4130 curaret,
2286 4062 2554 4133 leprosos
2585 4060 3156 4132 mundaret,pluvias
3180 4062 3241 4116 in
3264 4063 3523 4117 maxima
3545 4063 3662 4117 sic-

1998 4152 2175 4209 citate
2197 4151 2553 4208 adduceret:
2576 4152 2730 4205 Deus
2750 4150 2909 4204 enim
2930 4150 3295 4205 voluntatem
3320 4151 3661 4205 timentium

2000 4257 2063 4297 se
2093 4241 2256 4308 facit,
2280 4255 2606 4312 precesque
2630 4255 2836 4294 eorum
2869 4240 3126 4294 exaudit.
3152 4239 3285 4294 Haec
3311 4239 3664 4295 admiranda

2001 4347 2184 4403 opera
2212 4334 2585 4402 perpetrans,
2617 4334 2677 4383 et
2704 4328 3114 4383 accedentium
3146 4328 3220 4384 ad
3253 4344 3318 4384 se
3348 4330 3663 4400 postulatis

2000 4435 2296 4490 annuens,
2328 4420 2388 4473 in
2420 4433 2563 4489 pace
2607 4415 2882 4471 decessit.
2934 4417 3004 4469 Et
3051 4433 3123 4471 ex
3168 4417 3445 4487 pretiosis
3497 4418 3660 4472 illius

2001 4508 2235 4566 ossibus
2262 4508 2325 4562 in
2356 4506 2629 4578 sepulcro
2662 4504 2919 4560 conditis
2949 4510 3153 4560 manet
3198 4505 3418 4561 mirum
3444 4507 3506 4561 in
3537 4522 3662 4561 mo-

224 4584 467 4655 λιιώθη.
501 4587 609 4645 Καὶ
665 4586 852 4665 ταφεὶς
905 4587 1058 4664 βρύει
1108 4586 1427 4664 παραδόξως
1464 4586 1527 4644 ἐκ
1552 4592 1663 4644 τῶν
1690 4589 1891 4664 τιμίων

2009 4598 2147 4655 dum
2178 4597 2439 4654 salutare
2472 4595 2673 4651 oleum
2704 4594 2767 4649 in
2796 4595 2957 4650 hunc
2987 4610 3176 4667 usque
3207 4595 3387 4652 diem.

222 4671 434 4732 ὀστέων
466 4675 638 4732 αὐτοῦ
668 4674 718 4738 ίς
749 4695 884 4732 σεων
911 4671 1098 4732 ἔλαιον
1124 4678 1291 4753 μέχρι
1312 4683 1415 4748 τῆς
1444 4679 1708 4756 σήμερον.

832 4796 920 4869 Τῇ
948 4793 1088 4870 κί’»τῇ
1117 4791 1303 4873 ἡμέρᾳ

224 4911 503 4985 ’Δολησις
548 4914 660 4966 τῶν
736 4909 909 4988 ἁγίων
957 4910 1294 4988 Αμαρςτύρωνᾳ
1320 4985 1329 4988 Α
1357 4913 1632 4988 Μαξίμου,
1691 4913 1892 4971 Θεοδό-

672 5003 771 5037 tuo
785 4981 796 4985 ⁷
820 4983 911 5038 καὶ
956 4981 1458 5056 ’Ᾱσκληπιοδότηςέ

288 5102 471 5160 Οὗτοι
502 5099 756 5173 ἐγένοντο
803 5096 892 5154 ἐπὶ
932 5104 1036 5169 τῆς
1092 5097 1373 5175 βασιλείας
1416 5103 1764 5176 Μαειμιανοῦ
1790 5107 1890 5159 τοῦ

220 5189 463 5248 διώκτου
510 5191 624 5244 τῶν
676 5191 1041 5263 Χριστιανῶν,
1092 5187 1430 5266 ὑπάρχοντες
1485 5190 1593 5248 ἀπὸ
1643 5194 1888 5268 Μαρκια-

216 5280 541 5344 νουπόλεως
591 5286 695 5348 τῆς
752 5278 990 5353 Θρᾴκης.
1052 5276 1403 5343 Διδάσκοντες
1462 5278 1520 5337 δὲ
1569 5284 1661 5338 τὸν
1721 5282 1886 5359 λόγον

215 5377 313 5429 τοῦ
360 5374 523 5440 Θεοῦ,
586 5367 677 5425 καὶ
735 5368 873 5424 κατὰ
923 5366 1021 5432 τὰς
1074 5365 1298 5435 ἕντολὰς
1327 5370 1496 5426 αὐτοῦ
1523 5371 1887 5448 πορευόμενοι

217 5462 410 5524 νυκτὸς
440 5460 531 5515 καὶ
567 5458 804 5533 ἡμέρας,
860 5457 947 5511 καὶ
1008 5453 1256 5523 πολλοὺς
1312 5458 1418 5515 ἀπὸ
1463 5464 1563 5526 τῆς
1590 5464 1698 5517 τῶν
1730 5458 1890 5517 εἰδώ-

223 5554 330 5608 λων
363 5549 580 5621 πλάνης
631 5545 724 5605 ἐπὶ
784 5546 876 5601 τὸν
932 5545 1126 5621 Κύριον
1184 5549 1347 5621 ἡμῶν
1399 5550 1609 5620 Ἰησοῦν
1658 5551 1887 5626 Χριστὸν

228 5642 570 5717 μετάγοντες,
631 5634 1019 5712 ἐκρατήθησαν
1103 5636 1248 5710 παρᾶ
1332 5641 1428 5692 τοῦ
1496 5644 1597 5709 τῆς
1676 5640 1891 5716 Θρᾴκης

226 5727 548 5808 πρπηγοῦ,
599 5726 712 5789 Καὶ
766 5727 994 5800 πρῶτον
1045 5724 1143 5797 μὲν
1192 5724 1493 5801 ἐτύφθησαν
1526 5722 1768 5805 ῥάϐδοις,
1796 5730 1891 5786 καὶ

2656 4800 2876 4857 Eodem
2908 4801 3004 4857 die

2000 4925 2098 4980 41
2144 4922 2428 4978 Certamen
2463 4924 2779 4975 sanctorum
2824 4925 3137 4988 martyrum
3181 4921 3437 4990 Maximi,
3486 4923 3658 4980 Theo-

2499 4992 2619 5047 doti
2648 4996 2701 5046 et
2725 4990 3153 5061 Asclepiodotes.

2073 5109 2195 5179 Isti,
2229 5107 2563 5179 imperante
2586 5105 2942 5160 Maximiano
2964 5105 3437 5165 Christianorum
3458 5125 3661 5181 perse-

2000 5203 2225 5265 cutore,
2249 5213 2321 5251 ex
2349 5193 2768 5266 Marcianopoli
2791 5193 3054 5249 Thraciae
3076 5195 3222 5251 urbe
3246 5196 3663 5254 fuerunt.Cum

2002 5292 2202 5343 autem
2249 5284 2494 5340 verbum
2542 5283 2645 5338 Dei
2694 5282 3000 5350 docerent,
3035 5287 3093 5338 et
3130 5284 3193 5339 in
3222 5285 3501 5341 omnibus
3534 5287 3665 5357 ejus

2002 5374 2319 5448 praeceptis
2349 5373 2447 5428 die
2484 5388 2552 5427 ac
2600 5375 2773 5427 nocte
2819 5370 3186 5440 incederent,
3220 5374 3561 5444 multosque
3590 5372 3664 5428 ab

2001 5463 2300 5520 idolorum
2364 5476 2564 5517 errore
2624 5459 2697 5515 ad
2757 5459 3071 5515 Dominum
3139 5467 3407 5515 nostrum
3465 5460 3664 5515 Jesum

2001 5553 2301 5609 Christum
2353 5553 2784 5615 converterent,
2834 5539 3248 5619 comprehensi
3281 5564 3314 5603 a
3357 5548 3663 5618 copiarum

2005 5641 2267 5699 Thraciae
2292 5639 2460 5711 duce,
2484 5638 2621 5696 caesi
2642 5637 2905 5710 primum
2928 5637 3124 5709 virgis,
3149 5636 3478 5707 depexique
3501 5643 3661 5705 sunt,

2005 5731 2199 5790 dondc
2225 5747 2360 5787 ossa
2385 5745 2591 5786 eorum
2621 5725 3226 5800 apparerent.Deinde
3247 5726 3513 5798 praecisis
3542 5741 3663 5780 ma-
