4142 6426
458 354 531 417 51
1785 346 1949 409 ΜΕΝ
1954 344 2127 409 οισι

2261 340 2475 409 PARS
2520 346 2573 407 Ι.
3808 349 3887 409 52

460 487 663 555 nibus,
714 482 989 556 pedibus,
1039 492 1107 539 ac
1159 481 1426 551 auribus,
1476 486 1764 555 tanquam
1802 481 2023 537 mortui
2055 480 2118 535 in

2238 476 2545 551 ἐξέσθησαν,
2599 476 2706 544 ’ἕως
2763 480 2933 559 ἐφάνη
2983 482 3052 538 τὰ
3107 482 3240 538 ὅστᾶ
3294 482 3493 538 αὐτῶν.
3533 484 3763 539 Ἔπειτα
3791 500 3886 538 κο-

460 580 684 634 terram
717 574 933 646 abjecti
965 577 1123 629 sunt.
1175 574 1316 627 Post
1360 572 1488 627 haec
1533 570 1819 643 plaustris
1858 569 2122 641 impositi

460 664 913 737 Adrianopolim
964 663 1298 717 vehuntur:
1345 662 1444 716 ubi
1494 677 1702 716 rursus
1751 677 1785 716 a
1814 660 2120 732 copiarum

466 756 616 812 duce
643 753 1107 826 impellebantur
1128 751 1305 807 idolis
1326 750 1537 806 saltem
1559 750 1735 805 verbo
1763 750 2120 805 sacriﬁcare.

467 846 544 901 At
572 844 662 899 illi
691 860 812 899 non
844 842 1019 897 modo
1051 841 1112 896 id
1130 839 1325 896 facere
1351 839 1774 905 detrectarunt,
1799 838 1903 893 sed
1924 839 2123 910 potius

466 932 630 989 idola
657 931 944 1000 ridentes,
976 928 1325 986 asserebant
1370 928 1513 984 deos
1550 927 1817 1001 gentium
1847 943 1977 983 esse
2004 926 2124 982 dae-

464 1023 691 1092 monia,
715 1027 892 1092 atque
914 1036 1035 1075 una
1055 1035 1189 1075 cum
1213 1017 1539 1073 cultoribus
1561 1018 1685 1072 suis
1708 1016 2121 1072 exsecrandos.

465 1112 658 1178 Quare
714 1109 909 1182 capite
964 1108 1230 1164 damnati
1286 1106 1713 1163 occubuerunt.
1747 1104 1859 1161 Sed
1900 1110 1959 1161 et
2003 1122 2127 1161 una

463 1216 602 1257 cum
633 1199 781 1272 ipsis
810 1197 1248 1271 Asclepiodoto,
1282 1195 1629 1252 eorumdem
1661 1194 1879 1264 afﬁnis,
1910 1199 2126 1267 marty-

461 1288 553 1346 rio
582 1288 865 1346 defuncta
904 1292 1014 1344 est.

1120 1464 1343 1522 Eodem
1375 1463 1472 1521 die

466 1584 570 1642 42
603 1586 1062 1643 Commemoratio
1090 1581 1423 1639 sanctissimi
1449 1583 1681 1639 Martini
1719 1594 1893 1653 papa
1920 1582 2123 1637 Romae.

543 1702 793 1757 Sanctus
839 1703 1015 1756 Pater
1062 1704 1269 1755 noster
1326 1702 1385 1754 et
1448 1698 1754 1755 confessor
1817 1698 2123 1765 Martinus,

2230 571 2415 632 πάντες
2465 574 2681 645 χεῖρας,
2739 568 2931 641 πόδας,
2987 570 3144 642 ὠτία,
3201 571 3580 649 ἀπερρίφησαν
3612 571 3760 647 ἐντῇ
3789 576 3880 648 γῇ,

2231 657 2359 739 ὡσεὶ
2389 658 2592 734 νεκροί.
2638 659 2742 717 Καὶ
2789 661 3036 735 ἀρθέντες
3092 661 3181 717 ἐπὶ
3236 663 3480 736 ἁμαξῶν,
3518 662 3775 739 ἤχθησαν
3805 663 3883 727 εἷς

2232 735 2713 813 ’Λδριανούπολιν.
2798 743 2899 797 Καὶ
2968 743 3133 799 πάλιν
3208 735 3720 818 κατηναγκάσθησαν
3780 745 3883 800 ὑπὸ

2229 832 2327 883 τοῦ
2403 835 2727 907 στρατηγοῦ,
2807 829 2903 886 κᾶν
2981 831 3137 908 λόγῳ
3211 836 3367 889 θῦσαι
3424 839 3543 896 τοῖς
3602 831 3881 897 εἰδώλοις.

2232 919 2319 982 Ὡς
2355 917 2414 974 δὲ
2443 919 2541 976 οὐκ
2599 920 2920 992 ἐπείσθησαν
2977 928 3140 979 τοῦτο
3195 930 3445 996 ποιῆσαι,
3490 923 3637 980 ἀλλά
3669 923 3880 998 μᾶλλον

2230 1007 2598 1084 ἐμυκτήρισαν
2624 1012 2693 1067 τὰ
2723 1009 2948 1084 εἴδωλα,
2972 1013 3237 1084 εἰπόντες,
3265 1012 3348 1069 ὅτι
3375 1015 3426 1069 οἳ
3456 1014 3569 1079 θεοὶ
3589 1019 3695 1069 τῶν
3717 1014 3882 1070 ἐθνῶν

2233 1095 2491 1172 δαιμόνιά
2543 1100 2667 1172 εἶσι,
2716 1103 2807 1156 καὶ
2867 1101 3250 1177 ἐπικατάρατοι
3303 1104 3611 1179 ὑπάρχουσι
3658 1104 3750 1159 καὶ
3799 1103 3888 1160 αὖ·

2231 1189 2341 1261 τοὶ,
2384 1189 2474 1245 καὶ
2526 1191 2579 1245 οἱ
2625 1186 2910 1264 σεϐόμενοι
2957 1191 3174 1263 αὐτοὺς,
3223 1192 3321 1258 τὰς
3360 1192 3604 1270 κεφαλὰς
3637 1195 3887 1268 ἀπετμή-

2234 1278 2535 1347 θησαν.Καὶ
2587 1278 2679 1334 σὺν
2731 1280 2918 1344 αὐτοῖς
2977 1279 3272 1353 ἐτελειώθη
3325 1285 3361 1353 ἠ
3415 1282 3617 1359 μάρτυς
3650 1283 3889 1356 Ἀσκλη-

2231 1364 2463 1438 πιοδότη
2495 1366 2587 1423 καὶ
2616 1371 2877 1444 συγγενὴς
2901 1370 3098 1428 αὐτῶν.

2829 1464 2910 1535 τῇ
2940 1460 3077 1536 αὐτῇ
3110 1461 3298 1536 ἡμέρᾳ

2236 1578 2444 1652 Μνήμη
2512 1580 2609 1634 τσῦ
2677 1579 2987 1655 ἀγιωτάτου
3065 1580 3345 1655 Μαρτίνου
3428 1581 3582 1637 πάπα
3645 1583 3892 1657 Ῥώμης.

2306 1697 2367 1754 Ὁ
2398 1695 2449 1752 ἐν
2501 1696 2679 1773 ἁγίοις
2727 1699 2913 1773 Πατὴρ
2963 1699 3148 1772 ἡμῶν,
3198 1697 3289 1754 καὶ
3339 1699 3699 1776 ὁμολογητὴς
3745 1704 3892 1779 Μαρ-

467 1795 789 1850 Constante
846 1788 1100 1846 Heraclii
1154 1793 1369 1861 nepote
1431 1788 1809 1860 imperatore,
1862 1789 2123 1858 antiquaa

2238 1789 2378 1848 τῖνος
2428 1787 2644 1863 ὑπῆρχε
2701 1788 2884 1849 πάπας
2938 1792 3038 1857 τῆς
3098 1786 3333 1850 παλαιᾶς
3387 1789 3637 1863 Ῥώμης,
3670 1788 3758 1845 ἐπὶ
3788 1797 3892 1861 τῆς

469 1884 669 1939 Romae
702 1896 854 1952 papa
877 1878 1008 1934 fuit.
1030 1879 1166 1934 Cum
1186 1851 1320 1933 vero
1344 1851 1634 1934 Constans
1666 1879 1775 1933 iste
1797 1851 2125 1932 haereticus

2238 1873 2520 1953 βασιλείας
2590 1875 2991 1933 Κωνσταντίνου
3081 1881 3179 1931 τοῦ
3257 1874 3476 1951 ἐγγόνου
3540 1877 3889 1953 Ἡρακλείου.

466 1969 864 2027 monothelita
907 1974 1084 2036 esset,
1146 1968 1537 2039 eamdemque
1585 1968 1858 2023 haeresim
1907 1965 2126 2022 Paulus

464 2059 1161 2131 Constantinopolitanus
1226 2058 1565 2129 patriarcha
1637 2061 2009 2128 sequeretur,
2068 2055 2126 2109 id

463 2150 730 2206 resciens
763 2149 1048 2203 Martinus
1113 2163 1288 2219 papa,
1352 2152 1475 2202 tum
1526 2148 1971 2219 imperatorem,
2001 2152 2127 2200 tum

463 2238 865 2310 patriarcham
887 2253 995 2308 per
1014 2236 1243 2292 litteras
1260 2236 1586 2305 monuit,ut
1602 2235 2129 2290 monothelitarum

467 2325 746 2381 haeresim
777 2325 1144 2397 adjurarent.
1180 2325 1293 2380 Sed
1324 2342 1458 2379 cum
1489 2325 1638 2379 nihil
1676 2324 2131 2393 ell‘ecisset,con-

464 2419 673 2470 vocata
730 2415 929 2470 Romae
988 2414 1236 2488 synodo,
1297 2414 1674 2469 anathemate
1727 2413 2031 2469 damnavit
2072 2419 2130 2469 et

470 2505 774 2573 haeresim,
807 2509 866 2560 et
910 2520 1032 2573 eos,
1087 2505 1188 2575 qui
1239 2504 1378 2559 huic
1426 2503 1646 2559 addicti
1678 2508 1899 2559 essent.
1933 2503 1996 2558 Id
2027 2504 2129 2559 ubi

469 2593 743 2666 cognovit
790 2593 1134 2664 imperator,
1187 2593 1503 2648 Martinum
1546 2592 2127 2665 Constantinopolim

472 2683 742 2751 accersit,
802 2682 1241 2754 polliceturque
1319 2699 1379 2738 se
1456 2682 1678 2750 omnia,
1757 2699 2128 2754 quascunque

467 2771 668 2839 vellet,
689 2772 985 2827 facturum
1009 2788 1161 2839 esse,
1181 2788 1315 2827 cum
1337 2777 1538 2827 tamen
1559 2788 1666 2843 per
1686 2771 2129 2827 simulationem

472 2867 532 2918 et
554 2862 827 2917 fraudem
857 2862 984 2917 hanc
1015 2866 1233 2934 ageret.
1268 2862 1524 2917 Veniens
1555 2878 1692 2934 ergo
1725 2867 2128 2932 sanctus,cum

472 2965 707 3007 summa
734 2950 1064 3023 ignominia
1082 2950 1371 3021 accipitur
1390 2950 1462 3006 ab
1486 2950 1869 3021 imperatore,
1893 2956 1951 3005 et
1971 2967 2006 3006 a
2024 2967 2131 3022 pa—

467 3040 747 3107 triarcha,
770 3040 1065 3111 bonisque
1086 3040 1427 3107 mulctatus,
1452 3040 1514 3095 in
1537 3039 1979 3095 tenebricosum
2000 3056 2130 3095 car-

473 3144 673 3185 cerem
706 3129 1042 3200 conjicitur.
1105 3128 1329 3185 Deinde
1387 3128 1450 3183 in
1505 3128 1718 3184 urbem
1765 3128 2128 3186 Chersonam

471 3217 791 3289 relegatus,
810 3217 1012 3290 ibique
1040 3216 1233 3274 multa
1259 3217 1458 3290 gravia
1480 3233 1714 3290 passus,
1746 3216 2021 3274 decessit.

1130 3336 1351 3394 Eodem
1380 3336 1477 3393 die

653 3454 755 3511 48
787 3455 1072 3513 Certamen
1116 3458 1294 3511 sancti
1330 3456 1595 3526 martyris
1632 3455 1953 3527 Porphyrii.

545 3573 911 3646 Porphyrius
932 3577 1179 3644 martyr,
1196 3573 1556 3644 imperatore
1574 3572 1809 3628 Iuliano
1827 3576 2132 3653 Apostata,

474 3661 708 3729 claruit,
743 3677 921 3732 quem
965 3677 1187 3717 mensas
1234 3660 1687 3717 accumbentem
1709 3661 1863 3732 jocis
1894 3678 1961 3717 ac
1990 3662 2132 3719 sali-

472 3749 606 3819 bus,
642 3750 945 3805 mimicam
974 3754 1164 3804 artem
1195 3765 1498 3817 exercens,
1551 3750 1847 3806 delectare
1886 3768 2133 3808 consue-

472 3844 655 3896 verat.
690 3840 833 3894 Cum
866 3845 1064 3894 autem
1115 3839 1632 3896 animadvertisset
1674 3840 1869 3911 illum,
1903 3843 2130 3914 ejurato

472 3929 722 3986 Domino
745 3933 950 3984 nostro
972 3930 1110 3985 Iesu
1130 3929 1382 3994 Christo,
1402 3929 1564 3985 idola
1578 3930 1795 3998 colere,
1815 3947 2002 4002 eaque
2024 3950 2130 4005 pro
2160 3980 2163 3983 λ

472 4018 587 4074 diis
616 4018 857 4085 habere,
883 4017 1081 4073 divino
1112 4017 1233 4072 zelo
1258 4034 1566 4086 accensus,
1593 4020 1975 4076 vehementer
1995 4038 2130 4077 eum

470 4109 802 4181 objurgavit
819 4126 1021 4165 coram
1043 4109 1317 4164 universo
1338 4116 1572 4173 senatu,
1595 4111 2129 4181 praevaricatorem,

469 4198 722 4271 impium
757 4215 822 4254 ac
853 4198 1172 4254 scelestum
1194 4198 1526 4271 appellans,
1550 4207 1727 4271 atque
1750 4201 2046 4273 ingratum
2068 4203 2131 4257 in

471 4286 681 4356 Deum,
716 4289 815 4359 qui
848 4293 1013 4343 tanta
1041 4288 1151 4359 ipsi
1181 4287 1475 4343 beneficia
1495 4288 1892 4361 etimperium
1923 4297 2131 4346 contu-

469 4376 640 4433 lerat.
701 4379 891 4443 Quare
949 4377 1391 4433 excandescens
1437 4377 1731 4448 Julianus,
1787 4379 1962 4435 variis
1995 4396 2131 4434 eum

467 4469 635 4539 prius
665 4467 1015 4538 acerbisque
1042 4467 1356 4522 tormentis
1384 4466 1708 4522 crudeliter
1738 4468 2130 4537 excruciavit;

2230 1949 2475 2019 Ἐπείδὲ
2534 1966 2691 2026 οὗτος
2747 1966 2775 2019 6
2835 1967 3245 2028 Κωνσταντῖνος
3302 1966 3368 2035 ἦν
3425 1965 3695 2043 αἶ’ρετικὸς
3736 1990 3894 2041 μονο-

2235 2050 2496 2123 θελήτης,
2528 2053 2735 2126 ὁμοίως
2764 2055 2853 2109 καὶ
2894 2054 3119 2117 Παῦλος
3179 2058 3207 2110 ὸ
3261 2056 3892 2125 Κωνσταντινουπόλεως

2234 2142 2605 2218 πατριάρχης,
2644 2145 2826 2217 μαθὼν
2869 2145 2993 2217 περί
3038 2145 3235 2199 τούτου
3282 2145 3310 2198 ὁ
3359 2147 3540 2207 πάπας
3590 2146 3891 2221 Μαρτῖνος,

2236 2229 2485 2302 ἐδήλωσε
2544 2230 2633 2287 διὰ
2677 2234 3017 2308 γραμμάτων
3075 2237 3155 2305 τῷ
3217 2232 3453 2309 βασιλεῖ,
3514 2235 3604 2289 καὶ
3660 2240 3739 2309 τῷ
3786 2257 3894 2292 πα-

2232 2320 2497 2397 τριάρχῃ,
2537 2321 2871 2394 ἀρνήσασθαι
2927 2324 3027 2390 τὴν
3074 2325 3182 2376 τῶν
3242 2324 3625 2395 μονοθελητῶν
3659 2322 3890 2398 αἳρεσιν.

2235 2409 2334 2464 Καὶ
2388 2411 2472 2491 ⁸μή
2533 2414 2720 2473 πείσας
2776 2410 2994 2483 αὐτοὺς,
3054 2411 3376 2467 συνεκάλεσε
3430 2414 3532 2481 τήν
3591 2411 3642 2466 ἐν
3702 2414 3893 2488 Ῥώμη

2237 2501 2482 2576 σύνοδον,
2532 2506 2622 2559 καὶ
2678 2506 3026 2578 άνεθεμάτισε
3084 2506 3182 2574 τήν
3232 2505 3482 2571 τοιαύτην
3542 2502 3767 2579 α’ίρεσιν,
3795 2506 3891 2562 καὶ

2233 2593 2363 2656 τοὺς
2420 2594 2588 2668 ταύτῃ
2644 2594 3095 2667 προσκειμένους.
3155 2596 3286 2652 Εἶτα
3347 2594 3655 2669 μετεκλήθη
3742 2597 3894 2672 παρά

2232 2688 2331 2739 τοῦ
2366 2682 2635 2758 βασιλέως
2683 2684 2951 2757 μαθόντος
2989 2687 3174 2758 τοῦτο,
3219 2685 3309 2739 καὶ
3358 2681 3712 2753 δηλώσαντος
3745 2685 3892 2758 αὐτῷ

2233 2770 2409 2828 ἐλθεῖν
2462 2771 2537 2834 είς
2586 2772 3183 2846 Κωνσταντινοόπολιν,
3241 2772 3327 2828 ἐπὶ
3373 2778 3454 2845 τῷ
3504 2776 3728 2839 ποιῆσαι
3760 2780 3892 2848 πᾶν,

2235 2861 2335 2918 εἴτι
2392 2859 2672 2936 βούλοιτο.
2729 2863 2807 2918 Τὸ
2865 2858 2922 2916 δὲ
2977 2862 3046 2931 ἦν
3104 2858 3286 2924 δόλος.
3348 2859 3610 2919 Ἐλθέντα
3656 2862 3756 2938 γὰρ
3795 2864 3891 2918 τὸν

2235 2952 2386 3027 ἅγιον
2438 2950 2724 3025 ἠτίμωσαν
2775 2952 2867 3005 ὅτε
2913 2949 3191 3025 βασιλεὺς,
3241 2950 3334 3005 ὅτε
3378 2950 3746 3027 πατριάρχης.
3791 2953 3895 3007 Καὶ

2236 3037 2600 3112 δημεύσαντες
2678 3038 3002 3096 ἀπέκλεισαν
3104 3040 3183 3102 εἱς
3255 3041 3537 3108 σκοτεινὴν
3618 3037 3895 3114 φυλακήν.

2234 3130 2368 3186 Εἶτα
2396 3129 2659 3206 ἐξωρίσθη
2721 3129 2797 3192 εἷς
2848 3130 3106 3204 Χερσῶνα
3151 3129 3249 3197 τὴν
3299 3128 3485 3184 πόλιν·
3540 3129 3645 3184 καὶ»
3676 3129 3728 3185 ἐν
3757 3130 3899 3206 αὖτῇ

2161 3215 2207 3282 C
2238 3216 2429 3274 πολλὰ
2458 3217 2607 3275 δεινὰ
2635 3219 2845 3292 παθὼν,
2878 3216 3191 3289 ἐτελειώθη.

2809 3337 2890 3410 Τῇ
2950 3335 3090 3409 αὐτῇ
3141 3334 3323 3409 ἡμέρᾳ

2413 3452 2687 3525 νΛθλησις
2734 3457 2831 3509 τοῦ
2881 3451 3035 3529 άγίου
3070 3454 3343 3528 μάρτυρος
3376 3455 3710 3532 Πορφυρίου.

2308 3568 2620 3649 Πορφύριος
2669 3571 2698 3625 6
2759 3569 2962 3645 μάρτυς
3025 3569 3269 3646 ὑπῆρχεν
3328 3568 3418 3626 ἐπὶ
3463 3577 3563 3641 τῆς
3612 3567 3899 3647 βασιλείας

2231 3652 2547 3719 Ἰουλιανοῦ
2603 3662 2702 3714 τοῦ
2775 3653 3120 3735 Παραϐάτου,
3200 3660 3413 3736 τέρπων
3470 3659 3560 3717 ἐπὶ
3615 3663 3901 3735 τραπέζῆς

2234 3750 2422 3819 αὐτοῦ,
2475 3747 2567 3803 καὶ
2618 3752 2792 3804 ποιῶν
2848 3746 2948 3802 ὅσα
3006 3749 3097 3803 καὶ
3153 3749 3205 3804 οἱ
3267 3749 3590 3826 μιμολόγοι.
3650 3753 3779 3808 Ὅτε
3842 3751 3904 3809 δὲ

2236 3837 2373 3894 εἶδεν
2436 3838 2566 3893 αὐὸν
2625 3837 3002 3911 άρνησάμενον
3055 3838 3147 3892 τὸν
3211 3838 3404 3914 Κύριον
3463 3841 3625 3911 ἡμῶν
3686 3842 3905 3911 Ἰησοῦν

2235 3928 2490 4005 Χριστὸν,
2530 3926 2622 3981 καὶ
2678 3927 3126 4002 προσκυνήσαντα
3179 3927 3247 3982 τὰ
3304 3925 3530 3999 εἷ’δωΛα,
3583 3929 3748 3992 Θεοὺς
3782 3933 3909 3987 ἐαυ-

2232 4024 2334 4074 τοῦ
2364 4018 2737 4091 ποιησάμενον
2771 4015 2927 4086 αὐτὰ,
2989 4015 3145 4092 ζήλῳ
3201 4018 3331 4092 θείῳ
3372 4020 3638 4092 κινηθεὶς,
3671 4019 3900 4097 ἤλεγξεν

2233 4108 2395 4165 αὐτὸν
2456 4107 2690 4164 ἐνώπιον
2741 4114 2843 4177 τῆς
2904 4107 3221 4182 συγκλήτου
3300 4110 3500 4181 πάσης,
3577 4107 3901 4187 παραϐάτην

2234 4199 2398 4253 αὐτὸν
2455 4196 2643 4266 εἰπὼν,
2692 4197 2781 4251 καὶ
2828 4192 3088 4267 δυσσεϐῆ,
3134 4197 3225 4252 καὶ
3273 4198 3613 4274 παράνομον,
3639 4201 3732 4255 καὶ
3763 4200 3901 4278 ἀχά-

2237 4307 2418 4364 ριστον
2448 4293 2548 4356 τῆς
2582 4286 2659 4349 εἷς
2710 4286 2871 4342 αὐτὸν
2919 4288 3220 4361 γενομένης
3270 4288 3573 4366 εὐεργεσίας
3600 4294 3698 4345 τοῦ
3730 4296 3900 4360 Θεοῦ,

2233 4377 2324 4434 καὶ
2378 4376 2679 4451 βασιλείας.
2723 4378 2878 4441 ’Ὀθεν
2932 4376 3198 4453 ὀργισθεὶς
3247 4380 3275 4432 6
3323 4377 3644 4450 Ἰουλιανὸς,
3673 4384 3899 4451 πρῶτον

2239 4465 2336 4538 μὲν
2393 4464 2775 4542 ἐτιμωρήσατο
2832 4465 2991 4521 αὐτὸν
3061 4466 3330 4537 ἀνηλεῶς,
3389 4466 3441 4522 ἐν
3513 4465 3753 4531 πολλαῖς
3804 4469 3901 4526 καὶ

468 4561 661 4612 totum
694 4555 910 4612 deinde
943 4555 1110 4611 illius
1140 4571 1358 4626 corpus
1385 4555 1638 4627 ﬂagellis
1670 4556 1952 4613 caedendo
1980 4557 2127 4612 adeo

2238 4559 2460 4629 πικραῖς
2486 4554 2766 4630 βασάνοις.
2816 4554 2919 4612 Καὶ
2950 4555 3012 4610 τὸ
3056 4559 3216 4629 σῶμα
3255 4555 3421 4611 αὐτοῦ
3465 4554 3595 4611 ὅλον
3622 4558 3900 4633 κατέξανε,

466 4644 767 4713 laceravit,
800 4650 866 4698 ut
896 4660 1033 4698 ossa
1078 4644 1469 4698 nudarentur.
1504 4645 1808 4699 Postremo
1846 4646 2130 4717 praecepit

467 4732 778 4788 lictoribus
807 4738 1037 4787 uteum
1069 4730 1589 4798 decollarent.Qua
1614 4738 1857 4804 accepta
1886 4740 2125 4789 senten-

468 4823 572 4891 tia,
604 4824 835 4878 vinctus
864 4822 939 4877 ad
970 4822 1166 4877 locum
1198 4813 1474 4893 supplicii
1505 4824 1816 4890 adductus,
1845 4829 1904 4879 et
1930 4824 2126 4895 gladio

468 4928 789 4986 percussus
810 4908 1107 4975 occubuit,
1130 4926 1237 4981 pro
1267 4912 1627 4983 temporario
1658 4922 1794 4983 reg’e
1822 4912 2126 4968 immorta-

469 5003 590 5059 lem
622 5000 894 5071 adeptus,
942 5004 1002 5054 et
1039 5014 1144 5070 pro
1177 5000 1665 5070 corruptibi‘libus
1698 4999 1928 5055 deliciis
1954 5006 2124 5056 aeter-

467 5108 609 5148 nam
638 5090 1004 5145 felicitatem.

1120 5268 1340 5324 Eodem
1373 5268 1469 5324 die

642 5389 746 5443 44
777 5385 1057 5441 Certamen
1105 5392 1309 5440 sancta:
1342 5386 1606 5455 martyris
1657 5385 1939 5442 Melitinw.

534 5503 803 5561 Melitina
832 5506 1076 5576 martyr,
1104 5502 1404 5557 Antonino
1437 5504 1836 5557 Romanorum
1868 5504 2117 5576 Caesare,

464 5614 537 5652 ex
566 5592 984 5664 Marcianopoli
1039 5591 1299 5647 Thraciae
1356 5591 1504 5646 urbe
1560 5591 1690 5647 fuit.
1743 5594 1887 5649 Cum
1918 5598 2117 5650 autem

464 5684 766 5742 Christum
804 5682 1173 5755 praedicaret,
1232 5682 1665 5753 comprehensa
1709 5682 1782 5738 ab
1827 5684 2115 5740 Antiocho

2234 4649 2355 4707 ταῖς
2392 4644 2605 4718 μάστιξι
2650 4644 2893 4714 τύπτω),
2949 4639 3052 4707 ἕως
3112 4644 3399 4722 ἐγυμνώθη
3457 4646 3523 4701 τὰ
3571 4647 3723 4704 ὀστᾶ.
3765 4649 3904 4706 Εἶτα

2236 4734 2528 4804 προσέταξε
2582 4739 2702 4799 τοῖς
2775 4732 3001 4807 δημίοις
3082 4734 3482 4813 ἀποκεφαλίσαι
3546 4736 3729 4795 αὐτόν.
3789 4740 3900 4795 Καὶ

2236 4822 2381 4878 οὕτω
2435 4821 2724 4896 δεξάμενος
2776 4825 2877 4892 τήν
2938 4823 3229 4901 ἀπόφασιν,
3282 4825 3509 4902 ἀπήχθη
3545 4824 3771 4899 δέσμιος
3803 4827 3901 4884 ἐπὶ

2234 4912 2326 4967 τὸν
2357 4913 2529 4967 τόπον
2560 4920 2661 4983 τῆς
2690 4920 2926 4989 σφαγῆς.
2970 4913 3070 4968 Καὶ
3101 4915 3241 4989 ξίφει
3273 4913 3527 4989 πληγεὶς,
3562 4914 3890 4988 ἐτελειώθηο

2235 5002 2350 5057 ἀντὶ
2432 5006 2530 5057 τοῦ
2605 5004 2943 5078 προσκαίρου
3031 5000 3320 5078 βασιλέως,
3402 5004 3741 5077 κτησάμενος
3797 5006 3897 5062 τὸν

2232 5090 2515 5164 ἀθάνατον,
2547 5093 2637 5148 καὶ
2670 5094 2786 5148 ἀντὶ
2832 5100 2933 5163 τῆς
2983 5098 3229 5168 φθαρτῆς
3276 5100 3505 5168 τρυφῆς,
3539 5095 3639 5164 τὴν
3670 5094 3897 5153 αἰώνιον

2230 5180 2551 5242 ἀπόλαυσιν,
3322 5220 3333 5223 -

2833 5301 2910 5373 Τῇ
2938 5297 3075 5363 αὐτῆ
3101 5296 3285 5373 ἡμέρᾳ

2442 5411 2714 5483 Ἀθλησις
2741 5418 2841 5482 τῆς
2874 5411 3027 5487 άγίας
3062 5412 3336 5487 μάρτυρος
3363 5408 3679 5483 Μελιτινῆς.

2297 5503 2367 5559 Ἠ
2432 5503 2636 5578 μάρτυς
2682 5498 2953 5568 Μελιτινή
3015 5501 3259 5576 ὑπῆρχεν
3318 5501 3423 5556 άπὸ
3479 5505 3897 5578 Μαρκιανουπό-

2228 5589 2369 5653 λεως
2424 5599 2525 5661 τῆς
2582 5591 2799 5662 Θρᾴκης
2856 5588 2943 5644 ἐπὶ
3010 5589 3339 5645 Ἀντωνίνου
3414 5589 3684 5668 Καίσαρος
3743 5595 3893 5650 Ῥω-

2230 5683 2427 5758 μαίων.
2459 5685 2559 5740 Τὸν
2612 5682 2845 5760 Χριστὸν
2906 5679 2965 5737 δὲ
3013 5680 3377 5758 κηρύττουσα,
3430 5682 3702 5761 ἐκρατήθη
3734 5687 3889 5760 παρὰ
