4142 6448
319 365 396 426 53
1815 363 2315 428 SEPTEMBER.

3704 380 3784 437 54

325 501 424 555 τοῦ
455 495 756 572 Ἀντιόχου
783 500 882 553 τοῦ
919 505 1031 569 τῆς
1091 500 1262 570 αὐτῆς
1315 497 1536 564 πόλεως
1567 500 1860 586 ἄρχοντος.
1892 499 1998 554 Καὶ

2141 500 2386 572 ijusdem
2399 502 2568 560 urbis
2599 505 3279 581 praside,confessaque
3303 528 3366 566 se
3385 499 3784 570 Christianam

331 586 736 664 ὁμολογήσασα
789 589 990 657 ἑαυτὴν
1053 592 1404 663 Χριπιανήν,
1464 589 1667 668 ἐτύφθη
1737 586 2007 668 σφοδρῶς.

335 678 469 736 Εἶτα
498 679 822 752 ἠναγκάσθη
856 678 1125 744 εἰσελθεῖν
1181 678 1258 742 εἰς
1283 679 1380 740 τὸν
1407 681 1535 735 ναὸν
1597 683 1702 735 τῶν
1737 676 2012 748 εἰδώλων,

333 769 427 824 καὶ
489 770 668 825 θῦσαι.
729 768 832 823 Καὶ
881 764 1204 833 εἰσελθοῦσα
1259 765 1458 842 ηὔξατο
1517 770 1654 846 πρὸς
1708 769 1798 824 τὸν
1859 765 2014 840 Θεδν,

334 858 427 914 καὶ
463 853 657 914 ἔπεσον
686 858 755 913 τὰ
785 857 1019 929 εἴδωλα,
1075 858 1165 914 καὶ
1233 855 1643 936 συνετρίϐησαν.
1677 861 1772 916 Ἐκ
1816 858 2014 913 τούτου

336 949 667 1004 ιπίστευσαν
696 953 783 1021 τῷ
826 947 1048 1025 Χριστῷ
1106 947 1378 1020 ’Έλληνες
1435 947 1662 1005 πολλοί·
1724 948 1872 1004 ἀλλὰ
1922 949 2012 1004 καὶ

334 1042 479 1109 αὖτὴ
514 1044 550 1110 ἡ
583 1040 682 1095 τοῦ
743 1039 1014 1117 ἄρχοντος
1051 1043 1207 1116 γυνή.
1263 1041 1369 1098 Καὶ
1424 1041 1588 1096 πάλιν
1639 1035 1898 1115 τυφθεῖσα
1930 1039 2016 1117 ἒρ-

334 1130 477 1208 pia?)
511 1130 592 1195 εἷς
621 1130 900 1209 φυλακην.
937 1130 1038 1189 Καὶ
1069 1129 1234 1186 πάλιν
1263 1138 1366 1201 τῆς
1425 1128 1674 1209 φυλακῆς
1732 1129 2020 1204 ἐξελθοῦσα

335 1220 657 1296 ἐκρεμάσθη
747 1223 962 1296 γυμνὴ,
1015 1219 1108 1276 καὶ
1168 1221 1354 1294 ἐξέσθη
1434 1221 1530 1283 τὰς
1597 1219 1858 1296 πλευράς.
1920 1219 2018 1275 Καὶ

333 1312 510 1366 πᾶλιν
546 1309 871 1385 εἶσαχθεῖσα
920 1310 997 1372 είς
1053 1307 1238 1384 ἕτερον
1296 1306 1420 1366 ναὸν
1475 1305 1789 1376 εἷδωλικὸν,
1842 1313 2020 1378 θῦσαι,

333 1397 576 1473 ηῦξατοσ
610 1400 702 1453 καὶ
735 1391 971 1454 πεσόντα
1020 1399 1088 1453 τὰ
1146 1395 1350 1454 ε’ἰδωλα
1398 1396 1883 1473 διεσκορπίσθησαν
1944 1390 2019 1460 είς

339 1489 541 1566 μικρά·
603 1489 740 1544 Τότε
811 1484 1060 1544 λαϐοῦσα
1133 1487 1233 1559 τὴν
1295 1485 1385 1544 8ιᾶ
1467 1488 1652 1567 ξίφους
1727 1486 2021 1565 ἀπόφασιν,

333 1578 791 1657 ἀπεκεφαλῖσθη.
860 1578 936 1635 Τὸ
981 1576 1040 1634 δὲ
1123 1577 1384 1653 λείψανον
1443 1575 1611 1647 αὐτῆς
1695 1574 2026 1650 ἀνελόμενος

334 1671 483 1744 ἀνὴρ
527 1665 801 1738 εὗλαϐὴς,
860 1669 951 1724 καὶ
1011 1663 1357 1746 φοϐούμενος
1410 1669 1502 1724 τὸν
1562 1667 1712 1739 Θεὸν,
1773 1666 2024 1729 Ἀκάκιος

333 1756 548 1832 ἄνομα,
581 1759 675 1815 καὶ
717 1758 1014 1836 ἀπαγαγὼν
1048 1758 1100 1814 ἐν
1154 1756 1223 1834 τῇ
1281 1760 1438 1833 νήσῳ
1465 1761 1564 1829 τῆς
1625 1755 1848 1832 Λήμνου
1895 1759 2022 1812 κατι

335 1851 522 1914 ἔθετο.

917 1967 1100 2025 MHNI
1142 1970 1234 2048 Τῼ
1266 1973 1469 2044 ΑΥΤῼ.

1173 2059 1264 2128 Ιζ.

337 2168 625 2241 ’Δθλησις
703 2171 813 2243 τῶν
891 2167 1306 2243 ἁγίωνᾼ-τριῶν
1378 2165 1659 2243 παρθένων
1717 2167 1805 2222 καὶ
1838 2164 2032 2243 *ἀδελ-

414 2238 563 2320 φῶν,
657 2238 953 2320 Πίστεωςέ
1036 2238 1324 2320 Ἐλπίδος,
1411 2238 1682 2314 ’Ᾱγάπης,
1763 2240 1854 2294 καὶ
1934 2245 2035 2310 τῆς

419 2311 668 2390 μητέρος
698 2312 879 2368 αὐτῶν
913 2311 1141 2389 Σοφίας.

413 2423 482 2479 Ἠ
543 2424 758 2495 μάρτυς
813 2411 912 2476 τοῦ
968 2419 1206 2494 Χριστοῦ
1265 2418 1460 2498 Σοφία,
1517 2420 1653 2492 μετὰ
1702 2422 1808 2474 τῶν
1864 2421 2032 2493 τριῶν

345 2507 530 2581 αὐτῆς
565 2510 912 2586 θυγατέρων,
949 2509 1198 2585 ὑπῆρχεν
1225 2509 1332 2564 ἀπὸ
1387 2515 1489 2579 τῆς
1545 2508 1734 2585 χώρας
1773 2507 2034 2570 Ἰταλίας.

346 2595 668 2678 Ἀγαπῶσα
701 2595 761 2654 δὲ
790 2601 1040 2674 γενέσθαι
1100 2599 1428 2674 Χριπιανὴ,
1467 2593 1862 2674 παραλαϐοῦσα
1886 2603 2037 2668 τρεῖς

356 2692 532 2762 αὐτῆς
626 2689 950 2765 θυγατέρας,
1039 2683 1128 2744 ἐπὶ
1185 2693 1285 2754 τῆς
1365 2686 1655 2764 Ἀδριανοῦ
1734 2687 2036 2764 βασιλείας,

348 2781 604 2850 ἀπῆλθεν
674 2779 752 2841 εἷς
807 2778 1059 2852 Ῥώμην,
1139 2778 1228 2833 καὶ
1314 2773 1612 2850 ἐϐαπτίσθη
1676 2779 1792 2851 μετ’
1858 2777 2034 2833 αὐτῶν

348 2872 537 2948 κρύφα
568 2869 678 2925 ὑπὸ
707 2873 806 2924 τοῦ
836 2875 938 2938 τῆς
994 2869 1221 2940 Ῥώμης
1277 2867 1592 2924 ἐπισκόπου.
1633 2869 1734 2925 Καὶ
1796 2867 1929 2940 μετᾶ
1974 2868 2036 2923 τὸ

358 2964 758 3038 βαπτισθῆναι,
789 2957 1076 3014 ἐδίδασκον
1106 2957 1196 3012 καὶ
1233 2952 1440 3022 ἂλλους
1466 2959 1535 3014 τὰ
1565 2957 1690 3035 περὶ
1748 2962 1844 3012 τοῦ
1898 2959 2038 3031 Χρι-

349 3057 506 3108 στοῦ.
542 3050 645 3105 Kal
673 3048 934 3112 πολλοὺς
964 3048 1290 3126 ἐπίστρεφον
1340 3046 1426 3102 ἐπὶ
1487 3049 1579 3102 τὸν
1639 3047 1857 3122 Κύριον·
1921 3045 2039 3102 δια-

351 3146 687 3217 γνωσθεῖσαι
756 3137 816 3194 ὃὶ
878 3139 1254 3212 ἐκρατήθησαν
1343 3138 1491 3213 παρᾶ
1575 3132 1887 3212 Ἀδριανοῦ,
1948 3137 2037 3191 καὶ

2053 1879 2102 1944 Β

2117 607 2268 663 esse,
2287 593 2633 665 gravissime
2655 595 2920 652 caeditur.
2946 598 3168 654 Deinde
3201 605 3499 672 pertracta
3521 605 3581 658 in
3602 604 3786 660 idolo-

2116 697 2248 736 rum
2282 684 2592 755 templum,
2628 689 2696 739 ut
2725 685 3084 756 immolaret,
3119 689 3266 746 fusis
3293 692 3366 747 ad
3391 694 3574 748 Deum
3600 696 3787 764 preci'

2117 770 2227 826 bus
2255 773 2450 830 etTecit
2480 779 2545 828 ut
2591 775 2754 831 idola
2783 778 3170 834 conciderent
3201 787 3257 834 et
3305 788 3784 840 contererentur.

2118 865 2200 920 Ex
2231 868 2348 934 quo
2380 864 2603 919 factum
2636 871 2726 920 est
2779 873 2845 921 ut
2901 870 3241 924 Graecorum
3296 873 3468 927 multi
3501 879 3622 930 una
3652 892 3789 931 cum

2120 953 2394 1025 praesidis
2425 969 2609 1009 uxore
2642 955 2703 1010 in
2734 957 3036 1012 Christum
3081 960 3414 1018 crederent.
3467 965 3657 1028 Quare
3690 966 3792 1021 ila-

2121 1043 2241 1115 gris
2273 1044 2489 1099 iterum
2521 1061 2694 1116 cassa,
2731 1047 2794 1101 in
2825 1063 3126 1104 carcerem
3161 1050 3500 1107 detruditur
3530 1069 3544 1110 :
3576 1053 3793 1110 deinde

2124 1132 2705 1206 educta,nudataque
2737 1137 3212 1208 suspenditur,et
3241 1141 3302 1196 in
3335 1142 3620 1198 lateribus
3635 1145 3790 1199 scal-

2125 1223 2286 1296 pitur
2315 1241 2330 1290 ;
2362 1240 2691 1296 rursusque
2723 1227 2784 1282 in
2817 1227 3073 1284 alterum
3127 1230 3424 1287 idolorum
3470 1232 3694 1301 fanum,
3728 1240 3794 1289 ut

2126 1313 2509 1382 sacriﬁcaret,
2545 1314 2741 1383 ducta,
2781 1318 2962 1372 Deum
2991 1325 3290 1391 precatur,
3321 1322 3640 1394 statimque
3671 1324 3793 1378 col-

2124 1403 2295 1475 lapsa
2332 1403 2494 1459 idola
2523 1404 2586 1460 in
2615 1405 2805 1462 frusta
2830 1411 3642 1476 conteruntur.Quamobrem
3675 1413 3797 1469 lata

2127 1493 2191 1549 in
2223 1509 2354 1548 eam
2386 1495 2917 1569 sententia,gladio
2951 1504 3129 1570 caput
3160 1499 3212 1555 ei
3252 1506 3623 1573 amputatum
3644 1502 3792 1558 fuit:

2125 1585 2300 1656 cujus
2352 1583 2639 1656 reliquias
2700 1587 2948 1642 Aeacius
3006 1589 3251 1660 quidam
3309 1590 3444 1662 pius
3477 1609 3545 1647 ac
3579 1584 3798 1648 timens

2127 1673 2317 1728 Deum
2351 1673 2694 1745 translatas,
2730 1675 2791 1730 in
2823 1675 3022 1731 insula
3055 1677 3273 1734 Lemno
3306 1677 3594 1735 condidit.

2688 1977 2930 2033 EODEM
2971 1959 3224 2035 MENSE.

2209 2141 2211 2146 ‘
2674 2056 2776 2122 Die
2801 2068 3033 2125 decima
3063 2074 3228 2126 sexta

2138 2155 2236 2213 45
2269 2157 2901 2230 Certamensanctarum
2963 2158 3135 2214 trium
3183 2159 3470 2230 virginum
3528 2178 3590 2216 ac
3647 2177 3801 2216 soro-

2207 2227 2583 2303 rum_,_Fidei,
2635 2229 2785 2299 Spei,
2847 2231 3198 2286 Charilaus:
3254 2227 3554 2303 earumque
3606 2233 3805 2289 matris

2211 2299 2451 2370 Saphiae.

2211 2406 2430 2479 Martyr
2459 2408 2674 2464 Christi
2707 2409 2927 2481 Sophia
2957 2427 3093 2466 cum
3124 2412 3314 2468 tribus
3347 2413 3582 2468 ﬁliabus
3615 2430 3687 2468 ex
3715 2430 3806 2469 re-

2140 2497 2314 2572 gione
2361 2496 2545 2553 Italiaa
2604 2497 2734 2555 fuit.
2769 2499 2913 2555 Cum
2973 2507 3172 2556 autem
3204 2503 3600 2558 Christianam
3632 2501 3810 2558 ﬁdem

2143 2587 2423 2661 amplecti
2455 2587 3175 2663 desideraret,assumptis
3193 2585 3382 2647 tribus
3417 2589 3653 2648 ﬁliabus
3668 2589 3811 2657 suis,

2144 2676 2404 2732 Adriano
2437 2673 2793 2748 imperante,
2827 2681 3076 2735 Romam
3107 2681 3395 2752 profecta,
3439 2681 3510 2736 ab
3543 2681 3816 2754 ejusdem

2143 2765 2308 2823 urbis
2341 2767 2620 2837 epis00po
2653 2767 2883 2823 occulte
2917 2783 3038 2824 una
3067 2787 3201 2824 cum
3233 2770 3355 2825 illis
3377 2770 3670 2841 baptizata
3705 2775 3814 2828 est.

2142 2861 2282 2913 Post
2303 2861 2647 2927 susceptum
2701 2857 3066 2928 baptismum
3099 2859 3394 2915 docebant
3453 2861 3602 2916 alios
3634 2878 3815 2932 quam

2146 2947 2288 3018 ipsa)
2320 2946 2655 3002 didicerant
2685 2948 2900 3002 Christi
2935 2935 3484 3022 ﬁdem,mu1tosque
3510 2951 3584 3006 ad
3608 2952 3810 3006 Domi-

2144 3053 2291 3092 num
2317 3037 2929 3102 convertebant.Quod
2959 3037 3062 3094 ubi
3091 3040 3373 3095 rescitum
3407 3047 3810 3113 est,correpta3

2145 3125 2218 3182 ab
2248 3125 2705 3194 Adriano,tortae
2737 3127 3077 3183 fuerunt.Et
3107 3129 3367 3201 primum
3398 3131 3644 3201 quidem
3672 3147 3812 3186 san-

352 3214 812 3298 έόασανίσθησαν.
877 3228 981 3283 Καὶ
1036 3228 1252 3302 πρῶτον
1291 3226 1385 3300 μὶν
1429 3229 1464 3296 ἡ
1518 3225 1646 3301 ἁγία
1677 3226 1860 3286 Ηίστις
1920 3221 2028 3279 δώ-

2148 3221 2242 3270 cta
2272 3215 2443 3270 Fides
2472 3214 2825 3270 duodecimo
2844 3218 3208 3273 aitatisanno
3236 3219 3814 3291 suspensa,scalpta-

359 3319 487 3376 δεκα
545 3320 684 3374 ἐτῶν
741 3317 1090 3391 ὑπάρχουσα,
1177 3321 1564 3392 κρεμασθεῖσα,
1620 3316 1708 3370 καὶ
1771 3316 2034 3385 ξεσθεῖσα,

362 3401 799 3486 ἀπεκεφαλίσθη.
862 3397 1096 3462 Ἔπειτα
1164 3407 1200 3469 ἡ
1251 3403 1472 3477 δευτέρα
1558 3400 1766 3482 ἀδελφή
1827 3401 2038 3472 Ἐλπὶς,

366 3497 492 3554 δέκα
517 3499 653 3552 ἐτῶν
687 3494 847 3563 οὖσα,
895 3487 1125 3570 ῥάϐδοις
1169 3498 1450 3568 τυφθεῖσα,
1508 3493 1600 3547 καὶ
1655 3491 1791 3563 αὐτὴ
1848 3493 2040 3547 ἀπεκε-

374 3587 636 3666 Ῡαλίσθη.
671 3581 778 3642 Kal
809 3584 971 3658 τρίτη
1033 3583 1068 3652 ἡ
1124 3582 1248 3657 ἁγία
1313 3581 1524 3657 Ἀγάπη
1587 3579 1804 3666 ἔννατον
1836 3581 2036 3658 χρόνον

376 3665 588 3751 ἄγουσα,
649 3675 705 3731 ὲν
765 3672 993 3745 καμίνῳ
1083 3671 1369 3748 βληθεῖσα,
1429 3672 1519 3726 καὶ
1572 3665 1820 3739 ἀϐλαϐής
1889 3667 2040 3743 ἐξελ-

371 3770 545 3835 θοῦσα,
608 3765 749 3842 ξίφει
809 3759 1116 3831 κατεκόπη.
1176 3761 1239 3818 Ἡ
1301 3757 1358 3815 δὲ
1394 3761 1580 3834 μήτηρ
1639 3758 1815 3814 αὐτῶν
1863 3759 2042 3837 Σοφία

359 3857 768 3932 εὖχαριστοῦσα
815 3857 900 3924 τῷ
954 3853 1070 3922 Θεῷ
1129 3848 1219 3906 ἐπὶ
1250 3854 1437 3919 πᾶσιν,
1461 3846 1652 3923 ἔθαψεν
1704 3847 1889 3922 αὖτᾶς,
1949 3847 2040 3902 καὶ

353 3944 443 4001 liti
488 3941 569 4018 τῷ
615 3942 778 4020 τάφῳ
831 3945 1073 3997 πεσοῦσα
1127 3939 1219 3995 καὶ
1279 3938 1580 4010 κλαύσασα,
1639 3936 1889 3994 ἀπέδωκε
1939 3937 2037 4007 τὴν

356 4036 577 4109 ψυχήν.

963 4147 1046 4222 Τιῖ
1090 4145 1227 4221 αὖτῇ
1259 4144 1445 4221 ἡμέρᾳ

539 4269 820 4342 ’Δθλησις
848 4269 950 4337 τῆς
985 4265 1143 4343 ἁγίας
1175 4265 1447 4342 μάρτυρος
1479 4263 1862 4340 Ἀγαθοκλίας.

427 4393 498 4447 Ἦ
563 4388 774 4464 μάρτυς
832 4381 1174 4459 Ἀγαθοκλία
1257 4379 1479 4456 ὑπῆρχε
1539 4381 1634 4454 μὶν
1720 4373 2041 4464 Χριστιανήθ

2151 3324 2265 3380 que
2293 3307 2701 3363 obtruncatur.
2765 3308 3038 3364 Secundo
3097 3310 3228 3365 loco
3285 3328 3454 3365 soror
3484 3312 3613 3382 ejus
3669 3311 3814 3382 Spes

2150 3395 2451 3452 decimum
2483 3413 2709 3452 annum
2742 3399 3137 3472 agens,virgis
3168 3417 3341 3468 caesa,
3375 3405 3434 3455 et
3463 3401 3593 3471 ipsa
3621 3400 3814 3470 capite

2149 3486 2486 3543 damnatur.
2520 3488 2714 3541 Tertio
2741 3494 2945 3543 sancta
2966 3489 3232 3544 Charitas
3264 3508 3422 3545 nono
3455 3492 3644 3545 {etatis
3659 3507 3814 3545 anno

2148 3575 2210 3630 in
2239 3574 2544 3630 fcrnacem
2574 3575 2884 3648 injicitur;
2929 3576 3032 3631 sed
3085 3565 3299 3634 educta
3354 3579 3562 3642 illaesa,
3618 3578 3814 3650 gladio

2149 3665 2499 3737 percutitur.
2528 3666 2601 3720 At
2627 3670 2819 3720 mater
2845 3681 3049 3721 earum
3081 3667 3301 3738 Sophia
3329 3668 3548 3739 gratias
3579 3669 3696 3721 Deo
3741 3667 3814 3721 de

2150 3753 2428 3811 omnibus
2456 3771 2658 3827 agens,
2691 3755 2765 3811 ad
2789 3756 3149 3828 sepulcrum,
3182 3758 3241 3812 in
3269 3759 3427 3829 quod
3459 3758 3611 3812 tilias
3636 3757 3813 3812 detu-

2149 3842 2324 3912 lerat,
2356 3844 2633 3900 advoluta
2670 3846 3055 3918 ploransque,
3089 3848 3354 3903 animam
3387 3847 3603 3902 emisit.

2811 4144 3031 4202 Eodem
3061 4146 3157 4202 die

2296 4261 2398 4316 40
2433 4260 2719 4317 Certamen
2750 4269 2961 4320 sanctae
2992 4263 3259 4334 martyris
3300 4263 3668 4334 Agathoclice.

2199 4376 2446 4448 _Martyr
2476 4377 2831 4448 Agathoclia,
2865 4378 3235 4448 professione
3267 4380 3626 4446 Christiana,
3651 4396 3819 4435 serva

357 4478 544 4550 δούλη
581 4463 958 4536 δὶίΝικολάου
988 4473 1163 4541 τινὸς,
1195 4472 1286 4526 καὶ
1334 4466 1613 4541 Παυλίνης
1664 4477 1766 4540 τῆς
1794 4471 2028 4548 γυναικὸς

2155 4463 2378 4523 Nicolai
2411 4464 2746 4537 cujusdam,
2808 4467 3185 4538 Paulinaaque
3245 4468 3374 4540 ejus
3426 4468 3652 4534 uxoris,
3713 4470 3816 4539 qui

354 4569 556 4637 ἀύτοῦ,
602 4568 714 4622 τῶν
775 4564 1086 4642 γεγονότων
1132 4563 1495 4635 Χριστιανῶν,
1550 4560 1642 4616 καὶ
1703 4562 1840 4633 μετᾶ
1875 4564 2028 4616 ταῦτα

2155 4557 2321 4630 prius
2343 4555 2664 4611 Christiani
2695 4555 3173 4628 fuerant,deinde
3205 4573 3238 4612 a
3267 4557 3498 4611 Christo
3531 4557 3816 4613 deﬁcien-

353 4639 798 4715 καταλιπόντων*
845 4639 940 4710 τὸν
1021 4651 1473 4728 Χριστιανισμὸν,
1547 4649 1639 4705 καὶ
1693 4643 1760 4704 τὰ
1843 4648 2028 4706 κ’ἶδωλε

2157 4641 2264 4712 tes,
2297 4643 2460 4699 idola
2485 4645 2794 4712 colebant;
2830 4644 3265 4701 sollicitabatur
3295 4650 3354 4700 et
3400 4647 3530 4718 ipsa
3558 4651 3623 4700 ut
3645 4647 3817 4702 Chri-

355 4745 849 4826 προσκυνοῦντων.
891 4735 1254 4826 Ίΐναγκάςετο
1285 4737 1378 4796 οῦν
1414 4739 1530 4826 -καῖ
1652 4819 1656 4822 ⁵
1683 4735 1914 4826 μάργος,
1948 4738 2028 4813 ἀρη

2157 4740 2313 4790 stum
2346 4733 2753 4805 abnegaret,et
2773 4735 2847 4790 ad
2879 4735 3173 4790 idolorum
3200 4735 3427 4792 cultum
3446 4753 3508 4791 se
3541 4737 3821 4792 transfer-

355 4819 640 4906 νησασθαι
666 4830 761 4885 τὸν
793 4828 1052 4905 Χριστὸν,
1103 4822 1196 4882 καὶ
1237 4821 1562 4900 προσελθεῖν
1593 4819 1712 4886 τοῖς
1769 4822 2023 4885 εῗδώλοις

2156 4826 2267 4878 ret.
2290 4823 2508 4877 Verum
2535 4838 2669 4878 cum
2702 4823 2776 4878 ad
2807 4823 2866 4878 id
2888 4823 3089 4879 induci
3120 4825 3416 4895 nequiret,
3451 4842 3638 4881 annos
3687 4833 3818 4882 octo

362 4926 472 4985 Καὶ
530 4923 613 4996 μὴ
675 4919 1002 4992 πειθομένη,
1062 4917 1389 4991 ἐτιμωρεῖτο
1448 4912 1538 4969 ἐπὶ
1597 4915 1822 4990 χρόνοις
1882 4913 2024 4968 ὀκτὼ

2160 4915 2496 4972 excruciata
2527 4913 2656 4980 fuit,
2680 4914 2964 4969 adhibitis
2991 4931 3096 4986 per
3128 4915 3394 4986 singulos
3426 4915 3551 4969 dies
3573 4915 3821 4972 diversis

362 5013 701 5086 καθημὲραν
784 5007 1074 5085 διαφόροις
1159 5003 1514 5077 ἐξεταζομένη
1581 5003 1859 5078 βασάνοις·
1918 5002 2028 5086 ποτῖ

2161 5005 2650 5061 tormentis.Nam
2681 5003 3002 5074 aliquando
3033 5005 3258 5075 asperis
3292 5005 3446 5060 saxis
3478 5005 3537 5058 in
3562 5007 3821 5080 spondy-

366 5105 472 5179 μὲν
513 5083 656 5176 μὲτὰ
688 5097 858 5156 λίθων
890 5083 1172 5172 -τραχὲων
1205 5091 1519 5168 τυπτομένη
1573 5093 1710 5148 κατᾶ
1755 5097 1854 5148 τοῦ
1885 5083 2028 5179 σπον-

2162 5095 2219 5151 lo
2247 5101 2307 5150 et
2335 5093 2484 5150 facie
2518 5111 2530 5160 ;
2565 5093 2886 5164 aliquando
2912 5094 3090 5166 virgis
3135 5094 3196 5148 in
3229 5094 3420 5164 capite
3453 5098 3510 5148 et
3558 5095 3823 5150 humeris

364 5177 575 5266 ξύλου,
627 5188 719 5244 καὶ
771 5191 870 5243 τοῦ
928 5180 1252 5263 προσώπου.
1329 5182 1474 5240 Hoc}
1531 5180 1589 5237 δὲ
1649 5181 1784 5256 μετὰ
1837 5177 2028 5259 ῥάϐδωε

2165 5181 2644 5240 οωάεδαωτὸεᾶ
2674 5199 2808 5237 cum
2825 5183 2884 5237 in
2901 5182 3118 5238 Christi
3141 5182 3257 5238 ﬁde
3285 5187 3565 5238 constans
3586 5200 3825 5254 perma-

363 5286 514 5344 κατᾶ
542 5289 650 5353 τῆς
679 5279 953 5360 κεφαλῆς,
983 5277 1078 5333 καὶ
1125 5280 1235 5332 τῶν
1268 5272 1460 5349 ὤμων.
1517 5268 1608 5344 Μὴ
1666 5276 1941 5330 πεισθεῖσα
1998 5271 2025 5329 δ

2165 5266 2356 5339 neret,
2391 5272 2580 5326 ferreo
2626 5271 2842 5326 malleo
2876 5272 3306 5327 comminuitur
3342 5289 3354 5326 :
3403 5277 3525 5326 tum
3577 5273 3829 5341 praecisa

366 5375 722 5453 ἄρνήσασθαι
775 5369 870 5426 τὸν
921 5363 1186 5443 Χριστὸν,
1222 5362 1355 5440 μετᾶ
1403 5363 1613 5442 σφόρης
1674 5360 1900 5439 σιδηρᾶς
1933 5384 2024 5420 συν

2164 5363 2460 5434 lingua,in
2489 5375 2786 5416 carcerem
2810 5361 3456 5432 conjicitur,pr0posito
3488 5361 3826 5428 interdicto,

365 5446 646 5542 τρίϐεται,
715 5461 808 5516 καὶ
869 5459 973 5528 τήν
1033 5452 1288 5531 γλῶσσαν
1317 5454 1653 5527 ἐκτέμνεται,
1711 5453 1800 5508 καὶ
1849 5454 1926 5518 εἷς
1954 5476 2025 5528 φυ

2168 5469 2244 5511 ne
2277 5453 2410 5524 quis
2433 5454 2485 5507 ei
2516 5452 2716 5507 cibum
2747 5451 3006 5505 afferret.
3041 5451 3276 5517 Verum,
3307 5450 3662 5519 disponente
3687 5446 3826 5512 Deo,

368 5533 554 5626 λάκὴν
596 5548 982 5609 ἀποκλείεται⁹
1043 5543 1412 5622 παραγγελίας
1466 5542 1792 5618 γενομένης,
1853 5545 1928 5616 μή
1962 5541 2023 5598 δο

2168 5541 2427 5600 lasciuia
2452 5541 2680 5597 avicula
2710 5539 2990 5595 arboreos
3047 5539 3274 5592 fructus
3333 5537 3626 5599 deferens,
3659 5533 3826 5588 illam

369 5650 535 5715 θῆναι
564 5643 713 5718 αὖτῇ
746 5635 902 5715 παρά
954 5651 1102 5699 τινος
1143 5634 1376 5712 τροφήν.
1435 5631 1567 5690 Κατ’
1626 5630 1943 5706 οῗκονομίαν
2002 5628 2028 5688 ὃ

2171 5634 2386 5692 alebat.
2421 5635 2726 5707 Postremo
2754 5631 2997 5686 domina
3027 5628 3156 5698 ejus
3185 5628 3454 5696 ingressa
3501 5641 3821 5691 carcerem,

373 5739 510 5795 Θεοῦ
596 5734 756 5812 Βρνις
835 5730 872 5800 ἠ
963 5723 1240 5802 λεγομένη
1300 5718 1509 5795 ἀηδὼν,
1595 5721 1832 5801 φέρουσα
1892 5741 2022 5799 μικρ

2172 5725 2449 5784 candenti
2480 5730 2647 5781 vecte
2676 5724 2867 5779 ferreo
2905 5737 3036 5778 eam
3068 5718 3390 5774 interemit.
