4142 6498
326 382 405 444 55
1651 387 1815 449 ΜΕΝ
1820 384 2085 450 OLOGII
2123 388 2334 451 PARS
2379 389 2429 451 l.
3677 390 3758 450 56

322 512 621 591 ἀκρόδρυα,
654 513 930 592 διέτρεφεν
961 512 1148 585 αὐτήν.
1182 515 1314 571 Εἶτα
1344 516 1722 589 εἰσελθοῦσαὴ
1755 518 1917 596 κυρία
1947 516 2116 590 αὐτῆς
2139 518 2275 595 ἐντῇ
2289 519 2533 595 φυλακῇ,
2569 517 2707 595 μετὰ
2744 518 2974 597 μοχλοῦ
3005 516 3236 595 σιδηροῦ
3262 522 3764 595 πεπυρακτωμένου

321 603 531 662 ἀνεῖλεν
559 603 750 676 αὐτήν.

893 692 1134 748 EODEM
1164 694 1308 748 ΜΕΝ
1315 693 1420 749 SE.
2011 696 2066 763 Α

830 781 934 837 Die
976 781 1209 838 decima
1239 785 1494 856 septima

328 872 426 928 47
484 871 772 928 Certamen
822 878 1139 928 sanctorum
1189 880 1497 943 martyrum
1545 876 1727 929 Lucia:
1783 874 1992 944 viduae,

619 966 672 1013 et
702 960 1017 1017 Geminiani
1064 962 1170 1032 ﬁlii
1228 964 1347 1032 ejus
1375 964 1708 1032 spiritualis.

409 1049 588 1105 Lucia
625 1055 872 1122 martyr,
928 1050 1261 1122 imperante
1313 1053 1692 1121 Maximiano,
1730 1053 1793 1107 in
1849 1052 1996 1108 urbe

337 1141 525 1195 Roma
545 1138 756 1210 opibus
786 1155 855 1195 ac
884 1140 1119 1211 generis
1140 1139 1451 1196 nobilitate
1474 1141 1707 1198 claruit.
1726 1142 1871 1196 Cum
1892 1158 1999 1197 au-

339 1233 460 1283 tem
491 1229 995 1300 septuagesimum
1021 1229 1299 1300 quintum
1313 1231 1504 1286 aatatis
1535 1236 1997 1304 annumageret,

340 1317 714 1389 trigesimum
766 1334 902 1373 vero
952 1323 1182 1373 sextum
1241 1319 1303 1374 in
1360 1319 1644 1376 viduitate
1710 1320 1997 1392 explevis-

340 1410 451 1474 set,
484 1405 796 1478 ﬁliumque
850 1422 1024 1462 suum
1073 1406 1428 1479 legitimum,
1488 1409 1836 1480 Eutropium
1892 1425 1998 1464 no-

339 1494 525 1565 mine,
560 1494 855 1550 idolorum
887 1496 1297 1566 superstitioni
1328 1497 1654 1565 addictum,
1679 1498 1751 1553 ad
1783 1498 1999 1553 Christi

342 1582 521 1638 ﬁdem
542 1585 776 1639 trahere
808 1600 1043 1640 summa
1063 1585 1445 1641 contentione
1474 1586 1999 1653 studeret;tantum

341 1671 534 1727 abfuit
561 1677 628 1727 ut
650 1672 723 1728 ab
755 1689 955 1728 errore
986 1673 1158 1729 illum
1190 1681 1478 1742 avocaret,
1513 1681 1579 1730 ut
1608 1681 1859 1731 matrem
1890 1692 1995 1747 po-

342 1760 461 1816 tius
490 1761 617 1832 ipse
648 1778 817 1817 suam
847 1761 921 1817 ad
950 1762 1375 1818 Maximianum
1406 1763 1684 1821 deferret.
1700 1765 2001 1829 Quamob-

344 1866 472 1905 rem
495 1856 786 1921 correpta,
824 1867 959 1907 cum
991 1851 1167 1906 idolis
1199 1852 1533 1907 sacriﬁcare
1560 1858 1886 1921 recusaret,
1939 1854 2002 1908 in

341 1938 602 1994 lebetem
627 1939 880 1995 ferventi
909 1939 1176 2011 plumbo,
1207 1945 1267 1995 et
1285 1940 1413 2012 pice
1444 1941 1689 2012 plenum
1712 1942 1999 2014 injicitur.

344 2028 457 2083 Sed
484 2027 944 2084 indemnisinde
1003 2034 1062 2084 et
1102 2030 1421 2085 incolumis
1442 2047 1700 2103 egressa,
1734 2032 2005 2088 traducta
2031 2064 2080 2130 Β

344 2136 453 2192 per
481 2119 692 2175 urbem
751 2124 810 2174 et
859 2121 1238 2184 circumacta,
1299 2120 1564 2176 czeditur.
1624 2122 1728 2176 Cui
1762 2128 2001 2178 sanctus

348 2209 733 2265 Geminianus
772 2209 1011 2264 obviam
1066 2209 1277 2278 factus,
1334 2215 1689 2281 secutusque
1746 2228 1897 2277 eam,
1950 2200 2011 2267 et

350 2297 527 2370 paulo
557 2303 693 2369 post
719 2297 1068 2369 baptizatus,
1100 2299 1437 2370 appellatur
1485 2300 1812 2371 spiritualis
1844 2301 2009 2357 illius

352 2387 514 2441 ﬁlius
540 2392 750 2458 :atque
778 2403 898 2442 una
922 2403 1055 2442 cum
1088 2388 1219 2459 ipsa
1248 2389 1311 2443 in
1342 2394 1726 2460 conspectum
1751 2389 2007 2463 impera-

349 2476 499 2531 toris
544 2477 815 2546 veniens,
866 2475 1165 2531 Christum
1222 2478 1553 2549 proﬁtetur.
1614 2479 2009 2544 Quamobrem

376 2565 667 2621 ormentis
699 2566 1087 2622 excruciatur.
1123 2566 1235 2622 Sed
1255 2584 1289 2623 a
1319 2572 1524 2623 sancto
1546 2567 1759 2640 angelo
1790 2570 2011 2624 Tauro-

344 2656 615 2711 menium
648 2653 908 2723 adducti,
943 2655 1023 2710 ibi
1055 2657 1444 2712 Geminianus
1474 2657 1715 2728 quidem
1756 2656 1952 2729 gladio
1980 2674 2015 2713 a

342 2744 598 2816 praaside
628 2746 998 2817 percutitur;
1032 2746 1210 2801 Lucia
1239 2762 1374 2801 vero
1405 2746 1468 2801 in
1515 2763 1661 2819 pace
1711 2746 2011 2805 obdormi.

348 2834 447 2889 vit.

922 2926 1164 2981 EODEM
1196 2927 1342 2981 MEN
1349 2926 1452 2983 SE.

882 3014 986 3070 Die
1019 3014 1252 3071 decima
1294 3020 1497 3071 octava

349 3103 450 3160 48
495 3106 783 3160 Certamen
829 3107 1165 3160 sacrosancti
1215 3106 1483 3175 martyris
1540 3105 1835 3172 Simeom's,
1899 3107 2021 3177 epi—

828 3196 981 3264 scopi
1012 3193 1528 3264 Hierosolymorum.

424 3282 847 3338 Sacrosanctus
876 3286 1105 3355 martyr
1134 3282 1373 3338 Simeon
1399 3282 1603 3339 ﬂoruit
1630 3284 1884 3356 Trajano
1904 3286 2022 3342 im‘

351 3372 957 3445 peratore,secundus
989 3389 1021 3428 a
1049 3371 1263 3428 Jacobo
1295 3371 1477 3427 fratre
1496 3373 1731 3429 Domini
1760 3374 2027 3431 Hieroso'

2659 696 2843 753 MHNI
2872 701 2957 774 Τῼ
2985 697 3188 773 ΑΥΤῼ.

2102 869 2372 943 Ἀθλησις
2429 876 2539 927 τῶν
2596 874 2765 949 ἁγίων
2842 872 3129 948 μαρτύρων
3188 873 3423 937 Λουκίας
3492 878 3592 939 τῆς
3649 877 3761 1001 χὲή-

2174 963 2292 1001 ρας.
2373 944 2463 998 καὶ
2566 949 2891 1001 Γεμινιανοῦ
2974 949 3074 999 τοῦ
3155 951 3526 1001 πνευματικοῦ
3641 950 3761 1001 υοῐί

2174 963 2292 1019 ρας,
2373 944 2463 998 καὶ
2566 944 2929 1018 Γεμινιανοῦ’
2974 944 3074 999 τοῦ
3155 951 3526 1019 πνευματικοῦ
3641 944 3764 1001 υίοῐὶ

2174 1015 2367 1084 αὐτῆς.

2192 1109 2238 1159 Η
2303 1106 2508 1180 μάρτυς
2567 1106 2775 1160 Λουκία
2836 1107 3083 1181 ὑπῆρχεν
3157 1104 3247 1161 ἰπὶ
3320 1114 3423 1177 τῆς
3484 1106 3765 1183 βασιλείας

2102 1194 2461 1264 Μαξιμιανοῦ,
2523 1192 2574 1248 ἐν
2631 1194 2816 1268 Ῥώμῃ
2872 1198 2940 1268 τῇ
2999 1193 3183 1250 πόλει·
3216 1197 3458 1251 πλουσία
3503 1198 3596 1270 μὲν
3630 1196 3765 1274 σφό-

2105 1278 2223 1356 δρα,
2266 1281 2355 1336 καὶ
2401 1284 2725 1359 περιφανήςο
2788 1283 3005 1358 χρόνων
3058 1281 3114 1338 δὲ
3165 1282 3297 1339 οὖσα
3352 1280 3765 1359 ἑϐδομηκοντα-

2103 1371 2283 1440 πὲντε,
2318 1371 2635 1447 χηρεύσασα
2682 1369 2777 1439 ἔτη
2834 1373 3201 1448 τριακονταέξ.
3230 1375 3473 1449 Ἒχουσα
3532 1373 3590 1430 δὲ
3645 1371 3765 1433 υἱὸν

2103 1460 2353 1534 γνήσιον,
2442 1458 2670 1533 ὀνόματι
2729 1460 3058 1536 Εὑτρόπιον,
3146 1460 3584 1539 είδωλολάτρην,
3669 1463 3771 1519 οὐκ

2103 1547 2336 1620 ἐδυνήθη
2370 1554 2553 1605 πεῖσαι
2586 1550 2746 1605 αὐτὸν
2807 1549 3129 1627 προσελθεῖν
3188 1557 3269 1626 τῷ
3326 1555 3565 1630 Χριστῷ,
3625 1553 3774 1609 ἀλλᾶ

2108 1636 2322 1711 μᾶλλον
2350 1640 2705 1713 κατεμηνύθη
2732 1642 2863 1715 παρ’
2898 1639 3067 1695 αὑτοῦ
3114 1646 3194 1713 τῷ
3254 1643 3603 1715 Μαξιμιανῷ.
3662 1643 3770 1699 Καὶ

2104 1730 2458 1803 κρατηθεῖσα,
2515 1729 2605 1784 καὶ
2679 1730 2756 1803 μή
2810 1732 3087 1786 πεισθεῖσα
3134 1733 3289 1786 θῦσαι
3330 1737 3451 1794 τοῖς
3493 1730 3773 1804 εἰδώλοις,

2106 1812 2378 1888 ἐνεϐλήθη
2441 1818 2517 1880 εἷς
2580 1813 2788 1890 λέϐητα
2837 1817 3283 1895 πεπληρωμένην
3321 1817 3627 1895 μολύϐδου,
3680 1825 3779 1878 καὶ

2107 1907 2309 1978 πίσσης
2332 1906 2703 1983 κοχλάζοντα.
2744 1910 2840 1963 Καὶ
2893 1909 3183 1980 ἐξελθοῦσα
3223 1906 3497 1983 ἀϐλαϐὴς,
3540 1916 3773 1989 περιήρ-

2109 2017 2240 2071 χετο
2269 1998 2369 2066 τήν
2430 1999 2593 2052 πόλιν
2653 1998 2990 2070 τυπτομένη.
3056 2002 3366 2070 Συνήντῆσε
3418 2000 3475 2056 δὲ
3530 2002 3559 2056 6
3618 2003 3775 2078 ἅγιος

2111 2089 2448 2158 Γεμινιανὸς,
2508 2088 2599 2143 καὶ
2650 2086 3024 2157 ἠκολούθησεν
3056 2087 3216 2163 αὐτῇ.
3279 2088 3380 2146 Καὶ
3413 2091 3547 2163 μετὰ
3581 2093 3774 2168 μικρὸν

2117 2176 2457 2250 βαπτισθεὶς,
2521 2174 2732 2247 ἐκλήθη
2810 2177 2979 2246 αὐτῆς
3042 2179 3159 2243 υἱὸς
3241 2180 3630 2252 πνευματικὸς,
3683 2180 3776 2236 καὶ

2115 2263 2206 2318 σὺν
2242 2263 2376 2339 αὐτῇ
2424 2262 2596 2329 ἐλθὼν
2646 2264 2725 2330 εἷς
2782 2265 3070 2340 πρόσωπον
3118 2272 3215 2322 τοῦ
3277 2268 3568 2343 βασιλέως,
3620 2270 3776 2343 ὡμο-

2115 2350 2320 2427 λόγησε
2347 2353 2437 2408 τὸν
2465 2355 2718 2429 Χριστὸν,
2750 2353 2839 2409 καὶ
2898 2354 3242 2430 ἐτιμωρήθη.
3305 2357 3435 2412 Εἶτα
3466 2358 3570 2412 ὑπὸ
3619 2360 3777 2435 ἁγίου

2117 2439 2355 2517 ἀγγέλου
2384 2442 2718 2517 ἀπήχθησαν
2760 2443 2838 2506 εὶς
2878 2442 2941 2499 τὸ
2997 2447 3391 2519 Ταυρομένιον.
3439 2445 3542 2503 Καὶ
3592 2449 3620 2502 6
3682 2449 3779 2521 μὲν

2117 2532 2432 2604 Γεμινιανὸς
2486 2535 2634 2608 παρά
2686 2537 2783 2588 τοῦ
2842 2530 3115 2609 ἄρχοντος
3176 2534 3311 2611 ξίφει
3343 2534 3660 2606 ἐτελειώθη.
3709 2538 3776 2593 eII

2119 2617 2175 2676 δὲ
2207 2620 2412 2676 Λουκία
2441 2622 2493 2676 ἐν
2527 2621 2718 2697 εἰρήνῃ
2745 2622 3042 2697 ἐκοιμήθη.

2690 2933 2873 2989 MHNI
2903 2937 2991 3011 Τῼ
3019 2936 3216 3010 ΑΥΤῼ.

2126 3106 2392 3179 ’Δθλησις
2457 3108 2555 3163 τοῦ
2612 3108 2766 3185 ἁγίου
2848 3022 3249 3185 tragicae-copo:
3320 3112 3570 3185 Συμεὼν,
3660 3111 3780 3168 ἑπι-

2631 3180 2836 3237 σκόπου
2858 3180 3282 3255 Ἱεροσολύμων.

2206 3360 2432 3435 Συμεὼν
2484 3361 2512 3416 6
2569 3360 2939 3436 Ἱερομάρτυς,
3003 3364 3250 3439 ὑπῆρχεν
3313 3364 3402 3419 ἐπὶ
3476 3372 3574 3436 τῆς
3639 3368 3793 3444 βασι“

351 3424 382 3445 τ
606 3424 953 3440 _,_--____-
992 3424 1021 3428 π
1053 3424 1215 3428 ,πή
1240 3424 1255 3427 -
1295 3424 1431 3427 πη
1456 3424 1472 3427 -
1496 3424 1530 3427 -
1760 3424 1999 3431 ___-_---

343 3461 643 3533 lymorum
665 3462 1143 3533 episcopus.Erat
1168 3460 1331 3516 enim
1346 3461 1743 3518 consobrinus
1763 3464 2013 3536 etipsius

2132 3424 2298 3513 λείας·
2338 3424 2650 3526 Τραϊανοῖῂι
2711 3424 2967 3526 δεὺτερος
3023 3424 3320 3517 ἐπίσκοπος
3387 3424 3786 3530 Ἰεροσολὺμων

343 3550 603 3616 Domini,
637 3556 696 3605 et
721 3551 948 3614 Jacobi,
981 3551 1200 3621 Cleopa
1227 3556 1398 3621 patre
1432 3556 1629 3607 natus.
1686 3553 1790 3609 Hic
1838 3555 2022 3618 enim,

345 3644 406 3694 et
432 3640 724 3709 Iosephus
754 3644 923 3711 pater
947 3639 1183 3694 Domini
1204 3640 1531 3695 secundum
1557 3657 1797 3697 carnem
1820 3643 2027 3715 appel—

347 3728 798 3798 latus,germani
830 3727 1043 3782 fratres
1077 3732 1265 3783 erant.
1288 3728 1530 3784 Simeon
1553 3735 1756 3785 autem
1779 3748 2024 3787 accusa-

345 3824 444 3874 tus
475 3816 771 3882 aJudaeis,
802 3815 964 3885 quod
995 3815 1295 3870 Christum
1344 3817 1717 3887 prwdicaret,
1748 3836 2022 3891 compre-

347 3908 572 3962 hensus
598 3922 633 3960 a
664 3905 1003 3960 Graecorum
1034 3904 1353 3975 praefectis,
1376 3906 1719 3977 gravissime
1751 3908 2019 3983 caeditur.

348 3995 578 4051 Deinde
611 3994 817 4048 multis
876 3993 1190 4048 tormentis
1241 3992 1567 4064 subjectus,
1606 3996 1667 4050 in
1722 4013 2021 4053 carcerem

354 4084 694 4155 conjicitur,
730 4088 796 4137 ut
823 4082 980 4137 fame
1030 4088 1089 4137 et
1146 4082 1422 4153 squalore
1477 4085 1889 4142 conﬁceretur.
1925 4089 2021 4141 In-

357 4172 429 4228 de
466 4173 736 4239 eductus,
771 4186 903 4225 cum
929 4171 1098 4226 nulla
1148 4172 1379 4226 ratione
1431 4171 1645 4228 adduci
1677 4180 1898 4244 posset,
1956 4181 2023 4231 ut

349 4262 659 4318 Christum
683 4260 1027 4333 abnegaret,
1059 4261 1220 4316 cruci
1252 4260 1434 4316 clavis
1467 4262 1703 4331 afﬁxus,
1763 4270 2018 4320 mortem

354 4350 654 4416 occubuit,
674 4366 865 4405 annos
894 4356 1070 4405 natus
1102 4354 1343 4406 centum
1375 4356 1435 4406 et
1460 4352 1661 4424 viginti
1688 4369 1700 4406 :
1729 4355 1900 4425 cujus
1922 4372 2017 4411 sa-

352 4458 518 4496 crum
548 4457 764 4512 corpus
795 4441 1114 4511 propinqui
1134 4445 1305 4494 terra)
1328 4441 2019 4510 commendarunt;felix

352 4547 492 4585 vero
519 4529 723 4585 anima
747 4530 809 4583 in
841 4530 1053 4584 cmlum
1089 4529 1440 4597 ascendens,
1475 4547 1595 4585 una
1627 4547 1761 4586 cum
1795 4534 2018 4589 sanctis

356 4621 419 4675 in
447 4625 737 4674 aeternum
769 4618 988 4690 gaudet
1040 4618 1103 4672 in
1159 4617 1392 4673 Christo
1422 4620 1559 4674 Jesu
1609 4621 1858 4676 Domino
1916 4640 2020 4678 no-

356 4714 500 4763 stro.

2129 3541 2445 3617 γενόμενος,
2517 3542 2651 3613 μετά
2709 3536 2967 3598 Ἰάκωϐον
3012 3542 3102 3597 τὸν
3154 3541 3387 3621 ἀδελφὸν
3434 3549 3530 3600 τοῦ
3561 3546 3787 3619 Κυρίου.

2131 3631 2231 3686 Ἦν
2288 3626 2345 3684 δὲ
2403 3627 2695 3707 ἐξάδελφος
2754 3628 2919 3685 αὑτοῦ
2964 3651 3023 3685 τε
3077 3636 3174 3686 τοῦ
3263 3633 3490 3707 Κυρίου,
3551 3634 3641 3690 καὶ
3694 3641 3791 3691 τοῦ

2132 3713 2415 3787 Ἰακώϐου,
2493 3718 2608 3811 υἱὺς
2661 3721 2905 3811 γεγονὼς
2959 3724 3056 3775 τοῦ
3119 3719 3376 3777 Κλεώπα.
3437 3723 3609 3786 Οὗτος
3664 3724 3793 3811 γὰρ,

2131 3809 2218 3863 καὶ
2280 3809 2484 3885 Ἰωσὴφ
2554 3809 2582 3863 6
2639 3808 2988 3883 χρηματίσας
3049 3811 3184 3864 κατά
3241 3812 3410 3886 σάρκα
3468 3814 3649 3887 πατὴρ
3698 3808 3795 3869 τοὺ

2132 3898 2352 3974 Κυρίου,
2390 3897 2604 3971 μᾶλλον
2638 3895 2695 3952 δὲ
2726 3897 3063 3971 ὀνομασθεῖς,
3097 3896 3328 3975 ἀδελφοὶ
3371 3901 3602 3973 νόμιμοι
3634 3903 3794 3972 ἦσαν.

2131 3989 2303 4052 Οὗτος
2355 3985 2412 4043 δὲ
2466 3989 2493 4042 6
2554 3989 2779 4060 Συμεὼν
2840 3987 3235 4062 κατηγορηθεὶς
3287 3992 3431 4064 παρὰ
3484 3995 3592 4046 τῶν
3654 3993 3790 4050 Ἰου-

2131 4079 2319 4148 δαίων,
2352 4081 2427 4143 ὡς
2457 4078 2741 4152 κηρύττων
2764 4079 2855 4133 τὸν
2912 4079 3172 4155 Χριστὸν,
3214 4081 3304 4136 καὶ
3360 4084 3653 4158 κρατηθεὶς
3687 4084 3791 4142 ὑπὸ

2127 4176 2234 4227 τῶν
2268 4170 2554 4245 ἀρχόντων
2602 4172 2710 4221 τῶν
2768 4164 3081 4238 Ἑλλήνων,
3114 4167 3317 4247 ὲτὺφθη
3352 4168 3623 4249 σφοδρῶς,
3684 4174 3785 4228 Καὶ

2128 4256 2365 4319 πολλαῖς
2426 4256 2680 4331 βασάνοις
2726 4254 3044 4327 ἐξετασθεῖς,
3094 4256 3420 4330 ἀπεκλείσθη
3484 4259 3559 4322 εἰς
3613 4260 3791 4335 φυλα-

2126 4348 2252 4417 κήν,
2304 4344 2458 4419 λιμῷ
2515 4343 2605 4397 καὶ
2682 4344 2957 4420 κακουχίᾳ
3039 4342 3446 4419 δαπανώμενος.
3504 4350 3634 4405 Εἶτα
3689 4356 3788 4420 τῆς

2127 4435 2377 4515 φυλακῆς
2406 4428 2721 4506 ἐκϐληθεῖς,
2778 4432 2871 4487 καὶ
2919 4433 3084 4489 πάλιν
3151 4436 3501 4513 ἀναγκασθεὶς
3558 4437 3792 4513 ἀρνήσα-

2128 4538 2248 4591 σθαι
2295 4523 2386 4579 τὸν
2449 4522 2704 4597 Χριστὸν,
2761 4522 2851 4576 καὶ
2925 4524 3000 4596 μή
3033 4526 3291 4597 πεισθεὶς,
3351 4530 3565 4602 σταυρῷ
3620 4547 3792 4601 προσ-

2126 4615 2390 4686 ηλωθεὶς,
2440 4611 2531 4666 τὸν
2587 4610 2702 4685 βίον
2763 4608 3053 4684 ἀπέλιπεν,
3112 4613 3376 4690 ὑπάρχων
3422 4613 3555 4670 ἐτῶν
3597 4613 3783 4671 ἑκατὸν

2130 4707 2325 4764 εἶ’κοσι.
2359 4702 2462 4760 Καὶ
2491 4699 2553 4754 τὸ
2587 4699 2681 4772 μὶν
2713 4700 2858 4773 ἱερὸν
2918 4706 3078 4775 σῶμα
3132 4703 3297 4758 αὐτοῦ
3328 4704 3473 4779 παρὰ
3521 4707 3629 4759 τῶν
3663 4724 3788 4781 συγ-

359 4798 531 4871 γενῶν
560 4793 726 4849 αὐτοῦ
758 4791 1033 4869 παρεδόθη
1065 4796 1135 4867 τῇ
1290 4796 1325 4865 ἡ
1361 4790 1417 4862 δὲ
1452 4794 1693 4868 μακαρία
1716 4796 1883 4851 αὐτοῦ
1912 4801 2067 4875 ψυχὴ
2100 4796 2399 4856 ἀνελθοῦσα
2429 4790 2504 4853 εἷς
2565 4786 2854 4861 οὐρανοὺς,
2917 4790 3052 4863 μετά
3080 4794 3188 4846 τῶν
3244 4791 3407 4865 ἁγίων
3441 4791 3780 4871 εὐφραίνεται

356 4884 623 4954 αἱωνίως,
656 4882 711 4938 ἐν
741 4883 964 4959 Χριστῷ
996 4884 1180 4953 Ἰησοῦ
1208 4886 1289 4954 τῷ
1329 4882 1512 4959 Κυρίῳ
1542 4886 1728 4956 ἡμῶν.

1013 4973 1235 5028 Eodem
1268 4973 1363 5029 die

355 5064 458 5120 49
492 5061 945 5120 Commemoratio
983 5066 1164 5118 sancti
1220 5063 1498 5132 Enmenii,
1554 5066 1797 5135 episcopi
1836 5066 2023 5137 συνίῃ.

912 5169 1018 5218 me,
1050 5153 1453 5222 thaumaturgi.

430 5242 759 5299 Eumenius
818 5242 1270 5313 thaumaturgus
1323 5242 1395 5297 ab
1454 5242 1862 5298 adolescentia
1919 5261 2027 5300 sua

357 5332 754 5399 Christianus,
791 5348 1024 5386 summa
1045 5331 1228 5386 Deum
1262 5332 1478 5402 pietate
1512 5349 1579 5387 ac
1611 5333 1823 5388 timore
1864 5334 2021 5389 cole-

365 5424 485 5479 bat.
510 5427 653 5477 Cum
680 5423 878 5475 autem
910 5420 1071 5475 dives
1106 5425 1279 5487 esset,
1315 5419 1628 5477 facultates
1652 5438 1788 5477 suas
1821 5439 2029 5478 omnes

370 5513 433 5566 in
465 5526 756 5582 pauperes
789 5509 1085 5581 erogavit;
1114 5509 1241 5580 ipse
1268 5526 1403 5565 vero
1437 5515 1683 5565 cunctos
1733 5512 1863 5566 vitae
1909 5528 2029 5566 sum

373 5600 501 5654 dies
532 5599 861 5670 injejuniis
896 5604 953 5652 et
979 5599 1347 5653 orationibus
1382 5600 1781 5670 transigebat:
1817 5600 2034 5661 adhor-

2049 4983 2097 5046 D

2724 4970 2804 5039 τῇ
2845 4967 2980 5040 αὐτῇ
3015 4969 3198 5043 ἡμέρᾳ

2131 5068 2343 5142 Μνμήη
2400 5064 2497 5118 τοῦ
2558 5056 2709 5114 ὁσίου
2736 5055 3064 5144 ,Εὑμενίοω
3143 5056 3446 5144 ἐπισκόπου
3495 5058 3791 5133 Γορτύνης,

2669 5139 2766 5182 τοὺ
2806 5139 3247 5204 θαυματουργοῦ.

2206 5243 2474 5317 Εὐμὲνιος
2553 5237 2581 5289 6
2658 5235 3072 5310 θαυματουργὸς
3160 5236 3409 5312 ὑπῆρχεν
3493 5236 3599 5291 ἀπὸ
3674 5237 3797 5300 νέας

2136 5330 2357 5403 ἡλικίας
2388 5328 2708 5403 Χριστιανὸς
2741 5319 3003 5396 εὐλαϐής,
3036 5326 3124 5380 καὶ
3183 5325 3276 5380 τὸν
3336 5326 3465 5380 Θεὸν
3524 5321 3801 5403 φοϐούμε-

2137 5442 2250 5481 νος.
2288 5416 2558 5479 Πλοτόσιος
2591 5415 2650 5473 δὲ
2709 5414 2782 5470 ὣν
2845 5412 3224 5488 διεσκόμπιζεν
3254 5413 3333 5478 εἷς
3378 5416 3504 5477 τοὺς
3534 5414 3801 5491 πτωχοὺς

2140 5505 2410 5566 πάντατὰ
2440 5506 2758 5582 ὑπάρχοντα
2814 5504 2982 5575 αὐτῷ.
3046 5503 3223 5566 Αὐτὸς
3285 5501 3342 5559 δὲ
3403 5506 3468 5572 ἦν
3501 5505 3801 5575 νηστεύων,

2141 5598 2231 5657 καὶ
2282 5595 2723 5673 προσευχόμενος
2809 5593 2983 5654 πάσας
3036 5592 3132 5656 τὰς
3215 5591 3423 5669 ἡμέρας
3470 5600 3570 5663 τῆς
3656 5600 3801 5663 ζωῆς

374 5688 778 5758 tationemque
805 5687 972 5743 illam
999 5688 1198 5760 magni
1230 5688 1485 5762 apostoli
1517 5688 1683 5744 Pauli
1718 5688 2013 5763 diligente}

2143 5687 2326 5746 αὐτοῦ·
2383 5684 2679 5761 ἐκπληρῶν
2737 5684 2827 5740 καὶ
2885 5684 2987 5753 τήν
3044 5687 3140 5739 τοῦ
3194 5682 3437 5760 μεγάλου
3491 5682 3802 5741 ἀποστόλου
