4142 6444
290 379 361 441 δῖ
1824 389 2315 457 SEPTEMBER.
3704 394 3784 454 58

302 516 534 579 Παῦλου
564 520 939 597 παραίνεσὶν.
978 520 1091 580 Καὶ
1134 520 1238 600 γὰρ
1286 516 1479 599 ἔχαιρε
1512 523 1649 596 μετᾶ
1678 526 2010 599 χαιρόντων,

2127 528 2407 600 implens,
2438 528 2733 602 gaudebat
2761 543 2897 587 cum
2918 528 3335 601 gaudentibus,
3368 533 3428 585 et
3446 529 3627 586 ﬂebat
3642 545 3779 585 cum

315 613 405 668 καὶ
430 608 627 666 ἔκλαιε
666 611 819 685 μετᾶ
848 610 1190 669 κλαιόντων.
1230 612 1345 670 ’Δεὶ
1378 610 1437 667 δὶ
1464 611 1777 690 περιὲφερεν
1811 612 1898 670 ἐπὶ
1929 619 2026 670 τοῦ

327 699 635 777 προσώπου
659 701 727 756 τὸ
793 697 1067 777 δάκρυον.
1124 701 1268 777 Εἶχε
1323 699 1382 756 δὲ
1436 701 1529 757 καὶ
1557 705 1723 758 τοῦτο
1753 699 1933 779 ἔργον,
1963 704 2026 758 τὸ

344 788 614 866 μηδέποτε
670 788 1091 867 παραδέξασθαι
1152 785 1423 860 διαϐολὴν
1481 790 1619 847 κατὰ
1671 812 1842 861 τινος,
1874 792 2030 864 ἤκα-

340 885 585 955 τακρῖναι
648 878 974 956 ἄνθρωπον.
1044 878 1205 937 ’Δλλ’
1259 879 1443 936 ε’ὶποτε
1495 880 1589 936 καὶ
1644 878 1847 950 ἤκουσε
1893 882 2027 937 κατά

345 970 633 1041 ἀνθρώπου
687 991 745 1025 τι
810 975 1085 1043 πταῖσμα,
1145 968 1416 1043 ἐνόμιζεν,
1476 968 1559 1025 ὅτι
1634 970 1797 1035 αὐτός
1858 974 2024 1025 τοῦτο

344 1060 589 1129 ίποίησε.
626 1059 729 1115 Διὰ
757 1060 857 1116 οὗν
888 1059 957 1114 τὰ
994 1062 1223 1114 τοιαῦτα
1251 1058 1418 1123 αὐτοῦ
1447 1060 1848 1135 κατορθώματα
1878 1058 2025 1115 ἔκλε’

340 1151 456 1227 γεὶς
506 1149 659 1227 παρὰ
704 1153 806 1204 τοῦ
854 1148 1076 1225 κλήρου
1123 1149 1215 1204 καὶ
1267 1153 1365 1205 τοῦ
1412 1146 1575 1217 λαοῦ,
1625 1149 2022 1226 προεχειρίσθη

342 1238 651 1302 ἐπίσκοπος
711 1240 1008 1315 Γορτύνης,
1059 1245 1159 1308 τῆς
1206 1241 1432 1313 Κρητῶν
1478 1239 1671 1309 νήσού.
1714 1238 1821 1296 Καὶ
1856 1240 2025 1309 ζήσας

344 1328 397 1384 ἐν
592 1327 983 1404 ἀρχιερωσύνη
1057 1328 1293 1405 χρόνους
1366 1325 1640 1399 πολλοὺς,
1699 1327 1789 1383 καὶ
1845 1325 2021 1383 πολὺν

342 1414 481 1473 λαὸν
518 1414 739 1489 διδάξας
790 1418 861 1473 τὰ
920 1416 1043 1493 μερὶ
1100 1423 1201 1486 τῆς
1263 1416 1544 1493 βασιλείας
1599 1421 1708 1471 τῶν
1750 1418 2020 1493 οὐρανῶν,

339 1510 435 1563 καὶ
471 1509 773 1582 θαυμάτων
827 1506 1056 1564 πολλῶν
1110 1509 1273 1584 χάριν
1326 1503 1535 1578 λαϐὼν,
1568 1507 1867 1583 ἐκοιμήθη,
1900 1510 2023 1565 θαυ-

344 1602 681 1675 ματουργῶν
714 1599 807 1654 καὶ
842 1599 978 1672 μετὰ
1007 1598 1238 1663 θάνατον
1271 1594 1378 1661 ἕως
1407 1601 1504 1653 τοῦ
1532 1602 1648 1656 νῦν.

953 1779 1035 1852 Τῇ
1063 1777 1201 1852 αὖτῇ
1233 1779 1414 1854 ἡμέρᾳ

568 1867 843 1939 ’Δθλησις
871 1874 973 1938 τῆς
1002 1867 1160 1941 ἁγίας
1184 1866 1457 1943 μάρτυρος
1488 1865 1799 1942 Ἀριάδνης.

414 1961 483 2015 Ἠ
550 1958 760 2032 μάρτυς
826 1953 1085 2032 Ἀριάδνη
1138 1956 1386 2032 ὑπῆρχεν
1447 1955 1535 2011 ἐπὶ
1575 1954 1862 2033 Ἀδριανοῦ
1922 1958 2014 2013 καὶ

338 2047 679 2107 Ἀντωνίνου
722 2051 833 2102 τῶν
888 2044 1182 2123 βασιλέων·
1232 2047 1529 2118 Χριστιανή
1578 2047 1695 2121 μὲν,
1746 2044 1920 2118 δούλη
1956 2045 2015 2103 δὲ

341 2137 622 2193 πλουσίου
646 2136 797 2199 τινὸς
826 2136 1050 2210 πρώτου
1101 2143 1203 2205 τῆς
1245 2138 1437 2211 χώρας
1478 2134 1748 2212 Φρυγίας.
1791 2137 1882 2196 Ἐν
1916 2142 2015 2211 μιᾷ

337 2227 396 2284 δὲ
445 2232 558 2282 τῶν
607 2228 856 2299 ἡμερῶν,
904 2224 1196 2302 γενεθλίων
1250 2223 1561 2301 γενομένων
1608 2231 1706 2282 τοῦ
1756 2228 1876 2282 υἱοῦ
1923 2248 2014 2283 κυ-

334 2320 465 2391 ρίου
522 2317 716 2385 αὐτῆς,
774 2315 1088 2391 ἠναγκάσθη
1166 2313 1218 2371 ὲν
1293 2319 1374 2386 τῷ
1429 2319 1541 2387 ναῷ
1594 2319 1703 2370 τῶν
1762 2312 2010 2372 εἰδώλων

333 2404 603 2469 ἀπελθεῖν
664 2404 782 2477 μετ’
841 2404 1045 2473 αὐτῶν,
1103 2404 1194 2459 καὶ
1253 2405 1602 2474 συνεορτάσαι
1661 2405 1871 2468 αὐτοῖς.
1913 2406 2008 2475 Μὴ

335 2495 628 2550 πεισθεῖσα
656 2490 736 2563 δὲ,
770 2492 973 2566 ἐτύφθη
1034 2490 1290 2564 ἀνιλεῶς,
1345 2494 1435 2549 καὶ
1495 2488 1764 2565 ἐνεϐλήθη
1809 2493 1887 2556 εἰς
1919 2515 2013 2571 φυο

339 2583 549 2655 λακήν.
616 2584 723 2640 Καὶ
789 2582 1199 2656 ἐλιμοκτονήθη
1270 2582 1535 2660 ἰσχυρῶς.
1595 2583 1724 2640 Εἶνα
1778 2590 1878 2653 τῆς
1910 2605 2009 2662 φυ-

335 2673 520 2743 λακῆς
552 2667 886 2743 ἐκϐληθεῖσα
914 2670 1189 2744 παρεδόθη
1220 2676 1302 2744 τῷ
1351 2678 1453 2741 τῆς
1510 2672 1703 2748 χώρας
1755 2672 2022 2747 ἄρχοντι,

336 2763 427 2817 ἐπὶ
471 2765 555 2833 τῷ
598 2763 1012 2834 τιμωρηθῆναι.
1070 2761 1175 2818 Καὶ
1239 2760 1327 2816 ὑπ’
1373 2758 1584 2816 ἐκείνου
1631 2760 1798 2815 πάλιν
1853 2759 2015 2834 ἀναγ-

337 2852 607 2905 κασθεῖσα
664 2851 818 2904 θῦσαι
874 2853 995 2911 τοῖς
1077 2846 1351 2920 εἰδώλοις,
1408 2846 1501 2904 καὶ
1572 2851 1647 2923 μή
1709 2854 2009 2919 πεισθεῖσα,

340 2939 686 3016 ἒκρεμάσθη,
742 2938 833 2993 καὶ
881 2940 979 3001 τὰς
1036 2937 1277 3015 πλευρὰς
1321 2937 1528 3010 ἐξὲσθη,
1565 2937 1925 3003 Ἀπολυθεῖσα
1955 2936 2014 2994 δὶ

335 3033 439 3098 τῆς
492 3028 767 3106 φυλακῆς,
811 3027 903 3083 καὶ
979 3028 1209 3100 εὑροῦσα
1268 3025 1518 3103 διωρίαν,
1573 3029 1712 3104 πρὸς
1766 3027 1831 3083 τὸ
1882 3024 2011 3101 ὅρος

335 3116 607 3194 ἐξέδραμε
682 3116 977 3195 φεύγουσα.
1056 3118 1274 3180 Γνόντες
1362 3113 1419 3172 δὲ
1491 3120 1653 3172 τοῦτο
1729 3117 1781 3171 οἱ
1858 3137 2013 3192 στρασ

331 3212 554 3277 manus,
588 3204 928 3263 κατεδίωκον
987 3205 1155 3275 αὐτὴν
1217 3208 1354 3280 μετὰ
1410 3207 1599 3285 ξιφῶν.
1641 3206 1745 3265 Καὶ
1795 3203 2010 3277 ἰδοῦσα,

331 3294 419 3350 ὅτι
471 3296 897 3372 κατασφάζεται,
970 3291 1172 3365 ηὔξατο
1250 3295 1390 3369 πρθς
1460 3294 1553 3349 τὸν
1619 3295 1748 3350 Θεὸν
1800 3290 2008 3369 λυτρω.

333 3390 500 3452 θῆναι
567 3383 663 3438 ἀπ’
724 3382 922 3440 αὐτῶν.
979 3382 1085 3440 Καὶ
1150 3381 1468 3458 σχισθείσης
1544 3384 1766 3457 πέτρας,
1841 3380 2007 3459 προσέ

335 3476 579 3549 τάγματι
656 3478 816 3542 Θεοῦ,
920 3472 1167 3544 εἰσῆλθεν
1268 3473 1321 3529 ἐν
1394 3474 1555 3549 αὐτῇ,
1629 3480 1731 3543 τῆς
1805 3474 2006 3546 πέτρας

338 3564 507 3619 πάλιν
566 3562 1024 3643 ἁσφαλισθείσης,
1081 3563 1170 3619 καὶ
1223 3567 1505 3640 κρυψάσης
1562 3562 1731 3633 αὐτὴν
1781 3560 2002 3633 ἔσωθεν,

342 3651 454 3717 ἓως
482 3654 650 3718 οὕτως
679 3653 1089 3731 εὖχαριστοῦσα
1114 3652 1432 3726 ἐτελειώθη.
1738 3668 1745 3675 ‘

907 3773 1086 3829 MHNI
1124 3776 1208 3848 τᾳ
1245 3773 1448 3851 ΑΥΤῼ.

1139 3860 1221 3919 ΙΘ¹

343 3949 625 4021 Ἀθλησις
689 3955 798 4007 τῶν
853 3950 1035 4029 -ᾁγίων
1102 3948 1391 4029 μαρτύρων
1448 3949 1773 4029 Τροφίμου,
1842 3958 2007 4025 Δορυ-

802 4017 1063 4097 μὲδόντος
1092 4017 1192 4077 καὶ
1217 4017 1547 4078 Σαϐϐατίου.

407 4112 579 4167 Οὗτοι
645 4112 701 4167 οἱ
769 4116 1038 4189 μάρτυρες
1108 4113 1364 4189 ὑπῆρχον
1401 4111 1490 4167 ἐπὶ
1554 4118 1655 4182 τῆς
1728 4110 2006 4187 βασιλείας

334 4196 582 4277 Πρόϐου.
637 4199 983 4274 Τελουμένου
1028 4198 1086 4255 δὲ
1132 4199 1506 4278 ὶπποδρομίου
1558 4199 1632 4263 εἷς
1665 4201 2005 4277 Ἀντιόχειαν

331 4298 434 4360 τῆς
468 4286 752 4363 Ηισιδίας,
788 4288 1125 4354 εἰσελθόντες
1157 4289 1233 4351 εἰς
1284 4291 1346 4345 τὸ
1380 4289 1601 4360 θέατρον
1634 4290 1663 4344 6
1695 4289 2008 4367 Τρόφιμος,

330 4381 426 4435 καὶ
459 4382 493 4435 ὁ
527 4374 855 4449 Σαϐϐἀτιος,
911 4380 1003 4435 καὶ
1061 4377 1268 4442 ἰδόντες
1301 4377 1428 4442 τοὺς
1471 4378 1756 4450 ’Έλληνας
1785 4378 2012 4444 θύοντας

327 4474 455 4531 τοῖς
519 4466 800 4537 εἰδώλοις,
860 4467 1138 4540 ἐστὲναξαν
1198 4467 1259 4522 ἐκ
1314 4470 1523 4544 ψυχῆς,
1555 4467 1648 4522 καὶ
1688 4466 1839 4522 εἶπον
1872 4469 2008 4543 πρὸς

328 4558 426 4613 τὸν
461 4558 623 4611 Θεόνο
667 4556 851 4626 Κύριε,
906 4554 996 4619 δὸς
1040 4562 1158 4619 τοῖς
1216 4555 1661 4630 πεπλανημένοις
1699 4555 2008 4633 ἀνθρώποις

2133 617 2436 687 ﬂentibus,
2468 619 2792 689 oculosque
2823 617 3103 690 lacrymis
3134 634 3371 690 semper
3424 635 3781 690 conspersos

2133 707 2612 765 circumferebat.
2653 708 2806 763 Illud
2837 714 3127 779 praeterea
3155 707 3383 780 agebat,
3412 709 3786 764 n'tobtrecta-

2131 798 2398 854 tionibus
2421 798 2701 855 adversus
2732 798 3037 854 neminem
3067 814 3242 854 aures
3281 798 3781 867 accommodaret,

2133 904 2329 959 neque
2360 889 2552 943 ullum
2584 889 2712 961 ipse
2730 888 3192 944 condemnaret:
3219 890 3339 944 imo
3368 889 3417 943 si
3439 888 3610 959 cujus
3628 887 3778 943 forte

2132 981 2439 1049 peccatum
2471 978 2756 1047 audisset,
2787 977 3034 1050 putabat
3072 995 3133 1033 se
3180 977 3353 1033 illum
3403 978 3601 1049 ipsum
3649 994 3779 1033 esse

2133 1067 2236 1138 qui
2266 1074 2590 1139 peccasset.
2623 1068 2707 1124 Ob
2738 1069 2864 1124 haec
2911 1068 3091 1141 igitur
3136 1072 3297 1123 recte
3343 1067 3518 1135 facta,
3555 1083 3590 1123 a
3618 1068 3779 1123 clero

2131 1157 2473 1230 populoque
2499 1158 2786 1229 delectus,
2819 1159 3095 1230 Gortyna:
3125 1157 3290 1213 urbis
3328 1157 3514 1213 Cretae
3561 1157 3776 1213 insulae

2133 1247 2447 1319 episcopus
2473 1247 2781 1303 ordinatus
2814 1252 2922 1302 est.
2956 1248 3079 1312 Quo
3128 1248 3191 1302 in
3240 1247 3596 1319 pontiﬁcatu
3642 1263 3780 1301 cum

2130 1337 2352 1392 multos
2381 1352 2572 1393 annos
2600 1337 2862 1405 vixisset,
2893 1336 3233 1407 multosque
3262 1336 3514 1408 populos
3540 1352 3670 1407 quae
3702 1335 3778 1391 ad

2130 1442 2380 1499 regnum
2413 1426 2697 1483 calorum
2724 1427 3024 1498 pertinent
3059 1426 3379 1493 docuisset,
3430 1425 3776 1497 donumque

2127 1516 2457 1571 multorum
2514 1515 2944 1572 miraculorum
3000 1515 3348 1586 accepisset,
3397 1512 3773 1584 obdormivit,

2127 1604 2434 1661 miraculis
2464 1605 2646 1660 etiam
2675 1611 2810 1676 post
2859 1610 3115 1660 mortem
3173 1603 3425 1677 insignis
3474 1619 3662 1674 usque
3711 1602 3773 1658 in

2126 1697 2481 1767 prmsentem
2513 1694 2693 1751 diem.

2777 1783 2998 1839 Eodem
3026 1783 3121 1838 die

2315 1873 2416 1930 50
2455 1874 2741 1929 Certamen
2768 1880 2971 1929 sancte
2999 1875 3259 1942 martyris
3288 1872 3574 1928 Ariadnes.

2192 1964 2445 2019 Ariadne
2475 1969 2699 2034 martyr
2727 1963 2931 2019 ﬂoruit
2957 1962 3221 2017 Adriano
3241 1966 3300 2016 et
3328 1962 3624 2016 Antonino
3656 1960 3773 2014 im-

2120 2053 2514 2126 peratoribus.
2549 2054 2685 2108 Haec
2701 2052 3057 2119 Christiana,
3083 2055 3141 2106 et
3164 2051 3477 2123 cujusdam
3499 2048 3766 2121 opulenti

2118 2142 2398 2212 hominis,
2434 2142 2536 2214 qui
2567 2143 2834 2213 Phrygiae
2864 2142 3266 2213 principatum
3289 2140 3547 2207 tenebat,
3580 2154 3767 2205 serva,

2120 2233 2215 2289 die
2230 2233 2487 2304 quadam
2511 2248 2645 2287 cum
2662 2231 2769 2286 ﬁlii
2792 2231 2918 2286 heri
2937 2231 3026 2285 sui
3048 2230 3279 2285 natales
3296 2228 3765 2295 celebrarentur,

2120 2320 2813 2394 compellituridolorum
2835 2320 3043 2375 fannm
3064 2335 3187 2375 una
3211 2335 3345 2374 cum
3370 2318 3490 2372 illis
3512 2315 3766 2389 ingredi,

2117 2411 2455 2483 festumque
2487 2412 2646 2467 diem
2677 2427 2870 2483 agere.
2931 2410 3097 2477 Quod
3137 2426 3273 2465 cum
3314 2409 3510 2464 facere
3556 2406 3768 2477 nollet,

2119 2501 2533 2558 crudelissime
2547 2501 2821 2556 caaditur:
2846 2500 3060 2556 deinde
3078 2499 3301 2555 carceri
3325 2496 3771 2565 tradita,inedia

2118 2595 2490 2646 maceratur:
2522 2590 2661 2645 inde
2693 2589 2940 2656 educta,
2983 2588 3058 2644 ad
3114 2589 3377 2660 regionis
3419 2586 3767 2659 prmfectum

2117 2679 2454 2748 adducitur,
2484 2684 2553 2734 ut
2582 2684 2963 2751 torqueretur
2991 2695 3004 2732 :
3037 2695 3072 2734 a
3103 2694 3219 2749 quo
3252 2678 3468 2733 iterum
3509 2675 3768 2747 impulsa

2119 2768 2296 2825 idolis
2328 2769 2687 2835 sacriﬁcare,
2719 2784 2856 2824 cum
2885 2767 2959 2824 ad
2990 2767 3050 2823 id
3080 2767 3283 2823 induci
3315 2766 3611 2838 nequiret,
3637 2781 3766 2820 sus-

2119 2858 2419 2931 penditur,
2456 2862 2515 2913 et
2542 2859 2605 2912 in
2637 2858 2926 2913 lateribus
2977 2856 3279 2929 scalpitur.
3332 2858 3461 2910 Mox
3509 2853 3705 2910 soluta
3733 2870 3763 2909 e

2118 2965 2377 3011 carcere,
2410 2953 2647 3020 arrepta
2676 2949 3010 3004 occasione.
3045 2947 3120 3003 ad
3150 2951 3415 3003 montem
3445 2946 3645 3018 fugam
3673 2945 3767 3000 in-

2118 3038 2331 3096 tendit.
2360 3039 2527 3105 Quod
2558 3038 2659 3093 ubi
2690 3054 3015 3111 cognovere
3047 3036 3291 3103 milites,
3327 3035 3581 3091 insecuti
3630 3050 3766 3090 cum

2116 3128 2328 3203 gladiis
2359 3146 2490 3185 eam
2523 3134 2681 3185 sunt.
2716 3132 2791 3183 At
2820 3128 2925 3184 illa
2954 3144 3089 3183 cum
3121 3126 3232 3181 sibi
3281 3126 3516 3181 nullum
3563 3129 3766 3197 patere

2120 3219 2403 3291 effugium
2430 3222 2720 3284 cerneret,
2754 3219 2938 3273 Deum
2972 3218 3177 3281 oravit,
3212 3221 3280 3271 ut
3304 3215 3376 3270 ab
3408 3215 3528 3269 illis
3558 3214 3771 3271 libera-

2120 3312 2285 3363 retur
2309 3324 2322 3362 :
2355 3309 2676 3379 statimque
2698 3307 2967 3374 discissa,
2991 3307 3190 3362 divino
3210 3309 3381 3372 nutu,
3411 3309 3579 3376 petra
3598 3303 3765 3357 illam

2118 3396 2369 3467 excepit,
2404 3397 2739 3467 iterumque
2769 3397 2973 3453 clausa
3002 3402 3061 3450 et
3088 3399 3519 3467 coagmentata,
3569 3391 3763 3446 eidem

2114 3485 2334 3558 gratias
2366 3485 2563 3559 agenti
2594 3502 2662 3541 ac
2692 3484 3003 3540 decedenti
3029 3501 3135 3556 pro
3168 3483 3442 3555 sepulcro
3469 3482 3599 3536 fuit.

2673 3756 2913 3815 EODEM
2951 3755 3205 3811 MENSE.

2662 3846 2765 3901 Die
2797 3846 3025 3901 decima
3056 3861 3217 3901 nona

2590 3942 2903 3993 sanctornm
2952 3943 3261 4005 martyrum
3312 3934 3616 4007 Trophimi,
3660 3936 3772 3989 Do-

2577 4009 2916 4079 rymedontis
2947 4015 2998 4063 et
3028 4008 3300 4063 Sabbatii.

2115 3936 2212 3993 5‘!
2251 3938 2534 3993 Certamen

2191 4116 2255 4172 Hi
2290 4121 2581 4188 martyres
2611 4117 2973 4188 imperatore
3000 4114 3190 4171 Probo
3224 4114 3588 4171 claruerunt.
3622 4114 3770 4168 Cum

2119 4212 2317 4263 autem
2335 4205 2675 4278 spectacula
2697 4206 2756 4260 in
2771 4205 3163 4277 hippodromo
3178 4204 3506 4259 Antiochiae
3528 4202 3767 4259 Pisidiae

2120 4296 2461 4363 ederentur,
2493 4295 2745 4367 ingressi
2778 4294 3073 4349 theatrum
3106 4293 3460 4364 Trophimus
3481 4291 3771 4347 etSabba—

2116 4386 2257 4452 tius,
2287 4385 2670 4454 videntesque
2704 4383 2878 4439 idolis
2911 4384 3141 4438 Grazcos
3167 4382 3768 4450 sacriﬁcare,summo

2120 4475 2324 4532 dolore
2356 4473 2572 4543 affecti,
2605 4472 2698 4528 his
2729 4471 2924 4527 verbis
2956 4473 3142 4526 Deum
3181 4471 3405 4542 precati
3450 4474 3624 4525 sunt:
3662 4471 3763 4538 Da,

2121 4564 2392 4631 Domine,
2425 4561 2763 4618 errantibus
2802 4561 2931 4617 istis
2990 4560 3359 4627 hominibus,
3406 4563 3494 4625 ut,
3541 4558 3766 4613 relictis

332 4648 561 4710 τούτοις
601 4646 923 4703 καταλιπεῖν
981 4645 1050 4701 τὰ
1106 4642 1334 4714 εἴδωλα,
1393 4646 1483 4701 καὶ
1511 4645 1790 4723 γνωρίζειν
1825 4666 1881 4701 σε
1909 4646 2001 4701 τὸν

2123 4652 2311 4717 idolis,
2338 4655 2665 4723 agnoscant
2686 4656 2741 4705 te
2766 4650 2982 4721 solum,
2996 4650 3271 4717 Deum,et
3288 4648 3663 4722 unigenitum
3680 4646 3768 4702 Fi-

338 4743 517 4816 μόνον
584 4738 745 4808 Θεὸν,
809 4736 900 4792 καὶ
964 4737 1057 4793 τὸν
1136 4742 1403 4811 μονογενῆ
1474 4757 1571 4791 σου
1636 4736 1786 4807 Υἰὸν,
1824 4736 1914 4791 καὶ
1942 4735 2006 4791 τὸ

334 4837 569 4904 Πνεῦμα
596 4828 663 4883 τὸ
692 4825 865 4902 ἅγιον.
897 4828 1074 4883 Τοῦτο
1129 4823 1188 4881 δὲ
1246 4825 1511 4899 εἰπόντες,
1557 4826 1647 4881 καὶ
1677 4822 2008 4901 γνωσθέντες

328 4918 668 4997 Χριστιανοὶ
726 4918 883 4987 εἶναι,
941 4914 1315 4992 ἐκρατήθησαν
1369 4916 1513 4991 παρὰ
1569 4918 1666 4971 τοῦ
1710 4913 2003 4991 ἄρχοντος.

320 5014 433 5070 Καὶ
498 5011 724 5084 πρῶτον
783 5008 877 5080 μὲν
931 5008 959 5061 6
1015 5005 1298 5083 Τρόφιμος
1353 5005 1592 5084 τυφθεὶς,
1659 5006 1748 5061 καὶ
1804 5005 2005 5075 ξεσθεὶς

319 5096 611 5171 ἐνεϐλήθη
645 5096 724 5158 εἰς
781 5094 1056 5173 φυλακήν.
1115 5096 1247 5151 Εἶτα
1304 5094 1458 5170 ἢχθη
1490 5094 1582 5150 καὶ
1612 5094 1641 5148 6
1674 5089 2000 5164 Σαϐϐἀτιος,

317 5191 409 5247 καὶ
439 5190 541 5244 τὸν
575 5185 815 5261 Χριστὸν
870 5184 1248 5260 ὁμολογήσας,
1310 5183 1736 5258 βασανιζόμενος
1766 5184 1854 5239 καὶ
1884 5182 2002 5255 ξεό-

316 5300 491 5355 μενος
518 5274 817 5351 παρέδωκε
846 5274 910 5328 τὸ
941 5276 1172 5345 πνεῦμα.
1216 5274 1363 5328 Μετά
1413 5270 1470 5327 δὲ
1518 5276 1684 5327 ταῦτα
1714 5266 2004 5345 ἐκϐληθεὶς

306 5378 413 5441 τῆς
446 5366 712 5448 φυλακῆς
742 5364 772 5418 6
805 5362 1109 5438 Τρόφιμος,
1135 5360 1225 5415 καὶ
1263 5357 1542 5423 ὑποδεθείς
1576 5357 1905 5448 ὑποδήματα
1926 5378 2005 5415 σι·

310 5447 481 5533 δηρᾶ,
515 5452 813 5524 ἀπεστάλη
846 5456 930 5523 τῷ
958 5448 1188 5525 ἄρχοντι
1208 5456 1308 5520 τῆς
1328 5454 1437 5505 τῶν
1473 5447 1728 5505 Συνάδων
1761 5449 1998 5515 πόλεως.

306 5551 413 5610 Καὶ
448 5550 542 5606 ὑπ’
577 5543 802 5601 ἐκείνου
861 5539 1202 5615 τιμωρηθεὶς
1256 5538 1609 5610 ἀπεκλείσθη.
1643 5541 1705 5597 Ὁ
1743 5537 1799 5596 δὲ
1840 5547 2001 5617 Δορυ-

308 5639 493 5716 μέδων
528 5634 804 5694 ἀπελθὼν
838 5629 982 5703 πρὸς
1030 5628 1123 5684 τὸν
1176 5630 1485 5706 Τρόφιμον,
1519 5627 1725 5704 ἐγένετο
1751 5631 2002 5705 Χριστια-

302 5734 413 5800 νός,
478 5728 595 5789 Καὶ
685 5720 1030 5801 γνωσθέντες
1110 5716 1614 5794 ἀπεκεφαλίστησαν
1674 5719 1996 5799 ἀμφότεροι.

2115 4741 2263 4797 lium
2296 4745 2484 4807 tuum,
2517 4744 2577 4795 et
2608 4744 2879 4795 sanctum
2909 4739 3215 4812 Spiritum.
3248 4738 3384 4794 Haec
3424 4754 3559 4793 cum
3582 4736 3762 4792 dixis-

2116 4830 2493 4903 sent,cogniti
2512 4829 2729 4885 Christi
2743 4829 3001 4884 cultores
3017 4825 3766 4899 esse,comprehenduntur

2115 4936 2150 4976 a
2178 4919 2452 4992 praeside.
2485 4920 2558 4975 Et
2584 4919 2846 4991 primum
2879 4916 3124 4991 quidem
3172 4917 3526 4989 Trophimus
3576 4932 3766 4971 caesus

2116 5009 2519 5082 scalptusque,
2550 5008 2611 5062 in
2644 5007 2973 5063 custodiam
3004 5007 3340 5079 conjicitur.
3374 5007 3584 5063 Postea
3626 5023 3761 5064 vero

2113 5100 2438 5173 productus
2470 5103 2529 5153 et
2557 5097 2891 5167 Sabbatius,
2926 5115 3062 5154 cum
3111 5097 3410 5153 Christum
3456 5098 3763 5171 professus

2111 5190 2342 5256 fuisset,
2376 5187 2748 5243 excruciatus
2773 5186 3234 5259 dilaniatusque,
3268 5188 3542 5259 spiritum
3570 5187 3761 5242 tradi-

2111 5279 2216 5335 dit.
2252 5279 2392 5332 Post
2420 5277 2546 5332 hzec
2576 5275 2930 5348 Trophimus
2965 5294 2995 5331 e
3027 5293 3263 5333 carcere
3321 5276 3590 5345 eductus,
3643 5276 3759 5329 fer-

2110 5368 2349 5440 reisque
2380 5365 2800 5422 calceamentis
2846 5365 3114 5430 indutus,
3167 5366 3424 5421 mittitur
3471 5364 3543 5420 ad
3594 5363 3759 5418 urbis

2111 5456 2480 5531 Synadorum
2514 5454 2852 5527 praesidem,
2883 5472 2917 5511 a
2948 5472 3064 5526 quo
3098 5455 3276 5510 etiam
3308 5459 3517 5521 tortus,
3560 5457 3755 5506 custo-

2111 5547 2223 5603 dia)
2254 5545 2527 5602 traditur.
2549 5544 2710 5601 Adiit
2730 5549 2929 5600 autem
2952 5544 3335 5615 Trophimum
3359 5539 3755 5612 Dorymcdon,

2111 5642 2169 5692 et
2226 5653 2296 5691 ex
2355 5635 2484 5708 ejus
2550 5650 2871 5707 congressu
2928 5632 3298 5689 Christianus
3374 5630 3565 5687 factus
3644 5636 3753 5689 est.

2108 5725 2339 5801 Cogniti
2372 5724 2552 5801 igitur
2581 5723 2756 5781 ambo
2791 5720 3069 5780 decollati
3101 5724 3261 5778 sunt.
