4142 6426
397 335 476 396 59
1721 339 2059 404 MENOLOt

2197 344 2396 406 PARS
2441 345 2489 406 Ι.
3740 348 3822 410 60

1051 470 1272 528 Eodem
1300 473 1395 529 die

397 597 498 653 52
533 599 819 651 Certamen
878 603 1212 653 sacrosancti
1266 603 1530 670 martyris
1584 604 1866 671 Januarii,
1926 605 2043 672 epi-

693 673 844 739 scopi
876 672 1187 740 Beneventi,
1221 679 1271 726 et
1303 675 1575 728 sociorum
1605 674 1746 743 ejus.

469 859 894 912 Sacrosanctus
925 864 1151 929 martyr
1180 861 1496 915 Januarius
1528 877 1643 915 una
1688 877 1823 916 cum
1873 862 2052 916 sociis

395 947 763 1003 Diocletiano
807 949 1166 1019 imperatore
1198 950 1432 1004 claruit.
1467 953 1604 1005 Erat
1653 957 1850 1006 autem
1885 951 2052 1006 urbis

393 1038 709 1093 Beneventi
736 1039 1054 1109 episcopus
1080 1056 1092 1092 :
1115 1039 1190 1094 ob
1213 1040 1427 1094 Christi
1452 1057 1587 1094 vero
1615 1041 2051 1096 confessionem

392 1127 454 1182 in
483 1127 719 1183 vincula
756 1128 1021 1183 Puteolis
1052 1129 1360 1199 conjectus
1391 1129 1520 1196 fuit,
1555 1146 1675 1185 una
1706 1147 1841 1185 cum
1865 1131 2052 1197 Sosio,

389 1217 624 1284 Proclo,
662 1217 973 1289 Eutychio,
1011 1222 1070 1273 et
1101 1219 1333 1273 Acustio
1369 1219 1659 1274 diaconis.
1713 1219 2056 1274 Timotheus

398 1313 600 1364 autem
635 1307 896 1378 regionis
928 1307 1242 1378 prmfectus
1261 1309 1540 1364 Puteolos
1572 1309 1894 1380 profectus,
1923 1325 2058 1364 cum

402 1401 678 1452 sanctum
714 1396 776 1449 in
803 1396 1056 1450 vinculis
1076 1397 1416 1468 reperisset,
1449 1415 1479 1452 e
1499 1413 1734 1453 carcere
1751 1397 2056 1461 eductum,

395 1486 461 1540 in
491 1486 796 1540 caminum
829 1485 1055 1556 injecit.
1091 1485 1203 1540 Sed
1235 1503 1371 1542 cum
1404 1487 1546 1543 inde
1577 1487 1804 1542 illmsus
1822 1492 1880 1541 et
1897 1487 2063 1542 inco-

395 1574 577 1630 lumis
613 1575 914 1642 evasisset,
950 1575 1162 1646 majori
1192 1576 1393 1632 furore
1416 1582 1751 1649 correptus,
1777 1568 2064 1648 praacepit

395 1663 731 1728 lictoribus,
781 1669 848 1719 ut
905 1681 1114 1720 nervos
1172 1665 1393 1736 pedum
1453 1667 1583 1738 ejus
1641 1666 2060 1737 praeciderent.

416 1752 578 1817 Quod
591 1752 868 1822 snpplicii
901 1770 1088 1824 genus
1109 1771 1244 1808 cum
1266 1760 1507 1810 sanctus
1530 1756 1766 1810 fortiter
1788 1757 2065 1827 pertulis-

398 1846 506 1908 set,
540 1842 758 1895 iterum
791 1841 851 1896 in
878 1843 1210 1897 custodiam
1263 1845 1603 1915 conjicitur.
1655 1845 1802 1899 Cum
1857 1851 2055 1900 autem
2088 1846 2134 1912 Β

397 1934 604 1989 Festus
637 1937 694 1986 et
724 1932 1061 1986 Desidcrius
1119 1933 1321 1988 clerici
1379 1952 1450 1990 ex
1506 1934 1651 1990 urbe
1713 1937 2046 1991 Benevento

398 2019 674 2074 visitandi
700 2035 833 2074 eum
857 2037 1035 2075 causa
1051 2021 1372 2089 venissent,
1398 2024 1815 2095 comprehensi
1840 2025 2048 2094 etipsi,

398 2110 653 2164 vinculis
683 2125 805 2164 una
834 2126 969 2165 cum
1003 2111 1281 2182 episcopo
1319 2119 1376 2167 et
1406 2112 1671 2168 diaconis
1702 2115 1762 2168 in
1812 2130 2050 2169 carcere

400 2199 908 2270 constringuntur.
943 2201 1087 2255 Inde
1119 2201 1336 2270 educti,
1399 2207 1457 2256 et
1496 2202 1570 2257 ad
1621 2203 1840 2259 bestias
1883 2205 2051 2260 dam-

399 2290 544 2356 nati,
577 2304 772 2359 neque
828 2289 900 2343 ab
961 2290 1033 2344 iis
1091 2289 1238 2356 lmsi,
1293 2291 1557 2362 praefecti
1607 2292 1804 2363 jussu,
1857 2293 2049 2365 capite

400 2379 556 2450 plexi
592 2384 750 2434 sunt.

1046 2586 1265 2642 Eodem
1299 2587 1393 2642 die

402 2704 502 2761 53
528 2705 812 2758 Certamen
833 2710 1150 2758 sanctorum
1172 2712 1386 2760 centum
1410 2709 1457 2759 et
1474 2708 1885 2776 quinquaginta
1901 2724 2047 2761 mar-

547 2783 751 2845 tyrum,
786 2777 915 2842 Nili,
951 2777 1118 2843 Pelei,
1152 2776 1341 2843 Heliae,
1373 2783 1423 2831 et
1454 2778 1725 2832 sociorum
1757 2779 1895 2848 ejus.

475 2893 693 2946 Horum
728 2897 1067 2946 sanctorum
1100 2899 1390 2964 martyres
1423 2894 1662 2964 quidem
1711 2900 1947 2950 centum
1981 2912 2052 2950 ex

397 2985 640 3053 Algypto
665 2983 964 3053 erant,qui
992 2999 1127 3036 cum
1150 2983 1474 3036 Christiani
1499 2985 2054 3048 essent,Christum-

397 3071 712 3143 quelibere
731 3070 1228 3142 praedicarent,ab
1255 3071 1588 3127 idololatris
1610 3073 2052 3144 comprehensi,

397 3163 614 3219 ell'osso
647 3161 850 3215 dextro
883 3161 1074 3224 oculo,
1102 3161 1488 3232 praecisisque
1523 3161 1749 3217 sinistri
1775 3163 1943 3234 pedis
1965 3180 2053 3219 ar-

2077 477 2134 544 Α

2759 481 2844 555 Τῇ
2875 480 3015 556 αὖτῇ
3047 481 3230 556 ἡμέρᾳ

2154 566 2459 646 Ἀθλησις.
2537 575 2636 646 τοῦ
2747 570 2904 644 ἀγίου
2951 638 2974 646 Δ
3015 572 3415 646 ἱερομάρτυρος
3550 574 3820 646 Ἰαννουα-

2227 638 2371 714 ρίου,
2441 638 2744 697 ἐπισκόπου
2796 638 3152 711 ’Βενεϐεντοῇ
3221 638 3331 698 ’καῖ’
3395 647 3496 713 τῆς
3574 641 3820 706 συνοδίας

2225 711 2423 768 αὐτοῦ.

2229 801 2588 877 Ἰαννουάριος
2629 805 2656 858 ὁ
2696 805 3028 878 ἱερομάρτυς
3091 804 3224 878 μετὰ
3281 807 3380 874 τῆς
3441 802 3688 868 συνοδίας
3730 805 3819 860 αὖ·

2152 895 2272 962 τοῦ,
2332 891 2398 960 ἦν
2459 892 2547 947 ἐπὶ
2604 893 3000 964 Διοκλητιανοῦ
3057 899 3153 948 τοῦ
3203 893 3489 970 βασιλέως,
3523 894 3819 957 ἐπίσκοπος

2155 980 2447 1056 γενόμενος
2505 989 2606 1053 τῆς
2665 981 2883 1045 πόλεως
2944 979 3282 1041 Βενεϐεντοῦ.
3345 986 3443 1038 Διά
3499 982 3558 1039 δὲ
3612 985 3710 1054 τὴν
3745 983 3821 1048 εἷς

2158 1069 2396 1146 Χριστὸν
2460 1069 2767 1146 ὁμολογίαν
2831 1071 2882 1126 ἐν
2955 1070 3179 1146 δεσμοῖς
3246 1074 3535 1148 κατείχετο
3603 1073 3656 1130 ἐν
3722 1079 3821 1128 Πο-

2157 1157 2393 1230 τιόλοις,
2473 1162 2609 1232 μετά
2685 1162 2916 1230 Σόσσου,
2994 1163 3272 1236 Πρόκλου,
3357 1162 3655 1238 Εὐτυχίου,
3729 1162 3821 1218 καὶ

2159 1248 2480 1306 Ἀκουστίου
2537 1254 2645 1304 τῶν
2704 1247 2991 1308 διακόνων,
3049 1253 3110 1310 Ὁ
3170 1250 3228 1308 δὲ
3285 1250 3473 1328 ἅρχων
3503 1260 3603 1323 τῆς
3635 1255 3823 1328 χώρας

2161 1339 2452 1412 Τιμόθεος,
2487 1339 2657 1394 ἐλθὼν
2705 1339 2781 1402 εἴς
2832 1339 3158 1413 Ποτιόλους,
3205 1343 3294 1397 καὶ
3341 1343 3513 1418 εὑρὼν
3542 1342 3632 1398 τὸν
3667 1339 3820 1418 ἅγιον

2165 1428 2242 1492 εἷς
2271 1429 2336 1483 τὰ
2391 1425 2585 1502 δεσμὰ,
2656 1428 2926 1506 ἐξαγαγὼν
2993 1439 3094 1500 τῆς
3162 1429 3433 1510 φυλακῆς,
3466 1427 3714 1487 ἐνέϐαλεν
3748 1429 3824 1494 είς

2165 1518 2421 1591 κάμινον.
2473 1518 2574 1575 Καὶ
2625 1519 2910 1592 ἐξελθόντα
2958 1520 3120 1576 αὐτὸν
3174 1515 3390 1590 ἀϐλαϐῆ
3444 1520 3503 1576 ἐκ
3538 1523 3637 1586 τῆς
3665 1521 3824 1595 καμί-

2167 1629 2260 1663 νου
2292 1607 2642 1682 θεασάμενος,
2706 1609 2917 1683 μᾶλλον
2974 1609 3170 1684 ἐμάνη.
3231 1611 3334 1669 Καὶ
3375 1612 3668 1688 προσέταξε
3705 1617 3827 1674 τοῖς

2171 1695 2418 1771 δημίοις,
2457 1697 2622 1771 κόψαι
2687 1698 2754 1754 τὰ
2819 1703 2980 1776 νεῦρα
3043 1705 3152 1755 τῶν
3219 1698 3403 1756 ποδῶν
3463 1703 3651 1757 αὐτοῦ·
3698 1703 3829 1758 ὑπο-

2175 1787 2332 1860 μεῖνα
2371 1784 2428 1840 δὲ
2468 1788 2555 1841 καὶ
2618 1787 2882 1861 τιμωρίαν
2950 1790 3153 1861 ταύτην
3192 1789 3220 1844 ὁ
3260 1791 3435 1867 ἅγιος,
3502 1791 3667 1847 πάλιν
3731 1794 3828 1849 ἀπ-

2165 1874 2324 1946 εδόθη
2379 1878 2446 1950 τῇ
2499 1875 2740 1952 φυλακῇ.
2797 1874 3081 1942 Ἐλθόντες
3142 1877 3199 1934 δε
3241 1879 3316 1942 εἷς
3358 1879 3635 1956 ἐπίσκεψιν
3663 1881 3826 1938 αὐτοῦ

2159 1965 2219 2020 ἐκ
2249 1960 2569 2020 Βενεϐεντοῢ
2601 1962 2697 2020 δύο
2749 1964 3012 2041 κληρικοὶ
3068 1973 3329 2037 Φαῖστος,
3361 1971 3451 2024 καὶ
3496 1967 3823 2044 Δεσιδέριος,

2159 2054 2537 2130 ἐκρατήθησαν
2588 2055 2678 2110 καὶ
2742 2055 2917 2112 ama-
2987 2058 3077 2112 καὶ
3137 2055 3492 2129 συνεδέθησαν
3568 2063 3647 2132 τῷ
3717 2057 3830 2116 ἐπι-

2161 2145 2371 2218 σκόπῳ,
2438 2144 2528 2200 καὶ
2592 2150 2712 2208 τοῖς
2781 2145 3053 2211 διακόνοις
3123 2147 3174 2203 ἐν
3237 2153 3308 2222 τῇ
3376 2147 3616 2228 φυλακῇ.
3685 2153 3823 2206 Εἶτα

2159 2229 2538 2305 ἐκϐληθέντες,
2608 2235 3082 2313 ἐθηριομόχησαν.
3147 2239 3244 2293 Καὶ
3317 2236 3484 2312 μηδὲν
3547 2237 3827 2311 ἀδικηθέν-

2155 2348 2263 2396 τες,
2341 2328 2630 2400 προστάξει
2702 2331 2800 2383 τοῦ
2877 2327 3162 2402 ἄρχοντος,
3237 2330 3332 2392 τὰς
3407 2327 3647 2408 κεφαλὰς
3731 2331 3828 2387 ἀπ-

2159 2437 2213 2471 ετ
2222 2417 2369 2490 μήθη
2379 2435 2492 2473 σαν.

2745 2581 2829 2652 Τῇ
2862 2578 2999 2652 αὐτῇ
3033 2579 3220 2654 ἡμέρᾳ

2155 2685 2431 2765 ’Λθλησις
2457 2693 2766 2772 τῶν-ἁγίων
2804 2695 2898 2772 -ρν’
2952 2691 3265 2772 μαρυιξρων,
3306 2695 3542 2772 Νείλου,
3571 2693 3826 2768 Πηλέως,

2513 2767 2696 2836 Ἠλία,
2729 2767 2826 2822 καὶὴ
2851 2767 2960 2836 τῆς
2979 2767 3229 2830 συνοδίας
3263 2768 3461 2826 αὐτῶν.

2231 2891 2348 2944 Τῶν
2420 2884 2587 2960 ἁγίων
2660 2884 2869 2940 τούτων
2949 2885 3265 2961 μαρτύρων,
3337 2888 3390 2941 οἱ
3471 2886 3566 2959 μὲν
3636 2886 3826 2941 ἑκατὸν

2160 2979 2413 3052 ἆπῆρχον
2447 2975 2506 3030 ἐκ
2557 2977 2655 3044 τῆς
2711 2975 3014 3050 Αἰγύπτου,
3069 2976 3390 3049 Χριστιανοὶ
3424 2973 3593 3045 ὄντες,
3617 2976 3705 3030 καὶ
3735 2976 3826 3030 τὸν

2159 3066 2391 3142 Χριστὸν
2451 3063 2731 3140 παῤῥησίᾳ
2787 3063 3176 3136 κηρόττοντες,
3245 3063 3334 3119 διὰ
3393 3069 3556 3120 τοῦτο
3631 3085 3831 3140 κρατη-

2167 3157 2344 3220 θέντες
2412 3155 2558 3230 παρὰ
2617 3158 2724 3207 τῶν
2793 3150 3238 3230 εἷδωλολατρῶν,
3299 3153 3426 3216 τοὺς
3497 3151 3704 3225 δεξιοὺς
3755 3152 3832 3224 ἐξ·

398 3251 598 3306 ticulis
629 3255 684 3304 et
711 3251 928 3316 nervis,
961 3249 1156 3321 gladio
1187 3251 1542 3305 mutilantur
1571 3269 1582 3306 :
1619 3269 1755 3308 mox
1775 3253 1835 3306 in
1861 3254 2051 3308 cami-

2174 3217 2501 3321 Lopéxﬁno'av'
2530 3241 2872 3320 ὀφθαλμοὺς,
2903 3242 2993 3298 καὶ
3046 3217 3154 3298 τῶν
3188 3245 3486 3318 ἀριστερῶν
3518 3241 3701 3299 ποδῶν
3731 3245 3828 3306 τὰς

397 3357 542 3396 num
567 3339 796 3412 injecti,
827 3338 1057 3394 vivendi
1095 3340 1275 3394 ﬁnem
1313 3339 1560 3394 faciunt.
1615 3341 2058 3414 Quinquaginta

399 3435 600 3486 autem
629 3430 727 3484 alii
783 3446 854 3484 ex
909 3429 1228 3484 Palmstina
1274 3430 1410 3496 orti,
1463 3435 1708 3502 propter
1755 3431 2057 3487 Christum

400 3519 608 3575 eadem
637 3518 950 3589 supplicia,
977 3535 1044 3572 ac
1072 3519 1280 3584 socii,a
1295 3519 1555 3590 regionis
1579 3520 1857 3590 praafecto
1873 3523 2056 3592 passi,

396 3607 716 3664 traduntur
734 3608 796 3661 in
823 3623 1122 3662 carcerem
1151 3624 1162 3661 :
1193 3607 1416 3662 deinde
1435 3625 1570 3662 cum
1599 3610 1830 3664 cmteris
1846 3611 1967 3665 reis
1988 3610 2063 3666 ad

401 3696 646 3752 metalla
677 3696 1060 3751 damnantur.
1096 3699 1407 3751 Postremo
1451 3697 1525 3751 ad
1578 3697 1840 3752 tribunal
1895 3699 2064 3755 ducis

399 3786 688 3860 p.0ducti,
722 3801 857 3840 cum
891 3785 1062 3840 modo
1087 3784 1547 3851 hortationibus,
1573 3785 1751 3841 modo
1778 3787 1956 3842 minis
1990 3788 2066 3843 ad

405 3875 745 3949 negandum
774 3873 1166 3942 Christum,et
1192 3874 1653 3928 sacriﬁcandum
1672 3875 1849 3931 idolis
1865 3877 2068 3933 stimu-

402 3967 693 4034 larentur,
729 3980 839 4019 nec
873 3963 946 4018 ad
978 3962 1037 4017 id
1067 3963 1410 4018 faciendum
1436 3963 1637 4019 induci
1663 3971 1924 4036 possent,
1947 3966 2069 4023 lata

413 4053 712 4110 sententia
741 4057 807 4107 ut
854 4051 1113 4106 flammis
1144 4051 1542 4120 traderentur,
1603 4053 1664 4107 in
1719 4070 2065 4111 succensam

413 4147 715 4217 ingentem
745 4141 1050 4197 fornacem
1102 4141 1328 4212 injecti.
1386 4141 1712 4213 gaudentes
1762 4144 2068 4217 Deumque

412 4234 817 4307 glorificantes
849 4230 1280 4286 occubuerunt.

2170 3331 2410 3410 ἀγκύλας
2469 3332 2560 3387 σὺν
2611 3339 2729 3395 τοῖς
2788 3332 3001 3406 νεύροις
3063 3332 3168 3388 ὐπὸ
3226 3333 3412 3411 ξίφους
3469 3331 3822 3406 διεκόπησαν.

2171 3425 2302 3482 Εἶτα
2369 3419 2724 3493 ἐκϐληθέντες
2801 3422 2876 3485 εἷς
2949 3424 3203 3496 κάμινον,
3280 3422 3683 3489 ἐτελειώθεσαν.
3763 3423 3829 3482 Οἱ

2172 3513 2230 3570 δὲ
2287 3515 2622 3584 πεντήκοντα
2676 3515 2812 3583 ἦσαν
2871 3511 2932 3568 ἐκ
2975 3520 3076 3584 τῆς
3135 3512 3525 3586 Παλαιστίνης,
3593 3517 3684 3571 καὶ
3742 3515 3832 3572 διὰ

2169 3605 2264 3660 τὸν
2313 3603 2543 3678 Χριστὸν
2572 3604 2639 3657 τὰ
2669 3601 2838 3676 ὅμοια
2865 3608 2983 3666 τοῖς
3034 3601 3234 3669 ἄλλοις
3260 3604 3350 3659 καὶ
3383 3603 3536 3661 αὐτοὶ
3567 3605 3830 3669 παθόντες

2172 3693 2321 3768 παρὰ
2376 3696 2474 3747 τοῦ
2511 3699 2613 3761 τῆς
2669 3682 2860 3766 χώρας
2911 3690 3205 3767 ἄρχοντος,
3266 3693 3696 3766 ἀπεκλείσθησαν
3753 3693 3831 3758 είς

2175 3782 2446 3859 φυλακὴν,
2503 3780 2594 3836 καὶ
2641 3777 3097 3855 κατεδικάσθησαν
3161 3781 3479 3856 ἐργάζεσθαι
3542 3785 3676 3855 μετά
3723 3785 3830 3839 τῶν

2177 3872 2390 3928 λοιπῶν
2458 3866 2762 3926 καταδίκων
2829 3870 2928 3937 τήν
3019 3866 3272 3943 ἐργασίαν
3339 3873 3447 3924 τῶν
3519 3868 3833 3942 μετάλλων.

2176 3953 2428 4038 Ὕστερον
2479 3956 2536 4014 δὲ
2587 3958 2678 4014 καὶ
2736 3955 2890 4013 αὐτοὶ
2948 3957 3350 4034 προσαχθέντες
3404 3957 3484 4030 τῷ
3535 3955 3712 4031 δουκὶ,
3743 3961 3836 4016 καὶ

2176 4071 2313 4106 ποτε
2371 4050 2466 4124 μὶν
2520 4045 2926 4122 παρακλήσεσι,
2982 4049 3115 4102 ποτε
3173 4044 3230 4102 δὲ
3286 4046 3541 4111 ἀπειλαῖς
3599 4049 3840 4125 ἀναγκα-

2181 4142 2394 4205 σθέντες
2463 4139 2794 4214 ἀρνήσασθαι
2862 4137 2953 4192 τὸν
3023 4137 3270 4212 Χριστὸν,
3346 4138 3434 4192 καὶ
3504 4138 3658 4214 θῦσαι
3717 4144 3838 4202 τοῖς

2180 4228 2459 4298 εἰδώλοις,
2527 4227 2618 4282 καὶ
2687 4227 2764 4300 μὴ
2832 4225 3155 4298 πεισθέντες,
3213 4227 3313 4296 τήν
3381 4224 3471 4281 διὰ
3533 4229 3630 4282 τοῦ
3670 4228 3841 4304 πυρὸς

408 4321 675 4398 ἀπόφασιν
709 4316 973 4389 ἐδέξαντο.
1007 4316 1366 4395 Ἀναφθείσης
1400 4317 1490 4373 οὖν
1523 4319 1757 4394 καμίνου
1809 4321 2079 4398 μεγᾶλης,
2135 4323 2427 4400 χαίροντες
2478 4318 2568 4373 καὶ
2628 4315 2942 4388 δοξάζοντες
2988 4317 3083 4371 τὸν
3115 4316 3268 4389 Θεὸν,
3300 4314 3554 4386 εἰσῆλθον
3588 4315 3640 4372 ἐν
3673 4319 3837 4392 αὐτῇ,

406 4411 497 4468 καὶ
531 4409 948 4480 ἐτελειώθησαν.

972 4499 1214 4555 EODEM
1247 4480 1500 4553 MENSE.

1033 4615 1137 4671 Die
1167 4615 1453 4671 vicesima

411 4736 515 4792 5'4
573 4733 1024 4789 Com.nemoratio
1070 4738 1274 4786 sancta
1357 4731 1627 4802 martyris
1709 4733 1918 4790 Christi
1972 4735 2070 4790 Su-

1128 4817 1334 4858 sannae.
1367 4816 1370 4819 ⁷

485 4927 754 4980 Susanna
786 4927 990 4978 sancta
1031 4927 1256 4993 martyr
1313 4933 1384 4977 ex
1441 4922 1683 4994 regione
1737 4921 2070 4980 Palaestinas

409 5015 542 5080 fuit,
586 5013 912 5068 sacerdotis
971 5011 1271 5066 idolorum
1328 5011 1572 5066 nomine
1631 5013 1881 5067 Artemii
1946 5013 2072 5069 ﬁlia

411 5103 655 5159 Mortuis
679 5107 874 5156 autem
908 5100 1257 5172 parentibus
1274 5100 1514 5154 verbum
1547 5100 1810 5156 veritatis
1834 5119 1868 5157 a
1889 5102 2070 5157 Silva-

411 5211 489 5250 no
516 5192 860 5264 presbytero
895 5191 1122 5254 edocta,
1157 5189 1507 5261 baptizatur.
1544 5189 1767 5245 Deinde
1819 5193 2071 5263 erogatis

412 5285 474 5340 in
507 5299 800 5355 pauperes
823 5281 947 5337 suis
969 5279 1673 5346 facultatibus,mundum
1697 5281 2069 5352 relinquens,

414 5374 560 5430 abiit
591 5374 650 5426 in
685 5370 1136 5436 monasterium,
1172 5374 1229 5423 et
1282 5369 1680 5424 monasticum
1729 5370 2070 5426 institutum

418 5463 692 5533 amplexa
725 5466 837 5524 est,
868 5459 1098 5513 virilem
1131 5457 1400 5512 habitum
1434 5458 1652 5526 ferens,
1688 5475 1869 5530 seque
1891 5462 2068 5515 Joan-

416 5569 552 5607 nem
587 5550 937 5615 nominavit,
966 5565 1038 5602 ne
1072 5566 1104 5602 a
1135 5564 1432 5618 quoquam
1463 5555 1901 5618 agnosceretur.
1927 5554 2067 5604 Cum

419 5647 615 5697 autem
639 5657 742 5711 pro
763 5640 883 5695 viro
904 5639 1244 5706 haberetur,
1269 5639 1617 5694 insimulata
1637 5639 1748 5694 fuit
1768 5657 1802 5696 ει
1819 5640 2069 5696 muliere

421 5729 678 5806 quadam
704 5728 926 5785 diaboli
957 5728 1331 5802 suggestione
1364 5735 1682 5802 commota,
1730 5731 1887 5805 quod
1941 5745 2066 5788 rem

2097 4505 2145 4568 D

2731 4491 2915 4554 MHNI
2955 4495 3048 4572 Τῼ
3090 4496 3276 4573 ma

2978 4611 3037 4668 Κ,

2360 4733 2573 4806 Μνήμη
2643 4736 2742 4800 τῆς
2806 4730 3209 4806 ὁσιομόξρτυρος
3271 4731 3368 4785 τοῦ
3428 4730 3666 4804 Χριστοῦ

2854 4801 3169 4871 Σωσάννης.

2257 4918 2516 4975 Σωσάννα
2571 4919 2606 4988 ἡ
2661 4917 3016 4991 ὁσιομάρτυς,
3074 4915 3323 4990 ὑπῆρχεν
3379 4913 3440 4969 ἐκ
3493 4921 3596 4984 τῆς
3656 4914 3844 4990 χώρας

2181 5009 2570 5079 Παλαιστίνης,
2606 5008 2851 5081 θυγάτηρ
2901 5006 3090 5080 ἱερέως
3145 5008 3254 5060 τῶν
3305 5001 3576 5071 εἰδώλων,
3614 5004 3842 5079 ὀνόματι

2183 5097 2502 5176 Ἀρτεμίου.
2542 5095 2693 5154 Μετὰ
2734 5093 2790 5149 δὶ
2835 5093 3097 5162 τελευτὴν
3145 5097 3242 5148 τοῦ
3293 5092 3501 5168 πατρὸς
3531 5091 3720 5162 αὐτῆς,
3752 5094 3843 5148 καὶ

2179 5195 2281 5258 τῆς
2338 5187 2598 5261 μητέρος,
2659 5181 2978 5259 διδαχθεῖσα
3052 5182 3144 5236 τὸν
3202 5179 3369 5255 λόγον
3425 5187 3526 5250 τῆς
3583 5179 3844 5250 ἀληθείας

2183 5277 2288 5333 ὑπὸ
2358 5271 2633 5332 Σιλϐανοῢ
2701 5267 3092 5350 πρεσϐυτέρου,
3161 5264 3484 5339 ἐϐαπτίσθη.
3554 5270 3686 5326 Εἶτα
3748 5273 3845 5328 τὸν

2181 5371 2420 5422 πλοῦτον
2480 5364 2648 5434 αὐτῆς
2700 5360 3020 5435 διανείμασα
3075 5363 3192 5423 τοῖς
3250 5364 3525 5434 πτωχοῖς,
3557 5363 3648 5415 γαί
3679 5382 3844 5416 κατα-

2181 5454 2424 5511 λιποῦσα
2456 5456 2545 5508 τὸν
2600 5455 2825 5525 κόσμον,
2889 5449 3132 5519 ἀπῆλθεν
3197 5448 3271 5509 εἷς
3335 5450 3842 5525 μοναστήριον,καῖ

2177 5547 2370 5624 γέγονε
2433 5545 2676 5618 μοναχὴ,
2708 5523 3190 5616 -περιϐαλλομένη
3227 5545 3420 5614 σχῆμα
3452 5523 3718 5614 ἀνδρεῖον,
3755 5523 3844 5595 καὶ

2185 5637 2652 5712 μετονομασθεῖσα
2685 5631 2958 5700 Ἰωάννης,
3018 5627 3153 5701 πρὸς
3217 5627 3278 5682 τὸ
3340 5629 3416 5702 μή
3459 5629 3843 5706 γνωρίζεσθαι.

2183 5725 2537 5800 Νεμιζομένη
2617 5719 2674 5778 δὶ
2741 5720 2899 5796 ἀνὴρ,
2967 5715 3301 5796 ἐλοιδορήθη
3377 5717 3525 5795 παρᾶ
3595 5720 3850 5800 γυναικός
