4142 6430
302 326 379 388 63
1626 328 1937 392 MENOLC

2050 330 2069 393 Ι
2108 332 2311 397 PARS
2355 335 2405 397 Ι.
3651 348 3731 409 64

953 464 1175 523 Eodem
1206 463 1301 520 die

304 587 400 642 57
442 588 721 640 Certamen
751 588 930 641 sancti
959 587 1222 654 martyris
1247 582 1539 647 Theodori,
1572 585 1671 653 qui
1697 586 1757 638 in
1785 585 1958 655 Perge

519 657 868 727 Pamphylia:
897 658 1031 712 urbe
1059 658 1397 726 martyrium
1418 670 1613 725 passus
1644 661 1743 711 est.

376 771 718 827 Theodorus
740 777 966 843 martyr
986 771 1202 826 claruit
1230 770 1529 825 Antonino
1552 772 1958 827 Romanorum

305 860 553 928 Caesare,
611 866 747 916 ante
798 867 1069 916 sanctum
1094 860 1488 926 Theodorum,
1541 860 1642 931 qui
1689 865 1956 917 Amaseaa

300 949 654 1021 martyrium
696 950 895 1017 subiit,
955 950 1129 1005 annis
1163 950 1542 1021 septuaginta
1598 966 1700 1004 sex
1755 955 1951 1006 natus.

300 1037 570 1092 Militavit
587 1044 785 1093 autem
815 1044 873 1093 et
894 1039 1020 1110 ipse
1054 1039 1114 1092 in
1138 1043 1415 1109 tyronum
1437 1037 1690 1110 legione,
1717 1039 1873 1109 quod
1898 1045 1957 1094 et

300 1131 472 1180 aetate
503 1126 822 1195 ﬂorens,et
852 1132 1079 1182 statura
1099 1143 1370 1198 magnus,
1405 1132 1463 1181 et
1491 1126 1683 1182 forma
1705 1128 1823 1183 oris
1852 1145 1954 1184 ve-

300 1221 512 1270 nustus
543 1222 718 1271 esset.
754 1216 865 1271 Sed
896 1233 1031 1271 cum
1060 1216 1237 1271 idolis
1268 1217 1602 1271 sacrificare
1623 1223 1952 1290 cogeretur,

297 1304 567 1377 neglecta
598 1306 860 1361 terrestri
882 1306 1117 1375 militia,
1148 1310 1328 1376 atque
1359 1305 1717 1376 imperatore
1748 1323 1950 1362 corru-

298 1393 485 1463 ptioni
525 1393 983 1467 obnoxio:Ego,
1043 1395 1257 1466 inquit,
1319 1395 1543 1450 ecelesti
1570 1396 1691 1468 regi
1718 1397 1950 1452 Christo

298 1482 598 1552 stipendia
649 1482 820 1551 facio,
859 1501 929 1539 ex
960 1500 1076 1554 quo
1106 1484 1434 1555 baptizatus
1493 1501 1655 1551 sum;
1710 1491 1949 1542 terreno

295 1577 496 1627 autem
528 1573 749 1628 servire
807 1574 967 1629 nolo.
1024 1576 1214 1640 Quare
1273 1582 1580 1646 correptus
1610 1592 1645 1631 a
1673 1575 1947 1647 praeside,

296 1677 606 1733 eassusque
638 1664 701 1717 in
731 1663 1034 1718 fornacem
1066 1664 1352 1735 injicitur.
1386 1664 1494 1719 Sed
1526 1665 1839 1733 cuminde,
1872 1683 1947 1722 ne

293 1751 611 1806 minimum
644 1752 886 1822 quidem
937 1752 1363 1808 detrimentum
1421 1770 1653 1825 passus,
1685 1755 1942 1823 exiisset,

1988 465 2044 532 Α

2671 472 2750 545 Τῇ
2781 468 2918 546 αὖτῇ
2949 468 3133 547 ἡμέρᾳ

2061 625 2347 710 νᾼθλησις,
2402 632 2499 682 τοῦ
2525 629 2718 710 μᾶγίου
2777 632 3057 710 μάρτυρος
3110 630 3396 710 Θεοδώρου
3430 680 3444 707 ,
3514 643 3611 694 τοῦ
3668 640 3721 695 ἐν

2278 698 2455 776 Πέργῃ
2483 707 2584 770 τῆς
2605 698 2615 705 ’
2640 698 2974 783 Παμφυλίας
3031 698 3501 782 μαρτυρήσαντος.

2132 858 2418 935 Θεόδωρος
2444 864 2473 917 ὁ
2506 864 2712 940 μάρτυς
2762 865 3009 940 ὑπῆρχεν
3068 864 3157 922 ἐπὶ
3217 869 3541 926 ’Λντωνίνου
3576 873 3716 928 Καί-

2060 966 2224 1036 σαρος
2271 951 2577 1024 Ῥωμαίων,
2634 951 3057 1030 προγενέστερος
3089 959 3379 1033 τυγχάνων
3426 964 3522 1015 τοῦ
3553 963 3712 1036 ἁγίου

2058 1034 2364 1111 Θεοδώρου,
2396 1045 2494 1095 τοῦ
2525 1040 2577 1096 ἐν
2612 1043 2875 1116 ’Λμασείᾳ
2908 1047 3376 1122 μαρτυρήσαντος,
3410 1043 3503 1120 ἔτη
3558 1034 3720 1107 ἑϐδο-

2061 1128 2383 1200 μηκονταέε.
2439 1131 2802 1207 Ἐστρατεύθη
2854 1131 2913 1188 δὲ
2966 1135 3057 1190 καὶ
3088 1136 3253 1199 αὐτὸς
3285 1137 3362 1200 εἷς
3416 1140 3478 1193 τὸ
3534 1141 3717 1217 τάγμα

2055 1220 2163 1271 τῶν
2194 1220 2473 1294 τυρώνων,
2537 1218 2627 1276 διὰ
2673 1230 2735 1277 τὸ
2791 1225 2910 1288 νέος
2966 1226 3126 1295 εἶναι,
3186 1226 3274 1280 καὶ
3331 1229 3430 1296 τὴν
3486 1227 3713 1299 ἠλικίαν

2058 1306 2242 1382 μέγας,
2274 1306 2364 1362 καὶ
2393 1309 2457 1364 τὸ
2513 1310 2809 1384 πρόσωπον
2859 1309 3161 1389 εὔμορφος.
3223 1313 3384 1373 Ἀλλ’
3414 1318 3710 1389 ἀναγκαζό-

2056 1415 2217 1466 μενος
2270 1398 2421 1451 θῦσαι
2478 1403 2595 1461 τοῖς
2653 1398 2927 1470 εἰδώλοις,
2988 1407 3403 1477 καταφρονήσας
3433 1412 3532 1476 τῆς
3587 1406 3713 1463 ἐπι-

2052 1482 2204 1558 γείου
2261 1486 2558 1560 στρατίας,
2616 1489 2706 1542 καὶ
2789 1493 2889 1544 τοῦ
2946 1496 3186 1567 φθαρτοῦ
3244 1493 3512 1567 βατιλέως
3546 1540 3560 1566 ,
3618 1498 3707 1552 καὶ

2054 1573 2243 1627 εἱπών·
2280 1576 2422 1651 Ἐγὼ
2459 1581 2540 1650 τῷ
2592 1577 2902 1654 ἐπουρανίῳ
2966 1579 3185 1656 βασιλεῖ
3240 1586 3461 1660 Χριστῷ
3515 1585 3705 1664 ἐστρα-

2049 1663 2269 1734 τεύθην,
2319 1665 2408 1742 ἀφ’
2439 1664 2502 1719 οῦ
2534 1661 2888 1739 ἐϐαπτίσθην,
2944 1674 3032 1725 καί
3080 1671 3160 1743 τῷ
3212 1670 3299 1726 ἐπὶ
3337 1681 3443 1747 γῆς
3488 1661 3707 1750 βασιλεῖ

2053 1747 2329 1808 δουλεύειν
2391 1754 2453 1808 οὐ
2537 1754 2702 1811 θέλωο
2784 1758 3057 1831 ἐκρατήθη
3146 1760 3294 1835 παρὰ
3355 1767 3452 1817 τοῦ
3488 1747 3707 1841 ’ἄρχον-

294 1855 362 1895 ea
392 1855 487 1894 res
517 1841 739 1897 milites
770 1840 936 1907 duos,
963 1842 1261 1897 Socratem
1293 1843 1733 1915 etDionysium,
1768 1846 1937 1901 mira-

2051 1862 2170 1926 τος,
2201 1843 2292 1897 καὶ
2328 1844 2545 1921 τυφθεὶς
2599 1841 2867 1919 ἐνεϐλήθη
2930 1849 3007 1913 είς
3047 1849 3296 1923 κάμινον·
3330 1853 3418 1907 καὶ
3481 1836 3704 1926 ἐξῆλθεν

294 1929 410 1983 culi
444 1930 851 2001 magnitudine
890 1931 1194 1997 attonitos,
1238 1931 1310 1988 ad
1352 1932 1532 1988 ﬁdem
1563 1934 1779 1989 Christi
1807 1952 1937 2007 per-

2054 1925 2329 2001 ἀϐλαϐἠς,
2367 1930 2510 2004 μηδὲ
2560 1935 2623 1989 τὸ
2678 1936 2848 2011 τυχὸν
2900 1939 3197 2014 σπάραγμα
3255 1939 3424 2015 ἔχων.
3477 1940 3707 2005 Ἰδόντες

292 2019 509 2072 traxit:
544 2020 864 2090 statimque
904 2021 1096 2091 capite
1152 2021 1415 2077 damnati
1475 2028 1615 2077 sunt
1639 2040 1763 2079 una
1811 2041 1937 2080 cum

2055 2015 2114 2073 δὲ
2143 2018 2303 2074 αὐτὸν
2338 2019 2434 2075 δύο
2481 2028 2830 2097 στρατιῶται,
2892 2029 3196 2099 Σωκράτης
3256 2029 3344 2083 καὶ
3405 2030 3708 2102 Διονύσιος,

292 2107 584 2179 Philippa,
627 2110 815 2163 sancti
848 2110 1139 2165 Theodori
1176 2118 1383 2178 matre,
1419 2128 1551 2181 quat
1600 2113 1777 2183 paulo
1809 2120 1937 2170 ante

2058 2106 2227 2181 μηδὲν
2257 2105 2528 2195 βλαϐέντα
2557 2110 2615 2167 ἐκ
2652 2118 2748 2167 τοῦ
2772 2115 2964 2189 πυρὸς,
3010 2116 3320 2174 ἐπίστευσαν
3352 2124 3435 2193 τῷ
3464 2123 3707 2193 Χριστῷ·

294 2196 526 2251 visendi
562 2197 670 2251 ﬁlii
703 2198 899 2252 studio
932 2205 1189 2254 venerat.
1222 2200 1565 2283 Theodorus
1599 2207 1818 2270 autem,
1849 2220 1937 2259 va-

2051 2195 2142 2250 κάὶ
2192 2195 2704 2275 ἀπεκεφαλίσθησαν
2766 2202 2859 2258 σὺν
2906 2208 2975 2270 τῆ
3022 2209 3216 2281 μητέρι
3270 2206 3368 2262 τοῦ
3426 2209 3582 2283 ἁγίου
3612 2230 3709 2264 κα-

291 2286 398 2339 riis
419 2286 676 2355 primum
715 2291 1148 2342 tormentorum
1202 2276 1519 2358 generibus
1549 2293 1937 2361 excruciatus,

2052 2282 2295 2361 λουμένῃ
2330 2289 2424 2361 μὲν
2473 2288 2749 2363 Φιλίππᾳ,
2808 2294 2915 2367 πρὸ
2972 2276 3171 2370 ὀλίγου
3218 2295 3455 2372 ἐλθούσῃ
3474 2276 3565 2361 ἐἷς
3598 2299 3711 2355 ἐπι·

298 2372 618 2429 novissime
659 2376 721 2429 in
751 2391 989 2430 crucem
1021 2382 1205 2446 actus,
1235 2377 1297 2433 in
1348 2378 1523 2434 caelos
1553 2379 1721 2435 latus
1752 2382 1937 2438 evola-

2053 2378 2239 2447 σκεψιν
2270 2380 2367 2464 τοῦ
2398 2379 2539 2437 υἱοῦ.
2592 2379 2782 2443 Ἀὐτὸς
2833 2379 2889 2436 δὲ
2937 2382 3177 2447 πολλαῖς
3232 2386 3495 2462 πρότερον
3532 2389 3707 2464 βασά-

289 2462 391 2517 Vit.

934 2646 1153 2702 Eodem
1193 2648 1289 2703 die

292 2731 392 2787 58
426 2731 709 2810 Certamen
729 2738 1070 2810 sacrosancti
1124 2739 1386 2808 martyris
1442 2746 1495 2794 et
1525 2742 1763 2810 apostoli
1793 2745 1941 2808 Qua-

429 2803 599 2875 drati,
650 2808 893 2876 episcopi
919 2809 1232 2878 Magnesia,
1263 2803 1318 2864 et
1345 2803 1617 2867 sociorum
1647 2815 1784 2884 ejus.

361 3008 694 3073 Quadratus
727 3054 741 3080 ,
793 3010 1028 3067 divinus
1077 3021 1475 3087 sacromartyr
1523 3023 1580 3074 et
1637 3022 1938 3092 apostolus

287 3096 524 3166 Christi,
559 3100 734 3154 Decio
792 3105 851 3155 et
882 3101 1192 3157 Valeriano
1250 3105 1729 3176 imperatoribus,
1772 3111 1937 3167 urbis

287 3188 596 3258 Magnesia:
629 3190 941 3261 episcopus
961 3191 1091 3245 fuit.
1126 3193 1270 3247 Cum
1303 3201 1502 3250 autem
1533 3198 1800 3255 audisset
1825 3202 1935 3256 De-

284 3276 442 3329 cium
504 3277 786 3333 Caasareas
852 3282 1230 3348 commorari,
1290 3283 1590 3354 profectus
1644 3290 1940 3361 Magnesia

283 3364 708 3434 Nicomediam,
732 3372 799 3421 ut
815 3368 1079 3423 inclusos
1101 3372 1439 3429 carceribus
1462 3382 1699 3432 sanctos
1728 3378 1938 3436 invise-

281 3459 391 3521 ret,
419 3472 638 3527 eosque
652 3456 724 3512 ad
741 3458 1114 3515 subeundum
1134 3468 1404 3534 prompto
1420 3466 1619 3521 animo
1642 3486 1746 3539 pro
1768 3471 1933 3526 Chri-

281 3549 370 3599 sto
396 3547 745 3617 martyrium
766 3548 1198 3616 adhortaretur,
1221 3551 1629 3623 deprehensus
1649 3559 1763 3615 fuit
1788 3578 1819 3616 a
1835 3563 1931 3616 Ni-

281 3634 566 3689 comedim
581 3637 963 3705 proconsule:
981 3638 1056 3692 ad
1069 3641 1240 3711 cujus
1254 3641 1518 3699 tribunal
1531 3662 1662 3701 cum
1682 3649 1933 3721 reliquis

281 3723 643 3794 martyribus
656 3724 999 3796 productus,
1021 3743 1155 3782 cum
1174 3730 1401 3799 primus
1422 3733 1548 3804 ipse
1571 3736 1931 3808 imposturas

280 3811 580 3866 idolorum
612 3820 979 3887 coargueret,
1014 3818 1243 3872 caateris
1283 3821 1472 3889 cmsis,
1505 3830 1682 3896 atque
1714 3829 1929 3887 iterum

280 3900 341 3954 in
373 3917 671 3956 carcerem
704 3903 984 3974 detrusis,
1018 3906 1345 3963 Caesaream
1377 3910 1451 3965 ad
1485 3913 1721 3971 Decium
1743 3918 1928 3976 addu-

279 3989 434 4044 citur
458 4006 469 4056 ;
492 4006 526 4044 a
555 4006 671 4061 quo
704 4008 838 4046 cum
870 3993 1037 4048 nulla
1064 3999 1189 4051 arte
1211 4005 1410 4067 posset
1441 4001 1641 4059 induci
1673 4012 1738 4062 ut
1765 4010 1927 4065 Chri-

280 4083 403 4131 tum
438 4078 776 4151 abnegaret,
808 4083 1122 4153 quaastioni
1142 4102 1246 4156 per
1273 4089 1433 4145 varia
1464 4097 1758 4152 tormenta
1788 4099 1929 4153 sub-

272 4168 488 4237 jectus,
526 4175 703 4239 atque
722 4170 793 4224 ab
824 4173 1100 4228 omnibus
1124 4173 1318 4231 divino
1350 4177 1641 4239 beneficio
1666 4194 1925 4259 ereptus,

280 4256 519 4311 tandem
552 4258 613 4312 in
643 4261 945 4315 caminum
976 4263 1357 4321 vehementer
1382 4284 1699 4329 accensum
1729 4256 1927 4350 injici4

278 4350 394 4401 tur.
430 4346 540 4401 Sed
581 4353 639 4401 et
687 4348 825 4404 inde
858 4350 1175 4409 incolumis
1207 4372 1498 4428 egressus,
1522 4362 1700 4434 jussu
1730 4346 1922 4440 impeo

274 4437 513 4500 ratoris,
548 4438 740 4509 capite
771 4439 980 4510 plexus
1003 4442 1299 4500 occubuit.

279 4517 533 4621 άόλμδής
600 4522 857 4595 ἐξελθὼν,
919 4531 1208 4604 προστάξει
1296 4537 1396 4621 τοῦ
1462 4535 1733 4610 βασιὶέως
1767 4584 1782 4612 ,
1847 4547 1949 4617 τὴν

270 4608 499 4683 λιιώθη.

931 4708 1152 4765 Eodem
1182 4709 1277 4766 die

488 4791 589 4849 59
622 4793 908 4852 Certamen
961 4801 1138 4854 sancti
1190 4801 1458 4872 martyris
1510 4806 1710 4864 Prisci.

347 4980 585 5035 Priscus
614 4982 832 5038 Christi
855 4991 1068 5057 marty,
1085 4988 1187 5042 Dei
1220 5004 1421 5047 amore
1444 4992 1745 5064 incensus,
1762 5015 1926 5056 sum-

246 5079 489 5138 'maque
524 5069 1003 5144 divinibaptismi
1036 5076 1360 5146 cupiditate
1378 5079 1656 5153 ﬂagrans,
1686 5089 1927 5157 postha-

271 5156 401 5212 bita
423 5159 618 5229 patria
648 5160 974 5232 impietate,
1009 5164 1380 5223 Christianus
1431 5156 1707 5231 efﬁcitur:
1737 5178 1926 5242 Quare

273 5245 448 5318 longe
481 5246 719 5319 lateque
748 5257 1119 5323 pervagatus,
1152 5254 1451 5312 Christum
1481 5260 1667 5317 libere
1699 5267 1924 5336 praedi-

274 5336 463 5405 cabat,
497 5339 968 5395 Christianorum
1000 5343 1269 5399 omnium
1313 5348 1545 5405 animos
1576 5353 1651 5408 ad
1704 5365 1928 5430 marty-

273 5426 428 5479 rium
444 5427 819 5483 subeundum
843 5429 1202 5500 incendens;
1224 5434 1557 5495 Graacorum
1573 5444 1750 5499 etiam
1777 5426 1927 5502 mul'

276 5520 363 5569 tos
395 5531 429 5568 a
459 5532 520 5569 se
547 5514 870 5574 instructos
897 5525 955 5574 et
979 5520 1052 5574 ad
1084 5522 1379 5580 Christum
1402 5544 1718 5587 conversos
1736 5534 1926 5607 bapti-

273 5621 430 5658 zans.
462 5606 600 5670 Quae
632 5625 767 5663 cum
814 5608 1053 5680 faceret,
1090 5612 1163 5666 ab
1197 5611 1528 5673 idololatris
1557 5620 1631 5675 ad
1662 5606 1923 5694 regionis

270 5696 617 5769 praefectum
632 5697 1065 5774 deferturquod
1076 5704 1353 5762 maximis
1372 5706 1483 5767 diis
1498 5714 1925 5774 contumeliam

1967 3204 2016 3271 C

2050 2483 2164 2525 νοις
2192 2460 2550 2537 ὑποϐληθεὶς,
2583 2468 2802 2547 ὕστερον
2864 2478 3081 2548 σταυρῷ
3134 2460 3543 2551 προσηλωθεὶς,⁷
3568 2479 3710 2554 πρὸς

2044 2553 2307 2629 υὺρανοὺς
2337 2553 2605 2631 ἀνέδραμε
2638 2560 2872 2634 χαίρων.

2614 2651 2690 2721 Τῇ
2751 2648 2888 2725 αὖτῇ
2938 2652 3123 2727 ἡμέρᾳ

2042 2727 2319 2815 “Aginati
2365 2736 2498 2815 “195
2570 2735 2728 2815 ἁγίου
2811 2739 3211 2815 ἱερομάρτυρος
3293 2744 3383 2815 καὶ
3464 2745 3704 2802 ἀποστό-

2115 2799 2221 2856 λου
2253 2800 2559 2890 Άξζοδράτου
2594 2799 2629 2875 ,’
2671 2799 2969 2867 ἐπισκόπου
3016 2799 3389 2888 ’Μαγνησίαῇ
3448 2799 3562 2872 καὶ*

2117 2871 2365 2937 συνοδίας
2388 2871 2574 2934 αὐτου.

2116 3031 2389 3110 Κόδρατος
2432 3038 2459 3092 ὁ
2519 3043 2665 3104 θεῖος
2726 3042 3064 3118 ίερομάρτυς
3109 3046 3200 3101 καὶ
3252 3046 3563 3112 ἀπόστολος
3607 3054 3703 3106 τοῦ

2041 3124 2296 3198 Χριστοῦ,
2330 3126 2579 3203 ὑπῆρχεν
2627 3129 2713 3184 ἐπὶ
2775 3134 2966 3187 Δεκίου
3022 3135 3111 3188 καὶ
3165 3135 3557 3212 Οὐαλεριανοῦ,
3589 3145 3697 3196 τῶν

2049 3210 2342 3300 βασιλέων,
2373 3213 2668 3281 ἐπίσκοπος
2698 3226 2798 3289 τῆς
2846 3220 3063 3286 πόλεως
3122 3210 3458 3300 Μαγνησίας.
3502 3228 3700 3285 Ἀκού-

2048 3318 2143 3360 σας
2171 3297 2248 3392 δὲ,
2273 3300 2359 3356 ὅτι
2390 3304 2577 3367 Δέκιος
2637 3302 2910 3383 διατρίόεῖ
2956 3309 3007 3365 έν
3040 3314 3109 3385 τῇ
3140 3297 3303 3369 πόλει
3362 3317 3707 3392 Καισαρείας,

2044 3390 2363 3483 παρεγένετο
2419 3392 2525 3447 ἀπὸ
2585 3396 2897 3471 Μαγνησίας
2967 3399 3042 3463 εἰς
3100 3390 3703 3483 Νικομήδειανρπρὸς

2040 3477 2103 3531 τὸ
2153 3477 2540 3555 ἐπισκέψασθαι
2619 3484 2748 3548 τοὺς
2814 3485 2866 3541 έν
2950 3494 3070 3554 ταῖς
3147 3490 3415 3567 φυλακαῖς
3491 3477 3696 3571 ἁγίους.

2043 3568 2536 3643 Ἐπισκεπτόμενος
2568 3570 2626 3629 δὲ
2681 3574 2899 3647 αὐτοὺς,
2949 3579 3040 3633 καὶ
3098 3579 3434 3658 παραλαλῶν
3491 3568 3696 3659 προθύ·

2045 3679 2162 3732 μως
2221 3668 2511 3737 μαρτυρεῖν
2575 3665 2705 3741 ὑπὲρ
2762 3670 2859 3722 τοῦ
2910 3672 3175 3744 Χριστοῦ,
3208 3669 3512 3746 διεγνώσθη
3551 3676 3699 3750 παρὰ

2038 3752 2134 3802 τοῦ
2191 3756 2291 3818 τῆς
2377 3751 2752 3826 Νικομηδείας
2834 3757 3184 3816 ἀνθυπάτου.
3240 3760 3340 3815 Καὶ
3419 3764 3693 3837 παραστάς

2035 3840 2115 3908 τῷ
2173 3839 2445 3913 κριτηρίῳ
2506 3842 2694 3915 αὐτοῦ,
2753 3848 2889 3919 μετά
2943 3852 3052 3902 τῶν
3104 3847 3315 3904 λειπῶν
3378 3853 3691 3927 μαρτύρων,

2036 3930 2256 4001 πρῶτος
2312 3928 2507 4007 ἤλεγξε
2583 3934 2679 4002 τήν
2727 3939 2834 3990 τῶν
2892 3933 3140 3991 εἱδώλων
3216 3937 3454 4010 πλάνην.
3516 3941 3613 3996 Καὶ
3647 3943 3698 3997 οἱ

2039 4015 2134 4087 μὲν
2186 4013 2350 4072 ἄλλοι
2400 4020 2715 4098 τυφθέντες,
2768 4022 2935 4079 πάλιν
2995 4024 3373 4098 ἐκλείσθησανο
3418 4029 3579 4093 αὐτὸς
3636 4030 3693 4087 δὲ

2036 4104 2400 4183 παρεπέμφθη
2489 4109 2564 4172 εἰς
2640 4114 2968 4187 Καισάρείαν
3020 4119 3102 4188 τῷ
3160 4117 3330 4191 Δεκίῳ
3365 4164 3376 4175 .
3441 4121 3541 4176 Καὶ
3602 4121 3694 4176 ὑπ’

2034 4192 2243 4251 ἐκείνου
2302 4196 2653 4274 ἀναγκασθεὶς
2716 4205 3050 4280 ἀρνήσασθαι
3108 4206 3198 4262 τὸν
3280 4210 3535 4285 Χριστὸν,
3600 4212 3691 4266 καὶ

2035 4285 2111 4356 μή
2179 4288 2437 4361 πεισθεὶς,
2496 4288 2772 4368 διασόροις
2837 4294 3086 4368 βασάνοις
3138 4295 3458 4371 ἐξετασθείς,
3508 4300 3598 4355 καὶ
3629 4301 3689 4357 έκ

2032 4378 2243 4445 πασῶν,
2299 4381 2433 4433 Θεοῦ
2492 4380 2701 4455 χάριτι,
2763 4381 2960 4457 ῥυθεῖς.
3020 4389 3273 4462 Ὕστερον
3335 4387 3413 4451 εἷς
3465 4387 3690 4464 κάμινον

1956 4437 2002 4502 D
2035 4437 2313 4535 ἐνεϐλήθη
2366 4437 2612 4544 ἲσχυρῶς
2669 4437 2995 4529 ἐικκέκιεῖσάν.
3046 4437 3438 4532 ibi;

2022 4551 2168 4627 ἱεράν
2233 4554 2397 4611 αὐτοῦ
2464 4558 2755 4632 ἀπετμήθη
2820 4559 3065 4637 κεφαλήν
3111 4583 3124 4596 °
3182 4564 3272 4621 καὶ
3340 4565 3514 4633 οὕτως
3577 4567 3689 4624 ἐτε-

2638 4739 2724 4812 Tii
2746 4737 2882 4814 αὖτῇ
2901 4737 3084 4817 ἡμέρᾳ

2275 4824 2537 4898 ’Δθλησις
2562 4833 2661 4884 τοῦ
2691 4830 2856 4906 ἁγίου
2890 4831 3164 4908 μάρτυρος
3192 4834 3453 4909 Πρίσκου.

2106 5001 2170 5058 Ὁ
2217 5003 2423 5079 μάρτυς
2452 5010 2550 5060 τοῦ
2608 5010 2851 5082 Χριστοῦ
2916 5007 3174 5083 Πρίσκος,
3224 5011 3313 5065 τὸν
3369 5013 3498 5068 Θεὸν
3556 5015 3693 5090 ἀγα-

2035 5092 2176 5160 πῶν,
2236 5092 2325 5146 καὶ
2364 5094 2427 5148 τὸ
2485 5096 2630 5149 θεῖον
2693 5095 2973 5170 βάπτισμα
3032 5096 3370 5169 έπιποθήσας
3430 5102 3691 5158 κατέλιπε

2034 5179 2135 5247 τήν
2167 5183 2436 5256 πατρικὴν
2495 5179 2766 5257 ἀσέϐειαν,
2819 5184 2910 5239 ).αὶ
2964 5187 3151 5261 γέγονε
3208 5191 3555 5264 Χριστιανός.
3592 5192 3689 5246 Καὶ

2037 5263 2399 5356 διερχόμενος
2432 5275 2711 5346 πανταχοῦ
2748 5271 3012 5349 ἐκήρυττε
3069 5263 3349 5352 παῤῥησίᾳ
3402 5277 3496 5333 τὸν
3556 5286 3692 5356 Χρι-

2037 5355 2182 5411 στόν·
2270 5364 2614 5434 θαρσοποιῶν
2701 5362 2796 5434 μὲν
2856 5362 3058 5424 πάντας
3132 5363 3258 5427 τοὺς
3309 5355 3692 5441 Χριστιανοῦς,

2035 5443 2125 5499 καῖ
2156 5445 2293 5517 πρὸς
2325 5449 2387 5502 τὸ
2441 5448 2736 5525 μαρτύριον
2779 5448 3137 5527 παρακαλῶν,
3186 5452 3436 5519 πολλοὺς
3492 5454 3549 5512 δὲ
3602 5459 3694 5514 καὶ

2035 5539 2142 5590 τῶν
2187 5535 2470 5610 Ἐλλήιων
2525 5545 2815 5611 νουθετῶν,
2848 5542 2934 5596 καὶ
2986 5543 3125 5617 πρὸς
3169 5544 3260 5597 τὸν
3310 5546 3541 5621 Χριστὸν
3573 5548 3690 5603 ἑπι-

2037 5622 2281 5704 στρέφων
2316 5670 2329 5696 ,
2381 5628 2472 5682 καὶ
2533 5629 2834 5703 βαπτίζων.
2893 5629 3052 5686 Οὕτω
3086 5626 3143 5685 δὲ
3168 5636 3365 5707 ποιῶν,
3421 5629 3688 5707 διεϐλήθη

2035 5713 2183 5791 παρὰ
2227 5718 2333 5770 τῶν
2420 5713 2845 5795 εῗδωλολατρῶν
2910 5722 2989 5793 τῷ
3050 5726 3152 5792 τῆς
3209 5722 3400 5801 χώρας
3438 5724 3690 5801 ἄρχοντι,
