4142 6440
322 460 404 523 65
1864 458 2349 524 SEPTEMBER
2366 510 2379 523 .
3760 474 3841 534 66

337 593 562 650 εἰπότον
646 595 799 670 πρὸς
858 594 1034 653 αὐτὸν
1072 641 1090 670 ,
1142 598 1227 653 ὅτι
1292 595 1439 660 ’τοὺς
1535 596 1824 673 μεγίστους
1900 593 2046 655 θεοὺς

2171 594 2438 661 inferret,
2471 599 2530 651 et
2557 594 2844 667 neglectis
2874 595 3301 669 imperatorum
3328 602 3647 673 mandatis,
3680 620 3820 661 auc-

342 679 653 759 ἰνυερίζιι,
712 687 811 741 καὶ
867 691 987 743 τῶν
1064 686 1367 763 βασιλικῶν
1424 686 1861 763 προσταγμάτων
1891 704 2046 741 κατα-

2168 689 2262 740 tor
2288 684 2569 741 omnibus
2600 690 2758 741 esset
2784 690 2852 740 ut
2880 687 3065 742 Deum
3097 690 3451 746 crucifixum
3476 693 3747 749 colerent
3767 700 3825 750 et

347 781 570 854 φρονεῖ,
598 775 703 830 καὶ
750 775 971 840 πάντας
1023 778 1302 833 ἀναπείθει
1360 772 1613 833 σέϐεσθαι
1668 776 1758 831 καὶ
1817 794 2046 850 προσκυ

2167 775 2506 831 adorarent.
2541 775 2939 839 Quamobrem
2969 779 3190 833 exarsit
3217 780 3558 837 vehementi
3592 784 3827 840 iracun-

360 871 470 921 νεῖν
532 866 678 921 Θεὸν
739 865 1193 943 ἐσταυρωμένον.
1227 870 1412 925 Ταῦτα
1470 865 1703 929 ἀκούσας
1761 866 1789 920 6
1847 862 2056 939 ἅρχων,

357 954 612 1032 ὠργίσθη
648 955 940 1034 σφοδρῶς·
982 957 1073 1012 καὶ
1116 958 1250 1030 μετὰ
1304 958 1546 1032 κραυγῆς
1580 956 1696 1011 εἶπε
1746 959 1864 1015 τοῖς
1895 972 2058 1027 στρα-

359 1047 616 1109 τιώταις’
652 1049 932 1123 Ἀχθήτω
969 1046 1171 1123 τάχιον
1229 1048 1257 1102 6
1314 1047 1617 1108 κακοποιὸς
1675 1046 1935 1121 Πρίσκος,
1965 1043 2055 1097 καὶ

360 1134 755 1210 τιμωρείσθω.
826 1138 1131 1212 Κρατηθεῖς
1187 1135 1279 1191 οῦν
1311 1178 1326 1204 ,
1377 1136 1581 1211 ἐτύφθη
1643 1132 1916 1208 σφοδρῶςο
1966 1131 2057 1188 καὶ

364 1228 734 1301 φεμασθεὶς,
793 1225 983 1297 ἐξέσθη
1044 1225 1142 1288 τὰς
1198 1225 1441 1303 πλευράς
1477 1270 1490 1283 .
1542 1225 1647 1282 Καὶ
1704 1224 1838 1297 μετὰ
1884 1224 2053 1295 ξιφῶν

367 1316 752 1386 κατεκεντήθη
789 1357 805 1373 .
866 1315 966 1370 Καὶ
1010 1315 1177 1377 τέλος
1234 1316 1335 1385 τὴν
1390 1313 1634 1392 κεφαλὴν
1693 1311 2053 1386 ἀποτμηθεὶς,

366 1405 512 1480 πρὸς
544 1405 682 1460 Θεὸν
711 1401 1075 1478 ἐξεδήμησεν.

948 1518 1135 1575 unm
1166 1519 1259 1597 Τῼ
1291 1520 1494 1597 ΔΥΤῼ.

1172 1633 1273 1691 KB'

380 1749 656 1821 Ἀθλησις
703 1754 805 1806 τοῦ
862 1750 1028 1826 ἁγίου
1057 1749 1453 1827 ἱερομάρτυρος
1512 1755 1705 1824 Φωιιᾶ,
1753 1752 2055 1810 ἐπισκόπου

1085 1840 1365 1912 Σινώπης.

447 1959 514 2015 Ὁ
569 1961 670 2012 τοῦ
731 1960 973 2030 Χριστοῦ
1025 1957 1355 2034 ἱερομὰρτυς
1417 1963 1617 2023 Φωκᾶς
1671 1960 1740 2029 ἦν

382 2046 668 2123 βασιλείας
722 2050 995 2121 Τραϊανοῦ
1028 2090 1043 2115 ,
1101 2046 1380 2122 γεννηθεὶς
1434 2046 1525 2103 καὶ
1580 2050 1810 2124 τραφεὶς
1866 2048 1919 2105 ἐν
1956 2056 2050 2104 Σι-

376 2139 542 2211 νώπῃ
586 2140 659 2209 τῇ
707 2136 892 2191 πόλει’
927 2133 1148 2191 παιδίον
1179 2133 1236 2190 δὲ
1270 2135 1537 2211 ὑπάρχων
1568 2132 1788 2209 σδέξατο
1822 2137 1883 2193 ἐκ
1912 2143 2047 2194 Θεοῦ

381 2229 683 2299 θαυμάτων
735 2227 1082 2302 χαρίσματα⁶
1143 2226 1235 2282 καὶ
1291 2229 1395 2303 γὰρ
1455 2225 1720 2302 δαίμονας
1774 2228 2049 2302 ἀπήλασε,

378 2316 611 2391 νεκροὺς
713 2314 947 2392 ἤγειρε,
1045 2317 1136 2371 καὶ
1240 2314 1413 2372 πλοῖα
1512 2315 1891 2374 κινδυνεύοντα
1965 2317 2051 2374 δι-

377 2408 607 2463 έσωσεν.
663 2404 949 2461 Ἀπελθὼν
1010 2403 1070 2460 δὲ
1126 2405 1232 2460 ἀπὸ
1292 2406 1555 2477 Σινώπης
1611 2406 1691 2469 εἷς
1746 2407 2044 2481 Ἀμάσειαν

367 2489 476 2556 τήν
554 2487 749 2554 πόλιν,
832 2486 900 2541 τὰ
978 2485 1148 2559 ὅμοια
1204 2482 1549 2561 διεπράξατο.
1624 2488 1759 2546 Εἶτα
1817 2485 2047 2566 παρεγέ-

368 2596 495 2631 νετο
554 2575 634 2638 εἷς
713 2576 950 2648 Ἀμισὸν
988 2619 1002 2646 ,
1062 2577 1559 2651 θαυματουργήσας
1613 2576 1708 2632 καὶ
1762 2576 1896 2650 ἐκεῖ,
1952 2578 2045 2634 καὶ

373 2671 633 2736 πολλοὺς
717 2674 976 2748 στηρίξας
1058 2672 1133 2734 εἷς
1215 2674 1314 2742 τὴν
1366 2672 1549 2728 πίστιν
1622 2678 1721 2730 τοῦ
1786 2676 2043 2751 Χριστοῦ.

373 2760 519 2832 μετα
571 2763 746 2814 ταῦτα
830 2754 1170 2835 ὑποστρέψας
1252 2758 1330 2822 εἷς
1392 2762 1676 2832 Σινώπην,
1752 2761 2047 2827 ἐπίσκοπος

373 2851 552 2918 αὐτῆς
584 2848 1021 2925 προχειρίζεται,
1052 2850 1142 2905 καὶ
1176 2845 1266 2905 διὰ
1314 2855 1424 2905 τῶν
1474 2853 1765 2925 θαυμάτων
1796 2853 2047 2919 πολλοὺς

372 2937 484 2987 τῶν
531 2929 823 3001 Ἑλλήνων
861 2932 999 3005 πρὸς
1058 2932 1290 3002 Χριστὸν
1359 2932 1682 3010 ἐπιστρέψας
1737 2931 2041 2994 ἐϐάπτισεν.

378 3022 520 3080 Εἶτα
576 3019 830 3092 ἐμηνύθη
896 3018 985 3075 διὰ
1039 3026 1358 3097 περιστερᾶς
1410 3024 1510 3091 τήν
1570 3025 1890 3097 μετάστασιν
1948 3026 2043 3081 αό-

369 3114 495 3166 τοῦ.
558 3106 693 3165 Εἷδε
739 3110 843 3185 γὰρ
900 3109 1019 3164 κατ’
1077 3108 1206 3184 δναρ
1264 3110 1583 3185 περιστερὰν
1637 3110 1923 3182 ἐλθοῦσαν,
1954 3115 2044 3170 καὶ

370 3199 675 3255 καθίσασαν
739 3197 828 3253 ἐπὶ
882 3204 984 3268 τῆς
1040 3196 1287 3275 κεφαλῆς
1339 3198 1504 3256 αὐτοῦ
1539 3243 1555 3271 ,
1609 3201 1700 3256 καὶ
1757 3200 2046 3260 ἐπιδοῦσαν

372 3288 524 3359 αὗτῷ
554 3288 817 3366 στέςδανον
848 3286 939 3341 καὶ
973 3285 1163 3342 εἴπεῖψ
1199 3287 1371 3359 Δέξαι,
1418 3295 1606 3360 Φωκᾶ,
1638 3292 1700 3346 τὸ
1760 3291 2040 3366 σῦμϐολον

374 3383 476 3432 τοῦ
507 3379 706 3439 τέλους
736 3397 856 3435 σου.
907 3376 1014 3432 Καὶ
1049 3378 1186 3449 μετᾶ
1236 3378 1431 3453 μικρὸν
1489 3379 1818 3444 ἀποστείλας
1865 3383 1893 3437 6
1948 3383 2047 3458 βα-

378 3465 563 3530 σιλεὺς
622 3465 919 3541 Τραϊανὸς,
958 3465 1250 3541 ἐκράτησεν
1306 3466 1485 3524 αὐτόν.
1519 3470 1622 3526 Καὶ
1652 3470 1841 3527 πολλᾶ
1870 3471 2046 3547 βασα-

378 3557 529 3617 νίσας
585 3574 859 3631 προτερον
894 3598 908 3611 .
966 3553 1187 3630 ὕστερον
1275 3554 1694 3635 ἀπεκεφάλισεν.
1774 3561 1906 3615 Εἶτα
1956 3560 2046 3615 καὶ

393 3646 522 3719 πυρὶ
547 3641 892 3721 παρέδωκεν.

988 3763 1071 3835 τῇ
1102 3759 1242 3833 αὐτῇ
1265 3762 1449 3837 ἡμέρᾳ

492 3888 702 3962 Μνήμη
731 3891 834 3943 τοῦ
863 3886 1028 3963 ἁγίου
1058 3885 1148 3942 καὶ
1178 3884 1400 3961 ἐνδόξου
1441 3890 1731 3967 προφήτου
1763 3890 1939 3950 ’[ωνᾶ.

454 4007 642 4068 Ἰωνᾶς
674 4006 703 4061 6
738 4000 909 4081 μέγας
976 4004 1066 4060 καὶ
1127 4001 1340 4077 ἔνδοξος
1408 4010 1721 4083 προφήτης,
1781 4008 2045 4085 ὑπάρχων

384 4094 447 4151 ἐκ
472 4102 576 4165 τῆς
622 4096 818 4170 χώρας
870 4100 980 4150 τῶν
1012 4092 1319 4166 Ἰουδαίων,
1376 4097 1467 4151 καὶ
1527 4099 1894 4174 προσταχθεὶς
1944 4101 2048 4156 ὑπὸ

379 4188 519 4241 Θεοῦ
548 4184 802 4239 ἆπεοθεῖν
854 4183 931 4247 είς
987 4190 1185 4254 Νινευή
1242 4185 1343 4255 τὴν
1411 4185 1599 4259 πόλιν,
1656 4188 1747 4242 καὶ
1794 4189 2046 4265 κηρύξαι,

379 4274 466 4330 ὅτι
527 4271 606 4336 ἔςι
662 4279 811 4349 τρεῖς
860 4275 1068 4350 ἡμέραι
1107 4272 1197 4329 καὶ
1256 4277 1453 4346 Νινευὴ
1520 4281 2047 4357 καταστραφήσετᾶι,

376 4364 549 4425 αὐτὸς
580 4364 897 4438 γινώσκων,
952 4362 1038 4419 ὅτι
1097 4361 1483 4440 φιλάνθρωπός
1533 4365 1678 4422 ἐστιν
1709 4368 1737 4423 6
1768 4369 1924 4440 Θεὸς,
1956 4369 2047 4425 καὶ

374 4455 735 4528 συγχωρήσει
790 4459 909 4516 τοῖς
968 4454 1299 4524 Νινευῖταις,
1334 4454 1422 4510 ἐὰν
1478 4458 1874 4529 μετανοήσωσι·
1908 4479 2048 4535 παρι-

376 4543 621 4604 110561:
652 4546 749 4596 τοῦ
798 4546 954 4613 Θεοῦ,
1003 4542 1096 4597 καὶ
1157 4538 1317 4605 ἐκϐάς
1378 4543 1454 4606 εἷς
1511 4541 1737 4616 πλοῖον,
1794 4545 2048 4623 ἐπειρᾶτο

378 4637 596 4710 ιρυγεῖν.
630 4629 811 4688 Ἀλλᾶ
842 4637 922 4703 τῷ
977 4633 1359 4707 προστάγματι
1388 4637 1486 4687 τοῦ
1545 4638 1681 4689 Θεοῦ
1719 4636 2049 4712 ἀγριωθεῖσα

2168 863 2267 919 dia
2314 862 2649 935 praefectus,
2716 879 2785 917 ac
2839 864 3060 919 milites
3116 865 3441 923 inclamare
3499 871 3695 942 coepit,
3759 879 3824 927 ut

2167 953 2589 1025 quamprinum
2614 953 2956 1009 maleficum
3005 956 3275 1012 Priscum
3325 959 3649 1016 abductum
3702 969 3826 1016 tor-

2165 1048 2439 1114 querent.
2502 1042 2819 1113 Correptus
2880 1044 3060 1114 igitur
3117 1047 3464 1116 gravissime
3530 1052 3817 1107 caaditur:

2166 1133 2383 1190 deinde
2410 1148 2758 1203 suspensus,
2788 1134 2849 1189 in
2880 1134 3166 1192 lateribus
3223 1138 3577 1209 depectitur,
3627 1159 3817 1212 punc—

2166 1225 2391 1296 timque
2422 1222 2782 1294 pugionibus
2813 1224 3189 1283 lancinatur:
3222 1235 3594 1299 postremum
3621 1234 3813 1304 capite

2164 1313 2396 1387 plexus,
2427 1311 2695 1384 migravit
2723 1312 2798 1368 ad
2833 1314 3038 1371 Deum.

2718 1525 2959 1581 EODEM
3000 1525 3253 1582 MENSE.

2635 1642 2738 1697 Die
2769 1641 3043 1697 vicesima
3074 1641 3338 1698 secunda

2162 1763 2266 1818 ϐυ
2283 1763 2567 1818 Certamen
2596 1763 2935 1888 sacrosancsti
2981 1760 3246 1831 Martyris
3295 1762 3510 1833 Phocae,
3571 1768 3815 1837 episcopi

2910 1848 3116 1888 mones.

2910 1848 3116 1903 inopes.

1800 1959 1887 2069 ἐπὶ
1946 1965 2048 2069 ’ἰῆς
2080 1974 2129 2040 Β
2195 1995 2620 2051 Sacrosanctus
2637 1992 2853 2048 Christi
2871 1992 3582 2063 marterhocasinurbe
3597 1996 3814 2069 Sinope

2158 2088 2334 2139 natus
2358 2088 2416 2138 et
2445 2083 2749 2150 educatus,
2774 2081 3024 2153 Trajano
3049 2081 3643 2152 imperante,claruit.
3669 2086 3815 2140 Cum

2158 2180 2356 2230 autem
2387 2174 2582 2230 adhuc
2612 2189 2761 2245 puer
2818 2176 2992 2240 esset,
3040 2172 3266 2227 donum
3317 2173 3744 2231 miraculorum
3780 2194 3816 2232 a

2158 2264 2275 2319 Deo
2303 2264 2561 2336 accepit:
2587 2279 2727 2317 nam
2749 2261 3052 2317 daemones
3078 2262 3317 2334 fugavit,
3338 2269 3603 2319 mortuos
3621 2266 3814 2321 susci-

2156 2356 2317 2424 tavit,
2350 2361 2410 2410 et
2438 2371 2616 2409 naves
2646 2354 2707 2407 in
2743 2352 3001 2407 maximo
3033 2352 3382 2409 discrimine
3414 2356 3636 2427 positas
3687 2364 3811 2411 ser-

2156 2444 2325 2501 vavit.
2360 2444 2665 2499 Profectus
2696 2460 2831 2498 vero
2882 2458 2954 2497 ex
3000 2441 3147 2497 urbe
3201 2443 3420 2515 Sinope
3468 2448 3806 2515 Amaseam,

2156 2539 2333 2605 atque
2362 2532 2502 2589 inde
2527 2530 3048 2599 Amisum,similia
3067 2531 3288 2602 ubique
3310 2533 3583 2607 prodigia
3600 2535 3810 2607 edidit,

2156 2628 2215 2679 et
2243 2623 2303 2678 in
2336 2623 2451 2677 fide
2483 2621 2698 2677 Christi
2733 2621 2935 2692 plures
2966 2621 3363 2676 confirmavit.
3393 2623 3605 2678 Postea
3635 2624 3805 2680 Sino-

2154 2730 2291 2786 pem
2322 2728 2613 2777 reversus,
2645 2710 2915 2781 ejusdem
2942 2709 3109 2765 urbis
3140 2711 3452 2766 ordinatur
3473 2714 3809 2786 episcopus,

2154 2802 2496 2873 multosque
2510 2802 2847 2856 Grazcorum
2870 2804 3112 2871 propter
3125 2799 3412 2855 miracula
3423 2801 3498 2856 ad
3514 2802 3811 2859 Christum

2155 2908 2471 2948 conversos
2484 2888 3101 2962 baptizavit.Cognovit
3123 2895 3323 2944 autem
3337 2906 3444 2960 per
3467 2890 3808 2947 columbam

2154 2981 2469 3036 imminere
2504 2978 2617 3034 sibi
2648 2981 2922 3033 mortem.
2961 2977 3129 3033 Visus
3179 2978 3341 3033 enim
3392 2978 3504 3033 sibi
3556 2986 3649 3036 est
3706 2998 3813 3052 per

2154 3073 2418 3144 quietem
2448 3069 2646 3125 videre
2677 3068 3018 3124 columbam
3053 3069 3231 3140 capiti
3264 3086 3370 3124 suo
3420 3070 3808 3140 insidentem,

2155 3179 2308 3233 qum,
2334 3165 2606 3234 porrecta
2631 3158 2743 3214 sibi
2766 3175 3008 3226 corona,
3034 3159 3119 3213 sic
3141 3158 3335 3231 ipsum
3360 3158 3770 3232 alloqueretur
3797 3178 3809 3217 :

2152 3252 2391 3322 Accipe,
2424 3251 2640 3319 Phoca,
2675 3248 2813 3304 ﬁnis
2852 3248 2938 3304 tui
2994 3247 3351 3319 symbolum.
3406 3251 3587 3322 Igitur
3632 3252 3809 3323 paulo

2076 3343 2119 3409 C
2159 3346 2295 3412 post
2323 3340 2525 3396 missis
2555 3356 2591 3395 a
2620 3339 2870 3409 Trajauo
2900 3338 3260 3408 imperatore
3292 3338 3602 3393 lictoribus
3642 3357 3812 3395 com-

2152 3430 2505 3502 prehensus,
2539 3433 2599 3482 et
2625 3425 2970 3499 gravissime
3003 3425 3261 3495 primum
3293 3431 3504 3493 tortus,
3556 3427 3808 3484 demum

2155 3517 2415 3574 abscisso
2448 3514 2638 3587 capite
2666 3514 2731 3570 in
2758 3513 2959 3586 ignem
2988 3511 3297 3583 conjectus
3329 3518 3436 3569 est.

2806 3717 3031 3774 Eodem
3062 3716 3159 3773 die

2154 3814 2251 3869 6|
2281 3811 2738 3868 Commemoratio
2766 3810 2947 3865 sancti
2976 3814 3030 3863 et
3059 3808 3290 3877 gloriosi
3310 3809 3601 3881 prophetas
3629 3778 3806 3868 ianua.

2225 4010 2427 4076 Jonas,
2458 4023 2709 4081 magnus
2740 4010 2799 4061 et
2827 4005 3120 4079 gloriosus
3141 4005 3450 4077 propheta,
3480 4022 3549 4061 ex
3570 4009 3811 4081 regione

2154 4099 2494 4155 Iudaeorum
2524 4097 2638 4152 fuit
2662 4113 2674 4150 :
2702 4097 3025 4168 jussusque
3044 4111 3079 4150 a
3102 4095 3217 4149 Deo
3243 4095 3304 4150 in
3325 4095 3534 4151 urbem
3559 4098 3807 4154 Niniven

2155 4189 2341 4255 abire,
2374 4193 2434 4243 et
2462 4186 2786 4259 prmdicare
2817 4184 2943 4239 fore
2991 4189 3058 4239 ut
3108 4189 3243 4255 post
3298 4184 3561 4241 triduum
3602 4187 3806 4244 Ninive

2156 4277 2621 4345 subverteretur,
2653 4291 2788 4331 cum
2821 4274 2973 4329 bene
3004 4278 3208 4328 nosset
3237 4274 3443 4343 Deum,
3477 4291 3594 4345 qua
3625 4282 3716 4331 est
3744 4277 3807 4331 in

2155 4367 2432 4423 homines
2464 4365 2801 4429 clementia,
2836 4363 3070 4417 veniam
3102 4361 3381 4416 daturum
3433 4363 3726 4431 Ninivitis,
3760 4365 3808 4420 si

2155 4455 2567 4530 paenitentiam
2600 4456 2865 4526 agerent,
2925 4454 3195 4506 recusato
3255 4449 3454 4505 divino
3505 4453 3811 4521 mandato,

2153 4546 2452 4618 navigium
2486 4542 2853 4603 conscendit,
2886 4540 3088 4613 fugam
3118 4539 3438 4595 meditans.
3483 4540 3594 4594 Sed
3646 4558 3812 4598 mare

2153 4636 2352 4691 divina
2370 4634 2673 4689 voluntate
2704 4632 2790 4688 sic
2814 4632 3125 4687 efferatum
3150 4633 3259 4696 est,
3278 4633 3345 4683 ut
3364 4644 3501 4684 eum
3527 4630 3809 4687 devorare

372 4724 411 4792 ἠ
458 4720 729 4790 θάλασσα,
782 4719 977 4791 ἤθελεν
1034 4720 1195 4777 αὐτὸν
1253 4728 1557 4781 καταπιεῖν.
1624 4724 1721 4780 Καὶ
1785 4725 2044 4801 βαλόντες

2158 4720 2829 4789 voluerit.Quamobrem
2850 4724 3047 4775 nautas
3068 4733 3176 4789 per
3197 4722 3386 4773 sortes
3410 4720 3810 4790 explorantes,

370 4810 628 4886 κλήρους
661 4810 713 4864 οἱ
743 4814 953 4882 ναῦται,
1011 4810 1104 4865 καὶ
1162 4810 1404 4887 γνόντες,
1437 4813 1519 4868 ὅτι
1584 4810 1656 4868 δι’
1713 4814 1873 4870 αὐτὸν
1921 4837 2041 4871 κιν-

372 4899 668 4955 δυνεύουσι
701 4942 716 4967 ,
775 4894 1036 4962 λαϐόντες
1092 4898 1314 4976 ἔρριψαν
1384 4899 1436 4956 έν
1494 4905 1563 4976 τῇ
1624 4900 1889 4980 θαλάσσῃι
1949 4907 2039 4960 καὶ

372 4990 517 5059 αὗτὴ
576 4990 676 5062 μὶν
732 4985 977 5044 ἔπαυσεν
1064 4989 1226 5045 αὐτὸν
1288 4989 1347 5046 δὲ
1395 4992 1620 5048 κατέπιε
1674 5000 1843 5063 κῆτος
1881 5039 1896 5065 ,
1951 4996 2043 5050 καὶ

374 5081 517 5154 μετᾶ
576 5083 728 5154 τρεῖς
784 5079 998 5155 ἡμέρας
1054 5077 1316 5155 ἐξήγαγεν
1345 5081 1424 5144 εἷς
1482 5082 1580 5152 τὴν
1636 5089 1739 5159 γῆν
1799 5080 2040 5156 ἀϐλαϐῆ,

372 5170 476 5227 Καὶ
510 5168 636 5223 τότε
667 5168 917 5223 ἀπελθὼν
975 5167 1051 5230 είς
1081 5169 1309 5238 Νινευή,
1368 5170 1593 5242 ἐποίησε
1623 5171 1686 5227 τὸ
1716 5174 2044 5251 πρόσταγμα

364 5263 470 5315 τοῦ
503 5262 664 5314 Θεοῦ.
711 5259 843 5314 Εἶτα
894 5257 1236 5335 ὑποστρέψας
1268 5258 1347 5323 εἰς
1401 5261 1501 5329 τήν
1559 5268 1665 5337 γῆν
1728 5262 1894 5318 αὐτοῦ
1950 5266 2039 5320 καὶ

362 5343 712 5421 παραλαϐὼν
772 5348 873 5418 τὴν
932 5344 1074 5403 ἰδίαν
1132 5350 1387 5426 μητέρα,
1447 5348 1691 5420 ἀπῆλθεν
1752 5351 1829 5417 εἰς
1885 5354 2039 5427 ξένην

370 5438 565 5515 χώραν
600 5456 615 5470 ·
677 5435 951 5511 αἲσχύνην
1001 5437 1103 5514 γὰρ
1162 5440 1283 5515 εἶχε
1337 5439 1400 5494 τὸ
1456 5445 1729 5495 κατοικεῖν
1797 5440 1876 5504 εἲς
1938 5444 2041 5513 τὴν

368 5527 514 5585 ἰδίαν
543 5536 672 5604 γῆν,
709 5525 802 5582 διὰ
852 5528 916 5582 τὸ
974 5529 1274 5600 ψευσθῆναι
1330 5529 1428 5598 τήν
1481 5530 1818 5607 προφητείαν
1850 5532 2039 5591 αὐτοῦ.

357 5619 430 5676 Ὀ
516 5621 621 5696 γὰρ
701 5616 839 5679 Θεὸς
911 5613 1124 5687 ἠλέησε
1202 5616 1334 5680 τοὺς
1416 5616 1702 5683 Νινευΐτας
1772 5624 2036 5696 μετανοή-

360 5729 570 5774 σαντας.
633 5704 1042 5786 Ηροιρητεόσας
1096 5703 1154 5762 δὲ
1209 5706 1301 5763 καὶ
1358 5703 1504 5764 ἄλλα
1549 5706 1761 5782 πολλὰ,
1823 5711 2039 5770 ἐτελεύ-

353 5819 508 5877 τησε.

2158 4815 2321 4870 illius
2352 4828 2531 4869 causa
2562 4810 2622 4864 in
2651 4814 2815 4864 tanto
2849 4825 2911 4863 se
2941 4807 3161 4864 versari
3196 4807 3406 4863 salutis
3438 4807 3810 4879 discrimine,

2155 4909 2459 4975 arreptum
2473 4899 2840 4973 praecipitem
2864 4897 2925 4952 in
2940 4913 3104 4952 mare
3127 4897 3462 4952 exturbant.
3498 4900 3568 4953 Et
3594 4899 3812 4956 fluctus

2155 4993 2399 5064 quidem
2428 4990 2612 5046 maris
2643 4989 2845 5045 statim
2875 4987 3224 5043 detumuere
3254 5005 3269 5055 ς
3299 4986 3516 5043 Jonam
3546 5006 3682 5046 vero
3713 5008 3812 5047 ce-

2158 5087 2251 5136 tus
2285 5080 2620 5137 devoravit:
2657 5077 2828 5131 tertio
2870 5081 3070 5132 autem
3120 5082 3255 5148 post
3302 5075 3419 5142 die,
3467 5077 3530 5133 in
3592 5085 3811 5136 terram

2156 5171 2413 5227 illaesum
2441 5167 2731 5240 exposuit.
2754 5167 2923 5229 Tunc
2956 5165 3136 5237 igitur
3194 5164 3493 5237 profectus
3538 5168 3808 5237 Niniven,

2152 5264 2518 5333 praeceptum
2551 5258 2653 5312 Dei
2686 5255 2969 5327 implevit.
3002 5255 3132 5309 Mox
3178 5254 3237 5309 in
3292 5255 3594 5328 regionem
3640 5274 3807 5313 suam

2151 5366 2478 5425 regressus,
2513 5345 2769 5403 abducta
2798 5350 2986 5401 matre
3036 5343 3294 5399 alienam
3345 5350 3564 5399 terram
3614 5346 3803 5416 petiit,

2152 5457 2287 5495 cum
2320 5456 2456 5495 eum
2488 5436 2738 5509 puderet
2767 5434 2829 5489 in
2860 5433 3053 5506 patria
3085 5449 3193 5489 sua
3222 5433 3463 5500 versari,
3490 5434 3648 5504 quod
3670 5436 3810 5490 vati-

2151 5529 2376 5585 cinium
2408 5544 2584 5583 suum
2611 5524 2830 5580 falsum
2859 5523 3091 5578 fuisset.
3126 5527 3266 5576 Nam
3297 5521 3450 5575 Deus
3508 5524 3806 5593 paeniten-

2151 5619 2300 5674 tium
2331 5616 2723 5673 Ninivitarum
2754 5614 3034 5669 misertus
3057 5615 3148 5667 est
3190 5612 3456 5680 Cumque
3478 5612 3668 5669 multa
3689 5615 3808 5671 alia

2146 5707 2585 5781 prophetasset,
2619 5703 2895 5759 decessit.
