4142 6444
377 439 457 502 67
1699 426 2013 497 MENOLG

2181 427 2380 494 PARS
2425 430 2472 492 Ι.
3718 447 3799 510 68

1027 569 1249 627 Eodem
1279 567 1376 624 die
2059 560 2115 630 Α

2059 560 2115 630 Δ
2738 569 2820 640 Τῇ
2853 567 2990 642 αὖτῇ
3021 570 3205 645 ἡμέρᾳ

378 693 480 748 02
505 692 957 770 Commemorgtio
986 693 1166 770 sancti
1193 693 1365 770 Jonas.
1415 691 1598 760 patris
1657 687 1947 754 Theodori,
1981 703 2008 741 e

2155 677 2348 749 Μνήμη
2380 681 2478 733 τοῦ
2511 679 2663 770 ὁσίου
2690 682 2879 770 ,Ἰωνᾶ
2906 688 3034 770 ..τοῦ
3092 685 3334 770 Ιξατὲρος
3387 687 3672 766 Θεοδώρου
3705 695 3791 750 καὶ

825 763 1172 834 Theophanis
1204 757 1592 832 confessorum.

2531 757 2831 825 Θεοφάνους
2863 760 2969 810 τῶν
3005 757 3401 834 ὁμολογητῶν.

454 942 769 1013 Presbyter
797 941 911 996 fuit
939 942 1034 996 hic
1054 943 1256 1008 Jonas,
1281 941 1499 1012 pietate
1525 945 1584 994 et
1605 939 1876 999 doctrina
1899 935 2038 991 insi-

2213 925 2583 1007 Ηρεσϐότερος
2614 934 2680 1002 ἦν
2709 935 2868 998 οὗτος
2919 937 2947 992 6
3009 939 3212 1008 Ἰωνᾶς,
3273 937 3513 1010 εὐλαϐὴς
3545 944 3634 998 καὶ
3668 965 3801 998 συν-

385 1032 537 1103 gnis,
563 1037 731 1101 pater
752 1037 951 1086 autem
969 1031 1260 1086 Theodori
1288 1029 1620 1086 beatissimi
1647 1027 2021 1084 confessoris

2168 1021 2258 1082 τὸς
2292 1065 2307 1087 ,
2361 1023 2541 1098 πατὴρ
2602 1023 2891 1100 Θεοδώρου
2949 1032 3048 1083 τοῦ
3114 1035 3534 1106 μακαριωτάτου
3592 1031 3804 1106 ὁμολο-

385 1137 451 1175 ac
473 1121 847 1192 Theophanis
879 1137 1177 1176 canonum
1201 1121 1536 1192 scriptoris:
1561 1119 1742 1180 illius,
1767 1119 2021 1188 inquam.

2163 1115 2340 1185 τητοῦ,
2409 1113 2500 1168 καὶ
2564 1117 2871 1193 Θεοφάνους
2924 1122 3021 1173 τοῦ
3076 1126 3316 1191 ποιητοῦ
3373 1128 3480 1178 τῶν
3536 1124 3799 1180 κανόνων⁶

385 1209 697 1276 Theodori,
732 1210 904 1281 cujus
929 1209 1143 1265 faciem
1175 1216 1509 1266 atramento
1542 1208 1778 1276 inussit,
1815 1211 1873 1260 et
1901 1205 2021 1261 vul-

2167 1198 2426 1276 ιεοδώρου
2457 1201 2682 1276 ἐκείνου,
2715 1205 2927 1270 οὔτινος
2969 1208 3033 1262 τὸ
3087 1209 3382 1285 πρόσωπον
3427 1210 3514 1268 διὰ
3563 1212 3803 1287 μέλανος

384 1299 613 1353 neravit
637 1300 749 1354 Leo
772 1299 1114 1354 Caballinus
1139 1300 1663 1369 iconomachus,eo
1687 1297 1847 1368 quod
1867 1295 2020 1352 illuu

2170 1292 2430 1366 πέγραψε,
2479 1293 2570 1348 καὶ
2627 1297 2980 1369 κατεκέντησε
3037 1301 3186 1355 Λέων
3213 1302 3241 1356 ὁ
3275 1297 3605 1372 Καϐαλῖνος,
3641 1304 3805 1359 Εἰκο-

387 1388 674 1442 inducere
707 1405 828 1443 non
850 1390 1144 1460 potuisset
1164 1394 1232 1444 ut
1251 1389 1478 1444 cultum
1507 1388 2023 1455 adorationemque

2165 1381 2390 1455 ιομάχος
2422 1380 2518 1454 ὥν,
2554 1381 2644 1438 διὰ
2673 1387 2734 1440 τὸ
2769 1387 2845 1458 μὴ
2893 1392 3076 1442 πεῖσαι
3127 1390 3290 1444 αὐτὸν
3334 1391 3668 1466 ἀρνήσασθαι
3700 1394 3801 1463 τὴν

389 1484 730 1532 sanctarum
763 1477 1002 1546 Christi,
1035 1483 1093 1535 et
1125 1480 1276 1550 ejus,
1310 1496 1442 1550 quas
1469 1479 1597 1533 sine
1620 1475 2025 1532 semineillum

2169 1469 2509 1543 προσκύνησιν
2541 1473 2631 1526 καὶ
2686 1475 2748 1528 τὸ
2780 1471 2939 1538 σέϐας
2967 1481 3076 1532 τῶν
3133 1479 3308 1554 ἁγίων
3367 1479 3618 1548 εῒκόνων,
3646 1486 3805 1538 τοῦτε

392 1569 616 1641 genuit,
652 1569 938 1640 Deiparaa,
972 1570 1362 1640 omniumque
1385 1573 1724 1628 sanctorum
1751 1567 1879 1638 ejus
1900 1566 2028 1620 ima‘

2165 1559 2386 1631 ἰριστοῦ
2415 1560 2505 1615 καὶ
2551 1569 2652 1631 τῆς
2702 1564 2957 1640 ἀσπόρως
2987 1566 3254 1638 τεκούσης
3304 1569 3470 1624 αὐτὸν
3512 1571 3801 1643 Θεοτὸκου,

391 1658 597 1729 ginum
618 1657 959 1730 abnegaret.
981 1659 1083 1712 llic
1109 1658 1286 1729 igitur
1309 1663 1550 1713 sanctus
1569 1659 1768 1722 Jonas,
1791 1655 2027 1710 remissc

2169 1649 2230 1702 ιαὶ
2291 1653 2397 1703 τῶν
2458 1651 2623 1726 ἁγίων
2684 1653 2852 1708 αὐτοῦ
2908 1657 3145 1714 πάντων.
3208 1657 3534 1714 Καταλιπὼν
3594 1660 3805 1716 οὖντὸν

390 1747 572 1803 rebus
604 1749 805 1804 saeculi
838 1750 1070 1818 nuntio,
1104 1749 1165 1802 in
1192 1749 1421 1804 lauram
1453 1747 1642 1803 sancti
1699 1746 1863 1802 Saba:
1913 1761 2026 1800 sest

2169 1737 2352 1810 ιόσμον
2386 1740 2414 1793 ὁ
2446 1739 2630 1814 ῥηθεὶς
2690 1741 2841 1805 ὅσιος
2902 1745 3113 1813 Ἰωνὰς,
3171 1748 3262 1802 καὶ
3315 1747 3566 1804 ἀπελθὼν
3602 1749 3678 1814 εἰς
3705 1752 3805 1819 τὴν

388 1838 636 1909 recepit,
671 1843 730 1892 et
757 1839 1087 1894 monachus
1119 1839 1311 1893 factus
1343 1844 1466 1893 est:
1510 1842 1795 1908 tantoque
1845 1835 2024 1890 studic

2167 1831 2240 1880 τοῦ
2273 1826 2428 1903 ἁγίου
2486 1825 2635 1884 Σάϐα
2693 1828 2918 1907 λαῦραν,
2953 1833 3161 1908 ἐγένετο
3218 1837 3481 1913 μοναχός.
3517 1838 3621 1894 Καὶ
3674 1860 3803 1893 τοσ-

391 1928 942 1998 seipsumjejuniis,
978 1928 1374 1992 orationibus,
1409 1927 1712 1998 perpetuis
1735 1926 2027 1997 lacrymis1

2169 1916 2314 1986 ιύτην
2375 1916 2598 1988 ἄσκησιν
2659 1919 2984 1992 ἐπεδείξατο,
3043 1925 3355 1998 νηστεύων,
3417 1929 3805 2002 προσευχόμε-

391 2022 448 2070 et
477 2017 619 2072 ﬂetu
647 2019 929 2084 exercuit,
964 2023 1028 2072 ut
1058 2034 1194 2072 cum
1228 2033 1438 2071 omnes
1471 2017 1533 2070 in
1566 2016 1655 2070 sui
1689 2015 2027 2070 admiratio-

2167 2025 2263 2073 νος,
2321 2006 2402 2060 ἀεὶ
2458 2003 2726 2081 δακρύων,
2787 2012 3024 2083 θρηνῶν,
3080 2015 3264 2070 ἑαυτὸν
3328 2012 3658 2085 δαπανίζων,
3728 2018 3803 2080 ὡς

389 2122 526 2159 nem
554 2107 961 2177 pertraxisset,
987 2107 1192 2161 multis
1210 2107 1596 2177 cupiditatem
1620 2103 2025 2176 injiceretimi-

2169 2095 2258 2149 51:6
2302 2095 2515 2150 πάντων
2572 2098 2958 2172 θαυμάζεσθαι,
3017 2104 3104 2156 καὶ
3174 2103 3423 2166 πολλοὺς
3483 2105 3805 2175 σπουδαζειν

389 2195 557 2250 tandi
591 2201 855 2249 exactam
889 2196 1076 2266 ipsius
1134 2196 1419 2266 omnique
1469 2195 1680 2248 virtute
1731 2193 2025 2266 prmditau

2166 2190 2434 2256 ιιμεῖσθαι
2464 2186 2556 2241 τὸν
2600 2184 2983 2262 ἠκριϐωμένον
3038 2193 3128 2246 καὶ
3183 2191 3432 2267 ἐνάρετον
3471 2194 3586 2270 βίον
3617 2195 3802 2252 αὐτοῦ.

392 2283 996 2348 vitam.Quamobrem
1013 2284 1235 2338 donum
1259 2284 1635 2338 curationum
1661 2282 1908 2353 accepit,
1926 2297 2028 2352 quc

2169 2270 2395 2343 Εδὲξατο
2447 2274 2504 2329 δὲ
2548 2275 2635 2330 καὶ
2688 2277 3000 2352 χαρίσματα
3053 2281 3317 2354 ἰαμάτων,
3369 2279 3440 2337 δι’
3492 2285 3565 2338 ὧν
3601 2284 3805 2362 ὠφέλει

393 2373 814 2428 accedentibus
847 2374 919 2428 ad
953 2391 1014 2428 se
1048 2374 1286 2446 profuit.
1318 2375 1460 2428 Cum
1521 2379 1720 2428 autem
1772 2374 1930 2427 hunc
1981 2371 2029 2425 in

2169 2361 2274 2425 τοὺς
2319 2365 2806 2440 προσερχομένους
2863 2369 3031 2440 αὐτῷ.
3091 2370 3249 2427 Οὕτω
3308 2370 3364 2426 δὲ
3427 2361 3671 2448 βιώσας,
3709 2373 3805 2430 καὶ

389 2462 634 2517 modum
666 2462 923 2532 vixisset,
977 2463 1372 2535 omnibusque
1422 2461 1808 2518 admirandus
1860 2477 2025 2534 appa‘

2167 2452 2454 2524 ιαυμαστὸς
2485 2459 2605 2516 τοῖς
2663 2459 2793 2510 πᾶσι
2855 2457 3062 2532 φανείς,
3122 2461 3257 2535 πρὸς
3304 2461 3395 2516 τὸν
3458 2461 3588 2517 Θεὸν
3621 2461 3803 2534 ἐξεδή-

390 2552 632 2621 ruisset,
665 2551 738 2607 ad
770 2553 955 2607 Deum
987 2553 1278 2625 migravit.

704 2551 738 2606 d
770 2553 955 2607 Deum
987 2553 1278 2625 migravit.
2150 2561 2340 2612 μησεν.

944 2668 1184 2725 EODEM
1226 2669 1480 2724 MENSE.

2697 2665 2878 2717 MHNI
2923 2669 3011 2741 Τῼ
3051 2666 3247 2743 ΑΥΤῼ.

903 2791 1007 2845 Die
1036 2790 1318 2847 vicesima
1348 2791 1522 2845 tertia
2924 2779 3026 2836 KP’

385 2908 485 2963 63
519 2908 808 2980 Conceptio
837 2913 1041 2980 sanctae
1076 2907 1328 2975 Elisabct,
1361 2906 1580 2978 quando
1603 2904 1853 2978 concepit
1876 2921 2021 2960 sanc-

2159 2907 2205 2956 H
2248 2899 2538 2980 caluitii
2571 2909 2670 2972 τῆς
2693 2975 2705 2980 Δ
2729 2902 2884 2980 ἁγίας
2925 2901 3233 2980 Ἑλ-ισάϐετ,
3283 2906 3373 2962 ὅτε
3417 2903 3678 2963 συνέλαϐε
3704 2908 3795 2962 τὸν

817 2985 932 3033 tum
961 2979 1232 3033 Joannem
1262 2975 1589 3048 Baptistam.
1759 2975 1778 2978 ﬁ

2452 2975 2455 2976 ν
2505 2976 2654 3048 ἅγιον
2693 2975 2949 3048 Ἰωάννην
2980 2978 3072 3032 τὸν
3105 2980 3440 3048 Βαπτιστὴν.

450 3159 782 3229 Zacharias,
817 3159 1108 3231 propheta
1139 3164 1197 3214 et
1226 3164 1396 3230 pater
1441 3159 1688 3214 Joannis
1736 3157 2032 3230 Baptistm,

2212 3149 2510 3230 Ζαχαρίας,
2543 3155 2892 3232 ὸπροφήτης
2951 3155 3041 3212 καὶ
3094 3159 3274 3233 πατὴρ
3333 3155 3430 3212 τοῦ
3488 3159 3796 3215 Βαπτιστοῦ

378 3247 655 3303 sacerdos
687 3249 787 3303 Dei
819 3247 950 3302 fuit.
975 3249 1284 3320 Ingressus
1307 3253 1506 3302 autem
1538 3245 1860 3318 aliquando
1884 3251 2014 3301 tem‘

2159 3243 2417 3308 Ιωάννου,
2477 3241 2723 3318 ὑπῆρχεν
2785 3245 2959 3320 ἱερεῦς
3016 3250 3112 3301 τοῦ
3166 3251 3321 3304 Θεοῦ.
3384 3249 3486 3304 Καὶ
3536 3247 3793 3313 εἰσελθών

374 3337 562 3407 plum,
594 3343 660 3392 ut
687 3337 822 3392 thus
854 3337 1140 3406 adoleret,
1176 3336 1471 3392 stantibus
1521 3341 1686 3392 extra
1733 3335 2010 3406 templum

2155 3351 2271 3386 τοτε
2297 3329 2348 3384 ἐν
2382 3336 2460 3404 τῷ
2512 3336 2648 3404 ναῷ,
2705 3337 2802 3388 τοῦ
2863 3336 3144 3406 θυμιᾶσαι,
3201 3335 3291 3390 καὶ
3350 3341 3456 3391 τῶν
3513 3335 3791 3393 Ἰουδαίων

373 3426 611 3493 Iudaeis,
647 3442 784 3482 cum
805 3426 1051 3481 vidisset
1073 3426 1406 3482 Gabrielem
1434 3425 1711 3498 angelum
1741 3426 1842 3480 Dei
1870 3430 2003 3480 stan

2160 3421 2386 3478 στώτων
2446 3417 2569 3491 ἔξω,
2628 3419 2736 3478 εἶδε
2787 3419 3035 3499 Γαϐριὴλ
3092 3425 3183 3480 τὸν
3242 3422 3474 3501 ἄγγελον
3505 3431 3602 3481 τοῦ
3661 3431 3796 3484 Θεοῦ

371 3521 492 3569 tem
523 3533 558 3570 a
587 3515 809 3570 dextris
841 3516 1044 3571 altaris
1078 3515 1503 3587 thymiamatis,
1532 3515 1880 3586 perterritus
1913 3518 2004 3569 est

2165 3509 2424 3584 στάμενον
2471 3511 2530 3566 ἐκ
2561 3509 2748 3582 δεξιῶν
2785 3517 2882 3568 τοῦ
2913 3514 3301 3588 θυσιαστηρίου
3359 3520 3459 3570 τοῦ
3516 3519 3801 3590 θυμιάμα-

372 3604 630 3677 Angelus
664 3621 797 3660 vero
829 3605 921 3659 his
955 3621 1091 3659 eum
1114 3605 1309 3660 verbis
1337 3604 1754 3674 compellavit:
1788 3627 1815 3653 ι(
1851 3605 1930 3658 Ne
1957 3603 2008 3657 tit

2170 3621 2252 3665 ος,
2303 3600 2392 3654 καὶ
2453 3596 2725 3678 ἐφοϐήθη.
2791 3602 2898 3658 Καὶ
2955 3601 3083 3657 ἰδὼν
3139 3603 3300 3659 αὐτὸν
3345 3605 3372 3660 6
3405 3602 3657 3681 ἅγγελος,
3719 3605 3799 3660 ὅτι

376 3717 403 3744 ‹‹
439 3710 622 3761 meas,
654 3695 967 3750 Zacharia:
1004 3695 1278 3750 exaudita
1305 3699 1394 3749 est
1425 3695 1584 3749 enim
1613 3695 1799 3749 oratio
1826 3699 1946 3759 tua,
1970 3700 2012 3747 et

2165 3691 2438 3764 ταράχθη,
2491 3692 2610 3744 εἷπε
2665 3690 2802 3766 πρὸς
2867 3690 3049 3747 αὐτόν’
3111 3695 3204 3761 Μὴ
3265 3689 3479 3771 φοϐοῦ,
3534 3697 3800 3770 Ζαχαρία,

376 3806 404 3834 α
428 3801 578 3838 uxor
608 3783 982 3839 tuaElisabet
1002 3785 1193 3854 pariet
1222 3784 1325 3838 tibi
1351 3783 1566 3850 ﬁlium,
1593 3789 1650 3837 et
1668 3784 1904 3839 vocabis
1923 3800 2012 3839 n01

2161 3780 2275 3833 ἰιὸτι
2334 3778 2663 3850 ἐΐσηκούσθη
2726 3782 2760 3848 ἡ
2822 3777 3007 3851 δέησίς
3059 3803 3176 3840 σου.
3251 3785 3345 3838 Καὶ
3410 3786 3443 3852 ἡ
3505 3787 3637 3857 γυνή
3700 3806 3797 3840 σου

373 3897 402 3923 ‹‹
422 3890 559 3927 men
576 3874 1091 3944 ejusJoannem,et
1112 3874 1223 3927 erit
1238 3873 1340 3926 tibi
1355 3873 1635 3944 gaudium
1652 3873 2003 3928 etexultatio

2163 3863 2428 3925 Ελισάϐετ
2511 3870 2758 3942 γεννήσει
2848 3890 2933 3924 σοι
3023 3871 3138 3924 υἱὸν
3177 3915 3191 3940 ,
3249 3871 3339 3926 καὶ
3426 3871 3674 3934 καλέσεις
3738 3871 3799 3928 τὸ

387 3986 408 4012 ι
436 3967 494 4018 et
515 3962 687 4018 multi
709 3963 770 4017 in
791 3962 1096 4018 nativitate
1120 3963 1248 4032 ejus
1277 3961 1641 4032 gaudebunt.
1665 3981 1695 4015 ››
1718 3961 2023 4018 Zacharias

2166 3954 2314 4030 νομα
2364 3957 2528 4014 αὐτοῦ
2611 3959 2913 4028 Ἰωάννην.
2969 3959 3072 4016 Καὶ
3133 3959 3280 4016 ἔσται
3339 3962 3486 4037 χαρά
3545 3982 3650 4032 σοι,
3711 3962 3802 4016 καὶ

375 4057 598 4116 autem,
631 4067 766 4106 cum
798 4067 860 4106 se
892 4055 951 4105 et
978 4067 1224 4106 uxorem
1256 4067 1423 4105 suam
1457 4051 1519 4104 in
1565 4056 1735 4106 aatate
1792 4068 2011 4123 proces-

2165 4046 2507 4122 ιγαλλίασιςο
2569 4046 2658 4102 καὶ
2716 4047 2923 4103 πολλοὶ
3007 4048 3096 4105 ἐπὶ
3176 4055 3244 4120 τῇ
3311 4058 3552 4126 γεννῆσει
3637 4051 3801 4107 αὐτοῦ

378 4141 525 4195 sisse
541 4147 838 4195 cerneret:
860 4162 881 4194 ιι
901 4139 1569 4210 Quomodo,inquit,hoc
1584 4141 2014 4207 mihi,Domiue,

2161 4137 2522 4210 (αιρήσονται.
2573 4137 2636 4191 Ὁ
2691 4134 2747 4192 δὲ
2807 4137 3103 4212 Ζαχαρίας,
3155 4137 3315 4201 εἰδὼς
3367 4139 3448 4194 ὅτι
3511 4140 3668 4201 αὐτὸς
3703 4140 3797 4210 μὲν

373 4251 402 4279 (ι
421 4228 548 4283 ﬁeri
574 4229 792 4300 poterit
807 4229 948 4284 ‘?Cui
968 4230 1194 4299 angelus
1208 4245 1226 4282 :
1240 4231 1354 4301 Ego
1370 4245 1501 4284 sum
1518 4228 1880 4298 Gabriel,qui
1899 4235 2009 4286 astc

2168 4247 2249 4279 στι
2295 4227 2504 4301 γὲρων,
2562 4225 2597 4294 ἢ
2655 4223 2712 4280 δὲ
2768 4228 2903 4303 γυνή
2963 4228 3129 4283 αὐτοῦ
3182 4232 3372 4303 γραῦς,
3433 4231 3568 4283 εἷπε·
3614 4228 3799 4301 Κύριε,

378 4340 399 4367 σ
428 4334 630 4373 coram
654 4319 792 4387 Deo,
819 4318 1156 4388 missusque
1183 4323 1411 4383 sum,ut
1433 4318 1558 4373 haec
1585 4318 1690 4372 tibi
1715 4319 2014 4390 annuntia-

2163 4318 2255 4376 πῶς
2288 4311 2436 4370 ἔσται
2495 4335 2591 4388 μοι
2647 4319 2848 4384 τοῦτο,
2912 4317 3006 4370 Καὶ
3070 4315 3336 4391 ἀπεκρίθη
3391 4328 3527 4393 πρὸς
3583 4317 3799 4372 αὐτὸνὸ

371 4423 573 4462 «rem:
600 4412 658 4462 et
679 4407 960 4475 ecce,eris
980 4411 1405 4476 mutus,neque
1423 4407 1586 4478 prius
1601 4406 1762 4478 loqui
1781 4408 2003 4478 poteris

2163 4400 2396 4478 ίγγελος,
2439 4402 2529 4457 καὶ
2587 4405 2754 4458 εἶπεν·
2815 4405 2961 4480 Ἐγώ
3020 4405 3134 4478 εἶμι
3191 4401 3437 4483 Γαϐριὴλ
3471 4409 3799 4482 ὁπαρεστη-

368 4519 396 4547 ‹‹
423 4514 602 4568 quam
627 4503 801 4554 natus
827 4497 932 4552 tibi
954 4497 1135 4552 fuerit
1166 4496 1324 4551 ﬁlius
1347 4497 1389 4548 ³.
1427 4518 1454 4545 ››
1475 4497 1804 4567 Statimque
1835 4496 2004 4552 factu:

2165 4493 2248 4556 ,ὼς
2305 4491 2532 4554 ἐνώπιον
2583 4498 2680 4550 τοῦ
2739 4499 2872 4550 Θεοῦ
2908 4538 2922 4552 .
3009 4496 3108 4552 Καὶ
3195 4497 3504 4566 ἀπεστάλην
3577 4496 3801 4573 εὐαγγε-

370 4592 462 4641 est
490 4585 707 4641 surdus
739 4591 797 4640 et
827 4591 1047 4654 mutus,
1081 4585 1277 4656 quoad
1309 4590 1484 4640 natus
1517 4591 1608 4648 est
1633 4587 1914 4642 Joannes.

2163 4582 2390 4637 .ioaoﬂai
2449 4604 2535 4637 σοι
2599 4587 2868 4637 τοιαῦτα’
2946 4584 3036 4639 καὶ
3114 4583 3233 4640 ἰδοὺ
3288 4583 3382 4654 ἔση
3442 4591 3665 4640 σιωπῶν
3709 4585 3799 4640 καὶ

373 4673 450 4744 μή
486 4671 784 4745 δυνάμενος
836 4671 1128 4742 Λαλεῆσαι,
1186 4668 1291 4734 ἕως
1350 4672 1412 4726 οὗ
1470 4675 1706 4748 γεννηθῇ
1764 4673 1791 4728 ὁ
1850 4672 1962 4736 υἶός
2017 4693 2133 4731 σου,
2195 4672 2292 4726 Καὶ
2353 4669 2590 4746 διέμεινε
2645 4671 2831 4750 κωερὸς
2877 4673 2967 4728 καὶ
3027 4672 3255 4748 ἄλαλος,
3313 4672 3418 4738 ἓως
3472 4676 3735 4752 ἐγεννήθη
3771 4675 3800 4729 6

371 4762 649 4832 Ἰωάννης.

1017 4853 1241 4910 Eodem
1264 4853 1362 4909 die
2049 4855 2098 4920 D

2049 4855 2098 4920 D
2725 4853 2809 4926 Τῇ
2842 4850 2978 4928 αὒτῇ
3011 4854 3190 4928 ἡμέρᾳ

594 4970 696 5025 64
727 4969 1018 5024 Certamen
1047 4976 1250 5027 sancta:
1279 4969 1543 5039 martyris
1568 4970 1792 5025 Iraidis.

2347 4965 2613 5039 Ἀθλησις
2657 4975 2758 5038 τῆς
2791 4968 2950 5044 ἁγίας
3003 4970 3277 5043 μάρτυρος
3331 4966 3581 5044 Ἰραίδος.

440 5086 606 5150 Irais,
640 5087 854 5141 Christi
889 5092 1132 5160 martyr,
1159 5086 1582 5153 Alexandrina,
1615 5085 1776 5156 virgo
1797 5091 1855 5141 et
1886 5102 2025 5141 san—

2205 5082 2267 5139 Ἱῖ
2308 5085 2511 5159 μάρτυς
2541 5089 2638 5139 τοῦ
2697 5087 2933 5159 Χριστοῦ
2991 5083 3192 5158 Ἰραίας
3251 5085 3500 5160 ὑπῆρχεν
3562 5083 3668 5138 ἀπὸ
3701 5089 3799 5153 τῆς

367 5176 751 5246 ctimonialis,
787 5194 1023 5250 egressa
1053 5177 1375 5246 aliquando
1408 5194 1476 5230 ex
1518 5175 1827 5244 asceterio,
1860 5183 1923 5231 ut
1955 5193 2003 5231 e1

2164 5171 2356 5237 πόλεως
2412 5171 2864 5247 Ἀλεξανδρείας,
2921 5173 3188 5248 παρθένος
3269 5172 3400 5227 οὖσα
3479 5173 3568 5228 καὶ
3631 5171 3800 5246 μονά-

365 5267 529 5322 fonte
561 5283 776 5338 aquam
810 5266 1103 5337 praetecta)
1137 5283 1256 5320 sum
1292 5267 1550 5334 afferret,
1583 5264 1727 5318 vidit
1785 5265 1846 5320 in
1891 5282 2001 5320 nav

2168 5283 2319 5318 ουσα⁸
2377 5260 2665 5334 ἐξελθοῦσα
2715 5259 2772 5316 δὲ
2830 5267 2923 5316 τοῦ
2972 5262 3314 5338 ἀσκητηρίου
3369 5262 3509 5338 πρὸς
3539 5263 3601 5317 τὸ
3632 5263 3801 5335 κομί-

368 5373 539 5412 secus
573 5356 738 5412 littus
770 5356 953 5410 maris
985 5361 1397 5410 transeuntem
1437 5355 1602 5409 urbis
1654 5354 1999 5425 prmfectum

2161 5373 2219 5407 ac
2246 5349 2393 5425 ὕδωρ
2426 5351 2484 5405 ἐκ
2512 5358 2615 5420 τῆς
2646 5357 2836 5425 πηγῆς
2879 5355 2945 5425 τῇ
2996 5353 3276 5426 ἡγουμένη
3334 5352 3526 5421 αὐτῆς,
3564 5350 3700 5407 εἶδεν
3745 5351 3797 5406 ἐν

367 5446 465 5516 qui
492 5446 711 5500 multos
736 5461 937 5500 secum
956 5445 1325 5500 Christianos
1347 5444 1603 5500 ducebat
1627 5445 1852 5500 catenis
1876 5463 2003 5500 con«

2165 5445 2209 5513 ᾧ
2239 5439 2422 5512 πλοίῳ
2467 5438 2827 5516 διερχόμενον
2873 5439 2950 5504 εἷς
2982 5442 3075 5497 τὸν
3108 5440 3359 5517 αἰγιαλὸν
3391 5449 3489 5511 τῆς
3523 5439 3800 5512 θαλάσσης

368 5537 622 5606 strictos,
657 5537 1058 5608 presbyteros,
1093 5535 1395 5604 diaconos,
1431 5535 1714 5590 mulieres
1767 5541 2001 5591 sanctas

2166 5532 2224 5585 ὸν
2257 5531 2500 5606 ἄρχοντα
2527 5536 2628 5600 τῆς
2678 5529 2919 5603 πόλεως,
2957 5530 3159 5606 ἔχοντα
3213 5533 3333 5605 μεθ’
3361 5531 3554 5587 ἑαυτοῦ
3585 5532 3798 5600 πλῆθος

367 5626 1562 5698 etvirgines:accurrensque,ctsciscitata
1577 5641 1644 5679 ex
1670 5626 2000 5699 virginibus

2161 5623 2471 5696 ἰριστιανῶν
2535 5617 2795 5694 δεσμίων,
2836 5615 3244 5696 πρεσϐυτέρων,
3308 5619 3598 5692 διακόνων,
3634 5621 3797 5697 ἁγίων

367 5731 550 5788 quam
583 5715 655 5770 ob
672 5731 912 5771 causam
944 5719 1146 5771 essent
1175 5716 1237 5770 in
1259 5715 1534 5784 vinculis,
1561 5715 1754 5787 iisque
1780 5731 2000 5788 respon

2164 5713 2407 5766 υναικῶν
2461 5709 2550 5766 καὶ
2613 5711 2927 5784 παρθένων.
2990 5710 3096 5767 Καὶ
3146 5707 3432 5786 δραμοῦσα
3491 5712 3608 5767 εἷπε
3663 5709 3800 5785 πρὸς

439 5894 461 5930 ⁸
487 5896 622 5952 Luc.
657 5913 695 5968 ι,
730 5896 795 5951 13
826 5911 993 5968 seqq.
