4142 6424
419 438 493 498 ’11
1742 424 2075 488 MENOLOt

2213 423 2421 486 PARS
2462 422 2511 484 Ι.
3761 428 3838 485 72

986 566 1227 622 EODEM
1249 561 1504 620 MENSE.

920 688 1023 743 Die
1053 686 1334 743 vicesima
1385 684 1597 754 quinta

418 810 512 864 87
563 806 1018 862 Commemoratio
1074 802 1265 873 magni
1293 818 1357 856 ac
1410 799 1675 854 terribilis
1714 801 2073 861 terraemotus,

702 897 924 966 quando
948 912 1092 966 puer
1122 898 1181 949 in
1228 907 1408 949 aerem
1444 896 1640 960 raptus
1689 894 1786 942 est.

484 1016 808 1071 Theodosio
860 1017 1063 1086 Magno
1094 1013 1425 1082 imperante
1487 1009 1858 1063 terrzemotus
1889 1000 2067 1058 conti.

411 1107 515 1180 git,
548 1105 743 1176 qualis
771 1120 1083 1174 nunquam
1113 1100 1455 1155 mortalium
1488 1095 1779 1152 memoria
1823 1093 2068 1148 exstitit.

411 1199 600 1261 Quare
632 1194 886 1267 populus
921 1192 1233 1248 universus
1281 1205 1415 1244 cum
1475 1187 1833 1258 imperatore
1862 1188 1921 1239 et
1966 1200 2068 1255 pa-

2104 566 2164 633 Α

2761 555 2920 613 MHN
2925 558 2950 613 Ι
2970 557 3059 614 ἸὪ
3081 560 3273 613 ΛΥΤΩ.

2994 674 3099 731 KE'

2198 790 2243 846 Π
2276 788 2579 862 ἀνάμνησις
2608 793 2717 867 τῶν
2747 784 3326 867 φόβων-τοξμεγᾴλου
3348 794 3598 864 σεισμοῦ,
3628 792 3717 846 καὶ
3750 798 3850 861 τῆς

2574 866 2672 917 τοῦ
2703 860 2897 926 παιδὸς
2935 861 2987 917 ἐν
3019 860 3137 935 ἀέρι
3166 860 3454 939 ἀρπαγῆς.

2253 987 2378 1043 Ἐπί
2400 994 2501 1057 τῆς
2538 986 2816 1062 βασιλείας
2846 992 2942 1043 τοῦ
3000 988 3262 1063 Μεγάλου
3292 985 3583 1044 Θεοδοσίου
3626 990 3851 1062 σεισμὸς

2181 1075 2417 1151 ἐγένετο,
2441 1079 2562 1140 οἶος
2593 1074 2853 1132 οὐδέποτε
2882 1076 3122 1152 γέγονεν.
3151 1079 3239 1150 Ἐξ
3276 1078 3337 1132 οὗ
3368 1079 3454 1133 καὶ
3519 1084 3621 1140 πᾶς
3652 1078 3681 1133 ’ὁ
3714 1076 3849 1140 λαὸς

2181 1164 2272 1220 σὺν
2304 1170 2382 1238 τῷ
2430 1165 2647 1242 βασιλεῖ
2674 1167 2763 1221 καὶ
2792 1171 2872 1239 τῷ
2903 1166 3219 1243 πατριάρχῃ
3251 1168 3470 1230 ἀφέντες
3504 1169 3603 1237 τὴν
3656 1163 3820 1222 πόλιν

415 1242 599 1261 κ’·υην
632 1242 885 1267 ε’νΓ“-“-*
927 1242 1229 1248 ----τ---”ή
1564 1242 1579 1258 ι
1966 1242 1986 1255 ι

409 1285 689 1352 triarcha,
750 1283 960 1338 relicta
1015 1280 1183 1347 urbe,
1242 1278 1385 1333 exiit
1448 1277 1511 1331 in
1569 1290 1845 1345 campum
1897 1273 2069 1343 juxta

2193 1255 2406 1352 ξξῆλθον
2439 1254 2492 1310 ἐν
2545 1260 2625 1328 τῷ
2681 1258 2888 1330 κάμπῳ
2945 1242 3181 1327 πλησίον
3238 1262 3337 1312 τοῦ
3399 1252 3695 1330 Ἐϐδόμου,
3755 1242 3850 1324 καί

412 1373 803 1439 Hebdomum,
831 1370 1033 1441 ibique
1064 1366 1559 1435 commorabatur,
1593 1380 1660 1419 eo
1692 1361 1850 1434 quod
1874 1365 2070 1416 terras.

410 1468 608 1519 motus
640 1476 949 1532 nunquam
1000 1462 1279 1515 cessaret.
1329 1457 1478 1509 Dum
1537 1457 1734 1509 autem
1760 1449 2066 1522 supplica-

2177 1338 2368 1416 ἔμενον
2404 1343 2535 1401 ἐκεῖ.
2599 1345 2747 1399 Διότι
2809 1344 3221 1408 ἆκατάπαυστος
3260 1348 3325 1416 ἦν
3361 1346 3389 1401 6
3439 1346 3684 1421 σεισμός.
3742 1354 3845 1401 Δια

2174 1433 2508 1489 τανευόντων
2544 1432 2603 1489 δὲ
2634 1435 2741 1490 ἀπὸ
2797 1439 2895 1491 τοῦ
2927 1430 3169 1511 ἑϐδόμου
3201 1437 3277 1499 εἷς
3334 1438 3426 1493 τὸν
3458 1439 3675 1511 κάμπον
3708 1435 3851 1513 πρὸς

409 1552 606 1606 tiones
638 1550 712 1606 ab
754 1519 1057 1604 H‘ebdomo
1102 1546 1166 1600 in
1211 1560 1486 1616 campum
1544 1541 1619 1597 ad
1676 1519 2066 1596 tribunalium

2193 1522 2238 1577 :6
2266 1519 2679 1598 τριϐουνάλιον,
2707 1527 2797 1581 καὶ
2850 1527 3284 1602 προστιθεμένου
3344 1526 3422 1591 εἷς
3480 1528 3564 1597 τὸ,
3598 1534 3792 1604 ’Ἄγιος
3824 1527 3854 1582 6

2193 1613 2305 1635 5!,
2421 1614 2447 1635 υ
2630 1614 2719 1635 ιη
2801 1616 2817 1634 ς
2948 1617 2973 1635 υ
3192 1615 3281 1635 ,υ
3650 1620 3677 1631 ..
3784 1616 3848 1635 m

411 1641 646 1710 ﬁerent,
674 1645 852 1710 atque
888 1638 1010 1693 illis
1067 1635 1261 1691 verbis
1308 1652 1320 1689 :

1379 1636 1611 1690 Sanctus
1643 1633 1802 1697 Deus,
1851 1635 2069 1685 sanctus

2193 1613 2329 1682 θεὸς,
2413 1614 2565 1690 ἅγιος
2630 1614 2879 1691 ἴσχυρὸς,
2940 1617 3096 1691 ἅγιος
3182 1615 3471 1681 ἀθάνατος

3582 1620 3703 1686 τοῦ,
3784 1616 3851 1674 Ὀ

410 1729 599 1799 fortis,
631 1701 863 1784 sanatus
924 1725 1271 1789 immortalis,
1330 1723 1457 1779 haec
1508 1721 1890 1786 adderentur,
1964 1720 2070 1783 Qui

2193 1703 2510 1776 τταυρωθεὶς
2550 1701 2620 1759 δι’
2658 1707 2830 1777 ἡμᾶς,
2891 1702 3023 1781 ὅπερ
3082 1708 3148 1775 ἦν
3206 1708 3307 1774 τῆς
3363 1710 3474 1761 τῶν
3529 1712 3855 1780 Θεοπασχυ-

413 1820 706 1890 cruciﬁxus
736 1835 790 1874 es
811 1834 919 1889 pro
947 1818 1120 1883 nobis,
1155 1830 1286 1886 quas
1318 1831 1387 1869 ex
1432 1812 1642 1867 haeresi
1673 1808 2067 1881 Theopaschi-

412 1914 608 1965 tarum
657 1913 826 1963 erant
854 1904 1397 1977 blasphemantium
1429 1908 1606 1972 atque
1637 1898 2068 1955 afﬁrmantium
2109 1942 2152 2007 Β

411 1998 781 2053 divinitatem
810 1996 989 2053 etiam
1010 1995 1072 2050 in
1094 2010 1267 2050 cruce
1298 2008 1534 2064 passam
1564 1990 1747 2044 fuisse
1773 1993 2074 2059 ;arreptus

414 2089 485 2144 de
517 2086 716 2142 media
737 2085 910 2142 turba
936 2088 1182 2156 repente
1204 2099 1373 2154 puer,
1402 2097 1508 2152 per
1531 2095 1728 2135 aerem
1751 2076 2071 2139 ferebatur,

412 2179 676 2248 Cumque
739 2192 947 2231 omnes
1004 2172 1307 2245 perterriti
1378 2169 1843 2238 conclamarent,
1914 2169 2076 2237 Kyrie

411 2269 790 2339 eleison,puer
819 2272 1102 2335 tanquam
1138 2262 1294 2318 nube
1328 2260 1578 2329 delatus,
1614 2260 1811 2331 quiete
1833 2257 2076 2313 descen-

416 2358 538 2425 dit;
570 2356 915 2427 indictoque
949 2354 1213 2422 silentio,
1245 2353 1318 2408 ad
1351 2350 1637 2423 populum
1671 2350 1784 2405 ait:
1821 2348 2072 2420 Angelo-

414 2464 549 2503 rum
579 2446 742 2502 chori
776 2451 865 2500 ter
894 2448 1166 2499 sanctum
1192 2442 1482 2513 hymnum
1515 2440 1644 2495 sine
1690 2439 1796 2494 illa
1851 2454 2076 2509 appen-

418 2540 636 2609 dicula,
669 2541 774 2605 Qui
798 2540 1091 2607 cruciﬁxus
1121 2554 1173 2591 es
1197 2552 1305 2605 pro
1336 2536 1512 2601 nobis,
1547 2533 1890 2588 concinunt.
1943 2532 2076 2585 Haec

420 2645 556 2684 cum
600 2645 750 2699 puer
778 2627 1043 2693 dixisset,
1088 2626 1287 2681 statim
1343 2629 1613 2679 mortuus
1663 2620 1944 2689 concidit,
1997 2621 2075 2675 si-

418 2718 663 2789 mulque
713 2734 849 2773 cum
892 2715 1104 2771 haeresi
1175 2715 1355 2769 ﬁnem
1411 2713 1619 2768 habuit
1677 2714 2073 2767 terrmmotus.

415 2806 663 2861 Interim
694 2821 903 2861 omnes
935 2804 1392 2875 obstupuerunt,
1417 2804 1657 2873 Deoque
1688 2799 1938 2873 gloriam
1969 2799 2073 2853 tri-

412 2894 694 2951 buerunt.

1069 2982 1291 3039 Eodem
1324 2982 1418 3038 die

593 3075 691 3131 68
732 3075 1013 3131 Certamen
1058 3073 1239 3129 sancti
1266 3073 1531 3143 martyris
1562 3069 1892 3142 Paphnutii.

485 3229 658 3300 Impii
684 3228 1030 3284 Diocletiani
1054 3227 1429 3299 imperatoris
1447 3225 1771 3281 crudelitas
1787 3224 2078 3295 plurimos

2173 1796 2282 1848 τῶν
2332 1790 2592 1870 αἶρέσεως
2681 1794 3155 1872 βλασφημούντων
3244 1794 3329 1851 ὅτι
3411 1795 3503 1851 καὶ
3561 1798 3596 1865 ἡ
3655 1794 3853 1865 θεότης

2180 1880 2374 1946 ἔπαθεν
2407 1882 2459 1936 έν
2516 1886 2600 1956 τῷ
2659 1888 2895 1958 σταυρῷ·
2954 1883 3208 1961 ἐξαίφνης
3277 1882 3495 1940 παιδίον
3565 1882 3622 1939 ἐκ
3682 1885 3853 1957 μέσου

2184 1975 2280 2026 τοῦ
2336 1970 2584 2043 πλήθους
2668 1973 2931 2047 ἀρπαγὲν,
3011 1975 3091 2035 εἷς
3172 1974 3267 2029 τὸν
3352 1973 3481 2050 ἀέρα
3542 1972 3854 2052 ἀνεφέρετο.

2188 2065 2406 2118 Πάντων
2467 2060 2525 2118 δὲ
2580 2064 2714 2137 μετᾶ
2762 2059 2935 2140 φόϐου
2992 2065 3301 2141 κραζόντων
3351 2066 3413 2120 τὸ
3472 2064 3639 2140 Κύριε
3695 2064 3859 2134 ἐλέη-

2185 2172 2298 2220 σον,
2351 2146 2550 2221 κατέϐη
2605 2151 2668 2206 τὸ
2717 2148 2957 2222 παιδίον,
3016 2152 3091 2214 ὡς
3166 2152 3270 2207 ὑπὸ
3328 2149 3560 2230 νεφέλης
3616 2149 3857 2227 ἡσύχως

2185 2240 2276 2295 καὶ
2322 2238 2757 2315 παρεκελεύσατο
2814 2245 2897 2314 τῷ
2980 2240 3100 2313 λαῷ
3157 2248 3453 2311 σιωπῆσαι·
3511 2242 3601 2295 καὶ
3677 2242 3853 2311 εἶπεν,

2188 2331 2271 2386 ὅτι
2304 2332 2356 2384 οἱ
2385 2335 2490 2385 τῶν
2524 2329 2772 2407 ἀγγέλων
2807 2330 2979 2407 χοροὶ
3003 2332 3182 2407 χωρὶς
3211 2338 3312 2401 τῆς
3346 2333 3668 2403 προσθήκης
3723 2328 3857 2413 τοῦ,

2185 2423 2246 2478 ⁸0
2301 2421 2631 2497 παυρωθεὶς
2691 2419 2763 2475 δι’
2840 2423 3011 2494 ἡμᾶς,
3067 2420 3343 2495 ψάλλουσι
3402 2421 3493 2476 τὸν
3570 2419 3857 2496 τρισάγιον

2187 2509 2381 2579 ὕμνον.
2436 2512 2615 2566 Τοῦτο
2674 2508 2731 2565 δὲ
2780 2510 3023 2572 εἰπόντος
3077 2508 3174 2566 τοῦ
3233 2508 3475 2580 παιδίου,
3532 2511 3621 2566 καὶ
3678 2529 3863 2584 παρα-

2189 2607 2385 2675 χρῆμα
2431 2598 2880 2674 τελευτήσαντος,
2934 2600 3201 2656 ἐπαύσατο
3254 2600 3348 2657 σὺν
3378 2605 3447 2676 τῇ
3508 2599 3705 2674 αἱρέσει
3760 2601 3854 2656 καὶ

2188 2693 2216 2747 ὁ
2250 2690 2492 2766 σεισμός.
2554 2691 2655 2749 Καὶ
2714 2690 3021 2766 ἐθαύμασαν
3081 2691 3332 2767 ἅπαντες,
3392 2689 3705 2766 δοξάζοντες
3755 2692 3854 2747 τὸν

2189 2783 2342 2838 Θεόν.

2791 2961 2868 3033 Τῇ
2898 2957 3033 3033 αὗτῇ
3060 2959 3243 3032 ἡμέρᾳ

2404 3081 2671 3152 ἈθΑησις
2700 3085 2795 3138 τοῦ
2825 3082 3226 3159 ὁσιομάρτυρος
3255 3081 3626 3160 ΙΙαφνουτίου.

2258 3227 2444 3281 Ἦτοῦ
2484 3221 2780 3289 δυσσεϐοῦς
2839 3224 3106 3301 βασιλέως
3163 3227 3564 3298 Διοκλητιανοί
3621 3226 3856 3301 ὠμότης

412 3319 886 3374 Christianorum
921 3334 1038 3373 non
1069 3317 1264 3372 solum
1298 3332 1367 3370 ex
1398 3315 1589 3383 laicis,
1633 3314 1738 3370 sed
1771 3330 1841 3369 ex
1871 3329 2075 3369 mona-

2194 3314 2569 3380 πολλοὺςτῶν
2602 3317 2939 3389 Χριστιανῶν
2984 3313 3228 3387 ἀπέδειξε
3279 3316 3577 3392 μάρτυρας,
3636 3315 3697 3371 ού
3750 3315 3857 3389 μό-

410 3408 539 3464 chis
569 3408 768 3463 effecit
822 3396 1159 3479 martyres:
1203 3423 1273 3460 ex
1330 3421 1585 3476 quorum
1656 3420 1906 3460 numero
1963 3404 2081 3460 fuit

409 3501 650 3553 sanctus
708 3496 1108 3567 Paphnutius,
1169 3495 1271 3565 qui
1331 3510 1401 3548 ex
1458 3495 1701 3566 Egypto
1762 3492 2074 3548 oriundus.

409 3585 682 3643 abdicato
712 3588 954 3655 saeculo,
989 3586 1308 3641 maximam
1340 3585 1471 3638 vita:
1500 3589 1730 3655 partem
1767 3584 1829 3639 in
1861 3583 2079 3639 eremis

409 3678 715 3749 transegit.
752 3676 865 3731 Sed
895 3693 1033 3731 cum
1067 3674 1360 3746 plurimos
1388 3675 1725 3729 Grmcorum
1781 3673 1855 3728 ad
1914 3672 2079 3728 Chri-

411 3770 568 3821 stum
583 3769 1014 3830 converteret,a
1040 3763 1320 3835 praefecto
1352 3762 1426 3817 ad
1448 3779 1655 3818 necem
1681 3761 2077 3833 quaarebatur.

407 3853 605 3909 Multis
638 3870 773 3927 ergo
833 3854 964 3925 ejus
1018 3869 1198 3907 causa
1247 3851 1720 3923 comprehensis,
1764 3852 1974 3923 jussus
2000 3852 2073 3909 ab

407 3943 638 4016 angelo,
667 3943 946 4015 praefecto
999 3960 1061 3998 se
1094 3942 1250 3997 ultro
1283 3941 1587 4008 obtulit,in
1620 3941 1792 4013 cujus
1824 3958 2073 4013 conspe-

408 4037 509 4088 ctu
537 4032 839 4087 Christum
871 4032 1196 4103 professus,
1258 4031 1484 4086 catenis
1533 4031 1745 4086 ferreis
1776 4032 2075 4086 constrin-

409 4122 567 4194 gitur
591 4127 746 4177 :tum
777 4123 837 4177 in
872 4121 1195 4193 equuleum
1217 4127 1479 4185 actus,eo
1502 4137 1690 4190 usque
1721 4120 2075 4204 depectitur’

414 4211 604 4266 donec
634 4210 798 4265 illius
828 4212 1055 4266 viscera
1084 4211 1146 4265 in
1181 4215 1399 4264 terram
1440 4208 1825 4281 proﬂuerent.
1861 4211 2076 4264 Verum

417 4316 550 4355 cum
582 4299 937 4371 rursus,illis
952 4300 1023 4356 ab
1038 4299 1247 4372 angelo
1270 4300 1597 4370 composite
1619 4298 1885 4354 inlocum
1906 4317 2080 4355 suum

413 4391 729 4459 restitutis,
761 4408 942 4446 sanus
974 4392 1241 4460 effectus,
1277 4390 1497 4445 multos
1530 4389 1605 4445 ad
1650 4390 1865 4445 Christi
1900 4391 2079 4446 ﬁdem

420 4481 718 4551 traxisset,
753 4481 1010 4535 mittitur
1062 4498 1097 4536 a
1148 4479 1450 4552 praefecto,
1500 4495 1621 4534 una
1677 4497 1813 4535 cum
1846 4480 1919 4535 iis
1977 4480 2078 4552 qui

416 4569 814 4638 crediderant,
847 4571 920 4626 ad
952 4571 1386 4625 Diocletianum
1422 4570 1866 4642 imperatorem,
1900 4587 1934 4625 a
1961 4587 2077 4641 quo

2189 3427 2279 3460 νον
2314 3404 2373 3460 έκ
2393 3409 2503 3461 τῶν
2535 3404 2764 3478 λαῒκῶν,
2795 3404 2944 3461 ἆλλᾶ
2997 3405 3088 3461 καὶ
3146 3405 3206 3461 ἐκ
3258 3411 3369 3462 τῶν
3431 3410 3713 3483 μοναχῶν·
3774 3405 3858 3462 ὧν

2191 3497 2268 3559 εἷς
2298 3499 2364 3565 ἦν
2404 3494 2497 3551 καὶ
2538 3496 2566 3550 6
2618 3496 2770 3560 ὅσιος
2830 3494 3188 3573 [Ιαφνούτιος.
3249 3493 3425 3560 Οὗτος
3479 3497 3581 3572 γὰρ
3640 3493 3692 3567 ἐξ
3746 3494 3856 3551 Αἰ-

2186 3586 2396 3662 γύπτου
2451 3584 2849 3661 καταγόμενος,
2933 3584 3250 3641 καταλιπὼν
3320 3585 3411 3640 τὸν
3480 3584 3712 3657 κόσμον,
3760 3584 3862 3639 τὸν

2193 3676 2449 3733 πλεῖστον
2482 3678 2580 3741 τῆς
2612 3680 2759 3744 ζωῆς
2785 3675 2951 3729 αότοῢ
2981 3674 3181 3749 χρόνον
3208 3669 3477 3749 διέτριϐεν
3510 3672 3561 3728 ἐν
3596 3672 3859 3750 ἐρήμοις.

2189 3771 2287 3821 Διά
2318 3764 2375 3821 δὲ
2395 3765 2457 3820 τὸ
2489 3762 2738 3826 πολλοὺς
2768 3767 2874 3819 τῶν
2908 3762 3198 3833 Ἐλλήνων
3232 3763 3574 3840 ἐπιστρέφειν
3594 3763 3731 3839 πρὸς
3760 3762 3860 3818 τὸν

2189 3856 2451 3932 Χριστὸν,
2502 3852 2738 3928 ἔξῃτεῖτο
2787 3859 3114 3930 φονευθῆναι
3198 3852 3346 3927 παρά
3413 3855 3513 3907 τοῦ
3557 3848 3855 3928 ἄρχοντος.

2190 3945 2293 4003 Καὶ
2324 3942 2553 4000 πολλῶν
2584 3940 2968 4016 κρατουμένων
3028 3939 3101 3996 δι’
3159 3940 3344 4014 αὐτὸν,
3408 3941 3512 3997 ὑπὸ
3543 3940 3691 3997 θείου
3747 3940 3858 4015 ἆγ-

2187 4037 2354 4111 γέλου
2435 4032 2767 4102 κελευσθεὶς,
2839 4028 3093 4095 ἀπελθὼν
3152 4032 3391 4105 παρέστη
3462 4034 3542 4103 τῷ
3624 4027 3861 4107 ἄρχοντι

2190 4125 2278 4181 καὶ
2330 4124 2422 4179 τὸν
2480 4121 2712 4197 Χριστὸν
2775 4118 3156 4194 ὁμολογήσας,
3238 4117 3515 4194 δεσμεῖται
3577 4117 3859 4194 σιδήροις.

2189 4212 2293 4272 Καὶ
2331 4212 2419 4267 ἐπὶ
2478 4211 2643 4282 ξύλου
2694 4208 3041 4283 κρεμασθεὶς,
3125 4207 3333 4280 ἐξέσθη,
3392 4207 3493 4272 ἕως
3547 4210 3614 4264 τὰ
3669 4206 3863 4287 ἔντερα

2188 4302 2352 4359 αὐτοῦ
2405 4295 2594 4356 ἔπεσον
2656 4298 2745 4354 ἐπὶ
2793 4299 2894 4366 τήν
2957 4305 3086 4374 γῆν.
3150 4296 3326 4355 Ἀλλὰ
3391 4297 3558 4354 πάλιν
3630 4300 3859 4374 γέγονεν

2191 4391 2376 4467 ὑγιὴς,
2409 4387 2649 4463 ἀγγέλου
2703 4391 2873 4442 ταῦτα
2930 4387 3419 4461 προσαρμόσαντος
3476 4390 3554 4458 τῷ
3612 4387 3854 4459 σώματι·

2189 4478 2464 4537 ἐκτούτου
2488 4475 2693 4533 πολλοὶ
2746 4475 3059 4531 ἐπίστευσαν
3118 4480 3197 4548 τῷ
3254 4479 3502 4550 Χριστῷ.
3558 4475 3657 4529 Καὶ
3718 4472 3854 4531 ἰδὼν

2192 4575 2219 4629 ὁ
2252 4570 2464 4648 ἄρχων,
2487 4572 2691 4643 πέμπει
2727 4568 2887 4624 αὐτὸν
2917 4567 3008 4622 σὺν
3041 4572 3161 4631 τοῖς
3224 4565 3539 4622 πιστεύσασι
3571 4567 3709 4641 πρὸς
3756 4568 3852 4623 τὸν

413 4662 628 4733 palmae
657 4662 894 4729 afﬁxus,
923 4662 1181 4717 decessit
1209 4678 1222 4715 :
1262 4666 1439 4731 atque
1470 4677 1590 4715 uno
1626 4661 1962 4733 eodemque
1993 4663 2075 4720 die

2193 4660 2379 4719 κσιλέι
2410 4657 2826 4729 Διοκλητιανόν.
2867 4657 2965 4713 Καὶ
2999 4658 3126 4729 παρ’
3187 4655 3399 4711 ἐκείνου
3465 4654 3553 4710 ἐπὶ
3587 4656 3844 4728 φοίνικος

415 4752 724 4824 quingenti
783 4751 1175 4823 quadraginta
1206 4754 1433 4822 septem
1484 4756 1776 4823 martyres
1799 4751 2075 4810 decollati

2193 4749 2541 4826 σταυρωθεῖς,
2602 4744 2919 4817 ἐτελειώθηζ
2980 4746 3110 4802 Κατ’
3159 4744 3326 4813 αὐτὴν
3388 4742 3444 4799 δὲ
3488 4745 3589 4814 τὴν
3637 4743 3850 4819 ἡμέραν

412 4842 601 4899 fuere.

1078 4960 1300 5016 Eodem
1331 4961 1427 5016 die

415 5080 517 5135 69
549 5080 1003 5137 Commemoratio
1032 5085 1237 5135 sanctae
1266 5079 1668 5150 Euphrosynw,
1705 5095 1828 5149 quae
1885 5081 2080 5136 Sama-

900 5152 1110 5220 ragdus
1149 5151 1438 5221 appellata
1464 5154 1595 5220 fuit.

487 5267 682 5321 Multm
710 5271 849 5321 sunt
879 5265 1087 5320 salutis
1111 5265 1477 5320 vim.Etenim
1509 5265 1903 5336 Euphrosyna
1933 5281 2084 5338 opu-

415 5355 565 5411 lenti
591 5355 853 5410 hominis
875 5354 1021 5419 ﬁlia,
1055 5370 1190 5409 cum
1245 5353 1358 5408 sibi
1389 5355 1629 5425 nuptias
1676 5355 1871 5425 parari
1902 5355 2084 5410 resci-

2187 4837 2700 4918 ἀπεκεφαλίσθησαν
2732 4835 3080 4891 πεντακόσιοι
3130 4835 3217 4907 μζ¹
3251 4834 3540 4911 μάρτυρες,

2800 4963 2882 5036 Τῇ
2904 4961 3045 5034 αὐτῇ
3074 4961 3258 5036 ἡμέρᾳ

2188 5078 2398 5150 Μνήμη
2431 5080 2531 5143 τῆς
2566 5069 2717 5133 (hinc
2746 5066 3131 5150 Eﬁcngcuv'ns,
3189 5068 3288 5136 τῆς
3351 5067 3854 5142 μετονομασθείσης

2846 5135 2886 5194 Σ
2896 5135 3196 5214 μαρᾶγδου.

2265 5251 2479 5311 Πολλαί
2507 5249 2609 5305 εἶσι
2639 5255 2741 5317 τῆς
2773 5246 3046 5321 σωτηρίας
3106 5245 3244 5303 ὁδοί.
3306 5246 3408 5303 Καὶ
3466 5247 3571 5323 γὰρ
3630 5249 3665 5316 ἡ
3731 5246 3856 5300 ὁσία

2192 5340 2546 5424 Εύφροσύνη,
2578 5339 2817 5414 θυγάτηρ
2848 5334 2980 5391 οὖσα
3036 5336 3310 5393 πλουσίου
3361 5337 3535 5409 τινὸς,
3590 5335 3680 5391 καὶ
3712 5335 3855 5410 πρὸς

417 5444 620 5510 visset,
656 5444 903 5516 ipsaque
961 5443 1177 5497 Christi
1234 5459 1454 5513 sponsa
1510 5459 1641 5499 esse
1696 5445 1758 5499 in
1816 5445 2075 5500 animum

2194 5423 2373 5511 γάμον
2408 5425 2692 5504 μέλλουσα
2748 5423 3062 5495 ἐκδοθῆναι,
3115 5430 3317 5501 γνοῦσα
3371 5430 3556 5495 τοῦτο,
3614 5424 3703 5480 καὶ
3754 5428 3855 5478 τοῦ

420 5533 774 5599 induxisset,
796 5532 1062 5604 confugit
1090 5532 1163 5587 ad
1194 5533 1514 5602 quemdam
1560 5540 1831 5589 sanctum
1855 5551 2083 5618 senem,

423 5638 458 5677 a
488 5637 605 5691 quo
652 5620 1129 5677 sanctimonialis
1182 5620 1338 5676 facta
1368 5628 1476 5676 est.
1527 5623 1794 5694 Cumque
1826 5623 2086 5710 timeret,

427 5727 501 5765 ne
558 5726 594 5764 a
630 5716 796 5781 patre
848 5715 1327 5783 cognosceretur,
1360 5716 1596 5782 sumpto
1650 5712 1804 5766 virili
1853 5712 2085 5780 habitu,

2194 5525 2431 5599 Χριστοῦ
2458 5518 2645 5595 νύμφη
2670 5515 2906 5570 θέλουσα
2981 5515 3137 5583 εἶναι,
3196 5512 3574 5589 προσέδραμεν
3608 5514 3687 5570 ένὶ
3739 5517 3850 5568 τῶν

2198 5614 2365 5691 ἁγίων
2415 5607 2711 5686 γερόντων,
2748 5605 2849 5660 καὶ
2903 5605 3032 5680 παρ’
3084 5604 3291 5660 ἐκείνου
3345 5603 3554 5679 ἐγένετο
3608 5605 3853 5678 μοναχή.

2197 5704 2331 5763 Εἶτα
2361 5695 2685 5778 φοϐηθεῖσα,
2742 5692 2827 5748 ἵνα
2878 5695 2953 5766 μὴ
3012 5696 3291 5771 γνωρισθῇ
3345 5695 3450 5750 ὑπὸ
3506 5698 3605 5750 τοῦ
3646 5692 3854 5768 πατρὸς

422 5779 770 5868 mutatoque
784 5779 1316 5869 nomine,seipsam
1342 5779 1729 5872 Smaragdum
1753 5798 2075 5872 appellavit

2197 5794 2385 5865 αὐτῆς.
2464 5780 2796 5858 ἐνδυσαμένη
2856 5779 3077 5862 ἀνδρεία
3130 5783 3353 5860 ἱμάτια,
3418 5785 3510 5839 καὶ
3570 5801 3858 5859 μετασχη-
