4142 6430
237 385 309 448 13
1772 374 2269 442 SEPTEM'BEB.
3687 392 3768 452 '14

251 521 525 593 μασθεῖσα
611 517 705 580 εἷς
797 516 1010 596 ἄνδρα,
1102 517 1198 573 καὶ
1301 511 1720 590 μετονομάσασα
1794 509 1990 579 ἑαυτὴν

2105 519 2286 586 atque
2308 514 2371 570 in
2392 516 2656 573 virorum
2688 519 3122 575 monasterium
3146 537 3276 577 sese
3300 524 3573 592 contulit,
3606 529 3767 597 quod

261 605 639 685 Σμάραγδον,
675 606 960 680 ἀπῆλθεν
1017 607 1097 669 εἰς
1156 603 1403 683 ἀνδρεῖον
1434 602 1829 677 μοναστήριον,
1863 597 1938 660 εἷς
1968 598 1993 654 ὂ

2107 608 2166 658 et
2194 609 2365 675 pater
2396 605 2526 677 ejus
2555 607 2840 679 frequens
2870 608 3034 664 adire
3095 619 3513 671 consueverat:
3555 622 3766 688 postea

265 699 354 756 καὶ
382 700 686 774 πρότερον
750 700 901 754 κατὰ
955 699 1246 768 συνήθειαν
1303 695 1590 769 ἀπή-ρχετο
1621 691 1648 745 ὁ
1681 689 1862 764 πατὴρ
1897 689 1993 743 αὐ-

2107 709 2243 748 vero
2276 695 2419 750 illuc
2450 696 2791 767 adveniens,
2827 716 2962 754 cum
2993 703 3342 757 monasterii
3374 705 3652 775 praefecto
3686 708 3759 764 de

267 799 389 863 τῆς.
448 791 563 849 Κιῖ
634 791 795 865 μετᾶ
857 794 1026 846 τοῦτο
1086 785 1254 843 πάλιν
1311 783 1710 861 ἀπερχόμενος,
1773 779 1864 836 καὶ
1920 783 1993 851 τῷ

2105 779 2242 854 fuga
2275 783 2414 838 ﬁlias
2447 802 2602 857 saepe
2629 786 3103 858 colloquebatur,
3136 790 3508 862 inspectante
3541 801 3598 850 et
3653 813 3763 852 au-

282 882 583 960 ὴγουμὲνῳ
669 877 1067 955 διηγούμενος
1128 877 1230 946 τὴν
1290 875 1468 954 φυγὴν
1523 879 1627 943 τῆς
1683 871 1993 946 θυγατέρος,

2107 869 2307 926 diente
2334 873 2689 946 plerumque
2719 876 2864 946 filia,
2889 876 3277 949 doloremque
3301 881 3507 937 eadem
3531 883 3603 938 de
3622 901 3763 940 cau-

294 969 489 1030 ἕϐλεπε
521 968 836 1032 πολλάκις
897 973 992 1024 καί
1053 967 1224 1036 αὐτὴν
1282 963 1690 1039 παριπαμὲνην
1721 965 1800 1033 τῷ
1828 962 1993 1035 ἡγου-

2107 973 2173 1015 sa
2202 979 2323 1032 prae
2357 979 2419 1017 se
2449 963 2699 1032 ferente,
2728 981 2865 1020 cum
2919 967 3164 1022 interim
3195 983 3228 1022 a
3253 974 3420 1040 patre
3450 987 3762 1044 nunquam

305 1065 444 1136 μὲνῳ
475 1060 529 1117 ἐν
564 1061 839 1137 σχήματι
904 1055 1119 1131 ἀνδρὸς,
1176 1054 1267 1110 καὶ
1323 1051 1675 1125 λυπουμένην
1717 1046 1876 1118 δῆθεν
1911 1045 1993 1102 διὰ

2105 1057 2587 1122 cognosceretur.
2630 1058 2772 1109 Cum
2805 1061 3006 1110 autem
3053 1056 3114 1109 in
3159 1061 3525 1116 monasterio
3571 1077 3763 1119 annos

301 1155 392 1221 τὴν
449 1151 748 1228 θυγατέρα
809 1150 1006 1205 αὖτοῦ·
1092 1145 1223 1202 ἀλλ’
1306 1143 1405 1198 οὐκ
1459 1137 1993 1228 ἐγνώριζεν-αότήν.

2105 1137 2312 1194 decem
2345 1145 2402 1194 et
2425 1146 2556 1196 octo
2615 1142 2878 1212 vixisset,
2938 1143 3152 1199 incidit
3207 1147 3270 1200 in
3330 1148 3630 1205 morbum.
3694 1154 3765 1207 Et

299 1226 606 1297 Δια-θιὲσασα
655 1237 720 1295 δῖ
771 1239 826 1295 ιν
884 1240 962 1310 τῷ
1020 1233 1374 1310 μοναστηρίῳ
1419 1229 1512 1302 ἔτη
1548 1227 1678 1285 δίκα
1703 1226 1794 1283 καὶ
1829 1226 1993 1296 ὀκτὼ,

2105 1229 2392 1284 accersito
2419 1235 2586 1301 patre
2617 1231 2801 1287 dixit:
2835 1234 2952 1305 Ego
2985 1249 3117 1288 sum
3149 1234 3275 1291 ﬁlia
3326 1241 3446 1308 tua,
3495 1254 3570 1294 ne
3619 1256 3765 1296 con-

302 1331 591 1401 ἧσθὲνησεο
645 1328 750 1384 καὶ
829 1322 1320 1401 προσκαλεσαμένη
1393 1321 1484 1376 τὸν
1544 1317 1750 1395 πατέρα
1809 1315 1993 1386 αὐτῆς,

2103 1316 2358 1374 tristeris
2382 1335 2396 1373 :
2425 1320 2747 1392 statimque
2779 1321 3159 1379 obdormivit.

303 1421 474 1478 εἶπεν.
536 1419 692 1493 Ἐγώ
753 1416 874 1490 εἶμι
929 1413 1173 1490 θυγάτηρ
1229 1429 1349 1467 σου·
1407 1408 1500 1466 καὶ
1552 1409 1630 1483 μὴ
1676 1405 1876 1464 λυποῦο
1907 1403 1998 1460 καὶ

303 1513 470 1566 τοῦτο
505 1508 780 1576 εἰποῦσα,
812 1505 1110 1579 ἐκοιμήθη.

869 1596 1057 1653 MHNI
1109 1597 1197 1672 τᾳ
1251 1591 1460 1668 Αγτᾳ.
2660 1591 2903 1648 EODEM
2942 1592 3196 1650 MENSE.

1129 1682 1218 1752 Κζ¹
2628 1681 2732 1736 Die
2765 1681 3044 1738 viCesima
3075 1687 3241 1739 sexta

318 1779 384 1836 Ἦ
417 1776 746 1850 μετάστασις
798 1777 899 1831 τοῦ
952 1772 1112 1850 ἁγίου
1159 1767 1409 1850 Ἰωάννου
1459 1764 1878 1842 τοῦθεολόγου
1907 1763 1993 1820 καῖ

2102 1763 2554 1824 ’τυὙναηειαίίο
2610 1773 2791 1826 sancti
2844 1772 3078 1850 Joannis
3137 1773 3420 1845 Theologi,
3478 1781 3530 1832 et
3585 1793 3758 1833 evan-

977 1841 1362 1920 ε’ὐαγγελστοῦ.
1792 1841 1798 1842 ί

2102 1899 2103 1904 η
2807 1844 3036 1913 σειίεεω.

390 1940 455 1997 Ὀ
506 1939 703 2013 Μὲγας
762 1931 1074 1995 ἀπόστολος
1127 1930 1219 1988 καὶ
1294 1927 1688 2005 εὖαγγελιστής
1740 1925 1993 1996 Ἰωάννης

2179 1928 2421 2000 Magnus
2443 1929 2759 2001 apostolus
2790 1935 2849 1986 et
2894 1932 3256 2005 evangelista
3292 1935 3573 2002 Joannes,
3623 1942 3762 2009 post

322 2028 464 2103 μετὰ
490 2029 598 2097 τὴν
656 2025 937 2098 ἀνάληψιν
993 2025 1092 2078 τοῦ
1145 2023 1373 2096 Κυριου,
1429 2017 1520 2073 καὶ
1570 2018 1673 2085 τήν
1727 2015 1988 2089 κοίμησιν

2102 2017 2336 2072 Domini
2385 2019 2801 2075 ascensionem
2851 2025 2912 2076 et
2966 2021 3234 2092 Deiparse
3287 2022 3537 2090 obitum,
3597 2027 3760 2082 venit

311 2125 417 2188 τῆς
474 2115 772 2187 Θεοτόκου,
829 2113 1000 2183 “mea
1060 2111 1136 2174 sic
1189 2115 1440 2188 Ἔφεσον,
1499 2104 1993 2183 εὐαγγελιζόμενος

2102 2105 2420 2177 Ephesum,
2450 2108 2748 2163 Christum
2777 2111 3224 2182 evangelizans;
3275 2111 3627 2185 delatusque
3673 2113 3747 2169 ad

309 2209 409 2262 τὸν
444 2205 704 2278 Χριστόν.
739 2201 846 2260 Kc?
877 2195 1197 2270 διαϐληθεὶς
1249 2197 1564 2271 Δομετιανῷ
1590 2199 1669 2267 τῷ
1697 2193 1988 2268 Ῥωμαίων

2102 2195 2500 2252 Domitianum
2533 2200 2938 2254 Romanorum
2977 2199 3420 2272 imperatorem,
3453 2202 3754 2272 relegatur

315 2297 567 2377 βασιλεῖ,
599 2293 869 2369 ἐξωρίσθη
925 2290 1002 2352 εἰς
1059 2289 1282 2377 Πάτμον
1335 2287 1453 2377 τὴνς
1481 2288 1675 2377 νῆσονἶ
1701 2285 1872 2377 Ἔνθα
1895 2282 1994 2338 καὶ·

309 2371 376 2444 τὸ
408 2387 574 2460 ἅγιον
625 2381 855 2457 ἔγραψεν
904 2376 1261 2454 Εὐαγγὲλίον.
1315 2371 1859 2442 Μἐτὰ¹δὶπτελιυτήν
1890 2381 1988 2427 Δο-

318 2478 610 2550 μετιανοῦ,
642 2465 1198 2541 ἆνακληθείςυπάλιν,
1231 2463 1400 2534 ἦλθεν
1461 2462 1537 2525 εἷς
1595 2463 1846 2539 Ἔφεσον.
1883 2461 1987 2516 Καὶ

2095 2283 2159 2339 in
2191 2285 2447 2342 insulam
2481 2290 2735 2356 Patmos,
2767 2288 2869 2343 ubi
2902 2295 3174 2344 sanctum
3196 2290 3578 2362 Evangelium
3597 2309 3750 2349 con-

2097 2375 2356 2445 scripsit.
2403 2377 2624 2432 Functo
2657 2381 2856 2432 autem
2887 2378 3006 2432 vita
3032 2379 3388 2448 Domitiano,
3440 2386 3751 2438 revocatus

2096 2463 2168 2519 ab
2203 2466 2433 2536 exsilio,
2467 2467 2647 2522 rediit
2674 2469 3012 2540 Ephesum:
3049 2469 3150 2523 ubi
3182 2486 3318 2524 cum
3358 2471 3578 2527 multos
3628 2471 3742 2527 do-

2096 2554 2568 2627 cuisset,perque
2583 2556 2943 2628 baptismum
2958 2557 3032 2613 ad
3054 2558 3352 2614 Christum
3375 2559 3744 2630 adduxisset,

2098 2643 2550 2700 translationem
2586 2663 2756 2700 suam
2789 2648 3094 2718 praenovit.
3125 2648 3436 2704 Dominico
3460 2649 3640 2722 igitur
3669 2649 3765 2704 die

2101 2750 2236 2789 cum
2266 2733 2480 2789 fratres
2511 2752 2726 2808 magna
2766 2737 2870 2791 Dei
2927 2753 3110 2808 Opera
3159 2735 3480 2805 docuisset,
3533 2739 3764 2810 eisque,

2100 2827 2167 2878 ut
2195 2839 2326 2894 qua:
2361 2823 2551 2878 edocti
2583 2841 2618 2880 a
2645 2841 2706 2879 se
2733 2825 2990 2893 fuerant,
3019 2825 3421 2894 observarent,
3448 2827 3766 2899 praecepis-

322 2565 462 2640 μετᾶ
492 2563 558 2617 τὸ
589 2559 844 2621 πολλοὺς
903 2555 1134 2628 διδάξαι,
1188 2554 1280 2610 καὶ
1337 2551 1427 2609 διὰ
1471 2556 1568 2607 τοῦ
1616 2550 1988 2627 βαπτίσματος

317 2655 705 2728 προσαγαγεῖν
761 2653 842 2720 τῷ
899 2648 1140 2723 Χριστῷ,
1198 2645 1451 2720 προέγνω
1515 2643 1616 2711 τὴν
1669 2641 1988 2728 μετάστασιν

324 2727 516 2798 αὖτοῦ.
568 2738 677 2798 Καῗ
726 2741 1007 2812 Κυριακῆς
1043 2736 1254 2810 ἡμέρας
1297 2731 1585 2800 ἐλθούσης,
1618 2727 1992 2801 διδάξαςλτοὺς

323 2830 605 2908 ἀδελφοὺς
663 2829 751 2883 τά¹
791 2824 1053 2902 μεγαλεῖα
1117 2828 1215 2880 τοῦ
1269 2826 1428 2879 Θεοῦ·
1477 2820 1566 2877 καὶ
1623 2815 1994 2896 παραγγείλας

321 2921 517 2981 αὐτοῖς
575 2917 870 2996 φυλάττειν
924 2915 1098 2970 πάντα
1153 2913 1220 2967 τὰ
1275 2909 1603 2987 διδαχθέντα
1658 2910 1748 2988 ὁπ’
1805 2908 1993 2976 αὐτοῦ,

2103 2917 2212 2976 set,
2247 2911 2560 2983 imperavit
2586 2913 2882 2984 discipulo
2913 2919 3000 2983 ut,
3032 2915 3354 2986 assumptis
3386 2915 3760 2981 hominibus,

321 2993 632 3087 προσέταξε
713 3005 796 3078 τῷ
883 3005 1116 3078 μαθητῇ
1185 3001 1350 3056 αὐτοῦ
1401 2993 1768 3072 παραλαϐεῖν
1801 2995 1993 3072 ἄνδρας

2104 3006 2164 3056 et
2193 3017 2324 3072 quas
2356 3000 2430 3057 ad
2461 3001 2808 3057 fodiendum
2840 3020 2990 3074 opus
3023 3009 3244 3071 essent,
3278 3005 3503 3075 paratis
3531 3007 3761 3061 instru-

316 3101 662 3176 κατέχοντας
712 3096 808 3158 τὰς
863 3094 1000 3170 πρὸς
1057 3089 1271 3170 ὄρυγμα
1344 3090 1554 3166 χρείας,
1611 3087 1702 3144 καὶ
1759 3087 1993 3143 ἀκολου-

2105 3091 2345 3158 mentis,
2379 3107 2440 3145 se
2473 3097 2976 3163 consequeretur:
3018 3091 3281 3164 abiitque
3331 3093 3392 3148 in
3443 3093 3763 3165 quemdam

314 3193 454 3246 θεῖν.
521 3189 623 3242 Καὶ
686 3183 863 3241 ἐλθὼν
919 3183 1008 3239 ἐπὶ
1062 3183 1156 3238 τὸν
1213 3181 1404 3250 τόπον,
1466 3179 1755 3252 ἐπέτρεψεν
1811 3176 1993 3251 ὁρόξιιιι

2103 3177 2324 3248 locum,
2342 3180 2642 3252 jussitque
2667 3186 2865 3253 egesta
2887 3181 3005 3236 alte
3037 3186 3196 3236 terra
3216 3181 3439 3237 fossam
3472 3183 3535 3238 in
3567 3182 3763 3238 crucis

313 3282 544 3354 ὄρυγμα
606 3274 746 3352 βαθὺ
809 3269 1174 3349 σταυροειδὲς.
1235 3270 1336 3327 Καὶ
1415 3267 1844 3341 προσευξάμενος
1901 3266 1989 3321 καὶ

2110 3271 2357 3343 ﬁguram
2390 3271 2668 3327 effodere.
2699 3274 2827 3326 Mox
2859 3272 3063 3339 oravit,
3100 3277 3158 3326 et
3187 3273 3372 3327 dixit:
3425 3275 3544 3328 Pax
3573 3273 3762 3343 vobis,

311 3353 514 3426 εἶπών·
562 3365 777 3439 Εῗρήνη
829 3363 978 3435 ὑμῖν,
1034 3357 1286 3434 ἀδελφοὶ,
1335 3355 1595 3427 ἀνεκλίθη
1631 3354 1685 3410 ἰν
1713 3359 1794 3428 τῷ
1834 3353 1993 3430 ὀρύγ-

2104 3361 2317 3416 fratres
2347 3377 2360 3415 :
2395 3368 2453 3417 et
2477 3363 2538 3416 in
2568 3362 2734 3418 fovea
2764 3379 2893 3418 sese
2941 3362 3314 3433 composuit:
3366 3381 3482 3434 quo
3532 3369 3760 3434 operto,

323 3481 484 3533 ματι.
513 3457 649 3512 Τότε
680 3453 1023 3529 καλύψαντες
1080 3450 1242 3506 αὐτὸν
1297 3449 1350 3503 οἳ
1411 3445 1651 3522 μαθηταὶ
1703 3445 1993 3533 ἀνεχώρη-

2105 3449 2382 3522 discipuli
2414 3451 2764 3509 discessere.
2801 3455 3009 3507 Verum
3061 3452 3240 3523 paulo
3295 3458 3431 3524 post
3479 3453 3756 3526 regressi,

323 3531 449 3604 σαν.
517 3546 623 3603 Καὶ
697 3542 834 3618 μετᾶ
890 3545 1056 3598 τοῦτο
1112 3537 1366 3603 ἐλθόντες
1434 3533 1568 3591 ἲδεῖν
1633 3535 1818 3605 αὐτὸν,
1888 3531 1993 3608 οὐχ

2104 3538 2335 3594 visendi
2367 3556 2503 3595 eum
2536 3539 2757 3611 studio,
2788 3556 3171 3612 nequaquam
3203 3541 3563 3598 invenerunt

335 3636 526 3711 εὗρον.

902 3777 1080 3830 una!
1119 3772 1212 3850 T9
1250 3774 1443 3851 Απφε

1117 3863 1213 3918 KZ‘

506 3983 784 4053 ’Δθλησις
811 3987 914 4050 τῆς
945 3977 1100 4054 ἁγίας
1140 3978 1415 4054 μάρτυρος
1445 3972 1815 4052 Ἐπιχάρεως.

395 4101 700 4178 Ἑπίχαρις
744 4102 782 4168 ἡ
828 4101 926 4153 τοῦ
983 4098 1219 4174 Χριστοῦ
1279 4095 1505 4169 μάρτυς,
1561 4095 1810 4169 ὑπῆρχεν
1843 4091 1895 4148 ἐν
1925 4095 1993 4168 τῇ

2177 4098 2732 4170 Epicharis,Christi
2743 4099 3368 4172 martyr,Diocletiano
3383 4101 3766 4172 imperatore,

335 4195 520 4266 Ρώμῃ
552 4189 644 4246 ἐπὶ
685 4185 1086 4258 Διοκλητιανοῦ
1132 4187 1232 4240 τοῦ
1284 4182 1574 4264 βασιλέως
1631 4181 1905 4257 ἐκρατήθη
1939 4180 1993 4238 δὲ

2108 4189 2309 4244 Romaa
2339 4187 2572 4243 claruit.
2607 4187 3050 4260 Comprehensa
3071 4195 3271 4245 autem
3294 4205 3328 4244 a
3349 4190 3604 4246 Csesario
3624 4207 3773 4262 pra)-

315 4283 475 4356 παρὰ
536 4283 833 4354 Καισαριου
913 4279 1011 4332 τοῦ
1103 4273 1374 4350 ἐπάρχου.
1439 4273 1541 4330 Καὶ
1603 4271 1993 4348 ὀμολογήσασα

2105 4278 2282 4346 fecto,
2320 4277 2712 4348 confessaque
2771 4277 2957 4333 libere
3017 4279 3343 4344 Christum,
3404 4278 3640 4335 sublata
3698 4279 3762 4334 in

317 4367 613 4445 παρρησία
662 4368 756 4422 τὸν
815 4363 1068 4438 Χριστὸν,
1124 4365 1392 4437 κρεμᾶται
1461 4361 1549 4416 καὶ
1610 4361 1803 4431 ξὲὲται.
1863 4359 1993 4418 Εἶτα

2105 4365 2945 4438 equuleum,excarniﬁcatur:
2973 4367 3189 4422 deinde
3210 4366 3445 4422 malleis
3464 4367 3764 4439 plumbeis

307 4460 582 4516 τύπτεται
649 4455 786 4530 μετὰ
845 4457 1062 4532 σφυρῶν
1142 4445 1490 4524 μολυϐδίνων
1551 4450 1656 4505 ὑπὸ
1721 4448 1993 4525 τεσσάρων

2105 4456 2435 4528 percutitur
2457 4473 2489 4511 a
2510 4461 2766 4525 quatuor
2785 4455 3101 4524 militibus,
3132 4457 3255 4527 qui,
3284 4471 3353 4510 ea
3374 4471 3582 4527 preces
3613 4456 3762 4510 fun~

316 4549 709 4624 στρατιωτῶν·
745 4545 969 4612 οἳτινες,
1025 4542 1338 4624 εὐχομένης
1391 4539 1580 4609 αὐτῆς,
1615 4540 1718 4594 ὑπὸ
1748 4539 1993 4615 ἀγγέλων

2106 4545 2304 4612 dente,
2338 4545 2408 4599 ab
2440 4544 2666 4616 angelis
2695 4545 2990 4600 interfecti
3027 4551 3185 4600 sunt.
3221 4545 3535 4600 Consuluit
3559 4546 3762 4616 itaque

311 4623 688 4714 ἀνῃρέθησαν.
753 4634 884 4692 Εἶτα
941 4623 1330 4689 συνεϐούλευσε
1382 4635 1462 4703 τῲ
1519 4634 1750 4706 ἄρχοντι
1794 4631 1822 4686 ὁ
1862 4652 1993 4706 συγ-

2102 4633 2379 4707 praefecto
2401 4631 2696 4699 assessor,
2720 4639 2786 4689 ut
2808 4635 2869 4688 in
2901 4634 3068 4689 illam
3086 4635 3266 4689 ferret
3289 4634 3604 4706 capitalem
3629 4651 3764 4690 sen-

314 4726 593 4801 ιιάθεδρος
651 4725 820 4779 αὐτοῦ
875 4720 1277 4797 άποκεφαλίσαι
1334 4719 1528 4790 αὐτήν,
1596 4715 1886 4791 Λαϐούσης
1942 4717 1993 4776 δὶ

2110 4725 2380 4780 tentiam.
2413 4724 2578 4790 Quod
2610 4740 2745 4779 cum
2772 4724 3012 4780 fecisset
3040 4724 3565 4796 praefectus,c(epit
3594 4741 3766 4780 orare

305 4819 412 4886 τήν
467 4814 565 4871 διὰ
598 4814 792 4892 ξίφους
819 4812 1114 4890 ἀπόφασιν,
1169 4809 1262 4865 καὶ
1322 4808 1776 4884 προσευχομένης
1804 4809 1993 4879 αὐτῆς,

2107 4815 2416 4887 Epicharis
2453 4832 2466 4870 :
2496 4815 2817 4886 statimque
2846 4820 3034 4887 petra,
3064 4833 3195 4887 qua:
3232 4816 3438 4871 subter
3465 4816 3628 4872 illius
3658 4833 3764 4887 pe-

309 4911 349 4976 ἡ
383 4907 677 4980 εὑρεθεῖσα
712 4902 964 4958 ὑποκάτω
1020 4905 1131 4957 τῶν
1191 4897 1377 4955 ποδῶν
1437 4900 1610 4969 αὐτῆς
1639 4900 1835 4974 πέτρα,
1869 4898 1993 4955 ὕδα-

2111 4904 2214 4960 des
2219 4905 2240 4975 j
2253 4904 2479 4972 acebat,
2499 4920 2774 4976 magnam
2791 4905 3000 4960 etl‘udit
3019 4921 3310 4977 aquarum
3326 4906 3464 4961 vim.
3500 4907 3768 4977 Cumque

311 5017 416 5060 τος
445 4979 721 5051 άνέϐλυσε
767 4991 999 5062 πλῆθος.
1064 4979 1412 5064 Πληρώσασα
1461 4986 1519 5043 δὶ
1547 4989 1646 5058 τὴν
1681 4989 1877 5064 εὐχὴν,
1908 4991 1998 5045 καὶ

307 5085 556 5140 κλίνασα
583 5085 679 5138 τὸν
708 5081 931 5157 αὐχένα,
964 5078 1190 5154 ἐπλήγη
1244 5077 1347 5133 ὑπὸ
1398 5081 1498 5134 τοῦ
1555 5075 1785 5151 δημίου,
1815 5079 1905 5133 καὶ
1932 5079 1996 5134 τὸ

312 5174 412 5244 μὲν
472 5177 698 5245 πνεῦμα
754 5169 923 5239 αὐτῆς
976 5168 1268 5238 ἐναπετὲθη
1327 5165 1405 5228 εἷς
1455 5169 1646 5241 χεῖρας
1693 5170 1826 5222 Θεοῦ
1859 5171 1997 5236 ζῶν-

305 5283 406 5323 τος
442 5261 687 5315 Δικαίων
741 5259 842 5336 γὰρ
900 5256 1078 5334 ψυχαὶ
1137 5256 1192 5312 ἐν
1246 5254 1396 5332 χειρὶ
1428 5261 1585 5312 Θεου.
1622 5255 1696 5312 Τὸ
1723 5253 1781 5310 δὲ
1810 5256 1997 5330 τίμίον

310 5351 583 5424 λείψανον
642 5350 812 5416 αὐτῆς
874 5347 1045 5424 ἐτάφη
1097 5345 1329 5420 ἐντίμως
1385 5345 1533 5419 παρὰ
1566 5342 1817 5415 Φήλικός
1848 5368 1995 5412 τινος

308 5438 710 5515 συγκλητικοῦ,
771 5431 1048 5496 εὖλαὸοὖς
1136 5435 1485 5508 Χριστιανυῒν
1568 5433 1732 5510 βρύον
1793 5433 1998 5509 ῗάματα

307 5535 445 5583 πᾶσι
473 5534 591 5596 τοῖς
620 5533 833 5591 πιστῶς
885 5521 1366 5601 προσερχομένοις
1418 5521 1586 5595 αὐτῷ,
1617 5527 1790 5578 πᾶσαν
1817 5525 1994 5597 νόσον,

303 5617 394 5676 καί
427 5625 592 5680 πᾶσαν
648 5615 958 5698 συμφορὰν
1017 5611 1110 5668 καὶ
1167 5611 1349 5684 λύπην
1405 5612 1645 5686 δτοίμως
1675 5610 1997 5678 ἀποδιῶκον

296 5707 394 5780 ’ἕως
421 5722 519 5791 τῆς
551 5719 853 5793 σῆμιρον·

543 5845 852 5913 ΡΑτιῖοι.
905 5828 1011 5888 Gn
1027 5867 1041 5882 .
1086 5821 1327 5886 CXVII.

3441 5826 3478 5887 3

2665 3777 2907 3832 EODEM
2946 3777 3201 3835 MENSE.

2589 3865 2692 3922 Die
2721 3866 3005 3923 vicesima
3038 3867 3294 3939 septima

2289 3980 2378 4036 ’11
2421 3983 2709 4037 Certamen
2738 3989 2940 4039 sancta;-
2968 3986 3234 4054 martyris
3262 3983 3582 4055 Epicharis.

2108 5010 2315 5067 preces
2373 4993 2812 5065 complevisset,
2874 4994 3164 5050 inclinata
3212 4995 3459 5061 cervice,
3494 4994 3768 5050 alictore

2108 5100 2391 5157 percussa
2419 5084 2552 5151 fuit,
2586 5083 2832 5155 ejusque
2861 5083 3104 5154 spiritus
3135 5084 3196 5139 in
3248 5085 3350 5139 Dei
3393 5083 3504 5138 vivi
3549 5099 3766 5140 manus

2109 5173 2434 5229 advolavit:
2467 5175 2749 5228 Justorum
2776 5176 2924 5229 enim
2955 5177 3153 5229 anima:
3185 5174 3243 5228 in
3273 5191 3444 5229 manu
3475 5175 3570 5229 Dei
3593 5181 3763 5230 sunt:

2105 5263 2384 5334 pretiosw
2415 5267 2613 5317 autem
2641 5262 2771 5334 ejus
2828 5263 3098 5334 reliquias
3147 5263 3475 5318 honoriﬁce
3507 5281 3542 5318 a
3571 5261 3764 5317 Felice

2107 5352 2366 5423 quodam
2398 5351 2698 5407 senatorio
2730 5351 2852 5406 viro
2886 5352 3104 5423 pioque
3127 5352 3462 5409 Christiano
3487 5350 3758 5421 sepultae,

2105 5441 2446 5496 curationes
2469 5440 2750 5496 emittunt
2770 5441 3049 5496 omnibus
3072 5459 3208 5496 cum
3230 5440 3346 5495 ﬁde
3369 5439 3443 5493 ad
3463 5455 3562 5493 eas
3583 5453 3760 5492 acce-

2105 5530 2404 5599 dentibus,
2462 5546 2820 5601 omnemque
2889 5529 3183 5594 morbum,
3243 5527 3644 5582 calamitatem
3700 5528 3763 5581 et

2105 5619 2520 5693 aegritudinem
2545 5619 2619 5675 ad
2639 5619 2795 5675 hanc
2819 5635 3007 5690 usque
3026 5619 3184 5674 diem
3204 5615 3405 5672 statim
3423 5615 3757 5690 depellunt.
