4142 6482
393 413 472 471 75

1041 542 1262 599 Eodem
1296 541 1390 599 die

397 640 494 694 72
530 638 817 693 Certamen
845 635 1022 689 sancti
1050 632 1312 702 martyris
1345 631 1678 697 Callistrati,
1727 637 1780 684 et
1824 635 2043 685 centum

779 712 1068 774 octoginta
1098 712 1339 774 quatuor
1367 706 1658 758 sociorum.

465 799 859 863 Callistratus,
884 794 1154 865 pluribus
1169 793 1422 866 insignis
1436 791 1866 848 certaminibus
1886 807 2045 846 mar-

394 897 508 962 tyr,
558 890 755 942 Romae
788 885 990 939 ﬂoruit
1037 883 1402 938 Diocletiano
1435 883 1786 953 imperante,
1819 881 1905 935 vir
1952 897 2042 935 sa-

395 981 587 1051 piens,
619 981 677 1030 et
706 975 1002 1028 Christum
1033 973 1256 1028 colens.
1289 971 1768 1042 Comprehensus
1790 975 1989 1026 autem
2010 987 2046 1026 a

397 1068 701 1138 copiarum
724 1062 1022 1134 praefecto,
1055 1077 1190 1115 cum
1215 1059 1287 1114 ad
1309 1059 1726 1132 abnegandum
1745 1059 2043 1114 Christum

397 1155 610 1212 adduci
642 1153 810 1208 nulla
840 1151 1070 1206 ratione
1098 1149 1622 1220 posset,acerrime
1667 1149 1950 1204 caeditur:
1988 1153 2048 1202 et

393 1245 635 1301 funibus
665 1241 1042 1308 constrictus,
1073 1256 1251 1310 super
1273 1239 1505 1293 testulis
1527 1237 1888 1293 acutissimis
1911 1253 2042 1308 rap-

393 1339 570 1389 tatur.
604 1333 750 1385 Tum
781 1346 951 1384 sacco
984 1327 1275 1394 inclusus,
1308 1327 1369 1381 in
1396 1343 1558 1381 mare
1578 1326 1906 1398 projicitur.
1932 1324 2043 1380 Sed

394 1421 644 1476 discisso
676 1434 866 1485 sacco,
905 1433 934 1470 e
970 1416 1118 1470 mari
1151 1414 1468 1469 incolumis
1501 1415 1761 1469 emersit.
1783 1415 1906 1479 Quo
1938 1414 2044 1468 mi-

390 1509 595 1565 raculo
629 1505 908 1562 commoti
968 1504 1189 1559 milites
1248 1503 1642 1575 quadraginta
1693 1520 1924 1570 novem,
1980 1503 2042 1558 in

387 1599 685 1653 Christum
717 1593 1118 1651 crediderunt.
1151 1592 1547 1658 Quamobrem
1605 1592 1744 1647 cessi
1776 1608 1811 1646 a
1841 1591 2040 1662 copia-

388 1703 520 1741 rum
553 1685 854 1756 praafecto,
890 1683 951 1736 in
983 1681 1217 1736 vincula
1246 1697 1366 1736 una
1397 1697 1528 1735 cum
1581 1686 1784 1736 sancto
1831 1681 2041 1736 Callis-

389 1782 540 1832 trato
574 1774 1001 1846 conjiciuntur,
1033 1788 1066 1826 a
1096 1788 1212 1842 quo
1237 1771 1670 1843 interrogantes
1693 1771 2040 1838 edocentur,

384 1883 515 1936 quas
546 1864 617 1918 ad
643 1861 963 1935 judicium,
1023 1861 1594 1927 remunerationem,
1645 1860 2036 1915 resurrectio-

382 1971 542 2020 nem,
575 1957 634 2007 et
664 1951 925 2006 animam
983 1954 1271 2020 spectant.
1321 1951 1533 2004 Postea
1565 1965 1594 2002 e
1625 1965 1863 2004 carcere
1914 1965 2037 2004 una

382 2057 517 2096 cum
548 2039 838 2094 militibus
869 2037 1140 2104 eductus,
1177 2037 1309 2092 fusa
1365 2038 1437 2093 ad
1497 2039 1684 2092 Deum
1743 2037 2034 2103 oratione,

380 2131 542 2185 idola
577 2127 948 2192 deturbavit;
984 2143 1101 2196 quo
1127 2127 1396 2198 prodigio
1419 2126 1520 2181 alii
1542 2126 1763 2181 milites
1795 2132 2034 2182 centum

381 2219 626 2290 triginta
656 2216 920 2287 quinque
945 2214 1330 2270 crediderunt
1358 2216 1420 2270 in
1463 2215 1763 2270 Christum
1792 2232 1804 2268 :
1858 2221 2034 2286 atque

378 2307 462 2362 ita
491 2321 701 2361 omnes
737 2305 929 2376 capite
959 2302 1117 2375 plexi
1149 2308 1308 2357 sunt.

945 2481 1196 2537 EODEM
1237 2482 1382 2536 MEN
1390 2481 1471 2536 SE

881 2597 984 2652 Die
1017 2596 1300 2652 vicesima
1330 2602 1533 2652 octava

379 2717 476 2773 78
511 2715 968 2771 Commemorat-io
1018 2715 1197 2768 sancti
1250 2714 1435 2767 Patris
1486 2715 1664 2769 nostri
1715 2713 2033 2771 Charitom's

731 2787 1076 2854 confessoris,
1113 2791 1166 2839 et
1187 2786 1445 2854 magistri
1475 2788 1660 2841 eremi.

451 2997 697 3050 Sanctus
729 2995 901 3048 Pater
930 2995 1134 3047 noster
1163 2991 1497 3062 Christique
1531 2991 1835 3047 confessor
1884 2993 2032 3048 Cha-

375 3085 556 3151 riton,
586 3081 904 3138 Aureliano
937 3080 1318 3150 imperatore,
1351 3095 1421 3134 ex
1452 3079 1598 3134 urbe
1647 3080 1848 3135 Iconio
1897 3080 2028 3136 fuit.

376 3172 854 3243 Comprehensus
877 3173 1074 3224 autem
1098 3185 1132 3223 a
1155 3167 1881 3239 praefecto,Christumque
1897 3187 2035 3224 con-

1720 404 2153 464 MENOLOGII
2197 404 2393 469 PARS
2437 411 2489 474 Ι.

2072 538 2130 605 Α

2066 1909 2114 1974 Β

3734 417 3820 478 ’16-

2727 552 2812 624 Tit
2857 551 2996 625 αὐτῇ
3036 551 3240 627 teips-

2153 635 2420 708 Ἀθλησις
2468 643 2566 693 τοῦ
2593 637 2770 730 ἵθάγίου
2789 712 2801 730 ,
2823 639 3564 730 μάρτυρος’ΚαλλιπράΞου,
3593 642 3682 698 καὶ
3711 649 3811 713 τῆς

2456 708 2709 774 συνοδίας
2745 708 2934 780 αὐτοῦ,
2965 708 3058 768 τὸν
3095 712 3330 788 ἀριθμὸν
3365 708 3498 788 ρπδ’.

2224 797 2642 875 Καλλίστρατος
2691 801 2719 854 6
2775 799 3092 866 πολύαθλος
3157 801 3384 876 μάρτυς,
3443 803 3510 871 ἦν
3571 800 3658 857 ἐπὶ
3713 805 3812 872 τῆς

2155 885 2435 962 βασιλείας
2493 887 2912 960 Διοκλητιανοῦ,
2971 890 3022 944 έν
3079 894 3148 962 τῇ
3207 889 3370 945 πόλει
3429 891 3640 966 Ῥώμῃ,
3671 894 3807 968 ἀνὴρ

2150 977 2342 1054 σοφὸς,
2399 978 2490 1031 καὶ
2547 979 2637 1032 τὸν
2695 980 2928 1052 Χριστὸν
3009 975 3329 1052 σεϐόμενος.
3388 982 3692 1056 Κρατηθεὶς
3753 979 3810 1037 δὲ

2149 1067 2296 1140 παρά
2323 1070 2422 1120 τοῦ
2475 1067 2876 1140 στρατηλάτου,
2937 1069 3026 1122 καὶ
3086 1069 3444 1143 ἀναγκασθεὶς
3475 1071 3805 1144 ἀρνήσασθαι

2147 1156 2238 1210 τὸν
2272 1156 2525 1228 Χριστὸν,
2561 1157 2647 1210 καὶ
2686 1157 2762 1228 μή
2821 1159 3084 1225 πεισθεὶς,
3144 1158 3344 1232 έτόφθη
3407 1161 3668 1233 ἰσχυρῶς.
3707 1157 3807 1216 Καὶ

2150 1241 2323 1306 δεθεὶς
2357 1245 2650 1319 σχοινίοις,
2709 1245 2923 1320 σύρεται
2982 1246 3070 1302 ἐπὶ
3130 1247 3405 1322 ὀστράκων
3457 1247 3643 1319 ὀξέων.
3678 1249 3806 1305 Εἶτα

2149 1328 2450 1405 ἐμϐληθεὶς
2483 1333 2561 1392 εἷς
2596 1332 2816 1404 σάκκον,
2869 1333 3062 1412 ἐῤῥίφη
3128 1335 3203 1398 εἷς
3259 1337 3359 1404 τὴν
3393 1336 3686 1408 θάλασσαν,
3716 1339 3805 1392 καὶ

2150 1420 2464 1496 σχισθέντος
2510 1427 2606 1476 τοῦ
2640 1425 2864 1492 σάκκου,
2925 1423 3118 1497 ἐξῆλθε
3173 1431 3273 1494 τῆς
3329 1425 3604 1496 θαλάσσης
3635 1421 3806 1480 ἀϐλα-

2149 1505 2271 1581 ϐής.
2308 1513 2410 1567 Καὶ
2461 1509 2665 1574 ἴδόντες
2713 1514 2775 1567 τὸ
2829 1515 3010 1586 θαῦμα
3050 1519 3377 1588 στρατιῶται
3407 1518 3807 1590 τεσσαράκοντα

2149 1599 2320 1670 έννέα,
2381 1600 2694 1656 έπίστευσαν
2744 1607 2822 1674 τῷ
2879 1605 3116 1679 Χριστῷ·
3176 1605 3265 1658 καὶ
3323 1605 3612 1679 τυφθέντες
3665 1607 3807 1680 παρᾶ

2146 1693 2244 1743 τοῦ
2304 1688 2706 1764 στρατηλάτου,
2796 1691 3228 1762 ἀπεκλείσθησαν
3309 1692 3360 1747 έν
3431 1697 3501 1766 τῇ
3561 1693 3802 1768 φυλακῇ,

2152 1778 2286 1850 μετά
2362 1784 2458 1833 τοῦ
2544 1779 2697 1855 ἁγίου
2784 1779 3220 1854 Καλλιστράτου,
3279 1780 3583 1858 ἓρωτῶντες
3643 1784 3804 1838 αὐτὸν

2147 1867 2237 1923 καὶ
2297 1865 2677 1942 διδασκόμενοι
2764 1870 2851 1926 ὑπ’
2935 1869 3122 1939 αὐτοῦ,
3191 1871 3314 1944 περὶ
3367 1871 3620 1941 κρίσεως,
3681 1873 3802 1948 περὶ

2145 1955 2583 2027 ἀνταποδόσεως,
2641 1957 2766 2033 περὶ
2843 1959 3209 2028 ἀναστάσεως,
3266 1961 3355 2015 καὶ
3413 1961 3538 2034 περὶ
3596 1965 3802 2035 ψυχῆς.

2139 2048 2272 2103 Εἶτα
2325 2053 2425 2115 τῆς
2486 2047 2735 2124 φυλακῆς
2810 2044 3100 2118 ἐκϐληθεὶς
3181 2049 3315 2121 μετὰ
3368 2053 3478 2104 τῶν
3534 2071 3800 2125 στρατιω-

2137 2140 2266 2206 τῶν,
2349 2136 2439 2189 καὶ
2522 2137 2976 2210 προσευξάμενος,
3036 2136 3224 2214 ἔρῥιψε
3291 2138 3358 2193 τὰ
3411 2136 3636 2196 εἴδωλα.
3697 2140 3800 2195 Καὶ

2139 2221 2342 2285 ῗδόντες
2388 2223 2563 2296 ἓτεροι
2625 2229 2951 2300 στρατιῶται
3011 2225 3198 2280 ἑκατὸν
3250 2225 3701 2298 τριακονταπέντε
3737 2228 3800 2281 τὸ

2137 2315 2456 2388 γενόμενον,
2517 2313 2827 2369 ἐπίστευσαν
2887 2314 2976 2369 καὶ
3047 2315 3200 2370 αὐτοὶ
3256 2319 3337 2388 τῷ
3393 2317 3639 2390 Χριστῷ.
3699 2317 3798 2373 Καὶ

2139 2402 2311 2464 οὕτως
2343 2400 2852 2480 ἀπεκεφαλίσθησαν
2886 2403 3138 2466 ἅπαντες.
3799 2401 3805 2406 ’ί

2690 2511 2869 2566 MHNI
2910 2516 2994 2589 ro
3035 2513 3239 2588 Arro.

2912 2627 3018 2683 KH'

2137 2745 2345 2819 Μνήμη
2405 2748 2506 2798 τοῦ
2567 2745 2722 2798 ὁσίου
2782 2745 2988 2819 Πατρὸς
3063 2746 3225 2819 ἡμῶν
3281 2746 3598 2815 Χαρίτωνος
3659 2747 3797 2818 ὁμο.

2207 2816 2454 2957 ἐλοτγητοῦ
2599 2816 2914 2890 γενομένου,
3060 2816 3148 2872 καὶ
3258 2822 3577 2893 καθηγητοῦ
3693 2816 3796 2887 τῆς

2236 2907 2262 2960 ρ
2313 2907 2438 2960 μου.

2236 2917 2438 2960 ἱλημυυο

2208 3003 2451 3079 Χαρίτων
2487 3004 2514 3059 6
2546 3002 2697 3066 ὅσιος
2747 3005 2934 3078 Πατὴρ
2985 3006 3146 3078 ἡμῶν
3187 3004 3276 3059 καὶ
3310 3003 3670 3080 ὁμολογητής
3697 3009 3796 3060 τοῦ

2135 3096 2400 3166 Χριστοῦ,
2431 3092 2678 3166 ὑπῆρχεν
2720 3091 2806 3147 ἐπὶ
2861 3100 2960 3162 τῆς
3019 3093 3293 3166 βασιλείας
3327 3091 3701 3170 Αὖρηλιάνοῦ,
3736 3095 3798 3150 ἐκ

2134 3190 2235 3250 τῆς
2267 3182 2484 3243 πόλεως
2522 3184 2771 3237 Ἰκονίου.
2821 3183 3119 3256 Κρατηθεῖς
3171 3179 3228 3237 δὲ
3286 3183 3432 3256 παρὰ
3459 3187 3556 3238 τοῦ
3586 3181 3792 3259 ἄρχον-

373 3263 586 3326 fossus,
615 3260 902 3316 acerrime
927 3257 1174 3313 creditur
1202 3275 1215 3323 ;
1240 3263 1416 3327 atque
1436 3257 1496 3311 in
1530 3257 2022 3329 igneminjectus,

2136 3293 2246 3338 τος,
2280 3273 2490 3327 καὶτὸν
2525 3272 2758 3346 Χριστὸν
2819 3271 3194 3348 ὁμολογήσας,
3253 3271 3452 3349 έτύφθη
3517 3257 3794 3350 σφοδρῶς.

371 3351 724 3406 amburitur.
742 3348 966 3403 Deinde
999 3347 1061 3400 in
1085 3363 1386 3401 carcerem
1418 3346 1772 3400 detruditur.
1798 3349 2022 3403 Mortuo

367 3447 566 3497 autem
598 3438 916 3494 Aureliano
953 3437 1332 3507 imperatore,
1367 3441 1426 3490 et
1446 3442 1716 3490 cessante
1740 3453 2020 3507 persecu-

365 3530 525 3584 tione
553 3528 856 3594 dimissus,
887 3525 1295 3595 Hierosolyma
1352 3541 1414 3579 se
1475 3525 1744 3580 contulit.
1799 3526 1910 3581 Sed
1960 3529 2022 3582 in

364 3620 577 3674 itinere
611 3634 644 3672 a
674 3613 1008 3671 latronibus
1041 3618 1368 3683 correptus,
1429 3613 1490 3666 in
1525 3630 1767 3684 specum
1790 3615 2021 3672 vinctus

362 3706 697 3760 abducitur.
733 3704 902 3757 Forte
933 3706 1132 3755 autem
1165 3716 1412 3770 serpens
1443 3699 1670 3754 dolium
1723 3701 1864 3768 vini,
1901 3721 2017 3774 quo

361 3794 626 3848 latrones
649 3789 1532 3860 utebantur,ingressus,vinum
1549 3788 2015 3860 infecitveneno,

362 3899 480 3954 quo
515 3887 686 3952 epoto
718 3880 979 3934 latrones
1015 3878 1230 3932 mortui
1263 3882 1418 3931 sunt.
1443 3879 1586 3931 Tum
1611 3895 1743 3933 vero
1777 3889 2016 3936 sanctus

363 3971 666 4034 Chariton,
701 3966 1036 4023 distributis
1084 3966 1144 4020 in
1200 3982 1414 4036 egenos
1468 3966 1748 4022 omnibus
1781 3985 1912 4038 quas
1945 3987 2014 4024 ex

362 4065 554 4131 rapto,
575 4064 634 4113 et
654 4057 914 4112 caedibus
933 4056 1194 4110 latrones
1225 4057 1736 4127 congesserant,in
1762 4057 2011 4114 alteram

363 4149 547 4203 eremi
581 4146 929 4218 speluncam
961 4143 1127 4211 abiit,
1159 4143 1360 4213 ibique
1394 4142 1677 4199 habitavit
1709 4162 1722 4200 :
1756 4163 2010 4218 cumque

362 4238 551 4291 multa
579 4236 907 4290 certamina
939 4233 1238 4298 subiisset,
1261 4233 1473 4304 dignus
1496 4233 1723 4305 fuitqui
1748 4236 2009 4306 plurima

356 4325 648 4382 miracula
679 4325 900 4379 ederet.
939 4326 1206 4389 Demum,
1243 4339 1378 4376 cum
1420 4322 1632 4377 multos
1686 4325 1898 4380 virtute
1952 4333 2008 4382 et

351 4415 623 4471 doctrina
653 4415 725 4469 ad
757 4419 941 4468 Deum
978 4411 1272 4477 traxisset,
1307 4412 1616 4482 requievit.

991 4615 1214 4671 Eodem
1256 4615 1350 4671 die

356 4739 453 4792 74
487 4740 772 4794 Certamen
797 4739 1109 4789 sanctorum
1140 4739 1452 4801 martyrum
1487 4735 1726 4804 Alphei,
1762 4736 2003 4792 Alexan-

801 4804 913 4871 dri,
948 4805 1143 4868 Marci,
1175 4810 1226 4858 et
1255 4807 1547 4859 sociorum.

426 4985 794 5041 Diocletiano
823 4983 1204 5053 imperatore,
1226 4982 1456 5038 Marcus
1478 4989 1704 5054 martyr
1725 4987 2004 5056 pascebat

351 5092 486 5130 oves
518 5075 580 5129 in
610 5079 811 5129 monte
843 5071 1099 5143 quodam
1131 5071 1290 5142 apud
1321 5072 1694 5127 Antiochiam
1725 5075 1999 5131 Pisidiae:

349 5169 513 5219 tanto
535 5169 736 5217 autem
759 5161 953 5216 studio
977 5159 1222 5214 virtutes
1245 5160 1524 5227 excoluit,
1555 5165 1621 5215 ut
1651 5168 1708 5215 et
1727 5162 1865 5217 feras
1889 5164 2002 5218 im-

346 5253 511 5323 perio
544 5253 673 5323 ejus
709 5249 1166 5320 subjicerentur.
1204 5250 1345 5302 Nam
1379 5266 1513 5303 cum
1536 5255 1844 5306 venatores
1867 5253 2000 5321 qui-

347 5341 481 5396 dam
513 5356 714 5396 ursam
747 5340 1228 5408 insequerentur,
1264 5337 1369 5392 illa
1399 5338 1471 5392 ad
1505 5344 1772 5393 sanctum
1807 5341 1996 5395 virum

342 5431 715 5502 confugiens,
750 5427 879 5497 ejus
909 5426 1092 5496 pedes
1133 5425 1395 5497 lingebat
1429 5443 1441 5480 :
1476 5428 1633 5497 quod
1667 5427 1867 5482 intuiti
1900 5446 1995 5484 ve-

341 5525 599 5580 natores,
633 5534 760 5571 rem
793 5531 1032 5570 omnem
1067 5515 1305 5585 praesidi
1339 5516 1665 5570 Antiochiaa
1697 5517 1992 5588 aperiunt,

339 5605 460 5676 qui,
494 5606 695 5660 missis
729 5604 969 5675 triginta
1000 5603 1312 5669 militibus,
1346 5604 1519 5675 jubet
1566 5607 1992 5676 comprehendi

337 5699 630 5748 sanctum.
665 5696 736 5746 At
768 5693 878 5757 illi,
907 5692 968 5746 in
998 5691 1212 5747 itinere
1243 5693 1315 5747 ab
1350 5710 1417 5747 eo
1439 5692 1651 5761 edocti,
1677 5694 1748 5748 ad
1775 5695 1989 5752 Christi

336 5782 517 5837 fidem
550 5786 996 5835 convertuntur.
1033 5782 1193 5846 Quod
1225 5781 1327 5836 ubi
1359 5782 1591 5836 rescivit
1616 5800 1857 5855 presses,
1882 5787 1984 5842 ad-

2138 3362 2233 3416 Καὶ
2294 3361 2466 3425 τεθεὶς
2517 3361 2603 3416 ἐπὶ
2671 3362 2840 3435 πυρὸς
2894 3359 3267 3438 κατεφλέχθη.
3326 3364 3457 3418 Εἶτα
3519 3358 3790 3434 ἐνεϐλήθη

2135 3449 2210 3513 εἷς
2264 3450 2532 3528 φυλακήν.
2567 3455 2675 3506 Τοῦ
2715 3448 2771 3506 δὲ
2827 3451 3099 3527 βασιλέως
3150 3449 3501 3525 Αὖρηλιανοῦ
3529 3453 3796 3523 τελευτής-

2134 3561 2346 3608 σαντος,
2381 3541 2468 3594 καὶ
2501 3543 2599 3594 τοῦ
2631 3537 2883 3614 διωγμοῦ
2931 3541 3250 3612 παυθέντος,
3285 3540 3581 3603 ἀπολυθεὶς
3612 3541 3796 3612 ἀπήρ-

2133 3648 2262 3704 χετο
2311 3629 2448 3702 πρὸς
2503 3629 2885 3703 Ἰεροσόλυμα.
2946 3631 3034 3684 Ἐν
3097 3626 3155 3683 δὲ
3211 3632 3278 3701 τῇ
3342 3626 3452 3700 ὁδῷ
3499 3631 3792 3702 κρατηθεὶς

2133 3717 2236 3770 ὑπὸ
2295 3716 2532 3790 λῃστῶν,
2592 3716 2817 3790 ἀπήχθη
2891 3712 3176 3787 δεδεμένος
3233 3714 3309 3776 εἷς
3368 3716 3430 3770 τὸ
3489 3714 3786 3786 σπήλαιον.

2128 3804 2276 3860 Κατὰ
2329 3805 2623 3879 συγκυρίαν
2682 3801 2760 3871 δὲ,
2820 3805 2944 3880 δφις
2999 3803 3255 3859 εἰσελθὼν
3305 3803 3382 3866 εἷς
3433 3803 3653 3878 οἴνηρὸν
3686 3805 3789 3879 ἆγ-

2122 3900 2267 3969 γεῖον
2316 3898 2423 3948 τῶν
2482 3892 2722 3968 λῃστῶν,
2781 3896 2954 3966 ἤμεσε
3005 3894 3096 3949 τὸν
3158 3893 3256 3949 ἰόν.
3319 3896 3416 3948 Καὶ
3474 3896 3692 3957 πιόντες
3726 3897 3786 3950 οἱ

2122 3982 2320 4058 λῃσταὶ
2350 3982 2442 4038 τὸν
2476 3983 2641 4052 οἶνον,
2691 3981 2974 4046 ἀπέθανον.
3035 3983 3170 4040 Τότε
3228 3979 3454 4038 διέδωκε
3482 3989 3598 4046 τοῖς
3629 4006 3781 4039 πτω-

2120 4077 2247 4146 χοῖς
2308 4073 2335 4125 6
2393 4071 2540 4126 ὅσιος
2610 4070 2860 4145 Χαρίτων
2917 4073 2984 4126 τὰ
3144 4073 3396 4147 ἁρπαγῆς
3453 4073 3541 4126 καὶ
3601 4073 3782 4139 φόνων

2119 4161 2451 4236 συναχθέντα
2508 4165 2626 4222 τοῖς
2695 4159 2925 4235 λῃσταῖς
2993 4162 3308 4234 πράγματα,
3377 4163 3466 4216 καί
3535 4161 3776 4231 ἀπῆλθεν

2119 4248 2194 4310 εἰς
2251 4245 2435 4322 ἕτερον
2502 4255 2602 4316 τῆς
2668 4246 2880 4322 ἐρήμου
2947 4246 3246 4319 σπήλαιονο
3306 4248 3396 4302 καὶ
3462 4248 3780 4321 κατῴκησεν

2114 4337 2247 4394 ἐκεῖ.
2309 4338 2396 4392 Ἐν
2457 4337 2502 4408 ᾧ
2561 4335 2746 4392 πολλά
2793 4336 3224 4409 ἀγωνισάμενος,
3257 4337 3527 4392 πλείστων
3561 4339 3776 4410 ἠξιώθη

2115 4423 2428 4498 θαυμάτωνο
2479 4427 2568 4479 καὶ
2627 4423 2715 4479 διὰ
2769 4427 2865 4493 τήν
2925 4425 3122 4500 ἀρετὴν
3185 4427 3375 4495 αὐτοῦ,
3401 4427 3487 4481 καὶ
3521 4425 3779 4482 διδασκα-

2113 4513 2258 4583 λίαν,
2289 4511 2535 4575 πολλοὺς
2562 4518 2643 4586 τῷ
2673 4519 2788 4586 Θεῷ
2816 4515 3206 4589 προσαγαγὼν,
3238 4514 3593 4573 ἀνεπαύσατο.

2684 4634 2764 4704 Τῇ
2819 4631 2960 4706 αὐτῇ
2998 4627 3200 4708 ἡμέρᾳ.

2113 4749 2384 4820 ’Ἃθλησις
2412 4753 2520 4828 τῶν
2554 4748 2722 4825 ἀγίων
2758 4748 3048 4828 μαρτύρων
3083 4748 3770 4828 ’ᾼλφειοῦ,η’Λλεξάνδρου,

2436 4819 2686 4896 Μάρκου,
2711 4819 2803 4875 καὶ
2833 4819 3216 4891 τῆςσυνοδίας
3250 4821 3447 4880 αὐτῶν.

2186 4982 2307 5037 Ἐπὶ
2339 4989 2437 5051 τῆς
2491 4980 2772 5057 βασιλείας
2835 4983 3255 5051 Διοκλητιανοῦ,
3316 4984 3536 5058 Μάρκος
3565 4983 3592 5038 ὁ
3628 4985 3775 5056 μάρ-

2109 5091 2201 5130 τυς
2232 5070 2297 5138 ἦν
2331 5069 2638 5143 ποιμαίνων
2668 5064 2916 5144 πρόϐατα
2968 5068 3019 5124 ἐν
3069 5067 3181 5145 δρει
3229 5071 3335 5125 τινὶ
3380 5069 3615 5140 πλησίον
3648 5075 3776 5127 Ἂν-

2107 5160 2356 5234 τιοχείας
2413 5166 2513 5228 τῆς
2574 5157 2846 5220 Πισιδίας·
2901 5163 3159 5213 τοσοῦτον
3220 5157 3277 5213 δὲ
3334 5162 3648 5235 ἠγωνίσατο
3692 5160 3773 5223 εἷς

2109 5249 2328 5321 ἀρετὴν,
2383 5249 2456 5311 ὡς
2514 5249 2604 5302 καὶ
2660 5248 2726 5302 τὰ
2773 5249 2939 5322 θηρία
3000 5249 3342 5303 ὑποτάσσειν·
3397 5248 3620 5322 κυνηγοὶ
3660 5248 3768 5322 γάρ

2105 5359 2246 5399 τινες
2302 5335 2592 5398 διώκοντες
2651 5339 2868 5413 ἄρκτον,
2927 5335 3070 5392 εἶδον
3117 5338 3287 5408 αὐτὴν
3347 5341 3768 5413 προσφυγοῦσαν

2103 5431 2181 5497 τῷ
2229 5425 2382 5499 ἁγίῳ,
2433 5426 2523 5480 καὶ
2576 5424 2869 5501 λείχουσαν
2916 5425 3045 5486 τοὺς
3095 5422 3264 5488 πόδας
3297 5426 3484 5489 αὐτοῦ,
3515 5425 3605 5479 καὶ
3635 5447 3767 5479 κατ-

2105 5513 2352 5577 ελθόντες
2409 5513 2738 5589 ἀνήγγειλάν
2795 5513 2918 5585 περὶ
2997 5513 3162 5568 αὐτοῦ
3218 5518 3296 5584 τῷ
3352 5511 3582 5588 ἄρχοντι
3642 5515 3771 5569 Ἀν-

2099 5604 2367 5678 τιοχείας.
2428 5605 2490 5660 Ὁ
2550 5603 2607 5658 δὲ
2667 5601 2992 5664 ἀποστείλας
3050 5602 3342 5678 τρίάκοντα
3410 5604 3768 5678 στρατιώτας,

2099 5694 2359 5767 ἐκράτησε
2385 5692 2479 5746 τὸν
2543 5695 2718 5767 ἅγιον·
2782 5689 2978 5752 οἵτινες
3041 5688 3393 5766 διδαχθέντες
3442 5693 3568 5766 παρ’
3598 5692 3771 5746 αὐτοῦ

2095 5783 2231 5839 κατὰ
2286 5784 2384 5851 τήν
2446 5780 2590 5854 ὁδὸν,
2646 5782 2959 5838 ἐπίστευσαν
3021 5787 3102 5854 τῷ
3160 5784 3398 5858 Χριστῷ.
3461 5783 3562 5839 Καὶ
3600 5783 3770 5857 γνοὺς
