4142 6458
313 432 378 495 ⁷⁷
1920 469 2417 536 SEPTEMBER.
3821 500 3900 564 τε

309 573 476 670 τοῦτο
515 577 552 629 ὁ
588 579 872 696 ἓρχων,
948 597 1314 671 προσέταξεν
1371 598 1714 676 ἀπαχθέντας
1774 603 1851 668 είς
1902 603 2059 660 Νίκαι

2179 619 2212 687 λ
2242 607 2450 666 ductos
2471 613 2747 685 Nicaeam,
2781 619 3028 676 mandat
3057 622 3339 681 decollari
3367 645 3379 696 ;
3416 646 3551 686 cum
3592 650 3726 690 vero
3757 653 3900 694 san-

311 667 962 745 ἀποκεφαλισθῆναι,
1036 685 1162 740 Τὸν
1225 683 1284 742 δι
1330 688 1484 763 ἄγ’ίον
1548 691 1772 765 Μάρκον
1809 691 1986 768 σύρων
2018 693 2064 748 ἀπ

319 750 555 795 313.315”-
591 760 688 795 αἱ..
741 765 872 795 -ΔἹ
900 791 954 795 η.
1052 771 1114 795 αν
1139 776 1155 795 1
1427 776 1447 795 \
1526 783 1548 794 υ
1730 787 1757 795 ..
1903 783 1930 795 Α

2184 667 2212 687 ⁸
2478 667 2481 668 ν
2522 667 2566 668 μ
2589 667 2747 685 γκή--,
2782 667 3027 676 __......-
3058 667 3339 681 υιννυιιμιι
3367 670 3379 696 ,
3416 667 3551 686 vuLu
3596 667 3726 690 VUIU
3757 667 3900 694 δαυ-

2241 704 2400 754 ctum
2433 703 2690 760 Marcum
2712 723 2819 777 per
2841 708 3102 767 diversas
3147 714 3324 770 urbes
3360 720 3655 790 traxisset,
3689 728 3901 795 quaesi-

319 750 555 820 πέδλεῶς
591 760 688 823 εἷς
741 765 991 837 πόλιν,
1049 771 1296 846 ἐζήτησε
1348 750 1576 851 χαλκεῖς
1624 787 1852 849 ποιῆσαι
1901 783 2064 856 βασαν

325 844 531 881 μεινεκε...
635 854 763 881 ν..)
854 857 956 881 -ιμ
1017 863 1072 881 ,ρ
1261 864 1349 881 ..κ
1465 867 1478 881 ι
1599 865 1756 881 .-κη
1833 867 1857 881 ει

2247 750 2400 754 --η-.-
2433 750 2690 760 __.._-.....
2712 750 2809 777 ειν-
2841 750 3102 767 υηιυιυυιο
3151 750 3324 770 υιυῠῠ
3362 750 3401 771 ιι
3416 750 3655 790 Mlaact,
3689 750 3897 795 quwsx-

2234 788 2317 841 vit
2343 789 2542 847 fabros
2565 795 2826 864 aerarios,
2849 799 2947 868 qui
2970 799 3370 860 instrumenta
3387 807 3461 861 ad
3496 814 3897 881 torquendum

325 844 562 918 στήρια.
635 854 768 909 Καὶ
849 844 1227 931 εὖρεθέντνεςῖ
1261 844 1542 943 Ἀλφειὸς,
1599 844 1978 945 Ἀλέξανδρος,
2035 892 2064 926 κ

337 934 472 968 Ίιῖιρ.
490 959 528 968 ..
541 959 569 968 .-
584 961 609 968 -
699 964 738 968 --
754 945 811 968 --1
1122 955 1147 968 n
1164 954 1173 968 ι
1431 955 1448 968 ς
1532 961 1556 968 ..
1746 957 1772 968 ,ι
1959 960 1971 968 ι

2489 844 2498 846 -
2519 844 2537 847 η
2568 844 2636 847 ___
2653 844 2826 864 ..ην-η
2851 844 2947 868 .1..-
2970 844 3113 855 um..-
3130 844 3370 860 υωνμυυ.
3387 844 3461 861 uu.
3498 844 3896 881 nusqucuuulu

2235 878 2539 936 auderent.
2572 883 2635 938 Id
2658 900 2806 956 opus
2837 903 2972 942 cum
3005 890 3670 968 Alphmus,Alexander,
3706 907 3764 958 et
3790 906 3896 960 Ζο-

337 934 638 1010 Ζώσιμος,
699 945 818 998 καὶ
881 954 1302 1027 πειρασθέντες
1351 955 1674 1031 χαλκεῦααι,
1717 957 1869 1032 εὕρον
1919 960 2010 1014 τὸν
2044 981 2064 1013 a

348 1020 521 1061 3......
589 1031 749 1061 -..-3
809 1038 896 1061 --Α
1077 1041 1100 1061 \
1235 1045 1249 1061 1
1574 1046 1588 1061 ι
1662 1047 1675 1061 ς
1735 1047 1746 1061 ι

2433 934 2438 935 ,
2485 934 2538 936 κη
2573 934 2635 938 _._
2663 934 2804 956 -ι,,.-
2841 934 2972 942 -..ιη
3005 934 3670 968 --διαμωκυ,ιιιυιιιιιιυσι,
3706 934 3764 958 σιν
3790 934 3890 960 ειυ-

2234 967 2420 1024 simus
2450 974 2731 1044 aggressi,
2762 975 2989 1034 ferrum
3019 982 3185 1037 nulla
3220 985 3451 1042 ratione
3483 989 3604 1061 igni
3633 995 3890 1052 emolliri

348 1020 521 1097 δηὲθν
589 1031 752 1107 πυρὶ
807 1038 907 1108 μὴ
986 1041 1441 1116 μαλασσόμενον’
1501 1046 1591 1101 καὶ
1658 1047 1972 1103 ἐπίστευσαν
2029 1072 2063 1105 κ

357 1111 511 1142 ..λ-,ἱ
578 1123 655 1142 _~
735 1124 780 1142 ιν
957 1133 991 1142 ..,
1175 1132 1187 1142 .
1256 1132 1269 1142 .
1487 1131 1544 1142 ι.
1586 1137 1602 1142 -
1945 1138 1954 1142 -

2244 1020 2254 1022 ι
2273 1020 2345 1023 .___
2359 1020 2416 1024 __
2453 1020 2581 1044 ..ου-
2599 1020 2731 1040 -.....-,
2762 1020 2989 1034 ,νιιιιμι
3019 1020 3185 1037 ιιυηιυι
3220 1020 3451 1042 ιιιιιυιισ
3483 1020 3604 1061 ιὸιιι
3633 1020 3890 1052 υυιυιιιιτι

2232 1063 2290 1111 et
2320 1059 2510 1134 subigi
2539 1066 2765 1134 experti
2789 1068 3005 1138 saepius
3029 1079 3247 1142 essent,
3272 1075 3334 1129 in
3365 1077 3664 1135 Christum
3698 1084 3891 1139 credi-

357 1111 516 1169 αὐτοὶ
577 1123 676 1190 τῷ
735 1124 1031 1200 Χριστῷ·
1097 1132 1190 1185 καὶ
1245 1131 1747 1207 ἀπεκεφαλίσθησαν
1834 1138 1968 1209 μετά
2023 1159 2064 1192 τι

374 1201 502 1228 3.,_,'_,
583 1209 681 1228 llr
1038 1217 1053 1228 ι
1147 1219 1158 1228 ι
1303 1221 1314 1228 .
1544 1224 1552 1228 .
1733 1225 1797 1228 γ-.
2007 1225 2017 1228 _

2321 1111 2338 1114 ἡ
2360 1111 2510 1134 Who-
2543 1111 2708 1134 -_r--
2726 1111 2765 1119 --
2789 1111 3005 1138 -.κιαι-υ
3030 1111 3247 1142 νυυυιιυ,
3272 1111 3334 1129 ιιι
3366 1111 3664 1135 υιιιιδιιιω
3698 1111 3886 1139 υιύυι·

2230 1144 2389 1215 dere,
2439 1150 2825 1224 damnatique
2873 1158 3085 1228 capitis
3135 1167 3278 1216 sunt
3325 1180 3446 1220 una
3488 1183 3623 1222 cum
3682 1176 3886 1228 sancto

371 1201 530 1279 ἆχὶου
583 1209 884 1284 Μάρκου*
952 1217 1057 1272 καὶ
1109 1219 1204 1274 σὺν
1254 1221 1441 1284 αὐτοῖς
1489 1224 1696 1294 Νίκων,
1732 1225 1906 1295 Νέων,
1941 1225 2120 1282 Ἡλιό-

384 1291 571 1371 Empta;
598 1303 1064 1376 πιστεύσαντες,
1098 1309 1509 1388 ἀπεσφάγησαν.

1004 1425 1189 1482 MHNI
1236 1429 1328 1508 Τῼ
1365 1432 1560 1508 ΔΥΤῼ.

1237 1575 1330 1628 ΚΘ

495 1678 702 1750 Μνήμη
762 1679 873 1736 τοῦ
939 1682 1102 1739 ὁσίου
1154 1689 1363 1763 Πατρὸς
1415 1691 1578 1763 ἡμῶν
1636 1694 1912 1768 Κυριακοῦ
1940 1700 2038 1751 τοῦ

1085 1775 1471 1852 ἀναχωρητοῦ.

509 1910 567 1966 Ὁ
609 1911 761 1976 ὅσιος
813 1917 1008 1990 Πατὴρ
1081 1920 1241 1992 ἡμῶν
1320 1922 1584 1996 Κυριακὸς
1622 1924 1650 1979 ὁ
1710 1924 2102 2004 ἂναχωρητὴς,

437 1997 682 2075 ὑπῆρχεν
717 2003 829 2058 ἀπὸ
861 2007 963 2074 τῆς
993 2006 1213 2070 πόλεως
1257 2011 1530 2084 Κορίνθου
1560 2010 1647 2068 ἐπὶ
1689 2020 1789 2084 τῆς
1814 1997 2102 2091 βασιλείας
2135 2005 2180 2067 Β

434 2088 733 2146 Θεοδοσίου
789 2098 890 2148 τοῦ
947 2096 1211 2172 μεγάλου,
1269 2100 1385 2162 υίὸς
1436 2102 1691 2158 Ἰωάννου
1729 2088 2101 2182 πρεσϐυτέρου

430 2187 534 2248 τῆς
589 2182 924 2254 Ἐκκλησίας
976 2187 1259 2261 Κορίνθου,
1307 2189 1400 2244 τὸν
1461 2191 1669 2266 βαθμὸν
1731 2192 2096 2270 ἀναγνώστης.

432 2269 616 2326 Ἀλλὰ
643 2273 738 2327 τὸν
769 2275 1004 2350 Χριστὸν
1049 2275 1216 2333 πλέον
1251 2280 1466 2334 πάντων
1515 2280 1765 2356 ἀγαπῶν,
1797 2269 1887 2337 καὶ
1920 2282 2094 2348 θέλων

425 2368 702 2433 σωθῆναι,
735 2363 914 2440 ἀφῆκε
949 2366 1040 2421 τὸν
1099 2366 1330 2440 κόσμον,
1387 2370 1476 2424 καὶ
1513 2367 1888 2440 ἠκολούθησεν
1922 2373 2091 2447 αὐτῷ.

419 2451 564 2505 Δέκα
599 2451 698 2527 γὰρ
755 2453 844 2508 καὶ
879 2453 1023 2510 ὀκτὼ
1079 2455 1210 2510 ἐτῶν
1274 2458 1588 2532 γενόμενος,
1648 2459 1890 2530 ἀπῆλθεν
1925 2462 2000 2525 εἷς
2027 2464 2094 2520 τὰ

415 2542 816 2615 Ἱεροσόλυμα,
867 2545 957 2599 καὶ
1015 2544 1302 2618 εὐξάμενος
1360 2547 1436 2609 είς
1494 2550 1621 2614 τοὺς
1651 2549 1839 2624 ἁγίους
1867 2553 2090 2623 τόπους,

414 2636 766 2704 κατήντησεν
800 2634 878 2697 εἷς
905 2636 1004 2705 τήν
1057 2635 1258 2711 λαῦραν
1304 2643 1404 2693 τοῦ
1453 2639 1614 2714 ἁγίου
1653 2640 1954 2714 Εὖθυμίου.
1993 2645 2088 2699 Καὶ

418 2725 512 2778 ὑπ’
577 2723 794 2780 ἐκείνου
858 2723 1213 2803 περιεϐἄλετο
1286 2729 1349 2784 τὸ
1415 2729 1559 2805 ἱερὸν
1635 2735 1743 2786 τῶν
1825 2740 2085 2810 μοναχῶν

415 2822 642 2889 σχῆμα.
676 2820 948 2872 Τοσοῦτον
1000 2814 1057 2872 δὲ
1105 2819 1324 2893 γέγονεν
1377 2820 1599 2895 εὐφυὴς,
1631 2821 1708 2884 ὡς
1737 2823 1828 2877 καὶ
1856 2823 1991 2887 τοὺς
2019 2828 2087 2881 τὰ

411 2914 738 2989 Ὤριγένοος
795 2920 1123 2991 φρονοῦντας
1198 2916 1448 2994 ἐλέγχειν
1516 2919 1606 2974 καὶ
1676 2920 1878 2985 πείθειν
1930 2922 2082 2978 εὐκό-

411 3001 550 3066 λως.
619 3004 857 3073 Πολλὴν
913 3002 971 3060 δὲ
1027 3003 1432 3081 ἐπιδειξάμενος
1484 3006 1709 3080 ἄσκησιν
1757 3011 1846 3066 καὶ
1881 3012 2086 3088 σκληρ-

407 3095 683 3168 αγωγίαν,
738 3096 830 3149 καὶ
883 3100 1248 3171 προορατικοῦ
1295 3097 1637 3173 χαρίσματος
1691 3099 1958 3170 ἀξιωθεὶς,
2009 3104 2083 3166 ὡς

401 3184 499 3237 καὶ
559 3184 693 3246 τοὺς
755 3184 1016 3263 κρυφίους
1069 3189 1178 3240 τῶν
1236 3186 1532 3261 ἀνθρώπων
1593 3184 1895 3262 λογισμοὺς
1925 3191 2082 3265 γινώ-

399 3295 580 3343 σκειν,
612 3276 706 3328 καὶ
747 3273 935 3348 πράως
991 3275 1079 3329 καὶ
1138 3274 1362 3350 ἡμέρως
1422 3276 1824 3350 ἀναμιμήσκειν
1856 3279 2074 3351 αὐτοὺς,

2227 1237 2419 1293 Marco
2445 1255 2458 1294 :
2483 1241 2700 1311 quibus
2720 1243 2814 1315 adj
2826 1247 2988 1301 uncti
3009 1249 3404 1322 Nicon,Neon,
3427 1259 3485 1310 et
3508 1257 3884 1332 Heliodorus,

2226 1326 2327 1396 qui
2360 1327 2540 1384 fidem
2571 1331 2785 1387 Christi
2817 1344 3225 1408 susceperant,
3251 1342 3506 1414 jugulati
3538 1345 3724 1402 fuere.

2782 1450 3024 1506 EODEM
3061 1454 3316 1511 MENSE.

2751 1591 2855 1648 Die
2881 1593 3162 1652 vicesima
3184 1613 3346 1656 nona

2220 1700 2314 1757 15
2389 1702 2840 1763 Commemoratio
2902 1711 3087 1767 sancti
3151 1717 3334 1770 Patris
3418 1721 3599 1775 nostri
3658 1722 3879 1792 Cyriaci

2865 1801 3228 1858 anachoreta.

2282 1934 2532 1992 Sanctus
2590 1940 2765 1996 Pater
2816 1948 3021 1998 noster
3077 1947 3355 2018 Cyriacus
3413 1953 3774 2012 anachoreta
3801 1974 3872 2013 ex

2213 2023 2356 2079 urbe
2386 2026 2667 2084 Corintho
2701 2029 2831 2098 fuit,
2865 2033 3192 2090 Theodosio
3238 2040 3444 2111 Magno
3486 2041 3868 2114 imperatore,

2211 2112 2370 2169 filius
2421 2117 2664 2173 Joannis
2721 2121 3051 2194 presbyteri
3107 2126 3383 2182 Ecclesiae
3442 2112 3728 2187 Corinthi.
3764 2112 3868 2191 Hic

2208 2219 2343 2258 cum
2366 2205 2549 2276 gradu
2573 2206 2757 2263 lector
2781 2216 2957 2278 esset,
2980 2229 3182 2268 amore
3207 2215 3419 2272 Christi
3443 2235 3563 2289 praa
3587 2223 3864 2280 omnibus

2205 2290 2573 2360 incensus,et
2601 2297 2777 2352 saluti
2810 2317 2930 2355 suae
2961 2303 3273 2360 consulere
3311 2307 3536 2376 volens,
3571 2312 3862 2369 mundum

2202 2384 2465 2455 reliquit,
2488 2402 2742 2460 eumque
2762 2397 2999 2447 secutus
3022 2399 3128 2448 est.
3149 2398 3320 2450 Anno
3345 2399 3504 2453 enim
3528 2407 3703 2457 natus
3722 2403 3863 2460 duo-

2203 2472 2502 2547 deviginti,
2541 2478 3009 2551 Hierosolymam
3049 2484 3228 2554 petit;
3259 2486 3357 2540 ubi
3390 2503 3523 2543 cum
3555 2490 3629 2544 ad
3657 2499 3863 2549 sancta

2200 2562 2331 2620 loca
2355 2572 2600 2636 orasset,
2625 2568 2686 2622 in
2708 2568 2938 2626 lauram
2963 2574 3150 2628 sancti
3174 2576 3472 2647 Euthymii
3496 2596 3557 2633 se
3585 2582 3860 2651 contulit,

2198 2669 2233 2709 a
2262 2671 2380 2724 quo
2413 2671 2647 2712 sacrum
2687 2661 3116 2718 monachorum
3175 2664 3443 2721 habitum
3501 2670 3860 2742 suscipiens,

2199 2750 2319 2801 tam
2351 2753 2522 2802 acuto
2553 2749 2793 2821 ingenio
2818 2752 3052 2820 claruit,
3078 2759 3144 2809 ut
3165 2773 3286 2824 eos,
3312 2759 3410 2828 qui
3437 2777 3572 2816 cum
3605 2763 3859 2835 Origene

2197 2836 2506 2903 sentirent,
2540 2838 2943 2911 redargueret,
2978 2847 3036 2896 et
3075 2843 3247 2900 facile
3280 2839 3676 2907 convinceret.
3710 2856 3856 2909 Cum

2191 2940 2328 2979 vero
2361 2926 2550 2981 multa
2583 2944 2645 2982 se
2673 2930 3095 2988 exercitatione
3129 2939 3187 2988 et
3214 2935 3349 2989 vita;
3383 2941 3731 2996 austeritate
3764 2958 3858 2997 ex-

2191 3013 2497 3081 coluisset,
2529 3033 2596 3071 ac
2648 3019 2860 3088 spiritu
2908 3022 3256 3092 prophetico
3287 3024 3370 3080 ita
3401 3043 3434 3081 a
3467 3028 3582 3082 Deo
3614 3030 3852 3087 afﬂatus

2191 3110 2366 3172 esset,
2400 3111 2465 3160 ut
2490 3106 2582 3161 vel
2613 3108 2861 3164 occultis
2883 3109 3194 3167 hominum
3228 3116 3684 3188 cogitationibus
3715 3138 3853 3192 per-

2189 3195 2429 3265 spectis,
2463 3212 2697 3253 summa
2727 3215 2828 3253 eos
2859 3203 3320 3260 mansuetudine
3353 3211 3411 3260 et
3440 3209 3720 3264 comitate
3751 3212 3852 3266 ad-

2186 3289 2459 3340 moneret
2477 3301 2545 3340 ac
2577 3286 2960 3356 emendaret;
3002 3290 3064 3345 in
3107 3293 3404 3362 profunda
3432 3302 3736 3354 senectute
3769 3300 3844 3354 ad

395 3364 494 3417 καὶ
537 3368 610 3436 τῇ
659 3360 952 3436 διορθώσει
1011 3361 1264 3441 ὠφελεῖν,
1317 3364 1367 3420 ἐν
1431 3365 1712 3456 βαθυτατῳ
1761 3369 1907 3442 γήρᾳ
1936 3371 2064 3444 πρὸς

2184 3372 2524 3440 Dominum,
2551 3376 2722 3447 cujus
2743 3392 2944 3432 amore
2972 3379 3044 3433 ab
3071 3380 3326 3437 infantia
3345 3383 3642 3456 ﬂagrarat,
3667 3386 3841 3445 laetus

396 3456 632 3527 Κυριον,
666 3451 727 3506 δν
762 3451 823 3507 ἐκ
878 3451 1111 3531 βρέφους
1167 3453 1456 3527 έπόθησεν,
1508 3452 1814 3529 ἐξεδήμησε
1862 3457 2071 3533 χαίρων

395 3542 493 3595 καὶ
526 3539 667 3616 ἆγαλ
677 3541 936 3615 λόμενος.

963 3675 1149 3732 mam
1189 3677 1281 3754 T9
1318 3678 1517 3756 ΑΥΤῼ.

1212 3799 1270 3848 Α.

401 3909 616 3979 Μνήμη
647 3911 749 3962 τοῦ
780 3907 934 3984 ἁγίου
975 3907 1374 3984 ἱερομάρτυρος
1424 3911 1730 3988 Γρηγορίου
1769 3913 2070 3973 ἐπισκόπου

869 4003 971 4066 τῆς
1014 3996 1258 4071 μεγάλης
1286 3996 1597 4074 Ἀρμενίας.

463 4139 528 4197 Ὀ
583 4139 918 4212 ἱερομάρτυς
975 4140 1064 4194 καὶ
1122 4137 1437 4202 πολύαθλος
1504 4143 1832 4218 Γρηγόριος,
1893 4144 2066 4221 ὐπῆρ-

383 4248 487 4302 χεν
548 4227 643 4282 ἐπὶ
709 4235 812 4298 τῆς
886 4228 1164 4304 βασιλείας
1230 4228 1652 4301 Διοκλητιανοῦ,
1720 4235 1934 4309 Πάρθος
1997 4237 2061 4291 τὸ

371 4317 563 4389 γένος,
628 4319 900 4392 συγγενὴς
956 4322 1052 4372 τοῦ
1101 4324 1204 4388 τῆς
1261 4318 1555 4393 Ἀρμενίας
1601 4320 1893 4394 βασιλέως,
1927 4327 2066 4401 Χρι-

374 4405 604 4467 στιανός
658 4405 718 4461 δι
763 4403 861 4478 ὢν,
907 4409 1200 4483 κρατηθεὶς
1249 4411 1396 4482 παρὰ
1440 4407 1767 4484 Τηριδάτου,
1826 4412 1916 4467 καὶ
1968 4415 2056 4470 αὖ·

367 4501 479 4550 τοῦ
515 4495 798 4570 βασιλέως
856 4497 1165 4571 Ἀρμενίας,
1225 4496 1440 4560 πολλᾶς
1481 4499 1736 4573 ὑπέμεινε
1759 4503 2052 4577 τιμωρίας,

369 4586 630 4658 μάλιστα
664 4587 956 4659 μαθόντος,
1009 4587 1091 4643 ὅτι
1142 4587 1258 4650 υἱός
1305 4587 1415 4644 ἐστι
1463 4593 1560 4643 τοῦ
1606 4590 1696 4645 τὸν
1729 4594 1935 4664 πατέρα
1967 4593 2055 4649 αὖ·

364 4681 471 4730 τοῦ
504 4675 1030 4750 δολοφονεΰσαντος.
1066 4677 1163 4732 Διά
1215 4681 1382 4732 τοῦτο
1441 4675 1632 4750 δεσμεῖ
1659 4680 1824 4735 αὐτοῦ
1857 4688 2046 4758 χεῖρας

364 4768 463 4820 καὶ
495 4764 698 4826 πόδας
752 4764 841 4820 καὶ
893 4765 969 4828 εἷς
1000 4764 1205 4821 λάκκον
1266 4765 1431 4842 βαθὺν
1467 4763 1714 4824 ἐνέϐαλεν
1748 4771 2042 4845 πεπληρω-

369 4855 540 4926 μένον
598 4855 810 4926 θηρίων
857 4855 944 4909 καὶ
1002 4857 1260 4929 ἑρπετῶν·
1322 4855 1373 4910 ἐν
1434 4857 1480 4929 ᾧ
1531 4855 1798 4931 διέτριψεν
1833 4853 1925 4929 ἔτη
1962 4859 2043 4916 δε-

363 4946 632 5011 καπέντε,
665 4942 994 5020 τρεφόμενος
1051 4943 1229 5021 κρύφα
1282 4945 1427 5019 παρὰ
1481 4947 1665 5022 χήρας
1720 4949 1867 5011 τινὸς
1914 4950 2041 5024 Χρι-

363 5041 624 5102 πιανῆς.
690 5033 817 5087 Κατ’
876 5032 1190 5107 οἰκονομίαν
1250 5031 1308 5088 δὲ
1366 5037 1524 5115 Θεοῦ,
1579 5039 1677 5090 τοῦ
1724 5035 2037 5112 Τηριδάτου

361 5125 916 5201 παραφρονήσαντος,
974 5123 1065 5178 καὶ
1122 5124 1220 5186 τὰς
1280 5124 1481 5199 σάρκας
1537 5125 1706 5180 αὐτοῦ
1761 5129 2036 5201 κατατρώ-

355 5233 588 5285 γοειτος,
650 5211 741 5266 καὶ
803 5212 938 5284 μετᾶ
992 5215 1103 5267 τῶν
1154 5212 1360 5286 χοίρων
1413 5211 1464 5267 έν
1511 5218 1629 5275 τοῖς
1662 5207 1808 5288 ὄρεσι
1844 5214 2036 5289 βοσκο-

358 5303 556 5372 μένου,
620 5299 754 5357 εἶδεν
814 5301 1076 5357 ὀπτασίαν
1137 5304 1172 5371 ἡ
1227 5299 1436 5376 ἂδελφή
1496 5301 1680 5373 αὐτοῦ,
1717 5303 2026 5376 μηνύουσαν

351 5394 522 5468 αὐτῇ,
558 5393 644 5449 ὅτι
677 5393 832 5467 εἰμή
883 5392 1097 5467 ἐξέλθοι
1155 5393 1462 5468 Γρηγόριος
1506 5397 1604 5448 τοῦ
1664 5391 1889 5466 λάκκου,
1927 5399 2030 5466 Τη-

353 5481 587 5554 grain);
646 5483 751 5560 οὔχ
809 5483 1066 5560 ὑγίαίνει.
1129 5480 1393 5554 Ἐξελθὼν
1447 5481 1564 5551 οῦν,
1625 5477 1880 5538 ἐϐάπτισε
1935 5486 2026 5539 τὸν

351 5572 692 5646 Τηριδατην,
747 5574 836 5632 καὶ
894 5573 1104 5634 πάντας
1156 5571 1282 5632 τοὺς
1317 5571 1405 5625 ὑπ’
1447 5571 1623 5631 αὐτόν.
1655 5575 1756 5628 Καὶ
1800 5576 2023 5648 γενόμε·

347 5686 440 5728 νος
472 5665 781 5735 ἐπίσκοπος,
840 5666 936 5722 καὶ
985 5660 1209 5722 πολλὰς
1255 5659 1587 5731 Ἐκκλησίας
1617 5664 2024 5736 συστησάμενος

352 5752 427 5810 ἐπ’
454 5757 671 5839 ὀνόματι
705 5757 968 5840 Χριστοῦ
989 5752 1087 5808 καὶ
1117 5754 1226 5805 τῶν
1257 5748 1453 5824 ἁγίων,
1485 5750 1803 5822 ἐτελειώθη.

2178 3465 2235 3514 et
2263 3460 2529 3532 gaudens
2561 3463 2852 3535 migravit.

2737 3697 2979 3753 EODEM
3017 3701 3161 3755 ΜΕΝ
3169 3701 3271 3759 SE.

2781 3813 2884 3868 Die
2917 3815 3225 3888 trigesima

2176 3929 2274 3984 70
2332 3929 2804 4014 Commemoratio.
2846 3935 3184 4014 sacrosancti
3240 3939 3503 4014 martyris
3550 3940 3830 4014 Gregorii,

2562 4003 2806 4071 episcopi
2860 4019 3073 4073 magna;
3128 4003 3427 4066 Armenias.

2242 4114 2578 4186 Gregorius,
2621 4122 3020 4189 sacromartyr
3051 4135 3118 4173 ac
3151 4121 3468 4194 multiplici
3500 4129 3826 4185 certamine

2165 4201 2440 4273 illustris,
2474 4203 2842 4259 Diocletiano
2899 4207 3258 4278 imperatore
3317 4211 3539 4281 floruit,
3573 4217 3826 4274 Parthus

2163 4309 2400 4366 genere,
2435 4292 2806 4364 propinquus
2850 4297 3146 4352 Armenia)
3195 4300 3371 4371 regis.
3429 4303 3573 4359 Cum
3622 4312 3822 4363 autem

2162 4382 2533 4438 Christianus
2560 4387 2736 4449 esset,
2765 4386 3232 4454 comprehensus
3263 4404 3297 4442 a
3327 4388 3605 4460 Tiridate,
3631 4397 3729 4464 qui
3765 4401 3824 4451 et

2160 4474 2286 4544 ipse
2319 4472 2614 4526 Armenias
2641 4489 2742 4526 rex
2765 4478 2910 4538 erat,
2938 4474 3142 4530 multis
3161 4479 3535 4534 excruciatur
3564 4487 3824 4539 tormen-

2160 4563 2268 4617 tis:
2302 4562 2633 4633 praasertim
2682 4579 2817 4616 cum
2876 4579 3011 4618 eum
3072 4568 3441 4636 cognovisset
3494 4587 3622 4627 esse
3655 4573 3818 4630 illius

2158 4652 2368 4719 ﬁlium,
2404 4651 2505 4722 qui
2538 4657 2766 4722 patrem
2801 4668 2974 4706 suum
3008 4652 3144 4709 dolo
3177 4655 3576 4716 interfecerat.
3608 4663 3818 4727 Quam-

2073 4735 2119 4798 Π
2153 4741 2357 4796 obrem
2391 4756 2525 4794 eum
2555 4740 2831 4795 manibus
2888 4743 3258 4814 pedibusque
3312 4751 3721 4820 constrictum,
3754 4754 3816 4810 in

2151 4830 2512 4904 profundum
2544 4831 2740 4885 lacum
2773 4831 2914 4886 feris
2946 4839 3004 4888 et
3024 4837 3398 4905 serpentibus
3432 4840 3678 4911 plenum
3710 4845 3815 4899 de—

2141 4923 2310 4996 jecit,
2345 4922 2405 4976 in
2438 4938 2554 4992 quo
2583 4937 2772 4975 annos
2800 4922 3145 4992 quindecim
3195 4928 3436 4994 mansit,
3471 4931 3812 4990 Christiana

2149 5011 2410 5082 quadam
2438 5009 2614 5064 vidua
2643 5009 2848 5064 furtim
2881 5011 2930 5064 ei
2966 5012 3254 5070 alimenta
3294 5017 3807 5081 subministrante.

2148 5103 2362 5155 Verum
2393 5099 2593 5154 divina
2622 5097 2844 5153 factum
2893 5105 2984 5154 est
3033 5103 3426 5173 providentia,
3459 5114 3523 5163 ut
3553 5111 3808 5169 Tiridate

2143 5190 2380 5247 insania
2407 5193 2702 5258 correpto,
2735 5205 2994 5260 suasque
3033 5207 3244 5247 carnes
3295 5197 3568 5267 esitante,
3601 5205 3660 5254 et
3687 5217 3806 5256 una

2141 5297 2278 5336 cum
2309 5277 2506 5350 porcis
2528 5277 2589 5330 in
2611 5277 2914 5332 montibus
2938 5288 3244 5350 pascente,
3263 5300 3432 5339 soror
3453 5287 3582 5357 ejus
3606 5306 3711 5358 per
3731 5291 3806 5343 vi-

2141 5371 2371 5426 sionem
2401 5366 2708 5422 admonita
2748 5367 2947 5433 fuerit,
2984 5370 3099 5423 nisi
3151 5373 3466 5444 Gregorius
3498 5393 3527 5429 e
3559 5376 3688 5432 lacu
3714 5377 3802 5431 di-

2137 5461 2494 5520 mitteretur,
2517 5455 2837 5510 Tiridatem
2861 5474 3169 5528 nunquam
3203 5468 3475 5518 sanatum
3505 5464 3598 5518 iri.
3619 5466 3803 5535 Igitur

2136 5551 2384 5604 eductus
2418 5562 2446 5598 e
2481 5545 2610 5598 lacu
2661 5545 2998 5616 Gregorius,
3033 5547 3350 5602 Tiridatem
3393 5566 3527 5602 cum
3561 5552 3798 5606 omibus

2134 5643 2264 5713 ejus
2294 5635 2506 5694 ditioni
2549 5633 2834 5705 subjectis
2875 5635 3223 5706 baptizavit;
3278 5643 3334 5689 et
3366 5639 3682 5710 episcopus
3712 5643 3801 5697 fa-

2130 5739 2282 5798 ctus,
2332 5725 2657 5794 multisque
2716 5725 2996 5779 Ecclesiis
3052 5725 3268 5778 Christi
3331 5733 3795 5805 sanctorumque

2127 5817 2364 5880 nomini
2395 5812 2633 5882 erectis,
2655 5811 2835 5869 vitam
2867 5811 3075 5868 ﬁnivit.
