4142 6448
411 467 491 560 i9

417 722 509 778 ’Π
533 709 817 780 certamen
837 721 1154 844 san‘ctaru‘tm
1179 717 1489 803 martyrum
1510 715 2070 787 Ripsimizﬂaianat.

1059 806 1088 844 e
1135 804 1428 844 sociorum:

1059 804 1111 845 ετ
1135 805 1242 844 8061
1249 804 1428 843 orum:

484 880 774 953 Ripsim'ia
789 884 1039 950 martyr,
1063 882 1123 932 et
1152 877 1392 945 Gaiana,
1417 876 1481 932 in
1505 875 1747 946 regione
1776 873 2070 930 Armenias

415 971 671 1043 virgines
705 973 763 1024 et
792 966 1277 1023 sanctimoniales
1304 965 1547 1020 fuerunt
1572 979 1584 1019 :
1619 969 1674 1018 et
1704 964 1927 1019 Gaiana
1947 963 2074 1034 qui-

416 1060 552 1115 dem
583 1075 771 1124 anus;
805 1056 1093 1128 Hipsimia
1146 1071 1280 1111 vero
1341 1052 1806 1120 adolescentula,
1837 1052 2072 1124 generis

417 1148 749 1213 nobilitate,
783 1152 842 1201 et
871 1145 1089 1201 eximia
1117 1144 1384 1216 corporis
1415 1143 1612 1215 specie
1642 1142 1822 1198 clara.
1855 1142 2068 1206 Quam-

415 1239 621 1295 obrem
642 1236 951 1302 Tiridates,
971 1235 1208 1306 cognita
1223 1233 1386 1287 illius
1403 1230 1869 1304 pulchritudine,
1887 1231 2073 1301 impo-

414 1328 561 1384 tenti
594 1331 803 1399 captus
836 1341 1060 1392 amore,
1088 1322 1580 1394 comprehensam
1620 1320 1695 1377 ad
1742 1319 2069 1376 nefandum

413 1417 688 1490 adigebat
725 1415 1087 1487 amplexum.
1147 1411 1258 1467 Sed
1315 1411 1525 1481 factus,
1583 1409 1798 1466 Christi
1831 1409 2068 1478 virtute,

411 1508 528 1562 voti
558 1506 649 1562 sui
681 1506 894 1577 impos,
925 1519 1176 1559 mmrore
1199 1501 1408 1574 jacuit,
1444 1506 1726 1572 tanquam
1773 1503 2066 1554 mortuus.

415 1598 690 1653 Sanctam
721 1601 922 1652 autem
951 1593 1276 1666 fugientem
1329 1590 1584 1646 assecuti
1625 1588 1870 1658 milites,
1896 1587 2066 1643 Chrio

416 1691 575 1742 stum
603 1686 881 1758 abjurare
903 1682 1241 1756 impellunt.
1266 1679 1434 1747 Quod
1455 1695 1590 1736 cum
1615 1679 1722 1734 illa
1751 1678 1944 1734 facere
1967 1676 2068 1733 de-

411 1779 711 1842 trectaret,
747 1773 1012 1829 discissis
1062 1772 1192 1843 ejus
1239 1769 1522 1838 vestibus,
1573 1768 1890 1842 ligatisque
1935 1769 2072 1839 post

413 1871 642 1938 tergum
691 1862 990 1926 manibus,
1043 1861 1309 1933 linguam
1367 1858 1421 1913 ei
1480 1857 1833 1930 praecidunt,
1865 1855 2070 1912 oculos

414 1951 723 2022 effodiunt,
752 1957 811 2007 et
839 1966 1052 2021 corpus
1082 1949 1144 2004 in
1171 1949 1366 2021 ignem
1397 1947 1696 2019 injiciunt.
1725 1945 1908 2000 Paulo
1935 1949 2071 2018 post
2099 1993 2144 2059 υ

412 2042 608 2116 gladio
639 2057 792 2097 caesa
821 2038 1082 2094 reddidit
1111 2037 1374 2093 animam
1400 2053 1413 2090 :
1465 2041 1524 2091 et
1569 2051 1705 2090 cum
1737 2051 1806 2090 ea
1836 2040 2065 2106 septua-

410 2133 574 2205 ginta
606 2129 711 2184 viri
743 2127 1086 2194 Christiani,
1112 2133 1171 2182 et
1192 2126 1431 2198 triginta
1452 2124 1583 2179 duas
1612 2125 1853 2179 feminea
1884 2125 2069 2178 inter-

413 2219 595 2292 empti
627 2223 784 2274 sunt.
843 2221 918 2272 At
968 2222 1174 2271 sancta
1209 2215 1448 2280 Gaiana,
1482 2214 1746 2269 detracta
1774 2212 1938 2284 prius
1971 2213 2069 2270 18

413 2327 444 2365 e
494 2315 742 2380 corpore
801 2311 923 2361 toto
979 2305 1160 2377 pelle,
1221 2303 1606 2374 contusisque
1638 2319 1777 2358 saxo
1813 2302 2068 2374 ossibus,

412 2399 603 2471 capite
653 2397 992 2454 damnatur.

707 2586 968 2682 MEN
982 2585 1134 2681 SE
1202 2583 1774 2679 OCTOBRI.

1071 2765 1176 2822 Die
1217 2765 1414 2837 prima

417 2891 455 2944 τ
469 2889 518 2945 υ
545 2887 633 2944 σου
647 2892 827 2944 tamen
847 2882 1183 2942 sacrosancti
1200 2884 1463 2952 martyris
1479 2887 1532 2938 et
1551 2881 1787 2953 apostoli
1802 2882 2068 2949 Ananiae,

972 2957 1212 3027 episcopi
1236 2955 1508 3010 Damasci.

482 3074 765 3140 Ananias,
800 3073 1017 3130 Christi
1047 3077 1270 3144 martyr
1293 3075 1353 3127 et
1379 3069 1708 3142 apostolus,
1739 3069 2071 3142 discipulus

407 3181 761 3238 magnorum
779 3161 1185 3236 apostolorum
1205 3160 1361 3216 Petri
1387 3165 1446 3215 et
1465 3159 1739 3230 Andreas,
1757 3158 2070 3215 ordinatus

405 3264 498 3313 est
521 3256 595 3312 ab
623 3255 838 3312 iisdem
865 3254 1030 3310 urbis
1051 3252 1323 3308 Damasci
1349 3251 1682 3323 episcopus.
1703 3252 1847 3306 Cum
1869 3255 2068 3307 autem

1738 461 2198 555 MENoLo'diI”
2219 481 2426 558 PARS
2469 499 2520 560 ι.

1065 626 1287 683 Eodem
1318 611 1414 683 die
2092 610 2154 695 κ

3759 497 3840 557 80

2772 632 2848 704 τῇ
2889 627 3027 704 αὕτῆ
3053 631 3238 703 ἡμέρᾳ

2175 713 2443 786 Ἂθλησις
2492 721 2602 774 τῶν
2659 719 2830 794 ἁγίων
2922 719 3235 794 μαρτύρων,
3285 715 3607 794 μῬιψιμίας,
3666 723 3834 774 Γαῖα-

2563 797 2681 859 νῆς,
2708 789 2804 846 ’καὶ
2831 789 2934 860 τῆς
2958 789 3206 854 συνοδίας
3237 789 3436 847 αὐτῶν.

2245 878 2310 934 Ἦ
2374 879 2585 951 μάρτυς
2643 881 2900 954 Ῥιψιμία
2957 879 3050 935 σὺν
3291 883 3520 954 Γαΐανῇ,
3577 880 3830 956 ὑπῆρχον

2171 968 2431 1042 παρθένοι
2486 969 2575 1024 καὶ
2637 971 2970 1042 μονάζουσαι
3028 969 3080 1024 ἐν
3146 973 3217 1044 τῇ
3278 970 3439 1044 χώρᾳ
3514 969 3830 1043 ³Δρμενίας.

2174 1057 2278 1111 Καὶ
2335 1061 2370 1127 ἡ
2434 1058 2528 1131 μὶν
2585 1060 2786 1127 Γαῖανὴ
2844 1060 2911 1128 ἦν
2969 1063 3155 1133 γραῦς·
3218 1061 3253 1128 ἡ
3315 1055 3374 1114 δὶ
3427 1055 3680 1132 Ῥιψιμία
3721 1057 3833 1130 νέα,

2173 1143 2398 1219 εύγενής
2447 1147 2534 1201 καὶ
2587 1144 2881 1224 εὔμορφος.
2936 1147 3135 1212 Μαθὼν
3193 1145 3251 1202 δὲ
3302 1148 3425 1223 περὶ
3467 1151 3566 1202 τοῦ
3593 1144 3839 1209 κάλλους

2172 1234 2344 1303 αὐτῆς
2376 1233 2767 1310 ὁΤηριδάτης,
2823 1235 3036 1312 ἐγένετο
3093 1235 3145 1291 ἐν
3200 1235 3464 1310 ἐπιθυμίᾳ
3519 1235 3708 1302 αὐτῆς·
3743 1235 3835 1290 καὶ

2170 1324 2520 1393 ἀπουτείλας,
2605 1327 2694 1382 καὶ
2780 1330 3055 1402 κρατήσας
3138 1327 3330 1396 αὐτὴν,
3393 1323 3638 1396 ἐϐιάζετο
3696 1327 3836 1402 πρὸς

2172 1413 2427 1484 ἀθέμιτον
2465 1413 2627 1486 μίξιν.
2690 1416 2779 1484 Μή
2831 1410 3254 1490 περιγενόμενος
3313 1412 3371 1470 δὶ
3418 1413 3606 1484 αὐτῆς,
3636 1418 3706 1488 τῇ
3737 1419 3836 1470 τοῦ

2171 1502 2406 1576 Χριστοῦ
2490 1499 2738 1576 δυνάμει,
2814 1501 3080 1576 λυπηθεὶς
3158 1501 3355 1572 ἔκειτο,
3432 1504 3562 1560 ὡσεὶ
3618 1504 3835 1577 νεκρὸς.

2172 1589 2544 1667 Ἐκφυγοῦσαν
2577 1589 2636 1648 δὶ
2663 1594 2764 1663 τήν
2803 1593 2952 1668 ἁγίαν
3013 1591 3398 1667 ἐπιδιώξαντες
3457 1593 3510 1649 οἳ
3565 1597 3838 1669 στρατιῶ-

2167 1698 2278 1750 ται,
2309 1679 2400 1734 καὶ
2449 1680 2771 1754 φθάσαντες,
2827 1681 3139 1758 ἠνάγκασαν
3198 1682 3534 1758 ἀρνήσασθαι
3575 1687 3667 1738 τόν
3698 1689 3838 1758 Χρι-

2171 1767 2317 1824 στόν.
2380 1767 2478 1823 Καὶ
2539 1770 2615 1842 μὴ
2674 1770 3012 1842 πεισθείσης,
3066 1768 3349 1848 διέρρηξαν
3395 1772 3564 1841 αύτῆς
3592 1772 3660 1828 τὰ
3689 1770 3834 1845 ἱμά-

2169 1875 2278 1914 τια.
2341 1856 2438 1912 Καὶ
2493 1859 2590 1921 τὰς
2645 1864 2838 1935 χεῖρας
2895 1859 3072 1916 όπίσω
3130 1858 3404 1931 δήσαντες,
3439 1861 3542 1930 τὴν
3572 1859 3835 1936 γλῶσσαν

2175 1941 2464 2018 ἀπέτεμον,
2521 1945 2612 2000 καὶ
2687 1945 2815 2009 τοὺς
2900 1945 3222 2025 ὀφθαλμοὺς
3278 1947 3566 2024 ἐξώρυξαν,
3619 1948 3710 2003 καὶ
3765 1948 3838 2004 τὸ

2176 2037 2336 2106 σῶμα
2392 2035 2561 2104 αὐτῆς
2621 2035 2697 2098 είς
2768 2041 2874 2112 πῦρ
2935 2033 3212 2094 ἐνέϐαλον·
3274 2039 3387 2095 εἶτα
3442 2038 3581 2094 κατὰ
3639 2038 3841 2114 μικρὸν

2170 2125 2287 2183 τοῖς
2347 2121 2516 2199 ξίφεσι
2581 2125 2891 2197 κοπτομένη
2951 2123 3236 2198 παρέδωκε
3291 2127 3393 2195 τὴν
3464 2127 3670 2201 ψυχήν.
3734 2124 3840 2180 Καὶ

2173 2208 2264 2264 σὺν
2299 2210 2436 2285 αὐτῇ
2497 2212 2762 2276 ἀπέθανον
2817 2210 3008 2288 ἄνδρες
3067 2215 3387 2289 Χριστιανοὶ
3428 2209 3840 2288 ἐϐδομήκοντα,

2171 2297 2260 2352 καὶ
2319 2305 2567 2373 γυναῖκες
2625 2299 3046 2376 τριακονταδύο.
3099 2303 3163 2357 Ἦ
3218 2299 3275 2358 δὲ
3340 2303 3464 2379 ἀγία
3516 2304 3718 2373 Γαῖανὴ
3770 2303 3841 2359 τὸ

2173 2383 2345 2462 δέρμα
2399 2390 2496 2442 τοῦ
2551 2390 2806 2463 σώματος
2864 2388 2999 2446 ὅλου
3055 2389 3360 2468 ἐκδαρεῖσα,
3418 2391 3509 2446 καὶ
3561 2391 3734 2454 Λίθοις
3765 2393 3844 2446 τὰ

2171 2476 2304 2530 ὁστᾶ
2332 2472 2696 2554 συντριϐεῖσα,
2729 2478 2903 2541 οὕτως
2933 2478 3225 2553 ἀπετμήθη
3257 2481 3356 2550 τὴν
3388 2479 3654 2556 κεφαλήν.

2468 2591 2792 2691 ΜΗΝΙ
2884 2597 3538 2694 ΟΚΤΩΒΡΙΩ

2780 2749 2866 2806 Ἐν
2915 2752 2983 2824 τῇ
3026 2750 3220 2828 πρώτῃ

2172 2861 2438 2934 Ἀθλησις
2501 2867 2600 2939 τοῦ
2659 2863 2845 2939 ἁγίουΔ
2895 2864 3293 2939 ἰερομάρτυρος
3377 2866 3464 2920 καὶ
3522 2864 3849 2922 ἀποστόλου

2531 2935 2806 3007 Ἀνανίου,
2829 2935 3129 2991 ἐπισκόπου
3162 2935 3474 3005 Δαμασκοῦ.

2245 3051 2498 3120 Ανανίας,
2552 3053 2580 3107 6
2637 3057 2735 3108 τοῦ
2786 3054 3020 3128 Χριστοῦ
3092 3055 3298 3126 μάρτυς
3355 3053 3445 3108 καὶ
3504 3051 3852 3124 ἀπόστολος,

2176 3141 2393 3215 ὑπῆρχε
2440 3141 2536 3214 μὶν
2599 3143 2851 3214 μαθητὴς
2899 3146 3008 3196 τῶν
3069 3141 3319 3218 μεγάλων
3375 3142 3696 3198 ἀποστόλων
3735 3142 3851 3198 Πέ-

2171 3251 2304 3302 τρου
2383 3231 2472 3285 καὶ
2556 3229 2832 3306 Ἀνδρέου·
2918 3231 3313 3306 ἐχειροτονήθη
3378 3229 3434 3287 δὲ
3480 3233 3606 3309 παρ’
3659 3231 3847 3288 αὐτῶν

401 3349 463 3405 in
508 3345 716 3402 eadem
765 3343 912 3399 urbe
965 3348 1319 3406 versaretur,
1370 3340 1754 3410 audissetque
1786 3339 2060 3407 Paulum,

2178 3318 2474 3382 ἐπίσκοπος
2503 3321 2603 3389 τῆς
2647 3319 2866 3382 πόλεως
2917 3320 3227 3393 Δαμασκοῦ.
3261 3317 3563 3398 Διατρίϐων
3598 3319 3654 3376 δὲ
3685 3321 3735 3375 ἐν
3767 3327 3848 3396 τῇ

403 3441 526 3491 tum
551 3433 830 3489 Ecclesiae
853 3431 1069 3488 Christi
1092 3435 1560 3502 persecutorem,
1581 3429 1781 3483 venire
1800 3429 2071 3484 Hieroso.

399 3523 578 3596 lymis
609 3528 677 3578 ut
725 3537 788 3578 se
833 3518 1397 3592 comprehenderet,
1428 3519 1627 3589 fugam
1659 3517 1925 3590 parabat.
1958 3516 2071 3572 Sed

406 3627 702 3685 apparens
735 3610 824 3664 illi
858 3608 1166 3674 Dominus,
1200 3607 1512 3678 imperavit
1539 3611 1606 3660 ut
1635 3606 2074 3674 consisteret,et

412 3699 663 3757 Paulum
693 3697 1035 3769 baptizaret,
1063 3695 1238 3764 eique
1263 3695 1453 3748 visum
1475 3694 1819 3748 restitueret
1842 3710 1856 3748 :
1880 3710 2071 3749 0830118

411 3789 572 3845 enim
604 3788 666 3843 in
697 3787 912 3842 itinere
953 3785 1164 3840 factus
1191 3784 1406 3851 fuerat,
1454 3799 1590 3838 cum
1633 3782 1839 3837 lumen
1869 3783 1923 3838 ei
1955 3783 2072 3838 cir-

408 3877 735 3943 cumfulsit,
770 3890 997 3946 voxque
1029 3874 1130 3930 80
1188 3890 1218 3928 e
1276 3871 1504 3928 lumine
1544 3871 1784 3942 prodiit,
1819 3870 2024 3927 dicens
2052 3888 2066 3927 :

405 3965 594 4032 Saule,
619 3966 757 4036 quid
773 3981 857 4020 me
867 3965 1214 4035 persequeris
1233 3965 1261 4017 ?
1290 3964 1406 4032 Ego
1427 3976 1546 4015 sum
1566 3963 1718 4016 Jesus
1743 3961 1986 4016 Christus
2007 3959 2070 4025 ⁴;

417 4055 524 4112 sed
553 4053 697 4110 vade
729 4052 803 4109 ad
836 4052 1152 4118 Ananiam,
1186 4055 1245 4106 et
1272 4049 1589 4122 baptizare,
1615 4054 1673 4105 et
1701 4050 1888 4104 visum
1921 4050 2074 4104 reci-

411 4145 561 4217 pies.
594 4144 740 4199 Cum
774 4142 954 4214 igitur
1001 4140 1264 4197 Ananias
1314 4138 1658 4194 mandatum
1691 4139 1924 4194 Domini
1955 4139 2071 4193 im-

406 4232 709 4305 plevisset,
743 4230 986 4285 Saulum
1019 4227 1351 4300 baptizavit,
1384 4232 1609 4282 mutato
1644 4229 1887 4283 nomine
1920 4229 2069 4282 Pau-

403 4321 530 4376 lum
597 4335 734 4376 eum
794 4318 1125 4390 appellans.
1187 4318 1398 4371 Postea
1471 4316 1938 4386 comprehensus
1997 4312 2077 4370 ab

405 4411 766 4476 idololatris,
798 4411 871 4466 ad
904 4409 1230 4465 Lucianum
1274 4407 1626 4479 prtefectum
1673 4405 2006 4475 adducitur,
2038 4421 2073 4462 a

407 4518 525 4574 quo
557 4517 748 4558 caesus
782 4500 1067 4572 primum,
1100 4495 1317 4552 deinde
1361 4495 1421 4549 in
1468 4495 1756 4550 lateribus
1787 4495 2070 4568 depexus,

403 4595 709 4663 postremo
743 4594 910 4644 extra
939 4587 1150 4642 urbem
1203 4587 1451 4658 ejectus,
1491 4583 1790 4656 lapidibus
1821 4584 2069 4639 obrutus

402 4683 525 4736 est:
561 4693 819 4748 eumque
863 4676 1055 4732 vivere
1086 4674 1382 4742 desiisset,
1428 4673 1488 4728 in
1541 4673 1748 4728 eadem
1780 4673 1924 4728 urbe
1956 4675 2068 4728 Da-
2096 4711 2151 4779 Β

400 4783 602 4824 masco
634 4765 906 4839 sepultus
936 4764 1069 4820 fuit.

1056 4880 1277 4938 Eodem
1316 4880 1412 4936 die

401 5001 496 5056 8|
535 4997 821 5057 Certamen
850 4999 1031 5055 sancti
1071 4995 1330 5066 martyris
1371 4994 1678 5061 Michaelis,
1711 5001 1766 5048 et
1791 4995 2064 5050 sociorum

833 5072 1070 5140 triginta
1097 5085 1194 5124 sea:
1219 5067 1631 5123 monachorum.

473 5181 723 5244 Sanctus
738 5186 986 5242 Michael
1003 5203 1137 5242 cum
1159 5185 1336 5240 sociis
1354 5183 1598 5256 triginta
1615 5181 2064 5251 sex'mona’chis',
2090 5213 2094 5220 ·

400 5277 790 5333 Constantino
823 5281 882 5331 et
919 5278 1087 5330 Irene
1130 5272 1586 5345 imperantibus,
1620 5271 1948 5326 solitariam
1977 5271 2082 5326 vi-‘

402 5373 521 5422 tam
555 5366 766 5440 agebat
796 5365 856 5419 in
896 5363 1260 5419 monasterio
1301 5361 1560 5416 Sebastas
1601 5360 1733 5416 urbi
1770 5361 2088 5432 proximo."

401 5458 546 5511 Cum
573 5471 708 5510 vero
745 5447 899 5508 Alim
931 5454 1361 5507 Saracenorum
1393 5467 1626 5506 ameras
1658 5450 2063 5505 incursionem

403 5544 464 5596 in
500 5545 663 5598 illam
696 5543 997 5615 regionem
1029 5541 1272 5606 faceret,
1303 5545 1506 5611 captos
1539 5545 1774 5594 sanctos
1805 5539 2065 5610 compel-

406 5633 565 5688 lebat
592 5633 892 5688 Christum
923 5632 1239 5704 abnegare,
1283 5633 1342 5686 et
1390 5628 2082 5702 superstitionem‘Agao'

474 5798 495 5831 ⁴
527 5799 648 5852 Act.
681 5811 758 5863 IX,
790 5798 844 5850 4.

2176 3407 2313 3484 αὐτῇ
2345 3407 2504 3464 πόλει
2557 3409 2648 3463 καὶ
2711 3409 2915 3482 μαθὼν,
2976 3409 3058 3464 ὅτι
3117 3411 3394 3473 Παῦλοςὸ
3425 3410 3546 3465 τότε
3600 3407 3854 3481 διώκτης

2173 3498 2274 3564 τῆς
2327 3495 2656 3568 Ἐκκλησίας
2709 3502 2806 3553 τοῦ
2859 3499 3117 3572 Χριστοῦ,
3169 3499 3492 3575 κατέρχεται
3533 3500 3849 3574 ἀπὸῚερο-

2177 3586 2460 3659 σολύμων,
2505 3588 2644 3656 πρὸς
2673 3588 2735 3641 τὸ
2763 3593 3030 3663 κρατῆσαι
3078 3588 3260 3655 αὐτὸν,
3311 3585 3588 3659 ἐϐουλήθη
3624 3593 3848 3665 φυγεῖν.

2175 3673 2336 3731 »Αλλ’
2386 3677 2414 3730 6
2474 3675 2671 3750 Κύριος
2741 3674 3087 3752 ἐμφανισθεὶς
3174 3675 3343 3748 αὐτῷ,
3402 3677 3696 3752 προσέταξε
3755 3679 3844 3749 μὴ

2177 3769 2388 3842 φυγεῖν,
2421 3763 2568 3820 ἀλλὰ
2619 3769 2950 3837 περιμεῖναι,
3010 3765 3101 3820 καὶ
3165 3765 3424 3840 βαπτίσαι
3467 3765 3650 3838 αὐτὸν,
3683 3764 3848 3829 ὅπως

2177 3849 2482 3927 ἀναϐλέψῃ.
2546 3852 2870 3932 Ἐτυφλώθη
2930 3855 3033 3929 γὰρ
3090 3853 3227 3909 κατὰ
3279 3856 3382 3923 τὴν
3443 3851 3588 3923 ὁδὸν,
3657 3856 3851 3932 φωτὸς

2177 3941 2590 4016 ἐπιλάμψαντος
2644 3941 2809 4013 αὐτῷ⁸
2869 3941 2959 3996 καὶ
3014 3948 3200 4019 φωνῆς
3258 3941 3584 4013 ἐξελθούσης
3638 3943 3696 3998 ἐκ
3736 3949 3848 3999 τοῦ

2176 4032 2379 4110 φωτὸς,
2437 4031 2527 4086 καὶ
2583 4030 2867 4100 εἰπούσης*
2925 4029 3124 4098 Σαῦλε,
3180 4031 3234 4087 τί
3299 4052 3366 4104 με
3425 4029 3682 4101 διώκεις;
3725 4032 3850 4106 ἐγώ

2177 4121 2291 4193 εἶμι
2325 4122 2536 4190 Ἰησοῦς
2591 4121 2620 4174 6
2679 4118 2938 4193 Χριστός·
2993 4120 3119 4176 ἀλλ’
3177 4117 3430 4183 ἀπελθὼν
3487 4120 3627 4196 πρὸς
3677 4124 3849 4178 Ἀναο

2174 4209 2314 4278 νίαν,
2377 4207 2727 4283 βαπτίσθητι,
2785 4208 2875 4262 καὶ
2928 4203 3278 4282 ἀναϐλέψεις.
3339 4211 3582 4280 Ποιήσας
3631 4207 3722 4264 οὖν
3772 4211 3850 4267 τὸ

2176 4298 2504 4372 πρόσταγμα
2576 4301 2673 4351 τοῦ
2751 4295 2960 4373 Κυρίου
3016 4299 3045 4352 6
3105 4297 3377 4368 Ἀνανίας,
3436 4293 3693 4354 ἐϐάπτισε
3745 4300 3853 4355 τὸν

2179 4386 2411 4455 Σαῦλον,
2465 4387 2840 4460 μετονομάσας
2895 4386 3056 4442 αὐτὸν
3114 4385 3355 4445 Παῦλον.
3390 4386 3520 4443 Εἶτα
3549 4390 3853 4462 κρατηθεὶς

2175 4477 2320 4551 παρά
2375 4479 2483 4529 τῶν
2541 4473 2983 4550 εἰδωλολατρῶν,
3051 4478 3344 4552 προσήχθη
3416 4482 3703 4549 Λουκιανῷ
3761 4483 3855 4551 τῷ

2177 4563 2428 4640 ἄρχοντι.
2512 4563 2618 4620 Καὶ
2692 4565 2936 4642 τυφθεὶς,
3012 4564 3103 4618 καὶ
3160 4564 3257 4627 τὰς
3315 4563 3557 4638 πλευρὰς
3613 4565 3854 4638 ξεσθεὶς,

2173 4651 2331 4714 τέλος
2397 4648 2688 4723 ἐκϐληθεὶς
2761 4655 2860 4721 τῆς
2955 4651 3197 4724 πόλεως,
3269 4649 3667 4724 ἐλιθοϐολήθη.
3742 4657 3851 4711 Καὶ

2178 4740 2506 4815 τελειωθεὶς,
2540 4741 2710 4812 ἐταφη
2743 4741 2795 4798 ἐν
2827 4742 2967 4816 αὐτῇ
2996 4745 3066 4815 τῇ
3098 4739 3261 4797 πόλει
3293 4741 3586 4816 Δαμασκῷ.

2769 4862 2846 4933 Τῇ
2881 4857 3018 4932 αὐτῇ
3045 4855 3232 4935 ἡμέρᾳ

2172 4972 2440 5046 Ἀθλησις
2491 4977 2589 5030 τοῦ
2647 4973 3050 5050 όσιομάρτυρος
3108 4974 3365 5050 Μιχαὴλ,
3422 4975 3514 5031 καὶ
3573 4979 3684 5032 τῶν
3739 4975 3851 5034 σὺν

2705 5044 2863 5118 αὐτῷ
2890 5044 2969 5115 λζ²
3013 5044 3298 5122 μοναχῶν.

2242 5167 2304 5224 Ὀ
2335 5165 2486 5243 ἅγιος
2516 5164 2748 5241 Μιχαὴλ
2811 5164 2945 5238 μετᾶ
2993 5170 3099 5221 τῶν
3156 5165 3248 5221 συν
3304 5167 3456 5239 αύτῷ
3483 5168 3851 5243 τριακονταὲξ

2175 5258 2454 5330 μοναχῶν,
2497 5253 2713 5329 ὑπῆρχε
2766 5253 2861 5327 μὲν
2921 5251 3010 5308 ἐπὶ
3063 5256 3161 5324 τῆς
3223 5254 3502 5329 βασιλείας
3535 5257 3851 5312 Κωνσταν-

2169 5342 2320 5398 τίνου
2373 5343 2462 5398 καὶ
2525 5343 2789 5417 Εἰρήνης·
2872 5341 3119 5418 ἡσύχαζε
3200 5339 3258 5397 δέ
3315 5342 3368 5398 ἐν
3456 5342 3851 5417 μοναστηρίῳ,

2169 5431 2409 5502 πλησίον
2462 5426 2976 5493 Σεϐαστουπόλεως.
3029 5431 3453 5508 Ἐκστρατεύσας
3496 5429 3554 5486 δὲ
3584 5432 3612 5486 6
3645 5430 3852 5506 Ἀλήμ

2171 5525 2199 5577 ὁ
2229 5522 2445 5596 ἀμηρᾶς
2482 5525 2588 5575 τῶν
2622 5524 2954 5591 Σαρακηνῶν
3015 5521 3154 5576 κατά
3215 5527 3317 5590 τῆς
3375 5521 3565 5596 χώρας
3593 5520 3851 5594 ἐκείνης,

2170 5610 2435 5686 ἐκράτησε
2506 5609 2634 5672 τοὺς
2707 5608 2912 5684 ἁγίους·
2992 5609 3083 5664 καὶ
3139 5609 3443 5685 ἠνάγκασεν
3500 5609 3857 5686 ἀρνήσασθαι
