4142 6448
330 369 421 432 81

1898 404 1909 455 ξ
1926 370 2312 451 OGTQBER-
3750 369 3841 445 :83

351 504 447 615 τὸν
506 505 777 615 ξὶρῖστὸν
849 505 945 562 καὶ
973 508 1336 615 ’μμγαρίσαμ
1394 508 1460 562 Οἱ
1528 503 1586 561 δὶ
1642 504 1782 560 ὅσιοι
1844 501 2075 576 Πατέρες

2213 507 2459 565 'enicam
2491 506 2791 580 amplecti.
2824 511 2895 571 At
2952 505 3143 562 sancti
3182 506 3406 562 Patres
3461 519 3583 557 non
3643 501 3839 557 solum

361 594 465 650 οῦκ
517 594 896 666 ἐπείσθησαν,
963 595 1093 651 ἀλλ’
1159 595 1494 667 ἀντέστησαν
1544 594 1713 667 αὐτῷ,
1769 593 2080 667 ἐμπτύσαν-

561 685 576 703 ε
646 685 661 703 .
734 681 747 703 ι
961 685 1024 703 Α.
1171 680 1201 703 ρ
1252 685 1265 703 Ι
1353 696 1371 703 -
1517 684 1531 702 ς
1635 684 1663 703 η
1966 679 2073 703 ψη

2213 615 2307 653 non
2341 602 2482 653 sunt
2510 597 2762 666 assensi,
2796 598 2897 653 sed
2930 597 2992 650 in
3026 596 3197 650 illum
3220 594 3398 649 etiam
3416 597 3836 663 conspuentes,

364 708 453 749 τες
483 685 580 740 καὶ
614 681 896 745 εἰπόντες
958 685 1032 741 Ού
1092 680 1415 764 φοϐούμεθα
1476 684 1570 744 τὰς
1634 684 1920 760 βασανους,
1954 679 2080 737 οὐδὲ

408 777 423 793 \
520 788 538 793 _
556 778 569 793 ο
595 786 602 793 .
841 777 855 793 ρ
925 780 949 791 υ
1211 780 1237 791 ο
1456 776 1469 793 Ι
1653 773 1666 793 Ι
1869 771 1905 793 Ἀ
1922 783 1962 793 ελ
1984 792 1993 793 κ
2011 775 2038 787 θ
2073 790 2081 793 -

2213 687 2657 759 ἐεροιιάετιιηὶε
2682 687 2918 742 Nullum
2934 685 3106 741 nobis
3126 688 3422 739 tormenta
3433 687 3719 737 terrorem
3748 681 3836 734 in-

2270 778 2306 793 ..
2404 782 2416 793 .
2808 782 2819 793 .
2865 777 2874 788 .
3280 772 3812 793 _L._#____L_.___-

370 777 436 832 τὸ
516 778 754 846 θὲλημα
836 777 993 849 ὑμῶν
1074 780 1367 849 πριοῦμεν,
1450 773 1811 849 ὑπαρχόντων
1865 771 2081 847 ἐχθρῶν

2213 778 2441 845 :utiunt,
2476 794 2672 849 neque
2705 777 2910 833 vestris
2941 775 3238 831 mandatis
3269 772 3836 844 obtemperabimus,

373 870 474 920 τοῦ
508 870 761 940 σταυροῦ
823 869 926 921 τοῦ
982 866 1253 941 Χριστοῦ.
1301 863 1481 922 ἍλΛὰ
1534 866 1948 935 καταπατοῦμεν
1979 860 2079 928 τὴν

385 956 547 1028 ὑμῶν
611 954 912 1027 ἀθεότητα,
972 954 1402 1029 κραταιούμενοι
1453 957 1523 1026 τῇ
1588 950 1813 1025 δυνάμει
1850 954 1948 1006 τοῦ
1987 958 2085 1005 Δε-

389 1045 604 1099 σπότου
633 1045 802 1117 ἡμῶν
866 1044 1052 1115 Ἰησοῦ
1110 1042 1370 1119 Χριστοῦ.
1436 1041 1541 1099 Καὶ
1600 1038 1812 1103 σταθείς
1846 1039 1899 1095 ἐν
1936 1037 2085 1112 μέσῳ

394 1135 577 1188 αὐτῶν
613 1134 879 1209 Μιχαὴλ,
939 1134 968 1187 6
1024 1133 1319 1194 ὁσιώτατος
1376 1131 1717 1207 ἡγούμενος,
1748 1126 2085 1204 παρεκάλεσε

392 1223 587 1278 πολλᾶ
606 1223 739 1287 τοὺς
772 1222 1076 1298 μοναχοὺς,
1098 1227 1195 1276 τοῦ
1221 1223 1298 1296 μὴ
1332 1222 1673 1296 ἀρνήσασθαι
1704 1220 1797 1274 τὸν
1825 1217 2083 1292 Χριστὸν⁸

396 1312 497 1368 Καὶ
559 1310 710 1367 οὕτω
767 1313 963 1374 πάντες
1020 1308 1485 1387 προθυμηθέντες,
1546 1313 1636 1365 καὶ
1694 1309 2084 1384 πηριχθὲντες

392 1406 463 1476 τῇ
527 1400 865 1473 διδασκαλίᾳ
950 1400 1137 1471 αὐτοῦ,
1222 1400 1504 1463 κλίναντες
1576 1399 1880 1473 προθύμως
1955 1394 2082 1459 τοὺς

396 1490 756 1565 τραχήλους,
788 1490 1324 1567 ἀπεκεφαλίσθησαν.
1383 1488 1489 1547 Καὶ
1538 1485 1774 1550 ἔσχατος
1806 1486 2021 1543 πάντων
2055 1486 2083 1540 ὁ

403 1579 670 1640 πανόσιος
707 1577 969 1654 Μιχαὴλ,
1003 1580 1143 1656 ξίφει
1178 1577 1431 1654 πληγεὶς,
1465 1577 1785 1646 ἐτελειώθη.

995 1786 1078 1858 Tit
1127 1783 1264 1858 αὖτῇ
1306 1782 1509 1859 ἡμέρᾳ.

2192 870 2293 941 qui
2326 870 2531 925 hostes
2561 870 2753 925 crucis
2783 868 3000 924 Christi
3024 868 3166 923 estis
3191 885 3206 933 ;
3232 864 3335 921 sed
3358 869 3613 920 vestram
3633 862 3842 934 impie-

2192 964 2376 1015 tatem
2407 958 2846 1031 proculcamus,
2878 973 3044 1029 spem
3076 962 3345 1012 nostram
3375 955 3438 1009 in
3480 954 3694 1009 virtute
3728 952 3842 1006 Do-

2194 1050 2344 1108 mini
2369 1051 2560 1108 nostri
2591 1052 2727 1107 Jesu
2784 1050 3000 1105 Christi
3056 1047 3439 1103 collocantes.
3490 1046 3644 1105 Tum
3703 1058 3841 1097 vero

2195 1140 2441 1196 Michael
2474 1139 2891 1196 sanctissimus
2920 1138 3289 1210 hegumenus
3318 1135 3380 1189 in
3410 1132 3607 1191 medio
3634 1146 3842 1187 eorum

2195 1230 2483 1297 constitit,
2515 1229 2982 1298 monachosque,
3014 1232 3082 1282 ut
3110 1228 3173 1281 in
3203 1224 3420 1280 Christi
3466 1220 3841 1278 confessione

2196 1323 2538 1376 constantes
2582 1322 2801 1383 essent,
2848 1317 3177 1389 plurimum
3234 1312 3603 1370 hortabatur.
3652 1311 3845 1376 Quare

2194 1425 2425 1476 omnes,
2463 1407 2626 1463 illius
2657 1406 2930 1463 doctrina
2956 1403 3295 1461 conﬁrmati
3327 1406 3385 1458 et
3414 1398 3683 1467 animati,
3706 1414 3845 1469 por-

2194 1504 2357 1554 recta
2384 1495 2832 1569 promptissime
2863 1495 3089 1551 cervice
3121 1490 3457 1550 obtruncati
3504 1492 3680 1545 sunt:
3716 1502 3847 1541 om-

2195 1589 2486 1659 niumque
2515 1590 2853 1659 postremus
2883 1582 3369 1656 religiosissimus
3422 1576 3672 1641 Michael
3723 1574 3847 1647 gla-

2195 1678 2293 1735 dio
2320 1693 2662 1750 percussus,
2694 1676 2877 1732 vitam
2908 1674 3119 1730 ﬁnivit.

2849 1789 3074 1847 Eodem
3103 1788 3199 1843 die

412 1905 619 1976 Μντςμη
697 1904 799 1956 τοῦ
876 1900 1028 1956 ὁσίου
1104 1901 1395 1976 Ῥωμανοῦ
1467 1904 1566 1955 τοῦ
1640 1902 1876 1971 ποιητοῦ
1976 1899 2083 1952 τῶν

2213 1911 2297 1968 52
2331 1912 2784 1968 Commemoratio
2812 1909 2991 1964 sancti
3042 1907 3276 1961 Romani
3315 1903 3602 1974 scriptoris
3655 1905 3846 1955 conta-

1089 1971 1417 2029 κοντακίων.

478 2090 543 2145 Ὀ
616 2088 769 2150 ὅσιος
854 2089 1163 2161 Ῥωμανὸς,
1223 2089 1442 2165 ὑπῆρχε
1510 2089 1605 2162 μὶν
1677 2086 1789 2141 ἀπὸ
1864 2084 2089 2161 Συρίας,

411 2176 663 2239 διάκονος
691 2176 977 2253 τυγχάνων
1023 2180 1122 2246 τῆς
1167 2178 1217 2233 ὲν
1266 2180 1498 2253 Βηρυτῷ
1542 2176 1705 2253 ἁγίας
1737 2174 2089 2245 Ἐκκλησίαςο

415 2262 754 2323 Καταλαόὼν
831 2265 890 2322 δὲ
962 2270 1064 2336 τὴν
1141 2266 1719 2325 Κωνσταντινούπολιν
1820 2264 1910 2321 ἐπὶ
1984 2268 2091 2318 τῶν

413 2359 638 2432 χρόνων
714 2356 1070 2412 Ἀναστασίου
1145 2361 1245 2411 τοῦ
1323 2357 1614 2433 βασιλίως,
1684 2355 1925 2425 ἀπῆλθε,
1994 2352 2093 2407 καὶ

409 2443 708 2519 κατέμενεν
769 2445 821 2500 ιν
878 2450 959 2518 τῷ
1012 2450 1125 2518 ναῷ
1180 2454 1279 2516 τῆς
1339 2446 1629 2522 ὗπεραγίας
1692 2444 1962 2501 Θεοτόκου
2022 2442 2097 2504 είς

410 2537 485 2591 τὰ
554 2536 753 2611 Κύρου,
816 2536 955 2589 ὅπου
1029 2536 1119 2590 καὶ
1175 2537 1238 2591 τὸ
1298 2536 1547 2611 χάρισμα
1613 2539 1721 2589 τῶν
1790 2532 2095 2589 κοντακίων

410 2622 655 2694 ὶὸἑξατο.
725 2627 810 2681 Ἑν
875 2618 1145 2696 ἀϐλαόείᾳ
1208 2624 1308 2701 γὰρ
1378 2622 1602 2700 διάγων,
1665 2625 1757 2679 καὶ
1810 2620 2095 2678 διανυκτε-

412 2713 609 2787 ρεύων,
638 2714 732 2767 καὶ
766 2710 1067 2771 λιτανεύων
1124 2713 1179 2769 ἐν
1230 2718 1300 2788 τῇ
1356 2712 1658 2791 παννυχίδι
1702 2718 1809 2768 τῶν
1845 2712 2097 2787 Βλαχερ-

414 2808 557 2871 νῶν,
620 2803 921 2879 ὑπέστρεφε
976 2800 1142 2857 πάλιν
1204 2803 1282 2868 είς
1346 2804 1413 2859 τὰ
1472 2803 1671 2879 Κύρου.
1730 2804 1819 2859 Ἐν
1886 2806 1985 2875 μιᾷ
2042 2798 2102 2856 δὲ

413 2897 530 2946 τῶν
562 2895 804 2961 νυκτῶν,
860 2892 1201 2965 κοιμωμένῳ
1256 2893 1431 2966 αὐτῷ,
1481 2892 1646 2971 ἐφάνη
1681 2893 1800 2957 καθ’
1831 2890 2031 2953 ὕπνους
2071 2892 2099 2960 ἦ

417 2980 693 3057 ὑπεραγία
743 2979 1036 3050 Θεοτόκος,
1086 2982 1174 3045 καὶ
1228 2980 1475 3039 ἐπέδωκε
1520 2982 1691 3055 τόμον
1740 2982 1970 3057 χάρτου,
2012 2989 2103 3043 καὶ

413 3072 558 3127 εἶπε·
613 3064 763 3126 Λάϐε
808 3070 902 3125 τὸν
954 3070 1190 3147 χάρτην,
1246 3072 1337 3127 καὶ
1390 3076 1667 3150 κατάφαγε
1713 3070 1895 3127 αὐτόν.
1948 3069 2102 3127 Ἐνόο

416 3179 577 3233 μισεν
641 3154 736 3212 οῦν
798 3157 826 3211 6
884 3158 1033 3233 ἅγιος
1091 3158 1296 3230 ἀνοῖξαι
1343 3160 1407 3215 τὸ
1455 3159 1654 3233 στόμα,
1699 3158 1790 3217 καὶ
1820 3163 2104 3214 καταπιεῖν

2902 1982 3131 2034 ciorum.

2270 2101 2521 2154 Sanctus
2543 2101 2843 2154 Romanus
2874 2095 2986 2150 fuit
3018 2111 3086 2149 ex
3106 2092 3292 2164 Syria,
3322 2093 3541 2146 sancta
3571 2085 3851 2141 Ecclesiae

2200 2190 2393 2262 Beryti
2428 2189 2738 2243 diaconus.
2772 2182 3354 2254 Constantinopolim
3385 2184 3585 2234 autem
3612 2182 3850 2246 tempo-

2199 2278 2365 2335 ribus
2390 2276 2687 2333 Anastasii
2708 2273 3084 2346 imperatoris
3098 2270 3417 2343 profectus,
3451 2267 3853 2322 commoratus

2202 2373 2292 2423 est
2320 2367 2382 2422 in
2411 2366 2632 2437 templo
2660 2354 3051 2419 sanctissima)
3075 2360 3177 2415 Dei
3206 2356 3519 2414 Genitricis
3542 2355 3605 2408 in
3627 2351 3853 2407 aedibus

2202 2457 2370 2528 Cyri:
2405 2456 2503 2510 ubi
2536 2455 2713 2510 etiam
2740 2452 3148 2508 contaciorum
3179 2449 3405 2504 donum
3436 2443 3682 2516 accepit.
3708 2442 3854 2496 Cum

2204 2547 2362 2601 enim
2413 2560 2648 2601 summa
2701 2545 2886 2598 Deum
2920 2542 3139 2614 pietate
3171 2537 3413 2602 coleret,
3477 2534 3537 2589 in
3586 2531 3854 2586 oratione

2203 2640 2584 2707 pernoctans,
2616 2632 2991 2704 pervigilium
3024 2628 3521 2683 Blaschernarum
3551 2636 3724 2694 agere
3760 2636 3856 2674 so-

2205 2724 2386 2789 lebat,
2420 2729 2481 2779 et
2508 2722 2580 2778 ad
2599 2722 2731 2793 Cyri
2751 2720 2908 2776 mdes
2930 2717 3180 2791 regredi.
3206 2714 3469 2781 Quadam
3488 2711 3667 2783 igitur
3681 2714 3858 2763 nocte

2206 2812 2528 2869 dormienti
2560 2810 2614 2866 ei
2645 2808 2923 2881 apparuit
2951 2807 3014 2862 in
3045 2804 3273 2862 somnis
3298 2798 3691 2865 sanctissima
3720 2794 3859 2857 Dei-

2207 2919 2372 2975 para,
2405 2902 2745 2971 chartasque
2768 2904 2995 2953 tomum
3018 2893 3280 2956 tradidit,
3304 2890 3585 2961 inquiens
3611 2904 3623 2941 :
3648 2885 3861 2956 Accipe

2210 2973 2498 3052 chartam.
2532 2995 2591 3046 et
2648 2989 2863 3049 devora
2915 3001 3067 3047 eam.
3129 2980 3451 3039 Videbatur
3502 2982 3703 3037 autem
3752 2973 3863 3028 sibi

2213 3087 2455 3137 sanctus
2483 3080 2713 3152 aperire
2741 3096 2830 3141 os,
2863 3082 2923 3131 et
2951 3076 3217 3131 chartam
3252 3070 3557 3143 devorare.
3576 3067 3715 3121 Erat
3729 3078 3865 3117 vero

2210 3170 2431 3226 festum
2464 3169 2652 3227 sancti
2684 3166 2907 3223 Natalis
2937 3163 3174 3221 Christi.
3210 3160 3415 3230 Itaque
3451 3154 3651 3212 statim
3712 3152 3868 3208 exci-

411 3250 508 3304 τὸν
542 3246 785 3323 χάρτην.
844 3249 910 3302 Ἥ
964 3244 1022 3302 δὶ
1077 3250 1113 3317 ἡ
1170 3248 1334 3323 ’ἑορτή
1392 3253 1501 3304 τῶν
1534 3249 1698 3323 ἁγίων
1729 3241 2095 3324 Χριστουγέν-

2216 3265 2373 3317 tatus
2405 3276 2437 3315 e
2464 3274 2697 3325 somno,
2726 3254 3118 3313 admiratione
3169 3250 3407 3323 plenus,
3452 3246 3640 3302 Deum
3688 3241 3872 3314 glori-

416 3360 551 3392 νων.
584 3335 694 3393 Καὶ
752 3332 951 3397 εὐθέως
1012 3334 1249 3412 ἐγερθεὶς
1308 3336 1369 3392 ὲκ
1422 3342 1521 3392 τοῦ
1579 3337 1772 3407 ὕπνου,
1808 3337 2099 3409 ὶθαύμαζε,

421 3426 513 3480 καὶ
542 3421 765 3494 ἐδόξαζε
794 3424 885 3479 τὸν
946 3424 1100 3481 Θεόν.
1162 3426 1291 3483 Εἶτα
1347 3421 1551 3489 ἀναϐὰς
1600 3425 1676 3488 είς
1717 3428 1810 3483 τὸν
1844 3420 2098 3500 ἃμῦωνα,

426 3516 635 3589 ἤρξατο
711 3519 811 3571 τοῦ
886 3513 1143 3589 ψάλλειν·
1214 3518 1275 3575 Ἦ
1351 3517 1620 3592 παρθένος
1689 3519 1933 3595 σήμερον
2006 3516 2099 3571 τὸν

440 3605 757 3678 ῦπερούσιον
815 3603 1011 3662 τίκτει.
1074 3607 1312 3676 Ποιήσας
1370 3604 1428 3662 δὲ
1483 3608 1574 3662 καί
1638 3592 1847 3684 ἔτὲρωνγ
1897 3607 2098 3684 ὶορτῶν

445 3696 713 3767 κοντάκια,
743 3695 821 3758 ὡς
853 3693 979 3770 περὶ
1022 3696 1093 3750 τὰ
1122 3694 1304 3772 χίλια,
1336 3697 1473 3772 πρὸς
1514 3699 1712 3773 Κύριον
1743 3694 2098 3771 ἆξεδήμησεν.

1017 3812 1105 3884 Τῇ
1155 3810 1291 3886 αὖτῇ
1326 3812 1529 3887 indev-

650 3942 917 4015 ’Δθλησις
952 3947 1052 4000 τοῦ
1083 3942 1237 4020 ἁγίου
1273 3944 1544 4023 μάρτυρος
1588 3944 1884 4021 Δομνίνου.

501 4078 567 4134 Ὀ
599 4078 760 4151 ἅγιος
793 4077 996 4153 μάρτυς
1021 4082 1311 4151 Δομνῖνος,
1343 4079 1593 4155 ὑπῆρχεν
1612 4080 1721 4136 ἀπὸ
1751 4086 1854 4151 τῆς
1883 4078 2099 4144 πόλεως

429 4166 864 4236 Θεσσαλονίκης,
940 4169 1256 4241 Χριστιανὸς
1315 4164 1579 4240 εὐλαϐὴς,
1639 4169 1728 4227 καὶ
1802 4170 1895 4226 τὸν
1969 4171 2099 4227 Θεὸν

430 4251 808 4334 φοϐούμενος·
865 4261 972 4312 Τοῦ
1030 4254 1090 4313 δὶ
1146 4260 1486 4332 Μαξιμιανοῦ
1542 4258 1796 4336 βασίλεια
1821 4263 2102 4331 κτίζοντος

432 4347 487 4403 ἐν
547 4344 942 4421 Θεσσαλονίκῃ,
1004 4343 1354 4421 διαγνωσθεὴ
1407 4348 1482 4411 ὡς
1538 4350 1882 4427 Χριστιανὸς,
1944 4350 2105 4424 ἰκρα-

429 4438 603 4506 τήθη,
658 4436 748 4489 καὶ
808 4436 1049 4511 παρέστη
1084 4435 1275 4510 αὐτῷ.
1336 4438 1437 4496 Καὶ
1484 4439 1638 4495 εἶπεν
1686 4440 1715 4495 6
1760 4441 2102 4514 Μαξιμιανὸς

436 4526 560 4597 μετ’
592 4524 767 4597 ὀργῆς
794 4525 929 4599 πρὸς
958 4524 1142 4587 αὐτόν·
1164 4530 1349 4589 ..Πῶςς
1371 4524 1509 4601 ἐμοῦ
1556 4527 1785 4593 ἐνταῦθα
1810 4530 2103 4606 παρόντος,

434 4614 501 4668 σὺ
570 4614 789 4683 τολμᾷς
854 4614 1180 4688 Χριστιανὸν
1251 4616 1473 4671 σεαυτὸν
1548 4616 1938 4691 ἀνακηρύττειν
2017 4608 2189 4674 καὶῙ)

435 4701 573 4764 τοὺς
606 4700 762 4765 θεοὺς
819 4701 1319 4781 ἀποστρεφόμενος,
1378 4700 1562 4780 ἕτερον
1613 4707 1741 4762 Θεὸν
1774 4707 2114 4785 ὁμολογεῖνς

434 4788 624 4847 Ἀλλά
655 4793 813 4852 θῦσον
868 4790 1080 4862 αὐτοῖς,
1139 4791 1188 4847 εἷ
1247 4790 1437 4869 βούλει
1498 4798 1680 4864 ζῆσαι.
1726 4798 1839 4851 Τοῦ
1870 4793 1928 4851 δὶ
1958 4796 2112 4872 ἁγίου

439 4875 723 4948 εἴπόντος,
777 4874 871 4933 ἳνα
921 4879 1052 4935 Θεὸν
1106 4881 1393 4957 γινώσκειν
1448 4882 1539 4937 καὶ
1574 4881 1736 4939 αὐτὸν
1768 4892 2110 4959 προσκυνεῖν,

437 4966 536 5020 καὶ
595 4960 868 5030 σέϐεσθαι·
925 4972 1033 5033 τῶν
1094 4966 1153 5023 δὶ
1205 4970 1582 5044 νομιζομινων
1642 4975 1777 5036 θεῶν
1826 4994 2110 5052 καταφρο-

438 5059 557 5112 νεῖν
587 5056 706 5131 χρῆ
740 5057 871 5130 [ναι]
915 5057 1091 5113 πάντα
1140 5062 1489 5134 Χριστιανὸνο
1524 5062 1846 5134 προσέταξεν
1880 5064 1908 5117 ὁ
1941 5064 2110 5136 Μαξι-

446 5145 649 5219 μιανὸς
703 5150 822 5209 τοῖς
894 5148 1277 5223 στρατιώταις,
1364 5148 1576 5222 μάστιξι
1661 5151 1995 5223 καταξαίνειν
2048 5154 2111 5210 τὸ

444 5232 631 5307 στόμα
656 5234 845 5294 αὐτοῦ.
895 5240 981 5298 Ὡς
1018 5232 1086 5299 ,δὶ
1132 5233 1358 5293 ἔϐλεπεν
1420 5239 1582 5294 αὐτὸν
1636 5240 1962 5313 ἀμετάθετον
2010 5244 2109 5313 τὴν

440 5324 676 5399 γνώμην
725 5319 926 5401 ἔχοντα
976 5326 1114 5401 πρὸς
1144 5327 1236 5382 τὸν
1290 5327 1490 5402 Κύριον
1541 5330 1703 5402 ἡμῶν
1738 5331 1948 5401 Ἰησοῦν
1978 5339 2108 5409 Χρι-

440 5412 903 5486 στὸν,,,ὲκιλευσεν
937 5415 1310 5490 ἀπενεχθέντα
1356 5423 1455 5487 τῆς
1504 5416 1723 5482 πόλεως
1765 5418 1868 5493 ἔξω
1897 5442 2111 5497 συντρι-

438 5498 600 5572 ϐῆναι
659 5506 722 5567 τὰ
778 5505 986 5575 σκέλη.
1052 5504 1156 5562 Καὶ
1209 5504 1353 5567 οὕτω
1410 5506 1779 5581 συνθλασθεὶς,
1812 5511 1946 5567 ιπτᾶ
1972 5512 2110 5585 ὴμέ-

438 5613 537 5670 ρας
562 5593 896 5675 ἐκαρτέρησε
928 5597 1070 5665 ζῶν,
1103 5594 1182 5667 μὴ
1218 5595 1510 5672 μετασχὼν
1538 5604 1770 5677 τροφῆς.
1792 5600 1908 5658 Καὶ
1944 5600 2112 5678 μέχρι

426 5685 1055 5768 τέλους,οεύχαριστῷν,
1074 5681 1452 5761 παρίδωκεττὸ
1482 5691 1718 5761 πνεῦμα.

2216 3349 2430 3405 ﬂcavit.
2466 3345 2692 3404 Deinde
2723 3359 3051 3400 conscenso
3090 3339 3346 3396 ambone
3379 3334 3634 3408 psallere
3652 3329 3865 3402 caspit:

2233 3440 2401 3507 Virgo
2418 3438 2578 3508 parit
2598 3435 2752 3491 nobis
2785 3433 2945 3489 hodie
2971 3425 3575 3501 supersubstantialem.
3600 3421 3865 3508 Cumque

2216 3506 2470 3583 aliorum
2503 3525 2684 3580 etiam
2719 3523 3010 3578 festorum
3041 3515 3311 3573 contacia
3342 3512 3417 3569 ad
3465 3510 3630 3567 mille
3678 3506 3868 3579 scrip-

2194 3614 2413 3680 sisset,
2446 3611 2720 3686 migravit
2749 3609 2823 3667 ad
2854 3607 3194 3669 Dominum.

2873 3814 3096 3872 Eodem
3126 3811 3249 3899 die,

2424 3956 2539 4025 ‘88
2574 3956 2861 4014 Certamen
2896 3952 3075 4009 sancti
3102 3945 3365 4018 martyris
3392 3942 3634 4000 Domini.

2285 4094 2791 4163 Sanctusmartyr
2822 4086 3151 4144 Domninus
3181 4084 3294 4139 fuit
3329 4098 3400 4138 ex
3420 4079 3568 4137 urbe
3617 4076 3865 4133 Thessa-

2216 4183 2433 4250 lonica,
2465 4180 2837 4236 Christianus
2862 4177 3019 4249 pius,
3069 4175 3375 4243 Deumque
3426 4170 3666 4225 timens.
3717 4165 3865 4219 Cum

2215 4277 2415 4329 autem
2448 4269 2838 4325 Maximianus
2891 4266 3114 4337 regiam
3142 4258 3577 4317 Thessalonica:
3602 4254 3866 4311 adiﬁca-

2214 4366 2325 4430 ret,
2358 4361 2630 4433 cognitus
2657 4356 3030 4413 Christtanus
3088 4366 3240 4417 esse,
3290 4347 3630 4418 corripitur,
3690 4343 3864 4413 eique

2217 4451 2478 4507 sistitur:
2508 4448 2602 4503 cui
2636 4444 3026 4502 Maximianus
3055 4437 3393 4496 vehementi
3423 4436 3513 4491 ira
3534 4448 3823 4489 accensus
3849 4447 3862 4483 :

2222 4540 2438 4607 Audes,
2471 4535 2685 4608 inquit,
2718 4552 2813 4591 me
2843 4534 2942 4589 hic
2969 4533 3285 4605 prasente,
3344 4523 3747 4581 Christianum
3804 4520 3868 4581 in

2220 4631 2419 4702 ipsum
2448 4625 2737 4699 profiteri,
2769 4623 3032 4694 deosque
3064 4622 3390 4686 aversatus,
3447 4613 3633 4671 alium
3682 4612 3868 4667 Deum

2223 4699 2417 4775 colere
2438 4718 2466 4773 ‘I
2497 4718 2711 4772 Verum
2742 4710 3184 4785 sacriﬁcaillis,
3206 4707 3266 4764 si
3290 4704 3468 4761 saluti
3495 4708 3611 4759 tua:
3639 4699 3872 4758 consul-

2222 4815 2349 4865 tum
2378 4807 2543 4863 velis.
2578 4805 2664 4861 Ad
2694 4805 3092 4872 hmcsanqtus
3116 4817 3135 4869 :7
3165 4799 3382 4864 Unum,
3413 4793 3631 4866 inquit,
3682 4793 3868 4847 Deum

2222 4913 2577 4972 cognoscere
2608 4898 2860 4968 Oportet,
2893 4905 3147 4961 cumque
3177 4886 3424 4943 adorare
3456 4899 3524 4938 ac
3552 4878 3819 4935 vrnerari
3851 4894 3866 4945 ;

2221 4994 2467 5043 caateros
2497 4990 2718 5050 autem,
2750 4981 2849 5055 qui
2892 4983 3204 5053 putantur,
3264 4974 3405 5029 deos
3464 4975 3871 5035 contemnere,

2222 5093 2463 5133 omnem
2493 5073 2893 5130 Christianum
2925 5069 3116 5125 decet.
3148 5067 3294 5121 Tum
3315 5061 3707 5117 Maximianus
3726 5074 3873 5131 pras-

2221 5167 2379 5239 cepit
2399 5163 2689 5219 militibus
2718 5166 2785 5217 ut
2814 5159 3016 5232 flagris
3035 5174 3100 5212 os
3118 5155 3248 5228 ejus
3264 5153 3666 5227 percuterent.
3692 5149 3873 5203 Cum-

2223 5280 2336 5336 que
2371 5278 2505 5316 eum
2536 5259 2728 5315 adhuc
2757 5257 2821 5312 in
2852 5255 2971 5311 ﬁde
3012 5250 3245 5308 Domini
3278 5247 3466 5303 nostri
3491 5248 3628 5301 Iesu
3657 5240 3874 5297 Christi

2221 5357 2597 5411 constantem
2628 5350 2919 5413 cerneret,
2944 5342 3129 5417 jussit
3158 5344 3322 5395 extra
3350 5336 3560 5392 urbem
3617 5329 3870 5387 abducto

2223 5460 2397 5501 crura
2427 5437 2739 5512 confringi.
2773 5416 2965 5506 Atque
2996 5433 3079 5488 ita
3109 5429 3464 5494 confractus,
3499 5426 3727 5512 septem
3766 5416 3873 5512 ad:

2222 5534 2339 5590 huc
2370 5531 2496 5587 dies
2528 5505 2831 5601 superstes
2860 5505 2993 5591 fuit,
3024 5519 3191 5577 nullo
3224 5514 3459 5587 sumpto
3492 5509 3623 5565 cibo
3644 5525 3688 5601 ε⁸
3708 5505 3875 5601 etad

2224 5629 2557 5680 extremum
2586 5596 2776 5689 usque
2805 5612 3022 5687 gratias
3051 5624 3253 5681 agens,
3288 5601 3563 5676 spiritum
3589 5596 3870 5656 reddidit.
