4142 6430
358 385 437 445 83
1681 375 2034 440 MENOLOC

2157 377 2362 438 PARS
2407 380 2454 438 Ι.
3704 371 3786 429 84

920 511 1158 567 EODEM
1199 513 1451 567 MENSE.

988 629 1092 684 Die
1124 629 1388 685 secunda

473 749 576 804 84
609 749 892 803 Certamen
921 755 1234 802 sanctorum
1266 748 1535 818 Cypriani
1564 753 1617 801 et
1646 747 1896 800 Iustina.

437 868 785 938 Cyprianus,
821 868 1059 937 sapiens
1109 867 1393 938 pontifex,
1440 867 1614 921 Decio
1661 866 2014 936 imperante,

368 957 692 1011 Antiochiae
724 956 903 1026 Syriae
937 962 1130 1022 natus,
1166 956 1423 1026 primum
1456 953 1847 1024 philosophus
1871 956 2014 1020 erat,

369 1051 426 1100 et
455 1045 702 1116 magicis
736 1043 965 1098 artibus
996 1045 1266 1114 apprime
1300 1043 1568 1098 eruditus
1596 1059 1608 1096 :
1662 1042 1764 1096 sed
1814 1047 2020 1111 postea

368 1133 738 1190 Christianus
771 1133 881 1187 hac
918 1134 1145 1188 ratione
1178 1133 1368 1187 factus
1393 1139 1500 1187 est.
1533 1132 1824 1186 Justinam
1848 1130 2019 1202 virgi-

370 1240 509 1277 nem
543 1223 604 1277 in
636 1223 842 1276 eadem
877 1222 1044 1288 urbe,
1079 1239 1208 1292 qua;
1243 1222 1314 1277 ab
1367 1223 1575 1292 Optato
1607 1221 1883 1292 episc0po
1917 1219 2021 1273 ba-

368 1313 582 1384 ptizata
602 1311 1060 1375 fuerat,Gra3cus
1084 1311 1350 1381 quidam,
1375 1311 1506 1366 Idas
1521 1308 2024 1373 dictus,ardenter

373 1401 631 1456 amabat.
658 1401 770 1454 Sed
793 1417 928 1455 cum
952 1401 1069 1454 voti
1105 1401 1193 1454 sui
1219 1418 1463 1472 compos
1497 1400 1623 1454 ﬁeri
1654 1416 1774 1454 non
1803 1402 2022 1468 posset,

374 1490 642 1560 confugit
671 1489 745 1543 ad
777 1489 1162 1560 Cyprianum,
1223 1506 1435 1561 rogans
1483 1505 1618 1543 eum
1668 1493 1733 1541 ut
1781 1485 2025 1558 magicis

375 1581 602 1637 artibus
626 1581 919 1634 Justinam
940 1580 1012 1634 ad
1035 1579 1148 1634 sibi
1176 1579 1672 1635 consentiendum
1697 1578 2024 1631 induceret.

375 1672 518 1725 Cum
545 1687 677 1724 vero
699 1669 1026 1740 Cyprianus
1049 1669 1460 1724 fornicationis
1490 1669 1793 1724 daemones
1815 1667 1886 1722 ad
1911 1665 2028 1720 sol-

376 1759 726 1815 licitandam
758 1760 1043 1832 virginem
1079 1761 1251 1815 tertio
1275 1761 1652 1827 destinasset,
1679 1761 1807 1831 ejus
1831 1765 2028 1813 tamen

2045 509 2103 575 A

2689 513 2867 564 MHNI
2905 511 2992 564 ΤΩ
3029 511 3222 565 ΛΥΤΩ.

2927 625 2985 680 Β,

2231 740 2499 812 ’Ἃθλησις
2527 745 2634 795 τῶν
2666 741 2832 818 ἁγίων
2875 745 3190 816 Κυπριανοῦ
3231 740 3321 795 καὶ
3353 737 3672 807 ἰουστίνης.

2198 857 2501 933 Κυπριανὸς
2533 859 2560 913 ὁ
2610 858 2775 935 σοφὸς
2833 859 3123 932 ἱεράρχης,
3173 859 3391 932 ὑπῆρχε
3433 858 3530 930 μὶν
3563 855 3648 910 ἐπὶ
3681 861 3780 924 τῆς

2129 947 2408 1022 βασιλείας
2484 949 2699 1016 Δεκίου,
2777 947 2883 1002 ὀιπὸ
2959 948 3296 1022 Ἀντιοχείας
3369 953 3470 1016 τῆς
3556 946 3778 1020 Συρίας.

2123 1039 2226 1093 Ἦν
2262 1035 2318 1091 δὲ
2349 1035 2656 1113 φιλόσοφος
2710 1037 2800 1091 καὶ
2862 1038 3036 1112 μάγος
3093 1036 3323 1099 τέλειος.
3372 1035 3528 1091 Ἀλλ’
3559 1034 3780 1109 ὕστερον

2124 1129 2311 1204 γέγονε
2367 1129 2688 1203 Χριστιανὸς
2757 1129 2862 1182 ἀπὸ
2930 1128 3233 1192 ὑποθέσεως
3298 1128 3575 1198 τοιαύτης
3638 1133 3782 1201 Παρ-

2113 1219 2280 1279 ιθένος
2311 1239 2394 1280 τις
2428 1218 2673 1292 ὑπῆρχεν
2708 1217 2760 1272 ἐν
2789 1217 2924 1291 αὐτῇ
2955 1223 3025 1292 τῇ
3075 1217 3259 1288 πόλει,
3292 1218 3555 1288 Ἰουστίνη
3589 1217 3786 1290 ὄνομα,

2137 1308 2486 1381 βαπτισθεῖσα
2541 1307 2685 1382 παρὰ
2745 1306 3013 1364 Ὀπτάτου
3077 1311 3175 1362 τοῦ
3229 1307 3548 1363 ἐπισκόπου.
3618 1309 3786 1378 Ἀνὴρ

2133 1393 2191 1450 δέ
2216 1417 2297 1458 τις
2327 1397 2563 1467 Ἕλλην,
2614 1393 2760 1458 Ἴδας
2809 1395 3169 1470 καλούμενος,
3221 1397 3558 1469 ἐπεθύμησεν
3599 1395 3786 1466 αὐτῆς·

2131 1485 2221 1539 καὶ
2301 1486 2378 1558 μὴ
2453 1487 2638 1560 τυχὼν
2714 1489 2812 1555 τῆς
2908 1487 3216 1560 ἐπιθυμίας,
3291 1486 3638 1562 προσέδραμε
3710 1491 3793 1558 τῷ

2136 1580 2446 1650 Κυπριανῷ,
2524 1576 2856 1636 παρακαλῶν
2930 1577 3109 1649 αὐτὸν,
3171 1575 3260 1632 διὰ
3319 1578 3547 1652 μαγείας
3606 1581 3792 1631 πεῖσαι

2133 1665 2232 1731 τήν
2295 1663 2608 1735 Ἰουστίναν,
2670 1667 2970 1720 ὑπακοῦσαι
3030 1666 3196 1738 αὐτῷ.
3259 1666 3614 1728 Ἀποστείλας
3665 1663 3722 1720 δὲ
3764 1667 3792 1719 ὁ

2136 1755 2446 1830 Κυπριανὸς
2507 1754 2566 1809 ἐκ
2621 1755 2806 1830 τρίτου
2866 1754 3128 1828 δαίμονας
3186 1758 3286 1826 τής
3341 1757 3594 1831 πορνείας
3651 1757 3791 1828 πρὸς

377 1852 647 1907 animum
682 1866 1018 1921 expugnare
1060 1851 1346 1920 nequivit,
1410 1867 1539 1921 quae
1588 1849 1908 1904 fundendis
1957 1848 2030 1903 ad

2148 1844 2234 1912 τὴν
2268 1844 2552 1917 παρθένον,
2610 1844 2698 1897 καὶ
2763 1846 2838 1917 μή
2897 1844 3085 1907 πείσας
3133 1845 3302 1915 αὐτὴν
3335 1847 3793 1921 προσευχομένην

2173 1937 2198 1946 ..
2260 1939 2290 1949 η
2332 1936 2358 1946 -
2408 1931 2431 1949 ς
2643 1933 2655 1948 .
2775 1930 2826 1949 ,α
2874 1934 2885 1949 ι
3009 1933 3019 1949 ι
3064 1946 3076 1949 _
3226 1933 3238 1949 .
3297 1933 3309 1949 ι
3475 1939 3500 1949 ..
3559 1935 3572 1949 .
3673 1934 3682 1949 .

379 1939 563 1992 Deum
596 1937 870 2009 precibus
900 1954 1135 2009 semper
1165 1938 1396 1993 intenta
1426 1943 1570 1992 erat.
1606 1937 1715 1992 Sed
1746 1938 1870 2008 ipse
1919 1953 2024 2007 po-

376 2028 491 2082 tius
523 2043 557 2081 a
578 2032 1092 2098 postremo,quem
1116 2027 1380 2094 miserat,
1406 2028 1675 2082 daemone
1693 2032 2023 2097 correptus,

372 2115 687 2184 intellexit,
721 2133 932 2171 vanam
964 2134 1031 2171 ac
1062 2117 1295 2170 futilem
1327 2134 1456 2171 esse
1491 2119 1782 2189 magicam
1814 2122 2022 2170 artem.

374 2207 769 2272 Quamobrem
796 2205 1123 2261 combustis
1145 2205 1333 2272 libris,
1359 2206 1683 2276 baptizatus
1707 2212 1823 2260 est:
1861 2221 2028 2260 eum—

376 2312 492 2366 que
525 2296 586 2350 in
620 2295 833 2350 virtute
868 2311 1247 2367 progressum
1279 2295 1438 2363 fecit,
1488 2302 1553 2350 ut
1583 2296 1896 2366 episcopus
1929 2311 2026 2349 or-

376 2385 616 2440 dinatus
646 2385 842 2454 fuerit,
881 2385 1219 2456 multosque
1274 2385 1488 2440 Christi
1523 2386 1701 2440 ﬁdem
1734 2385 2023 2440 docuerit.

376 2473 639 2530 Tandem
672 2490 791 2529 una
842 2491 977 2530 cum
1031 2475 1263 2530 Justiua
1319 2477 1787 2546 comprehensus
1836 2492 1869 2530 a
1917 2476 2025 2529 Da-

381 2567 566 2625 masci
597 2565 894 2637 praefecto,
929 2584 1033 2638 pro
1065 2567 1296 2622 Christo
1330 2567 1656 2623 decollatus
1689 2573 1796 2623 est.

1031 2684 1252 2742 Eodem
1285 2684 1378 2740 die

384 2801 483 2858 85
517 2801 801 2858 Certamen
848 2803 1026 2856 sancti
1082 2799 1265 2856 Patris
1322 2801 1500 2856 nostri
1551 2801 1843 2871 Theophili
1899 2817 2026 2856 con-

1081 2874 1324 2940 fessoris.

452 2991 649 3046 Sancti
683 2991 855 3046 Pater
884 2996 1089 3045 noster
1118 2990 1455 3061 Christique
1483 2990 1788 3046 confessor
1844 2991 2028 3044 Theo-

381 3079 603 3150 philus,
637 3080 966 3134 monachus
997 3079 1107 3133 fuit
1136 3079 1268 3149 pius
1301 3081 1603 3150 Deumque
1636 3079 1875 3144 timens,
1918 3079 2030 3132 im-

383 3174 628 3240 perante
664 3169 852 3223 Leone
882 3171 1125 3234 Isauro;
1178 3184 1355 3238 quem
1407 3185 1541 3223 cum
1585 3168 1812 3223 videret
1859 3168 1918 3222 in
1972 3167 2030 3222 id

2133 1937 2213 2004 τῷ
2256 1936 2372 2003 Θεῷ
2405 1931 2715 2004 διαπαντὸς,
2771 1930 3123 2006 ἐδαίμονίσθη
3183 1933 3362 1995 αὐτός’
3408 1939 3504 1990 τοῦ
3554 1934 3791 2010 ἐσχάτου

2135 2019 2395 2093 δαίμονος
2446 2017 2792 2095 στραφέντος,
2843 2023 2932 2076 καὶ
2985 2023 3327 2087 εἰσελθόντος
3373 2024 3448 2086 εἰς
3481 2023 3660 2081 αὐτόν.
3697 2025 3796 2078 Καὶ

2137 2109 2388 2179 συνιδὼν,
2424 2111 2506 2165 ὅτι
2565 2109 2718 2164 οὐδὲν
2775 2111 2978 2188 ὡφελεῖ
3035 2115 3068 2182 ἠ
3133 2114 3341 2188 μαγική
3381 2113 3574 2189 τέχνη,
3607 2109 3802 2168 ἔκαυσε

2133 2199 2201 2254 τὰ
2280 2195 2470 2274 βιϐλία
2543 2199 2707 2254 αὐτοῦ
2783 2201 2872 2254 καὶ
2948 2196 3266 2274 ἐϐαπτίσθη.
3355 2203 3458 2258 Καὶ
3532 2207 3796 2258 τοσοῦτον

2138 2288 2346 2366 ἐγένετο
2414 2289 2685 2367 ἐνάρετος,
2755 2292 2829 2353 ὡς
2893 2294 2981 2347 καὶ
3055 2293 3351 2356 ἐπίσκοπος
3408 2291 3800 2369 γενέσθαι,καὶ

2137 2379 2381 2442 πολλοὺς
2441 2379 2639 2452 διδάξει
2694 2383 2793 2451 τὴν
2851 2387 2946 2438 τοῦ
3006 2389 3245 2458 Χριστοῦ
3293 2387 3497 2443 πίστιν.
3537 2389 3795 2462 Ὕστερον

2138 2467 2195 2525 δὶ
2250 2471 2538 2546 κρατηθεὶς
2599 2471 2734 2543 μετὰ
2802 2476 2904 2538 τῆς
2979 2474 3282 2544 Ἰουστίνης
3336 2464 3482 2548 παρὰ
3535 2480 3633 2530 τοῦ
3691 2483 3796 2546 τῆς

2139 2564 2426 2633 Δαμασκοῦ
2484 2562 2775 2636 ἄρχοντος,
2857 2564 2987 2637 ὑπὲρ
3061 2565 3298 2638 Χριστοῦ
3356 2563 3789 2640 ἀπεκεφαλίσθη.

2725 2679 3203 2755 τῇώήὴμμ.

2130 2793 2402 2866 Ἀθλησις
2468 2799 2566 2850 τοῦ
2633 2793 2808 2876 ὁσίου-
2852 2798 3064 2876 [ἰατρὸς
3118 2800 3289 2876 Δἡμῶν
3355 2797 3623 2876 Θεοφίλου
3686 2805 3786 2855 τοῦ

2788 2867 3167 2946 ὁμολογητοῦ.

2211 2984 2267 3036 Ὀ
2299 2985 2448 3048 ὅσιος
2479 2985 2662 3058 Πατὴρ
2696 2987 2856 3057 ἡμῶν
2889 2985 2978 3040 καὶ
3029 2985 3392 3061 ὁμολογητὴς
3421 2993 3522 3042 τοῦ
3555 2991 3802 3064 Χριστοῦ

2141 3073 2426 3149 Θεόφιλος,
2465 3077 2532 3143 ἦν
2592 3077 2834 3151 μοναχὸς
2891 3073 3130 3146 εὐλαϐὴς
3183 3079 3273 3132 καὶ
3332 3075 3672 3156 φοϐούμενος
3704 3081 3800 3134 τὸν

2143 3165 2294 3234 Θεὸν,
2326 3164 2413 3219 ἐπὶ
2469 3172 2569 3234 τῆς
2629 3165 2908 3241 βασιλείας
2966 3166 3198 3232 Λέοντος
3253 3174 3350 3223 τοῦ
3401 3169 3666 3245 Ἰσαύρου.
3701 3173 3806 3225 "0v

385 3273 620 3311 summo
654 3258 847 3312 studio
879 3256 1247 3321 incumbere,
1281 3262 1347 3310 ut
1377 3257 1884 3328 sacrasimagines
1908 3257 2034 3312 sub-

2149 3251 2279 3308 ἱδὼν
2333 3253 2712 3324 σπουδάζοντα
2785 3257 3146 3333 καταστρέψαι
3201 3260 3298 3322 τὰς
3356 3260 3513 3334 ἁγίας
3571 3259 3807 3328 εἰκόνας,

382 3353 658 3413 verteret,
694 3364 1023 3417 omnesque
1055 3349 1124 3401 ad
1178 3347 1706 3401 Iconomachorum
1766 3347 2041 3402 haeresim

387 3437 651 3492 traheret
679 3462 693 3501 ;
728 3437 931 3491 divino
963 3437 1086 3491 zelo
1118 3453 1428 3503 accensus,
1464 3437 1609 3490 adiit
1656 3453 1791 3491 eum
1818 3453 1831 3491 :
1865 3442 2041 3507 atque

393 3526 715 3581 conﬁdenti
748 3527 950 3581 animo
971 3526 1321 3598 objurgavit,
1346 3527 1856 3596 przevaricatorem
1883 3542 2039 3590 eum,

391 3615 740 3670 Antichristi
772 3632 1222 3686 prwcursorem,
1266 3616 1526 3686 fideique
1565 3615 1907 3671 orthodoxm
1941 3614 2046 3669 de-

398 3710 684 3758 sertorem
711 3704 1112 3758 inclamando.
1133 3707 1325 3768 Quare
1349 3705 1408 3758 in
1431 3705 1582 3758 iram
1605 3710 1664 3758 et
1684 3703 2044 3776 indignatio-

397 3809 536 3846 nem
567 3793 737 3846 illum
771 3793 1057 3858 excitans,
1099 3793 1356 3863 primum
1409 3792 1649 3862 quidem
1700 3792 2044 3864 gravissime

397 3883 646 3938 cwditur
673 3901 684 3937 :
717 3883 932 3938 deinde
965 3884 1024 3937 in
1057 3899 1354 3938 carcerem
1387 3883 1734 3953 includitur,
1761 3890 1827 3938 ut
1850 3883 2048 3938 inedia

395 3988 610 4044 corpus
668 3973 1082 4027 conficeretur.
1149 3972 1720 4028 Posteaecustodia
1774 3973 2044 4037 eductus,

396 4078 533 4116 cum
565 4077 774 4116 rursus
805 4061 1217 4131 impelleretur
1247 4067 1313 4115 ut
1343 4067 1684 4116 sanctarum
1717 4061 2044 4133 imaginum

395 4151 623 4206 cultum
656 4156 714 4204 et
742 4150 1150 4205 adorationem
1185 4151 1464 4222 ejuraret,
1497 4167 1606 4205 nec
1637 4151 1710 4206 ad
1742 4150 1802 4205 id
1843 4151 2045 4207 induci

397 4241 685 4312 posset,in
705 4239 977 4295 exsilium
1003 4239 1210 4311 pulsus
1243 4241 1416 4307 est,in
1441 4258 1560 4312 quo
1591 4242 1809 4297 multas
1831 4257 2045 4296 aerum-

396 4344 505 4384 nas
536 4330 944 4400 plurimasque
977 4330 1279 4385 molestias
1309 4346 1648 4402 perpessus,
1680 4336 1740 4385 et
1765 4347 1872 4402 pro
1919 4347 2044 4384 om-

397 4418 573 4473 nibus
605 4419 790 4474 Deum
821 4418 1184 4490 glorificans,
1245 4419 1493 4490 ejusque
1553 4426 1756 4474 sancto
1814 4418 2044 4474 nomini

395 4508 613 4580 gratias
642 4525 844 4580 agens,
879 4507 952 4563 ad
979 4508 1278 4564 Christum
1309 4508 1482 4564 laatus
1513 4509 1804 4582 migravit.

949 4713 1190 4768 EODEM
1231 4714 1375 4768 MEN
1383 4715 1486 4768 SE.

1070 4801 1174 4857 Die
1204 4803 1381 4857 tertia

344 4938 347 4939 '
400 4921 496 4980 85
529 4922 812 4979 Certamen
837 4922 1176 4976 sacrosancti
1205 4922 1465 4989 martyris
1513 4923 1764 4992 Dionysii
1795 4923 2049 4992 Areopa-

809 5006 960 5072 gitae,
997 5003 1341 5058 Athenarum
1371 5005 1631 5074 episcopi.

471 5123 713 5192 Magnus
745 5118 1062 5188 Dionysius
1093 5119 1154 5172 in
1185 5118 1332 5172 urbe
1381 5119 1747 5174 Athenarum
1792 5137 1947 5175 unus
1978 5137 2049 5176 ex

394 5211 489 5276 iis,
525 5210 625 5280 qui
656 5208 864 5280 gloria,
897 5207 1142 5274 divitiis,
1176 5213 1234 5261 et
1263 5207 1555 5278 sapientia
1577 5209 1965 5276 excellebant,
1989 5210 2048 5264 in

396 5315 485 5365 eo,
513 5315 690 5369 quem
711 5305 1079 5366 Areopagum
1105 5302 1337 5362 vocant,
1364 5297 1876 5368 causarumjudex
1900 5303 2044 5352 erat.

395 5391 541 5443 Cum
575 5405 708 5442 vero
729 5393 970 5442 sanctus
993 5385 1297 5455 apostolus
1320 5387 1539 5441 Paulus
1562 5388 1823 5442 Athenas
1850 5388 2046 5458 profe-

397 5483 546 5541 ctus,
576 5477 873 5533 Christum
911 5473 1281 5545 praedicaret,
1316 5476 1400 5529 uti
1435 5481 1562 5530 erat
1612 5477 1733 5531 acri
1784 5477 2045 5549 ingenio,

395 5567 704 5621 veritatem
737 5565 909 5620 facile
935 5564 1250 5632 intellexit,
1277 5571 1335 5620 et
1356 5565 1418 5619 in
1441 5566 1740 5622 Christum
1763 5567 2044 5623 credidit:

396 5654 864 5724 baptizatusque,
916 5653 1283 5706 Athenarum
1340 5658 1654 5724 episcopus
1714 5655 2045 5735 ordinatur,

398 5741 737 5811 multosque
761 5742 1097 5796 Graecorum
1121 5740 1408 5810 docuit,et
1428 5741 1499 5796 ad
1523 5743 1707 5798 Deum
1731 5761 2045 5801 conversos

2146 3344 2235 3396 καὶ
2289 3343 2493 3405 πάντας
2550 3346 2686 3418 πρὸς
2766 3347 2865 3414 τήν
2949 3346 3348 3422 Εἰκονομάχων
3408 3349 3613 3422 αἳρεσιν
3684 3347 3806 3402 ἐπι-

2151 3434 2396 3506 στρέψαι,
2433 3433 2586 3507 ζήλῳ
2634 3435 2761 3507 θείῳ
2817 3435 3056 3505 κινηθεὶς
3114 3435 3310 3507 ἐστάθη
3353 3437 3584 3492 ἐνώπιον
3617 3437 3807 3495 αὐτοῦ.

2153 3523 2249 3576 Καὶ
2329 3524 2465 3596 μετὰ
2536 3523 2844 3599 παρρησίας
2920 3521 3147 3599 ἤλεγξεν
3223 3526 3406 3595 αὐτὸν,
3481 3547 3808 3602 παρανομον

2151 3613 2312 3668 αὐτὸν
2346 3612 2536 3684 εἰπὼν,
2595 3614 2684 3668 καὶ
2741 3619 2836 3669 τοῦ
2895 3616 3278 3691 Ἀντιχρίστου
3336 3613 3676 3691 πρόδρομον,
3707 3618 3801 3671 καὶ

2151 3701 2392 3777 ἀρνητῆν
2467 3709 2569 3771 τῆς
2632 3701 2926 3776 ὀρθοδόξου
2993 3705 3248 3766 πίστεως.
3316 3705 3411 3766 Εἷς
3481 3706 3650 3777 θυμὸν
3716 3705 3812 3758 οὖν

2151 3791 2242 3844 καὶ
2323 3790 2490 3866 ὀργὴν
2566 3794 2792 3862 κινήσας
2868 3793 3053 3859 αὐτὸν,
3129 3798 3347 3866 πρῶτον
3428 3795 3523 3867 μὲν
3602 3793 3806 3870 ἐτύφοη

2155 3877 2426 3958 σφοδρῶς,
2460 3880 2550 3935 καὶ
2600 3880 2675 3942 εἷς
2733 3879 2982 3951 φυλακὴν
3032 3879 3330 3954 ἐνεϐλήθη,
3360 3885 3448 3938 καὶ
3506 3884 3608 3938 ὑπὸ
3637 3882 3813 3954 λιμοῦ

2152 3972 2214 4024 τὸ
2267 3975 2428 4044 σῶμα
2484 3968 2920 4041 κατεδαπανήθη.
2974 3975 3105 4029 Εἶτα
3156 3979 3256 4042 τῆς
3308 3977 3559 4049 φυλακῆς
3605 3967 3816 4042 ἐκϐλη-

2154 4061 2285 4130 θεὶς,
2343 4062 2436 4116 καὶ
2493 4059 2658 4116 πᾶλιν
2723 4060 3072 4136 ἀναγκασθεὶς
3141 4061 3470 4136 ἀρνήσασθαι
3534 4063 3635 4131 τὴν
3697 4066 3808 4115 τῶν

2154 4150 2322 4226 ἁγίων
2381 4151 2601 4206 εἰκόνων
2658 4149 3028 4223 προσκύνησιν
3083 4150 3176 4206 καὶ
3227 4151 3289 4206 τὸ
3345 4145 3527 4220 σέϐας,
3587 4151 3676 4205 καὶ
3731 4152 3811 4222 μὴ

2153 4241 2417 4309 πεισθεὶς,
2477 4239 2552 4303 εἶς
2609 4238 2818 4311 έξορίαν
2879 4240 3294 4297 ἀποστέλλεται.
3357 4241 3455 4296 Καὶ
3509 4240 3620 4296 ἐκεῖ
3666 4237 3814 4295 πολ·-

2156 4327 2289 4392 λοὺς
2319 4330 2656 4403 πειρασμοὺς
2708 4329 3023 4403 ὑπομείνας,
3079 4331 3168 4385 καὶ
3223 4329 3387 4405 μυρία
3417 4327 3566 4385 δεινᾶ
3593 4329 3810 4401 παθὼν,

2155 4419 2244 4474 καὶ
2303 4418 2388 4472 ἐπὶ
2449 4424 2579 4474 πᾶσι
2635 4419 2726 4474 τὸν
2789 4419 2917 4474 Θεὸν
2979 4416 3235 4492 δοξάζων,
3293 4419 3382 4474 καὶ
3433 4423 3514 4491 τῷ
3579 4419 3812 4491 ὀνόματι

2154 4511 2233 4580 τῷ
2291 4508 2428 4582 ἁγίῳ
2485 4507 2653 4564 αὐτοῦ
2709 4507 3071 4585 εὐχαριστῶν,
3129 4509 3266 4585 πρὸς
3325 4508 3560 4582 Χριστὸν
3593 4509 3810 4583 χαίρων

2085 4623 2131 4686 D
2161 4594 2512 4670 ἐξεδήμησενο
3349 4627 3356 4630 ·

2720 4716 2900 4772 MIINI
2936 4719 3020 4768 ΤΩ
3059 4717 3250 4771 ΑΥΤΩ.

2960 4832 3012 4886 Γ,

2230 4921 2500 4992 ’Δθλησις
2548 4927 2645 4977 τοῦ
2689 4923 2720 4976 ἀ
2764 4922 2847 4976 ἱου
2890 4919 3089 4997 ἱερομά
3125 4940 3285 4994 τυρος
3331 4922 3614 4977 Διονυσίου
3642 4925 3740 4978 τοῦ

2444 4943 2862 5050 Ἀρεοπαγίτου.
2914 4940 3212 5049 ἐπισκόοπου
3261 4993 3525 5050 Ἀθηνῶν.

2444 4993 2862 5070 Ἀρεοπαγίτου,
2914 4993 3212 5049 ἐπισκόπου
3261 4993 3525 5064 Ἀθηνῶν.

2227 5113 2288 5169 Ὀ
2323 5108 2488 5187 μέγας
2519 5112 2798 5176 Διονύσιος
2829 5113 3047 5188 ὑπῆρχε
3100 5113 3196 5184 μὲν
3227 5109 3278 5165 ἐν
3313 5114 3522 5182 Ἀθήνη
3550 5115 3617 5185 τῇ
3647 5109 3813 5166 πόλει

2157 5213 2232 5273 εἷς
2286 5217 2393 5266 τῶν
2439 5209 2690 5282 ἐνδόξων,
2745 5211 2834 5266 καὶ
2892 5212 3197 5285 πλουσίων,
3255 5212 3345 5266 καὶ
3403 5215 3602 5288 σοφῶν·
3637 5207 3814 5283 ἔκρινε

2159 5297 2217 5354 δὲ
2273 5299 2350 5364 εἰς
2425 5300 2517 5355 τὸν
2596 5298 2892 5375 λεγόμενον
2971 5302 3182 5375 Ἀρειον
3243 5299 3412 5374 πάγον
3476 5299 3570 5361 τὰς
3635 5297 3812 5361 δίκας.

2157 5387 2520 5453 Ἀπελθόντος
2585 5387 2643 5444 δὲ
2705 5393 2802 5444 τοῦ
2868 5389 3022 5465 ἁγίου
3087 5387 3398 5444 ἀποστόλου
3457 5388 3677 5444 Παύλου
3735 5387 3816 5450 εἷς

2157 5477 2413 5548 Ἀθήνας,
2471 5480 2558 5533 καὶ
2619 5477 2985 5554 κηρύττοντος
3037 5478 3128 5533 τὸν
3197 5481 3449 5555 Χριστὸν,
3507 5477 3681 5553 ταχὺς
3738 5472 3814 5532 ὤν

2153 5569 2256 5636 τὴν
2311 5567 2542 5636 σύνεσιν,
2597 5567 2806 5642 ἐπέγνω
2863 5567 2962 5635 τήν
3022 5568 3305 5638 ἀλήθειαν,
3366 5569 3458 5623 καὶ
3507 5568 3812 5624 ἐπίστευσεν

2155 5656 2233 5718 εἷς
2311 5656 2567 5732 Χριστόν.
2645 5657 2745 5714 Καὶ
2830 5657 3165 5732 βαπτισθεὶς,
3226 5664 3626 5734 χειροτονεῖται
3693 5658 3814 5712 ἐπί-

2154 5767 2356 5809 σκοπος
2384 5749 2652 5816 Ἀθηνῶν·
2715 5742 2982 5800 διδάσκων
3037 5744 3284 5810 πολλοὺς
3339 5752 3447 5803 τῶν
3504 5747 3815 5820 Ἑλλήνων,
