4142 6436
321 424 406 484 85

1909 427 2296 492 OCTOBER.
3748 429 3830 488 86

338 557 606 656 xui-uacci
816 560 1201 641 ἐπιστρέφων,
1256 565 1343 619 καὶ
1403 563 1700 640 βαπτίζων.
1755 563 1964 636 Ἐμαθε
1996 558 2045 616 δὲ

2167 581 2499 656 baptizavit.
2533 586 2750 642 Didicit
2802 585 2984 640 etiam
3041 598 3259 639 arcana
3315 581 3418 637 Dei
3475 579 3824 652 mysteriaa

345 649 442 740 καὶ
473 649 547 702 τὰ
581 649 894 726 ἀπόρρητα
940 675 1228 728 μυστηρια
1255 658 1352 708 τοῦ
1409 658 1540 713 Θεοῦ
1591 653 1694 708 ὑπὸ
1748 657 1850 708 τοῦ
1908 650 2060 725 ἁγίου

369 740 628 812 [εροθέου
689 744 795 795 τοῦ
871 741 1198 817 ἐρισκὸπου.
1259 743 1360 799 Καὶ
1435 743 1810 818 συνεγράψατυ
1871 736 2062 816 βιϐλία

354 826 544 882 πολλᾶ
584 830 718 900 περὶ
780 835 894 885 τῶν
957 831 1304 908 ἐπουρανίων
1363 830 1669 904 δυνάμεων.
1731 826 2060 901 Διαϐληθείς

445 921 529 989 τῷ
558 921 676 972 τῶν
709 920 966 990 Ἀθηνῶν
1000 918 1231 996 ἄρχοντι
1279 921 1424 995 παρὰ
1453 925 1560 975 τῶν
1595 917 2056 992 εἷδωλολατρῶν,

367 1005 649 1079 ἐκμαθήθη
703 1009 848 1081 μετὰ
903 1006 999 1064 δύο
1064 1012 1324 1083 μαθητῶν
1358 1010 1551 1080 αὐτοῦ,
1590 1010 1680 1064 καὶ
1739 1008 1928 1064 πολλά
1977 1029 2063 1062 τι-

370 1097 750 1166 μωρηθὲντες,
807 1102 1030 1170 πρῶτος
1097 1100 1191 1171 μὲν
1248 1099 1412 1161 αὐτός
1475 1098 1910 1176 ἀπεκεφαλίσθη.
1960 1096 2060 1151 Καὶ

370 1182 667 1257 δεξάμενος
729 1188 834 1256 τὴν
891 1187 1137 1263 κεφαλὴν
1200 1187 1368 1244 αὐτοῦ
1417 1194 1539 1251 ταῖς
1601 1187 1831 1250 οἰκείαις
1877 1185 2060 1262 χερσὶ,

373 1273 757 1347 περιεπάτησε
841 1274 1009 1348 μίλια
1065 1273 1184 1333 δύο.
1249 1277 1346 1332 Καὶ
1407 1275 1468 1332 οὐ
1522 1276 1788 1351 πρότερον
1846 1272 2058 1346 ἔθηκεν,

667 1360 778 1426 ἔως
869 1366 1145 1436 συηντησε
1239 1365 1458 1441 γυναικὶ
1547 1367 1895 1439 Χριστιανῇ,
1969 1364 2059 1418 καὶ

381 1449 656 1507 ἐπέδωκεν
718 1451 915 1523 αὐτήν.
984 1456 1216 1512 Ἔπειτα
1292 1455 1807 1529 ἀπεκεφαλίσθησαν
1857 1453 1947 1508 καὶ
2008 1454 2060 1508 οἱ

395 1537 493 1595 δύο
527 1543 779 1614 μαθηταὶ
809 1542 998 1600 αὐτοῦ.

965 1660 1125 1718 ΜΗΝ
1132 1665 1153 1714 Ι
1185 1662 1275 1718 TD
1303 1663 1488 1720 ΑΥΤΩ

1206 1779 1258 1833 Δ,

393 1887 660 1960 Ἀθλησις
763 1895 874 1947 τῶν
955 1891 1122 1969 ἁγίων
1209 1894 1498 1971 μαρτύρων
1583 1892 1883 1952 Ἀδαύκτου
1962 1895 2051 1949 καὶ

707 1980 1078 2053 Καλλισθένης
1110 1990 1207 2052 τῆς
1237 1985 1404 2040 αὐτοῦ
1443 1984 1733 2060 θυγατρός.

379 1363 550 1430 αὐτὴν
587 1409 603 1433 ,

455 2094 761 2160 Ἀδαυκτος
791 2099 818 2153 ὁ
856 2101 1083 2174 μάρτυς,
1134 2101 1352 2177 ὑπῆρχε
1404 2103 1500 2175 μὲν
1555 2102 1661 2157 ἀπὸ
1689 2109 1791 2172 τῆς
1830 2102 2047 2164 πόλεως

383 2187 640 2263 Ἐφέσου.
702 2187 893 2262 ἐπεῖχε
940 2185 998 2243 δὶ
1021 2191 1122 2258 τὴν
1166 2193 1263 2244 τοῦ
1320 2188 1515 2252 δουκὸς
1545 2191 1717 2262 ἀξίαν,
1776 2189 1865 2246 ἐπὶ
1925 2194 2042 2248 Μα-

381 2275 604 2347 ξιμίνου
635 2281 732 2330 τοῦ
771 2275 1064 2351 βασιλέως,
1112 2271 1257 2353 ἔχων
1304 2279 1394 2334 καὶ
1454 2281 1721 2355 θυγατέρα
1776 2280 2040 2356 παρθένον

377 2365 468 2417 καὶ
532 2364 951 2441 εὐμορφοτάτην
989 2411 1001 2435 ,
1065 2364 1434 2434 Καλλίσθένην
1496 2369 1748 2442 ὀνόματι.
1783 2367 2041 2430 Ἀκούσας

377 2451 436 2507 δὲ
469 2453 500 2508 ὁ
537 2454 844 2526 Μαξιμίνος
893 2457 1015 2526 περὶ
1046 2462 1236 2524 αυτῆς,
1293 2457 1603 2512 ἇπέστειΛεν
1664 2457 1838 2512 ἐλθεῖν
1872 2456 2038 2527 αὐτὴν

374 2543 520 2616 πρὸς
581 2543 743 2596 αὐτόν
779 2586 791 2599 .
852 2545 913 2600 Ὀ
982 2541 1038 2598 δὲ
1114 2547 1290 2619 πατὴρ
1349 2546 1516 2616 αὐτῆς
1564 2543 1788 2622 ἔκρυψεν
1850 2547 2038 2616 αὐτὴν,

377 2629 723 2708 φυγαδεύσας
784 2631 859 2694 είς
915 2632 983 2687 τὰ
1041 2639 1179 2708 μέρη
1239 2641 1338 2703 τῆς
1396 2635 1718 2704 Ἀνατολῆς.
1757 2636 1950 2699 Μαθὼν
1983 2633 2039 2691 δὲ

374 2725 541 2774 τοῦτο
596 2723 626 2774 ὁ
689 2723 996 2794 Μαξιμῖνος
1029 2767 1042 2791 ,
1101 2725 1190 2778 καὶ
1247 2726 1516 2800 ὀργισθεὶς
1551 2770 1564 2794 ,
1623 2725 1889 2799 ἐκράτησε
1943 2727 2034 2781 τὸν

374 2809 685 2867 Ἀὃαυκτον
769 2814 1033 2888 προφάσει
1101 2819 1197 2869 τοῦ
1254 2817 1725 2889 Χριστιανισμοῦ·
1786 2819 1874 2872 καὶ
1934 2815 2034 2888 δη·

375 2901 606 2971 μεῦξσας,
684 2899 934 2975 ἐξώρισεν
1015 2902 1092 2964 εἷς
1178 2905 1592 2978 Μεσοποταμίαν
1629 2950 1642 2976 ,
1695 2905 1905 2982 γράψας
1958 2910 2038 2978 τῷ

369 2999 472 3058 τῆς
537 2993 968 3065 Μεσοποταμίας
1026 2995 1254 3070 ἄρχοντι
1291 3040 1304 3066 ,
1365 2997 1657 3072 ἀναγκάσαι
1718 2998 1812 3071 μὶν
1873 2997 2033 3052 αὐτὸν

372 3085 533 3143 θῦσαι
593 3087 712 3142 τοῖς
764 3079 1054 3145 είδώλοις’
1115 3087 1189 3156 μή
1250 3085 1570 3157 πειθόμενον
1623 3083 1701 3156 δὶ,
1756 3091 2033 3163 φονεῦσαι.

370 3172 432 3226 Ὀ
497 3167 555 3224 δὲ
636 3169 825 3246 ἄρχων
913 3174 990 3245 μή
1075 3173 1260 3236 πείσας
1337 3173 1536 3242 αὐτὸν,
1617 3175 2032 3250 ἀπεκεφάλισεν.

2175 681 2380 732 sancto
2413 676 2730 731 Hierotheo
2765 676 3065 746 episcopo,
3091 680 3150 728 et
3169 673 3389 727 multos
3420 671 3604 725 libros
3626 671 3698 726 de
3714 688 3826 726 cm-

2174 763 2426 820 lestibus
2457 765 2770 820 virtutibus
2810 763 3184 834 conscripsit.
3236 762 3477 816 Delatus
3521 766 3720 815 autem
3752 760 3823 815 ad

2172 856 2542 912 Athenarum
2572 855 2914 927 prafectum
2952 852 3334 919 abidolatris,
3366 849 3823 921 comprehendi-

2173 949 2271 999 tur
2298 962 2432 1000 cum
2491 945 2720 1000 duobus
2771 942 3128 1013 discipulis:
3171 956 3427 1010 cumque
3481 939 3670 994 multa
3704 944 3823 993 tor-

2173 1039 2376 1090 menta
2403 1034 2746 1100 subiissent,
2779 1033 3006 1104 primus
3036 1030 3276 1102 quidem
3313 1029 3439 1100 ipse
3471 1027 3824 1093 decollatur,

2173 1124 2274 1193 qui
2307 1124 2428 1178 suis
2459 1123 2740 1178 manibus
2774 1126 2952 1192 caput
2973 1120 3047 1175 ad
3077 1121 3194 1174 duo
3223 1118 3504 1173 milliaria
3559 1118 3821 1184 sustulit,

2171 1230 2284 1270 nec
2325 1215 2494 1285 prius
2531 1214 2829 1284 deposuit,
2870 1227 3048 1282 quam
3079 1209 3428 1264 Christiana)
3457 1207 3694 1262 feminae
3720 1207 3824 1262 ob-

2171 1303 2324 1358 viam
2355 1303 2568 1372 factus,
2621 1301 2772 1357 illud
2803 1301 2856 1356 ei
2889 1299 3150 1356 tradidit.
3185 1300 3399 1354 Postea
3429 1301 3488 1352 et
3518 1296 3635 1352 duo
3694 1296 3823 1367 ejus

2171 1391 2452 1464 discipuli
2487 1391 2678 1463 capite
2708 1389 3046 1446 obtruncati
3077 1392 3234 1445 sunt.

2725 1686 2968 1743 EODEM
3006 1683 3261 1740 MENSE.

2826 1801 2929 1857 Die
2958 1805 3172 1872 quarta

2087 1932 2134 1997 Β
2168 1920 2264 1977 87
2300 1921 2583 1978 Certamen
2611 1924 2928 1975 sanctorum
2973 1923 3284 1986 martyrum
3339 1915 3582 1970 Adducti
3611 1920 3664 1970 et
3696 1912 3825 1968 Cal-

2688 2007 2946 2064 listhenes
2993 2008 3111 2076 ejus
3138 2004 3292 2073 ﬁliae.

2228 2127 2529 2182 Adauctus
2586 2130 2813 2195 martyr
2862 2140 2932 2179 ex
2999 2123 3146 2177 urbe
3204 2122 3436 2192 Epheso
3495 2119 3808 2188 oriundus,

2154 2217 2324 2272 ducis
2351 2217 2638 2286 dignitate
2667 2213 3036 2285 temporibus
3074 2211 3378 2266 Maximini
3433 2209 3813 2281 imperatoris

2154 2312 2421 2373 ornatus,
2456 2305 2641 2360 filiam
2676 2303 2964 2375 virginem
2996 2319 3063 2356 ac
3095 2299 3578 2355 venustissimam
3608 2298 3816 2354 habuit

2152 2395 2578 2450 Callisthenem
2601 2394 2842 2448 nomine
2869 2409 2881 2445 :
2907 2393 3078 2463 cujus
3103 2391 3297 2445 forma
3319 2395 3526 2460 captus
3549 2387 3810 2444 Maximi-

2153 2503 2286 2549 nus,
2314 2485 2497 2556 jussit
2526 2500 2657 2538 eam
2690 2481 2763 2537 ad
2797 2499 2858 2538 se
2889 2481 3125 2536 adduci.
3164 2483 3237 2533 At
3267 2483 3436 2550 pater
3466 2495 3602 2533 cum
3648 2477 3816 2531 illam

2151 2574 2528 2641 occultasset,
2554 2573 2614 2626 in
2629 2571 2889 2627 Orientis
2909 2575 3106 2641 partes
3128 2584 3262 2623 ama
3278 2567 3500 2622 ndavit.
3523 2565 3688 2631 Quod
3714 2564 3819 2619 ubi

2149 2663 2499 2719 Maximinus
2530 2661 2842 2724 intellexit,
2879 2659 3077 2714 furore
3142 2657 3425 2728 percitus,
3475 2655 3812 2710 Adauctum

2146 2754 2393 2808 obtenta
2417 2751 2770 2808 Christiana;
2802 2749 2940 2804 fidei
2969 2764 3148 2803 causa
3177 2751 3547 2818 correptum,
3580 2749 3639 2799 et
3663 2760 3808 2815 pro-

2145 2843 2456 2913 scriptum,
2475 2841 2536 2894 in
2557 2838 3040 2910 Mesopotamiam
3061 2836 3362 2908 relegavit,
3395 2851 3534 2890 cum
3557 2833 3801 2889 manda-

2147 2933 2221 2987 tis
2251 2931 2326 2987 ad
2356 2929 2790 3000 Mesopotamiae
2823 2927 3190 2999 praefectum,
3216 2930 3282 2980 ut
3304 2942 3441 2980 eum
3473 2924 3548 2980 ad
3580 2922 3813 2979 sacriﬁ-

2146 3021 2403 3077 candum
2430 3018 2609 3075 idolis
2639 3005 3056 3088 compelleret;
3077 3031 3249 3070 secus
3282 3013 3624 3082 facientem,
3658 3013 3810 3067 inte-

2144 3112 2404 3166 rimeret.
2432 3108 2730 3164 Adauctus
2753 3107 2951 3178 igitur,
2975 3106 3039 3160 in
3068 3103 3367 3160 sententia
3393 3117 3802 3174 perseverans,

2145 3202 2336 3272 capite
2367 3199 2684 3254 damnatus
2733 3202 2824 3251 est
2878 3212 2913 3250 a
2963 3194 3262 3266 praafecto,
3307 3192 3697 3263 sepultusque
3731 3190 3803 3244 ab

373 3265 509 3314 Εἶτα
539 3259 713 3335 ἐτάφη
767 3261 910 3333 παρᾶ
963 3267 1064 3329 τῆς
1114 3263 1367 3336 γυναικὸς
1423 3263 1610 3336 αὐτοῦ,
1669 3264 1759 3318 καὶ
1813 3272 1912 3335 τῆς
1942 3267 2036 3320 θυ-

530 3349 544 3366 ι
668 3353 745 3366 η...
842 3346 886 3366 ι..
965 3351 993 3366 η
1094 3351 1115 3366 ε
1167 3352 1177 3366 .
1464 3354 1476 3366 ,
1751 3361 1758 3366 .
1934 3354 1944 3366 .

2160 3307 2330 3346 uxore
2361 3293 2420 3344 et
2450 3287 2596 3343 filia.
2629 3285 2740 3341 Sed
2771 3301 2906 3340 cum
2932 3299 3134 3339 rerum
3195 3283 3420 3354 potitus
3471 3286 3629 3337 esset
3659 3280 3808 3335 Lici-

668 3353 780 3417 Τῆς
839 3346 896 3403 δὶ
964 3351 1245 3425 βασιλείας
1304 3354 1679 3427 κρατήσαντος
1736 3354 2034 3423 Λικιννίου,

374 3439 692 3512 προσῆλθεν
732 3440 766 3507 ἡ
818 3436 1157 3510 Καλλισθένη
1212 3444 1281 3514 τῇ
1331 3439 1646 3517 βασιλίσσῃ,
1707 3443 1798 3497 καὶ
1839 3441 2040 3518 διηγή-

377 3549 508 3581 σατο
573 3526 770 3585 πάντα.
848 3528 951 3585 Καὶ
1026 3531 1128 3602 τῇς
1209 3527 1494 3605 βασιλίδος
1558 3530 1846 3606 προστάξει
1910 3554 2040 3606 μετ-

387 3616 606 3686 εκὸμισε
631 3620 727 3672 τοῦ
781 3616 985 3690 πατρὸς
1044 3617 1217 3688 αὐτῆς
1247 3617 1309 3673 τὸ
1366 3618 1618 3693 λείψανον
1657 3620 1733 3684 είς
1776 3621 2035 3700 ’Έφεσον.

394 3706 529 3759 Εἶτα
550 3707 638 3758 καὶ
656 3705 788 3775 αὕτη
818 3705 1006 3768 καλῶς
1032 3706 1324 3782 βιώσασ[α]
1354 3705 1680 3780 ἐτελειώθη.

977 3823 1059 3896 Τῇ
1092 3821 1230 3896 αὐτῇ
1272 3820 1457 3900 tam

379 3937 658 4011 Ἀθλησις
705 3944 806 3996 τοῦ
862 3937 1019 4016 ἁγίου
1069 3939 1464 4018 ίερομάρτυρος
1505 3943 1713 4020 Πέτρου
1743 3943 2044 4000 ἐπισκόπου

1013 4029 1416 4088 Καπετωλὲων.

453 4143 678 4214 ’Ἕλλην
761 4145 1006 4222 ὑπῆρχεν
1063 4147 1223 4211 οὗτος
1277 4148 1304 4202 ὁ
1364 4151 1567 4222 Πὲτρος
1601 4167 1615 4181 ο
1674 4149 1801 4206 ἀλλ’
1855 4148 2043 4220 ἐπειδὴ

374 4241 478 4302 τῆς
542 4238 642 4288 τοῦ
716 4239 952 4309 Χριστοῦ
1011 4233 1360 4298 διδασκαλίας
1417 4236 1693 4313 ἐγεύσατο,
1754 4239 2044 4302 πιστεύσας

376 4320 684 4392 ἐϐαπτίσθη
717 4323 851 4395 μετὰ
894 4331 997 4393 τῆς
1051 4326 1322 4399 γυναικὸς,
1381 4326 1472 4382 καὶ
1529 4332 1641 4382 τῶν
1696 4326 1923 4396 τεκνῶν,
1955 4330 2042 4384 καὶ

377 4412 519 4466 ὅλου
575 4416 676 4466 τοῦ
736 4411 888 4467 οἷ’κου
937 4412 1126 4469 αὐτοῦ.
1181 4416 1311 4472 Εἶτα
1368 4415 1658 4490 ἀναγνοὺς,
1714 4417 1805 4471 καὶ
1859 4418 2043 4490 μαθὼν

375 4503 478 4569 τήν
517 4501 665 4565 θείαν
722 4503 930 4575 Γραφή,
989 4505 1090 4568 τῆς
1149 4507 1259 4558 τῶν
1324 4503 1689 4562 Καπετωλέων
1748 4504 2045 4576 ἐκκλησίας

375 4589 786 4665 προεχειρίσθη
821 4590 1143 4654 ἐπίσκοπος.
1179 4591 1436 4655 Πολλοὺς
1486 4590 1544 4648 δέ
1597 4599 1707 4650 τῶν
1759 4592 2044 4665 Ἐλλήνων

378 4675 683 4748 διδάσκων,
729 4678 817 4733 καὶ
874 4681 1010 4753 πρὸς
1072 4686 1307 4754 Χριστον
1373 4682 1739 4760 ἐπιστρέφων,
1797 4680 2046 4759 διωγμοῦ

373 4766 695 4838 κινηθέντος
754 4769 892 4824 κατὰ
947 4773 1055 4824 τῶν
1114 4773 1454 4844 Χριστιανῶν
1492 4816 1506 4842 ,
1566 4772 1837 4847 ἐκρατήθη
1897 4773 2045 4848 παρὰ

377 4861 493 4911 τῶν
554 4854 976 4932 εἰδωλολατρῶν
1013 4877 1026 4892 ’
1104 4859 1192 4914 καὶ
1267 4857 1518 4936 σφοδρῶς
1599 4862 1816 4938 τυφθεὶς
1849 4903 1864 4931 ,
1953 4861 2044 4917 καὶ

380 4944 610 5000 ἁλύσεσι
695 4944 867 5008 δεθεὶς
904 4991 921 5016 ,
1001 4946 1275 5020 παρεδόθη
1355 4947 1437 5022 τῷ
1515 4953 1746 5026 ἄρχοντι
1781 4995 1793 5006 .
1869 4951 1930 5008 Ὀ
1990 4948 2047 5005 δὲ

379 5034 575 5110 ἄρχων
642 5037 718 5108 μὴ
786 5035 971 5098 πείσας
1059 5037 1244 5108 αὐτὸν,
1330 5044 1485 5104 θῦσαι
1561 5047 1682 5104 τοῖς
1766 5039 2048 5112 εἲδώλοις,

379 5125 511 5186 τοὺς
549 5124 872 5201 ὀφθαλμοὺς
933 5125 1186 5202 ἐξώρυξε,
1217 5129 1307 5183 καὶ
1358 5129 1458 5199 τὴν
1509 5128 1762 5204 γλῶτταν
1811 5131 2046 5205 ἐξέτεμε,

378 5214 472 5267 καὶ
528 5214 598 5268 τὰ
647 5212 786 5270 ὠτία
841 5215 1084 5289 ἀπέκοψε
1120 5260 1134 5285 ,
1191 5216 1282 5272 καὶ
1324 5217 1418 5277 τὰς
1479 5224 1670 5294 χεῖρας
1703 5263 1716 5286 ,
1774 5219 1865 5275 καὶ
1920 5219 2050 5282 τοὺς

378 5301 559 5365 πόδας
619 5303 1044 5378 ἐνευροκόπησε.
1105 5306 1263 5362 Μετᾶ
1320 5304 1382 5362 δὶ
1437 5308 1499 5363 τὸ
1557 5312 1784 5374 ποιῆσαι
1851 5307 2047 5373 ταύτας

376 5395 477 5456 τὰς
531 5392 808 5467 τιμωρίας
900 5394 1136 5468 σταυρὸν
1220 5394 1555 5471 εὐτρεπίσας,
1641 5396 1909 5474 ἐκρέμασε
1956 5399 2046 5455 τὸν

380 5485 562 5558 ἅγιον,
594 5481 902 5557 εὐχόμενον
961 5481 1101 5557 πρὸς
1149 5483 1240 5540 τὸν
1287 5486 1442 5556 Θεὸν,
1499 5486 1591 5542 καὶ
1649 5486 1906 5564 λέγοντα.
1943 5489 2049 5546 Κύ-

370 3349 616 3422 γατρὸς.

2147 3379 2305 3448 nius,
2337 3377 2484 3433 adiit
2507 3375 2870 3431 Callisthene
2904 3377 3251 3444 Augustam,
3286 3387 3320 3426 a
3351 3386 3490 3440 qua,
3526 3384 3592 3423 re
3624 3367 3811 3436 omni,

2145 3469 2233 3524 uti
2266 3483 2327 3522 se
2359 3467 2668 3530 habuerat,
2702 3462 2990 3534 exposita,
3024 3459 3384 3531 impetravit,
3407 3463 3473 3512 ut
3500 3457 3687 3528 patris
3718 3473 3816 3511 re-

2147 3557 2363 3628 liquias
2394 3555 2693 3626 Ephesum
2725 3550 3077 3606 transferret
3105 3565 3118 3616 ;
3169 3547 3270 3603 ubi
3304 3548 3437 3618 ipsa
3469 3563 3608 3602 cum
3635 3545 3816 3602 vitam

2147 3651 2308 3703 recte
2341 3642 2721 3712 traduxisset,
2750 3639 3032 3696 decessit.

2802 3828 3026 3885 Eodem
3072 3827 3167 3884 die

2150 3952 2252 4010 88
2284 3952 2569 4010 Certamen
2616 3948 2946 4006 sacrosancti
3010 3946 3275 4017 martyris
3334 3947 3508 4014 Petri,
3569 3948 3810 4018 episwpi

2772 4037 3199 4108 Capitoleorum.

2223 4158 2459 4212 Graecus
2481 4160 2608 4210 erat
2638 4154 2735 4209 hic
2758 4156 2969 4208 Petrus
2995 4169 3008 4207 :
3039 4152 3142 4208 sed
3173 4151 3273 4207 ubi
3304 4152 3566 4223 primum
3597 4152 3812 4207 Christi

2153 4245 2489 4301 doctrinam
2516 4243 2872 4316 degustavit,
2905 4240 3180 4308 credidit,
3212 4240 3657 4312 baptizatusque
3704 4241 3818 4296 fuit

2154 4352 2290 4392 cum
2321 4351 2525 4403 uxore,
2559 4333 2766 4387 liberis
2794 4373 2808 4398 ,
2853 4336 3093 4401 totaque
3131 4330 3378 4386 familia.
3412 4330 3636 4385 Deinde
3667 4331 3816 4384 divi-

2154 4441 2294 4482 nam
2342 4423 2710 4494 Scripturam
2753 4420 2959 4492 legens
2989 4436 3056 4474 ac
3084 4417 3342 4482 discens,
3375 4417 3816 4488 Capitoleorum

2155 4513 2432 4570 Ecclesiae
2467 4512 2782 4583 episcopus
2816 4508 3216 4564 renuntiatur.
3251 4509 3396 4562 Cum
3426 4523 3563 4562 vero
3595 4507 3816 4563 multos

2158 4607 2495 4660 Graecorum
2518 4599 2786 4657 docendo
2809 4600 2884 4655 ad
2904 4599 3205 4654 Christum
3223 4597 3631 4666 convertisset,
3656 4603 3818 4653 mota

2077 4671 2122 4735 θ
2153 4695 2438 4750 adversus
2489 4691 2858 4747 Christianos
2913 4687 3351 4760 persecutione,
3411 4686 3484 4744 ab
3541 4687 3814 4744 idolatris

2157 4789 2364 4856 captus
2390 4781 2733 4854 gravissime
2760 4778 3041 4845 caeditur;
3064 4777 3411 4848 catenisque
3433 4778 3812 4847 constrictus,

2156 4873 2228 4929 ad
2261 4871 2576 4944 praesidem
2612 4868 2968 4925 adducitur:
3001 4867 3102 4938 qui
3147 4883 3282 4921 cum
3313 4883 3449 4922 eum
3480 4867 3554 4923 ad
3586 4867 3812 4923 sacrifi-

2158 4960 2415 5017 candum
2441 4959 2618 5014 idolis
2667 4957 2951 5012 inducere
2982 4955 3280 5026 nequiret,
3324 4956 3481 5010 eruit
3510 4957 3562 5011 ei
3586 4957 3814 5025 oculos,

2162 5050 2430 5122 linguam
2461 5046 2752 5120 praecidit,
2786 5061 2960 5101 aures
3006 5044 3352 5115 amputavit,
3393 5061 3682 5101 manuum
3713 5062 3817 5117 pe—

2165 5138 2427 5208 dumque
2487 5153 2696 5192 nervos
2745 5133 3016 5190 succidit.
3069 5130 3208 5188 Post
3244 5134 3354 5188 hos
3411 5135 3730 5201 cruciatus,
3756 5135 3819 5189 in

2159 5231 2552 5299 praeparatam
2600 5239 2840 5279 crucem
2899 5227 3173 5277 sanctum
3244 5221 3362 5294 egit
3421 5228 3691 5277 orantem
3744 5221 3818 5276 ad

2159 5317 2347 5372 Deum
2381 5332 2448 5371 ac
2475 5314 2772 5370 dicentem
2792 5329 2804 5366 :
2823 5312 3137 5378 Domine,ne
3150 5315 3360 5366 statuas
3383 5310 3495 5364 illis
3514 5310 3614 5365 hoc
3623 5325 3824 5379 pecca-

2160 5411 2275 5461 tum
2296 5405 2338 5460 ⁶.
2363 5403 2626 5459 Tandem
2647 5401 2840 5458 adhuc
2865 5400 3117 5472 spiranti
3140 5397 3360 5454 milites
3382 5403 3560 5469 caput
3577 5397 3826 5453 obtrun-

2164 5499 2487 5552 caverunt:
2519 5498 2698 5564 atque
2721 5493 2804 5547 ita
2831 5491 3010 5545 vitam
3041 5489 3252 5544 ﬁnivit.

379 5593 486 5648 ριε,
515 5575 592 5645 μή
627 5573 834 5648 στήσῃς
863 5571 1054 5635 αὐτοῖς
1099 5573 1196 5642 τὴν
1245 5573 1518 5650 ἁμαρτίαν
1559 5577 1792 5650 ταύτην.
1818 5579 1953 5637 Ἔπι
1985 5577 2043 5635 δὲ
2071 5579 2369 5655 ἐμπέοντα,
2403 5579 2576 5652 ἦλθον
2607 5581 2660 5636 οἱ
2690 5582 3040 5657 στρατιῶται,
3072 5575 3163 5631 καὶ
3206 5573 3605 5653 ἀπεκεφάλισαν
3631 5572 3824 5637 αὐτόνο

375 5662 473 5720 καὶ
507 5658 681 5725 οὕτως
712 5661 1045 5732 ἐτελειώθη.

443 5793 470 5828 ⁵
498 5794 626 5850 Act.
663 5807 766 5862 vn,
799 5793 889 5848 59.
