4142 6432
410 407 486 470 87
1735 403 2088 467 MENOLOE

2199 403 2414 467 PARS
2459 405 2509 466 Ι.
3742 396 3847 462 ..88

1068 539 1290 598 Eodem
1319 540 1416 596 die
2077 545 2150 610 ρΑ

415 631 516 689 89
560 632 825 688 Domitio
878 629 1059 687 sancti
1109 632 1293 686 Patris
1348 632 1522 687 nostri
1552 627 2071 700 .PauliLSiznplicis.

493 839 714 895 Paulus
736 843 1131 911 cognomento
1146 855 1213 895 ac
1227 839 1494 895 moribus
1520 839 1802 910 Simplex,
1821 837 2080 910 agricola

417 928 550 983 fuit.
583 929 729 983 Cum
760 933 958 982 autem
983 945 1229 984 uxorem
1279 928 1471 984 forma
1518 929 1762 1000 quidem
1811 926 2078 998 corporis

417 1023 744 1086 venustam,
771 1023 831 1073 at
851 1017 1101 1090 perditis
1133 1019 1398 1074 moribus
1421 1019 1706 1085 duxisset,
1738 1018 2077 1088 rediretque

419 1107 740 1179 aliquando
774 1124 845 1162 ex
885 1124 1023 1179 agro
1053 1107 1319 1169 domum.
1357 1124 1601 1163 uxorem
1629 1124 1766 1164 cum
1807 1107 2077 1163 adultero

419 1202 769 1270 peccantem
828 1196 1242 1268 deprehendit.
1295 1199 1505 1264 Quare,
1568 1197 1775 1253 relicta
1805 1197 1979 1252 domo
2010 1211 2080 1251 ac

419 1287 622 1358 pueris
653 1286 798 1352 suis,
829 1286 1080 1340 secessit
1107 1287 1170 1340 in
1205 1287 1620 1354 solitudinem;
1655 1287 2080 1358 profectusque

430 1375 504 1430 ad
561 1391 843 1447 magnum
874 1376 1220 1441 Antonium,
1255 1377 1494 1446 petebat
1527 1382 1595 1431 ut
1622 1375 1983 1431 monachum
2017 1390 2080 1428 se

422 1463 734 1520 initiaret:
778 1465 948 1535 cujus
1009 1470 1378 1520 senectutem
1436 1466 1687 1521 intuitus
1743 1464 2077 1520 Antonius:

426 1555 760 1626 Sexaginta,
823 1554 1037 1624 inquit,
1094 1572 1391 1610 annorum
1452 1573 1632 1610 senex
1681 1555 1983 1611 laboribus
2014 1570 2082 1609 ac

429 1642 724 1698 molestiis
753 1650 1424 1714 nequaquam,parest..
1445 1645 1549 1701 Cui
1583 1645 1838 1699 Paulus:
1875 1641 2082 1713 Siquid

426 1731 574 1786 mihi
599 1731 1001 1802 imperaveris,
1035 1731 1269 1805 faciam.
1304 1735 1598 1802 Antonius
1616 1733 1795 1806 igitur
1815 1732 2080 1804 periculo

423 1822 601 1887 facto,
661 1838 795 1876 cum
829 1839 965 1876 eum
1025 1823 1097 1878 ad
1165 1824 1365 1879 omnia
1406 1824 1756 1880 sustinenda
1809 1829 2081 1895 paratum

2771 539 2863 610 Τῇ
2903 535 3041 609 αὖτῇ
3075 533 3260 610 ἡμέρᾳ

2185 630 2250 686 Ἠ
2307 630 2570 702 κοίμησις
2620 631 2718 684 τοῦ
2756 626 2933 683 σόσίου
2980 624 3190 700 Πατρὸς
3261 626 3423 697 ἡμῶν
3467 620 3692 686 Παύλου
3747 623 3848 676 τοῦ

2895 714 3129 774 Ἀπλοῦ.

2261 835 2475 899 Ηαῦλος
2532 838 2561 892 6
2646 833 2964 906 ἐπικληθεὶς
3025 831 3116 889 διὰ
3163 833 3257 888 τὸν
3312 829 3516 906 τρόπον
3581 827 3844 898 Ἀπλοῦς,

2189 927 2408 1002 ὑπῆρχε
2469 926 2562 1000 μὲν
2620 945 2883 1000 γεωργος,
2941 921 3274 997 συνεζεύχθη
3330 918 3389 975 δὲ
3419 916 3850 1002 γυναικὶλωραίᾳ

2185 998 2558 1082 τήνμορφῆν,
2602 998 2748 1062 ἀλλὰ
2781 998 3136 1080 ίκακοτρόπῳ
3190 1004 3292 1072 τήν
3352 1003 3606 1077 γνώμην.
3641 998 3852 1056 Ἐλθὼν

2187 1094 2244 1153 δέ
2273 1117 2405 1152 ποτε
2434 1097 2540 1152 ἀπὸ
2566 1100 2665 1152 τοῦ
2696 1097 2863 1170 ἀγροῦ
2893 1094 2969 1157 εἷς
3000 1095 3091 1149 τὸν
3138 1095 3288 1148 οἷκον
3348 1090 3535 1162 αὐτοῦ,
3566 1087 3689 1163 εὗρε
3737 1088 3841 1156 τήν

2189 1192 2418 1262 γυναῖκα
2477 1185 2611 1260 μετᾶ
2681 1189 2888 1260 μοιχοῦ
2953 1182 3410 1257 ἁμαρτάνουσαν.
3469 1180 3568 1234 Καὶ
3621 1174 3852 1232 καταλι-

2189 1276 2306 1332 πὼν
2335 1276 2423 1331 καὶ
2453 1277 2545 1331 τὸν
2579 1277 2750 1345 οἷκον,
2783 1273 2871 1329 καὶ
2915 1273 2983 1329 τὰ
3037 1269 3227 1328 παιδία
3279 1270 3467 1339 αὐτοῦ,
3499 1265 3727 1338 ἐξῆλθεν
3770 1265 3851 1326 είς

2187 1367 2286 1434 τὴν
2312 1359 2544 1441 ἔρημον.
2587 1365 2691 1420 Καὶ
2751 1363 3000 1418 ἀπελθὼν
3060 1362 3198 1437 πρὸς
3235 1360 3345 1416 τὸν
3418 1359 3582 1434 μέγαν
3641 1356 3848 1411 Ἀντώ-

2188 1475 2324 1517 νιον,
2359 1453 2656 1529 παρεκάλει
2701 1460 2931 1521 ποιῆσαι
2983 1452 3146 1507 αὐτὸν
3193 1450 3460 1524 μοναχόν.
3519 1442 3674 1503 Ὀδὲ
3713 1443 3848 1499 ἱδὼν

2189 1543 2350 1599 αὐτόν
2407 1542 2681 1618 γέροντά,
2741 1542 2906 1598 εἶπεν·
2966 1543 3263 1614 Ἐξήκοντα
3321 1538 3454 1593 ἑτῶν
3513 1534 3688 1611 ¹γᾶριηυν
3722 1555 3846 1589 πει-

2192 1631 2434 1709 ρασμοὺς
2469 1633 2763 1703 ὑπομεῖναι
2821 1629 2882 1686 οὐ
2927 1627 3186 1697 τδύναται.
3215 1628 3342 1683 ιΚαὶ
3373 1629 3399 1681 6
3429 1623 3646 1688 Ιιαῦλδς
3678 1624 3846 1678 εἶπενο

2190 1720 2311 1778 Εῗτι
2372 1742 2466 1795 μοι
2523 1721 2675 1795 εἴπῃς
2710 1765 2723 1790 ,
2782 1724 2928 1774 ποιῶ
2961 1765 2974 1778 .
3067 1719 3166 1774 Καὶ
3225 1715 3593 1791 ἀποπειράσας
3646 1713 3849 1783 αὐτὸν,

2192 1809 2364 1887 εὗρεν,
2420 1811 2503 1866 ὅτι
2563 1811 2738 1864 πάντα
2791 1809 3076 1882 ὑπομένει.
3131 1806 3228 1862 Καὶ
3287 1804 3600 1879 ἐκούρευσεν
3661 1802 3851 1870 αὐτὸν,

423 1909 768 1978 invenisset,
799 1911 1077 1976 totondit,
1112 1917 1170 1967 et
1197 1914 1560 1968 monachum
1610 1914 1769 1980 fecit,
1809 1888 2088 1968 lndiﬁca-~

2199 1901 2278 1956 ιαὶ
2309 1899 2532 1970 ἐποίησε
2576 1899 2838 1974 μοναχὸν.
2905 1899 3001 1952 Καὶ
3060 1897 3244 1959 κτίσας
3303 1892 3525 1950 κελλίον
3557 1893 3676 1948 κατ’
3705 1888 3849 1980 ΐδίαν

423 2005 664 2070 tamque
694 2000 944 2054 seorsim
976 2000 1038 2054 in
1067 2001 1256 2056 altero
1289 2018 1471 2072 specu
1502 2001 1783 2057 cellulam
1816 2003 1868 2056 ei
1903 2001 2082 2056 tradi-

422 2087 540 2146 dit:
575 2088 675 2143 ubi
709 2093 872 2144 tanto
906 2089 1102 2145 studio
1161 2106 1224 2145 se
1275 2091 1472 2161 ipsum
1505 2091 1765 2152 inomni
1801 2091 2082 2146 virtutum

420 2193 638 2249 genere
669 2177 950 2245 excoluit,
977 2183 1046 2233 ut
1071 2179 1378 2238 miraculat
1399 2186 1635 2251 patrare
1665 2181 1974 2243 ,memerit
2006 2196 2085 2238 :.a

417 2264 817 2337 juveneenim
843 2264 1210 2323 daemonium
1231 2267 1509 2335 habente,
1534 2269 1636 2340 qui
1658 2268 1734 2324 ad
1759 2269 2084 2332 antonium

421 2359 687 2418 venerat,
711 2354 978 2410 illatum
1011 2355 1280 2420 absente,
1326 2357 1543 2416 Paulus
1565 2392 1570 2398 ι
1595 2358 1959 2416 daemonium
1989 2358 2085 2414 fu-

428 2443 782 2517 gavit.~Post
801 2443 926 2500 hac
953 2444 1071 2500 vita
1097 2445 1338 2501 functus
1368 2451 1476 2503 est.

1079 2564 1298 2620 Eodem
1330 2565 1426 2620 die

433 2652 539 2708 90
572 2655 857 2708 Certamen
896 2657 1229 2710 sacrosancti
1262 2659 1516 2726 martyris
1546 2656 1796 2726 Dionysii
1835 2659 2086 2727 patriar-

993 2743 1106 2798 cha:
1134 2743 1518 2801 Alexandrini.

505 2832 754 2887 Sanctus
786 2834 960 2888 Pater
987 2839 1192 2890 noster
1220 2835 1537 2907 Dionysius
1577 2836 1792 2892 claruit
1820 2841 2087 2908 tempore

438 2923 736 2979 Valeriani
765 2923 1554 2997 etGallieniimperatorum.
1578 2929 1722 2983 Cum
1747 2933 1944 3002 autem
1967 2943 2089 2999 per-

434 3013 661 3068 secutio
694 3012 755 3068 in
798 3013 1165 3070 Christianos
1223 3032 1452 3084 omnes,
1503 3018 1800 3088 praecipue
1840 3033 1976 3072 vero
2027 3016 2087 3070 in

431 3101 762 3172 episcopos,
797 3107 958 3157 mota
979 3107 1137 3157 esset
1165 3105 1347 3174 (quod
1372 3105 1764 3176 imperatores
1796 3106 2092 3160 existima-

429 3195 584 3256 rent,
610 3190 658 3244 si
691 3191 955 3263 episcopi
985 3193 1404 3260 retinerentur,
1448 3200 1694 3250 cseteros
1723 3195 2091 3250 Christianos

2190 1985 2269 2048 εῗς
2327 1983 2509 2062 ἕτερον
2572 1984 2868 2055 σπήλαιον,
2931 1981 3134 2039 δέδωκε
3196 1983 3374 2056 μένειν
3429 1981 3558 2037 ἐκεῖ.
3593 1977 3753 2036 Οὕτω
3795 1975 3854 2031 δὲ

2185 2075 2494 2148 ἠγωνίσατο
2522 2073 2599 2136 είς
2656 2073 2854 2146 ἀρετὴν
2893 2117 2908 2143 ,
2965 2073 3042 2136 ὡς
3102 2071 3193 2127 καὶ
3243 2075 3342 2126 τοῦ
3426 2071 3856 2142 θαυματουργεῖν

2186 2164 2483 2233 ἀξιωθῆναι
2519 2205 2532 2222 .
2600 2161 2892 2224 Νεανίσκου
2969 2161 3070 2238 γὰρ
3127 2180 3276 2221 τινος
3311 2157 3560 2234 ’.ἔχοντος
3598 2154 3855 2228 ..δαίμονα

2187 2257 2326 2326 πρὸς
2381 2256 2671 2312 ’Λντώνιον
2731 2253 3008 2321 ἐλθόντος,
3064 2255 3163 2306 τοῦ
3220 2249 3519 2310 Ἀντωνίου
3577 2265 3848 2320 παραχω-

2189 2347 2456 2420 ρήσαντος
2489 2390 2504 2416 ,
2535 2339 2812 2416 ,ἐξέϐαλεν
2872 2341 3032 2398 αὐτόν
3069 2381 3082 2397 .
3146 2340 3250 2397 Καὶ
3313 2337 3448 2412 μετὰ
3500 2341 3672 2396 ταῦτα
3727 2335 3842 2390 ἐτε-

2190 2431 2422 2504 λειώθη.

2757 2559 2842 2632 Τῇ
2894 2558 3034 2631 αὐτῇ
3091 2555 3277 2632 ἡμέρᾳ

2189 2659 2458 2728 Ἀθλησις
2486 2662 2582 2714 τοῦ
2615 2657 2770 2736 ἁγίου
2819 2656 3222 2736 ἶερομσίρτυρος
3249 2651 3529 2709 Διονυσίου
3579 2647 3847 2726 πατριάρ-

2728 2748 2834 2805 χου
2872 2727 3309 2805 ᾊλεξανδρείας.

2262 2840 2322 2896 Ὀ
2345 2837 2396 2893 ἐν
2459 2836 2634 2912 ἁγίοις
2690 2839 2877 2911 Πατὴρ
2935 2840 3098 2910 ἡμῶν
3157 2833 3463 2902 Διονύσιος,
3495 2831 3563 2901 ἦν
3619 2827 3850 2885 ἐπὶτῶν

2193 2929 2410 3004 χρόνων
2463 2927 2828 3004 Οὐαλεριανοῦ
2877 2927 2966 2982 καὶ
3027 2924 3344 2997 Γαλλιηνοῦ
3400 2928 3509 2978 τῶν
3557 2919 3855 2998 βασιλέων,

2195 3022 2449 3094 Διωγμοῦ
2510 3016 2566 3074 δὲ
2621 3016 2934 3087 κινηθέντος
2992 3017 3130 3072 κατᾶ
3179 3019 3288 3071 τῶν
3350 3015 3717 3089 Χριστιανῶν,
3755 3008 3861 3083 μά-

2194 3106 2355 3164 λιστα
2413 3105 2470 3163 δὲ
2549 3109 2684 3163 κατὰ
2761 3111 2869 3162 τῶν
2930 3104 3228 3162 έπισκόπον
3269 3148 3282 3175 ,
3345 3104 3688 3177 νομισάντων
3743 3103 3858 3153 τῶν

2206 3195 2499 3272 βασιλέων,
2533 3198 2617 3252 ὅτι
2649 3195 2736 3251 ἐὰν
2767 3196 2820 3251 ol
2875 3194 3166 3250 ἐπίσκοποι
3223 3189 3665 3269 παρασταλῶσιν,
3698 3187 3868 3244 εὐκό-

431 3277 600 3334 nullo
633 3280 869 3350 negotio
921 3281 1029 3335 sub
1086 3287 1442 3352 potestatem
1502 3285 1789 3356 casuros),
1821 3299 2088 3355 compre-

2204 3271 2316 3348 λως
2373 3285 2502 3348 τοὺς
2554 3283 2786 3347 λοιποὺς
2842 3283 3198 3359 Χριστιανοὺς
3283 3281 3641 3357 ὑποχειρίους
3691 3279 3867 3348 ποιή-

434 3367 662 3423 hensus
695 3367 766 3423 ab
796 3369 1171 3425 Alexandriaa
1189 3371 1467 3441 przefecto
1487 3373 2095 3444 sanctussDionysius,

436 3457 904 3529 compulsusque
927 3458 1224 3514 Christum
1258 3460 1552 3534 abnegare
1576 3467 1634 3517 et
1659 3461 1835 3518 idolis
1866 3463 2094 3518 sacrifi-

441 3563 601 3610 care,
635 3563 769 3602 cum
793 3547 865 3602 ad
891 3548 948 3603 id
980 3548 1182 3604 induci
1213 3549 1384 3621 nulla
1412 3551 1642 3606 ratione
1673 3558 1894 3623 posset,
1916 3553 1978 3607 in
2011 3553 2098 3606 in-

439 3637 721 3691 teriorem
753 3639 1064 3708 Egyptum
1094 3638 1410 3710 relegatur,
1441 3646 1506 3695 ut
1528 3643 1723 3696 omnis
1751 3642 1991 3697 videndi
2021 3641 2096 3696 il-

437 3725 560 3779 lius
590 3725 840 3780 facultas
862 3727 1068 3782 amicis
1099 3728 1446 3784 admiretur.
1472 3731 1595 3796 Quo
1627 3731 1688 3785 in
1720 3731 1929 3786 exsilio
1961 3748 2097 3786 cum

444 3813 562 3867 fide
594 3813 809 3868 Christi
843 3813 917 3868 ad
949 3831 1010 3869 se
1051 3816 1402 3871 accedentes
1449 3817 1716 3874 imbuere
1747 3837 1868 3874 non
1901 3836 2094 3875 cessa-

440 3907 554 3968 ret,
577 3919 698 3958 non
729 3902 1030 3974 lapidibus
1054 3905 1349 3964 solum-ab.
1377 3907 1708 3964 idololatris
1734 3911 2096 3980 petitus,m-

440 3991 667 4061 riisque
701 3997 1134 4050 tormentorum
1156 3997 1487 4067 generibus
1545 4000 1917 4055 excruciatus
1946 4000 2096 4068 fuit;

442 4080 546 4135 sed
578 4081 637 4135 in
671 4081 871 4136 locum
906 4083 1082 4137 etiam
1146 4083 1542 4141 horridiorem
1597 4088 2098 4160 incultioremque

441 4187 650 4224 rursus
684 4170 949 4242 praefecti
973 4172 1148 4244 jussu
1164 4173 1530 4246 deportatur,
1549 4176 1672 4246 ubi,
1701 4179 1976 4250 plurimis
2011 4185 2099 4233 to-

442 4259 648 4315 leratis
681 4261 995 4329 molestiis,
1048 4280 1283 4319 sacrum
1314 4264 1554 4322 demum
1586 4274 1764 4340 caput
1817 4269 2012 4342 gladio
2045 4267 2100 4324 ei

443 4354 810 4422 amputatur.

1099 4470 1322 4533 Eodem
1353 4473 1449 4528 die

451 4556 548 4618 9.]
582 4558 894 4627 ,Certamen
947 4566 1262 4617 sanctorum
1312 4570 1623 4634 martyrum
1658 4567 2098 4628 etdiaconorum

707 4647 856 4717 Gaii,
880 4649 1109 4718 .Fausti,
1124 4652 1368 4708 Eusebii,
1383 4659 1432 4708 et
1463 4654 1832 4712 Cheremonis.

484 4759 486 4768 ι
515 4732 801 4806 Discipuli
829 4735 1158 4794 fuerunthi
1192 4740 1428 4811 diaconi
1455 4748 1514 4799 et
1559 4749 1876 4816 martyres,
1902 4762 2096 4802 sacro-

443 4824 633 4880 sancti
666 4826 956 4895 martyris.
971 4827 1234 4900 Dionysii
1255 4846 1277 4888 ε,
1293 4835 1353 4886 et
1369 4832 1548 4888 Gaius
1569 4833 1834 4904 quidem,
1863 4852 1930 4890 ac
1951 4837 2096 4892 Fau-

445 4917 570 4968 stus
599 4914 792 4969 exsilii
814 4915 978 4972 illius
1001 4918 1269 4989 comites,
1301 4926 1437 4991 post
1465 4923 1686 4978 multos
1715 4925 2015 4985 cruciatus
2037 4929 2096 4980 et

443 5017 745 5060 aarumnas
768 5006 1052 5075 martyrio
1074 5005 1340 5064 defuncti
1368 5016 1525 5068 sunt.
1553 5013 1845 5078 Eusebius
1873 5020 2092 5083 autem,

445 5095 505 5145 et
523 5091 894 5161 Chaeremon,
915 5100 1232 5165 postquam
1254 5099 1864 5170 magisteretantistes
1887 5121 2094 5164 eorum

441 5177 762 5236 damnatus
782 5181 990 5236 exsilio
1017 5188 1128 5251 est,
1159 5183 1359 5242 divina
1386 5188 1574 5260 adjuti
1594 5191 1826 5261 virtute,
1862 5211 1962 5249 eos
1991 5195 2092 5265 qui

438 5269 502 5324 in
525 5269 776 5325 vinculis
799 5275 990 5338 erant,
1012 5278 1249 5331 sanctos
1271 5276 1534 5348 adibant,
1561 5280 1766 5352 eisque
1790 5284 2094 5339 ministra-

437 5357 585 5413 bant
618 5375 630 5412 :
663 5366 1010 5416 sanctorum
1041 5363 1220 5420 etiam
1245 5373 1572 5439 martyrum
1603 5371 1890 5442 reliquias
1919 5373 2093 5430 colli-

439 5451 648 5517 gentes
681 5448 1052 5520 sepeliebant
1074 5457 1426 5525 ratque-uita
1453 5461 1774 5529 perstitere.
1799 5479 1986 5533 usque
2013 5465 2092 5520 ad

442 5534 602 5592 Decli
635 5537 1010 5609 imperatoris
1041 5545 1332 5615 tempora,
1363 5563 1740 5620 nequaquam
1767 5568 1834 5607 se
1865 5553 2091 5609 subdu-

442 5629 666 5715 centes,
691 5627 794 5682 sed
823 5630 1084 5686 maxima
1099 5631 1397 5690 Christum
1421 5636 1694 5694 libertate
1712 5642 2089 5715 conﬁtentes,

441 5713 882 5787 salutaremque
903 5719 1066 5774 illius
1087 5721 1564 5781 incarnationem
1585 5729 1862 5786 omnibus
1883 5713 2094 5804 przedi;

2202 3391 2375 3429 O’OUO’I‘
2444 3375 2720 3447 κρατήσας
2777 3374 2805 3427 6
2862 3379 2962 3443 τῆς
3034 3368 3451 3445 Ἀλεξανδρείας
3508 3369 3699 3444 ἄρχων
3753 3367 3856 3421 τὸν

2201 3461 2354 3540 ἅγιον
2415 3462 2744 3534 Διονύσιον,
2795 3463 2880 3517 καὶ
2944 3459 3132 3516 πολλὰ
3185 3462 3625 3536 καταναγκάσας,
3685 3458 3864 3530 ἀρνή-

2202 3554 2388 3608 σασθαι
2419 3553 2512 3624 μὲν
2555 3552 2647 3606 τὸν
2700 3552 2950 3626 Χριστὸν,
3007 3553 3161 3606 θῦσαι
3215 3547 3272 3604 δὲ
3302 3555 3418 3611 τοῖς
3451 3545 3729 3616 εἰδώλοις,
3761 3546 3855 3600 καὶ

2205 3643 2281 3715 μή
2341 3641 2553 3712 πείσας,
2589 3640 2863 3715 ,ἐξώρισεν
2927 3640 3004 3699 εἰς
3061 3642 3160 3709 τὴν
3219 3637 3500 3715 ἐνδοτέραν
3560 3637 3858 3710 Λῖγυπτον,

2200 3731 2502 3808 προστᾶξας
2541 3731 2617 3802 μή
2650 3729 2944 3806 βλέπεσθαι
3004 3729 3163 3784 αὐτὸν
3226 3727 3329 3783 ὑπό
3358 3749 3505 3788 τινος
3533 3731 3641 3782 τῶν
3675 3723 3857 3803 φίλων

2201 3822 2389 3876 αὑτοῦ.
2423 3817 2711 3884 Ἀπελθὼν
2741 3817 2831 3874 ξ’δὶ
2883 3819 3089 3888 εῗςτὴν
3133 3818 3380 3892 λέξορίαν,
3440 3817 3532 3872 καὶ
3586 3814 3860 3872 διδάσκων

2182 3913 2300 3980 -τήν
2329 3914 2427 3966 τοῦ
2459 3911 2696 3981 Χριστοῦ
2732 3911 2928 3972 ,πίστιν
2966 3908 3114 3971 ⁴τοὺς
3172 3907 3863 3983 προσερχομένορςραύτῷ,

2201 4001 2264 4056 οὐ
2327 3999 2492 4072 μόνον
2552 3997 2810 4068 ἐλιθάσθη
2863 3999 3173 4074 παρα-τῶν
3231 3995 3655 4070 εἷδωλολατρῶν
3691 4043 3706 4065 ,
3767 3996 3866 4049 καὶ

2201 4089 2480 4166 διαφόρως
2529 4082 2855 4157 έδασανίσθη
2890 4133 2905 4159 ,
2963 4085 3092 4142 ἀλλ’
3177 4085 3439 4160 ἰξωρίσθη
3498 4083 3663 4140 πάλιν
3714 4083 3870 4150 παρὰ

2198 4183 2295 4234 τοῦ
2343 4175 2621 4253 ἄρχοντος
2672 4175 2749 4244 εἷς
2798 4175 3136 4250 τραχύτερον
3193 4176 3359 4230 τόπον
3413 4173 3504 4231 καὶ
3553 4173 3810 4244 ἀοίκητον
3847 4217 3864 4232 .

2199 4270 2365 4334 ΙἘνθτιι
2422 4264 2673 4330 πολλοὺς
2744 4264 3084 4340 πειρασμοὺς
3139 4264 3438 4338 ὑπομείνας
3473 4308 3487 4335 ,
3546 4263 3707 4332 τέλος
3758 4263 3867 4332 τὴν

2201 4359 2349 4434 ἱερὰν
2375 4357 2542 4413 αὐτοῦ
2569 4354 2814 4431 κεφαλὴν
2850 4353 2940 4409 διὰ
2969 4354 3155 4432 ξίφους
3183 4355 3499 4428 ἀπετμήθη.

2799 4486 2884 4559 τῇ
2915 4484 3056 4554 αὐτῇ
3088 4485 3273 4560 ἡμέρᾳ

2203 4575 2469 4647 Ἀθλησις
2494 4579 2604 4650 τῶν
2653 4574 2838 4650 ἁγίων-
2857 4574 3145 4650 μαρτύρων
3200 4583 3290 4650 καί
3348 4571 3642 4650 δίακόνων,
3674 4571 3864 4646 Γαΐου,

2464 4647 2739 4717 Φαύστου,
2775 4647 3057 4718 Εὐσεῦίου,
3097 4649 3186 4704 καὶ
3208 4649 3397 4722 ,Χαιρή
3407 4667 3596 4721 μονος.

2257 4753 2525 4824 Μαθηταὶ
2581 4755 2837 4830 ὑπῆρχον
2887 4754 3037 4812 οὗτοι
3092 4757 3144 4811 οἱ
3201 4753 3444 4810 διάκονοι
3508 4753 3598 4809 καὶ
3655 4753 3864 4828 μάρτυ-

2205 4864 2294 4920 ρες
2346 4847 2447 4898 τοῦ
2502 4843 2659 4919 ἁγίου
2711 4844 3106 4920 ἱερομάρτυρος
3153 4843 3456 4900 Διονυσίου.
3503 4842 3620 4899 ’Καὶ
3678 4843 3706 4897 6
3761 4842 3860 4915 μὲν

2201 4934 2362 4995 Γάϊος
2419 4933 2507 4988 καὶ
2567 4934 2596 4988 6
2645 4937 2904 4996 Φαῦστος
2978 4932 3070 4988 σὺν
3129 4937 3280 5006 αὐτῷ
3335 4932 3720 5009 ἐξορισθέντες,
3767 4930 3863 4986 καὶ

2200 5022 2389 5078 πολλὰ
2449 5019 2884 5096 βασανισθέντες,
2934 5022 3023 5078 καὶ
3069 5020 3622 5097 ταλαιπωρηθέντες,
3652 5019 3715 5075 τὸ
3774 5017 3869 5075 διὰ

2205 5111 2503 5186 μαρτυρίου
2559 5111 2724 5174 τέλος
2796 5111 3045 5186 ἰγέεαντο
3079 5155 3094 5170 .
3151 5113 3214 5170 Ὀ
3269 5109 3328 5167 δὲ
3379 5106 3644 5178 Εὐσέϐιος
3692 5110 3780 5164 καὶ
3833 5109 3868 5165 ὁ

2201 5203 2504 5276 Χαιρήμων
2541 5245 2555 5272 ,
2618 5202 2755 5274 μετά
2808 5202 2910 5270 τήν
2977 5205 3076 5256 τοῦ
3153 5198 3716 5256 διδαηάλουιαῦτῶν
3771 5199 3870 5254 καὶ

2201 5291 2505 5367 ἀρχιερέως
2563 5289 2771 5364 ἐξορίαν
2809 5335 2822 5358 ,
2889 5291 2993 5345 ὑπὸ
3033 5295 3186 5346 ιΘεοῦ
3258 5288 3664 5363 δυναμωθέντες
3700 5333 3713 5357 ,
3769 5288 3869 5343 καὶ

2199 5377 2421 5440 τοῦςέν
2476 5375 2748 5456 φυλακαῖς
2802 5379 2989 5454 ἁγίους
3045 5379 3520 5452 ὶπισκεπτόμενοι,
3578 5378 3669 5435 καὶ
3703 5390 3863 5454 etpa-

2201 5467 2714 5538 πεύοντεςνκαὶςτά
2745 5471 2874 5523 τῶν
2933 5469 3103 5544 ἁγίων
3167 5467 3455 5545 μαρτύρων
3502 5467 3733 5543 λείψανα
3760 5487 3858 5521 περ

2202 5553 2578 5633 ριστέλλοντες
2655 5557 2748 5612 καὶ
2793 5556 3116 5623 ληθάπτοντες
3147 5601 3164 5631 ,
3225 5556 3538 5634 ιδιήρκισαν
3589 5557 3861 5627 ἓως-τῆς

2204 5644 2482 5723 βασιλείας
2537 5645 2748 5716 Δεκίου,
2821 5647 2898 5720 μὴ
2953 5645 3853 5721 ὑποστελλόμενοιέτὸισόνολον,

2200 5733 2348 5792 ἀλλὰ
2400 5732 2677 5812 παρρησίᾳ
2726 5734 3131 5812 ὁμολογοῦντες
3185 5738 3278 5794 τὸν
3307 5736 3724 5818 ,ομξρισττὸνμκαὶ
3753 5737 3856 5807 τὴν
