4142 6472
385 381 459 443 91
1711 383 2145 448 MENOLOGlI
2186 384 2394 447 PARS
2439 387 2492 446 I.
3727 385 3806 444 92

389 527 504 580 que
533 511 820 583 gestabat,
854 513 1174 585 herbisque
1215 531 1321 586 pro
1354 515 1485 572 cibo
1517 521 1712 588 utens,
1747 533 1895 589 quas
1926 516 2039 572 tel-

2164 513 2298 590 φὲων
2354 515 2545 577 νυκτὸς
2601 515 2693 570 καὶ
2759 516 2993 591 ἡμέρας,
3046 512 3140 569 xii
3192 512 3526 590 τρεφόμενος
3585 513 3646 568 ἐκ
3697 516 3804 568 τῶν

387 599 482 654 lus
516 607 724 671 sponte
761 619 868 658 sua
895 602 1144 658 ferebat.
1177 603 1336 661 Vixit
1363 611 1563 661 autem
1591 623 1783 677 usque
1823 607 1896 662 ad
1922 611 2038 660 An-

391 689 538 742 tonii
570 691 760 762 Magni
793 693 1120 748 certamina
1152 695 1254 764 qui
1285 711 1418 749 cum
1451 695 1770 766 aliquando
1804 695 2041 761 sedens,

385 777 602 833 fratres
626 780 795 834 utilia
825 782 1039 836 animae
1071 782 1248 838 verba
1297 783 1558 850 doceret,
1618 784 1763 838 vidit
1808 785 2042 839 beatam

391 871 579 922 Amun
602 869 864 923 animam
888 887 917 924 e
941 887 1188 941 corpore
1208 889 1528 944 egressam,
1557 873 1904 945 angelorum
1925 890 2043 928 ma-

390 958 566 1012 nibus
597 958 657 1012 in
689 960 901 1014 caelum
927 963 1157 1016 efferri:
1183 968 1241 1016 et
1263 963 1461 1017 statim
1495 980 1835 1035 exsurgens,
1863 965 2043 1018 Deum

389 1045 778 1117 gloriﬁcabat.
815 1052 1068 1121 Rogatus
1126 1058 1324 1106 autem
1357 1053 1429 1107 ab
1488 1053 1562 1107 iis
1617 1054 1716 1124 qui
1775 1053 2040 1121 aderant,

396 1135 556 1205 quod
589 1136 833 1207 viderat,
860 1138 1160 1196 indicavit.
1195 1141 1286 1194 Illi
1318 1141 1496 1213 igitur
1526 1147 1730 1197 notata
1756 1143 2042 1213 horapro-

388 1224 529 1278 fecti
559 1225 621 1279 in
655 1228 982 1298 .‘Egyptum,
1013 1234 1146 1300 post
1176 1229 1384 1285 decem
1416 1230 1541 1286 dies
1565 1247 1928 1302 comperere,
1953 1247 2044 1286 ea-

393 1313 529 1366 dem
560 1313 727 1380 hora,
754 1331 872 1384 qua
920 1315 1149 1372 dixerat
1178 1319 1491 1385 Antonius,
1527 1325 1798 1374 sanctum
1829 1321 2043 1374 Amum

397 1401 813 1461 obdormiisse.

949 1676 1189 1731 EODEM
1239 1677 1490 1732 MENSE.

1055 1765 1155 1819 Die
1187 1766 1396 1836 quinta

531 1849 630 1904 95
667 1851 949 1906 Certamen
978 1860 1180 1908 sanctae
1211 1857 1472 1924 martyris
1511 1855 1905 1910 Mamelchthae.

467 1938 1041 1996 SanctaMamelchta
1055 1958 1124 1996 ex
1140 1942 1383 1997 Perside
1408 1942 1539 2010 fuit,
1565 1943 1772 2015 templi
1797 1943 2041 2014 quidem

391 2027 591 2080 Diana;
625 2028 918 2095 sacerdos,
942 2030 1045 2084 sed
1078 2047 1341 2086 sororem
1364 2032 1762 2087 Christianam
1792 2032 2041 2089 habens.

390 2115 532 2169 Cum
566 2121 765 2172 autem
806 2119 866 2173 in
917 2121 1143 2175 somnis
1176 2121 1419 2176 vidisset
1470 2123 1748 2195 angelum
1800 2124 1900 2178 Dei
1933 2123 2044 2177 sibi

388 2205 857 2261 Christianorum
873 2210 1154 2278 mysteria
1174 2210 1610 2282 ostendentem,
1633 2213 1887 2268 excitata
1909 2229 2040 2267 cum

390 2298 617 2348 terrore
646 2295 718 2349 de
752 2313 983 2363 somno,
1018 2316 1144 2353 rem
1177 2317 1415 2355 omnem
1474 2303 1661 2356 sorori
1712 2302 1984 2374 aperuit:
2013 2318 2048 2356 a

394 2399 511 2452 qua
531 2383 604 2438 ad
628 2384 972 2457 epis00pum
994 2387 1328 2445 adducitur.
1349 2391 1674 2463 Episcopus
1696 2409 1854 2456 vero,
1877 2391 2048 2447 intel-

392 2471 546 2527 lecto
578 2474 820 2529 visionis
854 2477 1142 2547 symbolo.
1178 2480 1593 2546 Christianam,
1627 2482 1845 2553 inquit,
1871 2498 2048 2552 opor-

393 2565 478 2615 tet
508 2565 565 2615 te
598 2562 748 2620 ﬁeri.
789 2564 1118 2636 Statimque
1151 2567 1338 2635 illam,
1398 2570 1617 2625 sororis
1667 2571 1942 2625 manibus
1973 2570 2046 2624 de

395 2667 562 2706 sacro
575 2653 741 2709 fonte
765 2661 1122 2727 susceptam,
1151 2657 1480 2729 baptizavit.
1499 2661 1688 2724 Quare
1711 2659 2046 2715 vehementi

394 2739 594 2796 furore
626 2744 880 2815 correpti
928 2746 1202 2817 gentiles,
1258 2748 1463 2803 multis
1495 2749 1892 2804 excruziatam
1927 2755 2049 2802 tor-

402 2830 642 2899 mentis,
676 2831 1094 2905 lapidibusque
1132 2835 1404 2892 obrutam
1437 2837 1809 2906 interfecere,
1844 2837 2046 2909 splen—

396 2921 535 2976 dida
565 2921 759 2977 adhuc
791 2925 941 2978 sacri
961 2924 1333 2996 baptismatis
1355 2933 1512 2983 veste
1545 2928 1836 2996 indutam,
1870 2933 2048 2999 atque

393 3010 454 3064 in
488 3010 1024 3081 profundissimum
1064 3015 1262 3071 lacum
1295 3016 1631 3072 demersere
1659 3034 1670 3072 :
1704 3018 1861 3072 unde
1893 3019 1985 3072 vix
2015 3033 2050 3072 a

395 3098 748 3155 Christianis
771 3107 1033 3158 extracta
1065 3109 1171 3157 est.
1206 3105 1367 3158 Adiit
1388 3111 1585 3161 autem
1617 3109 1933 3162 Persarum
1965 3121 2045 3160 re-

390 3204 523 3259 gem
570 3190 905 3262 episcOpus,
965 3193 1441 3264 impetravitque,
1475 3200 1562 3261 ut,
1611 3211 1814 3250 everso
1849 3195 2048 3251 Dianaa

392 3276 640 3347 templo,
676 3279 987 3335 ecclesiam
1021 3288 1240 3337 sanctas
1285 3284 1563 3356 martyris
1619 3285 1862 3340 nomine
1894 3284 2048 3339 exci-

394 3373 591 3422 taret:
623 3370 780 3440 quod
830 3388 963 3426 cum
1005 3371 1380 3444 aedificasset,
1425 3375 1716 3447 pretiosas
1749 3377 1876 3449 ejus
1907 3377 2050 3432 reli-

398 3473 544 3527 quas
575 3457 655 3512 ibi
688 3458 981 3531 deposuit,

1050 3553 1270 3609 Eodem
1303 3554 1398 3610 die

538 3637 641 3692 96
673 3639 956 3695 Certamen
992 3649 1204 3700 sancta:
1253 3647 1522 3715 martyris
1569 3645 1869 3700 Charitina?
1895 3688 1908 3702 .

472 3725 774 3782 Charitina
804 3729 1020 3784 Christi
1049 3748 1252 3802 maryr
1278 3732 1390 3786 fuit
1418 3734 1788 3804 temporibus
1818 3734 2054 3789 Diocle-

395 3813 543 3869 tiani
576 3813 977 3885 imperatoris,
1003 3823 1062 3873 et
1083 3820 1321 3874 Domitii
1347 3821 1605 3887 comitis,
1627 3839 1796 3877 serva
1825 3823 2054 3877 Claudii

401 3902 715 3973 cujusdam
743 3921 755 3958 :
801 3905 872 3959 de
899 3923 1017 3976 qua
1046 3924 1181 3962 cum
1213 3908 1288 3963 ad
1317 3909 1598 3964 comitem
1629 3927 1834 3966 rumor
1860 3912 2053 3967 venis-

403 3997 512 4058 set,
575 3994 815 4064 scripsit
861 3995 958 4050 hic
995 3995 1069 4050 ad
1125 3996 1289 4052 illius
1348 3997 1678 4068 dominum,
1706 4006 1772 4054 ut
1802 4017 1872 4056 ea
1890 4001 1964 4056 ad
1993 4017 2054 4056 se

404 4081 761 4150 mitteretur,
786 4089 1104 4154 propterea
1133 4085 1291 4156 quod
1325 4085 1396 4141 de
1430 4103 1499 4142 ea
1553 4093 1839 4159 tanquam
1884 4091 2056 4146 Chri-

403 4169 597 4224 stiana
621 4171 826 4226 haberi
850 4173 1243 4243 quaestionem
1265 4181 1584 4247 oporteret.
1610 4179 1755 4233 Tum
1777 4178 2058 4234 dominus

403 4275 658 4314 maerore
701 4261 950 4316 affectus
979 4267 1038 4316 et
1065 4279 1236 4319 sacco
1291 4264 1556 4332 indutus,
1615 4271 1836 4322 sortem
1895 4267 2058 4324 illius

407 4346 772 4418 deplorabat.
797 4348 905 4404 Illa
924 4367 1059 4405 vero
1077 4349 1387 4408 dominum
1411 4369 1585 4408 suum
1607 4355 2057 4411 consolabatur:

407 4438 488 4492 Ne
510 4442 564 4491 te
586 4437 859 4507 afﬂictes,
875 4439 1434 4511 inquiens,domine
1457 4442 1538 4497 mi
1569 4459 1582 4497 :
1607 4459 1711 4515 ego
1737 4444 1896 4499 enim
1919 4445 2059 4500 reli-

407 4527 578 4596 quias
610 4544 773 4584 meas
803 4546 909 4599 pro
940 4531 1090 4585 meis
1122 4531 1358 4602 tuisque
1389 4534 1649 4602 peccatis
1679 4533 1930 4589 tradam.
1955 4534 2061 4590 Cui

2077 1884 2123 1949 B

2151 604 2437 680 φυομένων
2474 605 2740 679 βοτανῶν.
2777 605 3033 678 Διήρκεσε
3064 602 3122 659 δὶ
3172 604 3206 673 ἡ
3258 605 3371 672 ζωὴ
3432 604 3600 658 αὐτοῦ
3635 604 3805 677 μέχρι

2148 696 2258 745 τῶν
2283 691 2538 765 ἀγνώνων
2571 697 2666 748 τοῦ
2697 691 2954 768 Μεγάλου
3014 693 3328 750 Ἀντωνίου·
3390 692 3440 763 ἐξ
3496 691 3557 746 οὗ
3587 693 3679 747 καὶ
3706 698 3808 760 τῆς

2153 781 2418 856 μακαρίας
2452 785 2638 857 ψυχῆς
2693 787 2789 838 τοῦ
2837 787 3042 855 Ἀμοῦν
3093 787 3190 836 τοῦ
3248 784 3501 853 σώματος
3559 780 3804 854 ἐξελθού-

2149 890 2270 938 σης,
2327 872 2416 924 καὶ
2476 873 2611 945 πρὸς
2669 872 2894 948 οὐρανὸν
2957 873 3386 946 ἀναφερομένης,
3443 867 3806 942 καθεζόμενος

2151 958 2179 1012 ὁ
2213 959 2364 1034 ἅγιος
2397 961 2704 1030 Ἀντώνιος,
2737 962 2825 1016 καὶ
2879 957 3145 1015 διδάσκων
3206 962 3354 1022 τινὰς
3413 965 3520 1015 τῶν
3553 959 3807 1032 ἀδελφῶν

2150 1047 2460 1121 ψυχωφελῆ
2497 1047 2738 1124 ῥήματα,
2779 1047 2909 1104 ἰδὼν
2969 1051 3067 1119 τὴν
3127 1051 3337 1124 ψυχὴν,
3369 1047 3620 1126 ἐξαίφνης
3681 1047 3810 1102 ἀνα-

2151 1138 2296 1204 στὰς,
2352 1131 2578 1192 ἔϐλεπεν
2666 1137 2831 1206 αὐτὴν
2919 1137 3318 1215 ὀφικευομένην
3383 1139 3485 1192 ὑπὸ
3561 1135 3806 1212 ἀγγέλων

2150 1225 2240 1277 καὶ
2291 1222 2506 1295 ἐδόξαζε
2545 1227 2636 1281 τὸν
2672 1228 2822 1284 Θεόν.
2887 1229 3288 1303 Ἐρωτήσαντες
3335 1225 3392 1282 δὲ
3441 1228 3493 1281 οἱ
3519 1225 3806 1300 παρόντες,

2152 1311 2241 1366 καὶ
2297 1311 2557 1386 μαθόντες
2607 1316 2669 1370 τὸ
2717 1320 2962 1392 πρᾶγμα,
2996 1311 3312 1392 ἠκρίϐωσαν
3365 1317 3465 1386 τὴν
3518 1313 3687 1390 ὥραν⁹
3717 1313 3811 1368 καὶ

2153 1403 2474 1468 ἀπελθόντες
2531 1405 2605 1468 εἷς
2658 1403 2935 1481 Αἴγυπτον
2971 1451 2984 1476 ,
3064 1409 3199 1480 μετὰ
3255 1404 3486 1477 δεκάτην
3545 1407 3755 1482 ἡμέραν
3795 1449 3812 1476 ,

2155 1489 2333 1567 εὗρον,
2365 1494 2448 1548 ὅτι
2481 1493 2752 1568 ἐκοιμήθη
2789 1497 2816 1551 ὁ
2849 1495 3001 1572 ἅγιος
3031 1497 3234 1570 Ἀμοῦν
3291 1497 3408 1551 κατ’
3463 1493 3676 1565 ἐκείνην
3706 1495 3811 1562 τὴν

2154 1580 2320 1654 ὥραν,
2354 1583 2420 1653 ἢν
2454 1584 2601 1638 εἶπεν
2635 1585 2947 1647 Ἀντώνιος.

2706 1674 2888 1730 MUNI
2918 1676 3011 1752 T9
3047 1677 3245 1755 ΑΥΤᾳ.

2296 1847 2568 1919 Ἀθλησις
2605 1858 2705 1921 τῆς
2744 1851 2898 1926 ἁγίας
2963 1852 3234 1927 μάρτυρος
3292 1850 3663 1926 Μαμὲλχθης.

2228 1939 2293 1993 Ἡ
2380 1939 2507 2014 ἁγία
2592 1943 2872 2016 Μαμὲχθα
2957 1942 3176 2016 ὑπῆρχε
3255 1942 3347 2014 μὲν
3410 1941 3469 1996 ἐκ
3526 1937 3810 2014 Περσίδος,

2159 2026 2328 2102 ίέρεια
2385 2025 2442 2081 δὲ
2469 2033 2567 2083 τοῦ
2599 2034 2729 2083 ναοῦ
2785 2028 3131 2106 Ἀρτέμιδος,
3192 2027 3395 2105 ἔχουσα
3424 2030 3514 2084 καὶ
3563 2027 3809 2106 ἀδελφὴν

2158 2119 2516 2189 Χριστιανήν.
2575 2122 2968 2194 Κατενεχθεῖσα
3017 2117 3074 2175 δὲ
3104 2119 3180 2181 εἶς
3212 2119 3401 2189 ὕπτον,
3457 2117 3592 2174 εἶδεν
3647 2117 3814 2195 ἅγγε-

2161 2217 2256 2259 Λον
2291 2205 2424 2261 Θεοῦ
2456 2203 2764 2262 δεικνύοντα
2813 2208 2947 2282 αὐτῇ
2997 2209 3063 2264 τὰ
3123 2210 3395 2284 μυστήρια
3424 2212 3531 2261 τῶν
3567 2211 3820 2276 Χριστια-

2159 2299 2292 2352 νῶν.
2363 2295 2459 2349 Καὶ
2493 2297 2761 2352 ἀναστᾶσα
2818 2293 3083 2375 ἔμφοϐος,
3147 2296 3418 2371 διηγεῖται
3468 2299 3535 2368 τῇ
3576 2291 3815 2370 ἀδελφῇ.

2159 2380 2311 2438 Ἡδὲ
2360 2380 2478 2457 ἄγει
2532 2385 2698 2454 αὐτὴν
2755 2387 2890 2462 πρὸς
2935 2387 3027 2441 τὸν
3088 2385 3405 2442 ἐπίσκοπον.
3468 2385 3562 2439 Καὶ
3627 2384 3816 2456 μαθὼν

2160 2471 2454 2535 ἐπίσκοπος
2486 2475 2554 2528 τὰ
2599 2482 2698 2544 τῆς
2756 2475 3014 2538 ἀπτασίας
3071 2476 3215 2530 εἶπεν
3276 2475 3436 2548 αὐτῇ,
3493 2473 3575 2528 ὅτι
3638 2472 3817 2544 Ὀφεί-

2159 2561 2276 2638 λεις
2332 2563 2632 2636 Χριστιανή
2691 2563 2957 2638 γενέσθαι·
3012 2565 3078 2635 ἢν
3138 2563 3335 2626 εύθὲως
3395 2558 3670 2628 ἐϐάπτισε,
3725 2562 3820 2616 καὶ

2159 2634 2588 2721 ἐδέξατο-αὐτήν
2641 2634 2846 2721 ὴνίδία
2902 2651 3110 2731 ἀδελφή
3144 2699 3156 2710 .
3230 2654 3388 2716 Ὅθεν
3452 2653 3703 2725 μανέντες
3762 2651 3819 2704 οἱ

2159 2737 2473 2810 ”Ελληνες,
2542 2739 2955 2813 ἐτιμωρήσαντο
3015 2743 3209 2812 αὐτὴν,
3265 2743 3355 2796 καὶ
3413 2741 3727 2796 ἀπέκτειναν
3760 2739 3816 2794 ἐν

2161 2825 2356 2894 λίθοις,
2391 2825 2468 2883 ἔτι
2517 2829 2582 2882 τὰ
2611 2831 2861 2904 ἐμφώτια
2904 2835 2999 2885 τοῦ
3031 2831 3192 2905 ἁγίου
3254 2829 3627 2906 βαπτίσματος
3656 2849 3815 2904 περι-

2160 2913 2531 2991 ϐεϐλημένην.
2582 2920 2685 2976 Καὶ
2742 2916 2964 2996 ἕρῥιψαν
3015 2922 3090 2984 είς
3148 2920 3351 2976 λάκκον
3406 2919 3726 2992 βαθύτατον
3761 2918 3815 2989 ἐξ

2161 3006 2222 3062 οῦ
2271 3009 2584 3083 Χριστιανοὶ
2637 3007 2803 3081 μόλις
2855 3010 3020 3078 αὐτὴν
3063 3010 3356 3084 ἀνήγαγον.
3394 3008 3718 3084 Προσελθὼν
3754 3005 3815 3062 δὲ

2158 3102 2237 3168 τῷ
2272 3096 2486 3171 βασιλεῖ
2531 3103 2638 3161 τῶν
2701 3104 2918 3172 Περσῶν
2976 3100 3003 3153 ὁ
3038 3100 3353 3169 ἐπισκοπος⁷
3413 3099 3500 3153 καὶ
3561 3097 3812 3168 αἰτήσας,

2161 3181 2352 3240 ἔλαϐεν
2405 3185 2646 3255 ἐξουσίαν
2701 3191 2798 3240 τοῦ
2857 3191 3154 3242 καταλῦσαι
3219 3189 3311 3261 μὶν
3369 3188 3462 3242 τὸν
3534 3187 3660 3241 ναὸν
3713 3193 3816 3255 τῆς

2161 3269 2496 3350 Αρτέμιδος,
2551 3273 2916 3349 οἲκοδομῆσαι
2966 3275 3024 3331 δὲ
3077 3275 3368 3346 ἐκκλησίαν
3429 3274 3518 3330 ἐπ’
3575 3275 3813 3348 ὀνόματι

2153 3371 2254 3434 τῆς
2307 3365 2492 3439 Ἀγίας
2550 3365 2846 3441 μάρτυρος·
2907 3367 2973 3436 ἣν
3031 3366 3123 3420 καὶ
3180 3366 3390 3436 κτίσας,
3453 3365 3504 3421 ἐν
3559 3365 3708 3437 αὐτῷ
3744 3366 3810 3419 τὸ

2152 3454 2341 3527 τίμιον
2374 3453 2541 3520 αὐτῆς
2563 3453 2787 3510 ἀπέθετο
2821 3454 3096 3530 λείψανον.

2738 3547 2822 3618 Τῇ
2865 3543 3002 3617 αὖτῇ
3044 3545 3229 3621 ἡμέρᾳ

2371 3631 2644 3704 ’Ᾱθλησις
2675 3635 2772 3702 τῆς
2793 3633 2950 3708 ἁγίας
2985 3633 3258 3710 μάρτυρος
3289 3632 3600 3707 Χαριτίνης.

2228 3721 2293 3778 ἹΙ
2351 3722 2557 3795 μάρτυς
2612 3727 2709 3777 τοῦ
2774 3725 3008 3798 Χριστοῦ
3063 3723 3351 3799 Χαριτίνη,
3417 3725 3665 3798 ὑπῆρχεν
3723 3720 3818 3776 ἐπὶ

2159 3809 2553 3880 Διοκλητιανοῦ
2582 3815 2677 3865 τοῦ
2722 3809 3012 3885 βασιλέως,
3071 3812 3163 3867 καὶ
3223 3809 3488 3884 Δομετίου
3544 3811 3816 3883 κόμητος,

2160 3897 2334 3970 δούλη
2369 3900 2501 3954 οὖσα
2532 3897 2812 3956 Κλαυδίου
2867 3902 3038 3964 τινός.
3091 3900 3223 3976 Περὶ
3266 3901 3336 3970 ἧς
3368 3901 3396 3955 ὁ
3426 3900 3610 3974 κόμης
3639 3898 3818 3955 ἀκού-

2159 4012 2276 4061 σας,
2300 3990 2493 4068 γράφει
2541 3995 2620 4062 τῷ
2669 3991 2841 4067 κυρίῳ
2893 3992 3062 4062 αὐτῆς
3113 3991 3434 4047 ἀποστεῖλαι
3485 3992 3624 4066 πρὸς
3654 3990 3819 4046 αὐτὸν

2159 4080 2327 4150 αὐτὴν
2379 4081 2456 4144 είς
2513 4080 2745 4152 ἐξέτασιν
2801 4082 2876 4144 ὠς
2935 4083 3266 4158 Χριστιανήν
3327 4079 3697 4157 ὑπάρχουσαν.
3756 4081 3822 4138 Ὁ

2163 4166 2222 4224 δὲ
2278 4171 2466 4243 κύριος
2552 4169 2721 4240 αὐτῆς
2784 4169 3049 4241 λυπηθεὶς
3080 4215 3094 4242 ,
3180 4169 3377 4225 σάκκον
3462 4166 3823 4242 ἐνδυσάμενος

2163 4261 2375 4334 ἐθρήνει
2409 4260 2599 4330 αὐτήν.
2656 4262 2719 4316 Ἠ
2777 4258 2836 4316 δὲ
2890 4263 3256 4336 παρεμυθεῖτο
3315 4259 3499 4333 αὐτὸν,
3558 4257 3823 4333 λέγουσαο

2165 4349 2254 4416 Μὴ
2288 4346 2486 4418 λυποῦ,
2546 4347 2708 4423 χύριὲ
2769 4371 2894 4422 μου.
2948 4350 3032 4406 Τὰ
3086 4350 3188 4425 γὰρ
3240 4347 3471 4423 λείψανά
3503 4369 3632 4421 μου,
3686 4348 3824 4423 ὑπὲρ

2163 4439 2272 4490 τῶν
2305 4434 2452 4508 ἐμῶν
2494 4435 2584 4491 καὶ
2637 4441 2745 4491 τῶν
2800 4441 2906 4492 σῶν
2964 4437 3424 4511 παραπτωμάτων
3485 4436 3710 4511 δίδωμι,
3757 4439 3828 4498 Ὀ

2168 4523 2227 4580 δὲ
2283 4527 2452 4580 εἶπεν
2515 4526 2777 4599 Μέμνησό
2838 4548 2947 4599 μου
3006 4527 3094 4582 ἐπὶ
3149 4531 3246 4583 τοῦ
3301 4528 3625 4604 ἐπουρανίου
3668 4533 3828 4604 βασι-

403 4615 546 4670 ille:
579 4617 872 4672 Memento
904 4620 1020 4673 mei
1064 4619 1220 4690 apud
1279 4621 1581 4676 caelestem
1622 4639 1842 4694 regem.
1873 4624 2050 4695 Igitur

2167 4613 2336 4677 λὲως.
2396 4615 2530 4670 Τότε
2581 4613 2864 4686 ἀπεστάλη
2923 4620 3004 4688 τῷ
3059 4617 3288 4690 κόμητι·
3347 4617 3436 4672 καὶ
3490 4621 3822 4693 Χριπιανήν

407 4706 592 4762 missa
622 4707 696 4762 ad
725 4709 1026 4777 comitem,
1068 4727 1250 4781 seque
1279 4712 1472 4782 ipsam
1501 4713 1894 4769 Christianam
1924 4731 2064 4785 pro-

405 4795 583 4864 fessa,
635 4797 892 4867 primum
943 4800 1134 4870 capite
1183 4817 1338 4867 raso,
1402 4805 1460 4855 et
1506 4801 1742 4856 cadenti
1799 4802 2054 4858 carbone

406 4901 764 4956 conspersa;
801 4886 1016 4943 deinde
1042 4889 1270 4961 ingenti
1293 4906 1323 4944 e
1357 4889 1510 4944 collo
1543 4893 1670 4961 ejus
1687 4907 1950 4962 appenso
1972 4892 2060 4946 la-

408 4975 568 5045 pide,
601 4975 663 5030 in
687 4993 848 5032 mare
881 4978 1174 5046 demersa,
1209 4995 1425 5049 aquam
1448 4980 1628 5035 maris
1650 4998 1756 5052 pro
1773 4981 2064 5053 baptismo

415 5063 641 5119 habuit.
676 5066 842 5121 Unde
875 5083 1132 5140 egressa.
1162 5067 1237 5122 ad
1260 5075 1647 5140 conspectum
1698 5071 1933 5126 comitis
1964 5087 2064 5125 ve-

415 5153 526 5218 nit,
559 5155 911 5226 animosque
935 5156 1297 5212 adstantium
1317 5157 1404 5212 rei
1427 5158 1838 5231 magnitudine
1863 5160 2049 5215 attoni

405 5249 500 5299 tos
523 5244 783 5299 reddidit
817 5262 829 5299 :
863 5251 1164 5316 postremo
1188 5247 1402 5302 evulsis
1435 5247 1736 5314 dentibus,
1771 5251 2061 5320 praecisis-

414 5349 529 5403 que
561 5349 804 5389 manum
835 5351 904 5390 ac
932 5335 1151 5406 pedum
1184 5335 1402 5408 digitis,
1429 5337 1611 5393 vitam
1643 5337 1854 5394 ﬁnivit.

966 5426 1207 5480 EODEM
1245 5426 1498 5480 MENSE.

1082 5515 1188 5570 Die
1226 5521 1393 5571 sexta

661 5602 761 5659 97
799 5604 1085 5660 Certamen
1107 5607 1286 5660 sancti
1321 5605 1538 5660 Thema:
1557 5605 1811 5676 apostoli.

488 5691 628 5748 Post
642 5695 875 5751 Domini
891 5695 1081 5750 nostri
1092 5695 1229 5750 Jesu
1250 5695 1456 5752 Caristi
1473 5695 1910 5768 ascensionem,
1924 5713 2060 5754 cum

2173 4703 2366 4772 ἑαυτὴν
2427 4702 2824 4779 ὁμολογήσασα
2858 4747 2872 4772 ,
2929 4704 3193 4778 ξυρίζεται
3249 4708 3349 4776 τήν
3401 4706 3671 4785 κεφαλήν·
3733 4711 3827 4765 καὶ

2175 4790 2393 4860 ζέουσαν
2447 4790 2736 4866 ἀνθρακιὰν
2819 4796 3215 4850 καταπάσσεται
3250 4839 3264 4851 .
3327 4797 3461 4852 Εἶτα
3543 4794 3828 4871 δεσμεῖται

2173 4879 2313 4953 λίθῳ
2348 4882 2524 4956 βαρεῖ,
2554 4883 2642 4937 καὶ
2679 4882 2920 4958 ῥίπτεται
2953 4882 3005 4938 ἐν
3053 4887 3120 4956 τῇ
3153 4883 3413 4959 θαλάσσῃ.
3464 4886 3562 4940 Καὶ
3609 4885 3825 4960 ἐδέξατο

2171 4969 2234 5023 τὸ
2291 4967 2436 5045 ὕδωρ
2491 4971 2569 5034 εἷς
2629 4971 2926 5046 βάπτισμα·
2986 4974 3073 5027 καὶ
3134 4971 3446 5045 ἐξελθοῦσα,
3505 4975 3826 5051 ἐνεφανίσθη

2170 5062 2252 5131 τῷ
2302 5060 2508 5132 κόμητι
2541 5104 2553 5116 .
2642 5062 2739 5115 Καὶ
2817 5059 3023 5124 ἰδόντες
3081 5061 3248 5130 αὐτὴν
3311 5063 3362 5117 οἱ
3421 5070 3778 5140 περιεστῶτες
3815 5111 3831 5138 ,

2173 5147 2498 5221 ἐθαύμασαν.
2561 5151 2694 5207 Τότε
2746 5155 2864 5215 τοῖς
2920 5148 3141 5214 ὀδόντας
3195 5151 3566 5227 ἐκριζωθεῖσα,
3599 5156 3688 5210 καὶ
3718 5160 3832 5212 τῶν

2172 5242 2377 5314 χειρῶν
2408 5239 2632 5295 καὶτῶν
2685 5237 2872 5296 ποδῶν
2930 5239 3056 5303 τοὺς
3100 5238 3400 5305 δακτύλους
3462 5243 3830 5319 ἀποκοπεῖσα,

2171 5325 2465 5401 ἐτελειώθη
2477 5374 2489 5387 .

2708 5420 2894 5477 MHNI
2937 5421 3031 5498 T9
3089 5424 3284 5501 ΔΥΤῼ.

2412 5596 2684 5669 ’Δθλησις
2729 5601 2826 5653 τοῦ
2851 5596 3005 5672 ἁγίου
3034 5597 3352 5654 ἀποστόλου
3382 5606 3574 5675 Θωμᾶ.

2241 5689 2392 5748 Μετά
2436 5708 2536 5758 την
2616 5686 2889 5761 ἀνάληψιν
2977 5691 3074 5744 τοῦ
3147 5688 3348 5765 Κυρίου
3406 5692 3568 5764 ἡμῶν
3637 5692 3821 5763 Ἰησοῦ
