4142 6434
262 403 341 463 93
1819 383 2200 448 OCTOBER.
3663 377 3742 436 94

265 535 538 607 Χριστοῦ,
605 527 840 588 ’ἕκαστος
901 530 1019 581 τῶν
1085 523 1248 601 ἁγίων
1328 521 1654 578 ἀποστόλων
1716 516 1968 580 ἀπελθὼν

2113 514 2494 586 ιροειοιοτιιω
2523 512 2742 585 singuli
2782 513 2844 567 in
2887 527 3040 579 eam,
3074 526 3206 583 quas
3239 513 3396 566 sorte
3429 508 3540 563 sibi
3572 507 3748 561 obve-

278 599 352 684 ιίς
411 599 535 690 τὴν⁷
583 619 879 694 λαχοῦσαν
937 615 1094 686 αὖτῷ
1134 599 1384 688 -χώραν,
1428 609 1727 666 ἐδίδασκεν.
1761 605 1976 694 Ἕλαχε

2113 611 2276 673 ierat,
2308 606 2612 676 regionem
2643 603 2916 675 profecti,
2938 603 3244 665 docerent,
3277 599 3487 672 obtigit
3541 603 3747 654 sancto

284 713 345 768 δὶ
545 714 632 780 τῷ
671 688 838 784 -άγίῳ
898 709 1075 777 Θωμᾷ
1125 707 1162 773 ὴ
1218 707 1326 757 τῶν
1388 698 1575 757 Ἰνδῶν
1631 699 1814 774 χώρα.
1877 693 1980 749 Καὶ

2113 695 2322 749 Thomas
2357 694 2639 750 Indorum
2671 693 2854 765 regio,
2904 692 3006 746 ubi
3047 692 3348 745 Christum
3383 688 3748 760 praedicavit.

291 801 552 865 ἀπελθὼν
589 798 644 853 ἒν
692 783 863 870 αὐτῇ,
923 795 1188 868 ἐκήρυττε
1240 793 1330 848 τὸν
1380 789 1641 868 Χριστόν.
1694 783 1979 841 Πιστευσά-

296 915 393 962 σης
427 889 489 946 δὲ
524 887 623 944 διὰ
654 892 759 943 τοῦ
792 884 963 960 λόγου
1008 881 1176 938 αὐτοῦ
1229 889 1330 950 τῆς
1386 880 1644 956 γυναικὸς
1670 880 1768 931 τοῦ
1829 874 1981 948 βασι-

293 982 436 1042 λέως
463 985 577 1034 τῶν
625 974 848 1044 Ἰνδῶν,
887 976 1022 1048 μετὰ
1049 977 1147 1028 τοῦ
1199 973 1321 1026 υἱοῦ
1380 970 1571 1037 αὐτῆς,
1623 971 1702 1038 τῷ
1740 965 1984 1039 Χριστῷ,

298 1069 613 1145 διεγνώσθη
649 1070 680 1122 ο
712 1070 940 1136 Θωμᾶς,
970 1065 1062 1117 καὶ
1100 1065 1170 1135 τῇ
1221 1064 1319 1116 τοῦ
1353 1059 1621 1136 βασιλέως
1671 1051 1983 1130 προστάξει,

301 1140 644 1226 ἀπεκλείσθη
702 1156 781 1216 εἰς
841 1151 1116 1231 φυλακὴν,
1181 1151 1315 1224 μετὰ
1359 1148 1450 1204 καὶ
1496 1148 1691 1221 ἒτέρων
1779 1140 1988 1231 δεσμω-

299 1257 433 1306 τῶν.
471 1250 676 1308 Δόντες
745 1243 805 1299 δὲ
855 1228 1133 1318 -χρήματα
1189 1245 1305 1302 τοῖς
1363 1235 1721 1314 στρατιώταις
1781 1232 1809 1286 ὁ
1866 1228 1985 1290 υἱὸς

297 1347 397 1397 τοῦ
435 1335 740 1414 βασιλέως,
783 1334 876 1388 καὶ
932 1335 968 1402 ἡ
1040 1333 1224 1405 μήτηρ
1287 1329 1474 1398 αὐτοῦ,
1532 1325 1622 1382 καὶ
1673 1322 1840 1380 ἄλλοι
1886 1318 1987 1375 οὐκ

304 1403 520 1504 ὀλίγοι,
557 1403 825 1495 εἰσῆλθον
859 1423 993 1498 πρὸς
1022 1403 1204 1476 αὐτὸν
1231 1420 1285 1475 ὲν
1335 1423 1406 1493 τῇ
1467 1414 1709 1504 φυλακῇ,
1739 1403 1986 1504 καὶ-ἐϐα-

303 1497 638 1587 πτίσθησαν.
700 1514 796 1568 Καὶ
864 1497 1000 1586 μετὰ
1052 1510 1250 1586 χρόνον
1310 1508 1494 1563 ἱκανὸν
1525 1504 1577 1578 ἐξ
1608 1503 1785 1558 αὐτῶν
1837 1497 1988 1587 εχει-

315 1585 692 1686 ροτονηθησαν
742 1596 1132 1678 πρεσϐύτεροι,
1189 1599 1280 1653 καὶ
1339 1595 1610 1654 διάκονοι.
1642 1591 1748 1650 Καὶ
1807 1585 1986 1644 ἐδίδα-

320 1681 445 1754 σκον
476 1697 564 1752 ἐπὶ
592 1699 676 1767 τῷ
709 1693 940 1765 ὀνόματι
997 1689 1095 1746 τοῦ
1150 1692 1409 1762 Χριστοῦ.
1463 1684 1567 1744 Καὶ
1625 1682 1787 1758 γνοὺς
1825 1681 1988 1733 τοῦτο

327 1792 357 1843 ὁ
413 1765 664 1863 βασιλεὺς
721 1782 813 1838 καὶ
878 1779 1172 1857 ὀργισθεὶς,
1232 1777 1460 1852 ἐξήγαγε
1506 1775 1601 1830 τὸν
1641 1765 1992 1863 μάπόστολον

319 1854 638 1952 προσέταξεν
719 1854 1057 1927 ἀποκτεῖναι.
1139 1865 1525 1942 Ἀναγαγόντες
1610 1859 1700 1916 οὖν
1763 1857 1840 1920 είς
1923 1854 1988 1909 τὸ

313 1969 636 2022 ἀπέκτειναν
647 2005 660 2018 .

927 2053 1006 2122 Τῇ
1028 2046 1167 2120 αὖτῇ
1197 2045 1382 2118 ἡμέρᾳ

314 2148 534 2217 Μνήμη
594 2142 693 2197 τοῦ
749 2139 905 2196 ὀσίου
959 2137 1174 2211 Ιιατρὸς
1229 2137 1391 2208 ἡμῶν
1450 2132 1667 2202 Νικήτα
1705 2131 1804 2184 τοῦ
1862 2127 1994 2198 ὁμο-

1021 2225 1286 2301 λογητοῦ.

387 2325 451 2381 ’0
484 2322 538 2378 ἓν
591 2320 761 2394 ἁγίοις
823 2319 1007 2390 Πατήρ
1038 2317 1200 2388 ἡμῶν
1261 2313 1497 2382 Νικήτας
1553 2307 1644 2364 καὶ
1698 2307 1989 2381 ὁμολογη-

313 2421 422 2486 τῆς
501 2419 604 2470 τοῦ
662 2415 920 2489 Χριστοῦ,
964 2407 1188 2483 ὑπῆρχε
1263 2405 1522 2480 συγγενὴς
1592 2401 1836 2489 Εἰρήνης
1889 2405 1991 2466 τῆς

323 2486 868 2582 βασιλίσσηςρῆτις
924 2490 1300 2572 προσελάϐετο
1359 2493 1544 2561 αὐτὸν,
1608 2489 1670 2544 οὗ
1747 2486 1837 2544 διὸ.
1889 2489 1990 2555 τὴν

324 2577 649 2670 συγγένειαν
685 2592 872 2664 μόνον,
923 2585 1071 2642 ἀλλὰ
1125 2584 1215 2640 καὶ
1275 2582 1364 2638 διὰ
1415 2583 1516 2651 τήν
1573 2579 1769 2654 ἀρετὴν
1802 2577 1990 2632 αὐτοῦ.

557 2683 659 2755 γὰρ
694 2677 1001 2754 ἠγωνίσατο
1059 2673 1152 2728 καὶ
1211 2672 1418 2748 ἐγένετο
1469 2667 1739 2738 ἐνάρετος,
1774 2665 1851 2729 ὡς
1904 2664 1992 2719 καὶ

330 2774 384 2829 ἐν
445 2776 516 2847 τῇ
574 2753 714 2826 κατὰ
750 2753 984 2822 Νίκαιαν
1045 2765 1166 2840 ἱερᾷ
1217 2757 1430 2832 συνόδῳ
1492 2759 1553 2813 τὸ
1611 2754 1884 2832 δεύτερον,
1935 2753 1997 2809 ἐκ

325 2864 636 2938 προσώπου
713 2865 813 2926 τῆς
896 2852 1186 2922 δεσποίνης
1245 2846 1699 2921 ἐξαποπαλῆναι,
1754 2844 1844 2900 καὶ
1909 2845 1992 2898 θε-

322 2932 573 3028 αρὲστως
601 2946 656 3002 ἓν
682 2947 820 3018 αὐτῇ
854 2941 1170 3018 διαπρέψαι.
1215 2941 1404 3028 Ἔχωᾼν
1459 2934 1516 3028 δε
1565 2932 1786 3002 πολλὴν
1817 2932 1994 3028 imm?-

317 3018 484 3107 1‘i,ta,
545 3033 804 3107 τιμηθεὶς
863 3030 1173 3104 πατρίκιος,
1228 3022 1615 3099 προεχειρίσθη
1697 3018 1996 3095 στρατηγὸς

325 3125 607 3188 Σικελίας.
669 3123 770 3180 Καὶ
831 3119 1016 3180 καλῶς
1077 3117 1131 3172 ἐν
1189 3115 1325 3188 αὖτῇ
1385 3114 1612 3188 πράξας,
1672 3110 1762 3166 καὶ
1819 3111 2001 3184 χήρας

320 3217 414 3274 καὶ
474 3212 746 3290 ὀρφανοὺς
803 3209 1058 3280 ἐλεήσας,
1119 3207 1469 3279 ὑπέστρεψεν.
1515 3199 1708 3276 Εὖρὼν
1743 3197 1821 3290 ,δὲ
1875 3219 2000 3290 κρα-

2088 785 2447 838 Cumautem
2477 783 2551 837 ad
2573 781 2981 836 Christiﬁdem
3011 797 3252 835 uxorem
3286 778 3440 851 regis
3464 777 3749 832 Indorum

2091 872 2339 943 ejusque
2371 872 2563 926 filium
2596 869 3274 935 convertisset,defertur
3303 868 3375 922 ad
3402 883 3622 939 regem,
3649 865 3753 935 qui

2089 962 2372 1016 Thomam
2406 961 2467 1015 in
2501 977 2796 1015 carcerem
2825 976 2960 1014 cum
2982 959 3115 1014 aliis
3147 958 3356 1013 vinctis
3371 955 3751 1026 detrudijus-

2093 1052 2187 1107 sit.
2221 1050 2525 1121 Corruptis
2554 1054 2754 1104 autem
2787 1049 3040 1120 pecunia
3067 1047 3381 1114 militibus,
3406 1046 3561 1118 regis
3593 1043 3753 1097 ﬁlius

2093 1156 2227 1194 cum
2261 1145 2472 1207 matre,
2504 1144 2682 1209 atque
2711 1138 2845 1193 aliis
2874 1155 2994 1193 non
3053 1137 3276 1210 paucis,
3328 1150 3628 1191 carcerem
3659 1132 3755 1186 in-

2092 1229 2301 1297 gressi,
2325 1228 2397 1284 ab
2421 1245 2488 1282 eo
2518 1228 2793 1299 baptizati
2825 1234 2997 1294 sunt;
3028 1233 3086 1282 et
3135 1231 3269 1297 post
3297 1224 3580 1280 idoneum
3604 1228 3752 1276 tem-

2093 1334 2205 1391 pus
2235 1317 2493 1372 ordinati
2513 1316 2677 1371 fuere
2710 1333 2780 1371 ex
2811 1317 2903 1372 his
2925 1315 3344 1388 presbyteri,et
3373 1311 3628 1380 diaconi,
3650 1310 3755 1380 qui

2094 1408 2155 1462 in
2187 1407 2428 1462 nomine
2441 1407 2656 1461 Christi
2677 1406 2982 1462 docebant.
2996 1405 3162 1470 Quod
3191 1403 3293 1459 ubi
3314 1419 3418 1457 rex
3439 1399 3756 1466 intellexit,

2095 1496 2303 1564 iratus,
2337 1495 2621 1551 eductum
2652 1511 2682 1550 e
2713 1511 2950 1551 carcere
2981 1493 3338 1566 apostolum,
3373 1496 3430 1546 et
3465 1488 3760 1545 militibus

2097 1585 2404 1652 traditum,
2430 1585 2613 1656 jussit
2641 1585 2854 1641 occidi.
2883 1585 3222 1640 Abductum
3255 1583 3457 1652 itaque
3486 1583 3761 1635 sanctum

2097 1674 2161 1728 in
2192 1674 2696 1744 montem,lancea
2722 1669 3760 1742 transverberantes,interfecerunt.

2098 1769 2202 1832 τῆς
2269 1761 2544 1839 φυλακῆς,
2623 1763 2712 1818 καὶ
2791 1760 3067 1838 παραδοὺς
3145 1760 3306 1816 αὐτὸν
3385 1756 3763 1833 στρατιώταις,

2097 1853 2225 1926 ὃρος
2255 1853 2348 1908 τὸν
2423 1855 2602 1928 ἅγιον,
2684 1854 2818 1926 μετὰ
2888 1856 2997 1907 τῶν
3073 1850 3376 1925 κονταρίων
3455 1846 3763 1918 πλήξαντες

2759 2034 2980 2089 Eodem
3013 2031 3108 2088 die

2103 2126 2204 2181 98
2261 2123 2714 2180 Commemoratio
2791 2125 2972 2178 sancti
3053 2123 3236 2176 Patris
3299 2121 3478 2175 nostri

2778 2197 3122 2264 confessoris.

3555 2119 3765 2173 Nicctae

2179 2316 2428 2371 Sanctus
2506 2316 2680 2369 Pater
2762 2317 2967 2368 noster
3050 2310 3387 2380 Christique
3459 2304 3766 2362 confessor

2103 2405 2357 2475 Nicetas,
2388 2405 2590 2460 lrenes
2648 2406 2923 2476 Augustae
2967 2403 3361 2474 propinquus,
3398 2397 3449 2453 ei
3491 2413 3611 2451 non
3646 2399 3766 2448 tam

2104 2494 2178 2550 ob
2211 2494 2742 2566 propinquitatem,
2776 2509 2955 2563 quam
2989 2491 3061 2546 ob
3097 2507 3264 2546 suam
3296 2489 3572 2542 virtutem
3597 2500 3764 2538 acce-

2104 2587 2240 2655 ptus
2271 2589 2415 2638 erat.
2451 2583 2544 2638 Sic
2591 2583 2751 2638 enim
2796 2582 2859 2637 in
2911 2579 3338 2637 certaminibus
3387 2593 3454 2632 ac
3485 2576 3769 2629 virtutum

2107 2672 2631 2727 exercitationibus
2663 2670 2961 2737 excelluit,
2995 2675 3062 2724 ut
3090 2669 3162 2724 ad
3184 2671 3450 2726 sanctam
3468 2665 3768 2720 Nicaanam

2109 2760 2434 2815 secundam
2467 2761 2784 2832 synodum,
2817 2759 3212 2831 imperatricis
3263 2757 3513 2828 legatus,
3547 2753 3766 2808 missus

2105 2849 2323 2916 fuerit;
2357 2867 2473 2920 quo
2522 2850 2583 2904 in
2626 2865 2876 2904 munere
2929 2848 3157 2920 egregie
3194 2852 3254 2902 et
3307 2844 3642 2916 insigniter,
3703 2845 3770 2896 ut

2111 2939 2226 2993 Deo
2253 2938 2538 3010 placitum
2571 2944 2751 3006 est,se
2775 2939 3125 3011 gessit.Erat
3139 2936 3299 2991 enim
3322 2934 3396 2989 ad
3411 2933 3771 3003 omniaprae-

2107 3026 2264 3082 clare
2296 3029 2556 3100 gerenda
2584 3028 2843 3083 maxime
2873 3027 3146 3082 idoneus.
3181 3027 3373 3091 Quare
3418 3021 3769 3094 patriciatus

2110 3117 2340 3174 honore
2371 3120 2728 3188 cumulatus,
2762 3119 2978 3175 Siciliae
3039 3123 3330 3190 strategus
3386 3114 3724 3169 declaratur
3755 3126 3770 3165 :

2114 3222 2238 3278 qua
2265 3209 2443 3264 etiam
2477 3209 2781 3281 provincia
2811 3209 3034 3280 optime
3092 3207 3525 3270 administrata,
3586 3201 3777 3257 multa

324 3310 573 3378 τήσαντα
599 3309 705 3371 τῆς
749 3299 1028 3376 βασιλείας
1082 3296 1174 3350 τὸν
1235 3293 1624 3366 Εἶκονομάχον
1686 3289 1889 3344 Λέοντα
1916 3287 1999 3341 τὸν

2123 3275 2421 3370 prmcipue
2452 3275 2590 3372 e-rga
2617 3299 2824 3354 viduas
2849 3275 2913 3354 et
2950 3298 3207 3370 pupillos
3238 3294 3601 3366 benignitate
3633 3306 3776 3345 usus

338 3395 642 3467 Αρμένιον,
698 3387 1023 3445 καταλιπὼν
1085 3384 1324 3457 ἀξίωμα,
1386 3380 1630 3436 πλοῦτον
1686 3379 1778 3433 καὶ
1836 3381 2010 3432 πᾶσαν

523 3485 620 3537 τοῦ
650 3479 864 3552 κόσμου
915 3476 1104 3553 γέγονε
1165 3463 1432 3547 μοναχός.
1493 3470 1591 3524 Καὶ
1644 3467 1830 3543 μαθὼν
1887 3463 2012 3539 περὶ

345 3572 567 3628 αὑτοῦὸ
619 3566 902 3644 βασιλεὺς,
961 3563 1054 3619 καὶ
1116 3561 1294 3618 θὲλων
1347 3560 1509 3615 αὐτὸν
1565 3559 2012 3633 τιμωρήσασθαι,

353 3661 609 3734 ἐμήνυσεν
661 3657 833 3729 αὐτῷ,
907 3651 1230 3709 ἀποστεῖλαι
1279 3650 1378 3718 τὴν
1423 3649 1612 3704 εἰκόνα
1662 3651 1760 3702 τοῦ
1821 3651 2012 3714 Σωτῆο

355 3771 469 3825 ρος,
503 3748 642 3810 ὅπως
669 3743 993 3819 κατακαύσῃ
1024 3743 1217 3812 αὐτήν.
1277 3741 1372 3808 Μὴ
1416 3737 1708 3794 πεισθέντα
1764 3733 1822 3790 δὲ
1847 3739 2013 3790 τοῦτο

345 3822 596 3910 ποιῆσαι,
627 3836 879 3913 ἐξώρισε,
910 3833 1003 3888 καὶ
1027 3831 1080 3888 ἐν
1110 3834 1181 3905 τῇ
1213 3830 1393 3903 ἑξορίᾳ
1449 3826 1644 3883 πολλὰ
1680 3822 2014 3899 πειρασθείς,

337 3927 633 3999 ἐτελειώθη
645 3971 660 3983 .

909 4129 1092 4185 ΜΙΙΝῙ
1135 4131 1218 4182 ΤΩ
1248 4131 1450 4184 ΑΥΤΩ.

1177 4243 1229 4300 Ζ.

480 4364 761 4435 ’Ἂθλησις
792 4365 900 4417 τῶν
953 4360 1124 4435 ἁγίων
1161 4358 1451 4435 μαρτύρων
1485 4355 1717 4433 Σεργίου
1745 4354 1836 4411 καὶ

1090 4451 1332 4524 Βάκχου.

411 4575 650 4648 Σέργιος
679 4570 776 4625 καὶ
809 4565 1028 4644 Βάκχος
1084 4567 1137 4622 οἱ
1189 4564 1396 4637 ἔνδοξοι
1451 4568 1549 4620 τοῦ
1602 4565 1838 4638 Χριστοῦ
1871 4565 2008 4637 μάρ-

2114 3387 2356 3442 domum
2388 3389 2581 3444 rediit.
2621 3391 2838 3443 Verum
2882 3389 3022 3458 quia
3079 3385 3332 3457 imperio
3374 3383 3595 3455 potitus
3648 3383 3776 3434 erat

2116 3477 2226 3532 Leo
2253 3483 2547 3534 Armenus
2574 3478 3025 3546 lconomachus,
3049 3479 3298 3532 remisso
3329 3471 3780 3547 dignitati,divi-

2115 3567 2233 3633 tiis,
2266 3567 2553 3638 omnique
2583 3567 2900 3622 mundana)
2931 3566 3133 3639 gloria)
3183 3565 3417 3632 nuntio,
3445 3562 3777 3618 monachus

2115 3655 2391 3710 efﬁcitur.
2452 3656 2618 3721 Quod
2650 3673 2786 3712 cum
2818 3655 3143 3728 imperator
3163 3653 3518 3720 rescivisset,
3576 3651 3780 3705 volens

2114 3745 2287 3800 illum
2319 3746 2636 3801 tormentis
2669 3745 2985 3817 subjicere,
3020 3744 3330 3816 imperavit
3361 3749 3428 3797 ut
3456 3740 3781 3798 Servatoris

2115 3833 2438 3907 imaginem
2471 3835 2877 3905 mitteret,quo
2901 3835 3066 3889 illam
3099 3829 3616 3889 combureret.Sed
3648 3845 3783 3884 cum

2116 3923 2176 3978 id
2206 3923 2400 3982 facere
2431 3924 2986 3992 detrectaret,illum
3009 3923 3322 3996 relegavit:
3357 3922 3458 3994 qui
3489 3922 3552 3976 in
3571 3919 3779 3976 exsilio

2117 4014 2324 4070 multis
2347 4014 2654 4071 confectus
2683 4015 2988 4083 aerumnis,
3017 4013 3292 4069 decessit.

2671 4132 2916 4188 EODEM
2973 4131 3231 4188 MENSE.

2763 4248 2867 4303 Die
2917 4247 3172 4320 septima

2116 4365 2218 4420 99
2311 4364 2597 4422 Certamen
2669 4368 3386 4488 sanctogathmartyrum
3458 4358 3641 4429 Sergii
3727 4363 3779 4412 et

2914 4451 3006 4488 acc
3048 4451 3086 4487 ι.

2914 4451 3086 4490 αοοηι.

2191 4560 2426 4633 Sergius
2459 4565 2518 4614 et
2563 4559 2848 4627 Bacchus,
2905 4557 3150 4630 gloriosi
3185 4556 3403 4612 Christi
3461 4558 3777 4625 martyres,

329 4641 816 4738 τυρεᾲῦπῆρχον
846 4641 1310 4729 ἐπί-Μαξιμιανοῦ
1338 4658 1437 4709 τοῦ
1489 4653 1784 4728 βασιλέως,
1816 4652 1999 4727 ὡραῖοι

2121 4650 2476 4706 Maximiano
2506 4649 2867 4721 imperatore
2897 4648 3186 4715 claruere,
3238 4646 3471 4720 egregia
3517 4641 3783 4715 corporis

329 4754 398 4808 τὸ
432 4749 606 4816 εἶδος,
649 4748 740 4802 καὶ
800 4750 878 4819 τῷ
934 4743 1156 4821 βασιλεῖ
1220 4738 1602 4820 περίϐλεπτοι.
1651 4743 1712 4800 Ὁ
1748 4741 1843 4815 μὶν
1875 4743 2012 4816 Σὲρ-

332 4861 461 4917 γιος
546 4837 930 4914 πριμικήριοςο
993 4836 1021 4890 ὁ
1099 4831 1156 4888 δὲ
1219 4835 1446 4909 Βάκχος
1517 4829 1766 4907 δεύτερος
1826 4831 2011 4886 αὐτοῦ’

335 4929 682 5007 Ἀμφότεροι
715 4923 772 4981 δὲ
814 4919 1090 5007 εὐλαϐεῖς,
1147 4923 1240 4978 καὶ
1290 4917 1579 5007 σεϐόμενοι
1630 4923 1721 4976 τὸν
1753 4921 2011 4992 Χριστόν·

338 5019 445 5074 Διὰ
470 5005 638 5070 τοῦτο
667 5014 757 5068 καὶ
785 5005 1175 5082 διαϐληθέντες
1229 5013 1309 5082 τῷ
1369 5006 1608 5084 βασιλεῖ,
1639 5007 2014 5083 ἠναγκάζοντο

338 5100 502 5160 θῦσαι
532 5109 654 5166 τοῖς
689 5099 966 5162 εἰδώλοις.
1027 5099 1134 5155 Καὶ
1195 5100 1271 5172 μὴ
1317 5095 1762 5171 καταδεξάμενοι,
1795 5100 2015 5173 πρῶτον

347 5197 447 5269 μὲν
501 5192 856 5270 ἀφῃρέθησαν
913 5192 1022 5244 τῶν
1084 5187 1408 5260 ἀξιωμάτων
1485 5186 1684 5257 αὐτῶν,
1761 5186 1850 5241 καὶ
1908 5191 2016 5241 τῶν

349 5282 687 5357 μανιακίων.
763 5277 862 5333 Καὶ
920 5277 1022 5344 τήν
1107 5276 1368 5352 ἀνδρικὴν
1425 5273 1730 5336 ἐκδυθὲντες
1791 5273 2014 5345 στολὴν,

341 5370 676 5440 ἐνεδύθησαν
706 5368 900 5441 ἱμάτια
954 5371 1234 5440 γυναικεῖα
1292 5363 1665 5438 δημευόμενοι
1723 5363 1888 5430 μέσον
1915 5365 2015 5432 τῆς

334 5462 578 5522 πόΑεως.
613 5461 843 5516 Ἔπειτα
900 5451 1256 5531 ἐπέμφθησαν
1316 5453 1454 5528 πρὸς
1507 5453 1598 5508 τὸν
1649 5460 1752 5523 τῆς
1809 5452 2018 5529 Αὐγου-

337 5548 698 5611 στουπόλεως
751 5546 1019 5623 ἄρχοντα,
1080 5542 1166 5598 ἐπὶ
1215 5548 1294 5616 τῷ
1350 5544 1477 5619 παρ’
1561 5541 1766 5598 ἐκείνου
1837 5564 2014 5616 τιμω-

337 5649 603 5716 ρηθῆναι.
671 5637 818 5695 Κατὰ
895 5631 957 5689 δὲ
1010 5633 1112 5701 τήν
1171 5629 1296 5687 ὁδὸν
1350 5630 1660 5707 περιεπάτει
1710 5627 2014 5706 ἔμπροσθεν

333 5733 514 5789 αὐτῶν
548 5727 786 5807 ἄγγελος
816 5728 920 5782 τοῦ
970 5725 1126 5796 Θεοῦ,
1181 5718 1398 5798 ὁδηγῶν
1447 5719 1662 5785 αὐτούς.
1723 5722 1852 5778 Εἶτα
1906 5741 2013 5776 πα-

2123 4739 2315 4795 forma
2338 4739 2595 4811 praediti,
2625 4744 2684 4794 et
2712 4738 3020 4812 spectabili
3064 4736 3220 4810 apud
3273 4735 3550 4791 eumdem
3594 4733 3784 4804 impe-

2122 4834 2382 4884 ratorem
2414 4829 2568 4885 loco.
2597 4829 2833 4901 Sergius
2889 4828 3051 4883 enim
3107 4826 3484 4899 primicerius
3531 4829 3676 4889 erat,
3728 4825 3789 4876 et

2126 4919 2388 4974 Bacchus
2417 4918 2489 4973 ab
2516 4919 2646 4990 ipso
2696 4918 2995 4973 secundus
3034 4933 3048 4973 :
3081 4922 3334 4988 uterque
3393 4919 3593 4972 autem
3625 4912 3785 4983 pius,

2126 5013 2184 5064 et
2225 5007 2525 5063 Christum
2581 5007 2803 5062 colens.
2839 5006 3239 5072 Quamobrem
3279 5004 3459 5061 delati
3491 5002 3565 5059 ad
3595 5001 3787 5071 impe-

2123 5102 2406 5163 ratorem,
2443 5096 2622 5152 idolis
2653 5097 2989 5152 sacrificare
3021 5095 3481 5168 compelluntur.
3511 5091 3623 5147 Sed
3653 5105 3789 5145 cum

2125 5187 2199 5242 ad
2228 5187 2290 5241 id
2321 5186 2534 5241 adduci
2568 5186 3186 5257 nequirent,primum
3209 5185 3451 5257 quidem
3484 5181 3793 5254 dignitate,

2129 5281 2360 5347 torque,
2396 5280 2456 5331 et
2483 5275 2640 5330 virili
2682 5281 2815 5348 toga
2862 5275 3197 5346 spoliantur
3225 5292 3238 5329 :
3268 5272 3482 5330 deinde
3514 5265 3792 5325 muliebri

2128 5364 2281 5420 stola
2326 5364 2771 5435 induti,perque
2803 5363 3013 5420 urbem
3037 5362 3448 5426 circumducti,
3479 5360 3802 5415 mittuntur

2126 5454 2200 5510 ad
2219 5454 2698 5526 AugustOpoleos
2720 5452 3242 5525 praefectum,utab
3257 5469 3326 5507 eo
3348 5451 3790 5520 torquerentur.

2127 5544 2194 5599 ln
2229 5543 2444 5598 itinere
2474 5560 2618 5599 vero
2648 5541 2902 5614 praaibat
2939 5542 3060 5598 illis
3085 5541 3333 5614 angelus
3361 5538 3483 5594 Dei.
3514 5533 3792 5593 Perducti

2125 5633 2306 5706 igitur
2329 5631 2404 5687 ad
2434 5631 3076 5703 praefectum,Bacchus
3093 5630 3256 5701 prior
3276 5630 3601 5686 certamine
3619 5629 3790 5694 inito,

2135 5725 2198 5780 in
2228 5723 2373 5796 ipsis
2405 5723 2721 5779 tormentis
2741 5725 3016 5778 mortuus
3032 5717 3390 5776 estzdeinde
3421 5718 3787 5795 Sergiuscal-
