4142 6430
393 388 471 450 99

1052 521 1272 577 Eodem
1304 520 1398 576 die

397 612 546 670 105
586 610 876 666 Certamen
905 612 1083 666 sancti
1113 611 1397 677 Dorothei,
1431 609 1834 680 archiepiscopi
1895 613 2048 680 Tyri.

470 791 820 858 Dorotheus,
846 791 932 845 vir
949 789 1396 858 celeberrimus,
1422 790 1736 862 episcopus
1758 791 1914 862 Tyri,
1949 789 2050 861 qui

395 881 708 935 universas
735 880 1049 951 Scripturaa
1072 880 1352 934 historias
1378 879 1655 947 callebat,
1678 896 1811 934 cum
1843 896 2052 950 perse—

398 970 655 1024 cutionis
685 969 936 1024 vitandas
963 985 1140 1024 causa
1163 969 1428 1041 fugisset,
1461 974 1596 1040 post
1621 969 1972 1024 Diocletiani
1996 973 2054 1023 et

398 1059 605 1113 Licinii
639 1066 891 1114 mortem
923 1061 1138 1130 Tyrum
1171 1059 1368 1124 rediit,
1406 1065 1464 1113 et
1493 1063 1760 1113 sanctam
1811 1059 1914 1113 Dei
1946 1060 2050 1113 Ec-

395 1148 638 1202 clesiam
670 1147 744 1203 ad
774 1147 992 1202 Juliani
1025 1149 1323 1218 Apostataa
1358 1152 1626 1218 tempora
1681 1147 2048 1219 gubernavit.

395 1236 505 1291 Sed
529 1253 663 1291 cum
695 1236 1004 1290 Julianum
1027 1236 1282 1303 occulte,
1306 1253 1426 1290 non
1447 1236 1644 1306 palam
1671 1235 1863 1290 caedes
1885 1235 2050 1290 Chri-

395 1325 723 1379 stianorum
743 1341 850 1394 per
869 1323 1180 1395 praefectos
1202 1340 1340 1378 suos
1362 1330 1703 1394 perpetrare
1723 1323 2048 1391 didicisset,

394 1415 542 1484 Tyro
579 1412 917 1478 discedens,
952 1413 1014 1467 in
1045 1413 1306 1468 Thracias
1336 1413 1643 1484 regionem
1697 1429 1757 1467 se
1791 1412 2048 1483 recepit:

398 1519 516 1557 non
547 1508 746 1557 tamen
762 1502 1308 1557 ibiidololatrarum
1333 1519 1547 1557 manus
1560 1503 1818 1574 eﬁ‘ugere
1835 1503 2048 1573 potuit.

399 1592 878 1663 Comprehensus
913 1592 1072 1647 enim
1106 1609 1140 1647 a
1168 1592 1389 1646 Juliani
1421 1591 1736 1663 praefectis,
1769 1596 1828 1646 et
1847 1591 2052 1646 multis

399 1680 707 1752 suppliciis
736 1681 1127 1748 excruciatus,
1163 1681 1224 1735 in
1285 1680 1430 1753 ipsis
1477 1681 1810 1747 tormentis,
1861 1697 2051 1736 annos

395 1776 637 1825 centum
672 1776 729 1825 et
760 1776 987 1841 septem
1020 1775 1217 1839 natus,
1252 1787 1359 1841 pro
1411 1770 1627 1825 Christi
1677 1769 2052 1824 confessione

1720 386 2151 449 MENOLOGII
2193 384 2403 449 PARS
2446 385 2498 448 Ι.

2086 523 2137 590 Α
2747 521 2826 592 τῇ
2856 516 2995 592 αὐτῇ
3027 515 3236 594 ὴμάρᾳ.

3711 389 3828 450 100

2167 605 2435 678 Ἀθλησις
2520 611 2616 662 τοῦ
2715 607 2870 681 ἁγίου
2981 608 3284 681 Δωροθέου,

3385 607 3828 683 ἀρχιεπισκόπου

2761 679 2986 742 πύλεως
3021 679 3225 754 Τύρου.

2238 787 2542 863 Δωρόθεος,
2570 787 2598 841 δ
2629 783 2882 860 ἀοίδιμος
2916 787 3074 862 ἀνὴρ,
3135 786 3430 848 ἐπίσκοπος
3489 785 3682 862 γέγονε
3728 795 3832 858 τῆς

2168 875 2385 940 πόλεως
2439 875 2634 948 Τύρου,
2692 882 2865 930 πᾶσαν
2929 878 3202 953 γραφικὴν
3262 874 3620 949 ἐπιστάμενος
3678 879 3827 932 ἱστο-

2167 964 2304 1040 ρίαν.
2343 966 2436 1019 Καὶ
2471 965 2538 1034 ἦν
2567 966 2660 1036 μὶν
2695 965 2879 1042 φυγὼν
2939 963 3028 1019 διὰ
3083 965 3175 1019 τὸν
3236 961 3502 1040 διωγμόν.
3561 965 3713 1020 Μετὰ
3771 963 3830 1020 δὲ

2162 1052 2422 1123 τελευτὴν
2484 1053 2880 1124 Διοκλητιανοῦ
2936 1054 3027 1108 καὶ
3114 1053 3409 1124 Λικιννίου,
3494 1048 3827 1110 καταλαϐὼν

2163 1144 2326 1200 πάλιν
2374 1148 2474 1215 τήν
2530 1146 2724 1220 Τύρον,
2794 1140 3108 1217 διεκυϐέρνα
3160 1146 3261 1213 τήν
3319 1144 3472 1221 ἁγίαν
3529 1149 3628 1200 τοῦ
3687 1149 3826 1201 Θεοῦ

2165 1233 2492 1304 Ἐκκλησίαν
2536 1234 2731 1311 μέχρις
2793 1233 3097 1290 ἰουλιανοῦ
3151 1238 3248 1289 τοῦ
3306 1229 3648 1308 ῐιαραϐάτου.
3713 1234 3826 1291 Καὶ

2164 1325 2351 1396 ἐπειδὴ
2385 1327 2446 1381 οὐ
2480 1331 2746 1402 φανερῶς,
2795 1323 2943 1381 ἀλλὰ
2990 1346 3245 1402 κρυπτως
3293 1327 3356 1381 τὸ
3411 1325 3675 1402 πρότερον
3733 1324 3830 1381 διὰ

2161 1420 2269 1471 τῶν
2329 1416 2611 1492 ἀρχόντων
2675 1415 2840 1471 αὐτοῦ
2898 1415 3179 1488 ἐφόνευσεν
3235 1417 3263 1470 ὁ
3320 1414 3624 1479 Ἰουλιανὸς
3695 1414 3829 1479 τοὺς

2162 1504 2549 1577 Χριστιανοὺς,
2585 1506 2817 1568 ἀκούσας
2851 1506 2879 1560 ὁ
2908 1505 3062 1580 ἃγιος
3121 1504 3421 1581 Δωρόθεος,
3471 1504 3825 1580 ἀνεχώρησεν

2164 1591 2222 1645 έκ
2249 1599 2348 1661 τῆς
2387 1593 2590 1667 Τύρου,
2648 1591 2738 1648 καὶ
2795 1586 3063 1647 κατέλαϐε
3120 1592 3218 1660 τήν
3280 1591 3468 1666 χώραν
3523 1597 3623 1660 τῆς
3679 1597 3822 1666 Θρᾷ-

2161 1703 2285 1752 κης.
2321 1681 2477 1738 Ἀλλ’
2510 1681 2624 1738 οὐδ’
2654 1681 2767 1738 ἐκεῖ
2822 1683 2915 1738 τὸν
2963 1681 3024 1736 ἐκ
3074 1685 3180 1736 τῶν
3243 1679 3668 1757 είδωλολατρῶν
3725 1681 3829 1745 θά-

2162 1792 2319 1826 νατον
2354 1769 2626 1848 διέφυγεν.
2661 1772 2960 1847 Κρατηθείς
3009 1771 3112 1846 γὰρ
3163 1771 3310 1846 παρά
3360 1774 3467 1824 τῶν
3521 1770 3827 1824 ἸουΑιανοῦ

392 1859 560 1928 obiit,
590 1866 648 1914 et
677 1859 912 1915 beatam
944 1859 1174 1913 Christo
1224 1860 1487 1914 animam
1538 1857 1803 1926 tradidit,
1852 1859 2038 1914 multa

2162 1859 2470 1934 ἀρχόντων,
2501 1861 2591 1916 καὶ
2650 1858 2866 1922 πολλὰς
2921 1858 3193 1932 τιμωρίας
3255 1857 3579 1932 ὑπομείνας,
3637 1859 3826 1913 καίτοι

2156 1942 2206 1962 ..ι
2392 1945 2414 1962 ι.
2613 1947 2623 1960 .
2690 1947 2702 1962 .
2828 1945 2840 1962 κ
2967 1945 2982 1962 ι
3081 1947 3095 1962 ς
3191 1943 3204 1962 τ
3252 1947 3278 1958 η.
3407 1944 3420 1962 .
3493 1944 3504 1962 .
3773 1943 3786 1962 ,

389 1965 510 2002 non
542 1948 859 2004 mediocris
889 1948 1166 2002 utilitatis
1193 1949 1414 2019 scripta
1442 1948 1809 2019 relinquens.

2145 1942 2321 2021 γέρων
2383 1945 2478 2016 ὣν,
2538 1947 2628 2001 καὶ
2690 1945 2880 2001 ἑκατὸν
2967 1945 3104 1999 ἑπτὰ
3187 1943 3320 1999 ἐτῶν
3401 1944 3696 2019 ὑπάρχων,
3767 1943 3824 1997 έν

389 2034 576 2096 αὐταῖς
605 2039 724 2096 ταῖς
762 2035 1044 2109 βασάνοις,
1078 2032 1166 2089 διὰ
1193 2037 1293 2103 τὴν
1349 2035 1425 2100 εἰς
1472 2036 1701 2109 Χριστὸν
1757 2032 2084 2109 ὁμολογίαν,
2139 2035 2388 2098 ἀπέθανε’
2442 2034 2532 2090 καὶ
2591 2033 2853 2108 παρέθετο
2911 2033 3009 2101 τήν
3083 2034 3353 2106 μακαρίαν
3410 2032 3575 2088 αὐτοῦ
3628 2032 3827 2107 ψυχὴν

382 2127 466 2196 τῷ
495 2123 736 2196 Χριστῷ,
768 2120 956 2178 πολλά
983 2123 1073 2178 καὶ
1104 2123 1414 2200 ψυχωφελῆ
1456 2122 1854 2198 συγγράμματα
1884 2123 2148 2198 πρότερον
2177 2123 2408 2193 συνθεὶς,
2432 2123 2518 2178 κτὶ
2545 2122 2884 2179 καταλιπών.

1041 2240 1263 2296 Eodem
1297 2240 1392 2295 die

499 2330 654 2384 τοο
687 2329 975 2386 Certamen
1005 2332 1186 2384 sancti
1216 2329 1455 2400 apostoli
1481 2331 1676 2386 Jacobi
1699 2329 1940 2401 Alphm'.

464 2507 967 2574 Jacobus,Christi
992 2507 1488 2580 apostolus,fllius
1511 2509 1762 2580 Alphaei,
1789 2513 1848 2562 et
1868 2508 2053 2564 frater

395 2597 650 2651 Matthsei
683 2597 988 2667 publicani
1022 2603 1080 2652 et
1111 2597 1507 2670 evangelista),
1539 2597 1777 2653 verbum
1832 2597 2051 2652 Christi

394 2686 776 2757 praedicabat,
811 2693 870 2740 et
899 2703 968 2741 ea
994 2703 1124 2757 qua)
1156 2687 1229 2742 ad
1259 2693 1550 2742 aeternum
1585 2688 1748 2743 illius
1801 2703 2051 2759 regnum

396 2780 686 2846 spectant,
723 2791 931 2831 omnes
960 2777 1032 2831 ad
1064 2777 1259 2848 ipsum
1311 2777 1684 2844 accedentes,
1734 2777 1968 2833 Judaaos
1995 2781 2054 2831 et

394 2867 646 2930 Graecos,
681 2864 952 2934 docebat,
1003 2883 1398 2938 magnamque
1445 2867 1754 2922 hominum
1809 2866 2047 2922 turbam

392 2952 454 3006 in
489 2953 731 3006 nomine
763 2954 972 3019 Patris,
1009 2959 1066 3008 et
1096 2955 1247 3021 Filii,
1282 2961 1341 3009 et
1373 2955 1625 3026 Spiritus
1645 2955 1836 3009 sancti
1858 2954 2050 3025 bapti-

392 3042 577 3097 zabat.
611 3041 776 3106 Quod
806 3041 990 3096 Judaei
1023 3043 1263 3115 indigne
1295 3043 1576 3112 ferentes,
1631 3043 1760 3115 ejus
1818 3042 2051 3098 interﬁ-

397 3129 592 3186 ciendi
626 3131 943 3186 consilium
976 3137 1282 3203 ceperunt.
1317 3133 1507 3198 Quare
1539 3132 1600 3187 in
1633 3148 1820 3188 unum
1851 3132 2048 3187 locum

393 3221 608 3284 coacti,
636 3221 1159 3292 comprehensum,
1201 3221 1527 3292 multisque
1577 3221 1891 3277 tormentis
1921 3221 2048 3277 dire

2751 2241 2828 2311 Τῇ
2869 2237 3005 2311 αὕτῇ
3037 2237 3221 2312 ἡμέρᾳ

2162 2329 2433 2401 ’Δθλησις
2512 2333 2610 2384 τοῦ
2690 2329 2846 2404 ἁγίου
2949 2325 3262 2381 ἀποστόλου

2839 2397 3132 2476 Ἀλφαίου.

2232 2484 2492 2552 Ἰάκωϐος
2541 2491 2698 2545 ὁτοῦ
2756 2493 2992 2564 Χριστοῦ
3049 2484 3386 2556 ἀπόστολος,
3447 2486 3667 2562 ὑπῆρχε
3727 2488 3829 2560 μὲν

2162 2577 2279 2641 υἱὸς
2332 2582 2430 2633 τοῦ
2491 2577 2786 2651 Ἀλφαίου’
2849 2574 3082 2653 ἀδελφὸς
3143 2573 3201 2629 δὲ
3256 2574 3533 2630 Ματθαίου
3582 2579 3680 2630 τοῦ
3732 2595 3825 2630 τε-

2163 2665 2344 2722 λώνου
2374 2666 2464 2722 καὶ
2498 2666 2906 2741 εὐαγγελιστοῦ.
2942 2664 3234 2740 Κηρύττων
3280 2661 3337 2719 δὲ
3365 2665 3458 2719 τὸν
3508 2663 3673 2739 λόγον
3717 2667 3819 2719 τοῦ

2161 2761 2419 2830 Χριστοῦ,
2467 2755 2556 2811 καὶ
2600 2753 2868 2810 διδάσκων
2925 2755 2994 2810 τὰ
3049 2755 3170 2829 περὶ
3223 2760 3323 2823 τῆς
3380 2752 3600 2808 αἰωνίου
3670 2754 3822 2828 βασι-

2162 2843 2312 2906 λείας
2371 2845 2538 2900 αὐτοῦ
2605 2844 2806 2906 πάντας
2865 2844 2993 2905 τοὺς
3077 2843 3563 2918 προσερχομένους
3646 2841 3820 2915 αὐτῷ,

2163 2931 2456 2996 Ἰουδαίους
2484 2955 2542 2989 τε
2585 2935 2675 2989 καὶ
2732 2933 3034 3004 Ἓλληνας,
3074 2931 3165 2986 καὶ
3231 2929 3480 2989 πολλοὺς
3542 2929 3822 3006 βαπτίζων

2161 3021 2250 3078 διὰ
2278 3027 2377 3088 τῆς
2407 3019 2755 3084 διδασκαλίας
2787 3023 2976 3092 αὐτοῦ,
3008 3020 3085 3083 εἰς
3113 3020 3177 3075 τὸ
3208 3015 3385 3092 ὄνομα
3437 3023 3535 3073 τοῦ
3572 3020 3813 3093 Ηατρὸς,

2161 3114 2251 3168 καὶ
2280 3118 2379 3168 τοῦ
2411 3114 2562 3180 Υὶοῦ,
2612 3113 2702 3168 καὶ
2751 3116 2851 3167 τοῦ
2899 3110 3052 3188 ἁγίου
3100 3109 3438 3183 Πνεύματος,
3499 3109 3576 3181 μὴ
3627 3109 3818 3185 φέρον-

2157 3224 2247 3258 τες
2283 3203 2334 3257 οἱ
2367 3200 2648 3271 Ἰουδαῖοι,
2686 3199 2894 3278 βουλὴν
2925 3202 3272 3270 ποιήσαντες,
3303 3198 3392 3253 καὶ
3431 3194 3826 3273 ἐπισυναχθέν-

3375 2321 3642 2382 Ἰακώϐου
3720 2329 3823 2380 τοῦ

403 3315 460 3363 et
492 3309 811 3364 crudeliter
845 3311 1273 3380 excruciatum,
1305 3316 1603 3382 postremo
1634 3311 1811 3384 virgis
1833 3327 2038 3366 caesum

2165 3312 2277 3360 τες,
2335 3292 2427 3346 καὶ
2478 3292 2844 3365 κρατήσαντες
2905 3288 3088 3356 αὐτὸν,
3144 3287 3234 3342 καὶ
3292 3284 3481 3342 πολλὰ
3559 3288 3821 3359 τιμωρή-

388 3399 785 3466 interemere;
821 3416 955 3454 cum
1016 3399 1254 3455 interim
1305 3405 1544 3456 sanctus
1590 3400 1663 3455 ad
1706 3405 2038 3456 extremum

387 3489 662 3558 spiritum
679 3487 888 3543 laudes
911 3489 1160 3544 Domino
1186 3495 1389 3544 nostro
1411 3490 1545 3544 Jesu
1569 3489 1801 3544 Christo
1826 3489 2042 3545 tribue-

391 3583 502 3645 ret,
538 3583 595 3631 et
623 3579 843 3649 gratias
889 3584 1093 3634 sancto
1141 3580 1269 3651 ejus
1320 3579 1550 3634 nomini
1601 3584 1822 3651 ageret,
1882 3579 2042 3650 quod

382 3667 546 3721 illius
576 3683 686 3737 ope
719 3672 778 3720 et
806 3668 1224 3738 cooperatione
1247 3667 1574 3736 diabolum,
1598 3668 2040 3736 voluntatisque

384 3756 514 3826 ejus
571 3755 880 3810 ministros
939 3755 1328 3823 confudisset,
1392 3762 1568 3826 atque
1654 3757 1912 3813 vicisset.
1970 3759 2040 3812 Et

383 3843 619 3898 reddita
647 3844 807 3899 hunc
841 3845 902 3898 in
958 3845 1204 3900 modum
1267 3845 1441 3901 beata
1497 3846 1718 3912 anima,
1771 3846 2038 3918 sepultus

379 3932 514 3988 fuit.

933 4204 1172 4258 EODEM
1214 4204 1466 4258 MENSE.

1020 4293 1124 4347 Die
1156 4293 1388 4348 decima

382 4382 530 4435 107
581 4382 867 4438 Certamen
933 4389 1247 4509 sancEtOLam
1285 4388 1595 4466 martyrum
1650 4382 1938 4454 Eulampii
1981 4389 2034 4437 et

1083 4472 1119 4509 ιι
1183 4471 1364 4509 mmae.

1083 4471 1364 4524 utampue.

447 4542 796 4614 Eulampius
826 4544 1045 4599 Christi
1079 4550 1324 4614 martyr.
1357 4550 1416 4598 et
1444 4543 1754 4615 Eulampia
1775 4544 1905 4615 ejus
1937 4561 2029 4599 so-

373 4649 494 4699 ror,
556 4633 1058 4701 Nicomedienses,
1119 4633 1470 4689 Maximiano
1534 4634 1910 4704 imperatore,
1964 4638 2029 4688 ut

374 4721 852 4790 persecutionem
886 4723 1311 4788 devitarent,in
1333 4727 1596 4776 montem
1621 4739 1683 4777 se
1710 4739 1844 4776 cum
1868 4721 2022 4776 mul-

372 4806 450 4860 tis
480 4807 615 4861 aliis
646 4809 996 4864 Christianis
1026 4809 1337 4864 abdidere;
1359 4810 1662 4865 Profectus
1719 4827 1854 4864 vero
1905 4811 2022 4864 Eu-

373 4895 632 4966 lampius
664 4897 724 4950 in
759 4897 965 4952 urbem
1023 4897 1097 4953 ad
1145 4914 1445 4953 annonam
1497 4898 1834 4966 emendam,
1881 4915 2017 4954 cum

371 4986 676 5056 prOposita
706 4987 766 5042 in
824 4987 950 5042 foro
1003 4989 1386 5058 imperatoria
1434 4988 1626 5044 edicta
1672 4989 1916 5044 vidisset
1962 4994 2021 5043 et

369 5075 613 5146 legeret,
674 5078 1142 5148 comprehensus
1200 5077 1272 5133 ab
1320 5078 1616 5132 idolorum
1667 5077 2016 5144 cultoribus,

373 5165 603 5220 sistitur
625 5166 968 5238 imperatori
1000 5185 1013 5234 ;
1040 5173 1099 5222 et
1116 5173 1448 5238 pertractus
1469 5166 1530 5221 in
1547 5166 1845 5222 idolorum
1868 5171 2020 5221 tem-

369 5254 558 5324 plum,
592 5261 658 5309 ut
688 5256 1047 5323 immolaret,
1081 5262 1355 5328 precatus
1385 5262 1476 5310 est
1511 5257 1807 5311 Christum
1838 5273 1850 5309 :
1893 5256 2015 5310 col-

368 5343 672 5415 lapsisque
705 5345 779 5400 ad
808 5351 1046 5412 terram,
1081 5351 1140 5400 et
1185 5345 1456 5400 contritis
1509 5345 1708 5412 idolis,
1754 5346 2016 5415 torqueri

371 5432 566 5501 coepit.
602 5432 767 5495 Quod
798 5433 894 5486 ubi
928 5434 1197 5503 cognovit
1227 5433 1537 5504 Eulampia
1567 5449 1751 5498 soror,
1777 5433 2021 5488 descen-

373 5519 459 5572 dit
480 5520 549 5574 de
574 5527 798 5585 monte,
822 5527 882 5576 et
906 5523 966 5575 in
993 5522 1193 5576 media
1216 5522 1386 5576 turba
1416 5521 1657 5577 fratrem
1687 5523 2018 5593 complexa,

375 5608 594 5662 sociam
623 5626 684 5663 se
718 5611 1063 5666 certaminis
1095 5611 1182 5665 illi
1235 5611 1528 5682 adjunxit.
1588 5613 1652 5666 In
1697 5613 2019 5668 ferventem

374 5698 553 5767 igitur
573 5699 854 5754 cacabum
871 5700 1044 5756 ambo
1069 5701 1200 5774 conj
1211 5701 1412 5772 ecti,et
1434 5702 1765 5759 incolumes
1778 5705 2017 5776 egressi,

2163 3402 2348 3443 σαντες
2393 3379 2562 3455 ὠμῶς
2613 3379 2703 3434 καὶ
2760 3379 3160 3454 ἀπανθρώπως,
3215 3375 3529 3432 τελευταῖον
3589 3371 3818 3452 ῥάϐδοις

2162 3470 2461 3544 πλήξαντες
2519 3469 2833 3545 ἐφόνευσαν,
2897 3467 3187 3541 δοξάζοντα
3241 3469 3334 3522 τὸν
3395 3465 3594 3543 Κύριον
3654 3464 3820 3539 ἡμῶν

2152 3565 2363 3630 Ἰησοῦν
2436 3560 2671 3630 Χριστὸν
2761 3557 2928 3634 μέχρι
3016 3563 3119 3627 τῆς
3203 3555 3441 3630 ἰσχάτης
3514 3555 3816 3624 ἀναπνοῆς·

2149 3651 2240 3706 καὶ
2296 3649 2724 3726 εὐχαριστοῦντα
2795 3653 2900 3720 τῷ.
2960 3647 3100 3722 ἁγίῳ
3183 3643 3347 3701 αὐτοῦ
3427 3644 3675 3718 ὀνόματι,
3735 3649 3818 3717 τῷ

2155 3741 2517 3815 βοηθήσαντι,
2545 3738 2632 3792 καὶ
2691 3739 3082 3812 συνεργήσαντι
3141 3734 3310 3806 αύτῷ,
3371 3733 3447 3796 είς
3504 3734 3568 3787 τὸ
3624 3753 3820 3788 καται-

2151 3833 2370 3904 σχῦναι,
2403 3828 2492 3882 καὶ
2523 3830 2739 3895 νικῆσαι
2789 3827 2883 3880 τὸν
2937 3819 3224 3893 διάϐολον,
3275 3824 3365 3878 καὶ
3407 3821 3535 3884 τοὺς
3584 3825 3814 3876 ποιοῦν-

2156 3938 2251 3979 τας
2297 3918 2366 3972 τὰ
2424 3914 2712 3989 θελήματα
2769 3914 2954 3969 αὐτοῦ.
3019 3914 3116 3967 Καὶ
3174 3912 3318 3967 οὕτω
3375 3907 3652 3986 παραδοὺς
3705 3911 3810 3980 τὴν

2151 4005 2418 4083 μακαρίαν
2451 4005 2615 4060 αὐτοῦ
2647 4004 2859 4079 ψυχὴν,
2892 4003 3084 4077 ἐτάφη.

2695 4192 2874 4248 ΜΗΝΙ
2914 4193 3006 4247 ΤΩ
3051 4192 3242 4247 ΑΥΤΩ.

2143 4371 2416 4444 Ἀθλησις
2469 4375 2576 4426 τῶν
2663 4283 3212 4445 ἀγίωνημίαρτύρων
3294 4363 3627 4439 Εὗλαμπίου
3710 4365 3805 4419 καὶ

2797 4437 3147 4511 Εὐλαμπίας,

2213 4533 2541 4606 Εύλάμπιος
2573 4531 2600 4585 ὁ
2642 4528 2847 4605 μάρτυς
2902 4532 3001 4583 τοῦ
3055 4530 3315 4603 Χριστοῦ,
3363 4525 3452 4581 καὶ
3504 4523 3807 4597 Εὐλαμπία

2140 4627 2175 4691 ἡ
2211 4622 2375 4678 αὐτοῦ
2417 4619 2654 4696 ἀδελφὴ,
2717 4620 2969 4693 ὑπῆρχον
3025 4616 3084 4671 ὲκ
3127 4623 3228 4686 τῆς
3277 4614 3493 4676 πόλεως
3552 4616 3808 4687 Νικομη-

2139 4714 2307 4782 δείας,
2364 4712 2452 4768 ἰπὶ
2509 4717 2610 4780 τῆς
2674 4707 2950 4784 βασιλείας
3009 4709 3380 4780 Μαξιμιανοῦ’
3443 4702 3533 4760 διὰ
3591 4702 3648 4759 δὲ
3701 4704 3798 4759 τὸν

2135 4801 2375 4878 διωγμὸν
2435 4799 2892 4872 κατεκρύπτοντο,
2959 4798 3093 4870 μετά
3149 4795 3239 4850 καὶ
3299 4793 3487 4850 ἄλλων
3566 4793 3796 4851 πολλῶν

2129 4895 2466 4968 Χριστιανῶν
2497 4888 2548 4943 ἐν
2589 4893 2669 4960 τῷ
2725 4882 2861 4961 ὄρει.
2925 4885 3210 4943 Κατιλθὼν
3271 4881 3330 4938 δὶ
3388 4884 3415 4937 ὁ
3467 4881 3797 4955 Εὐλάμπιος

2130 4983 2205 5044 εἷς
2231 4983 2332 5050 τήν
2365 4979 2528 5034 πόλιν
2585 4976 2722 5053 πρός
2779 4977 2842 5030 τὸ
2899 4976 3161 5050 ἀγοράσαι
3217 4971 3446 5050 τροφὰς,
3507 4971 3598 5026 καὶ
3657 4968 3792 5024 ἰδὼν

2126 5071 2424 5149 γράμματα
2454 5066 2844 5142 προτεθείμένα
2875 5064 2952 5127 είς
3007 5065 3106 5133 τὴν
3157 5063 3359 5138 ἀγορὰν
3407 5065 3516 5116 τῶν
3568 5060 3788 5134 βασιλι-

2128 5166 2237 5218 κῶν
2272 5158 2579 5228 διατάξεων’
2613 5154 2700 5210 καὶ
2733 5159 2901 5209 ταῦτα
2958 5153 3172 5216 σταθεὶς
3223 5151 3315 5206 καὶ
3381 5150 3790 5224 ἀναγινώσκων,

2128 5251 2400 5324 ἐκρατήθη
2432 5245 2580 5320 παρὰ
2616 5245 2722 5298 τῶέ
2779 5239 3227 5316 εἰδωλολατρῶν,
3287 5238 3378 5294 καὶ
3429 5236 3669 5314 παρέστη
3714 5241 3794 5310 τῷ

2134 5338 2368 5416 βασιλεῖ.
2430 5335 2527 5389 Καὶ
2609 5331 2962 5408 ἀναγκασθεὶς
3022 5328 3284 5392 εἰσελθεῖν
3347 5327 3422 5390 είς
3505 5327 3598 5382 τὸν
3663 5327 3789 5380 ναὸν

2129 5415 2236 5483 τῶν
2272 5423 2542 5490 εἰδώλων,
2606 5421 2693 5476 καὶ
2752 5423 2930 5489 θῦσαι,
2992 5418 3250 5480 εἰσελθὼν
3310 5415 3656 5489 προσηύξατο
3714 5419 3794 5487 τῷ

2132 5520 2367 5589 Χριστιῖν
2447 5514 2537 5567 καὶ
2622 5511 2854 5565 πεσόντα
2935 5509 3001 5562 τὰ
3089 5505 3292 5561 εἷ’δωλα
3379 5499 3791 5579 συνετρίϐησαν.

2133 5601 2572 5675 Βασανιζομένου
2602 5597 2658 5654 δὲ
2691 5599 2858 5653 αὐτοῦ
2891 5595 2981 5651 διὰ
3008 5600 3193 5666 τοῦτο,
3240 5598 3484 5668 μασοῦσα
3510 5595 3544 5663 ἡ
3578 5591 3788 5670 ἀδελφή

2134 5694 2299 5756 αὐτοῦ
2362 5690 2655 5766 Εὐλαμπία
2710 5690 2772 5745 τὸ
2855 5687 3168 5764 γινόμενον,
3257 5685 3525 5757 κατῆλθεν
3581 5683 3641 5741 ἐκ
3692 5686 3790 5740 τοῦ
