4142 6456
283 402 390 466 101

1861 400 2246 463 OCTOBER.

3645 403 3763 464 102

295 539 478 612 ὅρους,
506 536 607 590 καὶ
637 534 1018 609 περιεπλάκη
1075 539 1156 608 τῷ
1210 531 1434 613 ἀδελφῷ
1475 534 1637 607 μὲσον
1663 535 1761 588 τοῦ
1792 528 1993 607 ὄχλου,

2122 535 2400 592 miraculo
2430 535 2516 591 rei
2573 535 2862 592 ducentos
2919 536 3140 592 milites
3193 535 3269 592 ad
3324 536 3542 592 Christi
3583 535 3765 592 ﬁdem

300 630 388 684 καὶ
446 625 875 703 συνηγωνίζετο
939 624 1114 696 αὐτῷ·
1173 625 1292 679 ὅθεν
1351 618 1720 696 ἐμϐληθέντες
1779 620 1855 683 εἷς
1903 620 1998 676 λέ-

2110 630 2362 690 traxere,
2394 640 2529 680 cum
2562 626 2780 696 quibus
2808 626 3001 698 capite
3031 626 3189 698 plexi
3217 631 3375 681 sunt.

311 715 456 789 ϐητα
481 715 875 792 κοχλάζοθτα,
911 713 1145 788 ἐξῆλθον
1177 706 1458 776 ἀϐλαϐεῖς.
1490 710 1588 768 Καὶ
1642 707 1850 774 ἰδόντες
1899 710 1962 765 τὸ
2012 714 2192 786 θαῦμα
2243 709 2512 767 διακόσιοι
2565 718 2915 790 στρατιῶται,
2946 713 3259 771 ἐπίστευσαν
3288 717 3366 786 τῷ
3398 719 3644 791 Χριστῷ,
3674 714 3765 770 καὶ

322 809 416 863 σὺν
444 805 633 869 αὐτοῖς
662 803 1216 882 ἀπεκεφαλίσθησαν.

908 925 991 995 Τῇ
1043 920 1179 994 αὐτῇ
1222 918 1422 994 ἡμέρᾳ·

485 1016 705 1086 Μνήμη
735 1016 839 1067 τοῦ
881 1011 1041 1066 όσίου
1072 1009 1280 1082 [ἰατρὸς
1312 1010 1473 1081 ἡμῶν
1503 1009 1825 1064 Βασσιανοῦ.

397 1108 462 1163 '0
487 1107 637 1165 ὅσιος
679 1103 870 1175 Πατὴρ
929 1102 1092 1170 ἡμῶν
1152 1097 1470 1164 Βασσιανὸς,
1501 1095 1567 1163 ἦν
1599 1095 1648 1169 ἐξ
1678 1095 2000 1152 Ἀνατολῶν

327 1199 426 1265 τῆς
461 1195 655 1267 Σόρων
707 1191 920 1266 χώρας.
981 1187 1106 1246 Ἐπὶ
1164 1185 1222 1241 δὶ
1277 1189 1588 1261 Μαρκιανοῦ
1616 1187 1712 1240 τοῦ
1744 1180 2001 1249 εὐσεϐοῦς

334 1286 608 1362 βασιλεως
667 1280 922 1352 εἰσῆλθεν
980 1279 1032 1336 ἐν
1089 1277 1680 1334 Κωνσταντινουπόλει.
1740 1275 1844 1333 Καὶ
1911 1274 2001 1331 διὰ

329 1379 431 1446 τήν
467 1376 667 1450 ἇρετήν
699 1373 868 1426 αὐτοῦ
905 1368 1172 1446 γνωρίσας
1232 1367 1392 1422 αὐτὸν
1435 1367 1463 1421 6
1517 1364 1793 1442 βασιλεὺς,
1842 1363 2002 1438 ἐτίμα

334 1468 496 1523 αὑτὸν
560 1463 635 1525 ὡς
695 1461 900 1536 πατέρα
953 1462 1236 1528 τοσοῦτον,
1296 1454 1379 1510 ὅτι
1435 1456 1524 1510 καὶ
1575 1455 1666 1511 τὸν
1698 1455 1824 1510 ναὸν
1853 1451 1997 1510 ἔκτι-

338 1578 424 1612 σεν
466 1553 557 1609 ἐπὶ
605 1556 686 1620 τῷ
745 1545 976 1622 ὀνόματι
1033 1547 1222 1616 αὐτοῦ,
1285 1546 1433 1606 ὅστις
1496 1545 1662 1620 μέχρι
1691 1545 1792 1615 τῆς
1824 1546 2002 1616 σήμε-

342 1668 434 1722 ρον
467 1645 727 1717 ὑπάρχει.
759 1643 1023 1698 Τοιοῦτος
1053 1634 1110 1691 δὲ
1145 1636 1212 1706 ἦν
1263 1633 1612 1712 ψυχωφελῶν
1643 1632 1733 1689 καὶ
1761 1631 2004 1688 διδακτι-

346 1736 468 1805 κὸς,
503 1733 574 1793 ὡς
621 1727 871 1789 πολλοὺς
919 1726 1120 1781 πείθειν
1173 1725 1265 1780 τὸν
1317 1724 1526 1795 κόσμον
1568 1722 2000 1796 καταλιμπάνειν

349 1825 442 1878 καὶ
474 1818 749 1895 μοναχους
805 1816 1068 1892 γίνεσθαι.
1126 1813 1218 1884 Ἐξ
1277 1813 1352 1867 ὥν
1410 1812 1477 1881 ἦν
1536 1811 1627 1866 καὶ
1658 1815 1694 1880 ἡ
1725 1811 1857 1886 ἁγία
1888 1817 2001 1866 Ma.

341 1918 544 1986 τρῶνα.
606 1906 960 1977 ’Βπληθύνθη
1024 1905 1130 1978 γὰρ
1197 1904 1226 1958 6
1293 1901 1527 1977 ἀριθμὸς
1587 1905 1698 1956 τῶν
1747 1906 2005 1974 μαθητῶν

2764 925 2981 980 Eodem
3013 925 3106 980 die

2111 1013 2262 1067 108
2295 1014 2746 1069 Commemoratio
2801 1018 2979 1070 sancti
3039 1017 3219 1070 Patris
3276 1017 3450 1069 nostri
3489 1017 3764 1072 Bassiani.

2182 1102 2430 1157 Sanctus
2490 1105 2666 1158 Pater
2720 1110 2924 1159 noster
2980 1104 3317 1171 Bassianus,
3378 1121 3448 1158 ex
3489 1104 3766 1159 orientali

2109 1192 2390 1262 Syrorum
2419 1193 2660 1266 regione
2689 1194 3000 1262 oriundus,
3045 1194 3335 1248 Marciano
3377 1193 3474 1265 pio
3508 1194 3768 1266 impera-

2109 1284 2257 1345 tore,
2320 1279 2899 1354 Constantinopolim
2975 1283 3293 1353 profectus,
3360 1281 3436 1336 ob
3490 1281 3766 1337 virtutem

2111 1384 2280 1423 suam
2326 1369 2670 1441 imperatori
2715 1372 2914 1426 statim
2963 1370 3244 1438 innotuit,
3277 1371 3377 1442 qui
3428 1387 3548 1425 non
3591 1370 3767 1426 modo

2111 1475 2247 1513 eum
2294 1465 2579 1532 tanquam
2627 1467 2855 1533 patrem
2904 1461 3156 1529 colebat,
3186 1460 3291 1517 sed
3334 1467 3391 1516 et
3417 1461 3572 1516 aedes
3606 1461 3769 1516 illius

2113 1548 2376 1615 nomine,
2411 1567 2544 1620 quae
2576 1551 2648 1606 ad
2682 1551 2838 1606 hunc
2871 1568 3060 1622 usque
3105 1550 3262 1606 diem
3294 1555 3547 1617 exstant,
3581 1549 3770 1605 aedifi-

2112 1637 2282 1693 cavit.
2318 1639 2450 1693 Fuit
2480 1640 2641 1694 enim
2673 1639 2746 1695 ad
2793 1640 3127 1695 docendum
3171 1640 3671 1712 appositissimus,
3706 1645 3772 1694 ut

2111 1725 2320 1781 multis
2351 1727 2759 1798 persuaderet,
2782 1729 2991 1784 relicto
3016 1729 3233 1784 saeculo
3266 1730 3656 1784 monasticam
3687 1727 3775 1782 vi-

2114 1821 2234 1871 tam
2266 1832 2438 1888 agere
2465 1834 2477 1872 :
2511 1819 2573 1872 in
2605 1835 2860 1889 quorum
2896 1835 3148 1874 numero
3178 1819 3292 1873 fuit
3321 1824 3527 1874 sancta
3557 1821 3774 1872 Matro-

2112 1921 2228 1960 na:
2261 1907 2562 1977 crevitque
2611 1907 3043 1978 discipulorum
3093 1909 3222 1980 ejus
3267 1925 3553 1964 numerus
3585 1923 3773 1978 usque

342 1983 507 2055 πυτοῦ
541 1998 710 2071 μέχρι
764 1991 1114 2068 τριακοσίων.
1164 1988 1344 2047 Ἀλλὰ
1399 1989 1488 2043 καὶ
1541 1986 1788 2062 θαύματα
1818 1987 2005 2044 πολλὰ

2122 1993 2186 2050 ad
2219 2001 2538 2050 trecentos.
2601 1996 2690 2051 Ad
2745 1997 2871 2052 hinc
2917 1997 3106 2052 multa
3163 1997 3454 2052 miracula
3501 1997 3770 2068 patravit.

341 2090 594 2158 ἐποίησε·
683 2085 771 2138 καὶ
859 2080 986 2143 τοὺς
1073 2078 1149 2141 είς
1241 2077 1554 2151 πταίσματα
1616 2077 2006 2150 περιπεσόντας

345 2178 564 2254 μεγαλα
619 2176 706 2231 καὶ
769 2173 847 2236 εἲς
909 2171 1217 2246 ἀπόγνωσιν
1295 2168 1654 2245 ἐρχομένους,
1718 2168 2009 2242 συμπαθὴς

342 2268 444 2338 ὣν,
502 2271 615 2322 τῶν
667 2268 766 2319 τοῦ
824 2257 1089 2317 διαϐόλου
1145 2263 1349 2336 χειρῶν
1402 2257 1720 2332 ἐλυτροῦτο,
1778 2258 1868 2312 καὶ
1921 2254 2010 2312 διὰ

339 2354 638 2432 μετανοίας
698 2353 997 2428 προσέφερε
1050 2347 1131 2422 τῷ
1183 2346 1558 2426 φιλανθρώπῳ
1615 2351 1752 2418 Θεῷ.
1809 2350 1912 2402 Ἦν
1953 2343 2011 2401 δὲ

336 2448 428 2503 καὶ
463 2443 851 2520 προορατικὸς,
885 2440 976 2494 καὶ
1017 2437 1302 2513 προλέγων
1351 2437 1420 2491 τὰ
1471 2435 1772 2509 μέλλοντα,
1806 2434 2008 2512 ὠφέλει

337 2533 620 2596 πολλούς.
669 2530 829 2589 Οὕτω
880 2526 938 2583 δὲ
989 2528 1212 2604 βιώσας,
1273 2524 1326 2581 ἐν
1386 2524 1669 2600 βαθυτάτῳ
1697 2525 1845 2600 γήρᾳ
1874 2525 2009 2599 πρὸς

341 2625 544 2700 Κύριον
606 2617 931 2691 ἐξεδήμησε,
984 2616 1071 2670 καὶ
1133 2613 1301 2692 ἐταφη
1361 2615 1506 2690 παρὰ
1565 2617 1674 2668 τῶν
1749 2617 2006 2687 μαθητῶν

341 2714 513 2770 αὐτοῦ
543 2710 596 2766 ἐν
631 2713 711 2781 τῷ
742 2705 1049 2779 δηλωθέντι
1085 2705 1252 2760 αὐτοῦ
1281 2707 1414 2776 ναῷ.

950 3003 1038 3074 Τῇ
1064 2998 1201 3074 αὗτῇ
1231 2995 1413 3072 ἡμέρᾳ

413 3124 627 3195 Μνήμη
683 3123 780 3174 τοῦ
839 3116 994 3172 ὁσίου
1051 3115 1287 3195 ῌατρὸς-
1319 3116 1481 3187 ἡμῶν
1542 3105 1806 3169 Ἰακώϐου
1843 3115 1940 3167 τοῦ

1053 3187 1312 3258 dmin-WB.

415 3316 477 3371 ’0
545 3312 698 3373 ὅσιος
764 3309 948 3380 Πατὴρ
1037 3308 1197 3379 ἡμῶν
1279 3299 1540 3366 Ἰάκωϐος
1624 3303 1678 3359 ἐν
1745 3302 2008 3374 ἀσκηταῖς

346 3411 513 3476 μέγας
573 3399 810 3475 ἐγένετο·
865 3397 1094 3466 νικήσας
1157 3394 1251 3466 μὲν
1310 3394 1402 3448 τὸν
1458 3388 1743 3462 διάϐολον,
1801 3391 1892 3448 καὶ
1923 3415 2008 3447 νι-

343 3493 536 3561 κηθεὶς
573 3491 662 3546 ὑπ’
692 3489 882 3554 αὐτοῦ,
915 3487 1006 3541 καὶ
1051 3485 1380 3560 περιπεσὼν,
1411 3482 1560 3539 ἀλλᾶ
1588 3483 1752 3539 πάλιν
1786 3485 2012 3554 νικήσας

350 3581 509 3636 αὑτὸν
569 3579 964 3653 γενναιότερον.
1029 3574 1268 3644 Οἰκήσας
1323 3573 1426 3648 γὰρ
1485 3571 1538 3628 ἐν
1596 3572 1877 3644 σπηλαίῳ,
1923 3561 2014 3626 καὶ

359 3669 632 3743 ἡσυχάσας
688 3663 782 3735 ἔτη
844 3663 1134 3720 δεκαπέντε
1181 3658 1346 3718 ἔλαϐε
1400 3662 1546 3738 παρὰ
1592 3663 1727 3718 Θεοῦ
1771 3663 2014 3734 ἐξουσίαν

363 3762 462 3812 τοῦ
494 3754 699 3812 διώκειν
733 3755 860 3817 τοὺς
885 3753 1167 3826 δαίμονας.
1197 3753 1380 3807 Θὲλων
1416 3749 1472 3806 δὲ
1501 3750 1662 3806 αὐτὸν
1693 3751 1721 3805 6
1753 3747 2015 3813 διάϐολος

356 3850 510 3926 ῥίψαι
543 3848 617 3910 εἰς
647 3847 902 3922 πορνείαν
961 3843 1052 3900 καὶ
1113 3865 1296 3921 φονον,
1357 3842 1612 3912 εἰσῆλθεν
1641 3841 1720 3905 εἰς
1751 3844 2017 3917 θυγατέρα

351 3939 626 3993 πλουσίου
681 3936 851 4006 τινὸς,
909 3933 999 3988 καὶ
1054 3929 1449 4008 παρεσκεύασεν
1507 3932 1676 3999 αὐτὴν
1733 3930 2014 3986 ἐπικαλεῖ-

349 4030 471 4082 σθαι
501 4028 597 4081 τὸν
629 4026 807 4100 ἅγιον.
862 4024 1278 4098 Ἐρευνήσαντες
1335 4018 1426 4076 οὖν
1483 4021 1536 4074 οἱ
1586 4025 1765 4096 γονεῖς
1793 4027 1892 4089 τῆς
1921 4019 2018 4074 κό-

347 4137 476 4189 ρης,
538 4114 631 4168 καὶ
692 4113 936 4185 εὑρόντες
1005 4111 1069 4165 τὸ
1151 4108 1445 4179 σπήλαιον,
1506 4107 1789 4184 ὰπήγαγον
1845 4109 2014 4176 αὐτὴν

345 4207 487 4277 πρὸς
566 4201 750 4270 αὐτὸν,
825 4201 914 4254 καὶ
990 4197 1360 4273 παρεκάλεσαν
1449 4199 1792 4272 θεραπεῦσαι·
1865 4197 1893 4251 6
1961 4194 2019 4251 δὲ

345 4294 670 4364 εὐξάμενος,
717 4286 971 4360 ἐξήλασεν
1029 4285 1090 4342 ἔκ
1142 4293 1242 4356 τῆς
1299 4287 1470 4360 κόρης
1509 4287 1600 4340 τὸν
1635 4283 1882 4358 δαίμονα.
1921 4288 2015 4342 Καὶ

345 4379 682 4461 φοϐηθέντες
742 4381 793 4434 οἱ
852 4383 1030 4454 γονεῖς
1087 4376 1276 4445 αὐτῆς,
1338 4377 1537 4448 μήπως
1598 4373 1818 4450 είσέλθῃ
1849 4373 2015 4430 πάλιν

346 4459 428 4535 εἷς
485 4469 658 4539 αὐτην
718 4470 746 4522 6
806 4465 1036 4540 δαίμων,
1097 4466 1308 4542 ἀφῆκαν
1365 4462 1494 4534 ἐκεῖ,
1555 4459 1660 4526 ’ἕως
1703 4463 1764 4518 οὗ
1793 4462 2018 4526 τελείως

347 4561 577 4635 fartim.
637 4558 920 4630 Ἔφθειρεν
981 4555 1073 4610 οὗν
1127 4556 1229 4622 τήν
1287 4552 1457 4629 κόρην
1514 4554 1542 4607 6
1601 4553 1867 4624 ἀσκητὴς
1903 4555 2019 4607 εἶτα

345 4650 626 4726 ἐφόνευσε·
679 4646 770 4701 καὶ
827 4638 1108 4722 φοϐηθεὶς,
1169 4637 1352 4721 ἔφυγε.
1411 4643 1514 4698 Καὶ
1563 4641 1702 4696 κατὰ
1746 4642 1846 4708 τήν
1889 4639 2013 4696 ὁδὸν

2114 2087 2409 2141 Praaterea
2435 2086 2483 2141 si
2507 2087 2641 2157 quis
2663 2087 2725 2141 in
2751 2087 3168 2158 gravissimum
3190 2087 3432 2158 aliquod
3463 2092 3774 2158 peccatum

2114 2173 2318 2246 lapsus
2349 2181 2526 2242 esset,
2552 2181 2612 2231 et
2641 2175 2860 2231 idcirco
2916 2175 2987 2230 de
3038 2192 3144 2230 sua
3189 2175 3378 2231 salute
3406 2175 3774 2246 desperaret,

2113 2263 2201 2318 vir
2253 2269 2494 2318 sanctus
2551 2264 2679 2335 pari
2737 2280 2872 2319 cum
2931 2281 2998 2319 eo
3060 2264 3264 2320 dolore
3323 2271 3620 2336 suscepto,
3655 2281 3776 2320 non

2115 2352 2282 2422 prius
2334 2358 2551 2407 conatu
2600 2353 2944 2420 desistebat,
2998 2370 3176 2425 quam
3224 2353 3456 2424 lapsum
3493 2371 3523 2408 e
3554 2353 3776 2408 diaboli

2113 2441 2391 2496 manibus
2425 2447 2717 2514 ereptum,
2750 2458 2856 2513 per
2884 2442 3298 2513 paenitentiam
3331 2441 3403 2497 ad
3437 2443 3622 2496 Deum
3654 2441 3774 2496 cle-

2114 2530 2556 2585 mentissimum
2604 2530 2944 2602 adduceret.
2982 2533 3232 2602 Insuper
3259 2531 3586 2602 prophetiaa
3619 2529 3777 2584 dono

2114 2615 2390 2686 illustris,
2423 2635 2559 2674 cum
2615 2619 2817 2674 futura
2864 2619 3234 2690 prmdiceret,
3277 2619 3482 2674 multis
3531 2619 3774 2690 profuit.

2116 2711 2333 2764 Exacta
2363 2725 2469 2779 per
2498 2709 2658 2764 hunc
2691 2709 2936 2764 modum
2971 2710 3106 2777 vita,
3130 2709 3437 2764 confectus
3469 2708 3638 2763 senio
3668 2708 3780 2762 mi-

2117 2798 2303 2871 gravit
2331 2797 2406 2852 ad
2438 2798 2780 2866 Dominum,
2807 2804 2865 2854 et
2889 2815 2924 2854 a
2945 2798 3258 2870 discipulis
3281 2799 3403 2853 suis
3435 2798 3496 2853 in
3525 2796 3777 2866 aedibus,

2119 2903 2252 2958 quas
2285 2887 2414 2959 ejus
2445 2903 2668 2943 nomen
2700 2887 3045 2959 praeferunt,
3079 2887 3347 2959 sepultus
3380 2892 3489 2942 est.

2761 3003 2983 3060 Eodem
3038 3003 3133 3059 die

2117 3121 2271 3176 I09
2335 3120 2784 3177 Commemoratio
2847 3123 3026 3176 sancti
3113 3121 3298 3176 Patris
3344 3121 3522 3175 nostri
3583 3121 3778 3174 Jacobi

2836 3199 3046 3248 ascetae.

2194 3308 2444 3363 Sanctus
2473 3310 2648 3363 Pater
2699 3313 2905 3364 noster
2956 3308 3208 3364 Iacobus
3257 3324 3508 3380 magnus
3560 3311 3780 3376 asceta,

2123 3414 2257 3453 cum
2290 3414 2446 3468 saepe
2474 3398 2780 3453 victoriam
2838 3398 2911 3453 de
2969 3397 3206 3452 diabolo
3239 3397 3562 3464 retulisset,
3591 3401 3778 3455 victus

2121 3492 2181 3542 et
2211 3487 2337 3556 ipse
2369 3486 2713 3556 aliquando,
2749 3491 2946 3541 tamen
2977 3487 3194 3541 iterum
3227 3502 3363 3540 eum
3395 3503 3464 3540 eo
3495 3504 3778 3560 congres-

2123 3593 2244 3640 sus,
2273 3575 2547 3646 superior
2576 3593 2605 3629 e
2636 3575 2842 3647 proelio
2875 3575 3168 3630 discessit.
3197 3577 3341 3630 Nam
3380 3591 3516 3631 cum
3545 3577 3609 3632 in
3645 3594 3780 3648 spe-

2123 3664 2302 3720 lunca
2331 3681 2522 3720 annos
2546 3665 2889 3735 quindecim
2913 3663 3236 3736 tranquille
3267 3665 3504 3737 egisset,
3525 3664 3781 3737 dataque

2123 3755 2236 3826 ipsi
2268 3759 2421 3809 esset
2454 3771 2487 3810 a
2519 3755 2636 3809 Deo
2666 3754 3065 3827 fugandorum
3114 3753 3455 3808 daamonum
3495 3760 3777 3826 potestas,

2124 3849 2458 3898 commotus
2491 3843 3002 3912 invidia'daemon,
3036 3849 3307 3899 sanctum
3341 3845 3533 3900 virum
3564 3846 3627 3900 in
3659 3850 3782 3900 stu-

2124 3949 2297 4003 prum
2328 3937 2388 3986 et
2412 3932 2802 3988 homicidium
2837 3933 3100 4004 pellexit.
3147 3934 3453 4004 Ingressus
3486 3934 3646 3988 enim
3677 3950 3786 3988 cu-

2116 4021 2357 4093 jusdam
2388 4021 2586 4076 divitis
2619 4021 2824 4090 filiam,
2857 4021 3151 4094 suggessit
3173 4026 3238 4076 ut
3259 4022 3538 4078 Iacobum
3567 4021 3786 4094 implo-

2125 4115 2302 4164 raret.
2356 4111 2717 4165 Perscrutati
2764 4111 2945 4182 igitur
2989 4115 3266 4182 parentes
3296 4111 3511 4181 puellm
3545 4111 3786 4182 spelun-

2125 4216 2278 4267 cam,
2311 4198 2550 4254 ductam
2583 4200 2656 4254 ad
2690 4205 2961 4255 sanctum
2986 4199 3190 4268 tiliam,
3215 4205 3518 4271 rogarunt,
3543 4207 3608 4255 ut
3638 4201 3788 4255 libe-

2124 4295 2280 4344 raret
2301 4307 2313 4344 :
2338 4289 2737 4358 qui,adhibita
2757 4289 3223 4360 prece,pr0pulit
3241 4289 3313 4344 ab
3336 4306 3405 4344 ea
3426 4290 3783 4345 daemonem.

2125 4379 2409 4432 Parentes
2433 4394 2568 4431 vero
2613 4377 2782 4431 veriti
2832 4393 2906 4432 ne
2958 4377 3175 4431 iterum
3207 4393 3241 4431 a
3270 4377 3565 4431 daamonio
3599 4379 3787 4432 corri-

2123 4471 2382 4538 peretur,
2410 4465 2492 4520 ibi
2525 4482 2654 4521 eam
2681 4465 3074 4536 reliquerunt,
3100 4464 3295 4536 quoad
3325 4465 3510 4520 libera
3535 4466 3781 4521 omnino

2122 4554 2490 4610 redderetur.
2525 4559 2600 4609 At
2627 4560 2826 4610 asceta
2868 4555 3093 4608 vitiavit
3141 4554 3422 4624 puellam,
3455 4560 3514 4608 et
3544 4555 3783 4610 occidit.

2125 4646 2314 4710 Quare
2343 4643 2553 4698 timore
2584 4643 2916 4715 perculsus,
2951 4645 3010 4697 in
3043 4643 3240 4715 fugam
3271 4660 3332 4698 se
3365 4645 3640 4713 conjecit.
3672 4644 3784 4700 Sed

348 4713 786 4812 μεταμεληθεὶς,
840 4706 1107 4802 εἰσῆλθεν,
1155 4706 1232 4794 εἰς
1285 4706 1455 4810 τάφον
1501 4728 1735 4785 κλαίων’
1769 4706 1859 4785 καὶ
1891 4751 2009 4785 τοσ-

2126 4734 2187 4788 in
2219 4734 2310 4787 via
2341 4733 2690 4804 pmnitentia
2719 4732 2952 4796 ductus,
2986 4734 3329 4803 effususque
3361 4733 3423 4786 in
3464 4733 3782 4805 lacrymas,

346 4834 507 4884 οὖτον
565 4823 891 4895 ἐκαθαρίσθη
951 4829 1050 4892 τῆς
1111 4820 1404 4894 ἁμαρτίας,
1461 4819 1536 4882 ὠς
1585 4818 1639 4874 ἐν
1671 4815 1914 4894 ἀϐροχία
1944 4817 2015 4874 δι’

346 4919 523 4992 εὐχῆς
596 4915 746 4970 ὑετὸν
826 4916 1168 4988 καταγαγεῖν’
1236 4910 1324 4964 καὶ
1403 4907 1548 4964 οὕτω
1621 4907 2005 4977 τελειωθῆναι.

890 5090 1076 5148 ΜΠΝΙ
1123 5094 1209 5143 ΤΩ
1265 5089 1470 5145 ΑΥΤΩ.

1139 5206 1224 5260 1Α’

340 5333 540 5405 κνήμη
599 5334 711 5385 τῶν
769 5317 1281 5405 ἁγίωνιιζηναΐδος.
1329 5319 1419 5405 καὶ
1498 5317 1849 5388 Φιλονίλλης
1905 5326 2008 5389 τῆς

924 5391 1168 5470 ἀδελφῆς
1226 5391 1436 5456 αὐτῆς..

397 5525 453 5582 Ἡ
512 5525 644 5578 ὁσία
695 5513 918 5586 Ζηναῒς
986 5509 1120 5580 μιτὰ
1172 5514 1271 5576 τῆς
1323 5504 1567 5582 ἀδελφῆς
1627 5505 1794 5573 αὐτῆς
1834 5506 2012 5562 Φιλο-

317 5615 524 5689 νίλλης,
611 5615 892 5681 ὑπῆρχεν
977 5599 1107 5689 μὲνΔ
1175 5595 1253 5689 ὲκλ
1305 5593 1735 5689 ἤςιῆπόλεωςη
1770 5597 2006 5672 Ταρσοῦ,

306 5681 572 5790 συγγενὴς
635 5703 792 5760 οὖσα
858 5692 964 5746 τοῦ
1021 5685 1175 5762 ἁγίου
1230 5681 1542 5740 ἀποστόλου
1599 5681 1840 5740 Παύλου.
1897 5689 2012 5741 Με-

2125 4824 2186 4877 in
2219 4822 2559 4893 sepulcrum
2583 4839 2644 4877 se
2676 4821 2941 4876 abdidit:
2975 4821 3076 4877 ubi
3109 4827 3420 4893 peccatum
3455 4823 3539 4878 sic
3570 4825 3782 4894 expia-

2119 4913 2221 4978 vit,
2251 4917 2318 4967 ut
2346 4912 2406 4966 in
2437 4928 2654 4984 magna
2695 4912 2960 4966 siccitate
3005 4911 3262 4966 imbrem
3303 4912 3375 4967 de
3406 4912 3554 4969 cmlo
3586 4913 3777 4984 impe-

2121 5002 2379 5056 traverit.
2415 5002 2607 5072 Atque
2639 5000 2781 5054 item
2815 4999 2998 5055 ﬁnem
3029 4999 3261 5055 vivendi
3293 5001 3453 5056 fecit.

2677 5087 2918 5143 EODEM
2961 5089 3212 5144 MENSE.

2726 5203 2828 5258 Die
2855 5203 3173 5260 undecima

2119 5321 2274 5376 no
2325 5321 2780 5375 Commemoratio
2828 5327 3147 5376 sanctarum
3198 5323 3448 5378 Zenaidis
3495 5330 3546 5378 et
3587 5322 3783 5377 Philo-

2730 5392 2887 5449 nillw
2906 5409 3174 5447 sororum.

2193 5508 2408 5562 Sancta
2449 5507 2656 5562 Zenais
2705 5523 2840 5562 cum
2900 5524 3102 5562 sorore
3159 5507 3502 5573 Philonilla,
3535 5523 3602 5561 ex
3635 5505 3782 5562 urbe

2119 5599 2298 5652 Tarso
2325 5597 2458 5665 fuit,
2482 5596 2792 5669 sanguinis
2814 5597 3256 5668 propinquitate
3284 5600 3488 5650 sancto
3509 5595 3780 5666 apostolo

2120 5686 2302 5742 Paulo
2333 5686 2670 5759 conjuncta.
2732 5686 2803 5739 Et
2855 5684 3115 5756 primum
3144 5681 3388 5755 quidem
3418 5683 3780 5740 medicinam
