4142 6430
385 393 499 458 103
520 416 525 437 ι
1703 384 2039 451 MENOIiO'

2154 380 2387 451 ’I‘RRS
2432 392 2481 452 Ι.
3688 390 3824 453 ιοιί

381 525 672 600 professa,
700 526 920 581 deinde
951 524 1023 581 ab
1053 524 1183 597 ipso
1224 524 1493 596 apostolo
1524 523 1642 580 ﬁde
1672 524 1890 580 Christi
1908 525 2036 579 δὶημ

2151 523 2360 596 ἡρχετο
2418 522 2515 591 τήν
2577 521 2830 595 ἰατρικὴν
2882 518 3109 598 τέχνην.
3172 519 3351 577 Ἀλλά
3411 524 3819 596 μαθητευθεῖσαη

380 616 545 686 buta,
578 613 1041 684 valedixit‘arti;
1090 614 1355 683 divitiis;
1380 614 1675 669 et'swoi‘l
1699 630 1745 682 ;~
1766 614 2039 685 atqtie’in

2152 611 2238 665 ὑπ’
2295 612 2483 683 αὐτοῦ,
2540 612 2804 666 κατὲλτπε
2875 632 2991 666 και·
3042 612 3146 681 τήν
3201 609 3428 687 τέχνην,
3486 614 3576 668 καὶ
3636 614 3833 669 πάντα·

380 704 609 762 remoto
639 705 861 761 montis
891 709 1062 759 antro
1112 703 1441 759 solitariam
1481 703 1660 758 vitam
1674 714 1895 772 agens,
1918 701 2039 757 soli

2146 700 2237 754 τὸν
2296 698 2537 755 πλοῦτον
2594 699 2783 771 αὐτῆς,
2841 702 2927 755 καί
2991 701 3113 770 τῆν’
3150 697 3413 779 ἀδελφήν.
3449 700 3547 755 Καὶ
3576 700 3811 772 ἀνῆλθεν

378 798 520 862 Deo,
551 795 780 866 sibique
829 793 1098 859 vacabat,
1131 793 1333 849 herbis
1379 796 1633 857 tantum,
1666 808 1815 862 quas
1855 807 2039 863 prape

379 884 729 957 speluncam
763 882 940 938 tellus
973 883 1103 954 ipsa
1128 882 1376 946 ferebat,
1399 881 1619 937 famem
1653 887 2035 936 sustentans:

378 973 452 1028 ad
476 989 622 1044 quas
645 972 928 1044 legendas
950 971 1269 1042 aliquando
1295 987 1550 1041 egressa,
1575 971 1794 1043 pressit
1813 971 2041 1042 impru-

376 1063 523 1117 dens
555 1062 971 1117 acutissimum
1002 1061 1232 1116 clavum
1284 1061 1570 1133 ligneum,
1604 1060 1827 1115 diaboli
1858 1076 2041 1132 opera

375 1153 543 1209 humi
574 1152 859 1220 deﬁxum,
912 1151 1325 1224 indignissime
1374 1150 1644 1215 ferentis,
1677 1150 1834 1223 quod
1866 1151 2038 1207 multi

370 1242 603 1298 occulte
634 1242 709 1297 ad
741 1257 871 1297 eam
903 1241 1286 1308 ventitantes,
1340 1240 1416 1296 ad
1460 1240 1676 1297 Christi
1705 1240 1884 1295 ﬁdem
1919 1246 2038 1295 tra-

376 1333 764 1389 ducerentur.
803 1332 943 1397 Quaa
996 1348 1132 1387 cum
1179 1330 1370 1387 dolori
1425 1331 1619 1403 impar
1645 1331 2035 1401 consedisset,

377 1427 443 1477 ut
473 1439 504 1477 e
536 1421 688 1494 pede
717 1421 948 1477 clavum
979 1420 1237 1487 tolleret,
1266 1420 1543 1491 spiritum
1577 1420 1825 1476 Domino
1860 1419 2039 1475 tradi-

374 1510 481 1566 dit.
517 1509 840 1566 Philonilla
888 1514 1091 1565 autem
1143 1508 1305 1565 domi
1360 1510 1716 1579 consistens,
1747 1525 1883 1565 eum
1916 1524 2059 1564 non-

374 1598 617 1664 minori,
638 1613 824 1671 quam
852 1616 1038 1667 soror,
1064 1598 1262 1655 studio
1287 1596 1362 1655 ad
1384 1598 1664 1655 virtutem
1694 1597 2041 1655 contendis-

375 1691 489 1757 set,
508 1703 840 1760 magnoque
871 1703 1107 1759 semper
1127 1687 1292 1744 cultu
1316 1689 1501 1744 Deum
1523 1693 1839 1760 prosecuta
1859 1690 2037 1770 esset,
2060 1730 2065 1747 ί

379 1778 442 1834 in
472 1793 621 1850 pace
652 1776 1007 1841 obdoruivit,

2064 1896 2114 1963 B

1015 1978 1263 2039 Eodem1
1298 1981 1417 2038 die‘

388 2103 467 2157 Il
485 2102 523 2157 ι
563 2088 1015 2158 commemoratio
1062 2096 1507 2170 sdncltap‘ostoli
1536 2084 1811 2171 Philippi,
1837 2092 1903 2155 de
1932 2096 2071 2171 quo‘

477 2177 539 2242 ﬁt
567 2170 779 2228 mentio
817 2172 1150 2228 iri’Actibtts
1185 2170 1931 2241 sanctaruvﬂ'apostoloruml‘

441 2286 777 2358 Philippus,
800 2272 1016 2341 Christi
1036 2284 1354 2356 apostolus
1387 2301 1457 2339 ex
1489 2286 1717 2359 septem
1748 2284 2003 2340 diacono
2017 2316 2043 2359 -η

380 2392 515 2430 rum
548 2390 819 2440 numero,
853 2389 987 2429 cum
1018 2373 1080 2428 in
1110 2372 1257 2428 urbe
1287 2374 1470 2444 Joppe
1501 2358 1798 2427 Christum
1832 2372 2043 2444 prasdi-

384 2468 566 2532 caret,
618 2465 826 2536 jussus
880 2467 969 2518 est
998 2479 1033 2517 a
1062 2454 1281 2533 Spiritu
1315 2466 1518 2517 sancto
1551 2454 1756 2516 Gazam
1805 2454 2040 2533 petere:

383 2568 498 2623 quo
549 2552 609 2607 in
659 2553 873 2607 itinere
920 2550 1152 2606 obviam
1190 2550 1381 2605 factus
1433 2550 1687 2607 Candaci
1743 2550 2039 2619 eunucho,

378 2642 597 2709 reginae
626 2641 967 2712 Ethiopum'
1025 2640 1324 2712 praefecto,
1388 2636 1688 2712 quadrigae
1728 2640 2038 2709 insidenti,

377 2730 851 2801 prophetamque
900 2730 1135 2785 Isaiam"
1164 2729 1405 2801 legenti,
1452 2729 1743 2785 accedens
1772 2730 2037 2801 propius,

380 2820 675 2891 quaesivit,
709 2820 854 2875 num
895 2837 1026 2890 quae
1078 2820 1302 2891 legeret
1349 2818 1731 2891 intelligeret:
1762 2816 1865 2874 Cui
1897 2816 2065 2874 ille:‘

376 2908 481 2973 Qui
518 2925 781 2981 possum,
817 2908 1031 2979 inquit,
1064 2909 1301 2979 assequi
1344 2909 1472 2963 sine
1505 2908 1653 2963 duce
1686 2910 1745 2961 et
1774 2907 1902 2963 sine
1934 2908 2045 2962 in-‘

378 3004 634 3069 terprete
656 2997 683 3052 ‘I
702 2998 1022 3069 Elatusque
1044 2999 1103 3052 in
1123 3002 1369 3053 currum
1394 2997 1835 3069 Philippus,illo
1857 3014 2036 3069 quem

375 3087 686 3145 eunuchus
718 3085 973 3159 legebat,
1030 3086 1158 3142 loco
1185 3087 1477 3157 exposito,
1511 3086 1628 3141 ﬂde
1648 3086 1865 3140 Christi
1898 3098 2059 3141 eum~

375 3175 653 3232 instituit.
688 3177 943 3247 Cumque
1002 3175 1075 3231 ad
1132 3190 1350 3246 aquam
1406 3176 1734 3243 venissent,
1783 3176 1868 3232 ait
1896 3177 2036 3231 Phi-

374 3265 538 3336 lippo
572 3265 918 3319 eunuchus:
978 3262 1132 3319 Edce
1189 3280 1379 3334 aqua;
1441 3264 1584 3335 quid
1632 3264 1911 3336 prohibet
1939 3281 2032 3319 me

2146 3268 2233 3323 καί
2311 3265 2709 3341 διηρεμήνευσεν
2804 3266 2953 3339 αύτῷ
3054 3269 3188 3341 ἅπερ
3265 3264 3615 3340 ἀνεγίνωσκε,

370 3352 703 3424 baptizari?
748 3353 1040 3409 Desiliens
1085 3353 1287 3423 itaque
1338 3369 1407 3407 ex
1457 3370 1657 3418 curru,
1701 3352 2031 3424 baptizatus

372 3448 481 3509 est,
514 3458 709 3515 neque
741 3442 1001 3515 amplius
1032 3441 1178 3497 vidit
1218 3441 1560 3513 Philippum
1586 3458 1600 3497 :
1633 3447 1838 3513 raptus
1869 3442 2033 3498 enim

371 3530 521 3585 fuit:
556 3530 660 3586 sed
690 3531 990 3603 reliquum
1040 3530 1153 3586 iter
1199 3530 1372 3586 laetus
1418 3532 1714 3587 conficere
1747 3532 2029 3604 perrexit.

371 3620 685 3692 Philippus
715 3637 874 3688 vero,
905 3620 1160 3676 Thrallis
1190 3620 1253 3675 in
1303 3620 1440 3676 Asia
1469 3619 1784 3692 episcopus
1814 3620 2031 3689 factus,
2058 3648 2059 3653 π

367 3707 565 3764 vivere
596 3707 796 3764 desiit.

937 4008 1179 4064 EODEM
1196 4016 1199 4019 '
1219 4007 1472 4064 MENSE.

955 4151 1060 4207 Die
1100 4150 1454 4207 duodecima

373 4286 527 4353 ιη
561 4294 1261 4352 ϐοιηπιθιῇονὰτίοεὰησίὼ
1307 4296 1548 4365 septimae
1594 4295 1790 4365 synodi
1819 4302 2030 4353 trecen-

516 4376 694 4425 torum
720 4368 1246 4437 sexaginta‘soptem
1292 4370 1605 4422 stmctorum
1633 4368 1891 4422 Patrum:

442 4518 655 4573 Sancta
700 4516 926 4587 optima
971 4513 1339 4571 mcumenica
1387 4512 1651 4585 synodus
1701 4513 1908 4569 Nicmaa
1936 4530 2034 4569 se-

2146 788 2223 851 εἰς
2248 789 2311 844 τὸ
2342 809 2494 865 ορος,
2522 789 2612 843 καὶ
2662 790 2893 861 εὑρουσα
2941 787 3234 860 σπήλαιον,
3267 788 3516 859 εἰσῆλθεν
3550 790 3602 845 ἐν
3636 791 3807 864 αὐτῷ,

2144 879 2234 932 καὶ
2265 878 2532 953 ἡσύχασε,
2589 882 2667 950 τῷ
2724 883 2844 951 Θεῷ
2905 877 3058 952 μόνῷ
3112 879 3203 932 καὶ
3235 878 3401 952 ἑαυτῇ
3434 880 3807 954 προσέχουσα,

2143 968 2233 1022 καὶ
2285 969 2591 1044 τρεφομένη
2651 967 2711 1023 ἐκ
2765 972 2873 1023 τῶν
2932 968 3367 1045 παραφυομὲνων
3426 973 3508 1042 τῷ
3548 969 3808 1043 σπηλαίῳ

2150 1057 2416 1132 βοτανῶν.
2451 1057 2541 1114 Ἐν
2570 1061 2669 1129 μιᾷ
2699 1053 2757 1111 δί
2778 1061 2887 1111 τῶν
2933 1058 3178 1131 ἡμερῶν,
3213 1055 3505 1127 ἑξελθοῦσα
3530 1063 3630 1113 τοῦ
3661 1079 3812 1130 σπη-

2146 1145 2304 1202 λαίου
2362 1146 2497 1221 πρὸς
2554 1147 2615 1201 τὸ
2676 1152 2991 1222 συναγαγεῖν
3052 1145 3305 1217 βοτάνας,
3361 1145 3625 1214 ἐπάτησεν
3662 1146 3809 1218 ἧλον

2145 1234 2309 1308 ξύλου
2336 1235 2588 1308 ὀξύτατον
2639 1236 2745 1291 ὑπὸ
2799 1242 2901 1305 τῆς
2956 1240 3054 1290 τοῦ
3086 1231 3354 1291 διαϐόλου
3387 1238 3696 1313 συνεργίας,
3732 1239 3811 1310 μὴ

2146 1323 2404 1399 φέροντος
2435 1323 2656 1400 βλέπειν
2711 1323 2840 1388 τοὺς
2895 1326 3232 1396 καθεκαστην
3277 1326 3411 1401 πρὸς
3443 1325 3611 1395 αὐτὴν
3644 1325 3812 1404 ἰρχο-

2149 1416 2343 1488 μένους
2398 1415 2597 1492 κρύφα,
2651 1414 2742 1471 καὶ
2796 1414 3148 1478 πιστεύοντας
3208 1412 3279 1470 δι’
3336 1414 3506 1485 αὐτῆς
3564 1420 3644 1488 τῷ
3679 1417 3817 1492 Χρι-

2146 1509 2277 1577 στῷ.
2312 1505 2411 1561 Καὶ
2467 1502 2775 1579 περιαλγὴς
2830 1503 3147 1579 γενομένη,
3179 1503 3270 1559 καί
3325 1505 3591 1559 καθίσασα
3645 1500 3812 1560 ἔκϐα-

2146 1591 2263 1648 λεῖν
2291 1593 2383 1649 τὸν
2429 1592 2588 1664 ἧλον,
2647 1591 2933 1669 παρὲδωκε
2983 1594 3047 1649 τὸ
3104 1597 3320 1667 πνεῦμα
3372 1598 3454 1666 τῷ
3511 1593 3715 1669 Κυρίῳ.
3745 1595 3813 1651 Ἣ

2146 1679 2204 1738 ὂὶ
2234 1680 2547 1738 Φιλονίλλα
2590 1681 2642 1738 ἰν
2693 1687 2776 1755 τῷ
2832 1682 2970 1755 οἴκῳ
3029 1683 3125 1756 μὶν
3153 1680 3722 1757 καθεζομένῃμηδὶν
3752 1680 3817 1739 δὲ

2144 1778 2246 1842 τῆς
2304 1768 2548 1847 ἀδελφῆς
2608 1770 2686 1835 εἰς
2766 1772 2963 1848 ἀρετὴν
3038 1771 3454 1849 ἀπολειφθεῖσα,
3514 1771 3663 1828 ἀλλᾶ
3713 1773 3813 1828 τὸν

2146 1862 2275 1918 Θεὸν
2304 1860 2495 1919 πολλὰ
2521 1860 2917 1937 θεραπεύσασα,
2948 1862 3001 1917 ἰν
3033 1864 3222 1937 εἱρήνῃ
3255 1862 3554 1937 ἆκοιμήθη.

2715 1983 2802 2055 Tir
2860 1980 2997 2055 αδτῇ
3053 1980 3237 2057 ἠμίρφ

2149 2098 2355 2170 Μνήμη
2406 2099 2502 2150 τοῦ
2552 2096 2709 2171 ἁγίου
2759 2096 3069 2171 ἀποστόλου
3114 2095 3432 2171 φιλίππου,
3476 2100 3573 2152 τοῦ
3602 2082 3657 2151 ἐν
3685 2101 3813 2159 ταῖς

2506 2168 2736 2244 υράξεσι
2761 2173 2869 2224 τῶν
2899 2170 3072 2245 ἁγίων
3102 2168 3446 2226 ἀποστόλων.

2221 2284 2507 2348 Φίλιππος
2559 2286 2587 2341 ὁ
2642 2289 2740 2340 τοῦ
2792 2288 3026 2359 Χριστοῦ
3083 2282 3391 2346 ἀπόστολος
3450 2270 3670 2360 ὑπῆρχε
3712 2286 3813 2357 μὶν

2150 2377 2225 2437 εἰς
2282 2379 2388 2430 τῶν
2443 2375 2577 2431 ἑπτᾶ
2634 2372 2918 2431 διακόνων.
2973 2376 3073 2429 Ἦν
3127 2371 3184 2430 δὶ
3224 2374 3275 2429 ἐν
3307 2378 3377 2447 τῇ
3409 2372 3572 2428 πόλει
3604 2374 3807 2448 Ἰόππῃ

2146 2464 2430 2539 κηρύττων
2462 2466 2554 2519 τὸν
2586 2464 2844 2539 Χριστόν.
2892 2467 2975 2537 Τῇ
3015 2461 3072 2518 δὲ
3101 2462 3492 2537 παρακελεύσει
3522 2466 3620 2517 τοῦ
3651 2461 3812 2537 ἁγίου

2148 2553 2485 2627 Πνεύματος,
2516 2556 2885 2629 πορευόμενος
2920 2553 3026 2607 ἀπὸ
3066 2559 3167 2622 τῆς
3219 2552 3447 2622 Ἰόππης
3475 2553 3612 2627 πρὸς
3638 2550 3815 2620 Γάζαν

2144 2645 2244 2713 τὴν
2278 2643 2465 2713 πόλιν,
2500 2645 2803 2714 συνήντησε
2831 2647 2911 2716 τῷ
2945 2649 3045 2711 τῆς
3098 2642 3453 2718 βασσιλίσσης
3481 2644 3590 2696 τῶν
3623 2639 3814 2704 Αἰθιό-

2146 2754 2263 2788 πων
2298 2731 2555 2808 δυνάστῃ,
2589 2731 2844 2807 εὐνούχῳ
2874 2735 2969 2805 μὲν
3006 2732 3337 2806 ὑπάρχοντι,
3370 2727 3616 2803 Κανδάκῃ
3649 2726 3705 2783 δὲ
3727 2727 3817 2784 λε.

2142 2824 2385 2897 γομένῳ,
2421 2821 2505 2877 ἐπὶ
2541 2824 2784 2898 ἅρματος
2831 2822 3018 2877 ἳππων
3075 2820 3446 2894 κατεζομὲνῳ,
3491 2818 3582 2874 καὶ
3614 2818 3819 2894 ἀναγι-

2146 2911 2413 2967 νώσκοντι
2492 2912 2586 2967 τὸν
2667 2912 2957 2987 προφήτην
3039 2907 3286 2967 ἸΙσαίανο
3345 2908 3436 2963 καὶ
3488 2905 3813 2983 προσελθὼν

2143 3001 2428 3076 ἠρώτησεν
2485 2999 2669 3055 αὐτὸν·
2726 3022 2752 3053 α
2780 3003 2931 3074 Ἄρα
2960 3001 3269 3076 γινώσκεις,
3310 2998 3343 3053 ἃ
3388 2996 3811 3074 ἀναγινώσκειςς

2143 3092 2201 3144 '0
2234 3087 2462 3144 δὶεῖπεο
2522 3093 2649 3150 Ηῶς
2708 3089 2767 3143 ἂν
2828 3087 3119 3162 δυναίμην,
3168 3088 3257 3143 ἐὰν
3316 3090 3389 3160 μή
3448 3108 3531 3150 τις
3560 3084 3815 3161 ὁδηγήσῃ

2147 3198 2251 3253 μες
2286 3204 2307 3233 ε
2348 3178 2453 3234 Καὶ
2486 3176 2685 3240 εὐθέως
2726 3173 3069 3233 ἀνεϐίϐασεν“⁵
3093 3177 3251 3232 αὐτὸν
3297 3176 3385 3231 ἐπὶ
3414 3180 3510 3231 τοῦ
3541 3177 3811 3248 ἅρματος,

3717 3264 3807 3318 καὶ

2144 3354 2431 3431 ὡδήγησεν
2490 3354 2651 3411 αὐτὸν
2711 3356 2786 3418 εἰς
2845 3356 2946 3425 τήν
3000 3360 3100 3411 τοῦ
3155 3356 3392 3430 Χριστοῦ
3448 3353 3654 3409 πίστιν.
3705 3352 3810 3409 Καὶ

2140 3447 2386 3523 εὑρόντες
2435 3443 2605 3520 ὕδωρ,
2640 3443 2786 3520 λέγει
2820 3447 2848 3501 ὁ
2882 3444 3148 3521 εὐνοῦχος
3176 3448 3258 3517 τῷ
3286 3441 3575 3515 Φιλίππῳ⁶
3610 3467 3637 3495 ‹‹
3667 3439 3811 3499 Ἰδοὺ

2147 3535 2320 3611 ὕδωρ,
2351 3535 2405 3591 τί
2432 3534 2637 3591 κωλύει
2674 3555 2738 3608 με
2782 3536 3144 3610 βαπτισθῆναι
3170 3554 3186 3605 ;
3217 3557 3245 3587 ››
3297 3532 3404 3590 Καὶ
3434 3528 3672 3593 καταϐὰς
3704 3532 3815 3587 ἀπὸ

2136 3633 2236 3685 τοῦ
2285 3630 2528 3705 ἅρματος
2587 3622 2914 3697 ἐϐαπτίσθη.
2970 3628 3074 3685 Τὸν
3135 3624 3195 3682 δὶ
3251 3623 3533 3681 Φίλιππον
3579 3624 3684 3680 οὐκ
3728 3620 3814 3680 ἔτι

2138 3716 2271 3774 ἴδεν
2333 3714 2555 3794 ἡρπάγη
2618 3716 2743 3793 γὰρ’
2809 3714 2940 3772 ἀλλ’
2991 3715 3280 3792 ἐπορεύετο
3333 3714 3434 3783 τήν
3484 3710 3609 3770 ὁδὸν
3640 3712 3818 3769 αὐτοῦ

2138 3808 2377 3883 χαίρων.
2439 3806 2603 3863 Μετά
2658 3807 2829 3863 ταῦτα
2887 3806 2916 3861 ὁ
2974 3803 3257 3866 Φίλιππος
3312 3803 3366 3859 ἐν
3426 3801 3652 3878 Θράλλῃ
3705 3808 3814 3874 τῆς

2137 3896 2324 3961 Ἀσίας
2342 3895 2640 3958 ἐπίσκοπος
2660 3894 2982 3972 γενόμενος,
3017 3891 3336 3965 ἰτελειώθη.

2699 4012 2881 4069 MHNI
2912 4014 3237 4090 TQ‘AYI'Q.

2929 4161 3004 4210 ιε’

2136 4308 2198 4364 «Η
2230 4306 2532 4380 ἀνάμνησις
2580 4312 2681 4375 τῆς
2728 4306 2895 4451 git:
2924 4298 3205 4433 1:53:33]:
3253 4297 3484 4356 συνόδου
3537 4302 3647 4355 τῶν
3699 4300 3808 4368 τὴς

2205 4522 2264 4574 Ἡ
2321 4516 2450 4593 ἁγία
2500 4512 2711 4591 ἑϐδόμη
2771 4516 2860 4572 καὶ
2922 4514 3275 4589 οἰκουμενικὴ
3332 4509 3557 4576 σύνοδος
3597 4506 3810 4588 ἐγένετο

370 4606 567 4662 cundo
598 4604 806 4660 habita
832 4610 925 4659 est
952 4602 1339 4659 Constantino
1372 4606 1431 4657 et
1478 4603 1648 4658 Irene
1681 4604 1810 4674 ejus
1841 4610 2031 4659 matre

2146 4606 2189 4661 ἑν
2220 4607 2435 4678 Νικαίᾳτ
2474 4608 2537 4662 τὸ
2591 4604 2864 4681 δεύτερον,
2904 4606 2992 4660 ἰπὶ
3040 4612 3169 4675 τῆς
3198 4602 3476 4680 βασιλείας
3523 4604 3809 4658 Κωνσταν-

370 4693 826 4766 imperantibus,
880 4698 939 4747 et
994 4692 1231 4747 Tarasio
1292 4691 1669 4747 sanctissimo
1718 4707 1788 4746 ac
1829 4691 2029 4749 divino

2146 4696 2291 4751 τίνου
2345 4695 2435 4752 καὶ
2490 4696 2733 4771 Εἰρήνης
2786 4698 2888 4764 τῆς
2924 4694 3089 4749 αὐτοῦ
3151 4694 3409 4767 μητέρος⁹
3460 4692 3811 4765 ὑπάρχοντος

370 4786 543 4840 Patre
570 4788 776 4838 nostro
804 4782 1144 4853 patriarcha
1166 4779 1845 4851 Constantinopolitano.
1883 4782 2030 4837 Cum

369 4878 570 4928 autem
632 4871 820 4927 sancti
879 4873 1084 4926 Patres
1141 4885 1392 4924 numero
1444 4869 1694 4924 trecenti
1727 4870 2034 4941 sexaginta

371 4966 623 5033 septem,
649 4961 823 5031 jussu
859 4958 1257 5031 imperatoris,
1292 4957 1574 5013 adversus
1606 4958 2031 5015 Iconomachos

368 5048 810 5115 convenissent,
842 5047 1181 5118 conscripto
1230 5046 1629 5113 anathemate,
1664 5062 1783 5116 quo
1822 5062 2029 5103 omnes

366 5138 625 5193 hasreses
675 5141 735 5192 et
790 5135 1239 5202 haeresiarchas,
1271 5133 1573 5204 simulque
1604 5134 2029 5192 Iconomachos

365 5226 749 5293 damnarunt,
782 5242 989 5280 omnes
1020 5240 1139 5279 uno
1189 5240 1289 5277 ore
1330 5222 1815 5277 conclamavere:
1848 5225 2027 5289 Quis-

368 5317 501 5390 quis
534 5333 732 5372 sacras
756 5316 1201 5387 imagin'es‘non
1242 5310 1402 5381 cclit,
1447 5310 1799 5367 alieh‘us‘es‘t
1826 5312 1899 5369 ab
1932 5320 2051 5369 or'-‘

367 5406 763 5463 thodoxorum
797 5402 952 5459 fide:
1005 5404 1198 5457 honor
1246 5406 1465 5467 autem,
1500 5401 1603 5472 qui
1647 5402 1891 5475 imagini
1922 5404 2027 5460 ha-

369 5496 562 5562 betur,
598 5496 661 5551 in
693 5496 1145 5565 prototypon,ut
1170 5491 1256 5546 ait
1291 5488 1843 5563 magnus‘BasiIius,‘
1875 5494 2029 5548 reci-

370 5584 495 5639 dit:
527 5584 630 5654 qui
660 5583 872 5639 adorat
919 5587 979 5637 et
1027 5583 1283 5638 honorat
1321 5580 1665 5654 imaginem,
1713 5581 1921 5639 adorat
1966 5583 2028 5640 in

372 5689 440 5730 ea
461 5676 521 5729 et
540 5672 795 5728 honorat
816 5672 968 5743 ejus,
993 5678 1179 5743 quem1
1194 5671 1388 5743 imago
1410 5669 1615 5737 refert,
1637 5670 2030 5742 try-pomum.-

378 5764 519 5831 Quw
546 5778 683 5819 cum
708 5760 1641 5833 decrevissent,orthodoxamque
1672 5760 1853 5821 ﬁdem
1883 5765 2027 5822 scri-

2140 4788 2507 4861 ﬁdtptipXOD'
2590 4783 3217 4847 Κωνσταντινουπόλεως
3318 4782 3611 4859 Ταρασίου,
3705 4783 3808 4835 τοῦ

2141 4878 2499 4951 ἁγιωτάτουν
2530 4876 2621 4931 καὶ
2680 4875 2946 4952 θεοφόρου
2999 4874 3231 4949 Πατρὸςν
3264 4874 3451 4945 ἡμῶν.
3502 4872 3693 4932 Ὀντες
3747 4865 3809 4924 δὲ

2141 4965 2192 5019 οἱ
2251 4965 2393 5038 ἅγιοι
2460 4964 2694 5038 Πατέρες
2749 4963 2845 5019 τὸν
2912 4963 3141 5039 ἀριθμὸν
3205 4961 3512 5037 τριακόσιοι
3580 4958 3808 5028 ἑξηκον-

2137 5053 2363 5121 ταεπτά,
2422 5052 2691 5123 συνῆλθον
2747 5052 2995 5109 κελεύσει
3051 5053 3148 5107 τοὸ
3210 5048 3481 5127 βασιλέως
3528 5048 3666 5102 κατά
3692 5050 3804 5101 τῶν

2139 5141 2564 5218 Εἲκονομάχων.
2629 5141 2727 5197 Καὶ
2804 5140 3196 5213 ἀνεθεμάτισαν
3268 5138 3554 5216 ἐγγράφως
3627 5140 3804 5190 πᾶσαν

2139 5233 2370 5306 αἳρεσιν,
2429 5233 2520 5287 καὶ
2597 5231 2725 5294 τοὺς
2811 5235 2919 5285 τῶν
3005 5230 3266 5303 αἱρέσεων
3323 5224 3628 5301 ἀρχηγούς’
3691 5225 3808 5278 εἷτα

2138 5320 2227 5375 καὶ
2284 5318 2413 5382 τοὺς
2468 5319 2916 5395 Εἲκονομάχους·
2949 5321 3208 5395 ἅπαντας
3249 5315 3443 5377 πάντες
3476 5314 3825 5391 ὁμοφρόνως·

2138 5408 2399 5471 εἰπόντες
2460 5409 2543 5465 ὅτι
2602 5412 2664 5467 Ὀ
2718 5410 2813 5471 τὰς
2874 5408 3023 5483 ἀγίας
3086 5406 3296 5468 εἰκόνας
3350 5408 3426 5480 μὴ
3460 5407 3808 5479 προσκυνῶν,

2137 5495 2438 5571 ἀλλότριός
2492 5497 2603 5553 ἐστι
2651 5499 2771 5566 τῆς
2811 5493 3564 5567 τῶν-όρθόδόξωνλπίστέως·
3598 5493 3692 5547 καὶ
3722 5490 3809 5546 ὅτι

2137 5593 2172 5661 ἡ
2204 5588 2417 5652 εἰκόνος
2472 5590 2637 5663 τιμὴ,
2696 5589 2771 5651 ὠς
2830 5590 2859 5643 ὁ
2921 5588 3090 5663 μέγας
3146 5583 3337 5665 ἔφησεΔ
3373 5584 3683 5669 Βασίλειος,
3716 5580 3807 5637 ἰπὶ

2136 5682 2201 5736 τὸ
2264 5682 2627 5757 πρωτότυπθόν
2697 5674 2991 5748 δίαϐαίνει,
3048 5679 3109 5735 Ὀ
3165 5678 3266 5755 γὰρ
3323 5679 3673 5752 πρόσκὺνίινν
3701 5673 3803 5742 τὴν

2149 5767 2334 5824 εἰκόνα
2384 5768 2475 5824 καὶ
2530 5771 2732 5843 τιμῶν,
2789 5772 3051 5843 προκυνεῖ
3107 5764 3160 5822 ἰν
3212 5766 3350 5841 αὐτῇ
3424 5765 3516 5821 καὶ
3543 5766 3680 5839 τιμᾷ
3705 5764 3806 5818 τοῦ
