4142 6458
283 457 400 517 105
1886 467 2043 528 ΟῧΤι

2158 466 2272 528 ER.
3697 481 3818 543 106

297 590 761 668 ἐγγραφομένου
819 599 943 665 τὴν
979 600 1305 656 ὑπόστασιν.
1340 597 1438 654 Καὶ
1470 597 1614 656 οὕτω
1641 597 2042 686 διαταξάμενοι,

2160 604 2259 670 pto
2294 601 2652 672 ﬁrmassent,
2686 609 2863 676 atque
2912 607 3240 664 honoriﬁce
3271 612 3496 684 accepti
3527 613 3600 668 ab
3628 613 3820 686 impe-

303 683 389 736 καὶ
445 684 559 750 τήν
630 682 979 760 ὀρθόδοξον
1046 687 1232 743 πίστιν
1291 686 1570 766 ἐγγράφως
1634 682 2043 764 βεϐαιώσαντες,

2161 696 2359 746 ratore
2387 699 2610 763 essent,
2644 695 2705 750 in
2765 712 2938 751 suum
2970 697 3224 769 quisque
3253 682 3660 774 episcopatum
3693 721 3823 760 sese

315 771 403 826 καὶ
437 774 602 846 παρᾶ
631 779 751 828 τοῦ
805 776 1112 850 βασιλέως
1169 777 1513 849 τιμηθέν-τες,
1556 775 1778 839 ἕκαστος
1829 778 1904 839 εἰς
1950 777 2051 845 τὴν
2158 781 2408 852 recepit.

323 861 522 917 ἑαυτοῦ
554 862 914 936 ἐπισκοπὴν
950 866 1236 937 ἀπελύθη.

2811 1010 3030 1066 Eodem
3062 1011 3157 1068 die

2156 1095 2310 1151 I13
2336 1097 2619 1153 Certamen
2676 1106 2988 1176 sancto-rum
3041 1110 3347 1176 martyrum
3401 1109 3588 1176 Probi,
3643 1112 3816 1167 Tara-

965 1010 1051 1081 τῇ
1100 1005 1238 1077 αὖτῇ
1297 1001 1483 1078 ἡμέρᾳ

348 1095 624 1167 ’Δθλησις
687 1101 810 1152 τῶν
878 1096 1078 1188 ἁγίωνκ
1115 1094 1406 1188 μαρθτύρων
1468 1090 1707 1171 Πρόϐου,
1766 1094 2047 1171 Ταράχου,

990 1168 1082 1224 καὶ
1115 1166 1462 1243 Ἀνδρονίκου

436 1260 503 1317 Οἱ
530 1264 689 1335 τρεῖς
723 1258 1054 1316 πολύαθλοι
1118 1256 1405 1334 μάρτυρες,
1469 1252 1705 1332 Πρόϐος,
1765 1259 2047 1333 Τάραχος,

372 1351 458 1404 καὶ
519 1346 925 1422 Ἀνδρόνικος,
988 1346 1244 1422 ὑπῆρχον
1302 1348 1397 1419 μὲν
1453 1345 1542 1402 ἐπὶ
1616 1353 1718 1417 τῆς
1773 1345 2049 1422 βασιλείας

379 1437 814 1508 Διοκλητιανοῦ.
853 1438 1179 1513 Χριστιανοὶ
1209 1435 1267 1492 δὲ
1297 1435 1470 1509 ὄντες,
1527 1436 1616 1492 καὶ
1668 1436 1760 1491 τὸν
1812 1437 2045 1511 Χριστὸν

381 1527 826 1602 ὁμολογοῦντες,
861 1527 1239 1602 ἐκρατήθησαν
1289 1526 1436 1602 παρὰ
1489 1531 1585 1579 τοῦ
1637 1532 1737 1594 τῆς
1799 1524 2046 1587 Κιλικίας

387 1622 681 1694 ἄρχοντος.
720 1618 825 1672 Καὶ
858 1622 1079 1691 πρῶτος
1142 1617 1236 1690 μὲν
1292 1611 1597 1690 συντριϐεὶς
1649 1615 1711 1670 τὸ
1753 1615 2050 1689 πρόσωπον

394 1711 422 1762 ὃ
473 1709 760 1783 Ταραχος,
819 1706 1152 1777 ἀπεκλείσθη
1214 1705 1290 1768 είς
1349 1703 1621 1780 φυλακήν.
1693 1704 1950 1780 Δεύτερος
1991 1701 2049 1759 δὲ

397 1801 606 1874 τυοθεὶς
669 1799 700 1852 ὁ
766 1791 1003 1869 Πρόϐος,
1062 1795 1152 1850 καὶ
1214 1792 1582 1868 σιδηροδεθείς
1640 1792 1914 1868 παρεδόθη
1956 1801 2047 1852 καὶ

399 1888 553 1948 αὐτὸς
579 1891 652 1960 τῇ
712 1884 959 1961 φυλακῇ.
1006 1886 1106 1942 Καὶ
1167 1883 1348 1959 τρίτος
1407 1886 1436 1939 ὁ
1491 1886 1643 1958 ἅγιος
1700 1881 2051 1958 Ἀνδρόνικος

2717 1172 2828 1238 chi,
2862 1180 2913 1228 et
2941 1172 3258 1234 Andronici.

2227 1256 2474 1326 Probus,
2503 1259 2798 1316 Tarachus
2849 1267 2906 1317 et
2963 1263 3362 1336 Andronicus,
3395 1271 3514 1323 tres
3543 1269 3814 1341 pluribus

2153 1345 2421 1418 insignes
2453 1349 2880 1406 certaminibus
2901 1357 3211 1424 martyres,
3245 1355 3606 1414 Diocletiano
3627 1360 3815 1432 impe-

2152 1439 2370 1505 ratore,
2397 1437 2557 1508 quod
2587 1438 2906 1495 Christiani
2951 1447 3170 1509 essent,
3203 1444 3621 1518 Christumque
3639 1451 3816 1520 proﬁ-

2152 1530 2444 1591 terentur,
2479 1528 2895 1599 comprehensi
2927 1547 2961 1586 a
2990 1530 3208 1588 Ciliciae
3257 1535 3556 1608 praefecto,
3588 1539 3816 1609 primus

2153 1614 2394 1684 quidem
2425 1616 2723 1673 Tarachus
2756 1619 3023 1692 colaphis
3064 1627 3347 1679 contusus
3396 1625 3457 1680 in
3519 1643 3817 1685 carcerem

2152 1703 2488 1774 conjicitur.
2525 1706 2748 1762 Deinde
2781 1709 3008 1765 Probus
3039 1711 3215 1784 virgis
3247 1730 3455 1782 cassus,
3489 1715 3818 1789 ferreisque

2153 1792 2378 1846 catenis
2410 1795 2795 1862 constrictus,
2827 1799 3110 1853 custodiae
3144 1801 3417 1858 traditur.
3451 1805 3644 1860 Tertio
3679 1824 3818 1863 san«

2153 1886 2282 1935 ctus
2315 1883 2691 1939 Andronicus
2723 1902 2859 1940 cum
2918 1888 3276 1960 vapulasset,
3310 1892 3562 1964 ejusque
3588 1895 3818 1953 femora

388 1977 760 2053 τυςδθεΞς,καὶ
791 1975 919 2037 τοὺς
955 1975 1166 2048 μηροὺς
1223 1972 1364 2048 ξίφει
1418 1974 1744 2049 χαραχθεὶς,
1803 1972 1892 2027 καὶ
1949 1973 2043 2033 τὰς

2158 1971 2352 2044 gladio
2387 1972 2686 2029 lancinata
2711 1981 2998 2043 essent,et
3029 1976 3214 2033 latera
3245 1981 3816 2048 excarniﬁcata,sale

391 2066 635 2140 πλευρὰς
695 2064 919 2135 ξεσθεὲς,
975 2063 1066 2118 καὶ
1156 2063 1292 2135 μετὰ
1348 2067 1445 2117 τοῦ
1486 2062 1685 2124 ἅλατος
1741 2057 2048 2134 ἀνατριϐεὶς

390 2151 663 2226 ἐνεϐλήθη
702 2155 837 2227 μετᾶ
865 2159 969 2207 τῶν
999 2155 1208 2208 λοιπῶν
1269 2152 1347 2216 εἰς
1395 2153 1495 2221 τὴν
1546 2151 1712 2221 αὐτὴν
1771 2152 2044 2230 φυλακήν.

393 2248 526 2302 Εἶτα
557 2245 666 2299 ἀπὸ
727 2243 977 2304 Κιλικίας
1025 2239 1265 2306 δεθέντες
1315 2239 1570 2316 ἤχθησαν
1626 2240 1703 2304 εἶς
1787 2243 2047 2315 Μοψουε-

389 2335 570 2392 στίαν.
605 2336 708 2392 Καὶ
760 2334 837 2407 μὴ
888 2334 1188 2397 πεισθέντες
1245 2332 1575 2407 ἀρνήσασθαι
1630 2332 1722 2386 τὸν
1781 2333 2046 2406 Χριστὸν,

390 2425 562 2480 πάλιν
632 2419 1079 2493 ἐϐασανίσθησαν.
1138 2423 1200 2479 Ὀ
1259 2421 1355 2494 μὲν
1437 2419 1695 2496 Τάραχος
1747 2422 1810 2476 τὸ
1870 2420 2048 2493 στόμα

387 2512 771 2582 συνθλασθεὶς,
859 2511 950 2566 καὶ
1031 2511 1131 2578 τὴν
1222 2509 1469 2586 κεφαλήν
1525 2510 1806 2583 ξυρισθείς.
1884 2511 1941 2562 Ὀ
1991 2507 2049 2564 δὲ

385 2600 742 2676 Ἀνδρόνικος
797 2601 898 2669 τήν
954 2601 1189 2674 γαστέρα
1273 2594 1499 2675 ῥάϐδοις
1577 2599 1817 2676 τυφθείς.
1876 2599 1933 2652 Ὁ
1990 2595 2048 2654 δὲ

389 2688 611 2765 Πρόόος
673 2690 808 2764 μιτά
854 2685 1127 2745 σουϐλίων
1187 2689 1598 2763 πεπυρωμένων
1659 2687 1754 2752 τὰς
1821 2689 2046 2762 μασχά-

394 2782 516 2850 λας,
579 2780 674 2835 καὶ
735 2780 806 2834 τὰ
859 2779 968 2852 ψύα
1017 2777 1328 2840 κατακαείς.
1393 2777 1494 2834 Καὶ
1547 2777 1806 2839 πλείονας
1836 2777 2046 2832 τούτων

390 2871 669 2947 βασάνους
720 2867 1125 2941 ὑπομείναντες,
1157 2865 1380 2940 ὕστερον
1411 2864 1938 2943 ἆπεκεφαλίσθησαν.

966 3004 1050 3076 Τῇ
1100 3003 1242 3077 αὖτῇ
1294 3002 1479 3075 ἡμέρᾳ

461 3103 738 3171 Ἀθλησις
792 3102 892 3167 τῆς
953 3096 1108 3173 ἁγίας
1169 3092 1440 3173 μᾴρτυρος
1495 3092 1844 3156 Ἀναστασίας
1876 3098 1974 3163 τῆς

1073 3167 1368 3240 παρθένου.

460 3264 523 3320 Ἦ
573 3259 786 3334 μάρτυς
842 3262 938 3313 τοῦ
990 3223 1230 3333 Χριστοδ
1288 3253 1613 3325 Αναστασία,
1658 3223 1893 3330 ίύπῆρχε
1953 3255 2046 3328 μὲν

2152 2062 2517 2131 aspersus.in
2551 2063 2825 2119 eumdem
2867 2082 2993 2120 cum
3017 2067 3267 2138 reliquis
3299 2086 3596 2126 carcerem
3620 2074 3816 2130 inclu-

2153 2150 2337 2205 ditur.
2380 2154 2519 2207 Post
2549 2153 2674 2208 haec
2704 2171 2738 2208 a
2767 2155 2971 2211 Cilicia
2991 2159 3411 2228 Mopsuestiam
3433 2161 3754 2234 ducti,cum
3777 2183 3811 2221 a

2152 2240 2368 2295 Christi
2425 2241 2801 2298 confessione
2831 2245 3117 2301 dimoveri
3147 2264 3271 2304 non
3307 2257 3570 2322 possent,
3602 2271 3810 2311 rursus

2153 2332 2795 2398 excruciati,Tarachus
2826 2336 3067 2406 quidem
3099 2355 3200 2393 ore
3226 2345 3494 2406 contuso,
3529 2347 3588 2398 et
3618 2347 3809 2416 capite

2152 2419 2364 2476 abraso
2382 2439 2395 2487 ;
2410 2422 2785 2480 Andronicus
2807 2431 3006 2483 autem
3022 2444 3173 2484 czeso
3193 2430 3559 2502 scipionibus
3581 2441 3814 2503 ventre;

2154 2508 2380 2566 Probus
2425 2529 2558 2567 vero
2617 2515 2896 2571 ustulatis
2920 2517 3316 2574 candentibus
3348 2519 3576 2578 subulis
3619 2524 3817 2579 axillis

2153 2597 2493 2671 lumbisque
2517 2618 2530 2668 ;
2557 2602 2762 2658 multis
2791 2603 3032 2662 demum
3064 2607 3198 2665 aliis
3229 2609 3591 2667 cruciatibus
3609 2629 3818 2668 omnes

2153 2689 2366 2758 vexati,
2399 2691 2590 2762 capite
2621 2691 2984 2762 plectuntur.

2810 3008 3033 3066 Eodem
3065 3009 3160 3066 die

2155 3096 2313 3152 114
2370 3097 2654 3152 Certamen
2735 3105 2962 3184 sanctae.
3017 3104 3284 3186 martyris
3337 3105 3652 3161 Anastasio;
3702 3108 3816 3162 vir-

2905 3188 3070 3241 gmzs.

2227 3276 2543 3332 Anastasio.
2617 3277 2834 3332 Christi
2878 3284 3124 3350 martyr,
3185 3281 3358 3337 Decio
3412 3289 3471 3337 et
3507 3284 3816 3340 Valeriano

385 3353 606 3421 ἒπὶτῆς
663 3347 947 3424 βασιλείας
1006 3345 1197 3402 Δεκίου
1251 3345 1340 3400 καὶ
1401 3344 1794 3420 Οὗαλεριανοῦ,
1860 3344 1919 3398 ἐκ
1945 3347 2043 3410 τῆς

2158 3361 2636 3434 imperatoribus,
2671 3383 2739 3420 ex
2761 3365 2906 3421 urbe
2930 3369 3110 3422 Roma
3141 3368 3271 3436 fuit,
3307 3373 3703 3428 monasticam
3733 3374 3818 3428 vi-

384 3441 607 3503 πόλεως
636 3441 884 3512 Ῥώμης.
917 3439 1018 3494 Ἦν
1054 3433 1111 3491 δὲ
1173 3434 1498 3508 μονάζουσα,
1557 3435 1692 3508 μετὰ
1719 3433 1810 3492 καὶ
1840 3432 2037 3510 ἑτέρων

387 3531 695 3605 παρθὲνων,
778 3528 830 3583 ἰν
895 3524 1247 3601 μοναστηρίῳ
1298 3523 1424 3580 τινί.
1487 3518 1762 3594 Διεϐλήθη
1824 3521 1916 3577 οὗν
1965 3526 2044 3595 τῷ

397 3620 643 3694 ἄρχοντι.
695 3623 756 3676 Ὁ
816 3614 874 3672 δὲ
933 3615 1284 3686 ἀποστείλας,
1365 3616 1564 3689 ἢγαγεν
1651 3613 1820 3684 αὐτὴν
1905 3613 2041 3687 πρὸς

401 3709 591 3763 ἑαυτὸν
626 3711 750 3779 μετᾶ
801 3707 998 3762 κλοιοῦ
1048 3702 1297 3780 σιδηροῦ*
1355 3705 1442 3758 καὶ
1505 3707 1755 3767 σταθεῖσα
1833 3701 2041 3778 ἔμπρο-

402 3811 520 3863 σθεν
551 3803 644 3853 τοῦ
683 3796 980 3872 ἄρχοντος,
1033 3794 1123 3849 καί
1185 3793 1538 3869 ἐρωτηθεῖσα,
1594 3791 1926 3866 ὡμολόγησε
1981 3792 2042 3846 τὸ

392 3888 570 3962 ὄνομα
598 3895 693 3944 τοῦ
723 3891 982 3962 Χριστοῦ.
1018 3887 1126 3941 Καὶ
1171 3883 1424 3940 τύπτεται
1470 3881 1547 3945 είς
1602 3883 1666 3937 τὸ
1723 3881 2040 3956 πρόσωπον·

391 3981 484 4034 καί
542 3983 867 4052 γυμνοῦται·
929 3976 1021 4031 καὶ
1079 3974 1184 4029 ὑπὸ
1238 3974 1408 4048 πυρὸς
1463 3970 1828 4028 κατακαίεται·
1891 3971 2040 4048 ἐπιρο

390 4069 736 4145 ῥαινομὲνων
789 4066 969 4121 ἐπάνω
1027 4065 1200 4132 αὐτῆς
1263 4063 1462 4132 πίσσης
1539 4061 1628 4117 καὶ
1707 4060 1892 4117 ἐλαίου
1950 4064 2037 4118 καὶ

385 4160 637 4236 Θεαρίου.
673 4158 805 4216 Εἶτα
833 4162 1098 4233 κρεμᾶται
1131 4153 1182 4209 ἐν
1226 4158 1304 4226 τῷ
1335 4153 1505 4226 ξύλῳ.
1539 4153 1642 4209 Καὶ
1674 4153 2040 4227 στρεφομένου

379 4255 484 4306 τοῦ
516 4248 833 4323 στυρακίου,
867 4246 1077 4321 ἔτριζον
1135 4245 1204 4298 τὰ
1265 4242 1397 4298 ὀστᾶ
1452 4241 1642 4312 αὐτῆς.
1728 4243 1855 4299 Εἶτα
1894 4243 2040 4298 ἀπο-

383 4340 643 4412 τέμνεται
674 4337 803 4398 τοὺς
863 4335 959 4391 δύο
1013 4335 1184 4398 αὐτῆς
1239 4332 1500 4405 μασθοὺς,
1531 4331 1621 4386 κάἶ
1678 4330 1804 4395 τοὺς
1837 4328 2040 4407 ὄνυχας

383 4425 826 4484 ἆνασπᾶται.1(αὶ
861 4424 997 4498 μετὰ
1022 4427 1191 4478 ταῦτα
1218 4421 1474 4477 κόπτεται
1521 4419 1618 4485 τὰς
1669 4419 1767 4476 δύο
1823 4428 2035 4497 χεῖρας.

381 4520 524 4579 Εἶτα
553 4520 684 4580 τοὺς
716 4514 812 4572 δύο
845 4514 1033 4577 πόδας·
1094 4513 1184 4569 καὶ
1242 4511 1548 4589 ἰκριζοῦται
1600 4511 1729 4574 τοὺς
1788 4511 2034 4578 ὀδόντας’

2152 3454 2271 3504 tam
2304 3469 2438 3507 cum
2469 3453 2604 3507 aliis
2639 3454 2961 3524 virginibus
3019 3456 3082 3510 in
3132 3457 3392 3526 quodam
3448 3461 3816 3515 monasterio

2155 3557 2353 3611 agens.
2388 3542 2580 3605 Quare
2610 3541 2683 3596 ad
2707 3542 3050 3612 praefectum
3083 3544 3299 3611 delata,
3333 3547 3464 3617 ejus
3487 3548 3663 3619 jussu
3694 3549 3819 3604 col-

2154 3630 2263 3684 lari
2290 3630 2478 3684 ferreo
2495 3631 2816 3686 constricta
2841 3632 2915 3686 ad
2946 3632 3139 3702 ipsum
3168 3633 3486 3691 adducitur
3509 3638 3612 3692 :ad
3645 3639 3817 3711 cujus

2153 3725 2536 3790 conspectum
2561 3737 2694 3774 cum
2728 3722 3175 3792 stetisset,quod
3206 3724 3813 3798 interrogata,Christi

2151 3824 2374 3863 nomen
2406 3809 2678 3864 confessa
2708 3815 2883 3877 esset,
2917 3811 3182 3882 colaphis
3213 3814 3461 3870 czeditur
3495 3833 3508 3870 :
3541 3821 3668 3871 tum
3701 3833 3817 3872 nu-

2152 3897 2308 3962 data,
2339 3896 2605 3968 subjecto
2641 3898 2773 3970 igne
2802 3899 3159 3967 amburitur,
3207 3902 3435 3973 liquata
3486 3905 3636 3976 pice,
3684 3905 3817 3961 oleo

2151 4003 2219 4041 ac
2251 3987 2537 4057 sulphure
2569 3987 3121 4058 superinfusis.Mox
3143 3991 3206 4046 in
3223 3993 3544 4063 equuleum
3569 3994 3817 4050 sublate

2151 4093 2288 4131 ossa
2317 4077 2540 4145 omnia,
2582 4093 2865 4132 converso
2898 4078 3122 4144 hastili,
3157 4081 3640 4152 confringuntur.
3675 4085 3818 4139 Post

2149 4164 2278 4219 haac
2299 4164 2490 4219 amba:
2521 4165 2804 4220 mamillis
2837 4166 2890 4220 ei
2907 4166 3362 4236 abscinduntur,
3379 4187 3608 4241 ungues
3627 4177 3818 4228 extra-

2150 4253 2393 4317 huntur,
2427 4247 2676 4324 utraque
2700 4270 2913 4309 manus
2933 4261 3297 4327 amputatur,
3329 4275 3396 4313 ac
3427 4259 3638 4316 dentes
3659 4261 3813 4318 evel-

2149 4341 2641 4397 luntur.Tandem
2675 4348 2812 4414 post
2839 4343 3060 4400 multos
3092 4345 3241 4400 alios
3272 4347 3589 4418 cruciatus,
3614 4349 3811 4421 gladio

2150 4432 2330 4487 ﬁnem
2364 4433 2628 4502 accepit:
2661 4437 2840 4503 atque
2890 4433 2973 4488 ita
3032 4434 3308 4504 spiritum
3348 4452 3524 4491 suum
3555 4437 3810 4494 Domino

2150 4520 2411 4576 tradidit.

378 4611 479 4665 καὶ
512 4610 703 4679 ἑτέρας
734 4607 1001 4680 τιμωρίας
1046 4602 1264 4664 πολλὰς
1326 4601 1678 4676 ὑπομείνασα,
1739 4601 2054 4660 τελευταῖον
2083 4607 2146 4662 τὸ
2179 4605 2268 4662 διὰ
2289 4608 2476 4686 ξίφους
2509 4605 2728 4683 δέχεται
2785 4607 2962 4672 τέλος.
3019 4610 3117 4664 Καὶ
3160 4609 3334 4672 οὕτως
3388 4610 3673 4689 παρέδωκε
3753 4615 3816 4670 τὸ

382 4705 608 4774 πνεῦμα
637 4699 803 4763 αῧτῆς
833 4695 910 4770 τῷ
931 4694 1140 4770 Κυρίῳ.

987 4817 1065 4888 Τῇ
1099 4810 1235 4884 αὖτῇ
1267 4808 1468 4884 ἡμέραι

606 4903 879 4975 ’Ἄθλησις
906 4910 1007 4974 τῆς
1033 4902 1193 4976 ἁγίας
1227 4899 1498 4974 μάρτυρος
1529 4897 1822 4970 Δομνίνης.

457 4999 527 5055 Ἡ
591 4997 796 5071 μάρτυς
853 4996 952 5048 τοῦ
1011 4993 1250 5066 Χριστοῦ
1322 4993 1563 5062 Δομνῖνα
1642 4989 1886 5071 δπῆρχεν
1954 4988 2043 5046 ἐπὶ

382 5070 796 5155 Διοκλητιανοῦ
842 5079 1125 5141 Βασιλέως
1155 5077 1215 5132 ἐκ
1260 5078 1358 5146 τῆς
1402 5070 1744 5149 Ἀναζάρϐιιυ
1801 5076 2041 5143 πόλεως·

381 5176 663 5252 ἐκρατήθη
699 5171 776 5246 δὲ,
821 5173 894 5234 ὡς
926 5168 1250 5246 Χριστιανὴ,
1301 5166 1448 5244 παρᾶ
1479 5163 1694 5239 δημίων
1727 5164 2042 5239 Ἑλλήνων,

379 5266 488 5323 Καὶ
519 5265 762 5340 παρέστη
795 5267 874 5335 τῷ
921 5257 1194 5337 κριτηρίῳ
1251 5257 1453 5340 Λυσίου
1509 5259 1611 5310 τοῦ
1669 5253 1884 5319 δουκος.
1942 5257 2042 5313 Καὶ

381 5338 783 5428 ὁμολογήσασα
857 5350 994 5424 μετᾶ
1051 5343 1357 5424 παῤῥησίας
1416 5338 1650 5398 ἔνώπιον
1707 5342 1923 5400 πάντων
1978 5347 2043 5402 τὸ

381 5442 560 5516 ὄνομα
613 5445 716 5498 τοῦ
774 5440 979 5518 Κυρίου
1027 5439 1194 5510 ἡμῶν
1244 5437 1425 5505 Ἰησοῦ
1465 5434 1704 5507 Χριστοῦ
1759 5433 1849 5489 καὶ
1910 5436 2039 5491 Θεὸν

377 5531 872 5604 ἀληθινὸν-αὐτὸν
927 5528 1183 5599 εἰποῦσα,
1241 5524 1330 5578 καὶ
1389 5528 1636 5593 Ποιητήν
1691 5527 1789 5577 τοῦ
1837 5525 2039 5589 παντὸς

371 5625 501 5690 τοὺς
555 5622 615 5680 δὲ
668 5627 778 5678 τῶν
854 5617 1154 5689 Ἑλλήνων
1207 5613 1359 5675 θεοὺς
1420 5609 1636 5687 ψευδεῖς
1689 5611 2040 5687 ἀποδείξασα,

371 5717 456 5771 καί
524 5715 722 5782 λίθους
781 5711 876 5767 καὶ
939 5707 1101 5782 ξύλα,
1158 5703 1251 5759 καὶ
1325 5704 1524 5778 σαθρὰν
1569 5701 1725 5770 ὅλην⁹
1785 5705 2043 5765 τύπτεται

648 5837 925 5898 Parnm.
977 5829 1094 5889 Gn.
1145 5823 1376 5885 CXVII.

2793 4817 3012 4872 Eodem
3073 4818 3168 4874 die

2295 4907 2445 4963 115
2483 4907 2767 4961 Certamen
2821 4915 3024 4963 sanctae
3067 4913 3328 4979 martyris
3361 4913 3666 4966 Domnina.

2225 4996 2520 5052 Domnina
2533 4997 2750 5052 Christi
2777 5003 3024 5071 martyr,
3049 4999 3410 5056 Diocletiano
3429 5001 3815 5074 imperatore,

2153 5087 2215 5142 in
2228 5086 2374 5142 urbe
2392 5087 2694 5143 Anazarbo
2711 5089 3040 5159 nata,quod
3054 5089 3391 5147 Christiana
3413 5096 3588 5163 esset,
3605 5109 3639 5147 a
3654 5091 3821 5147 licto-

2151 5175 2320 5232 ribus
2373 5177 2590 5232 Graecis
2630 5178 3087 5249 comprehensa,
3122 5181 3351 5236 sistitur
3407 5181 3593 5253 Lysiae
3652 5179 3822 5237 ducis

2152 5265 2732 5338 tribunali.Cumque
2751 5267 2985 5323 Domini
3007 5269 3196 5324 nostri
3213 5271 3350 5326 Jesu
3361 5270 3577 5325 Christi
3601 5285 3823 5324 nomen

2155 5354 2342 5411 libere
2374 5372 2576 5412 coram
2593 5355 2873 5412 omnibus
2894 5358 3299 5429 proﬁteretur,
3318 5358 3490 5414 illum
3513 5359 3821 5413 afﬁrmans

2151 5461 2356 5500 verum
2380 5447 2566 5501 Deum
2597 5461 2749 5513 esse,
2785 5447 3172 5518 universique
3201 5446 3606 5515 Conditorem,
3638 5446 3823 5505 falsos

2154 5540 2352 5590 autem
2385 5536 2722 5590 Graecorum
2755 5535 2919 5603 deos,
2946 5535 3177 5608 lapides
3209 5553 3338 5590 esse
3387 5534 3729 5606 ostendens,
3766 5536 3827 5591 et

2156 5624 2338 5697 ligna,
2369 5630 2428 5680 et
2452 5631 2688 5697 putrem
2738 5626 3071 5695 materiam,
3106 5624 3518 5680 crudelissime
3552 5626 3821 5698 creditur,

2157 5713 2460 5786 pedesque
2492 5715 2656 5770 illius
2714 5714 3110 5770 candentibus
3168 5711 3397 5769 subulis
3437 5715 3820 5774 aduruntur:

3497 5833 3536 5891 4
