  <div class='ocr_page' id='page_1' title='image "/cluster/home/n/w/nwhite01/storage/ocr_20150623/117/coo.31924054870211/063.png"; bbox 0 0 4142 6430; ppageno 0'>
   <div class='ocr_carea' id='block_1_1' title="bbox 372 441 493 501">
    <p class='ocr_par' dir='ltr' id='par_1_1' title="bbox 372 441 493 501">
     <span class='ocr_line' id='line_1_1' title="bbox 372 441 493 501; baseline 0.025 -3"><span class='ocrx_word' id='word_1_1' title='bbox 372 441 493 501; x_wconf 76' lang='grc'><strong>107</strong></span> 
     </span>
    </p>
   </div>
   <div class='ocr_carea' id='block_1_2' title="bbox 1693 420 2484 488">
    <p class='ocr_par' dir='ltr' id='par_1_2' title="bbox 1693 420 2484 488">
     <span class='ocr_line' id='line_1_2' title="bbox 1693 420 2484 488; baseline -0.01 0"><span class='ocrx_word' id='word_1_2' title='bbox 1693 420 2134 488; x_wconf 80' lang='lat' dir='ltr'><strong>MENOLOGII</strong></span> <span class='ocrx_word' id='word_1_3' title='bbox 2176 421 2389 484; x_wconf 85' lang='lat' dir='ltr'><strong>PARS</strong></span> <span class='ocrx_word' id='word_1_4' title='bbox 2431 421 2484 482; x_wconf 89' lang='lat' dir='ltr'><strong>l.</strong></span> 
     </span>
    </p>
   </div>
   <div class='ocr_carea' id='block_1_3' title="bbox 3682 423 3801 485">
    <p class='ocr_par' dir='ltr' id='par_1_3' title="bbox 3682 423 3801 485">
     <span class='ocr_line' id='line_1_3' title="bbox 3682 423 3801 485; baseline 0 0"><span class='ocrx_word' id='word_1_5' title='bbox 3682 423 3801 485; x_wconf 88' lang='grc'><strong>108</strong></span> 
     </span>
    </p>
   </div>
   <div class='ocr_carea' id='block_1_4' title="bbox 375 578 2057 665">
    <p class='ocr_par' dir='ltr' id='par_1_4' title="bbox 375 589 2039 665">
     <span class='ocr_line' id='line_1_4' title="bbox 375 589 2039 665; baseline -0.013 -3"><span class='ocrx_word' id='word_1_6' title='bbox 375 602 593 663; x_wconf 90' lang='lat' dir='ltr'><strong>deinde</strong></span> <span class='ocrx_word' id='word_1_7' title='bbox 624 594 693 657; x_wconf 91' lang='lat' dir='ltr'><strong>in</strong></span> <span class='ocrx_word' id='word_1_8' title='bbox 730 613 1031 655; x_wconf 89' lang='lat' dir='ltr'><strong>carcerem</strong></span> <span class='ocrx_word' id='word_1_9' title='bbox 1088 593 1429 665; x_wconf 86' lang='lat' dir='ltr'><strong>conjicitur.</strong></span> <span class='ocrx_word' id='word_1_10' title='bbox 1463 589 1575 645; x_wconf 91' lang='lat' dir='ltr'><strong>Sed</strong></span> <span class='ocrx_word' id='word_1_11' title='bbox 1603 589 1826 645; x_wconf 86' lang='lat' dir='ltr'><strong>iterum</strong></span> <span class='ocrx_word' id='word_1_12' title='bbox 1883 603 2039 658; x_wconf 68' lang='lat' dir='ltr'><strong>quaa-</strong></span> 
     </span>
    </p>
   </div>
   <div class='ocr_carea' id='block_1_5' title="bbox 2170 578 3804 665">
    <p class='ocr_par' dir='ltr' id='par_1_5' title="bbox 2170 578 3804 658">
     <span class='ocr_line' id='line_1_5' title="bbox 2170 578 3804 658; baseline 0.002 -22"><span class='ocrx_word' id='word_1_13' title='bbox 2170 579 2423 653; x_wconf 71' lang='grc' dir='ltr'>ὶνηλεῶς,</span> <span class='ocrx_word' id='word_1_14' title='bbox 2477 583 2569 638; x_wconf 86' lang='grc' dir='ltr'><strong>καὶ</strong></span> <span class='ocrx_word' id='word_1_15' title='bbox 2646 582 2782 655; x_wconf 85' lang='grc' dir='ltr'>μετὰ</span> <span class='ocrx_word' id='word_1_16' title='bbox 2837 578 3110 639; x_wconf 76' lang='grc' dir='ltr'>σουϐλίων</span> <span class='ocrx_word' id='word_1_17' title='bbox 3196 581 3608 658; x_wconf 73' lang='grc' dir='ltr'><strong>πεπυρωμένων</strong></span> <span class='ocrx_word' id='word_1_18' title='bbox 3669 584 3804 648; x_wconf 81' lang='grc' dir='ltr'>τοὺς</span> 
     </span>
    </p>
   </div>
   <div class='ocr_carea' id='block_1_6' title="bbox 374 677 2041 763">
    <p class='ocr_par' dir='ltr' id='par_1_6' title="bbox 374 677 2041 763">
     <span class='ocr_line' id='line_1_6' title="bbox 374 677 2041 763; baseline -0.013 -13"><span class='ocrx_word' id='word_1_19' title='bbox 374 695 555 752; x_wconf 90' lang='lat' dir='ltr'><strong>stioni</strong></span> <span class='ocrx_word' id='word_1_20' title='bbox 587 691 875 763; x_wconf 89' lang='lat' dir='ltr'><strong>subjecta,</strong></span> <span class='ocrx_word' id='word_1_21' title='bbox 910 683 1281 757; x_wconf 90' lang='lat' dir='ltr'><strong>scipionibus</strong></span> <span class='ocrx_word' id='word_1_22' title='bbox 1313 680 1604 737; x_wconf 82' lang='lat' dir='ltr'><strong>acerrime</strong></span> <span class='ocrx_word' id='word_1_23' title='bbox 1646 677 1992 734; x_wconf 73' lang='lat' dir='ltr'><strong>verberatur</strong></span> <span class='ocrx_word' id='word_1_24' title='bbox 2027 690 2041 729; x_wconf 90' lang='lat'><strong>:</strong></span> 
     </span>
    </p>
   </div>
   <div class='ocr_carea' id='block_1_7' title="bbox 378 763 2043 850">
    <p class='ocr_par' dir='ltr' id='par_1_7' title="bbox 378 763 2043 850">
     <span class='ocr_line' id='line_1_7' title="bbox 378 763 2043 850; baseline -0.013 -10"><span class='ocrx_word' id='word_1_25' title='bbox 378 784 452 840; x_wconf 90' lang='lat' dir='ltr'><strong>ad</strong></span> <span class='ocrx_word' id='word_1_26' title='bbox 511 784 637 837; x_wconf 69' lang='grc' dir='ltr'>ὴεθο</span> <span class='ocrx_word' id='word_1_27' title='bbox 694 777 913 850; x_wconf 75' lang='lat' dir='ltr'><strong>singuli</strong></span> <span class='ocrx_word' id='word_1_28' title='bbox 945 774 1352 830; x_wconf 82' lang='lat' dir='ltr'>membrorum</span> <span class='ocrx_word' id='word_1_29' title='bbox 1383 776 1549 826; x_wconf 88' lang='lat' dir='ltr'><strong>artus</strong></span> <span class='ocrx_word' id='word_1_30' title='bbox 1598 766 1923 839; x_wconf 86' lang='lat' dir='ltr'><strong>forcipibus</strong></span> <span class='ocrx_word' id='word_1_31' title='bbox 1954 763 2043 819; x_wconf 87' lang='lat' dir='ltr'><strong>illi</strong></span> 
     </span>
    </p>
   </div>
   <div class='ocr_carea' id='block_1_8' title="bbox 379 854 2041 937">
    <p class='ocr_par' dir='ltr' id='par_1_8' title="bbox 379 854 2041 937">
     <span class='ocr_line' id='line_1_8' title="bbox 379 854 2041 937; baseline -0.013 -8"><span class='ocrx_word' id='word_1_32' title='bbox 379 875 682 937; x_wconf 87' lang='lat' dir='ltr'><strong>luxantur,</strong></span> <span class='ocrx_word' id='word_1_33' title='bbox 715 881 1041 936; x_wconf 84' lang='lat' dir='ltr'>rursusque</span> <span class='ocrx_word' id='word_1_34' title='bbox 1072 865 1134 918; x_wconf 91' lang='lat' dir='ltr'><strong>in</strong></span> <span class='ocrx_word' id='word_1_35' title='bbox 1161 861 1499 918; x_wconf 84' lang='lat' dir='ltr'><strong>custodiam</strong></span> <span class='ocrx_word' id='word_1_36' title='bbox 1539 856 1870 913; x_wconf 85' lang='lat' dir='ltr'><strong>includitur</strong></span> <span class='ocrx_word' id='word_1_37' title='bbox 1905 872 1917 909; x_wconf 92' lang='lat'>:</span> <span class='ocrx_word' id='word_1_38' title='bbox 1978 854 2041 908; x_wconf 87' lang='lat' dir='ltr'><strong>in</strong></span> 
     </span>
    </p>
   </div>
   <div class='ocr_carea' id='block_1_9' title="bbox 384 952 2044 1034">
    <p class='ocr_par' dir='ltr' id='par_1_9' title="bbox 384 952 2044 1034">
     <span class='ocr_line' id='line_1_9' title="bbox 384 952 2044 1034; baseline -0.013 -16"><span class='ocrx_word' id='word_1_39' title='bbox 384 979 504 1034; x_wconf 90' lang='lat' dir='ltr'><strong>qua</strong></span> <span class='ocrx_word' id='word_1_40' title='bbox 527 977 664 1016; x_wconf 93' lang='lat' dir='ltr'><strong>cum</strong></span> <span class='ocrx_word' id='word_1_41' title='bbox 690 961 908 1020; x_wconf 88' lang='lat' dir='ltr'><strong>oraret,</strong></span> <span class='ocrx_word' id='word_1_42' title='bbox 936 960 995 1010; x_wconf 90' lang='lat' dir='ltr'><strong>et</strong></span> <span class='ocrx_word' id='word_1_43' title='bbox 1050 953 1268 1025; x_wconf 89' lang='lat' dir='ltr'><strong>gratias</strong></span> <span class='ocrx_word' id='word_1_44' title='bbox 1314 952 1434 1005; x_wconf 91' lang='lat' dir='ltr'><strong>Deo</strong></span> <span class='ocrx_word' id='word_1_45' title='bbox 1499 952 1718 1020; x_wconf 78' lang='lat' dir='ltr'><strong>ageret,</strong></span> <span class='ocrx_word' id='word_1_46' title='bbox 1764 962 1872 1017; x_wconf 89' lang='lat' dir='ltr'><strong>pro</strong></span> <span class='ocrx_word' id='word_1_47' title='bbox 1928 957 2044 1014; x_wconf 87' lang='lat' dir='ltr'><strong>quo</strong></span> 
     </span>
    </p>
   </div>
   <div class='ocr_carea' id='block_1_10' title="bbox 384 1031 2044 1118">
    <p class='ocr_par' dir='ltr' id='par_1_10' title="bbox 384 1031 2044 1118">
     <span class='ocr_line' id='line_1_10' title="bbox 384 1031 2044 1118; baseline -0.013 -10"><span class='ocrx_word' id='word_1_48' title='bbox 384 1031 565 1108; x_wconf 78' lang='lat' dir='ltr'><strong>etiam</strong></span> <span class='ocrx_word' id='word_1_49' title='bbox 593 1046 946 1118; x_wconf 77' lang='lat' dir='ltr'><strong>martyrium</strong></span> <span class='ocrx_word' id='word_1_50' title='bbox 980 1042 1241 1105; x_wconf 87' lang='lat' dir='ltr'><strong>subibat,</strong></span> <span class='ocrx_word' id='word_1_51' title='bbox 1265 1040 1506 1095; x_wconf 90' lang='lat' dir='ltr'><strong>beatum</strong></span> <span class='ocrx_word' id='word_1_52' title='bbox 1538 1037 1816 1109; x_wconf 88' lang='lat' dir='ltr'><strong>spiritum</strong></span> <span class='ocrx_word' id='word_1_53' title='bbox 1842 1031 2044 1088; x_wconf 91' lang='lat' dir='ltr'><strong>reddi-</strong></span> 
     </span>
    </p>
   </div>
   <div class='ocr_carea' id='block_1_11' title="bbox 391 1122 2045 1207">
    <p class='ocr_par' dir='ltr' id='par_1_11' title="bbox 391 1122 2045 1207">
     <span class='ocr_line' id='line_1_11' title="bbox 391 1122 2045 1207; baseline -0.013 -10"><span class='ocrx_word' id='word_1_54' title='bbox 391 1141 479 1197; x_wconf 90' lang='lat' dir='ltr'><strong>dit</strong></span> <span class='ocrx_word' id='word_1_55' title='bbox 512 1156 525 1196; x_wconf 90' lang='lat'><strong>:</strong></span> <span class='ocrx_word' id='word_1_56' title='bbox 558 1136 829 1207; x_wconf 73' lang='lat' dir='ltr'><strong>reliquiae</strong></span> <span class='ocrx_word' id='word_1_57' title='bbox 862 1149 1000 1189; x_wconf 87' lang='lat' dir='ltr'><strong>vero</strong></span> <span class='ocrx_word' id='word_1_58' title='bbox 1036 1132 1164 1203; x_wconf 83' lang='lat' dir='ltr'>ejus</span> <span class='ocrx_word' id='word_1_59' title='bbox 1195 1129 1524 1185; x_wconf 84' lang='lat' dir='ltr'><strong>honoriﬁce</strong></span> <span class='ocrx_word' id='word_1_60' title='bbox 1554 1125 1828 1197; x_wconf 90' lang='lat' dir='ltr'><strong>sepulcro</strong></span> <span class='ocrx_word' id='word_1_61' title='bbox 1861 1122 2045 1177; x_wconf 66' lang='lat' dir='ltr'><strong>illata:</strong></span> 
     </span>
    </p>
   </div>
   <div class='ocr_carea' id='block_1_12' title="bbox 385 1234 546 1286">
    <p class='ocr_par' dir='ltr' id='par_1_12' title="bbox 385 1234 546 1286">
     <span class='ocr_line' id='line_1_12' title="bbox 385 1234 546 1286; baseline -0.019 0"><span class='ocrx_word' id='word_1_62' title='bbox 385 1234 546 1286; x_wconf 87' lang='lat' dir='ltr'><strong>sunt.</strong></span> 
     </span>
    </p>
   </div>
   <div class='ocr_carea' id='block_1_13' title="bbox 956 1398 1476 1459">
    <p class='ocr_par' dir='ltr' id='par_1_13' title="bbox 956 1398 1476 1459">
     <span class='ocr_line' id='line_1_13' title="bbox 956 1398 1476 1459; baseline -0.015 0"><span class='ocrx_word' id='word_1_63' title='bbox 956 1402 1197 1459; x_wconf 80' lang='lat' dir='ltr'><strong>EODEM</strong></span> <span class='ocrx_word' id='word_1_64' title='bbox 1223 1398 1476 1454; x_wconf 84' lang='lat' dir='ltr'><strong>MENSE.</strong></span> 
     </span>
    </p>
   </div>
   <div class='ocr_carea' id='block_1_14' title="bbox 946 1513 1515 1575">
    <p class='ocr_par' dir='ltr' id='par_1_14' title="bbox 946 1513 1515 1575">
     <span class='ocr_line' id='line_1_14' title="bbox 946 1513 1515 1575; baseline -0.014 0"><span class='ocrx_word' id='word_1_65' title='bbox 946 1519 1047 1575; x_wconf 91' lang='lat' dir='ltr'><strong>Die</strong></span> <span class='ocrx_word' id='word_1_66' title='bbox 1079 1517 1311 1572; x_wconf 89' lang='lat' dir='ltr'><strong>decima</strong></span> <span class='ocrx_word' id='word_1_67' title='bbox 1336 1513 1515 1569; x_wconf 87' lang='lat' dir='ltr'><strong>tertia</strong></span> 
     </span>
    </p>
   </div>
   <div class='ocr_carea' id='block_1_15' title="bbox 386 1620 2049 1701">
    <p class='ocr_par' dir='ltr' id='par_1_15' title="bbox 386 1620 2049 1701">
     <span class='ocr_line' id='line_1_15' title="bbox 386 1620 2049 1701; baseline -0.016 -1"><span class='ocrx_word' id='word_1_68' title='bbox 386 1646 426 1701; x_wconf 75' lang='grc'>1</span> <span class='ocrx_word' id='word_1_69' title='bbox 442 1645 480 1699; x_wconf 83' lang='grc'><strong>1</strong></span> <span class='ocrx_word' id='word_1_70' title='bbox 495 1643 542 1699; x_wconf 75' lang='lat'><strong>0</strong></span> <span class='ocrx_word' id='word_1_71' title='bbox 594 1642 877 1698; x_wconf 80' lang='lat' dir='ltr'><strong>Certamen</strong></span> <span class='ocrx_word' id='word_1_72' title='bbox 900 1641 1215 1693; x_wconf 85' lang='lat' dir='ltr'><strong>sanctorum</strong></span> <span class='ocrx_word' id='word_1_73' title='bbox 1238 1637 1553 1700; x_wconf 80' lang='lat' dir='ltr'><strong>martyrum</strong></span> <span class='ocrx_word' id='word_1_74' title='bbox 1604 1626 1793 1701; x_wconf 77' lang='lat' dir='ltr'><strong>Carpi,</strong></span> <span class='ocrx_word' id='word_1_75' title='bbox 1825 1620 2049 1693; x_wconf 81' lang='lat' dir='ltr'><strong>Papyli,</strong></span> 
     </span>
    </p>
   </div>
   <div class='ocr_carea' id='block_1_16' title="bbox 604 1699 1834 1778">
    <p class='ocr_par' dir='ltr' id='par_1_16' title="bbox 604 1699 1834 1778">
     <span class='ocr_line' id='line_1_16' title="bbox 604 1699 1834 1778; baseline -0.015 -10"><span class='ocrx_word' id='word_1_76' title='bbox 604 1720 655 1768; x_wconf 92' lang='lat' dir='ltr'><strong>et</strong></span> <span class='ocrx_word' id='word_1_77' title='bbox 685 1713 957 1767; x_wconf 79' lang='lat' dir='ltr'><strong>sociorum</strong></span> <span class='ocrx_word' id='word_1_78' title='bbox 989 1704 1342 1778; x_wconf 82' lang='lat' dir='ltr'><strong>Agathodori</strong></span> <span class='ocrx_word' id='word_1_79' title='bbox 1371 1699 1424 1756; x_wconf 83' lang='lat' dir='ltr'><strong>et</strong></span> <span class='ocrx_word' id='word_1_80' title='bbox 1454 1699 1834 1772; x_wconf 75' lang='lat' dir='ltr'><strong>Agathonicw.</strong></span> 
     </span>
    </p>
   </div>
   <div class='ocr_carea' id='block_1_17' title="bbox 464 1867 2054 1953">
    <p class='ocr_par' dir='ltr' id='par_1_17' title="bbox 464 1867 2054 1953">
     <span class='ocr_line' id='line_1_17' title="bbox 464 1867 2054 1953; baseline -0.015 -11"><span class='ocrx_word' id='word_1_81' title='bbox 464 1884 661 1942; x_wconf 91' lang='lat' dir='ltr'><strong>Sancti</strong></span> <span class='ocrx_word' id='word_1_82' title='bbox 694 1887 987 1953; x_wconf 84' lang='lat' dir='ltr'><strong>martyres</strong></span> <span class='ocrx_word' id='word_1_83' title='bbox 1013 1879 1238 1948; x_wconf 90' lang='lat' dir='ltr'><strong>Carpus</strong></span> <span class='ocrx_word' id='word_1_84' title='bbox 1272 1878 1330 1929; x_wconf 91' lang='lat' dir='ltr'><strong>et</strong></span> <span class='ocrx_word' id='word_1_85' title='bbox 1358 1870 1615 1943; x_wconf 83' lang='lat' dir='ltr'><strong>Papylus</strong></span> <span class='ocrx_word' id='word_1_86' title='bbox 1647 1867 1823 1923; x_wconf 88' lang='lat' dir='ltr'><strong>Decio</strong></span> <span class='ocrx_word' id='word_1_87' title='bbox 1862 1867 2054 1937; x_wconf 91' lang='lat' dir='ltr'><strong>impe-</strong></span> 
     </span>
    </p>
   </div>
   <div class='ocr_carea' id='block_1_18' title="bbox 2139 669 3801 750">
    <p class='ocr_par' dir='ltr' id='par_1_18' title="bbox 2139 669 3801 750">
     <span class='ocr_line' id='line_1_18' title="bbox 2139 669 3801 750; baseline 0.002 -24"><span class='ocrx_word' id='word_1_88' title='bbox 2139 669 2311 734; x_wconf 80' lang='grc' dir='ltr'>πόδας</span> <span class='ocrx_word' id='word_1_89' title='bbox 2393 670 2715 731; x_wconf 83' lang='grc' dir='ltr'>διακαίεται.</span> <span class='ocrx_word' id='word_1_90' title='bbox 2774 672 2910 728; x_wconf 75' lang='grc' dir='ltr'>Εἶτα</span> <span class='ocrx_word' id='word_1_91' title='bbox 2981 673 3059 736; x_wconf 82' lang='grc' dir='ltr'><strong>είς</strong></span> <span class='ocrx_word' id='word_1_92' title='bbox 3128 672 3378 750; x_wconf 76' lang='grc' dir='ltr'>φυλακὴν</span> <span class='ocrx_word' id='word_1_93' title='bbox 3438 669 3801 747; x_wconf 77' lang='grc' dir='ltr'>ἐμϐάλλεται.</span> 
     </span>
    </p>
   </div>
   <div class='ocr_carea' id='block_1_19' title="bbox 2145 758 3800 837">
    <p class='ocr_par' dir='ltr' id='par_1_19' title="bbox 2145 758 3800 837">
     <span class='ocr_line' id='line_1_19' title="bbox 2145 758 3800 837; baseline 0.002 -23"><span class='ocrx_word' id='word_1_94' title='bbox 2145 764 2322 814; x_wconf 87' lang='grc' dir='ltr'>Στᾶσα</span> <span class='ocrx_word' id='word_1_95' title='bbox 2372 758 2430 815; x_wconf 82' lang='grc' dir='ltr'><strong>δὲ</strong></span> <span class='ocrx_word' id='word_1_96' title='bbox 2507 760 2673 816; x_wconf 79' lang='grc' dir='ltr'>πάλιν</span> <span class='ocrx_word' id='word_1_97' title='bbox 2733 761 2812 824; x_wconf 80' lang='grc' dir='ltr'><strong>εἰς</strong></span> <span class='ocrx_word' id='word_1_98' title='bbox 2896 759 3146 837; x_wconf 72' lang='grc' dir='ltr'><strong>δευτέραν</strong></span> <span class='ocrx_word' id='word_1_99' title='bbox 3228 762 3486 835; x_wconf 80' lang='grc' dir='ltr'>ἐξέτασιν,</span> <span class='ocrx_word' id='word_1_100' title='bbox 3543 761 3800 819; x_wconf 84' lang='grc' dir='ltr'>τύπτεται</span> 
     </span>
    </p>
   </div>
   <div class='ocr_carea' id='block_1_20' title="bbox 2147 845 3804 928">
    <p class='ocr_par' dir='ltr' id='par_1_20' title="bbox 2147 845 3804 928">
     <span class='ocr_line' id='line_1_20' title="bbox 2147 845 3804 928; baseline 0.002 -24"><span class='ocrx_word' id='word_1_101' title='bbox 2147 850 2281 923; x_wconf 85' lang='grc' dir='ltr'>μετά</span> <span class='ocrx_word' id='word_1_102' title='bbox 2317 845 2554 926; x_wconf 77' lang='grc' dir='ltr'>ῥαϐδίων</span> <span class='ocrx_word' id='word_1_103' title='bbox 2590 852 2855 927; x_wconf 75' lang='grc' dir='ltr'><strong>ἰσχυρῶς·</strong></span> <span class='ocrx_word' id='word_1_104' title='bbox 2907 853 2994 907; x_wconf 81' lang='grc' dir='ltr'><strong>καὶ</strong></span> <span class='ocrx_word' id='word_1_105' title='bbox 3060 852 3410 928; x_wconf 79' lang='grc' dir='ltr'>ἐξαρθροῦται</span> <span class='ocrx_word' id='word_1_106' title='bbox 3471 849 3561 907; x_wconf 73' lang='grc' dir='ltr'><strong>διὰ</strong></span> <span class='ocrx_word' id='word_1_107' title='bbox 3607 853 3804 928; x_wconf 66' lang='grc' dir='ltr'>χειρο-</span> 
     </span>
    </p>
   </div>
   <div class='ocr_carea' id='block_1_21' title="bbox 2148 934 3801 1018">
    <p class='ocr_par' dir='ltr' id='par_1_21' title="bbox 2148 934 3801 1018">
     <span class='ocr_line' id='line_1_21' title="bbox 2148 934 3801 1018; baseline 0.002 -24"><span class='ocrx_word' id='word_1_108' title='bbox 2148 934 2334 994; x_wconf 72' lang='grc' dir='ltr'>λάϐων</span> <span class='ocrx_word' id='word_1_109' title='bbox 2385 941 2453 995; x_wconf 81' lang='grc' dir='ltr'>τὰ</span> <span class='ocrx_word' id='word_1_110' title='bbox 2512 941 2684 1017; x_wconf 78' lang='grc' dir='ltr'>ἂρθρα</span> <span class='ocrx_word' id='word_1_111' title='bbox 2738 946 2847 995; x_wconf 80' lang='grc' dir='ltr'><strong>τῶν</strong></span> <span class='ocrx_word' id='word_1_112' title='bbox 2910 940 3116 1015; x_wconf 79' lang='grc' dir='ltr'>μελῶν.</span> <span class='ocrx_word' id='word_1_113' title='bbox 3178 942 3276 996; x_wconf 84' lang='grc' dir='ltr'><strong>Καὶ</strong></span> <span class='ocrx_word' id='word_1_114' title='bbox 3335 939 3500 996; x_wconf 86' lang='grc' dir='ltr'>πάλιν</span> <span class='ocrx_word' id='word_1_115' title='bbox 3554 941 3801 1018; x_wconf 80' lang='grc' dir='ltr'>ῥίπτεται</span> 
     </span>
    </p>
   </div>
   <div class='ocr_carea' id='block_1_22' title="bbox 2147 1025 3802 1105">
    <p class='ocr_par' dir='ltr' id='par_1_22' title="bbox 2147 1025 3802 1105">
     <span class='ocr_line' id='line_1_22' title="bbox 2147 1025 3802 1105; baseline 0.002 -24"><span class='ocrx_word' id='word_1_116' title='bbox 2147 1025 2225 1091; x_wconf 81' lang='grc' dir='ltr'>εἶς</span> <span class='ocrx_word' id='word_1_117' title='bbox 2254 1025 2526 1104; x_wconf 77' lang='grc' dir='ltr'>φυλακήν.</span> <span class='ocrx_word' id='word_1_118' title='bbox 2562 1030 2670 1085; x_wconf 76' lang='grc' dir='ltr'><strong>Καὶ</strong></span> <span class='ocrx_word' id='word_1_119' title='bbox 2714 1029 2766 1083; x_wconf 86' lang='grc' dir='ltr'><strong>ἐν</strong></span> <span class='ocrx_word' id='word_1_120' title='bbox 2825 1028 2961 1103; x_wconf 82' lang='grc' dir='ltr'>αύτῇ</span> <span class='ocrx_word' id='word_1_121' title='bbox 3023 1027 3178 1100; x_wconf 75' lang='grc' dir='ltr'>οὖσα,</span> <span class='ocrx_word' id='word_1_122' title='bbox 3232 1030 3651 1105; x_wconf 82' lang='grc' dir='ltr'>εὐχαριστοῦσα,</span> <span class='ocrx_word' id='word_1_123' title='bbox 3711 1031 3802 1086; x_wconf 83' lang='grc' dir='ltr'><strong>καὶ</strong></span> 
     </span>
    </p>
   </div>
   <div class='ocr_carea' id='block_1_23' title="bbox 2148 1116 3282 1192">
    <p class='ocr_par' dir='ltr' id='par_1_23' title="bbox 2148 1116 3282 1192">
     <span class='ocr_line' id='line_1_23' title="bbox 2148 1116 3282 1192; baseline 0.004 -22"><span class='ocrx_word' id='word_1_124' title='bbox 2148 1116 2594 1191; x_wconf 74' lang='grc' dir='ltr'>προσευχομένη,</span> <span class='ocrx_word' id='word_1_125' title='bbox 2678 1118 2943 1192; x_wconf 88' lang='grc' dir='ltr'>παρέθετο</span> <span class='ocrx_word' id='word_1_126' title='bbox 3000 1122 3081 1191; x_wconf 81' lang='grc' dir='ltr'>τῷ</span> <span class='ocrx_word' id='word_1_127' title='bbox 3143 1124 3282 1191; x_wconf 80' lang='grc' dir='ltr'>Θεῷ,</span> 
     </span>
    </p>
   </div>
   <div class='ocr_carea' id='block_1_24' title="bbox 3373 1116 3801 1196">
    <p class='ocr_par' dir='ltr' id='par_1_24' title="bbox 3373 1116 3801 1196">
     <span class='ocr_line' id='line_1_24' title="bbox 3373 1116 3801 1196; baseline 0.002 -23"><span class='ocrx_word' id='word_1_128' title='bbox 3373 1120 3506 1196; x_wconf 73' lang='grc' dir='ltr'>ὑπὶρ</span> <span class='ocrx_word' id='word_1_129' title='bbox 3591 1116 3655 1174; x_wconf 83' lang='grc' dir='ltr'><strong>οῦ</strong></span> <span class='ocrx_word' id='word_1_130' title='bbox 3710 1121 3801 1174; x_wconf 83' lang='grc' dir='ltr'><strong>καὶ</strong></span> 
     </span>
    </p>
   </div>
   <div class='ocr_carea' id='block_1_25' title="bbox 2152 1206 3807 1285">
    <p class='ocr_par' dir='ltr' id='par_1_25' title="bbox 2152 1206 3807 1285">
     <span class='ocr_line' id='line_1_25' title="bbox 2152 1206 3807 1285; baseline 0.002 -25"><span class='ocrx_word' id='word_1_131' title='bbox 2152 1206 2516 1283; x_wconf 85' lang='grc' dir='ltr'>ἐμαρτύρησε,</span> <span class='ocrx_word' id='word_1_132' title='bbox 2572 1210 2673 1276; x_wconf 77' lang='grc' dir='ltr'>τὴν</span> <span class='ocrx_word' id='word_1_133' title='bbox 2739 1206 3008 1283; x_wconf 80' lang='grc' dir='ltr'>μακαρίαν</span> <span class='ocrx_word' id='word_1_134' title='bbox 3095 1209 3266 1279; x_wconf 84' lang='grc' dir='ltr'>αὐτῆς</span> <span class='ocrx_word' id='word_1_135' title='bbox 3340 1212 3551 1285; x_wconf 74' lang='grc' dir='ltr'>ψυχήν.</span> <span class='ocrx_word' id='word_1_136' title='bbox 3610 1211 3686 1266; x_wconf 88' lang='grc' dir='ltr'>Τὸ</span> <span class='ocrx_word' id='word_1_137' title='bbox 3746 1207 3807 1264; x_wconf 74' lang='grc' dir='ltr'>δὲ</span> 
     </span>
    </p>
   </div>
   <div class='ocr_carea' id='block_1_26' title="bbox 2152 1294 3105 1373">
    <p class='ocr_par' dir='ltr' id='par_1_26' title="bbox 2152 1294 3105 1373">
     <span class='ocr_line' id='line_1_26' title="bbox 2152 1294 3105 1373; baseline 0.002 -22"><span class='ocrx_word' id='word_1_138' title='bbox 2152 1294 2408 1370; x_wconf 82' lang='grc' dir='ltr'>λείψανον</span> <span class='ocrx_word' id='word_1_139' title='bbox 2443 1298 2613 1366; x_wconf 84' lang='grc' dir='ltr'>αὐτῆς</span> <span class='ocrx_word' id='word_1_140' title='bbox 2641 1296 2810 1373; x_wconf 73' lang='grc' dir='ltr'>ἐτάφη</span> <span class='ocrx_word' id='word_1_141' title='bbox 2845 1297 3105 1371; x_wconf 74' lang='grc' dir='ltr'>ἐντίμως.</span> 
     </span>
    </p>
   </div>
   <div class='ocr_carea' id='block_1_27' title="bbox 2715 1417 3239 1473">
    <p class='ocr_par' dir='ltr' id='par_1_27' title="bbox 2715 1417 3239 1473">
     <span class='ocr_line' id='line_1_27' title="bbox 2715 1417 3239 1473; baseline 0 -1"><span class='ocrx_word' id='word_1_142' title='bbox 2715 1417 2894 1473; x_wconf 83' lang='grc' dir='ltr'><strong>ΜΗΝΙ</strong></span> <span class='ocrx_word' id='word_1_143' title='bbox 2923 1420 3007 1471; x_wconf 85' lang='grc' dir='ltr'><strong>ΤΩ</strong></span> <span class='ocrx_word' id='word_1_144' title='bbox 3037 1422 3239 1473; x_wconf 82' lang='grc' dir='ltr'>ΑΥΤΩ.</span> 
     </span>
    </p>
   </div>
   <div class='ocr_carea' id='block_1_28' title="bbox 2955 1506 3054 1562">
    <p class='ocr_par' dir='ltr' id='par_1_28' title="bbox 2955 1506 3054 1562">
     <span class='ocr_line' id='line_1_28' title="bbox 2955 1506 3054 1562; baseline 0.02 -2"><span class='ocrx_word' id='word_1_145' title='bbox 2955 1506 3054 1562; x_wconf 76' lang='lat' dir='ltr'><strong>ll“.</strong></span> 
     </span>
    </p>
   </div>
   <div class='ocr_carea' id='block_1_29' title="bbox 2154 1619 3816 1696">
    <p class='ocr_par' dir='ltr' id='par_1_29' title="bbox 2154 1619 3816 1696">
     <span class='ocr_line' id='line_1_29' title="bbox 2154 1619 3816 1696; baseline -0.001 -18"><span class='ocrx_word' id='word_1_146' title='bbox 2154 1619 2424 1696; x_wconf 69' lang='grc' dir='ltr'>’Άβλησις</span> <span class='ocrx_word' id='word_1_147' title='bbox 2481 1624 2591 1696; x_wconf 67' lang='grc' dir='ltr'>τῷν</span> <span class='ocrx_word' id='word_1_148' title='bbox 2661 1621 2846 1696; x_wconf 39' lang='grc' dir='ltr'>ἁγίων-</span> <span class='ocrx_word' id='word_1_149' title='bbox 2917 1621 3230 1696; x_wconf 79' lang='grc' dir='ltr'>μαρτύρων,</span> <span class='ocrx_word' id='word_1_150' title='bbox 3319 1621 3565 1696; x_wconf 76' lang='grc' dir='ltr'>Κάρπου,</span> <span class='ocrx_word' id='word_1_151' title='bbox 3627 1620 3816 1696; x_wconf 67' lang='grc' dir='ltr'>Παπύτ-</span> 
     </span>
    </p>
   </div>
   <div class='ocr_carea' id='block_1_30' title="bbox 2228 1691 3815 1786">
    <p class='ocr_par' dir='ltr' id='par_1_30' title="bbox 2228 1691 3815 1786">
     <span class='ocr_line' id='line_1_30' title="bbox 2228 1691 3815 1786; baseline 0.002 -39"><span class='ocrx_word' id='word_1_152' title='bbox 2228 1691 2391 1786; x_wconf 59' lang='grc' dir='ltr'><strong>λρυ,Α</strong></span> <span class='ocrx_word' id='word_1_153' title='bbox 2436 1692 2529 1786; x_wconf 61' lang='grc' dir='ltr'><strong>καὶ</strong></span> <span class='ocrx_word' id='word_1_154' title='bbox 2609 1691 2720 1749; x_wconf 77' lang='grc' dir='ltr'><strong>τῶν</strong></span> <span class='ocrx_word' id='word_1_155' title='bbox 2803 1691 2928 1748; x_wconf 79' lang='grc' dir='ltr'>σὺν’</span> <span class='ocrx_word' id='word_1_156' title='bbox 2976 1691 3163 1757; x_wconf 82' lang='grc' dir='ltr'>αὐτοῖς</span> <span class='ocrx_word' id='word_1_157' title='bbox 3215 1691 3622 1772; x_wconf 68' lang='grc' dir='ltr'>’Ἅγαθοδώρου</span> <span class='ocrx_word' id='word_1_158' title='bbox 3714 1695 3815 1750; x_wconf 86' lang='grc' dir='ltr'><strong>καὶ</strong></span> 
     </span>
    </p>
   </div>
   <div class='ocr_carea' id='block_1_31' title="bbox 2246 1764 2605 1838">
    <p class='ocr_par' dir='ltr' id='par_1_31' title="bbox 2246 1764 2605 1838">
     <span class='ocr_line' id='line_1_31' title="bbox 2246 1764 2605 1838; baseline -0.006 -18"><span class='ocrx_word' id='word_1_159' title='bbox 2246 1766 2455 1838; x_wconf 84' lang='grc' dir='ltr'>Αγαοον</span> <span class='ocrx_word' id='word_1_160' title='bbox 2466 1764 2550 1835; x_wconf 87' lang='grc' dir='ltr'><strong>ίκη</strong></span> <span class='ocrx_word' id='word_1_161' title='bbox 2560 1785 2585 1826; x_wconf 91' lang='grc' dir='ltr'><strong>ς</strong></span> <span class='ocrx_word' id='word_1_162' title='bbox 2592 1809 2605 1823; x_wconf 90' lang='grc'><strong>.</strong></span> 
     </span>
    </p>
   </div>
   <div class='ocr_carea' id='block_1_32' title="bbox 2231 1852 3817 1930">
    <p class='ocr_par' dir='ltr' id='par_1_32' title="bbox 2231 1852 3817 1930">
     <span class='ocr_line' id='line_1_32' title="bbox 2231 1852 3817 1930; baseline -0.001 -20"><span class='ocrx_word' id='word_1_163' title='bbox 2231 1854 2299 1910; x_wconf 75' lang='grc' dir='ltr'><strong>Οἱ</strong></span> <span class='ocrx_word' id='word_1_164' title='bbox 2330 1854 2481 1928; x_wconf 76' lang='grc' dir='ltr'>ἅγιοι</span> <span class='ocrx_word' id='word_1_165' title='bbox 2516 1852 2783 1930; x_wconf 88' lang='grc' dir='ltr'>μάρτυρες</span> <span class='ocrx_word' id='word_1_166' title='bbox 2817 1855 3041 1929; x_wconf 88' lang='grc' dir='ltr'>Κάρπος</span> <span class='ocrx_word' id='word_1_167' title='bbox 3090 1855 3182 1911; x_wconf 87' lang='grc' dir='ltr'><strong>καὶ</strong></span> <span class='ocrx_word' id='word_1_168' title='bbox 3239 1855 3500 1918; x_wconf 83' lang='grc' dir='ltr'>Πάπυλος</span> <span class='ocrx_word' id='word_1_169' title='bbox 3559 1856 3817 1930; x_wconf 75' lang='grc' dir='ltr'>ὑπῆρχον</span> 
     </span>
    </p>
   </div>
   <div class='ocr_carea' id='block_1_33' title="bbox 388 1941 2057 2033">
    <p class='ocr_par' dir='ltr' id='par_1_33' title="bbox 388 1941 2053 2033">
     <span class='ocr_line' id='line_1_33' title="bbox 388 1941 2053 2033; baseline -0.016 0"><span class='ocrx_word' id='word_1_170' title='bbox 388 1982 585 2033; x_wconf 90' lang='lat' dir='ltr'><strong>ratore</strong></span> <span class='ocrx_word' id='word_1_171' title='bbox 620 1941 969 2028; x_wconf 75' lang='lat' dir='ltr'><strong>ﬂoruerunt.</strong></span> <span class='ocrx_word' id='word_1_172' title='bbox 1032 1969 1104 2020; x_wconf 91' lang='lat' dir='ltr'><strong>Et</strong></span> <span class='ocrx_word' id='word_1_173' title='bbox 1127 1941 1374 2020; x_wconf 76' lang='lat' dir='ltr'><strong>sanctus</strong></span> <span class='ocrx_word' id='word_1_174' title='bbox 1405 1941 1648 2032; x_wconf 73' lang='lat' dir='ltr'><strong>quidem</strong></span> <span class='ocrx_word' id='word_1_175' title='bbox 1674 1959 1898 2028; x_wconf 89' lang='lat' dir='ltr'><strong>Carpus</strong></span> <span class='ocrx_word' id='word_1_176' title='bbox 1923 1954 2053 2026; x_wconf 82' lang='lat' dir='ltr'><strong>epi-</strong></span> 
     </span>
    </p>
   </div>
   <div class='ocr_carea' id='block_1_34' title="bbox 2170 1941 3816 2033">
    <p class='ocr_par' dir='ltr' id='par_1_34' title="bbox 2170 1941 3816 2033">
     <span class='ocr_line' id='line_1_34' title="bbox 2170 1941 3816 2033; baseline 0.001 -37"><span class='ocrx_word' id='word_1_177' title='bbox 2170 1941 2254 2033; x_wconf 72' lang='grc' dir='ltr'><strong>ίπῖ</strong></span> <span class='ocrx_word' id='word_1_178' title='bbox 2313 1941 2629 2033; x_wconf 11' lang='grc' dir='ltr'>Δεκίουγτοῦ</span> <span class='ocrx_word' id='word_1_179' title='bbox 2664 1942 2954 2033; x_wconf 83' lang='grc' dir='ltr'>βασιλέως.</span> <span class='ocrx_word' id='word_1_180' title='bbox 2989 1943 3152 2002; x_wconf 84' lang='grc' dir='ltr'>Καὶὸ</span> <span class='ocrx_word' id='word_1_181' title='bbox 3214 1945 3309 2017; x_wconf 73' lang='grc' dir='ltr'>μὶν</span> <span class='ocrx_word' id='word_1_182' title='bbox 3369 1946 3529 2020; x_wconf 82' lang='grc' dir='ltr'>ἅγιος</span> <span class='ocrx_word' id='word_1_183' title='bbox 3585 1945 3816 2019; x_wconf 88' lang='grc' dir='ltr'>Κάρπος</span> 
     </span>
    </p>
   </div>
   <div class='ocr_carea' id='block_1_35' title="bbox 387 2046 2043 2136">
    <p class='ocr_par' dir='ltr' id='par_1_35' title="bbox 387 2046 2043 2136">
     <span class='ocr_line' id='line_1_35' title="bbox 387 2046 2043 2136; baseline -0.013 -14"><span class='ocrx_word' id='word_1_184' title='bbox 387 2081 602 2136; x_wconf 90' lang='lat' dir='ltr'><strong>scopus</strong></span> <span class='ocrx_word' id='word_1_185' title='bbox 630 2059 1047 2133; x_wconf 86' lang='lat' dir='ltr'><strong>Thyatirorum</strong></span> <span class='ocrx_word' id='word_1_186' title='bbox 1069 2055 1182 2110; x_wconf 88' lang='lat' dir='ltr'><strong>fuit</strong></span> <span class='ocrx_word' id='word_1_187' title='bbox 1206 2070 1220 2119; x_wconf 88' lang='lat'><strong>;</strong></span> <span class='ocrx_word' id='word_1_188' title='bbox 1241 2051 1497 2123; x_wconf 82' lang='lat' dir='ltr'><strong>Papylus</strong></span> <span class='ocrx_word' id='word_1_189' title='bbox 1520 2054 1718 2105; x_wconf 90' lang='lat' dir='ltr'><strong>autem</strong></span> <span class='ocrx_word' id='word_1_190' title='bbox 1737 2046 2043 2101; x_wconf 87' lang='lat' dir='ltr'><strong>diaconus.</strong></span> 
     </span>
    </p>
   </div>
   <div class='ocr_carea' id='block_1_36' title="bbox 385 2135 2047 2227">
    <p class='ocr_par' dir='ltr' id='par_1_36' title="bbox 385 2135 2047 2227">
     <span class='ocr_line' id='line_1_36' title="bbox 385 2135 2047 2227; baseline -0.015 -14"><span class='ocrx_word' id='word_1_191' title='bbox 385 2135 813 2227; x_wconf 84' lang='lat' dir='ltr'><strong>Comprehensi</strong></span> <span class='ocrx_word' id='word_1_192' title='bbox 845 2154 1045 2205; x_wconf 88' lang='lat' dir='ltr'><strong>autem</strong></span> <span class='ocrx_word' id='word_1_193' title='bbox 1074 2147 1148 2202; x_wconf 91' lang='lat' dir='ltr'><strong>ab</strong></span> <span class='ocrx_word' id='word_1_194' title='bbox 1179 2145 1333 2199; x_wconf 62' lang='lat' dir='ltr'><strong>Asiae</strong></span> <span class='ocrx_word' id='word_1_195' title='bbox 1362 2135 2047 2214; x_wconf 72' lang='lat' dir='ltr'><strong>prmfecto,interrogati-</strong></span> 
     </span>
    </p>
   </div>
   <div class='ocr_carea' id='block_1_37' title="bbox 385 2227 2048 2320">
    <p class='ocr_par' dir='ltr' id='par_1_37' title="bbox 385 2227 2048 2320">
     <span class='ocr_line' id='line_1_37' title="bbox 385 2227 2048 2320; baseline -0.013 -18"><span class='ocrx_word' id='word_1_196' title='bbox 385 2263 527 2320; x_wconf 88' lang='lat' dir='ltr'><strong>que,</strong></span> <span class='ocrx_word' id='word_1_197' title='bbox 557 2243 776 2299; x_wconf 88' lang='lat' dir='ltr'><strong>Christi</strong></span> <span class='ocrx_word' id='word_1_198' title='bbox 808 2239 1043 2296; x_wconf 91' lang='lat' dir='ltr'><strong>Domini</strong></span> <span class='ocrx_word' id='word_1_199' title='bbox 1073 2250 1295 2292; x_wconf 90' lang='lat' dir='ltr'><strong>nomen</strong></span> <span class='ocrx_word' id='word_1_200' title='bbox 1326 2235 1388 2288; x_wconf 90' lang='lat' dir='ltr'><strong>in</strong></span> <span class='ocrx_word' id='word_1_201' title='bbox 1419 2235 1742 2302; x_wconf 89' lang='lat' dir='ltr'><strong>conspectu</strong></span> <span class='ocrx_word' id='word_1_202' title='bbox 1781 2227 2048 2284; x_wconf 90' lang='lat' dir='ltr'><strong>omnium</strong></span> 
     </span>
    </p>
   </div>
   <div class='ocr_carea' id='block_1_38' title="bbox 388 2319 2054 2402">
    <p class='ocr_par' dir='ltr' id='par_1_38' title="bbox 388 2319 2054 2402">
     <span class='ocr_line' id='line_1_38' title="bbox 388 2319 2054 2402; baseline -0.014 -10"><span class='ocrx_word' id='word_1_203' title='bbox 388 2319 643 2393; x_wconf 83' lang='lat' dir='ltr'><strong>confessi</strong></span> <span class='ocrx_word' id='word_1_204' title='bbox 675 2336 815 2389; x_wconf 90' lang='lat' dir='ltr'><strong>sunt</strong></span> <span class='ocrx_word' id='word_1_205' title='bbox 841 2347 854 2385; x_wconf 91' lang='lat'>:</span> <span class='ocrx_word' id='word_1_206' title='bbox 879 2328 1157 2402; x_wconf 88' lang='lat' dir='ltr'><strong>jussique</strong></span> <span class='ocrx_word' id='word_1_207' title='bbox 1188 2324 1364 2380; x_wconf 89' lang='lat' dir='ltr'><strong>idolis</strong></span> <span class='ocrx_word' id='word_1_208' title='bbox 1396 2321 1732 2387; x_wconf 88' lang='lat' dir='ltr'><strong>immolare,</strong></span> <span class='ocrx_word' id='word_1_209' title='bbox 1762 2319 2054 2389; x_wconf 88' lang='lat' dir='ltr'><strong>imperata</strong></span> 
     </span>
    </p>
   </div>
   <div class='ocr_carea' id='block_1_39' title="bbox 389 2409 2050 2485">
    <p class='ocr_par' dir='ltr' id='par_1_39' title="bbox 389 2409 2050 2485">
     <span class='ocr_line' id='line_1_39' title="bbox 389 2409 2050 2485; baseline -0.013 -5"><span class='ocrx_word' id='word_1_210' title='bbox 389 2426 583 2481; x_wconf 85' lang='lat' dir='ltr'><strong>facere</strong></span> <span class='ocrx_word' id='word_1_211' title='bbox 612 2423 990 2477; x_wconf 84' lang='lat' dir='ltr'><strong>recusarunt.</strong></span> <span class='ocrx_word' id='word_1_212' title='bbox 1020 2417 1211 2482; x_wconf 86' lang='lat' dir='ltr'><strong>Quare</strong></span> <span class='ocrx_word' id='word_1_213' title='bbox 1233 2413 1506 2485; x_wconf 85' lang='lat' dir='ltr'><strong>alligatos</strong></span> <span class='ocrx_word' id='word_1_214' title='bbox 1536 2409 1610 2465; x_wconf 91' lang='lat' dir='ltr'><strong>ad</strong></span> <span class='ocrx_word' id='word_1_215' title='bbox 1640 2420 2050 2480; x_wconf 89' lang='lat' dir='ltr'><strong>equos,usque</strong></span> 
     </span>
    </p>
   </div>
   <div class='ocr_carea' id='block_1_40' title="bbox 392 2495 2050 2578">
    <p class='ocr_par' dir='ltr' id='par_1_40' title="bbox 392 2495 2050 2578">
     <span class='ocr_line' id='line_1_40' title="bbox 392 2495 2050 2578; baseline -0.014 -7"><span class='ocrx_word' id='word_1_216' title='bbox 392 2515 467 2572; x_wconf 88' lang='lat' dir='ltr'><strong>ad</strong></span> <span class='ocrx_word' id='word_1_217' title='bbox 500 2511 712 2569; x_wconf 90' lang='lat' dir='ltr'><strong>Sardes</strong></span> <span class='ocrx_word' id='word_1_218' title='bbox 741 2509 951 2565; x_wconf 91' lang='lat' dir='ltr'><strong>urbem</strong></span> <span class='ocrx_word' id='word_1_219' title='bbox 980 2523 1101 2578; x_wconf 73' lang='lat' dir='ltr'><strong>praa</strong></span> <span class='ocrx_word' id='word_1_220' title='bbox 1133 2520 1195 2559; x_wconf 90' lang='lat' dir='ltr'><strong>se</strong></span> <span class='ocrx_word' id='word_1_221' title='bbox 1217 2504 1423 2576; x_wconf 87' lang='lat' dir='ltr'><strong>egit,et</strong></span> <span class='ocrx_word' id='word_1_222' title='bbox 1441 2498 1697 2571; x_wconf 85' lang='lat' dir='ltr'><strong>raptavit</strong></span> <span class='ocrx_word' id='word_1_223' title='bbox 1716 2495 2050 2568; x_wconf 63' lang='lat' dir='ltr'><strong>praefectus,</strong></span> 
     </span>
    </p>
   </div>
   <div class='ocr_carea' id='block_1_41' title="bbox 394 2584 2052 2675">
    <p class='ocr_par' dir='ltr' id='par_1_41' title="bbox 394 2584 2052 2675">
     <span class='ocr_line' id='line_1_41' title="bbox 394 2584 2052 2675; baseline -0.013 -16"><span class='ocrx_word' id='word_1_224' title='bbox 394 2604 597 2675; x_wconf 87' lang='lat' dir='ltr'><strong>ibique</strong></span> <span class='ocrx_word' id='word_1_225' title='bbox 626 2601 690 2655; x_wconf 93' lang='lat' dir='ltr'><strong>in</strong></span> <span class='ocrx_word' id='word_1_226' title='bbox 721 2598 1043 2671; x_wconf 87' lang='lat' dir='ltr'><strong>equuleum</strong></span> <span class='ocrx_word' id='word_1_227' title='bbox 1074 2599 1237 2651; x_wconf 88' lang='lat' dir='ltr'><strong>actos</strong></span> <span class='ocrx_word' id='word_1_228' title='bbox 1279 2587 1689 2647; x_wconf 82' lang='lat' dir='ltr'><strong>excarnificari</strong></span> <span class='ocrx_word' id='word_1_229' title='bbox 1731 2584 2052 2641; x_wconf 83' lang='lat' dir='ltr'><strong>mandavit.</strong></span> 
     </span>
    </p>
   </div>
   <div class='ocr_carea' id='block_1_42' title="bbox 397 2675 2054 2766">
    <p class='ocr_par' dir='ltr' id='par_1_42' title="bbox 397 2675 2054 2766">
     <span class='ocr_line' id='line_1_42' title="bbox 397 2675 2054 2766; baseline -0.014 -17"><span class='ocrx_word' id='word_1_230' title='bbox 397 2691 811 2766; x_wconf 84' lang='lat' dir='ltr'><strong>Agathodorus</strong></span> <span class='ocrx_word' id='word_1_231' title='bbox 840 2692 1039 2743; x_wconf 88' lang='lat' dir='ltr'><strong>autem</strong></span> <span class='ocrx_word' id='word_1_232' title='bbox 1074 2688 1417 2739; x_wconf 89' lang='lat' dir='ltr'><strong>sanctorum</strong></span> <span class='ocrx_word' id='word_1_233' title='bbox 1441 2693 1662 2748; x_wconf 85' lang='lat' dir='ltr'><strong>servus,</strong></span> <span class='ocrx_word' id='word_1_234' title='bbox 1695 2675 1830 2730; x_wconf 92' lang='lat' dir='ltr'><strong>illos</strong></span> <span class='ocrx_word' id='word_1_235' title='bbox 1850 2689 2054 2745; x_wconf 85' lang='lat' dir='ltr'><strong>prose-</strong></span> 
     </span>
    </p>
   </div>
   <div class='ocr_carea' id='block_1_43' title="bbox 399 2764 2055 2849">
    <p class='ocr_par' dir='ltr' id='par_1_43' title="bbox 399 2764 2055 2849">
     <span class='ocr_line' id='line_1_43' title="bbox 399 2764 2055 2849; baseline -0.013 -11"><span class='ocrx_word' id='word_1_236' title='bbox 399 2764 593 2849; x_wconf 80' lang='lat' dir='ltr'><strong>cutus,</strong></span> <span class='ocrx_word' id='word_1_237' title='bbox 627 2778 834 2835; x_wconf 91' lang='lat' dir='ltr'><strong>tandiu</strong></span> <span class='ocrx_word' id='word_1_238' title='bbox 899 2779 1227 2845; x_wconf 88' lang='lat' dir='ltr'><strong>torquetur,</strong></span> <span class='ocrx_word' id='word_1_239' title='bbox 1279 2770 1467 2826; x_wconf 90' lang='lat' dir='ltr'><strong>donec</strong></span> <span class='ocrx_word' id='word_1_240' title='bbox 1521 2765 1825 2839; x_wconf 81' lang='lat' dir='ltr'><strong>expiravit.</strong></span> <span class='ocrx_word' id='word_1_241' title='bbox 1879 2764 2055 2819; x_wconf 91' lang='lat' dir='ltr'><strong>Porro</strong></span> 
     </span>
    </p>
   </div>
   <div class='ocr_carea' id='block_1_44' title="bbox 398 2859 2062 2943">
    <p class='ocr_par' dir='ltr' id='par_1_44' title="bbox 398 2859 2062 2943">
     <span class='ocr_line' id='line_1_44' title="bbox 398 2859 2062 2943; baseline -0.013 -16"><span class='ocrx_word' id='word_1_242' title='bbox 398 2873 624 2943; x_wconf 90' lang='lat' dir='ltr'><strong>Carpus</strong></span> <span class='ocrx_word' id='word_1_243' title='bbox 654 2884 789 2924; x_wconf 91' lang='lat' dir='ltr'><strong>cum</strong></span> <span class='ocrx_word' id='word_1_244' title='bbox 821 2866 883 2921; x_wconf 92' lang='lat' dir='ltr'><strong>in</strong></span> <span class='ocrx_word' id='word_1_245' title='bbox 916 2863 1167 2935; x_wconf 90' lang='lat' dir='ltr'><strong>equuleo</strong></span> <span class='ocrx_word' id='word_1_246' title='bbox 1201 2859 1556 2928; x_wconf 89' lang='lat' dir='ltr'><strong>subrideret,</strong></span> <span class='ocrx_word' id='word_1_247' title='bbox 1588 2860 1826 2928; x_wconf 90' lang='lat' dir='ltr'><strong>rogatus</strong></span> <span class='ocrx_word' id='word_1_248' title='bbox 1857 2870 1892 2908; x_wconf 92' lang='lat' dir='ltr'><strong>a</strong></span> <span class='ocrx_word' id='word_1_249' title='bbox 1916 2869 2062 2924; x_wconf 69' lang='lat' dir='ltr'><strong>pras-</strong></span> 
     </span>
    </p>
   </div>
   <div class='ocr_carea' id='block_1_45' title="bbox 396 2942 2058 3030">
    <p class='ocr_par' dir='ltr' id='par_1_45' title="bbox 396 2942 2058 3030">
     <span class='ocr_line' id='line_1_45' title="bbox 396 2942 2058 3030; baseline -0.013 -13"><span class='ocrx_word' id='word_1_250' title='bbox 396 2942 575 3028; x_wconf 85' lang='lat' dir='ltr'><strong>fecto,</strong></span> <span class='ocrx_word' id='word_1_251' title='bbox 608 2959 779 3030; x_wconf 86' lang='lat' dir='ltr'><strong>cujus</strong></span> <span class='ocrx_word' id='word_1_252' title='bbox 804 2971 983 3011; x_wconf 89' lang='lat' dir='ltr'><strong>causa</strong></span> <span class='ocrx_word' id='word_1_253' title='bbox 1010 2953 1070 3007; x_wconf 91' lang='lat' dir='ltr'><strong>id</strong></span> <span class='ocrx_word' id='word_1_254' title='bbox 1101 2952 1343 3022; x_wconf 83' lang='lat' dir='ltr'><strong>faceret,</strong></span> <span class='ocrx_word' id='word_1_255' title='bbox 1374 2946 1706 3019; x_wconf 84' lang='lat' dir='ltr'><strong>respondit,</strong></span> <span class='ocrx_word' id='word_1_256' title='bbox 1736 2961 1799 2999; x_wconf 92' lang='lat' dir='ltr'><strong>se</strong></span> <span class='ocrx_word' id='word_1_257' title='bbox 1832 2942 2058 2998; x_wconf 88' lang='lat' dir='ltr'><strong>exhila-</strong></span> 
     </span>
    </p>
   </div>
   <div class='ocr_carea' id='block_1_46' title="bbox 398 3030 2059 3115">
    <p class='ocr_par' dir='ltr' id='par_1_46' title="bbox 398 3030 2059 3115">
     <span class='ocr_line' id='line_1_46' title="bbox 398 3030 2059 3115; baseline -0.013 -10"><span class='ocrx_word' id='word_1_258' title='bbox 398 3054 595 3105; x_wconf 86' lang='lat' dir='ltr'><strong>ratum</strong></span> <span class='ocrx_word' id='word_1_259' title='bbox 628 3063 779 3113; x_wconf 88' lang='lat' dir='ltr'><strong>esse,</strong></span> <span class='ocrx_word' id='word_1_260' title='bbox 812 3043 971 3115; x_wconf 91' lang='lat' dir='ltr'><strong>quod</strong></span> <span class='ocrx_word' id='word_1_261' title='bbox 1024 3041 1275 3112; x_wconf 80' lang='lat' dir='ltr'><strong>gloriam</strong></span> <span class='ocrx_word' id='word_1_262' title='bbox 1338 3038 1437 3094; x_wconf 92' lang='lat' dir='ltr'><strong>Dei</strong></span> <span class='ocrx_word' id='word_1_263' title='bbox 1477 3036 1741 3091; x_wconf 81' lang='lat' dir='ltr'><strong>vidisset.</strong></span> <span class='ocrx_word' id='word_1_264' title='bbox 1773 3033 1959 3105; x_wconf 85' lang='lat' dir='ltr'><strong>Igitur</strong></span> <span class='ocrx_word' id='word_1_265' title='bbox 1987 3030 2059 3086; x_wconf 91' lang='lat' dir='ltr'><strong>de</strong></span> 
     </span>
    </p>
   </div>
   <div class='ocr_carea' id='block_1_47' title="bbox 400 3121 2063 3210">
    <p class='ocr_par' dir='ltr' id='par_1_47' title="bbox 400 3121 2063 3210">
     <span class='ocr_line' id='line_1_47' title="bbox 400 3121 2063 3210; baseline -0.012 -16"><span class='ocrx_word' id='word_1_266' title='bbox 400 3138 655 3210; x_wconf 90' lang='lat' dir='ltr'><strong>equuleo</strong></span> <span class='ocrx_word' id='word_1_267' title='bbox 687 3132 1031 3207; x_wconf 88' lang='lat' dir='ltr'><strong>depositi,in</strong></span> <span class='ocrx_word' id='word_1_268' title='bbox 1047 3132 1244 3203; x_wconf 81' lang='lat' dir='ltr'><strong>ignem</strong></span> <span class='ocrx_word' id='word_1_269' title='bbox 1257 3127 1679 3200; x_wconf 91' lang='lat' dir='ltr'><strong>conjiciuntur.</strong></span> <span class='ocrx_word' id='word_1_270' title='bbox 1699 3121 2063 3195; x_wconf 88' lang='lat' dir='ltr'><strong>Agathonica</strong></span> 
     </span>
    </p>
   </div>
   <div class='ocr_carea' id='block_1_48' title="bbox 394 3213 2061 3296">
    <p class='ocr_par' dir='ltr' id='par_1_48' title="bbox 394 3213 2061 3296">
     <span class='ocr_line' id='line_1_48' title="bbox 394 3213 2061 3296; baseline -0.012 -13"><span class='ocrx_word' id='word_1_271' title='bbox 394 3232 597 3284; x_wconf 92' lang='lat' dir='ltr'><strong>autem</strong></span> <span class='ocrx_word' id='word_1_272' title='bbox 620 3224 825 3296; x_wconf 85' lang='lat' dir='ltr'><strong>Papyli</strong></span> <span class='ocrx_word' id='word_1_273' title='bbox 868 3238 1057 3288; x_wconf 89' lang='lat' dir='ltr'><strong>soror,</strong></span> <span class='ocrx_word' id='word_1_274' title='bbox 1092 3236 1223 3291; x_wconf 71' lang='lat' dir='ltr'><strong>quea</strong></span> <span class='ocrx_word' id='word_1_275' title='bbox 1254 3223 1380 3273; x_wconf 87' lang='lat' dir='ltr'><strong>tum</strong></span> <span class='ocrx_word' id='word_1_276' title='bbox 1412 3213 1706 3285; x_wconf 85' lang='lat' dir='ltr'><strong>aderat,in</strong></span> <span class='ocrx_word' id='word_1_277' title='bbox 1737 3226 1945 3283; x_wconf 88' lang='lat' dir='ltr'><strong>rogum</strong></span> <span class='ocrx_word' id='word_1_278' title='bbox 1967 3226 2061 3265; x_wconf 88' lang='lat' dir='ltr'><strong>ar-</strong></span> 
     </span>
    </p>
   </div>
   <div class='ocr_carea' id='block_1_49' title="bbox 395 3298 2132 3395">
    <p class='ocr_par' dir='ltr' id='par_1_49' title="bbox 395 3298 2132 3395">
     <span class='ocr_line' id='line_1_49' title="bbox 395 3298 2132 3395; baseline -0.013 -22"><span class='ocrx_word' id='word_1_279' title='bbox 395 3317 636 3373; x_wconf 87' lang='lat' dir='ltr'><strong>dentem</strong></span> <span class='ocrx_word' id='word_1_280' title='bbox 669 3330 777 3369; x_wconf 89' lang='lat' dir='ltr'><strong>sua</strong></span> <span class='ocrx_word' id='word_1_281' title='bbox 809 3315 1019 3384; x_wconf 86' lang='lat' dir='ltr'><strong>sponte</strong></span> <span class='ocrx_word' id='word_1_282' title='bbox 1077 3307 1340 3382; x_wconf 81' lang='lat' dir='ltr'><strong>gaudens</strong></span> <span class='ocrx_word' id='word_1_283' title='bbox 1372 3304 1600 3361; x_wconf 87' lang='lat' dir='ltr'><strong>insilit:</strong></span> <span class='ocrx_word' id='word_1_284' title='bbox 1635 3306 1693 3358; x_wconf 89' lang='lat' dir='ltr'><strong>et</strong></span> <span class='ocrx_word' id='word_1_285' title='bbox 1721 3299 1896 3356; x_wconf 88' lang='lat' dir='ltr'><strong>ambo</strong></span> <span class='ocrx_word' id='word_1_286' title='bbox 1928 3298 2055 3355; x_wconf 90' lang='lat' dir='ltr'><strong>ani-</strong></span> <span class='ocrx_word' id='word_1_287' title='bbox 2087 3328 2132 3395; x_wconf 61' lang='grc' dir='ltr'>Ο</span> 
     </span>
    </p>
   </div>
   <div class='ocr_carea' id='block_1_50' title="bbox 393 3398 1153 3462">
    <p class='ocr_par' dir='ltr' id='par_1_50' title="bbox 393 3398 1153 3462">
     <span class='ocr_line' id='line_1_50' title="bbox 393 3398 1153 3462; baseline -0.014 1"><span class='ocrx_word' id='word_1_288' title='bbox 393 3422 524 3462; x_wconf 90' lang='lat' dir='ltr'><strong>mas</strong></span> <span class='ocrx_word' id='word_1_289' title='bbox 547 3403 799 3461; x_wconf 92' lang='lat' dir='ltr'><strong>Domino</strong></span> <span class='ocrx_word' id='word_1_290' title='bbox 833 3398 1153 3457; x_wconf 89' lang='lat' dir='ltr'><strong>tradidere.</strong></span> 
     </span>
    </p>
   </div>
   <div class='ocr_carea' id='block_1_51' title="bbox 1065 3576 1414 3633">
    <p class='ocr_par' dir='ltr' id='par_1_51' title="bbox 1065 3576 1414 3633">
     <span class='ocr_line' id='line_1_51' title="bbox 1065 3576 1414 3633; baseline -0.014 0"><span class='ocrx_word' id='word_1_291' title='bbox 1065 3577 1288 3633; x_wconf 90' lang='lat' dir='ltr'><strong>Eodem</strong></span> <span class='ocrx_word' id='word_1_292' title='bbox 1317 3576 1414 3630; x_wconf 87' lang='lat' dir='ltr'><strong>die</strong></span> 
     </span>
    </p>
   </div>
   <div class='ocr_carea' id='block_1_52' title="bbox 548 3660 1922 3733">
    <p class='ocr_par' dir='ltr' id='par_1_52' title="bbox 548 3660 1922 3733">
     <span class='ocr_line' id='line_1_52' title="bbox 548 3660 1922 3733; baseline -0.011 -5"><span class='ocrx_word' id='word_1_293' title='bbox 548 3673 697 3727; x_wconf 74' lang='lat' dir='ltr'><strong>’I‘I1</strong></span> <span class='ocrx_word' id='word_1_294' title='bbox 767 3673 1060 3726; x_wconf 81' lang='lat' dir='ltr'><strong>Certamen</strong></span> <span class='ocrx_word' id='word_1_295' title='bbox 1112 3667 1290 3722; x_wconf 77' lang='lat' dir='ltr'><strong>sancti</strong></span> <span class='ocrx_word' id='word_1_296' title='bbox 1333 3665 1598 3733; x_wconf 79' lang='lat' dir='ltr'><strong>martyris</strong></span> <span class='ocrx_word' id='word_1_297' title='bbox 1635 3660 1922 3717; x_wconf 76' lang='lat' dir='ltr'><strong>Florentii.</strong></span> 
     </span>
    </p>
   </div>
   <div class='ocr_carea' id='block_1_53' title="bbox 477 3774 2069 3855">
    <p class='ocr_par' dir='ltr' id='par_1_53' title="bbox 477 3774 2069 3855">
     <span class='ocr_line' id='line_1_53' title="bbox 477 3774 2069 3855; baseline -0.01 -11"><span class='ocrx_word' id='word_1_298' title='bbox 477 3787 814 3845; x_wconf 88' lang='lat' dir='ltr'><strong>Florentius</strong></span> <span class='ocrx_word' id='word_1_299' title='bbox 827 3790 1052 3855; x_wconf 88' lang='lat' dir='ltr'><strong>martyr</strong></span> <span class='ocrx_word' id='word_1_300' title='bbox 1072 3800 1142 3838; x_wconf 86' lang='lat' dir='ltr'><strong>ex</strong></span> <span class='ocrx_word' id='word_1_301' title='bbox 1169 3781 1316 3837; x_wconf 88' lang='lat' dir='ltr'><strong>urbe</strong></span> <span class='ocrx_word' id='word_1_302' title='bbox 1346 3778 1768 3835; x_wconf 86' lang='lat' dir='ltr'><strong>Thessalonica</strong></span> <span class='ocrx_word' id='word_1_303' title='bbox 1786 3774 2069 3830; x_wconf 89' lang='lat' dir='ltr'><strong>fuit.Cum</strong></span> 
     </span>
    </p>
   </div>
   <div class='ocr_carea' id='block_1_54' title="bbox 409 3866 2066 3939">
    <p class='ocr_par' dir='ltr' id='par_1_54' title="bbox 409 3866 2066 3939">
     <span class='ocr_line' id='line_1_54' title="bbox 409 3866 2066 3939; baseline -0.01 -5"><span class='ocrx_word' id='word_1_304' title='bbox 409 3883 611 3935; x_wconf 88' lang='lat' dir='ltr'><strong>autem</strong></span> <span class='ocrx_word' id='word_1_305' title='bbox 634 3876 1001 3932; x_wconf 90' lang='lat' dir='ltr'><strong>Christianus</strong></span> <span class='ocrx_word' id='word_1_306' title='bbox 1020 3870 1558 3939; x_wconf 86' lang='lat' dir='ltr'><strong>esset,honestique</strong></span> <span class='ocrx_word' id='word_1_307' title='bbox 1573 3866 2066 3934; x_wconf 88' lang='lat' dir='ltr'><strong>studiosissimus,</strong></span> 
     </span>
    </p>
   </div>
   <div class='ocr_carea' id='block_1_55' title="bbox 407 3958 2071 4040">
    <p class='ocr_par' dir='ltr' id='par_1_55' title="bbox 407 3958 2071 4040">
     <span class='ocr_line' id='line_1_55' title="bbox 407 3958 2071 4040; baseline -0.009 -17"><span class='ocrx_word' id='word_1_308' title='bbox 407 3967 628 4040; x_wconf 89' lang='lat' dir='ltr'><strong>probra</strong></span> <span class='ocrx_word' id='word_1_309' title='bbox 654 3971 713 4021; x_wconf 92' lang='lat' dir='ltr'><strong>et</strong></span> <span class='ocrx_word' id='word_1_310' title='bbox 741 3964 1009 4021; x_wconf 87' lang='lat' dir='ltr'><strong>convicia</strong></span> <span class='ocrx_word' id='word_1_311' title='bbox 1036 3962 1293 4017; x_wconf 84' lang='lat' dir='ltr'><strong>maxime</strong></span> <span class='ocrx_word' id='word_1_312' title='bbox 1320 3959 1586 4015; x_wconf 89' lang='lat' dir='ltr'><strong>omnium</strong></span> <span class='ocrx_word' id='word_1_313' title='bbox 1621 3958 1683 4013; x_wconf 91' lang='lat' dir='ltr'><strong>in</strong></span> <span class='ocrx_word' id='word_1_314' title='bbox 1733 3958 2071 4011; x_wconf 73' lang='lat' dir='ltr'><strong>Graecorum</strong></span> 
     </span>
    </p>
   </div>
   <div class='ocr_carea' id='block_1_56' title="bbox 407 4045 2069 4128">
    <p class='ocr_par' dir='ltr' id='par_1_56' title="bbox 407 4045 2069 4128">
     <span class='ocr_line' id='line_1_56' title="bbox 407 4045 2069 4128; baseline -0.008 -15"><span class='ocrx_word' id='word_1_315' title='bbox 407 4057 552 4113; x_wconf 92' lang='lat' dir='ltr'><strong>deos</strong></span> <span class='ocrx_word' id='word_1_316' title='bbox 594 4054 880 4128; x_wconf 89' lang='lat' dir='ltr'><strong>jactabat,</strong></span> <span class='ocrx_word' id='word_1_317' title='bbox 938 4067 1269 4122; x_wconf 85' lang='lat' dir='ltr'><strong>vanamque</strong></span> <span class='ocrx_word' id='word_1_318' title='bbox 1326 4064 1532 4105; x_wconf 90' lang='lat' dir='ltr'><strong>eorum</strong></span> <span class='ocrx_word' id='word_1_319' title='bbox 1581 4045 2069 4118; x_wconf 87' lang='lat' dir='ltr'><strong>superstitionem</strong></span> 
     </span>
    </p>
   </div>
   <div class='ocr_carea' id='block_1_57' title="bbox 410 4135 2066 4209">
    <p class='ocr_par' dir='ltr' id='par_1_57' title="bbox 410 4135 2066 4209">
     <span class='ocr_line' id='line_1_57' title="bbox 410 4135 2066 4209; baseline -0.008 -7"><span class='ocrx_word' id='word_1_320' title='bbox 410 4143 952 4202; x_wconf 85' lang='lat' dir='ltr'><strong>anathematizabat</strong></span> <span class='ocrx_word' id='word_1_321' title='bbox 982 4156 1219 4209; x_wconf 88' lang='lat' dir='ltr'><strong>;veram</strong></span> <span class='ocrx_word' id='word_1_322' title='bbox 1248 4144 1447 4195; x_wconf 88' lang='lat' dir='ltr'><strong>autem</strong></span> <span class='ocrx_word' id='word_1_323' title='bbox 1479 4136 1697 4192; x_wconf 88' lang='lat' dir='ltr'><strong>Christi</strong></span> <span class='ocrx_word' id='word_1_324' title='bbox 1730 4135 1909 4190; x_wconf 78' lang='lat' dir='ltr'><strong>ﬁdem</strong></span> <span class='ocrx_word' id='word_1_325' title='bbox 1941 4149 2066 4190; x_wconf 89' lang='lat' dir='ltr'><strong>om-</strong></span> 
     </span>
    </p>
   </div>
   <div class='ocr_carea' id='block_1_58' title="bbox 402 4224 2067 4303">
    <p class='ocr_par' dir='ltr' id='par_1_58' title="bbox 402 4224 2067 4303">
     <span class='ocr_line' id='line_1_58' title="bbox 402 4224 2067 4303; baseline -0.008 -12"><span class='ocrx_word' id='word_1_326' title='bbox 402 4252 511 4290; x_wconf 90' lang='lat' dir='ltr'><strong>nes</strong></span> <span class='ocrx_word' id='word_1_327' title='bbox 544 4231 1346 4303; x_wconf 89' lang='lat' dir='ltr'><strong>edocebat,Christianosque</strong></span> <span class='ocrx_word' id='word_1_328' title='bbox 1367 4226 1763 4283; x_wconf 86' lang='lat' dir='ltr'><strong>confirmabat</strong></span> <span class='ocrx_word' id='word_1_329' title='bbox 1784 4230 1842 4280; x_wconf 91' lang='lat' dir='ltr'><strong>et</strong></span> <span class='ocrx_word' id='word_1_330' title='bbox 1857 4224 2067 4280; x_wconf 88' lang='lat' dir='ltr'><strong>cohor-</strong></span> 
     </span>
    </p>
   </div>
   <div class='ocr_carea' id='block_1_59' title="bbox 405 4311 2069 4393">
    <p class='ocr_par' dir='ltr' id='par_1_59' title="bbox 405 4311 2069 4393">
     <span class='ocr_line' id='line_1_59' title="bbox 405 4311 2069 4393; baseline -0.007 -15"><span class='ocrx_word' id='word_1_331' title='bbox 405 4324 643 4380; x_wconf 87' lang='lat' dir='ltr'><strong>tabatur</strong></span> <span class='ocrx_word' id='word_1_332' title='bbox 695 4322 770 4378; x_wconf 89' lang='lat' dir='ltr'><strong>ad</strong></span> <span class='ocrx_word' id='word_1_333' title='bbox 832 4320 1187 4393; x_wconf 88' lang='lat' dir='ltr'><strong>explendam</strong></span> <span class='ocrx_word' id='word_1_334' title='bbox 1216 4318 1321 4374; x_wconf 90' lang='lat' dir='ltr'><strong>Dei</strong></span> <span class='ocrx_word' id='word_1_335' title='bbox 1350 4317 1736 4372; x_wconf 82' lang='lat' dir='ltr'><strong>voluntatem.</strong></span> <span class='ocrx_word' id='word_1_336' title='bbox 1769 4314 1949 4386; x_wconf 87' lang='lat' dir='ltr'><strong>Cujus</strong></span> <span class='ocrx_word' id='word_1_337' title='bbox 1980 4311 2069 4368; x_wconf 92' lang='lat' dir='ltr'><strong>rei</strong></span> 
     </span>
    </p>
   </div>
   <div class='ocr_carea' id='block_1_60' title="bbox 404 4403 2070 4485">
    <p class='ocr_par' dir='ltr' id='par_1_60' title="bbox 404 4403 2070 4485">
     <span class='ocr_line' id='line_1_60' title="bbox 404 4403 2070 4485; baseline -0.008 -15"><span class='ocrx_word' id='word_1_338' title='bbox 404 4429 584 4469; x_wconf 86' lang='lat' dir='ltr'><strong>causa</strong></span> <span class='ocrx_word' id='word_1_339' title='bbox 613 4412 1080 4485; x_wconf 88' lang='lat' dir='ltr'><strong>comprehensus</strong></span> <span class='ocrx_word' id='word_1_340' title='bbox 1111 4426 1146 4464; x_wconf 91' lang='lat' dir='ltr'><strong>a</strong></span> <span class='ocrx_word' id='word_1_341' title='bbox 1177 4406 1438 4480; x_wconf 88' lang='lat' dir='ltr'><strong>regionis</strong></span> <span class='ocrx_word' id='word_1_342' title='bbox 1485 4404 1788 4477; x_wconf 81' lang='lat' dir='ltr'><strong>praefecto,</strong></span> <span class='ocrx_word' id='word_1_343' title='bbox 1820 4403 2070 4458; x_wconf 83' lang='lat' dir='ltr'><strong>interro-</strong></span> 
     </span>
    </p>
   </div>
   <div class='ocr_carea' id='block_1_61' title="bbox 402 4491 2070 4578">
    <p class='ocr_par' dir='ltr' id='par_1_61' title="bbox 402 4491 2070 4578">
     <span class='ocr_line' id='line_1_61' title="bbox 402 4491 2070 4578; baseline -0.008 -18"><span class='ocrx_word' id='word_1_344' title='bbox 402 4510 713 4578; x_wconf 85' lang='lat' dir='ltr'><strong>gatusque,</strong></span> <span class='ocrx_word' id='word_1_345' title='bbox 746 4503 808 4558; x_wconf 91' lang='lat' dir='ltr'><strong>in</strong></span> <span class='ocrx_word' id='word_1_346' title='bbox 835 4503 1001 4557; x_wconf 90' lang='lat' dir='ltr'><strong>illius</strong></span> <span class='ocrx_word' id='word_1_347' title='bbox 1034 4503 1358 4570; x_wconf 90' lang='lat' dir='ltr'><strong>conspectu</strong></span> <span class='ocrx_word' id='word_1_348' title='bbox 1390 4496 1698 4552; x_wconf 83' lang='lat' dir='ltr'><strong>confessus</strong></span> <span class='ocrx_word' id='word_1_349' title='bbox 1730 4498 1840 4559; x_wconf 88' lang='lat' dir='ltr'><strong>est,</strong></span> <span class='ocrx_word' id='word_1_350' title='bbox 1866 4491 2070 4548; x_wconf 52' lang='lat' dir='ltr'><strong>Domi-</strong></span> 
     </span>
    </p>
   </div>
   <div class='ocr_carea' id='block_1_62' title="bbox 403 4584 2069 4649">
    <p class='ocr_par' dir='ltr' id='par_1_62' title="bbox 403 4584 2069 4649">
     <span class='ocr_line' id='line_1_62' title="bbox 403 4584 2069 4649; baseline -0.008 0"><span class='ocrx_word' id='word_1_351' title='bbox 403 4610 550 4649; x_wconf 89' lang='lat' dir='ltr'><strong>num</strong></span> <span class='ocrx_word' id='word_1_352' title='bbox 584 4598 857 4648; x_wconf 89' lang='lat' dir='ltr'><strong>nostrum</strong></span> <span class='ocrx_word' id='word_1_353' title='bbox 885 4592 1087 4646; x_wconf 77' lang='lat' dir='ltr'><strong>Iesum</strong></span> <span class='ocrx_word' id='word_1_354' title='bbox 1118 4588 1415 4644; x_wconf 88' lang='lat' dir='ltr'><strong>Christum</strong></span> <span class='ocrx_word' id='word_1_355' title='bbox 1454 4602 1584 4641; x_wconf 91' lang='lat' dir='ltr'><strong>esse</strong></span> <span class='ocrx_word' id='word_1_356' title='bbox 1616 4584 1811 4640; x_wconf 91' lang='lat' dir='ltr'><strong>solum</strong></span> <span class='ocrx_word' id='word_1_357' title='bbox 1842 4584 2028 4637; x_wconf 90' lang='lat' dir='ltr'><strong>Deum</strong></span> <span class='ocrx_word' id='word_1_358' title='bbox 2055 4587 2069 4637; x_wconf 77' lang='grc' dir='ltr'>ς</span> 
     </span>
    </p>
   </div>
   <div class='ocr_carea' id='block_1_63' title="bbox 2155 2030 3819 2107">
    <p class='ocr_par' dir='ltr' id='par_1_63' title="bbox 2155 2030 3819 2107">
     <span class='ocr_line' id='line_1_63' title="bbox 2155 2030 3819 2107; baseline 0.004 -21"><span class='ocrx_word' id='word_1_359' title='bbox 2155 2031 2449 2094; x_wconf 77' lang='grc' dir='ltr'>ἐπίσκοπος</span> <span class='ocrx_word' id='word_1_360' title='bbox 2496 2032 2564 2101; x_wconf 84' lang='grc' dir='ltr'>ἦν</span> <span class='ocrx_word' id='word_1_361' title='bbox 2621 2032 2951 2107; x_wconf 82' lang='grc' dir='ltr'>Θυατείρων·</span> <span class='ocrx_word' id='word_1_362' title='bbox 3012 2035 3040 2089; x_wconf 87' lang='grc' dir='ltr'>ὁ</span> <span class='ocrx_word' id='word_1_363' title='bbox 3102 2030 3161 2088; x_wconf 72' lang='grc' dir='ltr'><strong>δὲ</strong></span> <span class='ocrx_word' id='word_1_364' title='bbox 3217 2033 3478 2096; x_wconf 88' lang='grc' dir='ltr'>Πάπυλος</span> <span class='ocrx_word' id='word_1_365' title='bbox 3537 2030 3819 2095; x_wconf 72' lang='grc' dir='ltr'>διάκονος.</span> 
     </span>
    </p>
   </div>
   <div class='ocr_carea' id='block_1_64' title="bbox 2154 2119 3819 2197">
    <p class='ocr_par' dir='ltr' id='par_1_64' title="bbox 2154 2119 3819 2197">
     <span class='ocr_line' id='line_1_64' title="bbox 2154 2119 3819 2197; baseline -0.001 -19"><span class='ocrx_word' id='word_1_366' title='bbox 2154 2122 2525 2196; x_wconf 86' lang='grc' dir='ltr'>Κρατηθέντες</span> <span class='ocrx_word' id='word_1_367' title='bbox 2554 2121 2644 2175; x_wconf 82' lang='grc' dir='ltr'><strong>οὗν</strong></span> <span class='ocrx_word' id='word_1_368' title='bbox 2677 2121 2827 2194; x_wconf 80' lang='grc' dir='ltr'>παρὰ</span> <span class='ocrx_word' id='word_1_369' title='bbox 2854 2125 2951 2177; x_wconf 85' lang='grc' dir='ltr'><strong>τοῦ</strong></span> <span class='ocrx_word' id='word_1_370' title='bbox 3009 2119 3283 2197; x_wconf 72' lang='grc' dir='ltr'>ἄρχοντος</span> <span class='ocrx_word' id='word_1_371' title='bbox 3321 2129 3424 2191; x_wconf 84' lang='grc' dir='ltr'>τῆς</span> <span class='ocrx_word' id='word_1_372' title='bbox 3455 2122 3660 2193; x_wconf 78' lang='grc' dir='ltr'>Ἀσίας,</span> <span class='ocrx_word' id='word_1_373' title='bbox 3720 2124 3819 2178; x_wconf 82' lang='grc' dir='ltr'><strong>καὶ</strong></span> 
     </span>
    </p>
   </div>
   <div class='ocr_carea' id='block_1_65' title="bbox 2153 2208 3823 2286">
    <p class='ocr_par' dir='ltr' id='par_1_65' title="bbox 2153 2208 3823 2286">
     <span class='ocr_line' id='line_1_65' title="bbox 2153 2208 3823 2286; baseline 0.002 -22"><span class='ocrx_word' id='word_1_374' title='bbox 2153 2209 2539 2286; x_wconf 83' lang='grc' dir='ltr'>ἐρωτηθέντες,</span> <span class='ocrx_word' id='word_1_375' title='bbox 2573 2209 2946 2286; x_wconf 80' lang='grc' dir='ltr'>ὡμολόγησαν</span> <span class='ocrx_word' id='word_1_376' title='bbox 2998 2211 3231 2267; x_wconf 73' lang='grc' dir='ltr'>ἐνώπιον</span> <span class='ocrx_word' id='word_1_377' title='bbox 3266 2213 3484 2267; x_wconf 87' lang='grc' dir='ltr'>πάντων</span> <span class='ocrx_word' id='word_1_378' title='bbox 3516 2213 3578 2267; x_wconf 85' lang='grc' dir='ltr'>τὸ</span> <span class='ocrx_word' id='word_1_379' title='bbox 3637 2208 3823 2285; x_wconf 81' lang='grc' dir='ltr'>ὄνομα</span> 
     </span>
    </p>
   </div>
   <div class='ocr_carea' id='block_1_66' title="bbox 2152 2300 3823 2378">
    <p class='ocr_par' dir='ltr' id='par_1_66' title="bbox 2152 2300 3823 2378">
     <span class='ocr_line' id='line_1_66' title="bbox 2152 2300 3823 2378; baseline 0.001 -23"><span class='ocrx_word' id='word_1_380' title='bbox 2152 2304 2253 2355; x_wconf 87' lang='grc' dir='ltr'><strong>τοῦ</strong></span> <span class='ocrx_word' id='word_1_381' title='bbox 2284 2300 2562 2354; x_wconf 77' lang='grc' dir='ltr'>Δεσπότου</span> <span class='ocrx_word' id='word_1_382' title='bbox 2610 2301 2878 2374; x_wconf 77' lang='grc' dir='ltr'>Χριστοῦ.</span> <span class='ocrx_word' id='word_1_383' title='bbox 2938 2302 3039 2355; x_wconf 82' lang='grc' dir='ltr'>Καὶ</span> <span class='ocrx_word' id='word_1_384' title='bbox 3090 2302 3612 2378; x_wconf 77' lang='grc' dir='ltr'>καταναγκασθέντες</span> <span class='ocrx_word' id='word_1_385' title='bbox 3659 2303 3823 2357; x_wconf 84' lang='grc' dir='ltr'>θῦσαι</span> 
     </span>
    </p>
   </div>
   <div class='ocr_carea' id='block_1_67' title="bbox 2154 2387 3819 2464">
    <p class='ocr_par' dir='ltr' id='par_1_67' title="bbox 2154 2387 3819 2464">
     <span class='ocr_line' id='line_1_67' title="bbox 2154 2387 3819 2464; baseline 0.002 -20"><span class='ocrx_word' id='word_1_386' title='bbox 2154 2393 2274 2453; x_wconf 91' lang='grc' dir='ltr'>τοῖς</span> <span class='ocrx_word' id='word_1_387' title='bbox 2349 2387 2630 2461; x_wconf 77' lang='grc' dir='ltr'>εἰδώλοις,</span> <span class='ocrx_word' id='word_1_388' title='bbox 2688 2389 2781 2444; x_wconf 80' lang='grc' dir='ltr'><strong>καὶ</strong></span> <span class='ocrx_word' id='word_1_389' title='bbox 2870 2390 2946 2463; x_wconf 84' lang='grc' dir='ltr'>μὴ</span> <span class='ocrx_word' id='word_1_390' title='bbox 3022 2391 3349 2463; x_wconf 76' lang='grc' dir='ltr'>πεισθέντες,</span> <span class='ocrx_word' id='word_1_391' title='bbox 3405 2388 3819 2464; x_wconf 84' lang='grc' dir='ltr'>προσεδέθησαν</span> 
     </span>
    </p>
   </div>
   <div class='ocr_carea' id='block_1_68' title="bbox 2160 2476 3820 2555">
    <p class='ocr_par' dir='ltr' id='par_1_68' title="bbox 2160 2476 3820 2555">
     <span class='ocr_line' id='line_1_68' title="bbox 2160 2476 3820 2555; baseline 0.001 -22"><span class='ocrx_word' id='word_1_392' title='bbox 2160 2477 2373 2549; x_wconf 64' lang='grc' dir='ltr'>ἵπποις,</span> <span class='ocrx_word' id='word_1_393' title='bbox 2430 2477 2522 2533; x_wconf 86' lang='lat' dir='ltr'><strong>xui</strong></span> <span class='ocrx_word' id='word_1_394' title='bbox 2579 2480 2939 2554; x_wconf 82' lang='grc' dir='ltr'>περιεπάτουν</span> <span class='ocrx_word' id='word_1_395' title='bbox 3003 2476 3308 2554; x_wconf 78' lang='grc' dir='ltr'>ἔμπροσθεν</span> <span class='ocrx_word' id='word_1_396' title='bbox 3363 2485 3460 2535; x_wconf 86' lang='grc' dir='ltr'><strong>τοῦ</strong></span> <span class='ocrx_word' id='word_1_397' title='bbox 3518 2478 3820 2555; x_wconf 81' lang='grc' dir='ltr'>ἄρχοντος,</span> 
     </span>
    </p>
   </div>
   <div class='ocr_carea' id='block_1_69' title="bbox 2161 2564 3861 2643">
    <p class='ocr_par' dir='ltr' id='par_1_69' title="bbox 2161 2564 3861 2643">
     <span class='ocr_line' id='line_1_69' title="bbox 2161 2564 3861 2643; baseline 0.002 -23"><span class='ocrx_word' id='word_1_398' title='bbox 2161 2568 2455 2642; x_wconf 89' lang='grc' dir='ltr'>συρόμενοι</span> <span class='ocrx_word' id='word_1_399' title='bbox 2541 2566 2679 2642; x_wconf 87' lang='grc' dir='ltr'>πρὸς</span> <span class='ocrx_word' id='word_1_400' title='bbox 2736 2566 2833 2628; x_wconf 81' lang='grc' dir='ltr'><strong>τάς</strong></span> <span class='ocrx_word' id='word_1_401' title='bbox 2893 2564 3146 2642; x_wconf 82' lang='grc' dir='ltr'>Σάρδεις,</span> <span class='ocrx_word' id='word_1_402' title='bbox 3201 2569 3359 2623; x_wconf 68' lang='lat' dir='ltr'><strong>xiier</strong></span> <span class='ocrx_word' id='word_1_403' title='bbox 3426 2567 3861 2643; x_wconf 81' lang='grc' dir='ltr'>κρεμασθέντες’</span> 
     </span>
    </p>
   </div>
   <div class='ocr_carea' id='block_1_70' title="bbox 2160 2654 3819 2733">
    <p class='ocr_par' dir='ltr' id='par_1_70' title="bbox 2160 2654 3819 2733">
     <span class='ocr_line' id='line_1_70' title="bbox 2160 2654 3819 2733; baseline 0.001 -21"><span class='ocrx_word' id='word_1_404' title='bbox 2160 2656 2250 2712; x_wconf 75' lang='grc' dir='ltr'><strong>ἐπὶ</strong></span> <span class='ocrx_word' id='word_1_405' title='bbox 2281 2655 2457 2727; x_wconf 80' lang='grc' dir='ltr'>ξύλων</span> <span class='ocrx_word' id='word_1_406' title='bbox 2515 2656 2745 2727; x_wconf 78' lang='grc' dir='ltr'>ἐξέοντο.</span> <span class='ocrx_word' id='word_1_407' title='bbox 2804 2657 2865 2714; x_wconf 90' lang='grc' dir='ltr'>Ὁ</span> <span class='ocrx_word' id='word_1_408' title='bbox 2923 2654 2981 2712; x_wconf 77' lang='grc' dir='ltr'><strong>δὲ</strong></span> <span class='ocrx_word' id='word_1_409' title='bbox 3038 2654 3435 2733; x_wconf 77' lang='grc' dir='ltr'>Ἀγαοόδωρος,</span> <span class='ocrx_word' id='word_1_410' title='bbox 3486 2654 3682 2719; x_wconf 81' lang='grc' dir='ltr'>δοῦλος</span> <span class='ocrx_word' id='word_1_411' title='bbox 3739 2655 3819 2714; x_wconf 80' lang='grc' dir='ltr'><strong>ὢν</strong></span> 
     </span>
    </p>
   </div>
   <div class='ocr_carea' id='block_1_71' title="bbox 2159 2745 3825 2823">
    <p class='ocr_par' dir='ltr' id='par_1_71' title="bbox 2159 2745 3825 2823">
     <span class='ocr_line' id='line_1_71' title="bbox 2159 2745 3825 2823; baseline 0.001 -21"><span class='ocrx_word' id='word_1_412' title='bbox 2159 2750 2267 2802; x_wconf 80' lang='grc' dir='ltr'>τῶν</span> <span class='ocrx_word' id='word_1_413' title='bbox 2301 2746 2491 2823; x_wconf 84' lang='grc' dir='ltr'>ἁγίων,</span> <span class='ocrx_word' id='word_1_414' title='bbox 2522 2747 2615 2801; x_wconf 89' lang='lat' dir='ltr'><strong>xui</strong></span> <span class='ocrx_word' id='word_1_415' title='bbox 2660 2745 2981 2801; x_wconf 78' lang='grc' dir='ltr'>ἀκολουθῶν</span> <span class='ocrx_word' id='word_1_416' title='bbox 3034 2747 3245 2817; x_wconf 81' lang='grc' dir='ltr'>αὐτοῖς,</span> <span class='ocrx_word' id='word_1_417' title='bbox 3294 2748 3652 2823; x_wconf 82' lang='grc' dir='ltr'>βασανισθεὶς,</span> <span class='ocrx_word' id='word_1_418' title='bbox 3706 2747 3825 2804; x_wconf 82' lang='grc' dir='ltr'>ἐτε-</span> 
     </span>
    </p>
   </div>
   <div class='ocr_carea' id='block_1_72' title="bbox 2165 2832 3822 2911">
    <p class='ocr_par' dir='ltr' id='par_1_72' title="bbox 2165 2832 3822 2911">
     <span class='ocr_line' id='line_1_72' title="bbox 2165 2832 3822 2911; baseline 0.001 -19"><span class='ocrx_word' id='word_1_419' title='bbox 2165 2835 2393 2905; x_wconf 83' lang='grc' dir='ltr'>λειώθη.</span> <span class='ocrx_word' id='word_1_420' title='bbox 2428 2835 2802 2910; x_wconf 76' lang='grc' dir='ltr'>Κρεμώμινος</span> <span class='ocrx_word' id='word_1_421' title='bbox 2835 2832 2894 2889; x_wconf 72' lang='grc' dir='ltr'><strong>δὲ</strong></span> <span class='ocrx_word' id='word_1_422' title='bbox 2926 2837 2954 2890; x_wconf 86' lang='grc' dir='ltr'>ὁ</span> <span class='ocrx_word' id='word_1_423' title='bbox 3007 2837 3158 2911; x_wconf 86' lang='grc' dir='ltr'>ἅγιος</span> <span class='ocrx_word' id='word_1_424' title='bbox 3215 2836 3460 2905; x_wconf 78' lang='grc' dir='ltr'>Κάρπος,</span> <span class='ocrx_word' id='word_1_425' title='bbox 3520 2834 3822 2909; x_wconf 84' lang='grc' dir='ltr'>ἐμειδίασε·</span> 
     </span>
    </p>
   </div>
   <div class='ocr_carea' id='block_1_73' title="bbox 2163 2922 3827 3001">
    <p class='ocr_par' dir='ltr' id='par_1_73' title="bbox 2163 2922 3827 3001">
     <span class='ocr_line' id='line_1_73' title="bbox 2163 2922 3827 3001; baseline 0.001 -20"><span class='ocrx_word' id='word_1_426' title='bbox 2163 2926 2253 2981; x_wconf 90' lang='grc' dir='ltr'><strong>καὶ</strong></span> <span class='ocrx_word' id='word_1_427' title='bbox 2286 2924 2533 2986; x_wconf 74' lang='grc' dir='ltr'>εἰπόντος</span> <span class='ocrx_word' id='word_1_428' title='bbox 2552 2928 2650 2979; x_wconf 90' lang='grc' dir='ltr'><strong>τοῦ</strong></span> <span class='ocrx_word' id='word_1_429' title='bbox 2681 2922 2972 3000; x_wconf 72' lang='grc' dir='ltr'>ἄρχοντος·</span> <span class='ocrx_word' id='word_1_430' title='bbox 3024 2925 3187 2987; x_wconf 83' lang='grc' dir='ltr'>Τίνος</span> <span class='ocrx_word' id='word_1_431' title='bbox 3240 2924 3404 3000; x_wconf 83' lang='grc' dir='ltr'>χάριν</span> <span class='ocrx_word' id='word_1_432' title='bbox 3457 2922 3743 3001; x_wconf 72' lang='grc' dir='ltr'>ἐγέλασας,</span> <span class='ocrx_word' id='word_1_433' title='bbox 3771 2926 3827 2982; x_wconf 83' lang='grc' dir='ltr'><em>ὦ</em></span> 
     </span>
    </p>
   </div>
   <div class='ocr_carea' id='block_1_74' title="bbox 2167 3011 3823 3089">
    <p class='ocr_par' dir='ltr' id='par_1_74' title="bbox 2167 3011 3823 3089">
     <span class='ocr_line' id='line_1_74' title="bbox 2167 3011 3823 3089; baseline 0.001 -18"><span class='ocrx_word' id='word_1_434' title='bbox 2167 3015 2372 3089; x_wconf 73' lang='grc' dir='ltr'>Κίρπε·</span> <span class='ocrx_word' id='word_1_435' title='bbox 2428 3012 2719 3087; x_wconf 79' lang='grc' dir='ltr'>ἀπεκρίθη·</span> <span class='ocrx_word' id='word_1_436' title='bbox 2774 3011 2934 3070; x_wconf 81' lang='grc' dir='ltr'>Εἶδον</span> <span class='ocrx_word' id='word_1_437' title='bbox 2987 3016 3087 3083; x_wconf 78' lang='grc' dir='ltr'>τὴν</span> <span class='ocrx_word' id='word_1_438' title='bbox 3158 3012 3314 3084; x_wconf 84' lang='grc' dir='ltr'>δόξαν</span> <span class='ocrx_word' id='word_1_439' title='bbox 3372 3018 3469 3069; x_wconf 90' lang='grc' dir='ltr'><strong>τοῦ</strong></span> <span class='ocrx_word' id='word_1_440' title='bbox 3525 3020 3681 3087; x_wconf 88' lang='grc' dir='ltr'>Θεοῦ,</span> <span class='ocrx_word' id='word_1_441' title='bbox 3726 3017 3823 3073; x_wconf 79' lang='grc' dir='ltr'><strong>καὶ</strong></span> 
     </span>
    </p>
   </div>
   <div class='ocr_carea' id='block_1_75' title="bbox 2166 3098 3827 3180">
    <p class='ocr_par' dir='ltr' id='par_1_75' title="bbox 2166 3098 3827 3180">
     <span class='ocr_line' id='line_1_75' title="bbox 2166 3098 3827 3180; baseline 0.001 -21"><span class='ocrx_word' id='word_1_442' title='bbox 2166 3104 2397 3180; x_wconf 81' lang='grc' dir='ltr'>ἐχάρην.</span> <span class='ocrx_word' id='word_1_443' title='bbox 2458 3098 2948 3166; x_wconf 73' lang='grc' dir='ltr'>Καταὸιὸασθέντες</span> <span class='ocrx_word' id='word_1_444' title='bbox 3006 3101 3065 3159; x_wconf 73' lang='grc' dir='ltr'><strong>δὲ</strong></span> <span class='ocrx_word' id='word_1_445' title='bbox 3121 3102 3228 3158; x_wconf 81' lang='grc' dir='ltr'><strong>ἀπὸ</strong></span> <span class='ocrx_word' id='word_1_446' title='bbox 3282 3107 3393 3158; x_wconf 82' lang='grc' dir='ltr'>τῶν</span> <span class='ocrx_word' id='word_1_447' title='bbox 3457 3103 3659 3177; x_wconf 80' lang='grc' dir='ltr'>ξύλων,</span> <span class='ocrx_word' id='word_1_448' title='bbox 3734 3104 3827 3161; x_wconf 78' lang='grc' dir='ltr'>ἐν-</span> 
     </span>
    </p>
   </div>
   <div class='ocr_carea' id='block_1_76' title="bbox 2168 3195 3830 3276">
    <p class='ocr_par' dir='ltr' id='par_1_76' title="bbox 2168 3195 3830 3276">
     <span class='ocr_line' id='line_1_76' title="bbox 2168 3195 3830 3276; baseline -0.001 -21"><span class='ocrx_word' id='word_1_449' title='bbox 2168 3196 2479 3270; x_wconf 73' lang='grc' dir='ltr'>εϐλήθησαν</span> <span class='ocrx_word' id='word_1_450' title='bbox 2540 3196 2616 3258; x_wconf 83' lang='grc' dir='ltr'>εἰς</span> <span class='ocrx_word' id='word_1_451' title='bbox 2666 3197 2729 3252; x_wconf 89' lang='grc' dir='ltr'>τὸ</span> <span class='ocrx_word' id='word_1_452' title='bbox 2784 3201 2912 3273; x_wconf 87' lang='grc' dir='ltr'>πῦρ.</span> <span class='ocrx_word' id='word_1_453' title='bbox 2974 3196 3074 3251; x_wconf 75' lang='grc' dir='ltr'><strong>Καὶ</strong></span> <span class='ocrx_word' id='word_1_454' title='bbox 3103 3200 3355 3273; x_wconf 85' lang='grc' dir='ltr'>παροῦσα</span> <span class='ocrx_word' id='word_1_455' title='bbox 3385 3199 3420 3267; x_wconf 80' lang='grc' dir='ltr'>ἠ</span> <span class='ocrx_word' id='word_1_456' title='bbox 3454 3195 3664 3276; x_wconf 79' lang='grc' dir='ltr'><strong>ἀδελφὴ</strong></span> <span class='ocrx_word' id='word_1_457' title='bbox 3721 3203 3830 3254; x_wconf 76' lang='grc' dir='ltr'><strong>τοῦ</strong></span> 
     </span>
    </p>
   </div>
   <div class='ocr_carea' id='block_1_77' title="bbox 2171 3285 3831 3365">
    <p class='ocr_par' dir='ltr' id='par_1_77' title="bbox 2171 3285 3831 3365">
     <span class='ocr_line' id='line_1_77' title="bbox 2171 3285 3831 3365; baseline -0.001 -21"><span class='ocrx_word' id='word_1_458' title='bbox 2171 3287 2435 3344; x_wconf 88' lang='grc' dir='ltr'>Παπύλου</span> <span class='ocrx_word' id='word_1_459' title='bbox 2476 3285 2829 3362; x_wconf 78' lang='grc' dir='ltr'>’Δγαθονίκη,</span> <span class='ocrx_word' id='word_1_460' title='bbox 2892 3285 3114 3352; x_wconf 81' lang='grc' dir='ltr'>εἰσῆλθε</span> <span class='ocrx_word' id='word_1_461' title='bbox 3169 3286 3439 3361; x_wconf 80' lang='grc' dir='ltr'>χαίρουσα</span> <span class='ocrx_word' id='word_1_462' title='bbox 3506 3287 3597 3365; x_wconf 75' lang='grc' dir='ltr'>ἀφ’</span> <span class='ocrx_word' id='word_1_463' title='bbox 3626 3288 3831 3359; x_wconf 74' lang='grc' dir='ltr'>ἑαυτῆς</span> 
     </span>
    </p>
   </div>
   <div class='ocr_carea' id='block_1_78' title="bbox 2171 3372 3833 3452">
    <p class='ocr_par' dir='ltr' id='par_1_78' title="bbox 2171 3372 3833 3452">
     <span class='ocr_line' id='line_1_78' title="bbox 2171 3372 3833 3452; baseline -0.001 -20"><span class='ocrx_word' id='word_1_464' title='bbox 2171 3376 2247 3438; x_wconf 81' lang='grc' dir='ltr'>εἰς</span> <span class='ocrx_word' id='word_1_465' title='bbox 2278 3377 2378 3447; x_wconf 77' lang='grc' dir='ltr'>τὴν</span> <span class='ocrx_word' id='word_1_466' title='bbox 2410 3375 2663 3448; x_wconf 76' lang='grc' dir='ltr'>κάμινον*</span> <span class='ocrx_word' id='word_1_467' title='bbox 2697 3375 2788 3431; x_wconf 89' lang='grc' dir='ltr'><strong>καὶ</strong></span> <span class='ocrx_word' id='word_1_468' title='bbox 2818 3372 3138 3452; x_wconf 80' lang='grc' dir='ltr'>παρέδωκαν</span> <span class='ocrx_word' id='word_1_469' title='bbox 3181 3375 3485 3452; x_wconf 78' lang='grc' dir='ltr'>ἀμφότεροι</span> <span class='ocrx_word' id='word_1_470' title='bbox 3514 3376 3611 3440; x_wconf 81' lang='grc' dir='ltr'>τὰς</span> <span class='ocrx_word' id='word_1_471' title='bbox 3640 3376 3833 3451; x_wconf 68' lang='grc' dir='ltr'>ψυχὰς</span> 
     </span>
    </p>
   </div>
   <div class='ocr_carea' id='block_1_79' title="bbox 2171 3464 2491 3541">
    <p class='ocr_par' dir='ltr' id='par_1_79' title="bbox 2171 3464 2491 3541">
     <span class='ocr_line' id='line_1_79' title="bbox 2171 3464 2491 3541; baseline 0.006 -20"><span class='ocrx_word' id='word_1_472' title='bbox 2171 3470 2251 3538; x_wconf 81' lang='grc' dir='ltr'>τῷ</span> <span class='ocrx_word' id='word_1_473' title='bbox 2281 3464 2491 3541; x_wconf 83' lang='grc' dir='ltr'>Κυρίῳ.</span> 
     </span>
    </p>
   </div>
   <div class='ocr_carea' id='block_1_80' title="bbox 2771 3552 3225 3630">
    <p class='ocr_par' dir='ltr' id='par_1_80' title="bbox 2771 3552 3225 3630">
     <span class='ocr_line' id='line_1_80' title="bbox 2771 3552 3225 3630; baseline -0.004 -2"><span class='ocrx_word' id='word_1_474' title='bbox 2771 3556 2847 3628; x_wconf 71' lang='grc' dir='ltr'><strong>Τῆ</strong></span> <span class='ocrx_word' id='word_1_475' title='bbox 2873 3552 3011 3628; x_wconf 74' lang='grc' dir='ltr'><strong>αὖτῦ</strong></span> <span class='ocrx_word' id='word_1_476' title='bbox 3038 3552 3225 3630; x_wconf 71' lang='grc' dir='ltr'>ἡμέρᾳ</span> 
     </span>
    </p>
   </div>
   <div class='ocr_carea' id='block_1_81' title="bbox 2350 3640 3638 3718">
    <p class='ocr_par' dir='ltr' id='par_1_81' title="bbox 2350 3640 3638 3718">
     <span class='ocr_line' id='line_1_81' title="bbox 2350 3640 3638 3718; baseline -0.001 -17"><span class='ocrx_word' id='word_1_477' title='bbox 2350 3642 2617 3713; x_wconf 77' lang='grc' dir='ltr'>’Ἄθλησις</span> <span class='ocrx_word' id='word_1_478' title='bbox 2645 3647 2743 3699; x_wconf 85' lang='grc' dir='ltr'><strong>τοῦ</strong></span> <span class='ocrx_word' id='word_1_479' title='bbox 2764 3641 2924 3717; x_wconf 85' lang='grc' dir='ltr'>ἁγίου</span> <span class='ocrx_word' id='word_1_480' title='bbox 2959 3643 3233 3718; x_wconf 87' lang='grc' dir='ltr'>μάρτυρος</span> <span class='ocrx_word' id='word_1_481' title='bbox 3264 3640 3638 3717; x_wconf 85' lang='grc' dir='ltr'>Φλωρεντίου.</span> 
     </span>
    </p>
   </div>
   <div class='ocr_carea' id='block_1_82' title="bbox 2243 3769 3826 3845">
    <p class='ocr_par' dir='ltr' id='par_1_82' title="bbox 2243 3769 3826 3845">
     <span class='ocr_line' id='line_1_82' title="bbox 2243 3769 3826 3845; baseline -0.002 -17"><span class='ocrx_word' id='word_1_482' title='bbox 2243 3771 2304 3828; x_wconf 79' lang='grc' dir='ltr'>Ὀ</span> <span class='ocrx_word' id='word_1_483' title='bbox 2359 3773 2564 3844; x_wconf 85' lang='grc' dir='ltr'>μάρτυς</span> <span class='ocrx_word' id='word_1_484' title='bbox 2619 3769 2968 3845; x_wconf 83' lang='grc' dir='ltr'>Φλωρέντιος</span> <span class='ocrx_word' id='word_1_485' title='bbox 3032 3769 3279 3845; x_wconf 77' lang='grc' dir='ltr'>ὑπῆρχεν</span> <span class='ocrx_word' id='word_1_486' title='bbox 3335 3770 3396 3825; x_wconf 85' lang='grc' dir='ltr'><strong>ἐκ</strong></span> <span class='ocrx_word' id='word_1_487' title='bbox 3444 3777 3541 3841; x_wconf 77' lang='grc' dir='ltr'>τῆς</span> <span class='ocrx_word' id='word_1_488' title='bbox 3600 3770 3826 3834; x_wconf 87' lang='grc' dir='ltr'>πόλεως</span> 
     </span>
    </p>
   </div>
   <div class='ocr_carea' id='block_1_83' title="bbox 2173 3853 3828 3933">
    <p class='ocr_par' dir='ltr' id='par_1_83' title="bbox 2173 3853 3828 3933">
     <span class='ocr_line' id='line_1_83' title="bbox 2173 3853 3828 3933; baseline 0 -19"><span class='ocrx_word' id='word_1_489' title='bbox 2173 3858 2597 3928; x_wconf 83' lang='grc' dir='ltr'>Θεσσαλονίκης·</span> <span class='ocrx_word' id='word_1_490' title='bbox 2639 3858 2960 3933; x_wconf 86' lang='grc' dir='ltr'>Χριστιανὸς</span> <span class='ocrx_word' id='word_1_491' title='bbox 3018 3854 3075 3912; x_wconf 70' lang='grc' dir='ltr'><strong>δὲ</strong></span> <span class='ocrx_word' id='word_1_492' title='bbox 3132 3853 3229 3927; x_wconf 82' lang='grc' dir='ltr'>ὧν,</span> <span class='ocrx_word' id='word_1_493' title='bbox 3288 3859 3376 3913; x_wconf 81' lang='grc' dir='ltr'><strong>καὶ</strong></span> <span class='ocrx_word' id='word_1_494' title='bbox 3441 3857 3697 3929; x_wconf 73' lang='grc' dir='ltr'>ζηλωτὴς</span> <span class='ocrx_word' id='word_1_495' title='bbox 3723 3862 3828 3914; x_wconf 83' lang='grc' dir='ltr'><strong>τοῦ</strong></span> 
     </span>
    </p>
   </div>
   <div class='ocr_carea' id='block_1_84' title="bbox 2170 3941 3829 4018">
    <p class='ocr_par' dir='ltr' id='par_1_84' title="bbox 2170 3941 3829 4018">
     <span class='ocr_line' id='line_1_84' title="bbox 2170 3941 3829 4018; baseline -0.001 -15"><span class='ocrx_word' id='word_1_496' title='bbox 2170 3947 2367 4017; x_wconf 86' lang='grc' dir='ltr'>καλοῦ,</span> <span class='ocrx_word' id='word_1_497' title='bbox 2399 3943 2585 4018; x_wconf 72' lang='grc' dir='ltr'>ὕϐριζε</span> <span class='ocrx_word' id='word_1_498' title='bbox 2634 3946 2723 4001; x_wconf 86' lang='grc' dir='ltr'><strong>καὶ</strong></span> <span class='ocrx_word' id='word_1_499' title='bbox 2755 3941 3041 4002; x_wconf 77' lang='grc' dir='ltr'>διέϐαλλεν</span> <span class='ocrx_word' id='word_1_500' title='bbox 3074 3946 3162 4002; x_wconf 76' lang='grc' dir='ltr'><strong>ἐπὶ</strong></span> <span class='ocrx_word' id='word_1_501' title='bbox 3217 3948 3433 4003; x_wconf 87' lang='grc' dir='ltr'>πάντων</span> <span class='ocrx_word' id='word_1_502' title='bbox 3487 3947 3617 4010; x_wconf 75' lang='grc' dir='ltr'>τοὺς</span> <span class='ocrx_word' id='word_1_503' title='bbox 3664 3945 3829 4011; x_wconf 80' lang='grc' dir='ltr'>θεοὺς</span> 
     </span>
    </p>
   </div>
   <div class='ocr_carea' id='block_1_85' title="bbox 2170 4035 3832 4112">
    <p class='ocr_par' dir='ltr' id='par_1_85' title="bbox 2170 4035 3832 4112">
     <span class='ocr_line' id='line_1_85' title="bbox 2170 4035 3832 4112; baseline -0.001 -18"><span class='ocrx_word' id='word_1_504' title='bbox 2170 4042 2281 4094; x_wconf 84' lang='grc' dir='ltr'><strong>τῶν</strong></span> <span class='ocrx_word' id='word_1_505' title='bbox 2308 4035 2621 4109; x_wconf 78' lang='grc' dir='ltr'>Ἑλλήνων,</span> <span class='ocrx_word' id='word_1_506' title='bbox 2670 4036 2763 4091; x_wconf 85' lang='grc' dir='ltr'>καὶ</span> <span class='ocrx_word' id='word_1_507' title='bbox 2825 4038 2923 4107; x_wconf 78' lang='grc' dir='ltr'>τὴν</span> <span class='ocrx_word' id='word_1_508' title='bbox 2984 4037 3269 4112; x_wconf 76' lang='grc' dir='ltr'>θρησκείαν</span> <span class='ocrx_word' id='word_1_509' title='bbox 3331 4037 3508 4094; x_wconf 77' lang='grc' dir='ltr'>αὐτῶν</span> <span class='ocrx_word' id='word_1_510' title='bbox 3559 4038 3832 4111; x_wconf 83' lang='grc' dir='ltr'>ἀνεθεμά-</span> 
     </span>
    </p>
   </div>
   <div class='ocr_carea' id='block_1_86' title="bbox 2169 4123 3829 4198">
    <p class='ocr_par' dir='ltr' id='par_1_86' title="bbox 2169 4123 3829 4198">
     <span class='ocr_line' id='line_1_86' title="bbox 2169 4123 3829 4198; baseline -0.001 -15"><span class='ocrx_word' id='word_1_511' title='bbox 2169 4134 2338 4198; x_wconf 87' lang='grc' dir='ltr'>τιζεν,</span> <span class='ocrx_word' id='word_1_512' title='bbox 2377 4124 2623 4182; x_wconf 83' lang='grc' dir='ltr'>ἐδίδασκε</span> <span class='ocrx_word' id='word_1_513' title='bbox 2651 4123 2709 4180; x_wconf 76' lang='grc' dir='ltr'><strong>δὲ</strong></span> <span class='ocrx_word' id='word_1_514' title='bbox 2737 4125 2941 4191; x_wconf 76' lang='grc' dir='ltr'>πάντας</span> <span class='ocrx_word' id='word_1_515' title='bbox 2995 4127 3095 4196; x_wconf 77' lang='grc' dir='ltr'>τὴν</span> <span class='ocrx_word' id='word_1_516' title='bbox 3154 4125 3428 4197; x_wconf 80' lang='grc' dir='ltr'>ἀληθινὴν</span> <span class='ocrx_word' id='word_1_517' title='bbox 3483 4126 3667 4183; x_wconf 84' lang='grc' dir='ltr'>πίστιν</span> <span class='ocrx_word' id='word_1_518' title='bbox 3720 4130 3829 4182; x_wconf 77' lang='grc' dir='ltr'><strong>τοῦ</strong></span> 
     </span>
    </p>
   </div>
   <div class='ocr_carea' id='block_1_87' title="bbox 2172 4215 3834 4293">
    <p class='ocr_par' dir='ltr' id='par_1_87' title="bbox 2172 4215 3834 4293">
     <span class='ocr_line' id='line_1_87' title="bbox 2172 4215 3834 4293; baseline 0 -22"><span class='ocrx_word' id='word_1_519' title='bbox 2172 4220 2440 4293; x_wconf 78' lang='grc' dir='ltr'>Χριστοῦ·</span> <span class='ocrx_word' id='word_1_520' title='bbox 2498 4216 2588 4271; x_wconf 89' lang='lat' dir='ltr'><strong>xui</strong></span> <span class='ocrx_word' id='word_1_521' title='bbox 2636 4216 2886 4290; x_wconf 75' lang='grc' dir='ltr'>ἐστήριξε</span> <span class='ocrx_word' id='word_1_522' title='bbox 2939 4215 3069 4280; x_wconf 80' lang='grc' dir='ltr'>τοὺς</span> <span class='ocrx_word' id='word_1_523' title='bbox 3118 4215 3502 4286; x_wconf 83' lang='grc' dir='ltr'>Χριστιανοὺς,</span> <span class='ocrx_word' id='word_1_524' title='bbox 3547 4216 3639 4272; x_wconf 84' lang='grc' dir='ltr'><strong>καὶ</strong></span> <span class='ocrx_word' id='word_1_525' title='bbox 3688 4236 3834 4292; x_wconf 84' lang='grc' dir='ltr'>παρ-</span> 
     </span>
    </p>
   </div>
   <div class='ocr_carea' id='block_1_88' title="bbox 2175 4302 3837 4381">
    <p class='ocr_par' dir='ltr' id='par_1_88' title="bbox 2175 4302 3837 4381">
     <span class='ocr_line' id='line_1_88' title="bbox 2175 4302 3837 4381; baseline -0.001 -20"><span class='ocrx_word' id='word_1_526' title='bbox 2175 4306 2381 4376; x_wconf 71' lang='grc' dir='ltr'>εκάλει,</span> <span class='ocrx_word' id='word_1_527' title='bbox 2412 4305 2550 4381; x_wconf 88' lang='grc' dir='ltr'>πρὸς</span> <span class='ocrx_word' id='word_1_528' title='bbox 2578 4307 2641 4371; x_wconf 83' lang='grc' dir='ltr'>τὸ</span> <span class='ocrx_word' id='word_1_529' title='bbox 2671 4310 2847 4360; x_wconf 86' lang='grc' dir='ltr'>ποιεῖν</span> <span class='ocrx_word' id='word_1_530' title='bbox 2906 4303 2974 4360; x_wconf 69' lang='grc' dir='ltr'>τὰ</span> <span class='ocrx_word' id='word_1_531' title='bbox 3020 4304 3308 4379; x_wconf 80' lang='grc' dir='ltr'>θελήματα</span> <span class='ocrx_word' id='word_1_532' title='bbox 3338 4310 3435 4362; x_wconf 89' lang='grc' dir='ltr'><strong>τοῦ</strong></span> <span class='ocrx_word' id='word_1_533' title='bbox 3482 4309 3638 4363; x_wconf 87' lang='grc' dir='ltr'>Θεοῦ.</span> <span class='ocrx_word' id='word_1_534' title='bbox 3674 4302 3837 4361; x_wconf 76' lang='grc' dir='ltr'>Οὕτω</span> 
     </span>
    </p>
   </div>
   <div class='ocr_carea' id='block_1_89' title="bbox 2174 4392 3832 4472">
    <p class='ocr_par' dir='ltr' id='par_1_89' title="bbox 2174 4392 3832 4472">
     <span class='ocr_line' id='line_1_89' title="bbox 2174 4392 3832 4472; baseline 0.001 -22"><span class='ocrx_word' id='word_1_535' title='bbox 2174 4392 2233 4450; x_wconf 73' lang='grc' dir='ltr'><strong>δὲ</strong></span> <span class='ocrx_word' id='word_1_536' title='bbox 2261 4399 2458 4464; x_wconf 84' lang='grc' dir='ltr'>ποιῶν,</span> <span class='ocrx_word' id='word_1_537' title='bbox 2490 4393 2764 4472; x_wconf 71' lang='grc' dir='ltr'>ἐκρατήθη</span> <span class='ocrx_word' id='word_1_538' title='bbox 2813 4395 2960 4468; x_wconf 78' lang='grc' dir='ltr'>παρὰ</span> <span class='ocrx_word' id='word_1_539' title='bbox 3014 4396 3111 4449; x_wconf 86' lang='grc' dir='ltr'><strong>τοῦ</strong></span> <span class='ocrx_word' id='word_1_540' title='bbox 3167 4402 3266 4465; x_wconf 83' lang='grc' dir='ltr'>τῆς</span> <span class='ocrx_word' id='word_1_541' title='bbox 3295 4396 3485 4472; x_wconf 84' lang='grc' dir='ltr'>χώρας</span> <span class='ocrx_word' id='word_1_542' title='bbox 3532 4392 3832 4471; x_wconf 72' lang='grc' dir='ltr'>ἄρχοντος.</span> 
     </span>
    </p>
   </div>
   <div class='ocr_carea' id='block_1_90' title="bbox 2175 4481 3838 4560">
    <p class='ocr_par' dir='ltr' id='par_1_90' title="bbox 2175 4481 3838 4560">
     <span class='ocr_line' id='line_1_90' title="bbox 2175 4481 3838 4560; baseline -0.002 -20"><span class='ocrx_word' id='word_1_543' title='bbox 2175 4485 2282 4540; x_wconf 81' lang='grc' dir='ltr'>Καὶ</span> <span class='ocrx_word' id='word_1_544' title='bbox 2304 4483 2617 4560; x_wconf 82' lang='grc' dir='ltr'>ἐρωτηθεὶς,</span> <span class='ocrx_word' id='word_1_545' title='bbox 2677 4481 3044 4560; x_wconf 84' lang='grc' dir='ltr'>ὡμολόγησεν</span> <span class='ocrx_word' id='word_1_546' title='bbox 3104 4481 3337 4539; x_wconf 85' lang='grc' dir='ltr'>ἐνώπιον</span> <span class='ocrx_word' id='word_1_547' title='bbox 3400 4483 3566 4540; x_wconf 79' lang='grc' dir='ltr'>αὐτοῦ</span> <span class='ocrx_word' id='word_1_548' title='bbox 3594 4485 3688 4540; x_wconf 89' lang='grc' dir='ltr'>τὸν</span> <span class='ocrx_word' id='word_1_549' title='bbox 3718 4481 3838 4538; x_wconf 84' lang='grc' dir='ltr'><strong>Κύ-</strong></span> 
     </span>
    </p>
   </div>
   <div class='ocr_carea' id='block_1_91' title="bbox 2177 4571 3839 4650">
    <p class='ocr_par' dir='ltr' id='par_1_91' title="bbox 2177 4571 3839 4650">
     <span class='ocr_line' id='line_1_91' title="bbox 2177 4571 3839 4650; baseline 0 -23"><span class='ocrx_word' id='word_1_550' title='bbox 2177 4594 2292 4650; x_wconf 88' lang='grc' dir='ltr'>ριον</span> <span class='ocrx_word' id='word_1_551' title='bbox 2324 4575 2484 4647; x_wconf 78' lang='grc' dir='ltr'>ἡμῶν</span> <span class='ocrx_word' id='word_1_552' title='bbox 2530 4574 2741 4643; x_wconf 86' lang='grc' dir='ltr'>Ἰησοῦν</span> <span class='ocrx_word' id='word_1_553' title='bbox 2801 4573 3035 4647; x_wconf 82' lang='grc' dir='ltr'>Χριστὸν</span> <span class='ocrx_word' id='word_1_554' title='bbox 3092 4572 3431 4647; x_wconf 75' lang='grc' dir='ltr'>εἶναιμόνον</span> <span class='ocrx_word' id='word_1_555' title='bbox 3489 4573 3638 4628; x_wconf 76' lang='grc' dir='ltr'>Θεόνο</span> <span class='ocrx_word' id='word_1_556' title='bbox 3699 4571 3839 4638; x_wconf 77' lang='grc' dir='ltr'>τοὺς</span> 
     </span>
    </p>
   </div>
   <div class='ocr_carea' id='block_1_92' title="bbox 406 4660 2057 4762">
    <p class='ocr_par' dir='ltr' id='par_1_92' title="bbox 406 4673 2057 4749">
     <span class='ocr_line' id='line_1_92' title="bbox 406 4673 2057 4749; baseline -0.008 -12"><span class='ocrx_word' id='word_1_557' title='bbox 406 4684 743 4737; x_wconf 80' lang='lat' dir='ltr'><strong>Graecorum</strong></span> <span class='ocrx_word' id='word_1_558' title='bbox 772 4696 909 4735; x_wconf 86' lang='lat' dir='ltr'><strong>vero</strong></span> <span class='ocrx_word' id='word_1_559' title='bbox 940 4679 1103 4745; x_wconf 88' lang='lat' dir='ltr'><strong>deos,</strong></span> <span class='ocrx_word' id='word_1_560' title='bbox 1135 4678 1293 4749; x_wconf 84' lang='lat' dir='ltr'><strong>ligna</strong></span> <span class='ocrx_word' id='word_1_561' title='bbox 1351 4690 1501 4741; x_wconf 89' lang='lat' dir='ltr'><strong>esse,</strong></span> <span class='ocrx_word' id='word_1_562' title='bbox 1536 4673 1786 4746; x_wconf 89' lang='lat' dir='ltr'><strong>lapides,</strong></span> <span class='ocrx_word' id='word_1_563' title='bbox 1834 4685 2057 4737; x_wconf 64' lang='lat' dir='ltr'><strong>aurum,</strong></span> 
     </span>
    </p>
   </div>
   <div class='ocr_carea' id='block_1_93' title="bbox 2170 4660 3832 4762">
    <p class='ocr_par' dir='ltr' id='par_1_93' title="bbox 2178 4660 3832 4739">
     <span class='ocr_line' id='line_1_93' title="bbox 2178 4660 3832 4739; baseline 0.001 -22"><span class='ocrx_word' id='word_1_564' title='bbox 2178 4660 2237 4717; x_wconf 70' lang='grc' dir='ltr'><strong>δὲ</strong></span> <span class='ocrx_word' id='word_1_565' title='bbox 2266 4666 2372 4718; x_wconf 81' lang='grc' dir='ltr'>τῶν</span> <span class='ocrx_word' id='word_1_566' title='bbox 2404 4661 2689 4734; x_wconf 76' lang='grc' dir='ltr'>Ἑλλήνων</span> <span class='ocrx_word' id='word_1_567' title='bbox 2749 4663 2904 4727; x_wconf 81' lang='grc' dir='ltr'>θεοὺς</span> <span class='ocrx_word' id='word_1_568' title='bbox 2962 4661 3096 4733; x_wconf 82' lang='grc' dir='ltr'>ξύλα</span> <span class='ocrx_word' id='word_1_569' title='bbox 3149 4662 3438 4739; x_wconf 73' lang='grc' dir='ltr'>ὑπάρχειν,</span> <span class='ocrx_word' id='word_1_570' title='bbox 3487 4664 3577 4718; x_wconf 85' lang='grc' dir='ltr'><strong>καὶ</strong></span> <span class='ocrx_word' id='word_1_571' title='bbox 3612 4661 3832 4736; x_wconf 82' lang='grc' dir='ltr'>λίθους,</span> 
     </span>
    </p>
   </div>
   <div class='ocr_carea' id='block_1_94' title="bbox 403 4763 2068 4843">
    <p class='ocr_par' dir='ltr' id='par_1_94' title="bbox 403 4763 2068 4843">
     <span class='ocr_line' id='line_1_94' title="bbox 403 4763 2068 4843; baseline -0.008 -17"><span class='ocrx_word' id='word_1_572' title='bbox 403 4776 739 4843; x_wconf 84' lang='lat' dir='ltr'><strong>argentum,</strong></span> <span class='ocrx_word' id='word_1_573' title='bbox 772 4786 856 4825; x_wconf 70' lang='lat' dir='ltr'><strong>ass</strong></span> <span class='ocrx_word' id='word_1_574' title='bbox 889 4773 947 4823; x_wconf 91' lang='lat' dir='ltr'><strong>et</strong></span> <span class='ocrx_word' id='word_1_575' title='bbox 974 4767 1222 4831; x_wconf 87' lang='lat' dir='ltr'><strong>ferrum,</strong></span> <span class='ocrx_word' id='word_1_576' title='bbox 1251 4765 1414 4821; x_wconf 89' lang='lat' dir='ltr'><strong>idola</strong></span> <span class='ocrx_word' id='word_1_577' title='bbox 1469 4763 1685 4819; x_wconf 82' lang='lat' dir='ltr'><strong>animae</strong></span> <span class='ocrx_word' id='word_1_578' title='bbox 1736 4774 2068 4829; x_wconf 87' lang='lat' dir='ltr'><strong>sensusque</strong></span> 
     </span>
    </p>
   </div>
   <div class='ocr_carea' id='block_1_95' title="bbox 401 4850 2068 4931">
    <p class='ocr_par' dir='ltr' id='par_1_95' title="bbox 401 4850 2068 4931">
     <span class='ocr_line' id='line_1_95' title="bbox 401 4850 2068 4931; baseline -0.008 -17"><span class='ocrx_word' id='word_1_579' title='bbox 401 4860 686 4931; x_wconf 85' lang='lat' dir='ltr'><strong>expertia.</strong></span> <span class='ocrx_word' id='word_1_580' title='bbox 716 4860 854 4924; x_wconf 72' lang='lat' dir='ltr'><strong>Quae</strong></span> <span class='ocrx_word' id='word_1_581' title='bbox 884 4873 1020 4913; x_wconf 88' lang='lat' dir='ltr'><strong>cum</strong></span> <span class='ocrx_word' id='word_1_582' title='bbox 1053 4853 1628 4922; x_wconf 80' lang='lat' dir='ltr'><strong>dixisset,concitato</strong></span> <span class='ocrx_word' id='word_1_583' title='bbox 1651 4851 1713 4905; x_wconf 92' lang='lat' dir='ltr'><strong>in</strong></span> <span class='ocrx_word' id='word_1_584' title='bbox 1744 4850 1895 4904; x_wconf 89' lang='lat' dir='ltr'><strong>iram</strong></span> <span class='ocrx_word' id='word_1_585' title='bbox 1916 4863 2068 4919; x_wconf 72' lang='lat' dir='ltr'><strong>prm-</strong></span> 
     </span>
    </p>
   </div>
   <div class='ocr_carea' id='block_1_96' title="bbox 397 4938 2068 5018">
    <p class='ocr_par' dir='ltr' id='par_1_96' title="bbox 397 4938 2068 5018">
     <span class='ocr_line' id='line_1_96' title="bbox 397 4938 2068 5018; baseline -0.01 -13"><span class='ocrx_word' id='word_1_586' title='bbox 397 4950 575 5018; x_wconf 85' lang='lat' dir='ltr'><strong>fecto,</strong></span> <span class='ocrx_word' id='word_1_587' title='bbox 607 4948 787 5003; x_wconf 87' lang='lat' dir='ltr'><strong>variis</strong></span> <span class='ocrx_word' id='word_1_588' title='bbox 818 4946 1128 5003; x_wconf 85' lang='lat' dir='ltr'><strong>tormentis</strong></span> <span class='ocrx_word' id='word_1_589' title='bbox 1161 4938 1854 4999; x_wconf 87' lang='lat' dir='ltr'><strong>excruciatur.Deindein</strong></span> <span class='ocrx_word' id='word_1_590' title='bbox 1877 4952 2068 5007; x_wconf 91' lang='lat' dir='ltr'><strong>equu—</strong></span> 
     </span>
    </p>
   </div>
   <div class='ocr_carea' id='block_1_97' title="bbox 404 5026 2066 5108">
    <p class='ocr_par' dir='ltr' id='par_1_97' title="bbox 404 5026 2066 5108">
     <span class='ocr_line' id='line_1_97' title="bbox 404 5026 2066 5108; baseline -0.01 -14"><span class='ocrx_word' id='word_1_591' title='bbox 404 5038 567 5094; x_wconf 90' lang='lat' dir='ltr'><strong>leum</strong></span> <span class='ocrx_word' id='word_1_592' title='bbox 594 5038 783 5093; x_wconf 89' lang='lat' dir='ltr'><strong>elatus</strong></span> <span class='ocrx_word' id='word_1_593' title='bbox 815 5037 1121 5108; x_wconf 91' lang='lat' dir='ltr'><strong>scalpitur.</strong></span> <span class='ocrx_word' id='word_1_594' title='bbox 1151 5035 1400 5089; x_wconf 89' lang='lat' dir='ltr'><strong>Demum</strong></span> <span class='ocrx_word' id='word_1_595' title='bbox 1460 5031 1523 5085; x_wconf 93' lang='lat' dir='ltr'><strong>in</strong></span> <span class='ocrx_word' id='word_1_596' title='bbox 1578 5026 2066 5083; x_wconf 86' lang='lat' dir='ltr'><strong>ardentissimum</strong></span> 
     </span>
    </p>
   </div>
   <div class='ocr_carea' id='block_1_98' title="bbox 403 5116 2065 5201">
    <p class='ocr_par' dir='ltr' id='par_1_98' title="bbox 403 5116 2065 5201">
     <span class='ocr_line' id='line_1_98' title="bbox 403 5116 2065 5201; baseline -0.01 -16"><span class='ocrx_word' id='word_1_597' title='bbox 403 5145 615 5201; x_wconf 88' lang='lat' dir='ltr'><strong>rogum</strong></span> <span class='ocrx_word' id='word_1_598' title='bbox 639 5128 916 5199; x_wconf 87' lang='lat' dir='ltr'><strong>injectus,</strong></span> <span class='ocrx_word' id='word_1_599' title='bbox 952 5142 1131 5181; x_wconf 88' lang='lat' dir='ltr'><strong>orans</strong></span> <span class='ocrx_word' id='word_1_600' title='bbox 1164 5129 1223 5179; x_wconf 91' lang='lat' dir='ltr'><strong>et</strong></span> <span class='ocrx_word' id='word_1_601' title='bbox 1249 5122 1468 5196; x_wconf 85' lang='lat' dir='ltr'><strong>gratias</strong></span> <span class='ocrx_word' id='word_1_602' title='bbox 1498 5120 1616 5175; x_wconf 90' lang='lat' dir='ltr'><strong>Deo</strong></span> <span class='ocrx_word' id='word_1_603' title='bbox 1646 5133 1847 5190; x_wconf 85' lang='lat' dir='ltr'><strong>agens,</strong></span> <span class='ocrx_word' id='word_1_604' title='bbox 1883 5116 2065 5171; x_wconf 83' lang='lat' dir='ltr'><strong>ﬁnem</strong></span> 
     </span>
    </p>
   </div>
   <div class='ocr_carea' id='block_1_99' title="bbox 400 5216 850 5289">
    <p class='ocr_par' dir='ltr' id='par_1_99' title="bbox 400 5216 850 5289">
     <span class='ocr_line' id='line_1_99' title="bbox 400 5216 850 5289; baseline -0.009 -15"><span class='ocrx_word' id='word_1_605' title='bbox 400 5219 574 5274; x_wconf 68' lang='lat' dir='ltr'><strong>laetus</strong></span> <span class='ocrx_word' id='word_1_606' title='bbox 600 5216 850 5289; x_wconf 88' lang='lat' dir='ltr'><strong>accepit.</strong></span> 
     </span>
    </p>
   </div>
   <div class='ocr_carea' id='block_1_100' title="bbox 967 5417 1494 5478">
    <p class='ocr_par' dir='ltr' id='par_1_100' title="bbox 967 5417 1494 5478">
     <span class='ocr_line' id='line_1_100' title="bbox 967 5417 1494 5478; baseline -0.013 0"><span class='ocrx_word' id='word_1_607' title='bbox 967 5421 1211 5478; x_wconf 82' lang='lat' dir='ltr'><strong>EODEM</strong></span> <span class='ocrx_word' id='word_1_608' title='bbox 1241 5419 1384 5474; x_wconf 84' lang='lat' dir='ltr'><strong>MEN</strong></span> <span class='ocrx_word' id='word_1_609' title='bbox 1393 5417 1494 5472; x_wconf 88' lang='lat' dir='ltr'><strong>SE.</strong></span> 
     </span>
    </p>
   </div>
   <div class='ocr_carea' id='block_1_101' title="bbox 940 5536 1549 5608">
    <p class='ocr_par' dir='ltr' id='par_1_101' title="bbox 940 5536 1549 5608">
     <span class='ocr_line' id='line_1_101' title="bbox 940 5536 1549 5608; baseline -0.01 -13"><span class='ocrx_word' id='word_1_610' title='bbox 940 5540 1043 5595; x_wconf 91' lang='lat' dir='ltr'><strong>Die</strong></span> <span class='ocrx_word' id='word_1_611' title='bbox 1075 5536 1307 5594; x_wconf 88' lang='lat' dir='ltr'><strong>decima</strong></span> <span class='ocrx_word' id='word_1_612' title='bbox 1338 5539 1549 5608; x_wconf 89' lang='lat' dir='ltr'><strong>quarta</strong></span> 
     </span>
    </p>
   </div>
   <div class='ocr_carea' id='block_1_102' title="bbox 400 5617 2063 5697">
    <p class='ocr_par' dir='ltr' id='par_1_102' title="bbox 400 5617 2063 5697">
     <span class='ocr_line' id='line_1_102' title="bbox 400 5617 2063 5697; baseline -0.01 -7"><span class='ocrx_word' id='word_1_613' title='bbox 400 5633 551 5688; x_wconf 79' lang='grc'><strong>118</strong></span> <span class='ocrx_word' id='word_1_614' title='bbox 579 5634 865 5689; x_wconf 78' lang='lat' dir='ltr'><strong>Certamen</strong></span> <span class='ocrx_word' id='word_1_615' title='bbox 917 5635 1239 5684; x_wconf 85' lang='lat' dir='ltr'><strong>sanctorum</strong></span> <span class='ocrx_word' id='word_1_616' title='bbox 1266 5632 1576 5697; x_wconf 81' lang='lat' dir='ltr'><strong>martyrum</strong></span> <span class='ocrx_word' id='word_1_617' title='bbox 1622 5619 1873 5689; x_wconf 79' lang='lat' dir='ltr'><strong>Nazarii,</strong></span> <span class='ocrx_word' id='word_1_618' title='bbox 1934 5617 2063 5675; x_wconf 67' lang='grc' dir='ltr'><strong>σενα</strong></span> 
     </span>
    </p>
   </div>
   <div class='ocr_carea' id='block_1_103' title="bbox 369 5696 1598 5770">
    <p class='ocr_par' dir='ltr' id='par_1_103' title="bbox 369 5696 1598 5770">
     <span class='ocr_line' id='line_1_103' title="bbox 369 5696 1598 5770; baseline -0.012 -6"><span class='ocrx_word' id='word_1_619' title='bbox 369 5708 380 5742; x_wconf 75' lang='lat'><strong>&#39;-</strong></span> <span class='ocrx_word' id='word_1_620' title='bbox 848 5703 1017 5770; x_wconf 76' lang='lat' dir='ltr'><strong>vasii,</strong></span> <span class='ocrx_word' id='word_1_621' title='bbox 1051 5700 1293 5755; x_wconf 79' lang='lat' dir='ltr'><strong>Protasii</strong></span> <span class='ocrx_word' id='word_1_622' title='bbox 1341 5704 1393 5753; x_wconf 87' lang='lat' dir='ltr'><strong>et</strong></span> <span class='ocrx_word' id='word_1_623' title='bbox 1438 5696 1598 5753; x_wconf 83' lang='lat' dir='ltr'><strong>Celsi.</strong></span> 
     </span>
    </p>
   </div>
   <div class='ocr_carea' id='block_1_104' title="bbox 470 5782 2059 5857">
    <p class='ocr_par' dir='ltr' id='par_1_104' title="bbox 470 5782 2059 5857">
     <span class='ocr_line' id='line_1_104' title="bbox 470 5782 2059 5857; baseline -0.006 -9"><span class='ocrx_word' id='word_1_624' title='bbox 470 5793 540 5848; x_wconf 84' lang='lat' dir='ltr'><strong>Hi</strong></span> <span class='ocrx_word' id='word_1_625' title='bbox 572 5792 761 5850; x_wconf 84' lang='lat' dir='ltr'><strong>sancti</strong></span> <span class='ocrx_word' id='word_1_626' title='bbox 793 5794 992 5848; x_wconf 81' lang='lat' dir='ltr'><strong>Romae</strong></span> <span class='ocrx_word' id='word_1_627' title='bbox 1024 5787 1386 5857; x_wconf 87' lang='lat' dir='ltr'><strong>claruerunt,</strong></span> <span class='ocrx_word' id='word_1_628' title='bbox 1446 5787 1676 5843; x_wconf 89' lang='lat' dir='ltr'><strong>Nerone</strong></span> <span class='ocrx_word' id='word_1_629' title='bbox 1705 5782 2059 5853; x_wconf 88' lang='lat' dir='ltr'><strong>imperante.</strong></span> 
     </span>
    </p>
   </div>
   <div class='ocr_carea' id='block_1_105' title="bbox 2176 4748 3835 4829">
    <p class='ocr_par' dir='ltr' id='par_1_105' title="bbox 2176 4748 3835 4829">
     <span class='ocr_line' id='line_1_105' title="bbox 2176 4748 3835 4829; baseline 0.001 -23"><span class='ocrx_word' id='word_1_630' title='bbox 2176 4753 2266 4807; x_wconf 82' lang='lat' dir='ltr'><strong>xui</strong></span> <span class='ocrx_word' id='word_1_631' title='bbox 2288 4752 2514 4829; x_wconf 88' lang='grc' dir='ltr'>χρυσὸν,</span> <span class='ocrx_word' id='word_1_632' title='bbox 2548 4753 2637 4806; x_wconf 90' lang='lat' dir='ltr'><strong>xui</strong></span> <span class='ocrx_word' id='word_1_633' title='bbox 2686 4752 2942 4829; x_wconf 79' lang='grc' dir='ltr'>ἄργυρον,</span> <span class='ocrx_word' id='word_1_634' title='bbox 3000 4753 3092 4807; x_wconf 81' lang='grc' dir='ltr'><strong>καὶ</strong></span> <span class='ocrx_word' id='word_1_635' title='bbox 3144 4751 3378 4828; x_wconf 84' lang='grc' dir='ltr'>χαλκὸν,</span> <span class='ocrx_word' id='word_1_636' title='bbox 3431 4753 3519 4807; x_wconf 83' lang='lat' dir='ltr'><strong>xui</strong></span> <span class='ocrx_word' id='word_1_637' title='bbox 3580 4748 3835 4826; x_wconf 86' lang='grc' dir='ltr'>σίδηρον,</span> 
     </span>
    </p>
   </div>
   <div class='ocr_carea' id='block_1_106' title="bbox 2179 4840 3835 4916">
    <p class='ocr_par' dir='ltr' id='par_1_106' title="bbox 2179 4840 3835 4916">
     <span class='ocr_line' id='line_1_106' title="bbox 2179 4840 3835 4916; baseline -0.001 -18"><span class='ocrx_word' id='word_1_638' title='bbox 2179 4840 2383 4899; x_wconf 73' lang='grc' dir='ltr'>εἶ’δωλα</span> <span class='ocrx_word' id='word_1_639' title='bbox 2464 4840 2650 4916; x_wconf 69' lang='grc' dir='ltr'>ἄψυχα</span> <span class='ocrx_word' id='word_1_640' title='bbox 2703 4841 2796 4897; x_wconf 80' lang='grc' dir='ltr'><strong>καὶ</strong></span> <span class='ocrx_word' id='word_1_641' title='bbox 2871 4840 3190 4911; x_wconf 79' lang='grc' dir='ltr'>ἀναίσθητα.</span> <span class='ocrx_word' id='word_1_642' title='bbox 3251 4841 3354 4899; x_wconf 80' lang='grc' dir='ltr'><strong>Καὶ</strong></span> <span class='ocrx_word' id='word_1_643' title='bbox 3411 4846 3578 4897; x_wconf 88' lang='grc' dir='ltr'>ταῦτα</span> <span class='ocrx_word' id='word_1_644' title='bbox 3637 4840 3835 4913; x_wconf 68' lang='grc' dir='ltr'>εἶπὼν,</span> 
     </span>
    </p>
   </div>
   <div class='ocr_carea' id='block_1_107' title="bbox 2176 4928 3840 5008">
    <p class='ocr_par' dir='ltr' id='par_1_107' title="bbox 2176 4928 3840 5008">
     <span class='ocr_line' id='line_1_107' title="bbox 2176 4928 3840 5008; baseline -0.002 -19"><span class='ocrx_word' id='word_1_645' title='bbox 2176 4934 2265 4989; x_wconf 88' lang='lat' dir='ltr'><strong>xui</strong></span> <span class='ocrx_word' id='word_1_646' title='bbox 2300 4931 2376 4994; x_wconf 84' lang='grc' dir='ltr'><strong>εἷς</strong></span> <span class='ocrx_word' id='word_1_647' title='bbox 2409 4932 2580 5007; x_wconf 71' lang='grc' dir='ltr'>ὀργῆν</span> <span class='ocrx_word' id='word_1_648' title='bbox 2607 4933 2833 5002; x_wconf 65' lang='grc' dir='ltr'>κινήσας</span> <span class='ocrx_word' id='word_1_649' title='bbox 2889 4932 2982 4986; x_wconf 85' lang='grc' dir='ltr'>τὸν</span> <span class='ocrx_word' id='word_1_650' title='bbox 3044 4930 3307 5008; x_wconf 74' lang='grc' dir='ltr'>ἄρχοντα,</span> <span class='ocrx_word' id='word_1_651' title='bbox 3337 4937 3663 5006; x_wconf 82' lang='grc' dir='ltr'>τιμωρεῖται</span> <span class='ocrx_word' id='word_1_652' title='bbox 3711 4928 3840 4985; x_wconf 86' lang='grc' dir='ltr'>δια-</span> 
     </span>
    </p>
   </div>
   <div class='ocr_carea' id='block_1_108' title="bbox 2177 5020 3835 5102">
    <p class='ocr_par' dir='ltr' id='par_1_108' title="bbox 2177 5020 3835 5102">
     <span class='ocr_line' id='line_1_108' title="bbox 2177 5020 3835 5102; baseline -0.002 -23"><span class='ocrx_word' id='word_1_653' title='bbox 2177 5023 2377 5102; x_wconf 80' lang='grc' dir='ltr'>ιρόρως.</span> <span class='ocrx_word' id='word_1_654' title='bbox 2439 5021 2571 5078; x_wconf 74' lang='grc' dir='ltr'>Εἶτα</span> <span class='ocrx_word' id='word_1_655' title='bbox 2626 5026 2892 5099; x_wconf 83' lang='grc' dir='ltr'>κρεμᾶται</span> <span class='ocrx_word' id='word_1_656' title='bbox 2932 5021 3039 5093; x_wconf 17' lang='grc' dir='ltr'>,ἐπὶ</span> <span class='ocrx_word' id='word_1_657' title='bbox 3085 5021 3271 5095; x_wconf 81' lang='grc' dir='ltr'>ξύλου,</span> <span class='ocrx_word' id='word_1_658' title='bbox 3320 5022 3413 5077; x_wconf 84' lang='grc' dir='ltr'><strong>καὶ</strong></span> <span class='ocrx_word' id='word_1_659' title='bbox 3470 5021 3662 5093; x_wconf 80' lang='grc' dir='ltr'>ξέεται.</span> <span class='ocrx_word' id='word_1_660' title='bbox 3723 5020 3835 5078; x_wconf 76' lang='grc' dir='ltr'><strong>Καὶ</strong></span> 
     </span>
    </p>
   </div>
   <div class='ocr_carea' id='block_1_109' title="bbox 2175 5108 3833 5190">
    <p class='ocr_par' dir='ltr' id='par_1_109' title="bbox 2175 5108 3833 5190">
     <span class='ocr_line' id='line_1_109' title="bbox 2175 5108 3833 5190; baseline -0.001 -22"><span class='ocrx_word' id='word_1_661' title='bbox 2175 5118 2349 5189; x_wconf 85' lang='grc' dir='ltr'>πυρᾶς</span> <span class='ocrx_word' id='word_1_662' title='bbox 2404 5110 2731 5190; x_wconf 73' lang='grc' dir='ltr'>ἀναφθείσης</span> <span class='ocrx_word' id='word_1_663' title='bbox 2795 5109 3060 5187; x_wconf 83' lang='grc' dir='ltr'>μεγάλης,</span> <span class='ocrx_word' id='word_1_664' title='bbox 3115 5108 3453 5185; x_wconf 61' lang='grc' dir='ltr'>ἐμϐαλλεται</span> <span class='ocrx_word' id='word_1_665' title='bbox 3523 5111 3602 5174; x_wconf 83' lang='grc' dir='ltr'><strong>εἷς</strong></span> <span class='ocrx_word' id='word_1_666' title='bbox 3656 5112 3833 5180; x_wconf 76' lang='grc' dir='ltr'>αὐτὴν</span> 
     </span>
    </p>
   </div>
   <div class='ocr_carea' id='block_1_110' title="bbox 2175 5199 3832 5279">
    <p class='ocr_par' dir='ltr' id='par_1_110' title="bbox 2175 5199 3832 5279">
     <span class='ocr_line' id='line_1_110' title="bbox 2175 5199 3832 5279; baseline -0.002 -21"><span class='ocrx_word' id='word_1_667' title='bbox 2175 5203 2407 5279; x_wconf 86' lang='grc' dir='ltr'>χαίρων.</span> <span class='ocrx_word' id='word_1_668' title='bbox 2440 5200 2534 5256; x_wconf 83' lang='grc' dir='ltr'><strong>Καὶ</strong></span> <span class='ocrx_word' id='word_1_669' title='bbox 2569 5200 2621 5256; x_wconf 82' lang='grc' dir='ltr'><strong>ἐν</strong></span> <span class='ocrx_word' id='word_1_670' title='bbox 2672 5199 2808 5275; x_wconf 77' lang='grc' dir='ltr'>αὐτῇ</span> <span class='ocrx_word' id='word_1_671' title='bbox 2863 5202 3335 5277; x_wconf 80' lang='grc' dir='ltr'>προσευχόμενος,</span> <span class='ocrx_word' id='word_1_672' title='bbox 3365 5201 3455 5258; x_wconf 87' lang='grc' dir='ltr'><strong>καὶ</strong></span> <span class='ocrx_word' id='word_1_673' title='bbox 3488 5200 3832 5277; x_wconf 81' lang='grc' dir='ltr'>εὐχαριστῶν</span> 
     </span>
    </p>
   </div>
   <div class='ocr_carea' id='block_1_111' title="bbox 2173 5289 2754 5364">
    <p class='ocr_par' dir='ltr' id='par_1_111' title="bbox 2173 5289 2754 5364">
     <span class='ocr_line' id='line_1_111' title="bbox 2173 5289 2754 5364; baseline 0.003 -18"><span class='ocrx_word' id='word_1_674' title='bbox 2173 5296 2253 5364; x_wconf 80' lang='grc' dir='ltr'>τῷ</span> <span class='ocrx_word' id='word_1_675' title='bbox 2283 5296 2400 5363; x_wconf 87' lang='grc' dir='ltr'>Θεῷ</span> <span class='ocrx_word' id='word_1_676' title='bbox 2438 5289 2754 5362; x_wconf 86' lang='grc' dir='ltr'>ἐτελειώθη.</span> 
     </span>
    </p>
   </div>
   <div class='ocr_carea' id='block_1_112' title="bbox 2738 5382 3311 5439">
    <p class='ocr_par' dir='ltr' id='par_1_112' title="bbox 2738 5382 3311 5439">
     <span class='ocr_line' id='line_1_112' title="bbox 2738 5382 3311 5439; baseline 0 -2"><span class='ocrx_word' id='word_1_677' title='bbox 2738 5385 2917 5439; x_wconf 82' lang='grc' dir='ltr'>ΜΗΝΙ</span> <span class='ocrx_word' id='word_1_678' title='bbox 2949 5382 3041 5438; x_wconf 84' lang='grc' dir='ltr'><strong>ΤΩ</strong></span> <span class='ocrx_word' id='word_1_679' title='bbox 3075 5386 3267 5439; x_wconf 83' lang='grc' dir='ltr'>ΑΥΤΩ.</span> <span class='ocrx_word' id='word_1_680' title='bbox 3304 5430 3311 5437; x_wconf 77' lang='lat'><em>,</em></span> 
     </span>
    </p>
   </div>
   <div class='ocr_carea' id='block_1_113' title="bbox 2997 5472 3096 5528">
    <p class='ocr_par' dir='ltr' id='par_1_113' title="bbox 2997 5472 3096 5528">
     <span class='ocr_line' id='line_1_113' title="bbox 2997 5472 3096 5528; baseline 0 -1"><span class='ocrx_word' id='word_1_681' title='bbox 2997 5472 3096 5528; x_wconf 77' lang='lat' dir='ltr'><strong>IA‘.</strong></span> 
     </span>
    </p>
   </div>
   <div class='ocr_carea' id='block_1_114' title="bbox 2174 5573 3829 5654">
    <p class='ocr_par' dir='ltr' id='par_1_114' title="bbox 2174 5573 3829 5654">
     <span class='ocr_line' id='line_1_114' title="bbox 2174 5573 3829 5654; baseline -0.004 -17"><span class='ocrx_word' id='word_1_682' title='bbox 2174 5578 2448 5649; x_wconf 81' lang='grc' dir='ltr'>Ἀθλησις</span> <span class='ocrx_word' id='word_1_683' title='bbox 2474 5581 2584 5634; x_wconf 83' lang='grc' dir='ltr'>τῶν</span> <span class='ocrx_word' id='word_1_684' title='bbox 2615 5576 2780 5654; x_wconf 65' lang='grc' dir='ltr'>ᾁγίων</span> <span class='ocrx_word' id='word_1_685' title='bbox 2838 5576 3127 5654; x_wconf 81' lang='grc' dir='ltr'>μαρτύρων</span> <span class='ocrx_word' id='word_1_686' title='bbox 3160 5576 3460 5654; x_wconf 71' lang='grc' dir='ltr'>Ναζαρίου,</span> <span class='ocrx_word' id='word_1_687' title='bbox 3504 5573 3829 5654; x_wconf 76' lang='grc' dir='ltr'>Γερϐασίου,</span> 
     </span>
    </p>
   </div>
   <div class='ocr_carea' id='block_1_115' title="bbox 2629 5647 3370 5725">
    <p class='ocr_par' dir='ltr' id='par_1_115' title="bbox 2629 5647 3370 5725">
     <span class='ocr_line' id='line_1_115' title="bbox 2629 5647 3370 5725; baseline 0 -20"><span class='ocrx_word' id='word_1_688' title='bbox 2629 5647 2958 5725; x_wconf 80' lang='grc' dir='ltr'>ΙῘροτασίου,</span> <span class='ocrx_word' id='word_1_689' title='bbox 2997 5647 3087 5705; x_wconf 75' lang='lat' dir='ltr'><strong>xui</strong></span> <span class='ocrx_word' id='word_1_690' title='bbox 3137 5647 3370 5705; x_wconf 81' lang='grc' dir='ltr'>Κελσίου</span> 
     </span>
    </p>
   </div>
   <div class='ocr_carea' id='block_1_116' title="bbox 2243 5772 3832 5853">
    <p class='ocr_par' dir='ltr' id='par_1_116' title="bbox 2243 5772 3832 5853">
     <span class='ocr_line' id='line_1_116' title="bbox 2243 5772 3832 5853; baseline 0.001 -23"><span class='ocrx_word' id='word_1_691' title='bbox 2243 5776 2411 5836; x_wconf 85' lang='grc' dir='ltr'>Οὗτοι</span> <span class='ocrx_word' id='word_1_692' title='bbox 2451 5775 2503 5829; x_wconf 78' lang='grc' dir='ltr'>οἱ</span> <span class='ocrx_word' id='word_1_693' title='bbox 2537 5773 2685 5850; x_wconf 69' lang='grc' dir='ltr'>ἅγιοι</span> <span class='ocrx_word' id='word_1_694' title='bbox 2744 5774 2999 5850; x_wconf 79' lang='grc' dir='ltr'>ὑπῆρχον</span> <span class='ocrx_word' id='word_1_695' title='bbox 3050 5772 3140 5831; x_wconf 79' lang='grc' dir='ltr'><strong>ἐπὶ</strong></span> <span class='ocrx_word' id='word_1_696' title='bbox 3193 5774 3448 5852; x_wconf 71' lang='grc' dir='ltr'>Νέρωνος</span> <span class='ocrx_word' id='word_1_697' title='bbox 3512 5780 3609 5831; x_wconf 80' lang='grc' dir='ltr'><strong>τοῦ</strong></span> <span class='ocrx_word' id='word_1_698' title='bbox 3672 5775 3832 5853; x_wconf 87' lang='grc' dir='ltr'>βασι-</span> 
     </span>
    </p>
   </div>
  </div>
