4142 6430
331 431 448 493 109

1870 439 2247 504 OCTOBER.

3670 456 3794 524 110

337 561 515 660 λὲωςῌ
535 563 594 620 ἓν
760 567 979 644 Ῥώμῃ’
1036 570 1109 640 ἧν
1153 568 1213 626 δὲ
1268 572 1296 628 6
1353 572 1626 649 Ναζάριος
1684 573 1990 652 υἱὸςἊφρι

2139 576 2272 632 Fuit
2300 583 2502 636 autem
2531 582 2808 638 Nazarius
2832 582 3169 641 Africaniet
3181 586 3796 660 Perpetumfiliusqui

346 655 518 710 κανοῦ
564 656 663 712 καὶ
706 661 1084 734 Βερπετοὸας,
1138 665 1246 715 τῶν
1308 662 1709 737 βαπτισθέντων
1741 665 1888 739 παρὰ
1930 668 2029 720 τοῦ

348 746 515 819 εἱγὶου
548 746 787 822 Πέτρου.
849 747 1028 810 Αὐτὸς
1090 747 1149 804 δὲ
1200 750 1514 825 βαπτισθεὶς
1566 753 1671 807 ὑπὸ
1728 752 1894 808 Λὶνου
1924 774 2026 809 πα-

352 836 632 909 τριάρχου
702 836 946 909 Ῥώμης.
1010 839 1115 894 Καὶ
1207 838 1469 914 ὑπάρΑων
1558 841 1773 916 χρόνων
1832 839 2023 912 εἷ’κοσι,

354 923 609 992 ἀπῆλθεν
674 924 753 988 είς
805 926 901 988 τὰς
951 925 1150 989 πόλεις
1210 927 1580 999 Ἰταλίας,καί
1628 929 1891 1006 ἐκήρυσσε
1932 933 2026 986 τὸν

356 1009 615 1088 Χριστόν.
654 1014 786 1069 Εἶτα
829 1014 994 1084 ἦλθεν
1051 1015 1105 1078 ἐς
1166 1018 1328 1071 πόλιν
1382 1018 1523 1088 τινὰ,
1579 1015 1704 1073 ἔνθα
1758 1014 2025 1075 κατέλαϐε

361 1105 696 1177 Προτάσιον,
743 1104 833 1159 καὶ
886 1099 1180 1173 Γερϐάσιον
1239 1102 1397 1170 ὄντας
1450 1106 1530 1170 είς
1592 1109 1693 1176 τὴν
1749 1106 2020 1186 φυλακήν,

359 1188 452 1247 διὰ
503 1194 609 1261 τήν
682 1191 762 1255 εἷς
821 1195 1055 1267 Χριστὸν
1114 1193 1316 1264 πίστιν,
1379 1196 1484 1251 ὑπὸ
1538 1200 1637 1252 τοῦ
1673 1204 1775 1267 τῆς
1829 1199 2021 1273 χώρας

354 1278 660 1357 ἄρχοντος.
693 1281 925 1359 Τυφθεὶς
988 1280 1066 1352 δὲ,
1116 1283 1205 1339 καὶ
1253 1291 1356 1355 τῆς
1408 1284 1629 1349 πόλεως
1673 1282 2019 1362 ἐκδιωχθεὶς,

355 1368 609 1440 ἀπῆλθεν
642 1370 721 1426 εἰς
750 1367 938 1445 ’ἑτέραν
970 1368 1160 1443 πὸλιν,
1193 1372 1279 1428 καὶ
1323 1369 1734 1448 προσλαμϐάνει
1784 1374 2016 1433 Κὲλσιον

356 1463 527 1534 τριῶν
591 1461 812 1535 χρόνων
871 1456 1019 1517 ὄντα.
1074 1461 1202 1517 Εἶτα
1264 1466 1364 1532 τήν
1418 1462 1582 1520 πόλιν
1660 1461 2014 1521 Μεδιολάνων

352 1542 711 1618 καταλαϐὼν,
746 1548 977 1625 εὗρίσκει
1011 1549 1179 1606 πάλιν
1208 1551 1261 1607 ἐν
1285 1555 1354 1626 τῇ
1387 1550 1606 1629 φυλακῇ
1656 1551 1784 1617 τοὺς
1830 1553 2016 1629 ἁγίους

362 1633 654 1711 Γερϐάσιον
714 1639 807 1693 καὶ
864 1641 1192 1715 Προτάσιον.
1273 1641 1371 1696 Καὶ
1442 1642 1755 1716 κρατηθεὶς,
1841 1664 2014 1718 παρα-

365 1723 630 1799 πέμπεται
664 1726 721 1783 ἐν
750 1729 942 1804 Ῥώμῃ
1000 1729 1148 1804 παρᾶ
1202 1734 1298 1786 τοῦ
1356 1729 1647 1807 ἄρχοντος.
1688 1733 1795 1789 Καὶ
1850 1732 2017 1789 πάλιν

369 1814 447 1876 εἷς
502 1814 834 1873 Μεδιώλανα
880 1817 1246 1892 ὑποστρέψας,
1283 1815 1532 1893 τέμνεται
1587 1821 1688 1890 τήν
1747 1819 2012 1897 κεφαλὴν,

365 1905 475 2018 fy:
511 1910 633 1968 τοῖς
693 1904 917 1970 λοιποῖς
975 1907 1318 2015 ἁγίοις,“καὶ
1374 1913 1480 2018 τῷ,
1509 1906 1717 1984 παιδίῳ
1767 1907 2009 1984 Κελσίῳ,
2038 1952 2088 2018 Β

359 1994 671 2071 ὑπάρχοντι
700 1997 919 2073 χρόνων
950 1996 1103 2053 ἐννέα
1129 1996 1219 2053 καὶ
1249 2002 1437 2071 μηνῶν
1461 1996 1616 2056 ἑπτά.

924 2088 1109 2147 MHNI
1140 2090 1234 2168 Te
1260 2092 1457 2170 ΑΥΤῼ.

532 2263 808 2337 Ἀθλησις
836 2270 937 2322 τοῦ
984 2179 1473 2345 ἀγίουΙΕμάρτυρος
1504 2272 1828 2326 Λουκιανοῦ.

422 2383 728 2445 Λουκιανὸς
767 2384 796 2438 6
826 2385 1029 2460 μάρτυς
1084 2383 1332 2460 ὑπῆρχεν
1381 2384 1487 2440 ἀπὸ
1526 2384 1864 2461 Ἀντιοχείας
1908 2389 2011 2452 τῆς

347 2472 581 2545 Συρίας,
640 2471 733 2527 ἐπὶ
788 2474 888 2541 τῆς
954 2470 1235 2548 βασιλείας
1294 2470 1709 2541 Διοκλητιανοῦ.
1750 2475 1901 2531 Μετά
1951 2471 2009 2529 δὲ

346 2563 583 2624 θάνατον
609 2565 718 2616 τῶν
749 2560 980 2636 γονέων,
1012 2558 1146 2625 δοὺς
1202 2561 1271 2617 τὰ
1322 2561 1639 2636 ὑπάρχοντα
1688 2560 1837 2635 αὖτῴ
1866 2583 2010 2617 πτω-

345 2657 500 2727 χοῖς,
564 2656 831 2727 προσεῖχε
878 2654 948 2725 τῇ
1009 2650 1306 2727 ἀναγνώσει
1370 2654 1480 2706 τῶν
1536 2651 1693 2716 θείων
1755 2656 2004 2729 Γραφῶν.

350 2741 451 2796 Καὶ
483 2736 738 2803 πολλοὺς
759 2743 866 2794 τῶν
896 2738 1182 2810 Ἑλλήνων
1242 2738 1559 2815 ἐπέστρεψεν
1622 2738 1709 2795 ἐπὶ
1754 2739 1846 2795 τὸν
1898 2741 2006 2796 Κύ-

346 2850 492 2903 ριον.
547 2827 880 2885 Καταλιπὼν
932 2825 990 2883 δὲ
1043 2829 1144 2898 τὴν
1201 2827 1568 2905 Ἀντιόχειαν,
1608 2825 1875 2885 κατέλαϐε
1902 2832 2003 2901 τήν

348 2916 763 2990 Νικομήδειαν,
804 2914 928 2973 ἔνθα
958 2919 987 2973 6
1040 2917 1431 2990 Διοκλητιανὸς
1488 2918 1617 2982 τοὺς
1644 2921 2003 2996 Χριστιανοὺς

346 3009 624 3086 ἐφόνευεν.
686 3008 792 3064 Καὶ
872 3007 987 3063 ἐπεὶ
1043 3007 1290 3073 πολλοὺς
1352 3010 1473 3087 εὗρε
1525 3009 1613 3065 διὰ
1667 3006 1834 3089 φόϐον
1912 3011 2003 3067 τὸν

344 3101 772 3175 Χριστιανισμον
860 3098 1234 3172 Βουλομὲνους
1347 3100 1722 3174 ἀρνήσασθαι,
1800 3112 2003 3176 θαρσο-

341 3190 603 3259 ποιήσας,
661 3187 842 3243 ἔπεισε
901 3196 1266 3265 μαρτυρῆσαι.
1342 3190 1620 3247 Τοσοῦτον
1679 3187 1737 3246 δὲ
1807 3189 2001 3268 γέγονε

339 3275 411 3333 δι⁷
444 3280 646 3353 ἀρετῆς
700 3282 815 3349 Θεῷ
870 3279 1088 3349 ὅμοιος,
1148 3276 1287 3333 ὥστε
1339 3279 1438 3348 τὴν
1499 3278 1663 3335 πόλιν
1703 3282 1990 3356 περιέρχεσ-

339 3379 487 3439 σθιι,
516 3366 609 3421 καὶ
654 3369 786 3442 παρ’
841 3366 916 3421 ὧν
980 3367 1075 3440 μὲν
1135 3365 1331 3437 θέλειν,
1394 3366 1710 3444 βλέπεσθαι,
1759 3370 1887 3444 παρ’
1915 3367 1990 3425 ὧν

342 3454 401 3512 δὲ
434 3460 514 3529 μὴ
566 3456 769 3528 θέλειν,
831 3458 911 3530 μή
970 3456 1217 3532 ὁρᾶσθαι.
1277 3457 1408 3534 Περὶ
1459 3457 1660 3515 τούτου
1723 3459 1908 3533 μαθὼν
1968 3461 1998 3515 6

347 3547 759 3618 Διοκλητιανὸς,
838 3547 930 3602 καὶ
1012 3540 1280 3625 φοϐηθεὶς
1338 3547 1415 3612 εἰς
1481 3549 1778 3624 πρόσωπον
1836 3548 1995 3605 αὐτὸν

354 3636 593 3709 ἀγαγεῖν,
673 3638 896 3708 μήποτε
942 3636 1073 3712 παρ’
1139 3636 1306 3690 αὐτοῦ
1386 3634 1654 3713 ἐλεγχθῇ,
1721 3638 1998 3715 κρεμάσας

366 3722 540 3799 βῆλον
574 3726 853 3801 συνέτυχεν
874 3723 1047 3796 αὐτῷ,
1074 3724 1166 3778 καὶ
1198 3720 1327 3780 ῗδὼν
1358 3725 1422 3780 τὸ
1472 3732 1574 3796 τῆς
1629 3730 1853 3802 γνώμης
1887 3728 1995 3783 αὖ·

352 3817 451 3869 τοῦ
478 3813 825 3885 ἀμετάθετον,
884 3810 1229 3884 καταδικάζει
1276 3814 1439 3871 αὐτὸν
1498 3813 1993 3890 λιμοκτονηθῆναι’

344 3902 431 3958 ἐπὶ
466 3901 679 3965 πολλὰς
712 3901 769 3958 δὲ
816 3903 914 3965 τὰς
971 3903 1185 3978 ἡμέρας
1246 3905 1324 3977 μή
1381 3900 1704 3979 μεταλαϐὼν
1763 3913 1995 3984 τροφῆς,

338 3992 393 4047 ἐν
576 3992 797 4071 φυλακῇ
846 3991 1171 4065 ἐτελειώθη.
1225 3992 1330 4051 Καὶ
1388 3993 1582 4074 ἐρρίφη
1656 3995 1707 4051 ἐν
1765 3999 1834 4070 τῇ
1895 3998 1994 4051 θαι

334 4080 533 4158 λάσσῃ.

942 4204 1021 4276 τῇ
1052 4200 1193 4275 αὐτῇ
1217 4202 1402 4277 ἡμέρᾳ

330 4330 545 4403 Manta?)
594 4333 693 4386 τοῦ
777 4329 832 4384 ἐν
892 4327 1350 4457 malagma:
1392 4331 1555 4403 ἡμῶν
1608 4324 1841 4386 Σαϐίνου
1895 4327 1994 4386 τοῦ

1122 4423 1135 4455 ι
1359 4444 1372 4457 .

1122 4423 1350 4457 ισκοπου
1359 4444 1372 4458 ι

404 4530 469 4587 Ὁ
521 4528 808 4602 Μακάριος
895 4522 1150 4595 Σαϐῖνος,
1214 4524 1303 4584 διὰ
1372 4529 1473 4597 τὴν
1538 4523 1989 4605 ὑπερϐάλλουσαν

334 4617 505 4675 αὐτοῦ
585 4619 782 4692 ἀρετὴν
852 4617 944 4673 καὶ
1028 4618 1376 4689 κατάστασιν,
1459 4616 1667 4695 ἐγένετο
1724 4618 1987 4695 πρότερον

332 4707 664 4770 ἐπίσκοπος.
700 4707 853 4776 Εἶτα,
895 4705 1024 4770 τοὺς
1085 4702 1349 4782 θορύϐους
1406 4711 1505 4762 τοῦ
1556 4709 1765 4781 κόσμου
1821 4729 1986 4764 κατα-

330 4794 666 4867 λιπὼν,διὰ
695 4796 755 4851 τὸ
806 4802 908 4867 τῆς
965 4796 1203 4871 ἡσυχίας
1260 4796 1453 4864 καλὸν,
1496 4794 1764 4871 ἐμάκρυνε
1825 4819 1998 4876 φυγα-

332 4884 507 4941 δεῦων
538 4885 595 4941 ἐν
620 4890 740 4948 ταῖς
768 4884 1016 4960 ἐρήμοιςο
1067 4885 1158 4940 καὶ
1208 4890 1468 4941 τοσοῦτον
1520 4886 1831 4961 ἠγωνίσατο
1861 4886 1999 4963 πρὸς

330 4976 557 5051 ἀρετὴν,
645 4972 944 5045 νηστείαις,
997 4973 1090 5030 καὶ
1143 4974 1485 5052 ἀγρυπνίαις,
1552 4975 1643 5030 καὶ
1709 4977 1998 5048 ἀσκήσεσιν

336 5066 531 5121 ἑαυτὸν
557 5062 805 5131 ἐπιδοὺς,
838 5065 911 5127 ὡς
941 5064 1029 5120 καὶ
1066 5065 1355 5140 θαυμάτων
1388 5064 1685 5138 ἀξιωθῆναι
1743 5065 1995 5122 πολλῶνο

330 5156 527 5217 νόσους
592 5152 939 5222 ἀπελαύνειν,
998 5151 1239 5231 λεπροὺς
1320 5153 1651 5227 καθαρίζειν,
1735 5151 1996 5229 δαίμονας

334 5243 584 5315 διώκειν,
642 5244 733 5299 καὶ
780 5241 1072 5319 προλέγειν
1124 5243 1193 5299 τὰ
1251 5242 1550 5319 μέλλοντα.
1626 5242 1881 5307 Πολλοὺς
1940 5242 1998 5300 δὶ

336 5332 655 5411 ὧῩελήσας,
689 5332 778 5388 καὶ
822 5334 961 5409 πρὸς
1011 5333 1207 5409 ἀρετὴν
1254 5330 1535 5389 ἐπιδοῦναι
1592 5334 1851 5404 ποιήσας,
1911 5330 1998 5389 διὰ

331 5426 434 5493 τῆς
458 5420 816 5488 διδασκαλίας
843 5421 1034 5479 αὐτοῦ’
1066 5421 1155 5477 καὶ
1188 5421 1292 5499 γὰρ
1349 5421 1558 5479 πολλοὶ
1606 5422 1996 5499 προσήρχοντο

334 5514 488 5587 αὐτῷ
518 5515 686 5589 χάριν
726 5510 1027 5590 ὠφελείας·
1079 5511 1170 5566 καὶ
1228 5511 1417 5574 πείσας
1472 5511 1684 5589 ἀφεῖναι
1741 5514 1830 5568 καὶ
1890 5533 1995 5590 γο-

328 5608 469 5672 νεῖς,
496 5603 586 5658 καὶ
617 5600 919 5681 ἀδελφοὺς,
964 5601 1057 5657 καὶ
1117 5600 1374 5670 οἰκείους,
1426 5601 1517 5658 καὶ
1571 5607 1654 5676 τῷ
1711 5603 1997 5677 μοναχικῷ

332 5694 445 5769 βίῳ
477 5692 828 5770 προσελθεῖν,
888 5691 983 5748 καὶ
1042 5691 1263 5766 Χριστῷ
1321 5688 1622 5762 δουλεύειν,
1678 5692 1768 5747 καὶ
1840 5693 1997 5765 θερα-

329 5782 514 5839 πεύειν
544 5784 705 5840 αὐτὸν
761 5780 856 5838 διὰ
908 5780 1251 5856 καθάρσεως,
1295 5781 1387 5837 καὶ
1438 5783 1538 5851 τῆς
1587 5784 1695 5838 τῶν
1756 5779 1996 5839 ἐντολῶν

2132 683 2168 722 a
2196 673 2401 724 sancto
2459 672 2634 727 Petro
2692 672 2970 745 baptizati
3020 679 3162 730 sunt
3192 691 3206 729 :
3240 676 3369 747 ipse
3398 692 3533 731 vero
3560 693 3597 732 a
3650 677 3793 734 Lino

2131 758 2470 827 patriarcha
2491 762 2757 816 Romano
2784 762 3131 834 baptizatus,
3164 780 3302 819 cum
3334 781 3561 820 annum
3584 765 3792 821 vicesi-

2132 862 2297 901 mum
2328 856 2548 921 ageret,
2606 851 2787 907 urbes
2846 852 3032 908 ltaliaa
3087 854 3458 925 peragrabat,
3490 855 3791 910 Christum

2129 935 2484 1004 praedicans.
2528 940 2654 994 Mox
2680 940 2742 994 in
2775 940 3073 996 civitatem
3112 943 3432 1013 quamdam
3464 947 3784 1014 profectus,

2126 1027 2350 1095 reperit
2406 1029 2746 1085 Gervasium
2807 1037 2868 1086 et
2917 1032 3251 1087 Protasium
3300 1032 3362 1086 in
3418 1032 3655 1088 vincula
3710 1033 3785 1089 ob

2125 1114 2341 1169 Christi
2367 1116 2547 1172 fidem
2578 1134 2614 1174 a
2642 1120 2900 1192 regionis
2929 1120 3210 1192 prmfecto
3239 1122 3562 1193 conjectos.
3585 1123 3784 1177 Caasus

2124 1203 2508 1279 igitur,atque
2537 1209 2611 1264 ab
2637 1210 2785 1265 urbe
2815 1210 3117 1283 expulsus,
3150 1211 3213 1266 in
3244 1211 3423 1267 aliam
3454 1212 3783 1283 concessit;

2122 1292 2525 1369 adjunctoque
2546 1298 2659 1353 sibi
2691 1299 2859 1355 Celso
2890 1301 3071 1355 trium
3103 1317 3397 1357 annorum
3428 1317 3635 1372 puero,
3668 1303 3785 1357 Me-

2126 1383 2435 1442 diolanum
2456 1388 2621 1457 abiit,
2659 1390 2759 1446 ubi
2814 1391 3030 1447 iterum
3064 1397 3299 1448 sanctos
3331 1393 3672 1448 Gervasium
3729 1396 3790 1447 et

2125 1472 2461 1531 Protasium
2492 1477 2554 1532 in
2585 1494 2822 1534 carcere
2854 1479 3788 1552 invenit:retentusque,Bomam

2122 1576 2157 1617 a
2186 1564 2464 1656 praefecto
2496 1568 2772 1624 mittitur.
2807 1571 3019 1625 Verum
3040 1570 3437 1626 Mediolanum
3459 1586 3786 1656 regressus,

2120 1652 2314 1724 capite
2344 1655 2629 1726 plectitur
2656 1674 2778 1714 una
2798 1674 2933 1715 cum
2967 1660 3221 1732 reliquis
3252 1660 3495 1727 sanctis,
3521 1664 3579 1715 et
3596 1652 3782 1731 puero

2119 1741 2288 1798 Celso
2321 1760 2545 1801 annum
2578 1751 2719 1803 tunc
2751 1764 2982 1804 nonum
3041 1754 3101 1804 et
3156 1765 3427 1805 mensem
3459 1749 3782 1821 septimum

2119 1836 2349 1902 agente.

2686 2108 2928 2163 EODEM
2958 2109 3103 2164 ΜΕΝ
3108 2108 3211 2165 SE.

2654 2196 2754 2251 Die
2785 2196 3015 2254 decima
3035 2198 3247 2270 quinta

2321 2284 2361 2338 ‘l
2376 2282 2475 2338 19
2500 2285 2784 2342 Certamen
2808 2290 2989 2343 sancti
3016 2289 3274 2358 martyris
3302 2287 3558 2345 Luciam'.

2184 2399 2479 2458 Lucianus
2509 2404 3079 2476 martyrAntiochim
3102 2404 3284 2478 Syria)
3315 2405 3780 2477 natus,impera-

2113 2492 2239 2545 tore
2272 2490 2921 2563 Diocletiano,mortuis
2949 2494 3320 2566 parentibus,
3353 2494 3684 2551 distributis
3714 2496 3778 2552 in

2111 2595 2406 2653 pauperes
2426 2580 2811 2640 facultatibus
2827 2579 3309 2648 Suis,divinarum
3334 2585 3775 2658 Scripturarum

2111 2669 2355 2727 lectioni
2387 2676 2575 2729 totum
2608 2691 2669 2729 se
2708 2674 2893 2742 dedit,
2933 2676 3275 2748 multosque
3308 2677 3644 2732 Graacorum
3699 2676 3775 2732 ad

2112 2759 2431 2816 Dominum
2462 2764 2771 2818 convertit.
2806 2765 3033 2821 Relicta
3061 2770 3260 2821 autem
3279 2764 3773 2821 AntiochiaNico-

2112 2849 2370 2905 mediam
2403 2851 2595 2922 petiit,
2628 2851 2728 2907 ubi
2760 2852 3127 2909 Diocletiano
3161 2871 3267 2926 per
3289 2853 3479 2909 caades
3509 2854 3572 2910 in
3604 2853 3774 2909 Chri-

2111 2937 2340 2993 stianos
2370 2939 3110 3014 debacchante,plurimos,
3145 2960 3296 3015 quos
3327 2949 3490 2999 metu
3513 2948 3772 2999 tormen-

2109 3030 2304 3083 torum
2334 3028 2573 3085 adactos
2603 3029 2996 3087 defectionem
3025 3049 3060 3088 a
3081 3032 3418 3088 Christiana
3434 3032 3550 3088 ﬁde
3570 3032 3772 3089 moliri

2108 3117 2922 3191 deprehendit,conﬁrmavit,
2957 3123 3372 3195 persuasitque
3396 3123 3585 3190 eis,ut
3611 3140 3773 3179 mar-

2105 3208 2327 3278 tyrium
2359 3208 2647 3265 subirent.
2683 3211 2845 3267 Adeo
2877 3218 3077 3268 autem
3101 3212 3174 3268 ob
3206 3213 3453 3268 virtutes
3484 3228 3622 3268 suas
3653 3214 3772 3269 Deo

2109 3296 2322 3352 similis
2355 3300 2599 3354 effectus
2630 3305 2739 3368 est,
2766 3307 2833 3356 ut
2862 3318 2996 3357 cum
3023 3301 3233 3356 urbem
3264 3300 3477 3372 obiret,
3498 3317 3534 3357 a
3552 3301 3774 3372 quibus

2105 3385 2284 3441 vellet
2312 3388 2778 3460 conspiceretur,
2810 3407 2845 3445 a
2868 3390 3085 3461 quibus
3115 3407 3249 3446 vero
3278 3390 3488 3455 nollet,
3538 3406 3771 3461 nequa-

2104 3489 2282 3545 quam
2312 3475 2631 3530 videretur.
2688 3478 2812 3541 Qua
2868 3494 2931 3532 re
2990 3483 3314 3550 comperta,
3368 3477 3772 3535 Diocletianus

2102 3563 2426 3630 veritus,ne
2449 3565 2496 3620 si
2529 3564 2702 3620 illum
2727 3567 2802 3621 ad
2816 3582 2877 3621 se
2896 3567 3215 3635 acciret,ab
3235 3583 3304 3623 eo
3328 3566 3766 3640 objurgaretur,

2103 3660 2337 3726 sumpto
2370 3655 2496 3710 velo
2528 3657 2806 3711 convenit
2852 3657 3179 3713 Lucianum
3214 3674 3228 3713 :
3288 3658 3459 3731 cujus
3495 3658 3762 3714 animum

2102 3760 2237 3799 cum
2269 3744 2452 3800 nullis
2484 3745 2711 3801 artibus
2740 3763 2776 3802 a
2805 3747 3104 3803 sententia
3119 3745 3417 3803 dimovere
3448 3747 3760 3819 potuisset,

2100 3832 2302 3889 inedia
2331 3851 2467 3889 eum
2498 3836 2710 3891 confici
2735 3835 2938 3908 jussit.
2972 3837 3156 3909 Igitur
3181 3853 3318 3893 cum
3372 3836 3608 3893 nullum
3656 3852 3765 3909 per

2102 3920 2323 3977 multos
2353 3922 2478 3978 dies
2507 3922 2706 3978 cibum
2738 3922 3198 3997 degustasset,in
3215 3940 3452 3982 carcere
3479 3924 3759 3998 decessit,

2100 4025 2168 4065 ac
2197 4010 2260 4066 in
2288 4026 2453 4067 mare
2482 4013 2785 4085 projectus
2810 4012 2941 4068 fuit.

2757 4221 2981 4279 Eodem
3021 4222 3116 4279 die

2098 4341 2254 4399 120
2302 4340 2761 4398 Commemoratio
2835 4343 3015 4423 sancti
3048 4341 3254 4424 .Patris
3339 4341 3519 4398 nostri
3560 4341 3766 4398 Sabini

2809 4428 3076 4484 episcopi.

2170 4531 2382 4585 Beatus
2403 4528 2656 4586 Sabinus
2685 4533 2931 4601 propter
2962 4528 3210 4585 eximias
3239 4529 3508 4597 virtutes,
3560 4533 3621 4583 et
3649 4529 3755 4585 ho-

2094 4619 2469 4674 nestissimos
2491 4634 2689 4673 mores
2708 4618 2966 4690 primum
2990 4618 3232 4689 quidem
3264 4618 3578 4690 episcOpus
3603 4618 3763 4674 ordi-

2019 4696 2067 4761 D
2096 4714 2271 4763 natus
2300 4707 2429 4763 fuit.
2464 4707 2577 4763 Sed
2615 4712 2823 4779 postea
2880 4723 3016 4763 cum
3073 4707 3390 4763 saeculares
3440 4708 3760 4778 tumultus,

2107 4798 2324 4870 quietis
2350 4796 2967 4866 studio,fastidiret,in
2998 4814 3267 4853 eremum
3295 4797 3588 4870 proculab
3602 4799 3767 4854 omni

2107 4887 2416 4943 hominum
2449 4886 2884 4942 consuetudine
2914 4887 3236 4959 profectus,
3285 4903 3355 4943 ea
3384 4888 3767 4944 contentione

2107 4976 2525 5049 comparandis
2554 4976 2869 5031 virtutibus
2900 4976 3189 5043 incubuit,
3216 4976 3477 5050 seipsum
3492 4977 3766 5050 jejuniis,

2104 5066 2341 5139 vigiliis,
2390 5071 2449 5121 et
2505 5064 3034 5121 exercitationibus
3084 5063 3300 5135 dando,
3361 5070 3427 5121 ut
3479 5066 3771 5123 meruerit

2104 5155 2296 5211 multa
2326 5153 2615 5211 miracula
2643 5152 2841 5223 edere,
2873 5153 3114 5210 morbos
3145 5153 3469 5227 depellere,
3496 5154 3769 5227 leprosos

2106 5243 2417 5312 mundare,
2450 5243 2753 5301 daemones
2783 5242 3008 5317 fugare,
3041 5243 3319 5299 etfutura
3339 5243 3768 5316 praenuntiam.

2105 5336 2251 5391 Cum
2281 5338 2481 5390 autem
2513 5332 2719 5389 multis
2749 5332 3096 5405 profuisset,
3134 5339 3192 5388 et
3220 5332 3295 5388 ad
3327 5349 3390 5388 se
3420 5330 3775 5388 accedentes

2105 5425 2378 5482 doctrina
2400 5439 2507 5479 sua
2537 5422 2610 5478 ad
2640 5422 2890 5479 virtutes
2920 5438 2990 5480 eo
3022 5422 3420 5496 provexisset,
3453 5426 3522 5476 ut
3549 5419 3776 5476 relictis

2105 5513 2476 5586 parentibus,
2499 5512 2805 5581 fratribus,
2839 5518 2898 5569 et
2932 5512 3131 5579 domo,
3165 5512 3346 5567 vitam
3379 5509 3776 5566 monasticam

2106 5604 2383 5678 professi,
2416 5603 2650 5658 Christo
2711 5602 3022 5669 servirent,
3056 5602 3231 5672 eique
3282 5598 3344 5653 in
3379 5599 3659 5671 puritate,
3721 5603 3783 5654 et

2107 5692 2527 5750 mandatorum
2555 5690 2827 5746 custodia
2871 5688 3350 5753 famularentur;
3384 5685 3448 5741 in
3478 5703 3629 5760 pace
3672 5685 3781 5742 de-

2108 5783 2308 5851 cessit,
2335 5797 2572 5838 sacrum
2596 5778 2841 5852 quidem
2872 5778 3148 5850 spiritum
3179 5776 3452 5845 Domino,
3483 5776 3777 5849 pretiosas
