4142 6430
405 451 514 512 111

1725 447 2163 512 MENOLOGII
2205 447 2406 510 PARS
2452 446 2500 507 Ι.

3710 451 3825 512 112

402 590 602 640 autem
633 584 917 658 reliquias
949 602 1084 642 suas
1117 589 1379 659 cognatae
1405 589 1575 642 terra:
1593 583 2049 640 commendans:

2176 577 2436 655 ίργασίας,
2469 577 2520 634 ἔν
2553 575 2744 653 εἷ’ρήνῇ
2787 575 3107 648 ὶτελειώθη·
3161 577 3225 633 τὸ
3277 577 3372 651 μὲν
3429 579 3573 656 ἱερὸν
3606 584 3820 655 πνεῦμα

405 691 536 746 qua;
571 692 758 746 usque
789 676 850 731 in
901 683 1256 748 praesentem
1307 676 1465 733 diem
1513 677 1852 733 curationes
1898 675 2066 730 emit-

407 770 558 820 tunt.

971 885 1212 940 EODEM
1237 885 1490 939 MENSE.

982 1002 1084 1057 Die
1115 1002 1348 1058 decima
1371 1007 1535 1056 sexta

405 1093 548 1148 12]
591 1094 876 1147 Certamen
915 1092 1097 1146 sancti
1143 1091 1405 1162 martyris
1437 1089 1678 1161 Longini
1707 1089 2064 1149 centurionis.

472 1254 575 1308 Hic
606 1253 835 1309 Tiberio
869 1253 1098 1310 Caesare
1123 1270 1190 1309 ex
1222 1254 1463 1326 regione
1495 1253 1907 1326 Cappadocum
1925 1269 2067 1309 cen-

401 1344 556 1399 turio
587 1344 719 1414 fuit,
769 1344 1036 1400 militans
1084 1345 1191 1400 sub
1257 1345 1448 1400 Pilato
1502 1343 1717 1400 Judaaaa
1761 1344 2062 1416 praefecto,

401 1433 574 1503 cujus
597 1433 774 1504 jussu
802 1434 1077 1504 pretiosae
1108 1433 1323 1488 Christi
1373 1433 1636 1506 passioni
1669 1437 1727 1488 et
1755 1434 1916 1489 cruci
1946 1449 2068 1490 una

401 1540 536 1578 cum
567 1524 838 1578 centuria
869 1538 976 1580 sua
1024 1524 1400 1580 ministravit.
1436 1525 1548 1579 Sed
1601 1541 1736 1580 cum
1794 1541 1884 1593 ea,
1933 1541 2066 1596 quae

403 1612 633 1668 Christo
665 1613 727 1667 in
760 1629 997 1668 crucem
1023 1613 1256 1669 sublato
1300 1613 1544 1682 ﬁebant,
1578 1613 1868 1668 miracula
1887 1613 2068 1668 vidis-

404 1708 514 1770 set,
549 1708 720 1757 terrze
753 1703 981 1758 scilicet
1005 1703 1402 1771 motum,solis
1433 1702 2069 1775 deliquium,sepulcra

403 1800 628 1865 aperta,
662 1798 928 1848 mortuos
959 1795 1478 1865 excitatos,petras
1511 1795 1746 1863 scissas,
1778 1794 2069 1850 exclama-

403 1883 521 1935 vit:
557 1884 701 1936 Vere
734 1883 834 1936 Dei
870 1883 1052 1936 Filius
1081 1889 1205 1937 erat
1230 1883 1340 1936 iste
1376 1900 1388 1936 :
1415 1882 1811 1953 abdicatoque
1835 1883 2065 1937 militiai

2170 671 2339 724 αὐτοῦ
2365 665 2641 742 παραδοὺς
2671 672 2750 740 τῷ
2782 670 2992 743 Κυρίῳ,
3049 668 3111 722 τὸ
3170 666 3229 724 δὲ
3277 669 3467 741 τίμιον
3514 669 3683 725 αὑτοῦ
3716 669 3826 726 λεί-

2172 760 2345 833 ψανυν
2370 761 2442 833 τῇ
2476 761 2712 834 συγγενεῖ
2737 760 2833 832 γῇ,
2858 755 2939 812 ἔτι
2967 756 3058 811 καὶ
3089 761 3181 812 νῦν
3219 757 3385 834 βρύον
3421 757 3647 832 ἰάματα.

2729 885 2904 942 MHNI
2934 890 3018 939 ΤΩ
3049 887 3254 943 ΑΥΤΩ.

2974 1004 3048 1072 1ζ“

2172 1094 2443 1164 ’Λθλησις
2471 1097 2568 1148 τοῦ
2609 1093 2766 1168 ἁγίου
2801 1096 3076 1166 μάρτυρος
3127 1091 3398 1169 Λογγίνου
3447 1096 3546 1147 τοῦ
3604 1093 3828 1150 ἑκατον-

2917 1169 3152 1239 τάρχου.

2245 1252 2366 1310 Ἐπὶ
2399 1247 2661 1326 Τιϐερίου
2706 1253 2973 1328 Καίσαρος
3032 1253 3099 1322 ἦν
3151 1253 3312 1318 οὗτος
3366 1251 3426 1309 ἐκ
3480 1261 3580 1324 τῆς
3634 1256 3824 1330 χώρας

2167 1346 2275 1397 τῶν
2350 1341 2766 1416 Καππαδοκῶν,
2853 1345 3258 1418 ἑκατοντάρχης
3344 1346 3650 1421 ὑπάρχων,
3732 1346 3826 1401 καὶ

2170 1433 2595 1508 στρατευόμενος
2655 1433 2756 1487 ὑπὸ
2804 1431 3035 1505 Πιλάτῳ
3085 1437 3165 1504 τῷ
3213 1436 3313 1498 τῆς
3367 1431 3636 1496 Ἰουδαίας
3695 1437 3826 1510 ἡγε-

2174 1521 2321 1594 μόνι·
2383 1523 2532 1583 ὅστις
2589 1521 2679 1575 καὶ
2736 1520 3060 1598 προσέταξεν
3128 1522 3280 1594 αὑτῷ
3345 1523 3686 1598 ὑπηρετῆσαι
3750 1524 3830 1585 είς

2166 1608 2233 1664 τά
2287 1609 2444 1683 τίμια
2499 1607 2646 1681 πᾶθη
2699 1614 2796 1665 τοῦ
2856 1612 3120 1685 Χριστοῦ,
3176 1612 3264 1666 καὶ
3328 1613 3428 1680 τήν
3493 1611 3830 1688 σταύρωσιν,

2172 1699 2308 1772 μετᾶ
2337 1704 2445 1755 τῶν
2479 1699 2568 1755 ὑπ’
2599 1700 2759 1755 αὐτὸν
2797 1700 2984 1755 ἑκατὸν
3018 1704 3389 1776 στρατιωτῶν.
3455 1699 3616 1757 ’Δλλ’
3661 1703 3830 1766 αὐτὸς

2170 1785 2300 1842 ἰδὼν
2330 1789 2397 1844 τὰ
2428 1787 2516 1843 ἐπὶ
2543 1792 2640 1844 τοῦ
2674 1794 2905 1864 σταυροῦ
2963 1793 3056 1845 τοῦ
3086 1792 3322 1864 Χριστοῦ
3379 1791 3650 1865 γενόμενα
3702 1791 3832 1856 θαύ-

2174 1899 2336 1951 ματα,
2367 1879 2458 1934 τὸν
2490 1881 2734 1952 σεισμὸν,
2767 1885 2865 1934 τοῦ
2891 1879 3056 1950 ἡλίου
3131 1881 3192 1936 τὸ
3248 1879 3463 1952 σκότος,
3517 1881 3645 1944 τοὺς
3705 1882 3837 1938 ἀνο-

404 1974 514 2028 sibi
545 1975 826 2046 subjectm
860 1992 1130 2041 munere,
1166 1976 1225 2029 in
1259 1976 1512 2047 patriam
1537 1976 1733 2040 rediit,
1769 1976 2063 2030 Christum

2176 1963 2358 2040 γέντας
2410 1969 2641 2040 τάφους,
2694 1968 2821 2030 τοὺς
2872 1967 3180 2045 ἐγερθέντας
3233 1970 3480 2046 νεκροὺς,
3554 1974 3649 2034 τὰς
3702 1972 3830 2028 σχι-

403 2064 753 2134 pracdicans.
790 2066 912 2128 Quo
945 2070 1250 2134 comperto
1281 2065 1489 2130 Judzei,
1523 2065 1776 2134 pecunia
1808 2064 2062 2118 Pilatum

405 2154 829 2219 subornarunt,
853 2154 954 2223 qui
986 2154 1060 2208 ad
1091 2154 1391 2208 Tiberium
1423 2155 1704 2208 adversus
1736 2153 2064 2225 Longinum

407 2242 856 2313 scripsit.Atille
880 2243 1162 2298 decollari
1186 2261 1322 2298 eum
1346 2261 1467 2298 una
1488 2261 1622 2298 cum
1645 2243 1878 2298 duobus
1893 2243 2069 2298 sociis

408 2331 701 2385 militibus
716 2331 1037 2399 mandavit,
1065 2332 1314 2403 ejusque
1337 2339 1513 2403 caput
1535 2333 1942 2403 Hierosolyma
1967 2332 2071 2386 de-

410 2421 550 2475 terri
583 2421 771 2492 :quod
802 2421 862 2474 in
889 2421 1332 2492 sterquilinium
1357 2422 1674 2493 dejectum,
1700 2420 2070 2477 tandiudeli-

411 2509 741 2575 tuit,donec
779 2509 998 2564 mulier
1024 2511 1298 2580 quaedam
1329 2511 1644 2582 Cappadox
1674 2528 1849 2577 caeca,
1874 2509 2070 2564 divino

407 2599 714 2654 admonita
741 2600 890 2660 visu.
924 2599 1334 2672 Hierosolyma
1378 2601 1661 2672 profecta,
1714 2599 1960 2667 invenit,
1987 2599 2074 2652 vi-

407 2704 657 2758 sumque
691 2687 932 2758 recepit.

2175 2056 2384 2120 σθείσας
2445 2059 2669 2133 πέτρας,
2723 2054 3036 2130 ἀνεϐόησεν·
3074 2059 3332 2130 Ἀληθῶς
3391 2065 3524 2115 Θεοῦ
3579 2062 3700 2124 Υἱὸς
3759 2065 3829 2131 ἦν

2176 2145 2352 2210 οὗτος.
2389 2147 2490 2203 Καὶ
2520 2145 2837 2203 καταλιπὼν
2867 2151 2967 2217 τὴν
3019 2149 3386 2222 ὑποκειμένην
3452 2150 3597 2222 αὑτῷ
3655 2172 3832 2226 στρα-

2748 2235 2888 2291 ἶὸίαν
2940 2239 3128 2313 χώραν
3188 2233 3534 2308 καταλαϐὼν,
3569 2239 3835 2315 ἐκήρυττε

2177 2324 2268 2378 τὸν
2299 2325 2549 2400 Χριστόν,
2585 2327 2682 2380 Καὶ
2719 2326 2978 2400 μαθόντες
3025 2331 3188 2381 τοῦτο
3257 2328 3308 2380 οἱ
3366 2325 3645 2398 Ἰουδαῖοι,
3695 2324 3836 2384 ἔδω-

2180 2435 2274 2468 καν
2316 2418 2393 2485 τῷ
2451 2413 2675 2488 Πιλάτῳ
2734 2418 3018 2490 χρήματα.
3077 2416 3174 2470 Καὶ
3235 2417 3262 2470 6
3339 2418 3575 2480 Πιλᾶτος
3633 2415 3838 2494 ἔγραψε

2179 2504 2317 2578 πρὸς
2349 2499 2599 2576 Τιϐέριον
2631 2507 2766 2560 κατὰ
2795 2510 2892 2560 τοῦ
2925 2506 3213 2582 Λογγίνου.
3279 2508 3338 2563 Ὁ
3395 2505 3451 2561 δὲ
3500 2508 3836 2572 ἀποστείλας

2182 2595 2571 2671 ἀπεκεφάλισεν
2605 2595 2788 2664 αὑτὸν,
2848 2597 2938 2650 καὶ
2988 2596 3118 2658 τοὺς
3177 2595 3268 2650 σὺν
3322 2597 3467 2668 αύτῷ
3526 2595 3621 2652 δύο
3670 2619 3843 2672 στρα-

2180 2685 2405 2754 τιώτας,
2437 2685 2767 2747 ἀποστείλας
2823 2686 2924 2755 τὴν
2983 2683 3226 2763 κεφαλήν
3290 2687 3458 2742 αὑτοῦ
3527 2687 3843 2764 εἷς’ίερου-

2176 2233 2342 2305 τείαν,
2384 2236 2473 2290 καὶ
2561 2238 2658 2305 τήν

404 2774 614 2848 σαλήμ·
650 2772 770 2844 ἥτις
803 2768 1005 2849 ἐκρύϐη
1040 2772 1092 2828 ἐν
1124 2775 1338 2852 κόπρῳ.
1371 2778 1626 2852 Ὕστερον
1662 2773 1718 2832 δὲ
1750 2776 1884 2852 γυνή
1915 2794 2000 2837 τις
2036 2773 2143 2828 ἀπὸ
2165 2769 2546 2832 Καππαδοκῶν
2573 2772 2752 2853 τυφλή
2787 2772 2838 2829 ἐν
2872 2772 3016 2840 θείας
3062 2773 3322 2837 ὀπτασίας
3380 2775 3692 2832 ἀπελθοῦσα
3752 2777 3836 2840 εἷς

419 2872 790 2948 ῐερουσαλὴμ,
825 2871 914 2926 καὶ
947 2873 1181 2948 εὑρουσα
1208 2875 1307 2944 τὴν
1340 2873 1613 2951 κεφαλὴν,
1645 2869 1962 2950 ἀνέϐλεψεν.

970 3008 1211 3064 EODEM
1241 3007 1386 3062 ΜΕΝ
1393 3005 1493 3061 SE.

903 3123 1007 3178 Die
1036 3122 1268 3179 decima
1313 3123 1567 3195 septima

408 3239 563 3296 122
598 3241 887 3296 Certamen
946 3250 1260 3298 sanctorum
1309 3249 1618 3315 martyrum
1638 3243 1973 3315 Chrysanthi
2016 3251 2068 3301 et

1128 3315 1336 3369 Dariw.

474 3419 597 3487 lsti,
623 3420 981 3477 Numeriano
1014 3423 1393 3494 imperatore,
1425 3421 1786 3492 claruerunt,
1813 3423 2059 3496 etChry-

404 3508 652 3564 santhus
680 3509 920 3580 quidem
953 3513 1198 3568 Romam
1225 3529 1360 3568 cum
1392 3517 1558 3584 patre
1591 3514 1875 3570 senatorii
1909 3513 2063 3569 ordi-

401 3597 498 3650 nis
556 3597 678 3651 viro
738 3600 1058 3671 protectus,
1132 3599 1346 3654 Christi
1430 3601 1546 3656 ﬁde
1626 3602 1700 3656 ab
1778 3603 2068 3674 Episcopo

405 3687 664 3758 quodam
699 3690 758 3744 in
793 3691 1079 3762 spelunca
1110 3691 1330 3747 latente
1361 3693 1712 3749 instituitur.
1749 3695 1914 3759 Quod
1967 3693 2068 3748 ubi

401 3779 641 3834 rescivit
669 3786 858 3850 pater,
894 3783 954 3836 in
980 3783 1417 3838 tenebricosum
1476 3802 1775 3840 carcerem
1811 3802 1944 3840 eum
1977 3785 2066 3841 in-

403 3869 629 3923 cludit:
668 3876 789 3926 tum
824 3873 1132 3943 compellit
1163 3891 1404 3929 uxorem
1425 3874 1640 3929 ducere
1676 3876 1908 3930 Dariam
1933 3877 2068 3947 phi-

404 3960 729 4032 losophicis
763 3965 1051 4019 imbutam
1086 3967 1339 4021 studiis:
1375 3984 1490 4037 qua
1523 3974 1720 4022 tamen
1755 3985 1874 4022 non
1898 3986 2066 4024 secus

404 4070 471 4106 ac
522 4071 723 4108 sorore
783 4073 926 4109 usus
959 4063 1067 4124 est,
1129 4057 1368 4126 quando
1424 4059 1482 4113 id
1522 4065 1772 4130 uterque
1830 4061 2066 4116 consilii

404 4148 662 4211 ceperat,
696 4147 761 4196 ut
789 4143 1184 4213 virginitatem
1215 4145 1287 4199 ad
1319 4153 1571 4201 mortem
1603 4164 1792 4219 usque
1837 4155 2068 4205 tueren-

405 4235 520 4284 tur.
551 4233 740 4296 Quare
773 4237 831 4286 et
890 4234 1018 4303 ipsa
1073 4234 1364 4305 baptizata
1394 4242 1501 4291 est.
1564 4238 1674 4292 Sed
1725 4256 1860 4294 cum
1891 4241 2066 4295 ambo

403 4320 694 4390 populum
730 4320 802 4375 ad
834 4327 994 4376 caste
1027 4329 1474 4396 temperateque
1494 4327 1806 4382 vivendum
1828 4329 2067 4385 induce-

402 4409 838 4475 rent,inﬁdeles
869 4413 1175 4483 aegerrime
1207 4413 1708 4481 ferentes,uxores
1741 4434 1878 4472 suas
1909 4418 2063 4472 facto

404 4515 606 4552 secum
641 4499 910 4566 divortio,
946 4501 1178 4556 Christo
1221 4502 1599 4573 desponderi,
1632 4521 1756 4560 rem
1789 4505 2065 4562 deferunt

403 4586 702 4658 prmfecto,
745 4589 845 4658 qui
891 4589 1030 4644 illas
1088 4590 1328 4646 Claudio
1371 4592 1608 4648 tribuno
1663 4594 1927 4649 tradidit.
1981 4597 2062 4651 Ex

404 4674 549 4728 urbe
582 4675 758 4747 igitur
785 4676 1002 4747 educti,
1037 4684 1097 4731 et
1144 4679 1320 4734 variis
1376 4682 1737 4738 cruciatibus
1777 4684 1938 4751 torti,
1999 4686 2060 4739 in

400 4763 630 4819 foveam
662 4782 827 4820 caeno
857 4766 1100 4837 plenam
1130 4767 1490 4840 dejiciuntur
1521 4777 1737 4842 ;atque
1767 4773 2063 4847 obruti,:et

401 4853 754 4925 conculcati,
781 4854 1093 4912 decedunt.

1040 5153 1263 5209 Eodem
1319 5155 1414 5211 die

540 5267 695 5324 I23
729 5268 1185 5325 Commemoratz'o
1225 5272 1410 5328 sancti
1455 5273 1580 5329 Osee
1601 5277 1908 5348 prophetae.

465 5386 612 5439 Osee
668 5386 960 5456 propheta
1014 5403 1083 5441 ex
1134 5387 1375 5459 regione
1430 5390 1647 5447 Iudaea)
1677 5393 1808 5462 fuit,
1869 5397 2054 5454 Deum

391 5473 524 5528 caeli
557 5479 612 5528 et
647 5479 816 5529 terrm
845 5475 1348 5548 colens,deosque
1370 5481 1638 5551 gentium
1665 5483 1800 5538 odio
1826 5484 2054 5544 habens

391 5567 449 5616 et
472 5577 805 5619 exsecraris.
839 5564 1298 5637 Judznorumque
1346 5570 1773 5627 contribulium
1807 5592 2053 5634 suorum

389 5668 620 5708 errores
677 5654 1002 5725 corrigens.
1065 5657 1254 5720 Quare
1341 5660 1670 5716 maximum
1726 5666 2053 5736 prophetia)

386 5740 613 5796 donum
640 5743 906 5814 accepit:
942 5748 1000 5797 et
1050 5745 1242 5802 multa
1264 5747 1505 5817 quidem
1526 5749 1811 5808 adversus
1847 5755 2051 5827 Israel,

388 5837 446 5885 et
476 5830 756 5887 adversus
787 5839 992 5904 gentes
1014 5835 1386 5904 proplietavit
1410 5855 1424 5904 ;
1450 5838 1552 5893 sed
1584 5839 1732 5896 illud
1757 5846 2054 5918 prmcipue

389 5920 627 5992 signum
654 5919 840 5990 dedit,
875 5921 1033 5991 quod
1061 5928 1351 5980 venturus
1383 5931 1541 5982 esset
1569 5928 1877 6001 Dominus,
1911 5939 1971 5990 et
1991 5937 2052 5994 in

2733 3001 2916 3058 MHNI
2955 3006 3043 3056 ΤΩ
3083 3005 3275 3061 ΑΙἼὩ.

2944 3117 3042 3174 ῙΖ’.

2747 3231 2919 3309 ἁγίων
3007 3233 3298 3310 μαρτύρων
3363 3235 3681 3310 Χρυσάνθου
3737 3237 3839 3294 καὶ

2871 3306 3118 3379 Δαρείαέο

2248 3390 2409 3447 Οὗτοι
2475 3393 2730 3468 ὑπῆρχον
2781 3393 2868 3449 ἐπὶ
2927 3398 3302 3471 Νουμεριανοῦ
3371 3401 3466 3452 τοῦ
3532 3395 3834 3473 βασιλέως·

2173 3480 2264 3534 καὶ
2297 3481 2324 3534 ὁ
2356 3481 2450 3553 μὲν
2479 3482 2794 3556 Χρύσανθος
2851 3483 3102 3540 ἀπελθὼν
3155 3485 3267 3558 ἅμα
3320 3489 3401 3557 τῷ
3461 3482 3585 3559 ἰδίῳ
3638 3488 3840 3564 πατέρι

2175 3566 2229 3623 ἐν
2315 3569 2523 3645 Ῥώμῃ,
2612 3571 2964 3649 συγκλητικῷ
3039 3572 3368 3649 ὑπάρχοντι,
3426 3572 3633 3648 γίνεται
3691 3577 3840 3651 Χρι-

2176 3657 2390 3721 στιανὸς
2442 3659 2588 3734 παραὶ
2636 3681 2784 3722 τινος
2864 3660 3163 3716 ἐπισκόπου
3230 3661 3282 3716 ἐν
3364 3663 3623 3738 σπηλαίῳ
3696 3686 3841 3740 κρυ-

2174 3767 2469 3821 πτομενου.

2177 3230 2448 3302 ’Ἃθλησις
2531 3235 2639 3288 τῶν

2553 3747 2734 3805 Ἀλλὰ
2811 3754 2980 3806 ταῦτα
3035 3749 3197 3826 γνοὺς
3276 3752 3303 3806 6
3383 3754 3563 3828 πατὴρ
3641 3754 3838 3826 αὑτοῦ,

2175 3833 2405 3909 ἐγκλείει
2464 3837 2624 3893 αὑτὸν
2700 3839 2777 3900 εἷς
2837 3841 3118 3909 σκοτεινὴν
3204 3839 3471 3915 φυλακήν·
3532 3843 3645 3897 εἶτα
3700 3863 3834 3898 κατ-

2173 3927 2452 4002 αναγκάζει
2514 3924 2701 3983 λαϐεῖν
2757 3935 3002 4003 γυναῖκα.
3068 3931 3160 3986 Καὶ
3216 3927 3438 3986 δίδωσιν
3515 3932 3661 4005 αύτῷ
3723 3941 3834 3988 Δα-

2175 4016 2320 4090 ρείαν
2389 4019 2487 4087 τὴν
2549 4015 2876 4095 φιλόσοφον.
2935 4021 2993 4076 Ὀ
3055 4017 3110 4074 δὲ
3161 4019 3473 4096 Χρύσανοος
3537 4018 3665 4076 ἰδὼν
3732 4021 3834 4076 αὑ-

2171 4107 2295 4175 τὴν,
2357 4107 2634 4182 ἐχρήσατο
2685 4107 2820 4182 αὐτῇ
2882 4109 2956 4171 ὡς
3010 4107 3245 4188 ἀδελφῇ,
3304 4110 3393 4165 καὶ
3471 4107 3834 4166 συνεϐουλεύ-

2174 4217 2334 4252 σαντο
2389 4202 2486 4252 τοῦ
2522 4200 2688 4274 μέχρι
2735 4199 2966 4255 Θανάτου
3025 4201 3159 4254 εἶναι
3212 4203 3493 4277 παρθένοι.
3527 4203 3657 4260 Εἶτα
3700 4197 3835 4258 ἐϐα-

2171 4287 2366 4354 πτίσθη
2451 4288 2540 4342 καὶ
2602 4287 2760 4360 αὐτή*
2835 4289 2925 4344 καὶ
3007 4287 3293 4346 ἐδίδασκον
3379 4291 3682 4367 ἀμφότεροι
3736 4292 3840 4349 τὸν

2175 4374 2303 4430 λαὸν
2367 4375 2488 4451 περὶ
2549 4378 2758 4453 ἁγνείας
2816 4379 2906 4434 καὶ
2989 4379 3369 4456 σωφροσύνης·
3442 4383 3838 4455 ἠγανάκτησαν

2171 4465 2262 4518 οὗν
2296 4465 2352 4518 οἱ
2383 4463 2674 4535 Ἕλληνες,
2731 4467 2813 4522 ’ὁτι
2867 4467 2962 4530 τὰς
3022 4474 3279 4543 γυναῖκας
3333 4469 3536 4524 ἑαυτῶν
3578 4469 3836 4534 πείθουσι

2168 4555 2599 4627 καταΛιμπάνειν
2634 4554 2850 4627 αὐτοὺς,
2884 4557 2972 4611 καὶ
3035 4559 3427 4630 μνηστεύεσθαι
3467 4563 3548 4631 τῷ
3579 4562 3832 4633 Χριστῷο

2167 4642 2254 4697 καὶ
2300 4637 2589 4699 διέϐαλλον
2623 4645 2822 4707 αὐτοὺς
2875 4651 2954 4719 τῷ
3005 4645 3254 4723 ἐπάρχῳ·
3311 4649 3400 4703 καὶ
3461 4646 3835 4724 παραδίδοντι

2171 4729 2424 4806 Κλαυδίῳ
2472 4732 2552 4807 τῷ
2604 4730 2899 4810 τριϐούνῳ.
2961 4735 3062 4793 Καὶ
3123 4738 3346 4814 ἄγονται
3421 4736 3522 4808 ἔξω
3574 4744 3676 4808 τῆς
3730 4759 3838 4794 πο-

2087 4832 2134 4897 D
2169 4818 2330 4888 λεως,
2373 4821 2462 4876 καὶ
2499 4823 2874 4896 βασανίζονται
2909 4823 3206 4903 διαφόρως.
3272 4826 3402 4883 Εἶτα
3461 4827 3665 4903 βόθρου
3727 4827 3834 4902 ὁρ-

2164 4911 2390 4984 χθὲντος
2449 4907 2856 4987 βορϐορώδους,
2896 4909 3271 4987 ἐμϐάλλονται
3330 4913 3653 4994 ἀμφότεροι.
3716 4914 3829 4974 Καί

2162 5000 2569 5075 καταχωθὲντες
2598 5003 2686 5057 καὶ
2721 5003 3162 5075 καταπατθὲντες,
3193 5004 3557 5064 τελειοῦνται.

2770 5157 3003 5233 Τῇαύτῇ
3035 5155 3218 5236 ἡμέρᾳ

2445 5291 2654 5364 Μνήμη
2685 5295 2788 5346 τοῦ
2819 5291 2980 5369 άγίου
3028 5295 3317 5372 προφήτου
3348 5288 3532 5364 Ὠσηέο

2235 5402 2296 5458 Ὁ
2355 5405 2649 5480 προφήτης
2704 5407 2864 5477 Ὠσηὲ
2929 5408 3149 5484 ὑπῆρχε
3209 5408 3303 5481 μὶν
3359 5407 3420 5464 ἐκ
3472 5414 3573 5478 τῆς
3630 5409 3829 5482 χώρας

2163 5488 2449 5561 Ἰουδαίας,
2481 5494 2574 5548 τὸν
2608 5491 2667 5548 δὲ
2697 5496 2826 5550 Θεὸν
2860 5501 2960 5550 τοῦ
2993 5497 3226 5570 ούρανοῦ
3256 5497 3345 5552 καὶ
3403 5505 3504 5568 τῆς
3564 5503 3671 5572 γῆς
3730 5517 3821 5552 σε·

2164 5574 2420 5654 ϐόμενος⁸
2482 5582 2571 5638 καὶ
2624 5583 2751 5646 τοὺς
2803 5589 2912 5640 τῶν
2975 5585 3138 5641 ἐθνῶν
3222 5586 3378 5649 θεοὺς
3467 5590 3666 5659 μισῶν,
3723 5585 3816 5640 καὶ

2165 5670 2658 5747 ἀποστρεφόμενος’
2770 5673 2860 5728 καὶ
2928 5678 3036 5728 τῶν
3144 5675 3446 5752 ὁμοφύλων
3533 5672 3820 5730 Ἰουδαίων

2159 5758 2226 5813 τὰ
2257 5758 2549 5836 σφάλματα
2581 5757 2996 5836 διορθούμενος,
3060 5761 3276 5836 ἐδέξατο
3336 5764 3674 5840 προφητείας
3718 5784 3821 5836 μι-

2159 5847 2300 5922 γάλα
2377 5849 2713 5924 χαρίσματα.
2773 5853 2873 5907 Καὶ
2953 5851 3141 5910 πολλὰ
3221 5854 3604 5932 προφητεύσας
3680 5852 3826 5908 κατὰ

2305 5939 2332 5952 η

2157 5939 2335 5992 τετοῦ
2377 5938 2625 6013 Ἰσραὴλ,
2688 5943 2775 5999 καὶ
2827 5941 2963 5998 κατᾶ
3017 5948 3126 6000 τῶν
3207 5943 3399 6019 ἐθνῶν,
3467 5939 3637 6000 ἔδωκε
3716 5963 3825 6014 ση-
