4142 6434
340 355 460 420 H3

1889 359 2272 424 OCTOBER.

3679 364 3795 422 ιιι

353 497 534 567 μεῖον·
602 491 749 568 ἥξειν
797 493 895 548 τὸν
962 495 1168 571 Κύριον
1223 493 1313 550 ἐπὶ
1361 500 1466 570 γῆς
1519 492 1828 568 ἀνθρώποις
1892 513 2013 547 συν-

2131 496 2290 548 terra
2317 507 2454 548 cum
2475 491 2818 546 hominibus
2831 493 3493 572 conversaturus.Aliud
3507 498 3796 565 prmterea

353 583 852 660 αναστρεφόμενον.
916 584 1029 640 Καὶ
1105 582 1276 640 ἔδωκε
1351 585 1511 660 τέρας
1571 582 1654 639 ὅτι
1717 581 1806 638 ὅτε
1885 578 2017 655 δύνῃ

352 678 382 728 δ
416 672 584 742 ἥλιος
624 672 677 728 ἐν
712 671 1082 746 Σηλὼμ,καί
1131 677 1364 749 μερισθῇ
1421 675 1457 742 ἡ
1517 670 1666 748 δρῦς,
1721 674 1757 741 ἡ
1817 670 1868 726 έν
1920 677 2014 725 Σι-

351 762 548 835 λωὰμ,
641 762 718 825 εὶς
800 759 1016 818 δώδεκα
1074 765 1239 838 μέρη,
1322 764 1714 837 γενηθήσονται
1805 757 2016 816 δώδεκα

355 848 543 926 δρύες·
596 853 899 921 τουτέστιν,
953 851 1043 908 ὅτε
1095 853 1466 926 σταυρώσουσι
1518 852 1608 906 τὸν
1668 848 1861 907 Ἥλιον
1913 852 2014 919 τῆς

355 938 715 1010 δικαιοσύνης
751 943 988 1014 Χριστὸν
1019 942 1074 997 οί
1117 939 1404 1008 Ἰουδαῖοι,
1459 940 1549 996 καὶ
1609 940 1799 1008 θανὼν,
1855 936 2012 1014 δύνῃ,

357 1027 918 1103 διαμοιρισθήσονται
956 1032 1012 1085 αἱ
1060 1027 1273 1086 δώδεκα
1320 1027 1488 1105 φυλαὶ
1543 1033 1640 1084 τοῦ
1682 1027 1903 1102 Ἰσραὴλ
1937 1027 2013 1090 εἷς

356 1121 536 1174 πάντα
603 1119 671 1174 τὰ
756 1117 908 1191 ἔθνη,
965 1119 1054 1174 καὶ
1114 1120 1510 1196 γενηθήσονται
1571 1115 1779 1174 δώδεκα
1835 1115 2010 1192 δρύες⁶

352 1207 485 1278 ἤτοι
521 1211 574 1263 οἱ
608 1207 820 1265 δώδεκα
863 1207 1186 1265 ἀπόστολοι·
1247 1207 1337 1265 καὶ
1380 1206 1654 1279 διδάξουσι
1710 1207 1884 1262 πάντα
1945 1207 2014 1262 τὰ

352 1297 485 1370 ἔθνη
520 1300 795 1356 πιστεύειν
831 1300 908 1363 εἰς
937 1300 1027 1356 τὸν
1069 1301 1329 1374 Χριστόν.
1387 1302 1563 1354 Ταῦτα
1609 1296 2010 1378 προφητεύσας,

352 1390 409 1446 έν
445 1391 639 1465 εἰρήνῃ
671 1388 1005 1459 τελειωθεὶς,
1033 1390 1224 1468 ἐτάφη.

953 1484 1033 1554 τῇ
1067 1480 1203 1553 αὐτῇ
1235 1479 1418 1554 ἡμέρᾳ

355 1569 634 1640 Ἀθλησις
689 1573 834 1645 τῶνλ
869 1570 1038 1644 ἁγίων
1096 1568 1445 1645 ’ᾼΑναργύρων
1488 1638 1501 1645 _
1525 1571 1734 1645 Koapi
1769 1567 1860 1645 καὶ
1910 1575 2012 1622 Δα-

434 1638 651 1719 magos,
749 1638 1026 1719 καὶᾠτῶν
1099 1638 1363 1719 ’ἀδελφῶν
1443 1638 1650 1696 αὐτῶν’
1723 1640 2008 1713 ’Λνθιμου,

439 1713 692 1768 Λεοντίου
721 1715 810 1768 καὶ
847 1714 1200 1788 Ἐυπρεπίου.

435 1804 587 1875 Τρεῖς
645 1803 783 1857 εἰσίν
843 1803 898 1857 αἱ
957 1803 1199 1879 συζυγίαι
1257 1807 1366 1858 τῶν
1440 1801 1607 1880 ἁγίων
1679 1800 2008 1877 Λναργύρων

2123 587 2426 638 ostentum
2456 581 2621 637 dedit
2657 598 2670 635 :
2703 580 2963 647 Occidet,
3000 581 3302 652 inquiens,
3333 583 3422 637 sol
3467 583 3528 638 in
3552 583 3747 638 Selom
3775 614 3790 666 ;

2121 670 2499 741 dissectaque
2560 671 2622 724 in
2667 669 2979 724 duodecim
3011 676 3210 742 partes
3262 672 3472 726 arbore
3513 671 3575 726 in
3607 672 3784 744 Siloe,

2121 766 2444 816 nascentur
2475 759 2788 815 duodecim
2819 759 3062 814 arbores
3088 777 3100 814 :
3126 761 3238 815 hoc
3270 768 3379 828 est,
3405 762 3619 816 cumin
3651 779 3783 817 cru-

2122 869 2251 908 cem
2283 851 2512 923 egerint
2530 851 2714 906 Judaei
2747 851 3048 906 Christum
3079 850 3273 906 Solem
3298 853 3570 924 justitiae,
3597 858 3655 907 et
3685 853 3782 908 hic

2122 948 2395 998 mortuus
2410 941 2825 1012 fuerit,solque
2857 941 3055 996 radios
3082 959 3218 997 suos
3249 943 3604 1010 condiderit,
3625 944 3780 998 divi-

2122 1034 2340 1090 dentur
2387 1033 2702 1089 duodecim
2735 1033 2925 1088 tribus
2978 1033 3162 1088 Israel
3195 1033 3255 1088 in
3313 1052 3520 1090 omnes
3551 1041 3782 1106 gentes,

2121 1125 2505 1195 orienturque
2531 1123 2843 1179 duodecim
2876 1122 3138 1190 arbores,
3173 1123 3272 1194 qui
3301 1130 3440 1179 sunt
3469 1126 3784 1181 duodecim

2121 1213 2399 1284 apostoli,
2430 1219 2892 1283 convertentque
2940 1228 3148 1266 omnes
3206 1220 3411 1284 gentes
3443 1215 3515 1269 ad
3566 1217 3782 1270 Christi

2122 1302 2324 1358 fidem.
2361 1304 2494 1358 Haac
2525 1320 2659 1358 cum
2679 1303 3114 1375 pr0phetasset,
3147 1302 3207 1357 in
3230 1320 3371 1374 pace
3422 1306 3696 1374 decessit,
3730 1311 3788 1361 et

2121 1392 2392 1464 sepultus
2423 1398 2533 1448 est.

2797 1480 3017 1536 Eodem
3049 1482 3145 1537 die

2120 1571 2277 1628 124
2326 1573 2612 1626 Certamen
2693 1577 3010 1627 sanctorum
3095 1574 3520 1641 Anargyrorum
3579 1573 3783 1628 Cosmaz

2191 1649 2244 1698 et
2279 1645 2564 1709 Damiani,
2624 1645 2977 1713 fratrumque
3015 1659 3200 1698 eorum
3259 1644 3531 1714 Anthimi,
3567 1646 3784 1699 Leontii

2191 1720 2240 1770 et
2269 1716 2556 1785 Euprepii.
3566 1732 3573 1785 ς

2191 1804 2325 1858 Tria
2355 1808 2495 1858 sunt
2521 1808 2864 1858 sanctorum
2897 1805 3336 1876 Anargyrorum
3377 1806 3564 1876 paria,
3598 1806 3697 1877 qui
3725 1811 3784 1862 et

479 1862 488 1875 .
575 1862 582 1864 ~
1037 1862 1054 1873 .
1101 1862 1113 1879 .
1486 1862 1497 1880 .
1796 1862 1805 1876 .
1842 1862 1853 1877 .
1899 1862 1908 1876 .

359 1893 552 1964 Κοσμᾶ
604 1893 696 1948 καὶ
779 1897 1074 1966 Δαμιανοῦ,
1135 1895 1459 1967 ἀμφοτέρων
1505 1893 1593 1948 καὶ
1650 1897 1770 1954 τοῖς
1819 1890 2003 1952 αὐτοῖς

2128 1893 2331 1948 iisdem
2363 1894 2590 1948 Cosmus
2614 1897 2671 1946 et
2701 1894 2968 1948 Damiani
2987 1893 3332 1948 nominibus
3359 1895 3640 1966 appellati
3655 1895 3779 1950 fue-

353 1980 582 2052 ὀνόμασι
613 1979 993 2055 καλουμένων,
1025 1982 1139 2049 καὶ,
1168 1984 1268 2052 τήν
1320 1981 1570 2056 ΐατρικὴν
1628 1981 1832 2057 τέχνην
1886 2001 2008 2054 μετ-

351 2069 697 2144 ερχομένων,
757 2071 846 2126 καὶ
905 2073 1006 2141 τήν
1085 2072 1460 2148 προσηγορίαν
1519 2079 1621 2141 τῆς
1678 2068 2001 2147 ἀναργυρίας

349 2158 620 2233 ἑχόντων.
654 2161 722 2217 Ol
753 2162 848 2232 μὲν
894 2163 995 2235 γάρ
1053 2161 1190 2231 ἦσαν
1250 2161 1360 2216 υἱοὶ
1421 2159 1691 2232 Θεοδότης
1745 2161 2000 2236 γυναικὸς

345 2243 638 2310 εὐλαόοὖς.
672 2251 761 2305 Ἐν
821 2248 1014 2325 εἰρήνῃ
1074 2253 1432 2324 κοιμηθέντες
1477 2251 1567 2306 καὶ
1624 2252 2000 2315 κατατεθέντες

342 2335 398 2391 ἓν
431 2337 591 2410 τόπῳ
619 2336 952 2412 καλουμένῳ
1005 2342 1273 2415 Φερεμάν.
1331 2341 1398 2399 Οἱ
1458 2339 1516 2396 δὶ
1572 2339 1624 2396 έν
1681 2344 1751 2414 τῇ
1805 2339 2004 2414 Ῥώμῃ

346 2424 544 2503 διῆγον
632 2425 856 2503 ἔχοντες
911 2426 1245 2485 διδάσκαλον
1318 2432 1602 2508 φθονερόν
1661 2432 1809 2491 ὅστις
1870 2429 2005 2503 μετὰ

342 2516 517 2574 δόλου
548 2518 836 2593 ἀναγαγὼν
863 2517 1060 2581 αὐτοὺς
1098 2519 1176 2583 εἰς
1232 2518 1382 2593 ὄρος,
1433 2520 1506 2582 ὡς
1563 2518 1725 2589 δῆθεν
1770 2519 2003 2595 βοτάνας

350 2607 707 2677 συνάξοντας,
739 2605 918 2670 λίθοις
949 2609 1186 2686 φονεύει.
1220 2611 1289 2666 Ol
1321 2607 1379 2665 δὲ
1407 2611 1480 2664 ὧν
1549 2609 1638 2664 καὶ
1691 2612 1727 2679 ἡ
1759 2614 2004 2684 παροῦσα

351 2696 613 2766 ἄθλησις,
649 2697 902 2773 ὑπῆρχον
935 2697 996 2752 ἐκ
1047 2702 1147 2763 τῆς
1198 2699 1388 2773 χώρας
1461 2694 1744 2774 ’Λραϐίας·
1793 2719 2007 2775 περιερ-

355 2787 597 2858 Χόμενοι
657 2784 717 2840 δὲ
769 2787 906 2842 κατᾶ
960 2794 1134 2842 πᾶσαν
1178 2786 1363 2858 πόλιν,
1417 2787 1735 2862 ἐθεράπευον
1779 2789 2006 2865 ἀναργύο

351 2899 464 2954 ρως
492 2877 626 2940 τοὺς
661 2877 1038 2941 ἀσθενοῦντας.
1096 2880 1246 2937 Κατᾶ
1293 2877 1351 2935 δὲ
1404 2880 1532 2943 τοὺς
1585 2880 1826 2955 χρόνους
1884 2888 2008 2935 Διο-

353 2970 665 3037 κλητιανοῦ
710 2969 1063 3045 παρεγένοντο
1123 2968 1174 3024 ἐν
1243 2973 1312 3044 τῇ
1365 2971 1527 3046 χώρᾳ
1575 2978 1676 3041 τῆς
1738 2968 2007 3039 Κιλικίας,

353 3060 447 3113 καὶ
528 3058 894 3133 κρατηθέντες
977 3061 1318 3134 παρέστησαν
1422 3060 1594 3131 Λυσίᾳ
1667 3063 1750 3132 τῷ
1832 3057 2007 3115 δουκί⁹

353 3149 500 3210 ὅστις
556 3147 649 3203 καὶ
739 3145 1014 3222 διαφόρως
1092 3151 1419 3225 τιμωρήσας
1497 3148 1716 3219 αὐτοὺς,
1788 3148 2007 3225 ὕστερον

2114 1990 2274 2049 runt,
2311 1991 2368 2040 et
2400 1983 2709 2040 medicinas
2741 1989 2930 2039 artem
2964 1989 3382 2048 tractaverunt,
3417 1992 3475 2039 et
3523 1989 3781 2058 Anargy-

2115 2090 2322 2130 rorum
2354 2089 2685 2145 cognomen
2713 2072 3263 2127 habuerunt.Fuere
3286 2073 3442 2127 enim
3469 2073 3570 2128 alii
3601 2074 3781 2128 Theo-

2113 2163 2265 2220 dotae
2297 2163 2766 2235 religiosissima)
2801 2162 2930 2232 ﬁlii,
2963 2162 3066 2232 qui
3117 2163 3177 2216 in
3222 2179 3365 2234 pace
3399 2163 3781 2234 decedentes,

2112 2253 2173 2309 in
2193 2253 2320 2308 loco
2362 2254 2693 2308 Phereman
2712 2252 2866 2308 dicto
2886 2252 3102 2323 sepulti
3118 2257 3274 2307 sunt.
3295 2253 3408 2306 Alii
3434 2269 3569 2308 cum
3583 2256 3782 2308 Roma)

2113 2343 2425 2416 degerent,
2487 2348 2922 2415 prmoeptorem
2984 2342 3248 2397 invidum
3309 2343 3617 2410 habentes,
3677 2361 3784 2415 per

2111 2432 2316 2488 dolum
2343 2431 2415 2488 ab
2447 2448 2516 2487 eo
2539 2432 2603 2486 in
2633 2435 2919 2498 montem,
2945 2431 3115 2502 quasi
3142 2431 3218 2487 ad
3249 2431 3530 2504 legendas
3544 2433 3781 2499 herbas,

2111 2520 2374 2589 deducti,
2406 2520 2705 2592 lapidibus
2736 2520 2933 2587 obruti
2969 2525 3129 2576 sunt.
3163 2520 3302 2583 Alii,
3337 2538 3590 2592 quorum
3650 2540 3782 2578 cer-

2111 2611 2342 2666 tamina
2371 2627 2649 2666 enarrare
2708 2610 3100 2679 instituimus,
3163 2611 3383 2665 Arabes
3425 2611 3615 2678 fuere,
3678 2622 3782 2684 qui

2113 2707 2405 2758 terrarum
2438 2701 2644 2756 orbem
2693 2706 3097 2773 peragrantes,
3125 2701 3306 2772 gratis
3332 2707 3392 2757 et
3423 2701 3548 2757 sine
3587 2703 3776 2774 pretio

2113 2796 2364 2862 aegrotos
2388 2789 2693 2846 curabant.
2729 2790 3078 2846 Diocletiani
3129 2807 3264 2845 vero
3313 2791 3683 2862 temporibus
3714 2792 3778 2848 in

2112 2881 2383 2938 Ciliciam
2414 2881 2684 2952 profecti,
2719 2886 2777 2936 et
2797 2881 3235 2952 comprehensi,
3272 2882 3564 2938 sistuntur
3594 2883 3779 2953 Lysiae

2117 2971 2255 3028 duci
2290 2987 2303 3027 :
2336 2987 2371 3027 a
2403 2987 2519 3043 quo
2569 2971 2750 3027 variis
2808 2972 3122 3026 tormentis
3181 2973 3524 3040 excruciati,
3585 2974 3776 3046 capite

2115 3060 2360 3118 demum
2390 3060 2548 3132 plexi
2579 3066 2736 3131 sunt,
2770 3076 2892 3116 una
2921 3077 3056 3116 cum
3087 3060 3299 3130 tribus,
3333 3062 3436 3134 qui
3466 3079 3566 3118 eos
3579 3079 3782 3134 prose-

2119 3151 2476 3224 quebantur,
2517 3149 2824 3222 fratribus,
2885 3151 3190 3222 Anthimo,
3241 3151 3505 3220 Leontia,
3558 3157 3616 3208 et
3670 3154 3783 3207 Eu-

347 3237 740 3315 ἆπεκιφάλισι,
797 3239 890 3293 σὺν
944 3244 1063 3302 τοῖς
1141 3239 1533 3305 ἀκολουθοῦσιν
1591 3240 1778 3302 αὐτοῖς
1831 3239 2007 3316 τρισὶν
2041 3238 2086 3307 C
2124 3242 2352 3314 prepio.

350 3325 639 3404 ἀδελφοῖς,
674 3328 941 3400 Ἀνθίμῳ,
976 3330 1236 3401 Λεοντίῳ,
1268 3328 1358 3384 καὶ
1386 3327 1707 3405 Βύπρεπίῳ.

906 3422 1088 3474 MHNI
1130 3425 1220 3496 Τῼ
1257 3420 1457 3496 ΑΥΤῼ.

435 3597 642 3667 Μνήμη
700 3600 798 3652 τοῦ
849 3595 1008 3671 ἇγίου
1063 3595 1374 3652 ἀποστόλου
1428 3596 1519 3653 καὶ
1559 3595 1941 3674 εὐαγγελιποῦ

1075 3673 1282 3728 Λουκᾶ,

449 3761 650 3819 Λουκᾶς
676 3759 703 3812 ὁ
732 3757 1132 3834 εύαγγελιστής
1164 3759 1410 3834 ὑπῆρχεν
1439 3759 1546 3814 ἀπὸ
1562 3759 1899 3836 Ἀντιοχείας
1911 3766 2014 3830 τῆς

367 3844 633 3921 μεγάληςο
667 3848 850 3921 ἰατρὸς
881 3849 981 3917 τήν
1027 3849 1256 3924 τέχνην,
1307 3849 1398 3903 καὶ
1458 3851 1774 3928 ζωγράφος.
1818 3849 2017 3907 Ἀπελ-

361 3935 470 3999 θὼν
505 3933 564 3990 δὲ
587 3935 663 3998 εἷς
696 3932 876 4008 Θήϐας
929 3944 1031 4008 τῆς
1092 3935 1432 4002 Μακεδονίας
1474 3938 1563 3994 ἐπὶ
1617 3934 1867 4014 Τιϐερίου
1919 3945 2015 3996 τοῦ

361 4024 663 4100 βασιλέως,
700 4023 788 4082 διὰ
812 4027 904 4082 τὸν
939 4025 1207 4103 διωγμὸν,
1257 4027 1478 4104 ἐνέτυχε
1531 4033 1613 4102 τῷ
1665 4029 1802 4103 ἁγίῳ
1876 4030 2014 4086 ἀπο-

354 4114 548 4188 στόλῳ
580 4114 804 4189 Παύλῳ’
832 4118 922 4172 καὶ
954 4117 1031 4179 ὡς
1067 4116 1329 4192 ὑπάρχων
1362 4117 1438 4180 εἷς
1465 4122 1574 4173 τῶν
1636 4113 2020 4192 ἑϐδομήκοντα

354 4202 716 4274 ἀποστόλων,
746 4204 1126 4277 ἠκολούθησεν
1158 4205 1324 4280 αὐτῷ,
1381 4207 1471 4262 καὶ
1532 4206 1624 4262 σὺν
1684 4209 1835 4281 αύτῷ
1893 4209 2019 4280 έκή-

356 4316 525 4370 ρυσσε
558 4293 649 4350 τὸν
686 4296 936 4371 Χριστόν.
1000 4296 1106 4352 Καὶ
1162 4299 1417 4373 συνήργει
1479 4296 1556 4359 εἲς
1613 4298 1714 4367 τήν
1771 4302 1870 4354 τοῦ
1917 4320 2022 4370 κη-

356 4384 666 4460 ρύγματος,
731 4383 822 4439 καί
871 4389 969 4440 τοῦ
1029 4384 1365 4462 Εὐαγγελίου
1423 4382 1693 4442 διακονίαν
1752 4387 2022 4460 προθύμῳ

357 4475 583 4549 γνώμῃ.
673 4475 1059 4550 Συνεγράψατο
1144 4472 1201 4531 δὲ
1248 4474 1513 4551 πρότερον
1580 4477 1644 4531 τὸ
1691 4477 1808 4532 κατ’
1863 4475 2025 4532 αὐτὸν

2690 3421 2932 3476 EODEM
2962 3422 3218 3476 MENSE.

2650 3509 2755 3565 Die
2777 3509 3010 3566 decima
3039 3515 3243 3566 octava

2115 3603 2266 3660 125
2306 3601 2762 3657 Commemoratio
2816 3603 2994 3727 sagati
3049 3600 3287 3671 apostoli
3333 3609 3388 3658 et
3424 3601 3773 3672 evangelista:

2925 3688 3058 3727 uase.

2925 3688 3058 3728 1163.

2190 3766 2374 3820 Lucas
2404 3763 2767 3836 evangelista
2789 3763 2850 3818 in
2873 3764 3188 3818 Antiochia
3209 3781 3421 3837 magna
3451 3769 3772 3837 ortus,pro-

2119 3855 2380 3910 fessione
2411 3853 2702 3921 medicus,
2736 3859 2794 3908 et
2824 3854 3032 3925 pictor,
3069 3870 3204 3908 cum
3246 3855 3476 3909 Thebas
3507 3855 3780 3910 Macedo-

2121 3945 2258 4012 niae,
2284 3944 2518 3999 Tiberio
2552 3944 2934 4015 imperatore,
2969 3943 3042 3997 ob
3075 3944 3552 4014 persecutionem
3592 3945 3784 4000 venis-

2124 4039 2236 4104 set,
2269 4050 2626 4106 congressus
2658 4033 3105 4103 collocutusque
3125 4050 3259 4087 cum
3285 4038 3488 4088 sancto
3521 4033 3789 4105 apostolo

2124 4124 2404 4190 Paulo,ut
2433 4123 2533 4194 qui
2569 4139 2636 4178 ex
2679 4122 3052 4193 septuaginta
3101 4122 3508 4193 apostolorum
3540 4141 3789 4179 numero

2127 4218 2272 4279 erat,
2307 4211 2500 4267 eidem
2534 4211 2802 4283 apostolo
2836 4227 2898 4264 se
2929 4210 3155 4265 socium
3205 4211 3498 4282 adjunxit,
3558 4218 3615 4266 et
3670 4229 3792 4267 una

2127 4319 2262 4358 cum
2294 4302 2423 4372 ipso
2446 4301 2742 4358 Christum
2766 4300 3144 4372 praedicavit;
3173 4307 3568 4371 promptoque
3590 4303 3788 4357 animo

2127 4392 2191 4448 in
2220 4391 2730 4464 praedicationem,
2763 4395 2822 4444 et
2841 4390 3137 4461 Evangelii
3168 4391 3569 4444 ministerium
3593 4391 3790 4446 eidem

2128 4486 2480 4553 cooperatus
2511 4485 2619 4534 est.
2653 4479 3016 4550 Conscripsit
3047 4484 3245 4533 autem
3269 4478 3460 4550 primo
3485 4485 3783 4547 sanctum,

359 4570 520 4642 ἅγιον
609 4564 966 4642 Εὖαγγέλιον,
1036 4567 1174 4641 πρὸς
1257 4565 1524 4645 Θεόφιλον
1592 4567 1716 4623 τινὰ
1754 4568 2013 4644 ἡγεμόνα1

2132 4571 2290 4644 quod
2331 4571 2459 4643 ejus
2511 4587 2732 4626 nomen
2791 4569 3048 4640 praefert,
3081 4569 3462 4641 Evangelium
3504 4570 3578 4624 ad
3606 4570 3791 4624 Theo-

358 4661 729 4716 πιστεύσαντα
779 4661 855 4723 εἷς
935 4661 1028 4716 τὸν
1088 4662 1318 4735 Χριστὸν
1381 4662 1817 4738 ὑπαγορεύσαντο
1872 4664 2024 4736 αύτῷ

358 4755 462 4807 τοῦ
493 4750 653 4825 ἁγίου
703 4749 909 4823 Πέτρου
954 4754 1054 4806 τοῦ
1111 4751 1448 4808 ἀποστόλουο
1531 4750 1715 4809 ἔπειτα
1807 4752 2024 4827 ἐξέθηκε

359 4842 463 4902 τὰς
493 4840 726 4913 Πράξεις
751 4843 860 4894 τῶν
913 4837 1262 4913 ἀποστόλων,
1314 4841 1452 4917 πρὸς
1501 4843 1596 4898 τὸν
1641 4842 1802 4898 αὐτὸν
1830 4843 2026 4920 Θεόφι-

365 4929 485 4986 λον.
521 4927 627 4984 Καὶ
659 4932 828 4983 ταῦτα
884 4928 1112 5004 πράξας,
1167 4928 1218 4985 ἐν
1273 4929 1466 5006 εἷρήνῃ
1517 4932 1616 5000 τήν
1675 4934 1862 5008 ψυχὴν
1916 4932 2026 4987 ἀπ-

361 5017 540 5074 eam:
569 5022 650 5090 τῷ
679 5016 819 5091 Θεῷ.
850 5017 928 5074 Τὸ
960 5015 1020 5072 δὲ
1043 5018 1188 5091 ἱερὸν
1242 5021 1333 5074 καί
1389 5019 1574 5093 τίμιον
1625 5021 1791 5076 αὐτοῦ
1832 5021 2023 5096 λείψα-

359 5130 450 5163 νον
483 5107 655 5185 ἐτάφη
695 5109 792 5180 μὲν
814 5107 1086 5180 πρότερον
1116 5106 1169 5162 έν
1221 5107 1450 5180 Θήϐαις·
1485 5109 1705 5186 ὕστερον
1739 5107 1796 5166 δὲ
1827 5112 2025 5166 ἀνακο-

361 5198 553 5271 μισθὲν
589 5197 699 5252 ἀπὸ
730 5190 932 5266 Θηϐῶν
968 5194 1021 5250 ἐν
1058 5199 1650 5272 Κωνσταντινουπόλει,
1683 5199 1937 5271 κατετέθη
1972 5199 2024 5256 έν

354 5293 440 5360 τῷ
466 5292 580 5361 ναῷ
601 5291 710 5343 τῶν
742 5287 944 5360 Ἁγίων
978 5285 1356 5346 ’Λποστόλων.

900 5375 1087 5431 MHNI
1117 5380 1201 5428 ΤΩ
1234 5379 1433 5434 ΛΥΤΩ.

1164 5465 1244 5519 ΙΘ’

465 5557 738 5630 Ἅθλησις
771 5557 880 5610 τοῦ
915 5553 1083 5630 άγιου
1115 5551 1332 5630 Σαδὼθ,
1354 5555 1454 5630 καὶ
1508 5559 1617 5612 τῶν
1651 5557 1744 5612 σὺν
1775 5557 1922 5630 αύτῷ

914 5623 1110 5678 ἑκατὸν
1142 5623 1306 5681 εἴκοσι
1319 5623 1325 5625 ’
1339 5628 1536 5702 ἁγίων.

430 5720 624 5787 Σαόὼθ
659 5722 688 5777 ὁ
725 5717 948 5793 μάρτυς
975 5713 1218 5788 ὑπῆρχεν
1271 5715 1361 5772 έπὶ
1412 5711 1702 5794 Σαϐωρίου
1756 5719 2028 5796 βασιλέως

2132 4661 2364 4732 philum
2396 4657 3099 4732 quemdamPraafectum,
3133 4659 3234 4729 qui
3266 4659 3328 4713 in
3359 4659 3657 4714 Christum
3672 4675 3794 4714 cre-

2133 4750 2653 4817 diderat,dictante
2668 4748 2782 4803 sibi
2814 4753 3017 4803 sancto
3036 4750 3208 4804 Petro
3239 4749 3510 4820 apostolo
3536 4765 3550 4804 :
3575 4747 3791 4804 deinde

2133 4839 2540 4913 apostolorum
2577 4843 2718 4892 Acta
2744 4836 2817 4892 ad
2875 4836 3151 4892 eumdem
3201 4838 3613 4910 TheOphilum.
3655 4840 3798 4894 Post

2135 4931 2262 4985 haec
2293 4929 2353 4984 in
2384 4945 2528 5001 pace
2561 4927 2823 4983 animam
2856 4928 2974 4982 Deo
3022 4927 3288 4984 tradidit.
3346 4929 3536 4984 Sacra)
3567 4945 3703 4984 vero
3736 4933 3796 4984 et

2134 5019 2410 5092 pretiosae
2466 5018 2594 5090 ejus
2652 5016 2921 5088 reliquiae
2950 5017 3164 5073 Thebis
3213 5018 3479 5090 primum
3521 5017 3791 5090 sepultas,

2135 5110 2514 5182 postmodum
2567 5107 2708 5163 inde
2735 5108 3318 5182 Constantinopolim
3351 5107 3673 5176 translatae,
3731 5107 3792 5162 in

2136 5201 2484 5256 Sanctorum
2517 5197 2936 5270 Apostolorum
2970 5197 3192 5269 templo
3223 5197 3480 5254 conditas
3528 5196 3792 5253 fuerunt.

2701 5377 2944 5433 EODEM
2975 5379 3226 5434 MENSE.

2709 5467 2812 5522 Die
2843 5467 3075 5522 decima
3095 5482 3255 5522 nona

2138 5558 2294 5614 126
2322 5558 2612 5613 Certamen
2641 5559 2819 5612 sancti
2846 5559 3108 5626 martyris
3134 5555 3360 5623 Sadoth,
3389 5560 3443 5608 et
3485 5558 3800 5610 sanctorum

2599 5635 2813 5685 centum
2832 5628 3040 5698 viginti
3051 5629 3339 5682 sociorum.

2211 5719 2430 5777 Sadoth
2459 5724 2707 5792 martyr,
2738 5719 2956 5789 Sapore
2995 5719 3310 5772 Persarum
3368 5732 3526 5790 rege,
3559 5714 3794 5773 claruit.
