4142 6440
343 373 462 436 115
1670 365 2027 428 MENOLOG

2140 366 2343 426 PARS
2387 367 2433 427 l.
3652 375 3770 435 116

345 505 699 564 Christianae
730 507 930 560 autem
962 503 1099 559 fidei
1149 520 1329 559 causa
1375 503 1868 575 comprehensus,
1901 498 2007 555 ad-

2139 500 2367 568 ζΙερσῶν·
2402 495 2492 552 διὰ
2544 497 2601 555 δὶ
2648 502 2749 570 τήν
2810 503 2889 564 εἰς
2940 504 3171 578 Χριστὸν
3222 506 3403 560 πίστιν
3462 506 3775 581 κρατηθεὶς,

347 597 681 667 ductusque
707 594 780 650 ad
812 594 1088 650 eumdem
1121 610 1489 666 regem.cum
1520 594 1719 666 ignem
1767 590 2016 646 adorare

2139 587 2215 640 ιαὶ
2263 589 2600 663 προσαχθεὶς
2685 590 2854 664 αὐτῷ·
2915 591 3006 646 καὶ
3064 596 3138 666 μή
3198 595 3437 659 πεισθεὶς
3487 600 3777 671 Λατρεῦσαι

348 688 558 748 nollet,
592 685 934 759 gravissime
966 684 1247 740 caeditur:
1282 690 1407 739 tum
1441 690 1575 739 cute
1607 701 1641 738 a
1688 682 1883 736 fronte
1943 679 2018 734 ad

2139 680 2202 748 τῷ
2275 678 2429 749 πυρὶ,
2511 679 2766 736 τύπτεται
2840 682 3103 749 ἀνηλεῶς
3163 684 3254 740 καὶ
3328 686 3657 762 χαράσσεται
3716 690 3779 743 τὸ

351 777 535 849 pedes
567 776 786 844 inusta,
804 775 996 844 deque
1029 775 1159 845 ejus
1181 774 1337 843 pelle
1362 773 1489 828 loro
1509 773 1675 845 digiti
1700 771 2017 827 latitudine

2126 762 2301 841 δέρμα
2331 765 2518 839 αὐτοῦ,
2551 769 2657 825 ἀπὸ
2739 772 2836 826 τοῦ
2899 772 3155 845 μετώπου
3210 775 3378 849 μέχρι
3409 779 3517 829 τῶν
3568 773 3776 833 ποδῶν.

352 866 642 932 detracto,
674 864 893 919 iterum
923 861 1164 918 bubulis
1207 862 1404 918 nervis
1438 862 1754 928 laceratus,
1841 876 2021 931 super

2139 854 2534 931 Καῖἐκδέρεται
2580 859 2686 914 ἀπὸ
2740 864 2838 915 τοῦ
2893 859 3164 935 δέρματος
3221 863 3385 919 αὐτοῦ
3443 863 3627 938 λῶρος
3686 865 3782 921 δα-

353 955 575 1026 spinas,
599 953 848 1025 ligna,et
870 967 1012 1007 saxa
1040 951 1388 1006 acutissima
1418 951 1616 1006 nudus
1631 949 2017 1021 pertrahitur.

352 1043 579 1099 Deinde
609 1040 810 1114 digitis
842 1040 1205 1096 articulatim
1268 1040 1563 1109 dissectis,
1596 1041 1655 1094 in
1716 1038 2019 1094 cochleam

354 1132 554 1189 hastili
587 1131 834 1204 cogitur.
870 1132 1167 1185 Praiterea
1217 1128 1612 1185 candentibus
1671 1128 1898 1183 subulis
1956 1128 2019 1182 in

352 1222 586 1293 reliquo
616 1236 864 1292 corpore
895 1218 1208 1274 fodicatur.
1242 1220 1372 1273 Mox
1400 1218 1633 1274 inverso
1664 1218 1856 1290 capite
1880 1234 2018 1271 sus-

353 1310 657 1383 penditur,
689 1309 863 1380 eique
895 1308 1101 1380 lingua
1130 1307 1494 1378 praaciditur.
1528 1307 1707 1379 Cujus
1739 1311 2018 1361 constan-

355 1400 499 1454 tiam
524 1397 799 1453 homines
822 1395 987 1451 mille
1003 1396 1245 1451 ducenti
1265 1396 1641 1468 septuaginta
1669 1393 2018 1465 conspicati,

357 1487 421 1543 in
454 1503 586 1543 eam
618 1485 963 1558 Opinionem
993 1502 1231 1554 venere,
1263 1485 1382 1540 nisi
1414 1501 1761 1557 magnarum
1818 1500 2018 1538 rerum

359 1594 528 1650 spem
567 1577 834 1644 haberet,
891 1593 1027 1632 eum
1079 1580 1246 1631 tanta
1303 1575 1568 1647 perferre
1620 1592 1744 1630 non
1820 1591 2015 1647 posse.

360 1666 757 1732 Quamobrem
780 1665 994 1720 Christi
1022 1664 1199 1720 ﬁdem
1233 1664 1581 1736 amplexi,in
1610 1663 1845 1719 vincula
1874 1679 2019 1717 con-

352 1756 667 1829 jiciuntur.
703 1754 920 1811 Sadoth
950 1771 1085 1810 vero
1114 1755 1332 1827 gratias
1363 1755 1479 1809 Deo
1507 1770 1709 1826 agens,
1734 1770 1854 1809 una
1881 1768 2017 1807 cum

361 1850 602 1902 centum
631 1844 836 1919 viginti
862 1844 1083 1901 sanctis
1117 1844 1308 1916 capite
1338 1843 1640 1916 plectitur,

1023 2116 1246 2173 Eodem
1275 2116 1371 2173 die

368 2226 518 2283 I27
561 2226 1014 2282 Commemoratio
1078 2227 1260 2280 sancti
1313 2225 1495 2279 Patris
1576 2220 1753 2278 nostri
1803 2221 2027 2292 Amphié

862 2313 1049 2380 lochii,
1081 2315 1325 2384 episcopi
1354 2312 1544 2368 Iconii.

437 2423 544 2478 Hic
568 2438 690 2478 non
720 2421 992 2477 mortalis
1021 2420 1395 2493 cujusquam,
1425 2419 1529 2476 sed
1559 2424 1901 2474 sanctorum
1923 2434 2030 2473 an-

366 2511 635 2587 gelorum
701 2509 980 2565 manibus
1036 2509 1347 2565 ordinatus
1420 2509 1606 2564 Iconii
1691 2509 2028 2580 episcopus,

368 2600 694 2657 commilito
721 2603 1064 2654 sanctorum
1085 2600 1325 2653 Patrum
1350 2598 1550 2653 Basilii
1582 2598 1792 2669 Magni,
1810 2598 2029 2668 Grego-

371 2689 448 2744 rii
474 2688 771 2760 Theologi,
809 2692 868 2742 et
895 2687 1156 2757 Gregorii
1187 2687 1456 2757 Nysseni,
1488 2685 1770 2741 adversus
1800 2685 2027 2748 Arium,

368 2778 748 2843 Eunomium,
775 2781 834 2831 et
857 2776 1070 2831 horum
1100 2776 1329 2831 similes
1358 2775 1745 2831 haareticosin
1776 2775 1902 2829 acie
1920 2780 2032 2830 ste-

368 2867 475 2935 tit;
502 2866 603 2937 qui
634 2880 771 2920 cum
827 2864 903 2919 ad
951 2864 1264 2919 Theodosii
1315 2862 1514 2936 magni
1545 2868 1816 2934 tempora
1842 2862 2031 2917 vixis-

371 2963 483 3023 set,
514 2962 692 3028 atque
723 2956 796 3011 ab
819 2973 887 3011 eo
918 2955 993 3011 ad
1010 2956 1369 3012 coercendas
1401 2956 1755 3011 Arianorum
1786 2954 1849 3008 in
1873 2952 2033 3008 urbi.

369 3044 485 3101 bus
509 3060 764 3116 synaxes
792 3043 981 3100 lectus
1014 3048 1189 3109 esset,
1220 3049 1365 3099 tunc
1394 3042 1638 3114 quidem
1672 3040 2032 3113 supersedit,

2124 943 2330 999 κτύλου
2358 946 2424 999 τὸ
2453 945 2684 1010 πλάτος.
2721 949 2818 1005 Καὶ
2849 949 3014 1005 πάλιν
3072 951 3330 1006 τύπτεται
3394 953 3529 1025 μετὰ
3585 953 3782 1029 βοείων

2127 1030 2371 1106 λωρίων.
2419 1035 2518 1088 Καὶ
2572 1035 2658 1091 ἐπὶ
2720 1038 2986 1108 ἀκανθῶν,
3046 1040 3137 1093 καὶ
3187 1040 3387 1110 ξύλων,
3449 1043 3539 1096 καὶ
3606 1040 3776 1107 λίθων

2127 1121 2290 1195 ὀξέων
2340 1124 2556 1200 σύρεται
2605 1126 2831 1202 γυμνός.
2892 1130 3029 1185 Εἶτα
3076 1131 3330 1202 τέμνεται
3387 1130 3518 1193 τοὺς
3578 1129 3777 1187 δακτύ-

2127 1208 2257 1273 λους
2284 1214 2402 1267 κατ’
2432 1214 2735 1288 ἁρμόν.Καί
2767 1212 3068 1288 ἐμϐληθεὶς
3100 1217 3177 1280 εἲς
3235 1217 3469 1292 κοχλίαν
3510 1217 3600 1275 διὰ
3652 1242 3777 1276 στυ-

2128 1300 2322 1375 ρακίου
2352 1302 2794 1379 κατασφίγγεται.
2830 1306 2932 1361 Καὶ
2967 1305 3101 1378 μετὰ
3160 1310 3328 1362 ταῦτα
3377 1303 3660 1372 σουϐλίοις
3689 1332 3783 1365 πε-

2125 1392 2476 1465 πυρωμένοις
2506 1391 2567 1447 τὰ
2604 1390 2927 1471 ὑπολειφθὲν
2973 1396 3135 1468 σῶμα
3191 1404 3618 1456 κατακεντεῖται.
3673 1401 3781 1456 Καὶ

2124 1480 2445 1553 κρεμασθείς
2503 1481 2639 1536 κατᾶ
2696 1482 2959 1556 κεφαλῆς,
3033 1486 3133 1554 τήν
3192 1483 3447 1561 γλῶσσαν
3525 1487 3783 1563 ἐκτέμνε-

2121 1589 2234 1627 ται.
2268 1568 2372 1626 Καὶ
2399 1566 2607 1633 ΐδόντες
2637 1573 2738 1640 τήν
2776 1573 3059 1649 καρτερίαν
3091 1575 3258 1630 αὐτοῦ
3290 1574 3472 1650 χίλιοι
3505 1573 3778 1633 διακόσιοι

2126 1652 2509 1731 ἑϐδομήκοντα
2584 1658 2794 1733 ἄνδρες,
2847 1662 2934 1717 καὶ
2994 1662 3342 1734 ἐννοήσαντες
3404 1664 3509 1738 ὅτι,
3590 1665 3635 1722 εἷ
3697 1670 3776 1741 μὴ

2127 1746 2245 1802 εἶχε
2302 1747 2547 1823 μεγάλας
2606 1747 2856 1820 ἐλπίδας,
2916 1751 3016 1807 οὐκ
3098 1750 3158 1807 ἄν
3216 1758 3440 1809 τοιαῦτα
3491 1752 3777 1829 ὑπέμενεν,

2048 1873 2094 1936 Β
2125 1834 2437 1893 ἐπίστευσαν
2498 1838 2577 1901 εἷς
2631 1840 2722 1894 τὸν
2807 1840 3059 1916 Χριστόν.
3122 1842 3220 1898 Καὶ
3278 1841 3655 1919 παρεδόθησαν
3706 1850 3777 1918 τῇ

2130 1928 2373 2003 φυλακῇ.
2406 1928 2585 1991 Αὐτὸς
2618 1926 2698 1997 δὲ,
2730 1929 3068 2006 εὐχαριστῶν
3098 1937 3179 2004 τῷ
3210 1939 3345 2006 Θεῷ,
3398 1935 3499 2003 τήν
3528 1935 3777 2014 κεφαλὴν

2130 2017 2446 2092 ἀπετμήθη,
2483 2017 2576 2072 σὺν
2605 2018 2813 2095 ἑτέροις
2844 2021 3016 2095 ἁγίοις
3048 2022 3235 2079 ἑκατὸν
3256 2024 3455 2083 εἳκοσι.

2734 2113 2810 2184 Τῇ
2837 2110 2973 2177 αὐτῆ
2996 2111 3179 2189 ἡμέρᾳ

2276 2214 2482 2286 Μνήμη
2512 2217 2610 2269 τοῦ
2633 2213 2685 2268 ἐν
2713 2216 2893 2289 ἁγίοις
2921 2218 3133 2294 Ηατρὸς
3164 2222 3328 2292 ἡμῶν
3359 2220 3639 2296 Ἀμφιλο-

2581 2303 2732 2375 χίου,
2756 2304 3054 2362 ἐπισκόπου
3088 2309 3335 2366 Ἰκονίου.

2205 2409 2374 2471 Οὗτος
2456 2411 2867 2485 προχειρίζεται
2974 2413 3268 2477 ἐπίσκοπος
3370 2416 3616 2487 Ἰκονίου,
3704 2417 3787 2494 ἐφ’

2134 2498 2307 2573 ἁγίων
2337 2498 2610 2575 ἀγγέλων,
2661 2500 2760 2555 ούκ
2816 2501 3159 2578 ἀνθρωπίνης
3217 2505 3427 2581 χειρός.
3489 2512 3794 2582 Συναγωνι-

2135 2590 2267 2657 στὴς
2294 2585 2352 2643 δὲ
2378 2588 2671 2663 γενόμενος
2696 2595 2803 2645 τῶν
2833 2591 2998 2665 ἁγίων
3033 2593 3285 2669 Πατέρων
3345 2593 3639 2650 Βασιλείου
3689 2600 3792 2651 τοῦ

2136 2676 2419 2752 Μεγάλου,
2477 2679 2787 2754 Γρηγορίου
2834 2685 2932 2735 τοῦ
2981 2680 3277 2759 Θεολόγου,
3335 2684 3426 2739 καὶ
3479 2686 3790 2761 Γρηγορίου

2135 2771 2235 2821 τοῦ
2266 2765 2501 2839 Νύσσης,
2532 2768 2669 2823 κατὰ
2697 2774 2806 2823 τῶν
2839 2771 3127 2846 αἱρετικῶν
3158 2774 3517 2847 παρετάξατο,
3565 2776 3792 2848 Ἀρείου

2137 2856 2228 2911 καὶ
2287 2856 2587 2929 Εύνομίου,
2646 2858 2737 2913 καὶ
2793 2864 2904 2915 τῶν
2986 2862 3219 2935 ὁμοίων.
3277 2864 3555 2938 Παρετάθη
3617 2862 3674 2919 δὲ
3751 2866 3788 2935 ἡ

2143 2948 2256 3016 ζωὴ
2288 2945 2454 3001 αὐτοῦ
2488 2947 2654 3022 μέχρι
2681 2945 2975 3005 Θεοδοσίου
3040 2955 3137 3006 τοῦ
3195 2952 3476 3029 Μεγάλου.
3541 2956 3639 3013 "Ov
3697 2954 3791 3009 καὶ

2140 3034 2344 3105 ἠξίωσε
2371 3033 2618 3091 κωλύσαι
2665 3041 2774 3092 τῶν
2855 3040 3145 3113 Ἀρειανῶν
3205 3041 3302 3104 τὰς
3358 3041 3414 3097 ἐν
3446 3048 3566 3106 ταῖς
3594 3042 3792 3100 πόλεσι

371 3132 529 3206 quod
562 3134 889 3204 imperator
915 3137 1242 3199 vereretur,
1276 3149 1351 3187 ne
1384 3148 1454 3187 ea
1483 3148 1579 3186 res
1608 3146 1855 3203 magnos
1877 3128 2027 3184 exci-

2142 3125 2397 3194 συνάξεις.
2432 3123 2577 3198 Βαρὺ
2632 3123 2690 3180 δὲ
2747 3127 3070 3200 νομίσαντας
3127 3134 3289 3185 τοῦτο
3343 3135 3441 3185 τοῦ
3497 3130 3792 3207 βασιλέως,

367 3228 523 3279 taret
552 3223 864 3278 tumultus.
899 3222 1012 3278 Sed
1052 3227 1258 3295 postea
1287 3238 1421 3277 cum
1453 3220 1709 3293 quadam
1742 3221 1814 3276 de
1845 3235 2024 3277 causa

2145 3211 2235 3268 διὰ
2255 3214 2356 3283 τήν
2411 3215 2686 3289 ταραχὴν,
2743 3216 2867 3271 τότε
2927 3217 3022 3289 μὲν
3071 3218 3370 3295 ἡσύχασεν.
3426 3223 3680 3296 Ὕστερον
3734 3220 3797 3277 δὶ

367 3312 790 3383 imperatorem
846 3310 1245 3367 Theodosium
1294 3312 1689 3377 convenisset,
1740 3312 2027 3384 illumque

2140 3304 2277 3357 κατὰ
2310 3324 2430 3357 τινα
2490 3303 2680 3379 χρείαν
2738 3303 2997 3361 εἷσελθὼν
3054 3308 3192 3381 πρὸς
3245 3309 3338 3363 τὸν
3403 3309 3649 3386 βασιλέα,
3698 3312 3795 3368 καὶ

370 3398 584 3469 solum,
618 3398 870 3454 Arcadio
903 3398 1049 3468 filio,
1084 3398 1185 3469 qui
1218 3415 1402 3471 prope
1433 3395 1752 3467 assidebat,
1784 3406 2027 3472 praster-

2139 3393 2230 3448 τὸν
2261 3392 2380 3447 υἱὸν
2410 3392 2578 3447 αὐτοῦ
2640 3392 2929 3469 Ἀρκάδων
2990 3393 3122 3451 ἰδὼν
3178 3402 3258 3470 τῷ
3312 3400 3478 3474 πατρὶ
3527 3404 3798 3474 συγκαθή-

365 3488 569 3556 misso,
596 3488 921 3555 adorasset,
945 3494 1208 3561 rogatus,
1242 3505 1421 3560 quam
1444 3488 1517 3544 ob
1540 3506 1665 3544 rem
1684 3489 1745 3543 id
1786 3489 2027 3555 faceret,

2142 3502 2326 3556 μενον,
2355 3482 2569 3554 τὸνμὲν
2602 3479 2894 3539 Θεοδόσιον
2951 3487 3342 3560 προσεκύνησε’
3399 3488 3494 3543 τὸν
3561 3487 3619 3544 δὲ
3674 3491 3795 3546 υἱὸν

366 3577 714 3649 respondit:
744 3577 1256 3642 Quemadmodum
1287 3583 1350 3633 tu
1382 3579 1727 3650 imperator,
1787 3579 2027 3651 indigne

2139 3568 2409 3645 παρῆλθε.
2443 3573 2554 3628 Τοῦ
2585 3568 2642 3626 δὲ
2675 3573 2944 3647 βασιλέως
2974 3574 3244 3638 εἰπόντος’
3271 3577 3386 3631 Ἲνα
3421 3583 3474 3632 τί
3519 3579 3613 3633 τὸν
3669 3577 3787 3634 υἱόν

362 3665 507 3733 fers,
537 3666 586 3720 si
617 3681 738 3720 non
777 3666 937 3721 idem
969 3666 1221 3738 ﬁlio,qui
1252 3666 1578 3732 tibi,honor
1597 3666 1924 3734 habeatur;
1949 3668 2027 3723 sic

2149 3681 2256 3734 μου
2293 3659 2658 3735 παρέδραμεςο
2719 3657 2845 3739 ἔφη·
2905 3668 3101 3738 Γνῶθι,
3166 3666 3411 3742 βασιλεῦ,
3469 3669 3553 3723 ὅτι
3614 3668 3800 3745 ὥσπερ

383 3759 442 3810 et
471 3755 588 3808 Deo
619 3754 777 3808 Patri
801 3754 1086 3826 injuriam
1134 3756 1265 3810 fieri
1298 3756 1534 3825 scito,si
1566 3757 1700 3826 quis
1729 3756 1944 3811 Filium
1976 3761 2027 3812 et

2146 3749 2210 3805 σὺ
2269 3750 2650 3824 ἠγανάκτησας
2706 3758 2805 3807 τοῦ
2861 3755 2985 3809 υἱοῦ
3059 3751 3574 3831 παραϐλεπομὲνου,
3652 3758 3799 3816 οὕτω

376 3842 634 3897 Verbum
688 3843 1053 3898 contumelia
1099 3843 1302 3899 afﬁcit.
1364 3843 1588 3908 Quibus
1626 3844 1820 3899 verbis
1851 3845 2027 3900 movit

2139 3838 2289 3894 καὶὸ
2346 3839 2476 3901 Θεὸς
2521 3841 2608 3895 καὶ
2676 3843 2884 3918 Πατὴρ,
2927 3848 3024 3898 τοῦ
3081 3845 3211 3899 Υἱοῦ
3269 3846 3359 3900 καὶ
3412 3848 3589 3922 Λόγου
3651 3844 3805 3924 ὑϐρι-

371 3932 519 3987 adeo
552 3932 996 4004 imperatorem,
1029 3937 1096 3987 ut
1124 3932 1196 3987 de
1227 3932 1391 3987 illius
1421 3933 1718 3987 sententia
1747 3934 2027 3989 acvolun-

2147 3925 2397 4000 ζομένου.
2431 3930 2588 3985 ’Όθεν
2621 3931 2914 3995 πεισθεὶςὸ
2973 3931 3252 4007 βασιλεὺς,
3305 3933 3527 4001 ἐποίησε
3581 3936 3644 3990 τὸ
3700 3941 3801 3991 τοῦ

370 4025 488 4076 tate
520 4037 648 4076 rem
674 4021 1201 4077 confecerit.Hunc
1230 4021 1293 4076 in
1314 4021 1558 4076 modum
1590 4027 2027 4080 transactacum

2142 4012 2297 4089 ἁγίου
2330 4015 2573 4089 θέλημα,
2598 4016 2755 4073 Οὕτω
2786 4016 2845 4073 δὲ
2876 4021 3045 4090 ζήσας
3082 4018 3342 4093 εὐσεϐῶς,
3394 4026 3535 4100 πρὸς
3593 4025 3798 4100 Κύριον

375 4109 598 4181 pietate
623 4110 759 4178 vita,
784 4111 858 4167 ad
888 4110 1209 4167 Dominum
1248 4111 1538 4184 migravit.

1027 4227 1250 4284 Eodem
1282 4228 1378 4284 die

371 4345 409 4398 I
432 4344 533 4401 28
585 4345 1040 4403 Commemoratio
1095 4349 1275 4402 sancti
1330 4353 1381 4402 et
1457 4347 1687 4416 gloriosi
1736 4349 2035 4420 praphetae

1150 4436 1338 4493 Joelis.

446 4542 550 4597 Hic
578 4542 691 4597 fuit
721 4558 790 4597 ex
828 4542 1045 4598 Judzeaa
1093 4543 1353 4616 regione.
1416 4544 1810 4625 Voluntatem.
1834 4552 2033 4601 autem

2142 4101 2292 4176 ἐξεδή
2304 4125 2495 4178 μησεν.

2714 4226 2797 4311 Τῇ
2858 4226 2998 4300 αὖτῇ
3039 4228 3221 4302 ἡμέρᾳ

2214 4344 2425 4416 Μνήμη
2458 4345 2559 4397 τοῦ
2605 4342 2759 4418 ἁγίου
2816 4343 2906 4399 καὶ
2964 4342 3181 4416 ἐνδόξου
3210 4351 3500 4425 προφήτου
3532 4351 3719 4422 Ἰωήλ.

2215 4552 2389 4613 Οὗτος
2419 4552 2637 4626 ὑπῆρχε
2693 4552 2753 4608 ἐκ
2779 4561 2883 4623 τῆς
2944 4552 3210 4619 Ἰουδαίας
3259 4557 3472 4633 χώρας
3516 4565 3690 4615 ποιῶν
3738 4558 3803 4616 δὲ

369 4630 605 4684 Domini
634 4647 988 4701 exsequens,
1021 4611 1350 4704 prophetia:
1381 4633 1608 4689 donum
1656 4619 1903 4706 accepit.
1966 4637 2027 4689 Et

2139 4641 2203 4696 τὸ
2258 4611 2478 4713 θέλημα
2517 4611 2750 4716 ᾖυρίου,
2837 4611 3003 4700 ἔλαϐε
3086 4611 3447 4722 προσητείανςῖ
3499 4611 3796 4725 idP-iolla:

367 4718 487 4775 alia
516 4719 756 4791 quidem
790 4721 1115 4789 multa,sed
1144 4723 1317 4795 longe
1348 4724 1521 4795 plura
1543 4723 1615 4778 de
1635 4725 1865 4780 Christo
1891 4742 2032 4796 pro-

372 4807 652 4879 phetavit,
687 4809 848 4880 quod
878 4811 1105 4865 scilicet
1129 4828 1199 4866 ex
1215 4809 1450 4884 Virgine
1482 4814 1820 4869 nasciturus
1850 4819 2027 4888 esset.

376 4897 492 4971 Sed
523 4903 583 4952 et
637 4897 711 4953 de
767 4898 986 4970 Spiritu
1044 4907 1249 4956 sancto
1307 4902 1660 4957 vaticinatus
1691 4908 1800 4972 est,
1852 4920 2030 4974 quem

379 4987 567 5042 sancti
608 4986 921 5043 duodecim
972 4990 1225 5060 apostoli
1274 4991 1336 5045 in
1387 5007 1601 5064 magno
1652 4992 2031 5048 Pentecostes

374 5076 528 5132 festo
560 5083 939 5149 acceperunt,
990 5079 1269 5150 inquiens
1304 5096 1316 5134 :
1351 5083 1481 5138 Haec
1528 5082 1665 5137 dicit
1722 5083 1987 5138 Dominus
2016 5100 2030 5138 :

374 5168 443 5221 Et
471 5167 578 5221 erit
631 5166 693 5221 in
745 5166 1054 5223 novissimis
1101 5169 1310 5237 diebus,
1361 5171 1646 5240 effundam
1695 5173 1762 5227 de
1815 5171 2034 5243 Spiritu

373 5272 491 5311 meo
521 5272 687 5326 super
711 5272 922 5312 omnem
951 5273 1203 5326 carnem,
1223 5265 1275 5313 et
1292 5260 1701 5330 prophetabunt
1728 5263 2031 5331 ﬁliivestri,

372 5351 424 5400 et
450 5346 586 5414 ﬁlia
614 5352 825 5401 vestrm.
859 5347 1023 5411 Quod
1057 5352 1116 5402 et
1161 5349 1410 5421 contigit
1438 5365 1452 5403 :
1483 5366 1621 5405 nam
1653 5368 1788 5406 cum
1846 5353 1907 5407 in
1935 5369 2036 5408 su-

375 5433 609 5505 periore
640 5433 852 5488 domus
873 5439 1040 5504 parte
1053 5434 1331 5491 sederent
1348 5439 1535 5493 sancti
1567 5440 1923 5511 Apostoli,in
1939 5441 2035 5497 die

378 5524 781 5590 Pentecostes,
814 5522 963 5578 hora
1002 5525 1177 5579 tertia
1223 5526 1362 5595 diei,
1416 5527 1729 5585 descendit
1782 5530 2035 5601 Spiritus

374 5616 615 5666 sanctus
638 5611 698 5665 in
733 5612 929 5683 specie
962 5613 1296 5686 linguarum
1315 5616 2035 5691 ignearum,conseditque

346 5714 557 5769 super
588 5698 851 5770 singulos
881 5716 1109 5768 eorum,
1163 5702 1445 5775 deditque
1501 5706 1587 5761 eis
1638 5707 1802 5763 varia
1831 5707 2032 5765 dona:

2140 4729 2513 4803 προεφήτευσε
2543 4725 2603 4783 δὲ
2646 4729 2735 4783 καὶ
2794 4728 2942 4785 ἁλλὰ
3002 4733 3099 4803 μὲν
3155 4731 3365 4807 πολλὰ,
3421 4733 3653 4791 πλείονα
3739 4735 3801 4793 δὲ

2140 4818 2264 4893 περὶ
2321 4822 2418 4872 τοῦ
2469 4822 2725 4893 Χριστοῦ·
2778 4819 2859 4875 ὅτι
2915 4821 3109 4894 μέλλει
3159 4826 3484 4899 γεννηθῆναι
3543 4826 3603 4882 ἐκ
3657 4833 3800 4901 Hap-

2142 4907 2322 4962 θένου·
2358 4906 2437 4962 ἔτι
2469 4905 2529 4963 δὲ
2556 4908 2645 4963 καὶ
2676 4908 2802 4984 περὶ
2841 4914 2939 4965 τοῦ
2980 4911 3133 4985 ἁγίου
3191 4913 3532 4988 Πνεύματος,
3580 4916 3610 4971 ὃ
3667 4912 3803 4971 ἔλα-

2142 4992 2238 5051 ϐον
2328 4998 2386 5050 οἱ
2460 4998 2609 5071 ἅγιοι
2691 4994 2904 5053 δώδεκα
2987 5000 3292 5056 ἀπόστολοι
3351 5002 3406 5058 ἐν
3455 5009 3521 5078 τῇ
3583 5003 3800 5082 μεγάλῃ

2142 5086 2307 5159 ἑορτῇ
2363 5091 2468 5151 τῆς
2527 5090 2928 5156 ΙΙεντηκυστῆς·
2985 5088 3177 5144 εἰπών’
3236 5092 3356 5146 Ὅτι
3435 5090 3564 5148 τάδε
3647 5092 3804 5169 λέγει

2142 5174 2367 5249 Κύριος’
2455 5174 2550 5228 Καὶ
2647 5168 2794 5230 ἔσται
2883 5175 2936 5231 ἐν
3002 5183 3124 5242 ταῖς
3210 5178 3471 5255 ἐσχάταις
3537 5168 3796 5258 ἡμέραις·

2142 5260 2319 5318 ἐκχεῶ
2376 5262 2483 5317 ἀπὸ
2513 5266 2610 5317 τοῦ
2663 5263 2978 5337 ΙΙνεύματός
3039 5288 3145 5339 μου
3220 5267 3310 5323 ἐπὶ
3362 5275 3538 5325 πᾶσαν
3598 5275 3795 5345 σάρκα.

2145 5351 2249 5407 Καὶ
2307 5351 2776 5429 προφητεύσουσιν
2839 5354 2893 5408 οἱ
2950 5356 3062 5411 υἱοὶ
3134 5356 3308 5429 ὑμῶν·
3367 5358 3458 5412 καὶ
3516 5360 3570 5414 αἱ
3630 5362 3793 5437 θυγα-

2140 5439 2291 5513 τέρες
2352 5440 2527 5513 ὑμῶν.
2583 5442 2650 5498 Ὀ
2707 5438 2773 5512 δὴ
2826 5443 2916 5498 καὶ
2969 5445 3179 5519 γέγονε.
3251 5447 3637 5520 Καθεζομένων
3693 5453 3798 5528 γὰρ

2143 5535 2253 5585 τῶν
2284 5530 2451 5606 ἆγίων
2483 5529 2806 5586 ἀποστόλων
2866 5531 2919 5586 ἐν
3002 5539 3083 5605 τῷ
3138 5535 3370 5610 ύπερώῳ
3427 5538 3689 5612 οἰκήματι
3742 5541 3795 5597 ἐν

2145 5623 2213 5694 τῇ
2245 5621 2428 5694 ἡμέρᾳ
2454 5626 2553 5689 τῆς
2586 5626 2986 5691 Πεντηκοστῆς,
3048 5623 3165 5699 ὥρᾳ
3209 5625 3368 5701 τρίτῃ
3429 5634 3530 5697 τῆς
3557 5630 3792 5705 ἡμέρας,

2144 5705 2384 5779 κατῆλθε
2411 5710 2474 5764 τὸ
2505 5713 2723 5784 Πνεῦμα
2749 5711 2812 5766 τὸ
2843 5712 2999 5786 ἅγιον
3052 5710 3108 5768 ἐν
3164 5712 3296 5772 εἷ’δει
3342 5717 3581 5794 πυρίνων
3615 5717 3799 5796 γλωσ-
