4142 6448
323 358 435 418 117

1863 369 2115 430 OCTOB
2123 372 2226 434 ER
2237 420 2250 432 .

3651 387 3768 449 118

330 494 456 544 σῶν
486 488 578 544 καὶ
630 488 885 556 ἐκάθισεν
938 491 1026 568 ἐφ’
1083 490 1176 550 ἕνα
1233 491 1457 552 ἕκαστον
1517 497 1713 554 αὐτῶνθ
1772 499 1862 554 καὶ
1917 495 2004 555 δέ·

2136 524 2227 564 iec
2255 510 2375 568 illis
2407 513 2620 584 solum,
2654 516 2755 572 sed
2807 523 2864 573 et
2910 518 3004 588 iis,
3056 520 3157 590 qui
3211 521 3357 592 ipsis
3405 537 3767 582 successere.

333 577 499 636 δωκεν
543 581 735 642 αὐτοῖς
799 582 1130 658 χαρίσματα
1188 582 1440 664 διάφορα,
1497 589 1585 642 καὶ
1646 590 2004 664 προφητείας.

338 672 435 726 Καὶ
483 670 549 724 οὐ
611 672 781 743 μόνον
845 672 1107 742 ἐκείνοις,
1167 675 1312 730 ἀλλᾶ
1369 677 1458 732 καὶ
1520 683 1636 739 τοῖς
1698 677 2006 751 μετέπειτα.

333 761 520 816 Ταῦτα
580 758 637 815 δξ
691 763 1110 840 προφητεύσας,
1168 764 1222 819 ἐν
1280 765 1470 841 εἰρήνῃ
1551 766 1850 841 ἐκοιμήθη,
1916 769 2007 822 καὶ

334 847 507 923 ἐτάφη
536 848 589 904 ἐν
618 855 689 924 τῇ
723 849 840 923 ἰδίᾳ

889 970 1080 1027 MHNI
1119 973 1210 1050 Τῼ
1251 977 1445 1053 arra.

1133 1061 1208 1116 K'.

439 1177 653 1246 Μνήμη
687 1179 783 1228 τοῦ
816 1175 981 1249 ἁγίου
1012 1177 1326 1252 Κορνηλίου
1354 1182 1449 1232 τοῦ
1481 1178 1906 1256 ἑκατοντάρχου.

413 1262 726 1336 Κορνήλιος
760 1265 788 1318 ὁ
839 1265 1269 1342 ἑκατοντάρχης,
1336 1269 1580 1344 ὑπῆρχεν
1640 1268 1746 1324 ἀπὸ
1805 1274 2007 1327 Καισα-

337 1353 488 1426 ρείας
531 1359 632 1421 τῆς
693 1353 1087 1424 Ηαλαιστίνης,
1143 1354 1330 1411 ἑκατὸν
1387 1362 1732 1428 στρατιωτῶν
1793 1357 2004 1433 ἃρχων,

337 1441 578 1497 ἐπὶτῶν
642 1443 862 1516 χρόνων
923 1448 1030 1497 τῶν
1090 1443 1261 1518 ἁγίων
1317 1445 1662 1500 ἀποστόλων·
1724 1445 1871 1509 ὅστις
1916 1449 2005 1502 καὶ

333 1537 559 1603 πρῶτος
607 1530 660 1600 ἐξ
693 1530 854 1586 ἐθνῶν
914 1531 1194 1588 ἐπίστευσε
1248 1538 1327 1606 τῷ
1383 1536 1616 1610 Χριστῷ·
1669 1533 1801 1590 ἷδὼν
1848 1537 1948 1612 γὰρ
1977 1538 2004 1591 ὁ

341 1622 472 1682 θεὸς
528 1621 627 1682 τὰς
687 1619 1063 1692 ἐλεημοσύνας
1121 1622 1307 1690 αὐτοῦ,
1367 1620 1428 1686 ἅς
1486 1623 1657 1679 ἐποίει
1741 1625 1820 1687 εἷς
1878 1625 2009 1690 τοὺς

349 1708 623 1784 πτωχοὺς,
659 1707 1020 1783 προσεδέξατο
1054 1710 1238 1768 αὐτόν.
1289 1713 1392 1769 Καὶ
1439 1711 1510 1768 δι’
1568 1714 1805 1790 ἆγγὲΛου
1863 1735 2004 1789 παρ-

357 1799 624 1855 εσκεύασεν
688 1798 848 1854 αὐτὸν
908 1802 1268 1876 βαπτισθῆναι
1328 1804 1474 1877 παρά
1529 1806 1625 1858 τοῦ
1681 1802 1841 1879 ἁγίου
1899 1803 2002 1860 1Ιέ-

349 1960 439 2033 Ἐν
590 1977 684 2032 καὶ
740 1979 1026 2052 κηρύττων
1081 1979 1174 2033 τὸν
1228 1981 1482 2054 Χριστὸν,
1542 1980 1810 2056 ἐκρατήθη
1871 1983 2018 2058 παρὰ

359 2067 811 2141 Δημητρίουτοῦ
864 2069 1153 2142 ἄρχοντος.
1213 2070 1314 2125 Καὶ
1371 2070 1781 2146 κατηναγκάσθη
1842 2071 2021 2128 εἰσελ-

357 2163 469 2220 θεῖν
505 2159 582 2219 εἷς
615 2159 707 2212 τὸν
741 2157 866 2212 ναὸν
895 2162 1006 2213 τῶν
1039 2157 1307 2228 εἶδώλων,
1339 2160 1428 2216 καὶ
1454 2163 1607 2215 θῦσαι
1636 2161 1748 2235 ἅμα
1777 2167 1854 2234 τῷ
1875 2164 2018 2234 λαῷ,

354 2248 444 2301 καί
477 2252 545 2320 τῇ
580 2247 805 2322 γυναικὶ
835 2249 1026 2316 αὐτοῦ,
1059 2247 1150 2302 καὶ
1181 2253 1260 2319 τῷ
1281 2250 1399 2321 υἱῷ·
1432 2247 1764 2312 ἀπελθόντος
1826 2249 1880 2306 δὲ
1928 2251 2018 2306 καὶ

347 2338 793 2409 προσευξαμένου
823 2336 960 2410 πρὸς
990 2338 1079 2391 τὸν
1141 2339 1291 2405 Θεὸν,
1351 2337 1560 2413 ἐγένετο
1621 2341 1869 2414 σεισμὸς,
1929 2341 2019 2395 καὶ

345 2425 541 2480 ἔπεσον
576 2425 642 2479 στὶ
695 2422 922 2495 εἴδωλα,
983 2425 1071 2479 καὶ
1106 2427 1134 2479 ὁ
1165 2425 1318 2488 ναός·
1383 2427 1474 2482 καὶ
1535 2428 1870 2503 συνεκάλυψε
1927 2429 2018 2484 τὸν

346 2516 467 2569 υἱὸν
501 2519 600 2569 τοῦ
633 2513 926 2590 ἄρχοντος,
961 2515 1050 2569 καὶ
1081 2516 1180 2585 τήν
1220 2521 1467 2590 γυναῖκαο
1521 2518 1609 2570 καὶ
1661 2511 1833 2571 ἐϐόων
1884 2519 2024 2587 ζῶν-

345 2626 434 2666 τες
464 2604 708 2659 κάτωθεν
762 2607 845 2659 ὅτι
909 2606 1143 2679 Μὲγαςέ
1176 2605 1327 2666 Θεὸς.
1390 2605 1724 2677 Κορνηλίου“
1775 2609 2022 2681 παρεκά-

350 2692 476 2748 λεσε
508 2692 567 2747 δὲ
608 2693 770 2748 αὐτὸν
801 2695 829 2747 ὁ
861 2692 1074 2768 ἅρχων,
1137 2693 1229 2748 καὶ
1273 2695 1643 2769 προσηύξατο·
1704 2697 1796 2750 καὶ
1859 2695 2020 2767 ἐξῆλ-

357 2785 472 2840 θον,
511 2783 616 2838 Καὶ
651 2782 990 2851 ἐπίστευσαν,
1023 2783 1054 2836 ὅ
1081 2803 1139 2838 τε
1176 2780 1389 2858 ἅρχων,
1447 2785 1534 2838 καὶ
1571 2785 1605 2853 ἡ
1637 2787 1772 2860 γυνή
1830 2786 2022 2855 αὐτοῦ,

350 2875 444 2927 καὶ
487 2873 634 2940 υίὸς,
668 2873 759 2926 καὶ
794 2870 986 2949 ἄνδρες
1016 2873 1149 2942 ςοζ⁹.
1200 2873 1288 2928 καὶ
1344 2872 1517 2936 οὕτως
1574 2873 1626 2928 ἐν
1680 2877 1871 2951 ειρήνῃ
1919 2874 2026 2930 ἐτε-

352 2961 587 3031 λειὼθη.

849 3113 854 3119 -
939 3083 1024 3156 Τῇ
1066 3081 1206 3155 αὐτῇ
1245 3083 1429 3156 ἡμέρᾳ

355 3172 630 3243 ’Ἃθλησις
661 3175 762 3226 τοῦ
820 3172 982 3247 ἁγίου
1043 3172 1370 3259 μάρτυρος⁹
1401 3171 1681 3248 Δρτεμίου
1738 3178 1836 3230 τοῦ
1890 3187 2022 3240 θαυ-

1029 3264 1356 3318 ματουργου.

428 3362 728 3436 Ἀρτέμιος
769 3360 796 3414 ὁ
848 3357 1166 3424 πολύαθλος
1225 3361 1499 3436 ὑπῆρχεν,
1561 3361 1650 3417 ἐπὶ
1709 3369 1807 3433 τῆς
1869 3365 2026 3439 βασι·

359 3449 511 3512 λείας
546 3448 851 3505 Ἰουλιανοῦ
888 3453 987 3504 τοῦ
1048 3444 1390 3524 Παραϐἀτου,
1451 3447 1575 3523 δοὺξ
1620 3449 2028 3528 Ἀλεξανδρείας

356 3547 458 3608 τῆς
520 3539 827 3614 Αίγύπτοω
889 3537 942 3594 ἐν
995 3544 1115 3602 τοῖς
1169 3541 1481 3615 πατρικίοις
1541 3538 1844 3616 διαπρέψας
1921 3544 2030 3598 ἀπὸ

1684 3630 1915 3693 ἀκούσας
1973 3630 2031 3688 δὲ

377 3716 462 3771 δτι
493 3717 782 3778 Ἰουλιανὸς
812 3715 865 3772 ἐν
894 3718 1204 3793 Ἀντιοχείᾳ
1230 3723 1468 3792 τιμωρεῖ
1487 3719 1612 3782 τοὺς
1635 3719 2028 3794 Χριστιανοὺς.

376 3805 687 3880 παρεγένετο
717 3805 858 3879 πρὸς
918 3804 1102 3873 αὐτὸν,
1161 3805 1259 3874 τήν
1318 3805 1659 3879 παρανομίαν
1719 3806 1883 3862 αὐτοῦ
1942 3805 2029 3862 δι-

369 3892 945 3969 ελέγχων.Τύπτεται
987 3892 1078 3948 οὖν
1139 3893 1265 3969 παρ’
1324 3895 1491 3948 αὐτοῦ
1546 3894 1882 3970 βουνεύροιςο
1939 3895 2030 3950 καὶ

365 3978 658 4058 τριϐόλοις
693 3983 836 4054 ὀξέσι
866 3982 933 4037 τὰ
964 3981 1073 4056 ψύα
1103 3984 1294 4055 ξέεται⁶
1326 3983 1413 4038 καὶ
1449 3983 1691 4057 όγκίνοις
1717 3984 1813 4046 τὰς
1861 3985 2029 4040 πλευ-

362 4072 489 4145 ρὰς,
523 4071 711 4126 καὶτὰ
767 4070 1012 4148 βλέφαρα
1068 4076 1490 4126 κατακεντεῖται.
1548 4071 1650 4129 Καὶ
1713 4072 1816 4127 ὑπὸ
1875 4073 2028 4129 λιθο-

362 4162 503 4234 ξόων
567 4162 766 4237 πέτρας
825 4159 1201 4232 διακοπείσης,
1265 4155 1427 4234 μέσον
1501 4157 1862 4235 ἐμϐάλλεται.
1926 4163 2028 4220 Καὶ

358 4252 469 4306 τῶν
536 4248 633 4305 δῦο
697 4255 876 4326 μερῶν
933 4251 1441 4326 συναρμοσθέντων,
1501 4253 1895 4328 συγκρατηθείς
1945 4251 2026 4308 ἔν-

362 4337 482 4407 δον,
542 4341 643 4406 τὴν
704 4339 978 4417 ἀφόρητον
1041 4339 1242 4408 ὑπέστη
1302 4339 1591 4414 τιμωρίαν·
1654 4337 2027 4412 ἐκϐληθέντων

361 4430 532 4485 αὖτοῦ
565 4433 672 4483 τῶν
712 4428 1038 4503 ὀφθαλμῶν,
1064 4429 1155 4482 καὶ
1186 4432 1294 4483 τῶν
1327 4427 1553 4504 ἐντέρων
1605 4431 1753 4485 κάτω
1801 4427 2030 4487 συνελα-

370 3628 774 3685 Κωνσταντίνου
829 3631 928 3683 τοῦ
987 3627 1244 3704 Μεγάλου
1305 3629 1599 3704 βασιλέως·

357 4520 587 4576 θέντων.
623 4516 773 4574 Ἐπεὶ
804 4515 880 4587 δὲ,
919 4518 1051 4591 μετᾶ
1079 4517 1344 4582 τοσαύτας
1388 4518 1678 4594 τιμωρίας,
1739 4518 1836 4575 οὐκ
1883 4520 2024 4576 ἐπεί-

2117 598 2381 672 Cumque
2411 604 2537 660 haec
2565 607 2691 661 Joel
2721 609 3156 679 prophetasset,
3185 610 3247 665 in
3284 627 3426 682 pace
3460 610 3768 667 obdormi-

2114 688 2216 757 vit,
2251 693 2636 767 sepultusque
2669 701 2756 753 est
2788 697 2847 752 in
2876 703 3032 753 terra
3059 715 3184 754 sua.

2667 994 2909 1050 EODEM
2947 996 3198 1052 MENSE.

2739 1086 2818 1140 De
2849 1085 3129 1140 vicesima

2187 1195 2339 1250 I29
2375 1196 2827 1255 Commemoratio
2856 1204 3033 1256 sancti
3064 1202 3305 1256 Cornelii
3334 1207 3690 1259 centurionis.

2186 1284 2496 1340 Cornelius
2527 1289 2796 1343 centurio
2829 1307 2898 1344 ex
2927 1293 3196 1346 Caesarea
3253 1292 3585 1347 Palaestinae
3629 1294 3762 1361 fuit,

2115 1377 2356 1428 centum
2389 1375 2647 1431 militum
2681 1378 2981 1450 princeps,
3018 1381 3387 1450 temporibus
3420 1387 3764 1437 sanctorum

2113 1463 2559 1532 apostolorum:
2595 1467 2696 1537 qui
2755 1468 3022 1523 omnium
3073 1469 3385 1540 gentilium
3425 1471 3656 1541 primus
3704 1472 3767 1527 in

2112 1550 2410 1607 Christum
2443 1555 2715 1611 credidit.
2750 1558 2904 1611 Deus
2929 1559 3088 1612 enim
3110 1558 3314 1613 videns
3333 1559 3767 1632 eleemosynas,

2113 1657 2260 1711 quas
2282 1645 2645 1715 pauperibus
2666 1645 2940 1714 faciebat,
2965 1655 3273 1719 acceptum
3298 1665 3431 1703 eum
3451 1649 3676 1716 habuit,
3712 1655 3772 1706 et

2111 1744 2218 1798 per
2238 1731 2515 1802 angelum
2537 1734 2862 1801 monuit,ut
2884 1740 3132 1789 asancto
3158 1738 3330 1792 Petro
3345 1737 3765 1809 baptizaretur.

2113 1817 2333 1873 Deinde
2364 1821 2677 1892 episcopus
2701 1823 3042 1878 Scamandri
3075 1825 3404 1894 ordinatus,
3429 1844 3562 1881 cum
3587 1827 3766 1882 {idem

350 1906 502 1978 ξρου.
569 1891 710 1946 Εἶτα
766 1894 1163 1964 χειροτονεῖται
1241 1889 1532 1955 ἐπίσκοπος
1621 1890 2003 1967 Σκαμάνδρου.

2400 1873 2422 1891 ιγ
2444 1873 2484 1875 η
2503 1873 2517 1875 _
2539 1873 2547 1875 _
2566 1873 2593 1892 τ
2616 1873 2672 1877 __
2703 1873 3042 1878 ﬁmum“-
3081 1873 3130 1877 -_
3150 1873 3404 1894 __--_-_v,

2136 1906 2337 1964 3hristi
2373 1910 2810 1977 disseminaret,
2868 1916 3336 1985 comprehensus
3383 1931 3415 1970 a
3465 1917 3765 1972 Dometrio

2123 1998 2868 2072 prmside,compulsusque
2887 2003 3180 2058 idolorum
3211 2004 3498 2075 templum
3517 2007 3770 2076 ingredi,

2126 2088 2288 2158 atqui
2313 2088 2392 2142 ibi
2421 2106 2540 2143 una
2562 2107 2696 2145 cum
2724 2091 2962 2162 populo,
2996 2099 3054 2146 et
3080 2110 3284 2160 uxore,
3310 2099 3366 2147 et
3400 2094 3521 2148 filio
3558 2095 3772 2149 immo-

2126 2176 2272 2244 lare,
2310 2179 2496 2232 oravit
2525 2179 2598 2233 ad
2631 2181 2836 2234 Deum.
2873 2183 2942 2235 Et
2972 2183 3169 2236 statim
3202 2182 3356 2236 facto
3382 2189 3553 2237 terra:
3586 2190 3774 2255 motu,

2126 2265 2509 2338 collapsoque
2541 2285 2675 2322 cum
2711 2269 2886 2323 idolis
2919 2270 3163 2341 templo,
3190 2288 3340 2325 uxor
3369 2277 3427 2325 et
3450 2272 3608 2326 ﬁlius
3631 2291 3780 2344 prae-

2131 2355 2273 2409 sidis
2296 2355 2492 2410 obruti
2513 2356 2757 2412 fuerunt
2783 2375 2795 2412 :
2831 2358 3046 2428 quibus
3072 2367 3179 2414 sub
3199 2360 3375 2415 ruina
3406 2361 3782 2416 vociferanti-

2126 2443 2258 2513 bus,
2276 2451 2334 2499 et
2353 2462 2634 2517 magnum
2659 2463 2788 2501 esse
2809 2448 3065 2502 Cornelii
3086 2449 3269 2504 Deum
3295 2449 3782 2518 inclamantibus,

2129 2541 2368 2607 rogatus
2401 2553 2434 2591 a
2465 2537 2716 2607 praaside
2748 2539 3075 2602 Cornelius,
3099 2540 3428 2610 precibusa
3450 2543 3567 2596 Deo
3594 2543 3782 2613 impe-

2131 2626 2323 2692 travit,
2358 2632 2424 2680 ut
2454 2627 2590 2682 inde
2624 2628 2957 2683 incolumes
3007 2630 3343 2684 evaderent.
3391 2632 3788 2695 Quamobrem

2131 2715 2468 2769 Demetrius
2499 2733 2633 2770 cum
2667 2733 2869 2785 uxore,
2905 2723 2963 2771 et
3012 2718 3158 2786 ﬁlio,
3219 2724 3276 2774 et
3322 2721 3458 2774 aliis
3516 2721 3789 2775 ducentis

2131 2805 2504 2875 septuaginta
2532 2811 2757 2876 septem
2790 2807 2851 2860 in
2883 2807 3178 2862 Christum
3201 2809 3472 2864 credidit.
3500 2811 3630 2880 Ipse
3653 2827 3788 2866 vero

2133 2893 2442 2948 Cornelius
2473 2894 2534 2948 in
2568 2911 2712 2966 pace
2745 2895 2984 2968 quievit.

2784 3102 3007 3160 Eodem
3039 3103 3136 3158 die

2136 3189 2295 3245 130
2345 3190 2632 3248 Certamen
2689 3191 2870 3247 sancti
2924 3195 3190 3263 martyris
3243 3193 3483 3250 Artemii
3539 3195 3793 3252 thauma-

2879 3267 3050 3336 turgt.

2215 3353 2516 3408 Artemius
2548 3353 2754 3408 multis
2802 3355 3231 3411 certaminibus
3289 3355 3506 3424 clarus,
3559 3357 3795 3414 Juliano

2138 3444 2424 3514 Apostata
2444 3444 2799 3515 imperante,
2825 3443 2942 3500 dux
2967 3445 3338 3501 Alexandriae
3361 3447 3610 3519 Egypti,
3647 3451 3704 3502 et
3733 3449 3798 3503 in

2138 3535 2524 3606 patriciorum
2555 3549 2873 3589 numerum
2906 3535 3346 3591 aConstantino
3368 3539 3574 3609 Magno
3599 3540 3792 3611 impe-

2139 3628 2336 3679 ratore
2395 3623 2714 3694 ascriptus,
2791 3625 3027 3696 cognita
3109 3625 3325 3680 Juliani
3414 3627 3794 3697 crudelitate,

2140 3729 2318 3784 quam
2350 3713 2410 3767 in
2459 3713 2826 3768 Christianos
2885 3713 3212 3770 Antiochia;
3274 3716 3606 3785 exercebat,
3659 3735 3794 3774 eum

2140 3803 2324 3860 adiit:
2357 3807 2416 3858 et
2443 3802 2749 3874 impietate
2783 3803 2910 3875 ejus
2941 3804 3271 3876 objurgata,
3305 3806 3502 3861 nervis
3551 3806 3795 3864 bubulis

2140 3892 2388 3947 caaditur
2412 3907 2424 3946 :
2445 3897 2570 3947 tum
2601 3891 2822 3947 lumbis
2841 3892 3002 3946 illius
3029 3895 3216 3948 acutis
3243 3894 3790 3965 tribulislaceratis,

2139 3981 2544 4052 lateribusque
2578 3997 2644 4035 ac
2675 3982 2978 4053 palpebris
3008 3983 3178 4038 uncis
3210 3983 3548 4052 lancinatis,
3593 3986 3789 4041 medio

2141 4087 2280 4126 saxo
2312 4087 2346 4125 a
2373 4070 2630 4142 lapicida
2660 4070 2917 4125 dissecto
2949 4072 3294 4126 includitur.
3342 4073 3570 4129 Deinde
3621 4092 3792 4148 coag-

2140 4160 2421 4216 mentatis
2448 4161 2661 4215 iterum
2695 4161 2962 4231 partibus
2982 4163 3795 4233 compressus,intolerabiles

2141 4249 2520 4307 exilientibus
2551 4249 2762 4316 oculis,
2788 4250 3141 4320 diiiusisque
3164 4251 3464 4306 intestinis
3495 4254 3794 4309 cruciatus

2138 4339 2387 4412 pertulit
2411 4355 2423 4391 :
2453 4338 2552 4408 qui
2578 4354 2713 4392 cum
2746 4353 2780 4392 a
2802 4339 3108 4409 proposito
3123 4338 3369 4408 pietatis
3391 4340 3587 4396 studio
3600 4343 3792 4398 verbis

2139 4428 2375 4501 tyranni
2407 4426 2619 4482 deduci
2651 4443 2770 4480 non
2795 4431 3015 4497 posset,
3040 4426 3236 4498 gladio
3257 4428 3585 4483 trucidatus
3610 4431 3792 4487 ﬁnem

2138 4519 2387 4590 accepit.
2413 4519 2554 4588 Ejus
2576 4517 2846 4587 reliquie:
2865 4517 3443 4588 Constantinopolim
3464 4519 3786 4589 translatae,

359 4620 465 4678 σθη
493 4613 616 4670 τοῖς
644 4605 833 4682 λόγοις
870 4611 966 4662 τοῦ
1021 4608 1308 4682 τυράννου,
1359 4609 1460 4676 τήν
1504 4605 1594 4664 διὰ
1641 4609 1826 4687 ξίφους
1873 4607 2020 4686 δέχε-

2142 4610 2343 4680 ibique
2374 4606 2679 4678 depositaa,
2712 4605 3029 4660 sanitatem
3061 4605 3166 4675 eis,
3215 4605 3317 4677 qui
3365 4623 3502 4662 cum
3552 4608 3667 4666 ﬁde
3717 4611 3790 4666 ad

353 4719 448 4753 ται
479 4697 766 4766 τελευτήν.
798 4697 872 4752 Τὸ
911 4692 969 4750 δὲ
1022 4697 1176 4771 ἅγιον
1232 4695 1398 4750 αὐτοῦ
1455 4694 1708 4771 λείψανον
1771 4699 2023 4772 ἀνεκομί-

360 4800 465 4858 σθη
525 4786 579 4842 ἐν
643 4785 1231 4854 Κωνσταντινουπόλει,
1290 4785 1534 4862 παρέχον
1621 4786 1828 4862 ἱάματα
1905 4794 2022 4851 τοῖς

361 4880 576 4938 πιστῶς
611 4875 762 4946 αὐτῷ
791 4876 1287 4951 προσερχομένοις.

914 4966 1096 5022 mum
1135 4966 1227 5042 Τῼ
1267 4967 1467 5044 me.

2136 4700 2332 4770 ipsum
2360 4695 2672 4765 accedunt,
2704 4695 3048 4750 restituunt.

2691 4964 2930 5018 EODEM
2973 4964 3118 5019 MEN
3125 4963 3228 5021 SE.

1127 5054 1254 5110 KA’.
2641 5055 2742 5109 Die
2777 5054 3058 5110 vicesima
3095 5056 3292 5127 prima

354 5145 630 5215 ’Δθλησις
681 5147 791 5199 τῶν
849 5142 1023 5218 ἁγίων
1058 5141 1374 5269 Ζμαρτύρων
1431 5143 1650 5215 Δασίου,
1713 5150 1878 5200 Γαῖου
1934 5147 2020 5201 καῖ

1099 5235 1322 5271 ωτικου.

2145 5148 2286 5204 181
2327 5145 2613 5202 Certamen
2641 5150 3300 5270 sanctonémrmartyrum
3345 5150 3520 5218 Dasii,
3575 5151 3702 5207 Gaii
3747 5158 3800 5206 et

2907 5232 2939 5269 ο
2969 5233 3060 5271 ισι.

1183 5235 1322 5274 ικου.
2870 5235 3060 5271 ιοιισι.

2211 5335 2304 5390 Illi
2330 5335 2517 5391 sancti
2541 5339 2833 5406 martyres
2865 5332 2926 5388 in
2957 5333 3105 5388 urbe
3135 5336 3479 5392 Nicomedia
3505 5336 3796 5396 claruere.

2140 5428 2284 5482 Cum
2305 5431 2499 5480 autem
2527 5424 2801 5496 publicus
2824 5422 3116 5478 idolorum
3143 5424 3328 5479 festus
3352 5425 3479 5480 dies
3501 5431 3794 5497 ageretur,

2142 5516 2398 5571 ﬁdenter
2417 5515 2633 5586 pieque
2656 5529 2883 5583 ea,quee
2903 5529 3083 5583 super
3095 5513 3382 5568 altaribus
3394 5515 3586 5584 posita
3600 5522 3788 5586 erant,

2140 5610 2494 5672 evertentes,
2519 5621 2553 5660 a
2570 5603 2768 5658 stultis
2791 5600 3132 5656 infidelibus
3148 5602 3328 5673 impie
3349 5602 3560 5656 fecisse
3582 5606 3784 5662 existi-

2141 5696 2286 5752 mati
2318 5699 2477 5752 sunt.
2510 5696 2700 5762 Quare
2730 5690 2966 5764 injectis
2995 5689 3220 5746 catenis
3251 5690 3324 5746 ad
3376 5691 3642 5764 judicem
3688 5715 3781 5755 ra.

430 5333 595 5393 Οὗτοι
627 5335 679 5390 οἱ
723 5335 876 5409 ἅγιοι
941 5333 1208 5406 μάρτυρες
1271 5334 1523 5409 ὑπῆρχον
1585 5333 1638 5388 ἐν
1684 5331 2030 5408 Νικομηδείᾳ

355 5426 427 5496 τῇ
454 5425 634 5481 πόλει.
670 5421 1036 5498 Δημοτελοῦς
1069 5419 1128 5475 δέ
1181 5427 1298 5484 τοῖς
1351 5420 1606 5485 εἰδώλοις
1647 5424 1842 5500 ἑορτῆς
1873 5444 2026 5498 γενο-

367 5517 529 5588 μένης
585 5513 1134 5593 παῤῥησιασάμενοι,
1191 5513 1258 5565 τὰ
1315 5509 1404 5566 ἐπὶ
1468 5517 1576 5567 τῶν
1658 5513 1862 5588 βωμῶν
1922 5513 2028 5567 κεί-

369 5626 493 5677 μενα
547 5607 944 5679 κατέστρεψαν·
1009 5599 1098 5653 καὶ
1179 5594 1583 5671 εὖσεϐἤσαντες,
1663 5602 1738 5666 ὡς
1816 5597 2027 5665 ἀσεϐεῖς

361 5694 498 5772 παρᾶ
523 5700 632 5752 τῶν
672 5693 936 5772 ἀφρόνων
983 5682 1190 5742 ἀσεϐῶν
1247 5686 1632 5764 ἐλογίσθησαν.
1678 5692 1844 5749 Ὅταν
1895 5710 2028 5766 κρα-
