4142 6432
384 322 500 385 ll!

1703 322 2134 384 MENOLOGII
2174 322 2383 386 PARS
2427 326 2477 387 Ι.

3683 323 3805 385 120

381 455 665 527 piuntur:
699 470 734 512 a
763 471 880 527 quo
907 471 1280 528 quacunque
1311 456 1631 526 excogitari
1661 462 1906 529 potuere
1922 462 2034 513 tor-

2152 458 2401 525 τηθέντες
2472 459 2815 532 παρέστησαν
2890 461 2970 529 τῷ
3045 455 3343 526 δικάζοντι.
3398 457 3460 514 Ὁ
3518 452 3576 511 δὲ
3628 459 3804 510 πᾶσαν

382 551 606 607 menta,
631 546 855 617 experti
879 551 1036 612 sunt,
1057 545 1377 601 durissima
1394 546 1662 615 verbera,
1687 546 2036 617 equuleum,

383 635 611 708 plagas,
646 635 902 690 dissecta
943 635 1193 708 ﬂagellis
1252 636 1458 699 latera,
1515 652 1725 691 carnes
1782 636 2039 691 cilicinis

384 725 601 796 pannis
632 725 904 780 laniatas.
937 726 1075 790 Quas
1105 725 1307 779 omnia
1331 741 1465 779 cum
1489 741 1611 780 non
1636 724 1830 780 solum
1856 724 2041 797 negli-

383 818 623 887 gereut;
658 813 762 868 sed
795 813 974 868 etiam
1032 812 1333 869 idolorum
1382 813 1702 869 vanitatem
1752 813 2037 887 objurga-

385 907 543 973 rent,
581 906 639 958 et
669 918 883 974 magna
911 918 1051 957 voce
1082 902 1384 957 Christum
1411 902 1605 958 solum
1627 919 1829 959 verum
1853 904 2038 958 Deum

386 1006 516 1047 esse
548 996 930 1060 testarentur,
964 990 1122 1047 saxis
1151 990 1223 1047 de
1250 990 1405 1047 collo
1447 992 1750 1064 appensis,
1784 994 1846 1047 in
1902 1010 2036 1065 gur-

384 1081 564 1153 gitem
594 1080 823 1152 injecti,
859 1080 1089 1153 sagittis
1115 1080 1376 1136 confossi
1411 1086 1592 1137 sunt:
1639 1081 1840 1153 ibique
1889 1099 2042 1137 mar-

384 1168 521 1240 tyrii
553 1170 736 1226 tinem
766 1171 1095 1236 consecuti,
1127 1171 1347 1243 gratias
1377 1171 1609 1226 Christo
1638 1171 1761 1244 regi
1794 1171 2038 1226 smculo-

385 1275 518 1316 rum
549 1276 738 1331 usque
769 1260 844 1315 ad
874 1265 1128 1316 mortem
1158 1260 1436 1333 agebant,
1471 1260 1630 1332 quod
1657 1261 1820 1334 digni
1862 1260 1936 1317 ab
1971 1277 2040 1316 eo

384 1350 570 1406 habiti
607 1358 829 1421 essent,
860 1369 967 1424 pro
999 1353 1128 1425 ipso
1159 1358 1415 1408 mortem
1447 1357 1752 1424 oppetere.

2147 550 2336 620 πεῖραν
2369 547 2559 611 αὐτοῖς
2611 549 2856 623 βασάνων
2913 549 3251 622 προσήγαγε·
3304 546 3394 601 καὶ
3455 546 3560 620 γάρ
3618 539 3807 618 ἔτυψεν

2149 633 2347 697 αὐτοὺς
2377 635 2646 707 ἀνηλεῶς·
2681 637 2772 692 καὶ
2812 636 2899 692 ἐπὶ
2952 636 3128 707 ξύλων
3180 635 3466 710 ἐκρέμασε·
3516 634 3607 689 καὶ
3658 642 3809 705 πλη-

2147 724 2248 799 γὰς
2280 723 2584 797 ἐνεποίησε·
2620 727 2710 781 καὶ
2751 727 2849 791 τὰς
2904 725 3146 803 πλευράς
3205 725 3380 780 αὐτῶν
3438 729 3561 788 ταῖς
3617 728 3813 798 μάστι-ο

2150 813 2198 883 ξι
2256 810 2523 890 διέρρηξε·
2584 817 2674 871 καί
2730 815 3016 892 τρυχίνοις
3102 815 3375 891 ὑφάσμασι
3459 814 3555 875 τάς
3612 812 3814 887 σάρκας

2148 903 2329 958 αὐτῶν
2380 904 2647 975 κατέξανε·
2738 905 2829 960 καὶ
2914 904 3029 960 ἐπεὶ
3112 903 3257 977 ἑώρα
3339 907 3810 980 καταφρονοῦντας

2154 992 2248 1064 μὲν
2280 997 2387 1047 τῶν
2425 994 2694 1069 βασάνων,
2730 990 3064 1071 ἐλέγχοντας
3120 989 3179 1047 δὲ
3232 993 3331 1062 την
3393 995 3501 1046 τῶν
3561 988 3809 1046 εἰδώλων

2155 1083 2510 1154 ματαιότητα·
2578 1082 2792 1159 μεγάλῃ
2850 1080 2908 1138 δὶ
2952 1087 3023 1156 τῇ
3084 1080 3239 1159 φωνῇ
3323 1079 3652 1156 κρύττοντας
3715 1078 3811 1134 τὸν

2150 1171 2389 1246 Χριστὸν
2423 1172 2551 1227 Θεὸν
2588 1173 2751 1245 μόνον
2785 1173 2920 1227 εἶναι
2951 1170 3238 1241 ἀληθινὸν,
3293 1167 3481 1233 λιθους
3537 1165 3814 1243 μεγάλους

2152 1265 2275 1322 τοῖς
2302 1260 2615 1335 τραχήλοις
2672 1261 2847 1318 αὐτῶν
2888 1261 3153 1335 περιθεὶς,
3203 1257 3282 1323 εἰς
3322 1260 3418 1314 τὸν
3470 1259 3630 1335 βυθὸν
3679 1278 3813 1313 κατ-

2152 1352 2453 1421 ηκόντισεν·
2514 1350 2640 1407 ἔνθα
2694 1353 2787 1408 καὶ
2843 1352 2907 1408 τὸ
2972 1350 3132 1413 τέλος
3187 1356 3286 1420 τῆς
3345 1348 3644 1425 μαρτυρίας
3702 1345 3819 1403 ἐδέ-

388 1438 566 1510 ξαντο·
600 1438 1050 1514 εὐχαριστοῦντες
1090 1441 1309 1514 Χριστῷ
1363 1444 1443 1512 τῷ
1507 1438 1724 1514 βασιλεῖ
1776 1442 1886 1494 τῶν
1946 1437 2161 1494 αἰώνων
2225 1441 2392 1517 μέχρι
2451 1442 2704 1511 θανάτου,
2760 1440 2843 1497 ὅτι
2899 1439 3211 1511 ἠξιώθησαν
3269 1439 3400 1515 ὑπὲρ
3450 1436 3613 1493 αὐτοῦ
3671 1436 3814 1491 ἀπο-

385 1531 584 1592 θανεῖν.

1037 1719 1259 1776 Eodem
1290 1719 1384 1775 die

390 1810 544 1867 182
575 1813 1033 1867 Commemoratio
1078 1813 1258 1866 sancti
1291 1810 1474 1866 Patris
1501 1812 1678 1867 nostri
1706 1809 2039 1875 Hilarionis,

806 1884 1121 1954 presbyteri
1150 1888 1204 1937 et
1236 1882 1610 1939 anachoreta.

459 2087 709 2144 Sanctus
738 2087 1003 2143 Hilarion
1035 2088 1196 2143 Gazae
1254 2086 1586 2143 Palaestina)
1638 2092 1837 2156 natus,
1886 2088 2040 2142 Con-

387 2178 650 2234 stantino
684 2180 889 2251 Magno
919 2178 1279 2249 imperatore
1336 2177 1570 2233 claruit.
1619 2175 2037 2232 Alexandriam

385 2275 585 2326 autem
610 2271 839 2343 Egypti
871 2269 1205 2325 studiorum
1245 2285 1425 2324 causa
1449 2269 1771 2341 profectus,
1798 2269 1901 2323 Dei
1932 2269 2037 2324 be-

383 2359 599 2415 neﬂcio
633 2359 749 2415 duo
781 2364 1135 2414 consecutus
1194 2363 1303 2425 est,
1345 2362 1411 2412 ut
1454 2362 1513 2412 et
1567 2357 1820 2422 litteras,
1870 2362 1929 2412 et
1967 2374 2037 2414 ea

385 2450 587 2516 etiam,
620 2465 750 2520 quas
772 2448 1076 2504 adChristi
1109 2448 1288 2505 ﬁdem
1321 2453 1614 2521 spectant,
1648 2447 2032 2520 perdisceret.

383 2539 574 2605 Quare
596 2538 946 2610 baptizatus,
978 2539 1213 2611 cognita
1242 2538 1487 2594 Antonii
1510 2538 1699 2610 Magni
1719 2537 2037 2609 disciplina

384 2645 453 2684 ac
482 2628 883 2693 institutione,
938 2626 1113 2682 illum
1171 2627 1336 2694 adiit,
1398 2629 1647 2699 ejusque
1705 2625 2035 2697 discipulus

384 2720 600 2785 factus,
634 2716 866 2772 virtutis
899 2732 1079 2787 opera
1109 2734 1215 2789 per
1238 2716 1467 2788 aliquot
1486 2732 1676 2771 annos
1697 2715 1769 2770 ab
1789 2731 1857 2770 eo
1880 2714 2033 2770 didi-

387 2809 490 2864 cit.
520 2808 651 2862 Mox
668 2807 730 2861 in
752 2805 1005 2877 patriam
1032 2822 1324 2873 reversus,
1348 2822 1484 2861 cum
1528 2809 1805 2877 parentes
1847 2804 1975 2877 jam
2002 2820 2033 2859 e

389 2898 504 2953 vita
520 2896 955 2962 discessissent,
968 2894 1280 2950 facultates
1302 2910 1439 2950 suas
1451 2910 1659 2950 omnes
1672 2892 2035 2965 pauperibus

390 2984 731 3041 distribuit:
766 2987 1122 3055 sumptoque
1153 2982 1348 3038 cilicio
1380 2987 1438 3037 et
1468 2982 1708 3049 melote,
1768 2997 2034 3036 eremum

388 3075 580 3147 petiit,
611 3073 713 3129 ubi
746 3072 1077 3129 solitariam
1117 3072 1297 3127 vitam
1354 3087 1557 3144 agens,
1607 3070 2035 3126 miraculorum

385 3165 634 3238 gratiam
660 3163 909 3236 accepit.
964 3162 1179 3218 Volens
1225 3165 1425 3217 autem
1481 3159 1793 3216 hominum
1851 3161 2036 3216 vitare

2748 1724 2832 1795 Τῇ
2862 1720 2999 1794 αὖτῇ
3031 1719 3216 1793 ἡμέρᾳ

2154 1807 2379 1892 Μνηὲμη,
2425 1813 2523 1863 τοῦ
2576 1808 2746 1892 ὁσίου.
2786 1809 3008 1892 [ἰατρὸς.
3046 1810 3208 1892 ἡμῶν
3284 1803 3623 1892 Ἱλαρίωνοξ,
3686 1824 3823 1892 ςπρε-

2072 1882 2119 1948 Β
2226 1874 2488 1955 οϐὐτὲρου
2548 1881 2852 1955 γενομένου
2904 1874 3011 1935 ’καὶ
3071 1874 3468 1953 ηάναχωρητοῦ
3520 1881 3624 1945 τῆς
3681 1874 3814 1951 έρή-

2227 1973 2354 2028 μου.

2218 2088 2279 2143 Ὀ
2339 2086 2489 2149 ὅσιος
2551 2088 2804 2163 ἸΛαρίων
2865 2086 3111 2161 ὑπῆρχεν
3181 2083 3270 2140 ἐπὶ
3344 2090 3444 2153 τῆς
3522 2079 3809 2159 βασιλείας

2144 2174 2549 2232 Κωνσταντίνου
2594 2180 2692 2231 τοῦ
2750 2174 3029 2251 Μεγάλου,
3089 2174 3150 2230 έκ
3204 2180 3306 2243 τῆς
3359 2171 3577 2236 πόλεως
3626 2170 3811 2240 Γάζης

2143 2268 2242 2335 τῆς
2302 2264 2693 2334 Παλαιστίνης·
2756 2264 3018 2338 ἐπιθυμίᾳ
3079 2260 3137 2319 δὲ
3191 2266 3288 2318 τοῦ
3359 2266 3549 2336 μαθεῖν
3624 2258 3810 2335 γράμ-

2149 2375 2310 2429 ματα,
2344 2356 2670 2430 παρεγένετο
2732 2353 2811 2417 εἰς
2870 2350 3281 2426 Ἀλεξάνδρειαν
3337 2357 3438 2421 τῆς
3498 2348 3813 2425 Αἰγύπτου.

2146 2446 2249 2501 Καὶ
2280 2444 2348 2519 τῇ
2378 2448 2476 2499 τοῦ
2503 2450 2638 2500 Θεοῦ
2686 2445 2875 2519 χάριτι
2918 2442 3244 2521 ἀμφοτέρων
3301 2435 3466 2496 ἔλαϐε
3511 2439 3611 2508 τήν
3661 2440 3816 2511 γνῶ-

2144 2555 2250 2604 σιν,
2281 2539 2390 2588 τῶν
2420 2554 2480 2588 τε
2526 2533 2888 2607 γραμμάτων,
2948 2530 3039 2586 καὶ
3096 2535 3205 2585 τῶν
3267 2529 3342 2592 εἷς
3402 2528 3500 2596 τὴν
3570 2528 3816 2602 Χριστοῦ

2143 2624 2326 2679 πίστιν
2382 2621 2756 2696 ἁρμοζόντων.
2820 2622 2953 2677 Εἶτα
3011 2615 3332 2689 ἐϐαπτίσθη.
3394 2616 3497 2675 Καὶ
3575 2616 3814 2677 ἀκούσας

2142 2712 2398 2787 περὶτῆς
2429 2710 2716 2773 πολιτείας
2768 2714 2865 2766 τοῦ
2920 2709 3182 2785 Μεγάλου
3240 2706 3540 2779 Δντωνίου,
3592 2702 3814 2774 ἀπῆλθε

2144 2802 2281 2875 πρὸς
2312 2801 2495 2871 αὐτὸν,
2527 2800 2617 2856 καὶ
2685 2799 2905 2876 γέγονεν
2957 2799 3123 2854 αὐτοῦ
3181 2798 3454 2872 μαθητὴς,
3517 2796 3807 2869 μανθάνων

2145 2891 2232 2947 έπί
2263 2912 2385 2946 τινα
2414 2890 2613 2967 χρόνον
2644 2891 2712 2945 τὰ
2763 2892 2864 2955 τῆς
2916 2888 3113 2958 ἀρετῆς
3161 2885 3308 2963 ἔργα·
3371 2885 3712 2960 ὑποστρέψας
3745 2880 3808 2938 δὲ

2145 2980 2196 3036 ἐν
2326 2978 2571 3055 πατρίδι,
2600 2980 2690 3034 καὶ
2737 2977 2866 3040 τοὺς
2922 2982 3105 3053 γονεῖς
3162 2977 3332 3032 αὐτοῦ
3389 2974 3560 3049 εὑρὼν
3613 2972 3808 3028 τελευ-

2140 3074 2429 3144 τήσαντας,
2485 3071 2576 3125 τὸν
2634 3067 2876 3125 πλοῦτον
2932 3066 3099 3122 αὐτοῦ
3156 3068 3333 3122 πάντα
3404 3061 3633 3120 διέδωκε
3684 3067 3808 3126 τοῖς

2143 3166 2416 3237 πτωχοῖς·
2447 3159 2539 3216 καὶ
2588 3161 2819 3236 φορέσας
2861 3150 3081 3233 ἱμάτιον
3140 3155 3423 3232 τρύχινον,
3474 3153 3567 3210 καὶ
3627 3150 3812 3227 δέρμα

384 3254 805 3326 frequentiam,
839 3252 912 3307 ob
946 3251 1165 3323 quietis
1187 3267 1452 3307 amorem
1470 3250 1647 3307 modo
1670 3251 1829 3305 hunc
1853 3250 2030 3305 modo

2152 3246 2445 3326 προϐάτου,
2526 3242 2934 3321 καταλαμϐάνει
2993 3247 3096 3316 τήν
3154 3244 3385 3321 ἔρημον.
3463 3242 3562 3298 Καὶ
3618 3241 3812 3304 καλῶς

384 3344 555 3399 illum
588 3344 789 3399 locum
818 3356 977 3413 saepe
1005 3338 1294 3397 mutabat.
1321 3340 1586 3412 Cumque
1609 3339 1908 3413 octoginta
1929 3357 2033 3395 an-

383 3450 494 3488 nos
525 3431 787 3496 vixisset,
840 3445 1094 3501 quorum
1153 3429 1532 3501 septuaginta
1582 3429 1644 3483 in
1701 3429 2037 3485 monastica

384 3519 705 3591 disciplina
739 3522 1034 3591 exegerat,
1068 3517 1342 3591 migravit
1370 3517 1445 3573 ad
1476 3517 1817 3573 Dominum.

961 3814 1206 3869 EODEM
1244 3812 1477 3866 MENSE

861 3966 964 4021 Die
993 3964 1273 4020 vicesima
1302 3964 1563 4020 secunda

398 4084 542 4138 I38
589 4082 1043 4137 Commemoratzo
1072 4083 1246 4136 sancti
1296 4088 1351 4136 et
1394 4082 1763 4152 apostolorum
1804 4084 2038 4153 wqualis

563 4155 745 4209 Patris
773 4156 947 4209 nostri
978 4154 1220 4221 Abercii,
1253 4155 1494 4224 episeoPi
1521 4153 1847 4224 Hierapolis.

460 4298 708 4353 Sanctus
731 4297 903 4353 Pater
930 4302 1134 4353 noster
1160 4296 1447 4353 Abercius
1468 4299 1657 4353 Marco
1680 4297 2037 4371 imperatore

391 4388 613 4455 ﬂoruit,
684 4386 999 4459 episcopus
1056 4386 1388 4458 Hierapolis
1418 4404 1452 4442 a
1484 4388 1705 4443 sanctis
1752 4388 2039 4459 apostolis

386 4478 721 4541 ordinatus,
781 4475 1209 4532 celeberrimus
1265 4476 1693 4533 miraculorum
1752 4481 2036 4548 patrator.

390 4570 536 4624 Cum
557 4566 735 4621 vellet
764 4570 963 4621 autem
995 4564 1230 4621 daemon
1262 4583 1399 4621 eum
1440 4572 1689 4633 tentare,
1737 4567 2039 4639 ingressus

2149 3340 2413 3414 μονάσας,
2471 3335 2684 3411 ἐδέξατο
2738 3339 2905 3413 χάριν
2965 3337 3276 3410 θαυμάτων·
3338 3335 3513 3399 θέΛων
3573 3329 3631 3388 δέ
3687 3331 3817 3409 φεύ-

2146 3450 2262 3506 γειν
2318 3427 2447 3490 τοὺς
2513 3428 2838 3503 ἀνθρώπους
2893 3424 2984 3481 διὰ
3032 3427 3135 3495 τήν
3193 3424 3454 3499 ἡσυχίαν,
3520 3422 3812 3496 ἀπήρχετο

2147 3520 2254 3575 απὸ
2309 3518 2482 3573 τόπου
2534 3516 2612 3581 εἰς
2684 3518 2850 3572 τόπον
2929 3515 3281 3591 συχνότερον.
3364 3515 3539 3585 Ζήσας
3597 3510 3655 3567 δέ
3710 3507 3810 3581 ἔτη

2149 3607 2509 3685 ὀγδοήκοντα,
2539 3606 2632 3662 καὶ
2662 3606 2965 3682 πληρώσας
3016 3604 3069 3660 ἂν
3117 3608 3187 3679 τῇ
3242 3600 3511 3677 μοναδικῇ
3557 3599 3817 3672 πολιτείᾳ

2148 3699 2241 3772 ἔτη
2274 3695 2676 3774 ἑϐδομήκοντα,
2708 3698 2844 3771 πρὸς
2876 3696 3073 3768 Κύριον
3105 3693 3256 3767 έξιδή
3267 3714 3458 3769 μησεν.

2693 3823 2876 3880 MHNI
2918 3824 3010 3900 Tn
3050 3826 3247 3899 ΑΥΤῼ.

2914 3966 3037 4024 ΚΒ’.

2150 4090 2358 4163 Μνήμῃ
2410 4085 2719 4163 τοῦΔᾶγίου
2770 4087 2859 4163 καὶ
2916 4083 3288 4163 ἷσ-αποστόλου
3327 4084 3584 4163 --Πατρὸς
3648 4084 3818 4155 ἡμων

2448 4154 2758 4233 Ἀϐερκίου,
2789 4157 3091 4213 ἐπισκόπου
3119 4154 3511 4233 Ἱεραπόλεωςζ

2222 4304 2282 4361 '0
2314 4302 2365 4357 ἐν
2398 4300 2574 4378 ἁγίοις
2603 4302 2789 4376 Πατὴρ
2842 4302 3003 4375 ἡμῶν
3065 4295 3354 4375 Ἀϐέρκιος
3408 4300 3501 4369 ἦν,
3563 4296 3650 4353 ἐπὶ
3707 4300 3815 4366 τῆς

2156 4391 2436 4469 βασιλείας
2496 4390 2745 4466 Μάρκου,
2818 4389 3113 4452 ἐπίσκοπος
3195 4389 3489 4466 γενόμενος
3567 4386 3820 4461 Ἱεραπό-

2152 4482 2292 4544 λεως
2318 4482 2466 4557 παρά
2491 4486 2598 4536 τῶν
2632 4481 2800 4556 ἁγίων
2833 4480 3182 4539 ἀποστόλων.
3215 4481 3315 4537 Ἦν
3374 4476 3433 4534 δὲ
3475 4476 3566 4533 καὶ
3598 4473 3818 4549 θαυμά-

2151 4570 2385 4645 τουργὸς
2416 4565 2767 4646 περιϐόητος.
2801 4569 2986 4626 Θέλων
3027 4567 3086 4625 δέ
3115 4567 3274 4625 αὐτὸν
3308 4569 3337 4623 ὁ
3368 4565 3578 4640 δαίμων
3615 4565 3818 4639 πειρά-

396 4654 773 4727 imperatoris
805 4654 990 4708 tiliam
1023 4654 1238 4723 effecit,
1271 4660 1337 4709 ut
1367 4655 1471 4710 illa
1510 4661 1782 4711 sanctum
1812 4671 2038 4726 quaere-

2154 4641 2264 4729 σαι,
2296 4641 2545 4730 εἰσῆλθεν
2580 4660 2656 4723 εἰς
2705 4660 2806 4728 τήν
2861 4664 2959 4714 τοῦ
3024 4657 3291 4733 βασιλέως
3349 4657 3635 4733 θυγατέρα·
3684 4654 3815 4724 ¹ἣτις

395 4752 505 4813 ret,
531 4751 595 4799 ut
619 4744 692 4799 ab
715 4743 817 4798 illo
840 4749 1169 4799 sanaretur.
1196 4746 1433 4811 Accitus
1456 4744 1654 4816 itaque
1677 4762 1783 4815 per
1812 4744 2043 4800 litteras

395 4837 468 4893 ab
481 4837 561 4892 im
568 4836 1115 4908 peratore,Romam
1130 4835 1630 4907 venit.Imperavit
1641 4840 1838 4892 autem
1853 4851 2041 4901 servo,

396 4933 460 4983 ut
488 4928 550 4983 in
578 4943 765 4983 unum
797 4926 1190 4997 eumdemque
1222 4931 1415 4981 utrem
1445 4932 1700 4992 acetum,
1723 4943 1951 5000 garum,
1984 4932 2045 4982 et

394 5018 591 5074 oleum
622 5015 989 5081 immitteret,
1020 5032 1089 5070 ex
1119 5015 1338 5085 quibus
1370 5016 1417 5070 si
1447 5016 1591 5087 quid
1648 5016 1758 5071 sibi
1802 5021 2042 5072 sanctus

391 5107 661 5179 depromi
674 5104 974 5177 jussisset,
1000 5104 1319 5175 separatim
1341 5120 1407 5160 ac
1429 5106 1668 5176 proprie
1688 5106 1960 5178 singula;
1982 5109 2045 5162 at

393 5198 439 5253 si
474 5213 675 5252 servus
705 5194 819 5250 sibi
852 5209 1086 5249 sumere
1108 5193 1312 5248 furtim
1363 5211 1543 5250 ausus
1600 5201 1778 5265 esset,
1819 5195 2044 5268 promi-

392 5305 531 5344 scue
562 5285 846 5342 ﬂuebant.
881 5285 1126 5339 Romam
1159 5283 1336 5356 igitur
1364 5301 1499 5340 cum
1522 5288 1907 5357 pervenisset,
1930 5285 2042 5339 im-

393 5376 686 5450 peratoris
714 5374 840 5429 tilia
863 5372 1133 5440 liberata,
1169 5372 1425 5430 dmmoni
1458 5375 1788 5448 imperavit,
1809 5382 1874 5431 ut
1893 5375 2042 5446 lapi-

397 5469 568 5523 deam
586 5481 773 5529 aram,
797 5480 928 5534 quae
954 5463 1012 5517 in
1045 5470 1368 5535 conspectu
1386 5464 1644 5536 jacebat,
1680 5465 2044 5537 Hierapolim

398 5554 685 5609 deferret:
711 5553 812 5619 Tu,
838 5550 1138 5622 inquiens,
1164 5550 1309 5605 tanti
1332 5551 1564 5606 itineris
1580 5554 1823 5608 Romam
1856 5568 2043 5622 usque

403 5641 548 5696 mihi
570 5645 777 5696 auctor
805 5639 1000 5694 fuisti:
1034 5656 1140 5711 ego
1166 5656 1299 5694 vero
1332 5640 1612 5712 prmcipio
1644 5641 1771 5709 tibi,
1799 5648 1863 5696 ut
1893 5641 2046 5714 lapi-

402 5731 538 5787 dem
565 5729 760 5800 tollas,
792 5734 850 5783 et
869 5729 1141 5801 sepulcro
1161 5745 1295 5786 meo
1318 5731 1966 5804 superimponas.Quod
1986 5737 2047 5788 et

2152 4749 2242 4804 καὶ
2274 4749 2452 4820 ἐζήτει
2479 4750 2573 4805 τὸν
2608 4751 2758 4825 ἅγιον
2807 4749 2899 4803 ἳνα
2958 4749 3259 4823 θεραπέυσῃ
3320 4746 3509 4816 αὐτήν.
3566 4744 3658 4800 Διὸ
3714 4745 3812 4799 καὶ

2154 4835 2243 4893 διὰ
2266 4839 2603 4913 γραμμάτων
2643 4836 2947 4914 βασιλικῶν
2975 4838 3113 4911 πρὸς
3162 4836 3262 4905 τήν
3295 4836 3517 4909 Ῥώμην
3553 4834 3809 4908 ὣρμησε.

2153 4927 2450 5001 Προσέταξε
2486 4925 2542 4982 δὲ
2597 4932 2677 5000 τῷ
2733 4928 2989 5003 ὑπουργῷ
3036 4927 3200 4982 αὐτοῦ
3261 4926 3449 5003 βαλεῖν
3510 4926 3585 4988 εἰς
3641 4926 3809 4981 ἀσκὸν

2149 5015 2244 5073 ἕνα
2270 5015 2413 5092 ὅξος,
2443 5020 2536 5073 καὶ
2561 5017 2749 5093 γάρον,
2779 5019 2867 5073 καὶ
2901 5013 3104 5073 ἔλαιον·
3136 5016 3227 5073 καὶ
3280 5017 3370 5073 ὅτε
3422 5017 3517 5091 μέν
3564 5017 3724 5080 αὐτὸς
3756 5016 3812 5088 ἐξ

2152 5107 2327 5163 αὐτῶν
2357 5129 2408 5163 τι
2460 5107 2742 5179 ἐζήτησε-ν,
2804 5109 3066 5184 ἐξήρχετο
3115 5109 3524 5185 κεχωρισμένον
3576 5110 3631 5168 ἓν
3687 5107 3818 5170 ἕκα-

2151 5218 2297 5254 στον.
2330 5198 2453 5252 Ὅτε
2481 5195 2538 5252 δὲ
2569 5198 2597 5252 ὁ
2630 5198 2900 5274 ὑπουργὸς
2942 5198 3105 5254 αὐτοῦ
3153 5194 3446 5271 ἠϐουλήθη
3499 5201 3673 5276 λάθρα
3721 5203 3815 5260 ἐκ.

2153 5280 2367 5356 ϐαλεῖν,
2426 5284 2729 5362 έξήρχοντα
2791 5288 3117 5363 μεμιγμένα.
3171 5287 3434 5355 Κατελθὼ
3467 5287 3525 5345 δέ
3555 5290 3631 5358 εἰς
3658 5292 3811 5348 Ῥώ-

2157 5396 2289 5449 μην,
2320 5381 2419 5445 τήν
2457 5376 2553 5450 μὶν
2588 5377 2854 5452 θυγατέρα
2878 5381 2974 5431 τοῦ
3005 5375 3275 5451 βασιλέως
3321 5377 3528 5435 ἰάσατο·
3561 5385 3642 5453 τῷ
3691 5379 3812 5437 δαί-

2157 5485 2278 5537 μονι
2314 5462 2372 5519 δέ
2401 5463 2690 5540 προσέταξε
2718 5466 2808 5519 τὸν
2841 5463 3079 5535 πλησίον
3109 5467 3357 5540 κείμενον
3395 5469 3608 5545 βωμὸν,
3653 5470 3809 5528 λίθον

2156 5547 2324 5627 μέγαν
2358 5549 2507 5623 ὄντα,
2541 5554 2757 5630 ἀγαγεῖν
2790 5554 2867 5619 εἰς
2906 5554 3231 5628 Ἰεράπολιν.
3290 5558 3410 5616 Ὀτι
3445 5559 3507 5613 σὺ
3557 5561 3654 5633 μέν
3701 5584 3810 5619 πα-

2154 5643 2475 5717 ρεσκεῦασάς
2507 5663 2574 5715 με
2624 5649 2882 5699 κοπιᾶσαι
2937 5643 3012 5706 εἷς
3063 5646 3307 5719 Ῥώμην·
3366 5647 3472 5724 ἐγὼ
3531 5647 3589 5706 δὲ
3640 5672 3810 5723 προσ-

2152 5732 2330 5788 τάττω
2360 5753 2443 5788 σοι
2480 5733 2693 5809 ἀγαγεῖν
2724 5732 2819 5789 τὸν
2868 5730 3045 5809 λίθον,
3088 5737 3178 5792 καί
3234 5738 3404 5795 θεῖναι
3461 5739 3642 5798 ἐπάνω
3703 5742 3803 5799 τοῦ
