4142 6452
341 369 452 433 121

1900 358 2290 424 OCTOBER.

3694 365 3811 426 1‘22

352 528 522 585 ταιοου
558 527 690 579 μου.
723 507 797 564 Ὀ
834 506 937 563 καὶ
985 511 1210 584 γέγονε.
1264 506 1477 570 Βιώσας
1503 501 1561 559 δὲ
1592 502 1644 558 ἐν
1699 495 1947 569 ὁσιότητί
1983 495 2047 551 τὸ

2165 497 2431 569 contigit.
2467 499 2716 555 Sanctus
2755 517 2890 556 vero
2953 517 3088 556 cum
3145 500 3445 572 reliquum
3503 501 3634 556 vitae
3693 518 3812 558 suae

364 597 558 655 λοιπὸν
590 604 693 667 τῆς
731 602 913 669 ζωῆς,
947 599 1092 674 πρὸς
1128 596 1333 672 Κύριον
1367 591 1722 666 ἐξεδήμησεν.

973 780 1062 852 Τῇ
1093 776 1232 851 αὖτῇ
1265 774 1454 850 ἡμέρᾳ

375 895 655 984 ’Δθλῃσις
739 900 839 983 10:3
924 896 1090 984 ἁγίου
1153 891 1616 984 ’ςιερομρὶρντυροςνΔ
1669 883 2054 984 Ἀλεξάνδρου,

453 963 561 1022 καῖ’
602 973 710 1022 τῶν
770 967 862 1021 σὺν
922 963 1095 1038 αύτῷ.
1133 963 1504 1039 ΑἨρακλείου,
1560 963 1786 1031 ”Αννης,
1851 963 2054 1012 Θεοδό-

927 1060 1030 1110 της
1046 1036 1148 1092 καὶ
1183 1036 1500 1112 Γὶιυκερίας.

449 1152 821 1229 Ἀλέξανδρος
883 1155 911 1208 6
970 1154 1321 1228 ἱερομάρτυς,
1409 1149 1706 1210 ἐπίσκοπος
1790 1145 1890 1213 ὢν,
1964 1144 2054 1200 καὶ

378 1243 665 1320 παρῥησίᾳ
700 1243 795 1297 τὸν
863 1243 1104 1317 Χριστὸν
1157 1241 1469 1316 κηρύττων,
1527 1240 1617 1294 καὶ
1672 1242 1743 1312 τῇ
1801 1234 2055 1291 διδασκα-

377 1332 477 1405 λίᾳ
507 1333 675 1388 αὐτοῦ
707 1331 960 1393 πολλοὺς
990 1327 1053 1387 ἔκ
1077 1352 1136 1386 τε
1173 1335 1279 1386 τῶν
1319 1326 1622 1394 Ἰουδαίων,
1652 1327 1743 1382 καὶ
1787 1329 1894 1380 τῶν
1927 1322 2056 1381 Ἐλ-

379 1424 573 1491 λήνων
602 1422 741 1496 πρὸς
787 1422 887 1491 τὴν
948 1420 1131 1475 πίστιν
1180 1419 1535 1496 ἐπιστρέφων,
1597 1417 1688 1472 καὶ
1752 1415 2052 1492 βαπτίζων,

379 1511 657 1588 ἐκρατήθη
690 1512 840 1588 παρὰ
877 1515 977 1566 τοῦ
1006 1518 1108 1580 τῆς
1139 1511 1330 1586 χώρας
1387 1508 1680 1586 ἄρχοντοςο
1730 1507 1820 1563 καὶ
1869 1507 2055 1563 πολλὰ

377 1599 745 1676 τιμωρηθεὶς,
799 1597 893 1656 καί
947 1599 1172 1670 ξεσθεῖς,
1230 1599 1316 1660 καὶ
1379 1596 1838 1673 καταναγκασθεὶς
1896 1600 2050 1658 θῦσαι

388 1696 504 1751 τοῖς
531 1688 814 1761 ιεδώλοις,
849 1690 952 1744 οὐκ
993 1687 1233 1758 ἐπείσθη.
1297 1684 1450 1742 Ἰδὼν
1510 1683 1568 1740 δὲ
1621 1687 1720 1755 τήν
1765 1683 2048 1760 καρτερίαν

397 1779 553 1834 αὖτοῦ
585 1781 927 1854 στρατιώτης
950 1799 1058 1845 τις,
1091 1776 1413 1851 Ἡράκλειος
1456 1772 1721 1849 τοῦνομα,
1778 1772 2054 1829 ἐπίστευσε

2160 593 2392 660 tempus
2425 589 2798 646 sanctissime
2831 589 3209 660 traduxisset,
3243 592 3318 647 ad
3347 591 3668 648 Dominum
3698 591 3812 646 mi-

2159 680 2365 752 gravit.

2815 771 3035 827 Eodem
3068 771 3163 827 die

2161 887 2316 942 134
2363 887 2646 942 Certamen
2705 892 3044 944 sacrosancti
3090 891 3353 959 martyris
3414 889 3716 944 Alexandri
3766 894 3815 942 et

2220 959 2496 1014 sociorum
2526 961 2793 1028 Heraclii,
2827 962 3027 1028 Annae,
3068 963 3355 1017 Theodotae
3386 968 3435 1016 et
3467 961 3749 1030 Glyceriav.

2231 1148 2568 1206 Alexander
2593 1167 2761 1206 sacer
2789 1157 3017 1224 martyr
3036 1168 3171 1207 cum
3205 1152 3518 1224 episcopus
3545 1156 3722 1220 esset,
3759 1157 3816 1206 et

2159 1237 2345 1294 libere
2372 1240 2670 1295 Christum
2692 1241 3274 1312 prmdicans,multos
3293 1241 3630 1297 Judaaorum
3652 1242 3812 1296 Gras-

2159 1345 2485 1400 corumque
2519 1330 2592 1385 ad
2623 1331 2837 1398 Christi
2870 1332 3050 1386 fidem
3107 1331 3408 1387 traductos
3453 1331 3796 1403 baptizaret,

2158 1426 2427 1475 retentus
2478 1437 2512 1476 a
2541 1423 2801 1494 regionis
2849 1424 3149 1494 praefecto,
3195 1424 3442 1494 direque
3502 1428 3691 1478 tortus
3749 1427 3810 1477 et

2160 1509 2502 1580 dilaniatus,
2537 1528 2671 1566 cum
2700 1512 2876 1567 idolis
2939 1513 3272 1569 sacrificare
3322 1513 3808 1585 compelleretur,

2157 1599 2326 1655 nulla
2353 1605 2478 1656 arte
2508 1600 2579 1656 ad
2606 1601 2664 1656 id
2697 1602 2897 1656 induci
2933 1603 3144 1674 potuit.
3175 1604 3358 1674 Cujus
3407 1602 3801 1658 constantiam

2155 1689 2328 1745 miles
2359 1689 2623 1760 quidam,
2675 1691 2978 1746 Heraclius
3036 1692 3302 1759 nomine,
3361 1691 3710 1755 admiratus,
3743 1692 3806 1746 in

2156 1779 2455 1833 Christum
2487 1779 2740 1834 credidit
2768 1797 2780 1834 :
2815 1798 2996 1851 quare
3029 1787 3089 1836 et
3120 1782 3244 1852 ipse
3269 1781 3473 1836 multis
3491 1781 3806 1836 tormentis

393 1875 472 1940 τῷ
498 1871 740 1943 Χριστῷ.
775 1868 879 1925 Καὶ
925 1866 1156 1923 πλεῖστα
1207 1865 1543 1940 τιμωρηθεὶς
1587 1863 1677 1920 καὶ
1729 1863 1888 1926 αὐτὸς
1947 1863 2046 1917 ἀπ-

2164 1869 2550 1937 excruciatus,
2572 1871 2761 1940 capite
2793 1871 3089 1942 plectitur.
3124 1871 3458 1926 Alexander
3488 1871 3807 1938 vero,mul-

385 1962 600 2031 ετμτξθη
634 1961 741 2029 τὴν
775 1956 1043 2036 κεφαλήν.
1107 1957 1607 2031 Θαυματουργήσας
1637 1952 1694 2009 δέ
1727 1953 1860 2028 μετὰ
1887 1957 2050 2009 τοῦτο

383 2050 411 2103 6
445 2047 600 2124 ἅγιος
629 2046 1017 2121 Ἀλέξανδρος⁹
1052 2048 1144 2102 καὶ
1171 2047 1273 2122 γὰρ
1297 2045 1424 2115 ἶάθη
1455 2046 1550 2108 τὰς
1594 2043 1812 2119 πληγὰς
1853 2047 1921 2118 τῇ
1952 2047 2048 2099 τοῦ

379 2141 620 2210 Χριστοῦ
709 2138 1012 2212 ἐπισκέψει·
1126 2136 1461 2192 ἐπεσπάσατο
1541 2135 1678 2204 πρὸς
1755 2134 1855 2202 τήν
1938 2137 2047 2188 τῶν

374 2233 719 2302 Χριστιανῶν
807 2228 985 2282 πίστιν
1077 2225 1170 2281 καὶ
1251 2231 1510 2300 γυναῖκας
1583 2228 1730 2299 τρεῖς
1829 2223 2047 2295 Ἀνναν,

373 2314 654 2386 Θεοδότην
714 2317 804 2370 καὶ
871 2314 1188 2390 Γλυκερίαν⁸
1224 2314 1424 2377 αἳτινες
1487 2313 1756 2366 σταθεῖσαι
1817 2311 2049 2366 ἐνώπιον

370 2409 471 2460 τοῦ
505 2405 810 2480 ἄρχοντος,
840 2402 1076 2480 ἤλεγξαν
1115 2402 1295 2473 αὐτὸν,
1343 2402 1432 2458 καὶ
1479 2403 1580 2472 τὴν
1632 2405 1741 2456 τῶν
1797 2398 2046 2456 εἰδώλων

374 2495 675 2569 θρησκείαν
706 2493 880 2569 ψευδῆ
934 2494 1290 2550 ἀπεκάλεσαν.
1349 2492 1483 2548 Τότε
1539 2493 1812 2565 θυμωθεὶς
1871 2491 1898 2546 6
1952 2491 2050 2566 ἄρ-

379 2605 528 2660 χων,
564 2589 788 2659 πρῶτον
825 2585 920 2656 μὶν
955 2581 1318 2661 ἀπεκεφάλισε
1345 2583 1437 2637 τὸν
1464 2583 1617 2656 ἅγιον
1668 2577 2044 2654 Ἀλέξανδρον·

376 2672 574 2728 ἔπειτα
609 2672 898 2747 βασανίσας
940 2673 1036 2734 τάς
1090 2673 1271 2747 ἁγίας,
1323 2669 1558 2744 ἀπέτεμε
1599 2669 1690 2725 καὶ
1733 2670 1911 2726 αὐτῶν
1953 2669 2047 2732 τὰς

380 2763 651 2833 κεφαλὰς,
684 2764 772 2817 καὶ
810 2759 982 2822 οὕτως
1013 2761 1432 2832 ἐτελειώθησαν.

930 2881 1030 2935 MU
1039 2881 1084 2936 N
1092 2880 1112 2936 Ι
1152 2880 1242 2935 Tu
1284 2880 1499 2935 ’Al‘TQ.

1150 2995 1269 3051 Kl".

373 3113 648 3184 ’Δθλησις
697 3116 798 3167 τοῦ
856 3112 1016 3186 ἁγίου
1074 3109 1474 3186 ξερομάρτυρος
1557 3113 1649 3186 καὶ
1732 3110 2046 3167 ἀποστόλου

743 3179 1033 3251 Ἰακώϐου,
1065 3179 1304 3261 ἀδελφοῦ
1332 3179 1434 3238 τοῦ
1466 3182 1686 3260 Κυρίου.

445 3304 504 3355 Ὀ
537 3305 692 3377 ἅγιος
753 3295 1013 3362 Ἰάκωϐος
1071 3303 1290 3372 πρῶτος
1347 3299 1644 3362 ἐπίσκοπος
1699 3298 1750 3356 ἐν
1812 3302 2043 3376 Ἰεροσο-

376 3392 585 3465 λύμοις
614 3390 858 3464 ἐγένετο,
888 3390 1017 3462 παρ’
1047 3388 1212 3444 αὐτοῦ
1241 3393 1337 3443 τοῦ
1370 3389 1570 3465 Κυρίου
1612 3391 2043 3466 χειροτονηθείς.

379 3481 482 3537 Καὶ
523 3486 745 3555 πρῶτος
773 3480 874 3548 τήν
935 3477 1080 3533 θείαν
1143 3477 1483 3554 λειτουργίαν
1527 3475 1724 3555 ἔγραψε
1766 3479 1911 3554 παρὰ
1949 3484 2046 3535 τοῦ

389 3575 626 3643 Χριστοῦ
688 3569 860 3636 αύτήν
920 3565 1218 3642 διδαχθείς.
1279 3565 1439 3624 Ἀλλ’
1485 3567 1704 3643 ὕστερον
1760 3591 2044 3644 συντομω-

392 3662 550 3732 τέραν
610 3658 772 3728 αὑτὴν
831 3657 1085 3728 ἐπνίησεν
1143 3659 1170 3711 ὁ
1227 3658 1407 3732 Μέγας
1477 3656 1788 3731 Βασίλειος,
1847 3662 1962 3714 εἶτα
2021 3661 2049 3714 6

399 3747 801 3820 Χρυσὸστομος,
858 3745 950 3802 δια
1002 3747 1103 3816 τήν
1174 3749 1280 3800 τῶν
1365 3747 1666 3819 ἀνθρώπων
1752 3745 2048 3812 ἀσθένειαν,

393 3835 642 3899 Πολλοὺς
711 3835 768 3891 δὲ
837 3833 1110 3890 διδάσκων
1185 3835 1212 3890 6
1267 3834 1420 3911 ἃγιος
1483 3832 1741 3900 Ἰάκωϐος
1815 3836 1875 3893 ἐκ
1944 3843 2052 3896 τῶν

387 3925 667 3985 Ἰουδαίων
703 3929 790 3982 καὶ
827 3927 886 3982 ἐκ
913 3932 1022 3982 τῶν
1085 3924 1394 3998 Ἑλλήνων,
1446 3927 1536 3983 καὶ
1580 3927 1913 4009 ἐπιστρέφων
1953 3931 2048 3987 αὖ·

380 4017 512 4081 τοὺς
549 4016 636 4071 ἐπὶ
666 4019 761 4072 τὸν
824 4017 1049 4090 Κύριον,
1100 4015 1176 4078 εἷς
1227 4018 1394 4092 ὁργήν
1453 4015 1672 4090 ἐκίνησὲ
1720 4018 1846 4082 τοὺς
1909 4022 2049 4077 Ἰου-

380 4107 598 4169 δαίους.
661 4108 1033 4182 Συναχθέντες
1096 4104 1188 4160 οὖν
1239 4105 1330 4162 καὶ
1415 4110 1779 4184 κρατήσαντες
1864 4109 2048 4182 αὐτὸν,

376 4199 610 4276 Epit-{40w
643 4198 750 4252 ἀπὸ
799 4201 898 4252 τοῦ
956 4195 1126 4269 ἄκρου
1183 4199 1280 4250 τοῦ
1337 4197 1507 4272 ἱεροῦ,
1567 4199 1658 4253 καὶ
1717 4199 1876 4254 αὐτὸν
1918 4201 2050 4256 ἀπέ-

374 4309 615 4343 κτειναν.
654 4287 783 4360 Περὶ
835 4283 891 4340 δέ
948 4283 1048 4339 τοῦ
1107 4280 1358 4361 λέγεσθαι
1417 4283 1772 4365 ἁδελφόθεος,
1833 4291 2046 4368 φέρεται

380 4378 558 4452 λόγος
589 4381 841 4438 τοιοῦτος
885 4374 944 4431 ἐκ
996 4372 1368 4451 παραδόσεως.
1429 4381 1534 4432 Τοῦ
1587 4379 1892 4454 μνήστορος
1927 4382 2050 4437 Ἰω-

378 4469 491 4543 an“?
533 4465 856 4542 μερίζοντος
887 4465 986 4533 τὴν
1017 4470 1121 4539 γῆν
1155 4464 1320 4520 αὐτοῦ
1349 4471 1465 4528 τοῖς
1515 4467 1654 4530 υἱοῖς
1702 4470 1892 4540 αὐτοῦ,
1931 4476 2050 4533 τοῖς

2164 1960 2238 2015 tis
2269 1959 2444 2015 editis
2487 1959 2835 2026 miraculis;
2884 1961 3101 2032 quippe
3152 1963 3252 2032 qui
3302 1962 3520 2016 Christi
3569 1977 3809 2034 operaa

2161 2049 2350 2123 plagis
2381 2054 2623 2104 sanatus
2655 2048 2866 2118 fuerat,
2897 2056 3014 2104 tres
3045 2051 3224 2106 etiam
3256 2050 3509 2104 feminas
3539 2049 3615 2104 ad
3640 2050 3809 2104 Chri-

2162 2140 2237 2195 sti
2269 2139 2449 2195 ﬁdem
2482 2139 2789 2210 pertraxit,
2823 2141 3078 2202 Annam,
3120 2139 3480 2194 Theodotam
3513 2145 3572 2194 et
3602 2138 3800 2210 Glyce-

2161 2230 2332 2296 riam,
2367 2246 2498 2300 qua)
2548 2228 2608 2282 in
2666 2233 2987 2298 conspectu
3030 2227 3292 2299 praefecti
3341 2226 3575 2294 oblatas,
3611 2227 3806 2298 ipsum

2161 2319 2574 2392 objurgarunt,
2608 2323 2666 2372 et
2713 2317 3012 2372 idolorum
3063 2317 3549 2388 superstitionem
3595 2317 3807 2372 falsam

2161 2407 2563 2480 appellarunt.
2595 2407 2997 2472 Quamobrem
3029 2407 3117 2461 ira
3147 2407 3586 2462 excandescens
3608 2405 3812 2478 praefe-

2160 2503 2310 2565 ctus,
2347 2501 2526 2568 caput
2552 2495 2888 2552 Alexandro
2938 2497 3200 2568 primum
3249 2496 3549 2569 amputari
3589 2495 3806 2568 jubet;

2160 2587 2375 2644 deinde
2407 2591 2642 2642 sanctas
2665 2587 2972 2659 suppliciis
2995 2592 3233 2643 vexatas
3255 2587 3466 2659 capitis
3488 2585 3807 2642 damnavit.

2157 2680 2350 2750 Atque
2381 2679 2463 2734 ita
2490 2678 2671 2733 ﬁnem
2702 2677 2985 2734 habuere.

2717 2886 2958 2968 EODEM
2998 2885 3248 2940 MENSE.

2681 3003 2779 3058 Die
2811 3003 3090 3059 vicesima
3118 3005 3295 3059 tertia

2158 3121 2308 3178 135
2371 3121 2653 3177 Certamen
2711 3122 3047 3176 sacrosancti
3128 3123 3392 3190 martyris
3461 3126 3514 3175 et
3570 3121 3808 3190 apostoli

2623 3193 2834 3259 Jacobi,
2866 3193 3066 3259 fratris
3096 3193 3332 3247 Domini.

2233 3308 2482 3362 Sanctus
2503 3305 2751 3362 Jacobus
2766 3305 3554 3378 primusiiierosolymorum
3580 3306 3807 3378 episco-

2161 3414 2272 3467 pus
2298 3396 2370 3451 ab
2403 3396 2531 3468 ipso
2559 3395 2790 3449 Christo
2817 3395 3145 3461 ordinatus,
3175 3394 3407 3466 primus
3425 3398 3484 3448 et
3507 3394 3578 3448 ab
3601 3394 3810 3448 eodem

2164 3484 2429 3551 edoctus,
2484 3484 2745 3539 divinam
2799 3483 3118 3556 Liturgiam
3190 3483 3563 3554 conscripsit,
3628 3499 3808 3554 quam

2161 3579 2369 3645 postea
2382 3573 2634 3628 Basilius
2658 3590 2929 3645 magnus,
2962 3573 3337 3645 etposthunc
3351 3573 3810 3643 Chrysostomus

2162 3665 2470 3720 hominum
2487 3664 2822 3719 inﬁrmitati
2850 3664 3252 3731 consulentes,
3275 3661 3811 3717 concisioremred—

2161 3756 2385 3812 didere.
2441 3754 2693 3810 Iacobus
2750 3759 2950 3809 autem
3007 3769 3138 3808 cum
3199 3753 3418 3808 multos
3472 3751 3812 3806 Iudaeorum

2163 3848 2619 3916 Graecorumque
2650 3843 2918 3899 docendo
2950 3841 3025 3897 ad
3056 3843 3376 3898 Dominum
3421 3845 3810 3908 converteret,

2161 3935 2394 3992 Judaeos
2422 3933 2497 3990 ad
2528 3934 2900 3989 iracundiam
2932 3931 3080 3988 adeo
3112 3932 3405 3998 excitavit,
3434 3937 3500 3986 ut
3528 3929 3714 3986 coacti
3747 3930 3809 3984 in

2161 4043 2349 4082 unum
2381 4023 2948 4095 comprehenderint
2973 4039 3129 4088 cum,
3164 4027 3342 4093 atque
3369 4037 3399 4074 e
3422 4020 3628 4092 templi
3651 4019 3813 4074 fasti-

2161 4116 2254 4189 gio
2287 4113 2660 4170 deturbatum
2696 4111 3061 4168 necaverint.
3094 4115 3211 4167 Cur
3239 4115 3438 4166 autem
3469 4111 3572 4166 Dei
3628 4109 3812 4164 frater

2161 4207 2411 4274 dicatur,
2473 4203 2569 4257 hic
2620 4202 2808 4256 fertur
2865 4217 2932 4255 ex
2990 4199 3310 4256 traditione
3387 4216 3603 4254 sermo.
3664 4199 3810 4254 Cum

2159 4295 2374 4366 Joseph
2407 4309 2654 4365 sponsus
2687 4296 2873 4346 terras
2903 4306 3040 4344 suas
3073 4306 3141 4344 ex
3172 4290 3368 4360 priore
3390 4289 3642 4360 conjuge
3667 4289 3809 4344 ﬁliis

2161 4385 2468 4449 divideret,
2507 4380 2802 4450 velletque
2845 4384 3075 4451 partem
3123 4384 3340 4434 sancta)
3396 4378 3651 4449 Virginis
3684 4377 3808 4432 ﬁlio

2161 4482 2221 4532 et
2255 4481 2366 4529 Deo
2397 4470 2653 4538 tradere,
2695 4468 2795 4523 alii
2855 4467 3097 4540 quidem
3150 4466 3397 4522 minime
3455 4482 3806 4532 assensere;

379 4557 440 4613 ἐκ
494 4564 600 4625 τῆς
657 4554 928 4630 προτέρας
985 4553 1261 4628 γυναικὸς,
1314 4554 1404 4609 καὶ
1474 4550 1798 4631 ϐουλομένῳ
1857 4558 2047 4635 μερίδα

499 4649 511 4664 1
626 4647 652 4664 Λ
847 4644 862 4662 \
961 4647 988 4658 δι’
1097 4649 1153 4664 -,
1223 4645 1237 4664 Ω
1288 4642 1301 4664 Ι
1441 4649 1484 4664 II
1561 4646 1610 4664 ΛΙ
1767 4649 1864 4664 μου
2027 4645 2042 4664 \

2164 4563 2415 4622 Iacobus
2444 4577 2580 4615 vero
2612 4559 2674 4614 in
2707 4573 2873 4613 suam
2933 4555 3105 4611 illum
3159 4559 3388 4626 partem
3435 4553 3806 4610 cobasredem

2267 4652 2340 4663 α-
2819 4646 2832 4664 ι
2937 4645 3035 4664 πίε
3100 4644 3280 4664 an
3362 4659 3555 4664 _--_____

374 4647 712 4716 ποιήσασθαι
775 4644 864 4698 καὶ
923 4647 1002 4715 τῷ
1056 4649 1157 4711 τῆς
1212 4642 1367 4718 ἁγίας
1439 4646 1712 4719 Παρθένου
1767 4649 1898 4720 Υἱῷ,
1954 4645 2045 4704 καὶ

372 4741 512 4808 Θεῷ,
565 4736 618 4789 οἱ
683 4734 778 4807 μὲν
837 4731 1003 4788 ἄλλοι
1062 4731 1124 4786 ού
1179 4730 1546 4804 κατεδέξαντο’
1581 4736 1608 4790 ὁ
1641 4733 1699 4790 δὲ
1758 4736 2042 4813 Ἰάκωϐος,

2159 4652 2479 4724 accipiens,
2519 4665 2640 4704 non
2697 4646 2875 4703 modo
2937 4645 3038 4701 Dei
3099 4644 3303 4710 frater,
3361 4659 3566 4700 verum
3625 4644 3804 4699 etiam

2147 4745 2348 4815 justus
2380 4745 2470 4795 est
2498 4737 2635 4794 inde
2666 4736 3019 4808 appellatus.

374 4820 718 4899 παραλαϐὼν
780 4823 940 4878 αὐτὸν
1003 4821 1078 4884 εἰς
1127 4823 1228 4892 τήν
1287 4823 1452 4878 αὐτοῦ
1515 4824 1712 4901 μερίδα
1769 4831 2244 4908 συγκληρονόμον,
2305 4827 2514 4898 ἐκλήθη
2576 4827 2641 4881 οὐ
2704 4823 2869 4898 μόνον
2957 4820 3314 4901 ἀδελφόθεος,
3381 4820 3529 4878 ἁλλά
3579 4843 3667 4877 και
3728 4819 3813 4877 δί-

371 4937 551 4978 καιος.

975 5040 1056 5111 Τῇ
1086 5038 1227 5111 αὐτῇ
1262 5039 1442 5113 ἡμέρᾳ

369 5132 642 5203 Ἀθλησις
671 5134 785 5184 τῶν
843 5125 1011 5206 ἆγίων
1073 5127 1716 5206 μαρτύρων-Θεοδότης,
1771 5134 1861 5189 καὶ
1924 5143 2040 5192 Σω·

870 5195 1103 5272 κράτους
1135 5195 1532 5276 πρεσϐυοὲρου.

441 5324 500 5378 Ἡ
561 5318 689 5394 ἁτία
743 5312 984 5384 θεθδὸτη
1048 5315 1297 5390 ὑπῆρχεν
1381 5316 1468 5372 ἐπὶ
1526 5318 1885 5397 Ἀλεξάνδρου
1942 5329 2040 5379 τοῦ

372 5411 671 5486 βασιλέως,
706 5405 942 5480 εὐγενῶν
976 5403 1070 5476 μὲν
1101 5405 1307 5477 γονέων
1339 5405 1681 5484 ὑπάρχουσα,
1718 5408 1850 5465 οὖσα
1896 5408 1952 5466 δὲ
1983 5411 2043 5467 ἐκ

369 5507 466 5568 τῆς
501 5501 692 5574 χώρας
721 5498 820 5549 τοῦ
851 5493 1083 5550 Ηὸντου.
1120 5494 1207 5548 Ἐν
1241 5492 1562 5571 ἀσκητηρίῳ
1611 5495 1668 5552 δὶ
1713 5499 1822 5554 τινὶ
1868 5499 2037 5556 ἀπελ-

371 5587 559 5658 θοῦσα,
601 5586 695 5641 καὶ
751 5583 1111 5658 ⁴ἧσυχάζουσα
1167 5579 1481 5658 διεγνώσθη,
1552 5587 1660 5643 Καὶ
1712 5595 2041 5664 κρατηθεῖσα

375 5680 518 5754 παρᾶ
575 5681 672 5733 τοῦ
728 5672 1001 5750 ἄρχοντος
1060 5668 1152 5725 διὰ
1205 5672 1295 5726 τὸν
1353 5675 1609 5749 Χριστὸν,
1669 5674 1724 5731 ἐγ
1784 5674 2039 5755 δευτέρου

371 5771 734 5845 κρεμασθεῖτα
792 5766 989 5838 ξὲπαγ
1051 5761 1142 5816 καὶ
1203 5761 1280 5826 εἷς
1354 5769 1586 5840 φοῦρνον
1662 5765 2040 5845 ἐκπυρωθέντα

2806 5041 3028 5096 Eodem
3057 5039 3152 5095 die

2156 5140 2190 5193 'I
2207 5139 2308 5193 30
2341 5137 2626 5192 Certamen
2672 5138 2988 5188 sanctorum
3035 5138 3341 5200 martyrum
3397 5131 3713 5201 Theodotw,
3760 5138 3810 5188 et

2680 5206 2922 5261 Socratis
2947 5203 3276 5274 presbyteri.

2223 5329 2437 5383 Sancta
2447 5323 2764 5382 Theodota.
2777 5321 3112 5378 Alexandro
3128 5322 3477 5394 imperatore
3482 5319 3809 5389 ,nobilibus

2152 5416 2501 5488 parentibus
2526 5419 2686 5481 nata,
2716 5430 2784 5467 ex
2806 5411 3046 5484 regione
3076 5411 3249 5465 Ponti
3279 5410 3409 5464 fuit.
3435 5410 3580 5462 Cum
3602 5413 3806 5468 autem

2151 5506 2368 5576 quietis
2399 5504 2594 5560 studio
2626 5503 2687 5557 in
2713 5500 3012 5573 quoddam
3031 5497 3460 5554 monasterium
3485 5513 3613 5551 sese
3634 5496 3802 5552 abdi-

2152 5595 2360 5657 disset.
2394 5595 2466 5649 ob
2499 5591 2715 5648 Christi
2749 5589 2928 5646 ﬁdem
2959 5589 3155 5644 delata
3176 5587 3248 5642 ad
3271 5586 3616 5657 praefectum
3641 5586 3800 5658 ejus-

2151 5702 2264 5756 que
2289 5685 2467 5756 jussu
2498 5681 2955 5753 comprehensa,
3011 5681 3068 5731 et
3115 5677 3174 5731 in
3236 5674 3557 5746 equuleum
3612 5677 3798 5732 semel

2149 5780 2326 5847 atque
2357 5774 2574 5831 iterum
2605 5770 2837 5829 sublata
2858 5766 3162 5839 scalpitur.
3185 5763 3486 5824 Deindein
3503 5766 3798 5826 ardentis-
