4124 6444
340 346 456 409 123

1659 349 1822 407 ΜΕΝ
1832 345 2094 408 OLOGIl
2141 347 2340 410 PARS
2385 349 2431 408 Ι.

3643 351 3763 411 124

345 481 563 538 simum
603 482 904 538 caminum
963 482 1203 553 injecta,
1265 481 1366 535 sed
1423 479 1640 537 Christi
1697 480 1989 534 beneﬁcio

2118 473 2461 550 ἐμϐάλλεται.
2495 483 2580 553 Τῇ
2611 480 2847 554 Χριστοῦ
2888 479 2945 536 δὲ
3004 483 3193 556 χάριτι
3239 484 3437 538 τούτου
3479 481 3759 559 ῥυσθεῖσα,

349 578 573 644 erepta,
599 573 855 626 mittitur
877 572 1204 643 aprae'fecto
1234 572 1598 641 Byzantium,
1631 588 1770 625 mox
1800 572 1994 640 Ancy-

345 677 518 716 ram:
556 661 655 715 ubi
688 678 822 716 cum
883 661 1062 715 t'irazci
1119 660 1353 732 publice
1407 660 1720 714 daemoniis
1776 659 1994 714 festum

346 749 504 803 diem
564 749 955 816 celebrarent,
1014 749 1293 818 idolaque
1352 749 1638 814 colerent,
1727 749 1995 802 Socrates

344 838 658 910 presbyter
687 839 774 892 vir
797 839 956 909 pius,
992 839 1346 908 Dominique
1377 839 1566 892 nostri
1593 839 1729 892 Jesu
1776 837 1996 892 Christi

346 928 674 995 confessor,
706 928 827 982 zelo
869 927 1108 998 plenus,
1168 927 1501 982 hostiarum
1559 943 1692 981 aras
1749 927 1994 981 evertit:

349 1017 739 1087 quamobrem
765 1018 957 1088 capite
975 1017 1184 1089 plexus
1208 1018 1483 1088 spiritum
1509 1016 2000 1085 tradidit,Sancta

344 1123 480 1161 vero
505 1107 803 1162 Theodota
824 1108 998 1177 jussa
1024 1106 1198 1161 idolis
1223 1107 2000 1176 immolare,cumimperata

345 1198 542 1252 facere
566 1202 920 1263 recusasset,
947 1197 1006 1251 in
1039 1197 1395 1268 sartaginem
1426 1196 1705 1250 ferventis
1729 1195 1845 1250 olei
1868 1195 1995 1266 ple-

347 1304 491 1342 nam
524 1286 1020 1357 conjicitur:sed
1079 1303 1212 1340 cum
1273 1285 1411 1339 inde
1469 1285 1658 1340 illaesa
1715 1284 1999 1338 divinitus

351 1376 654 1445 evasisset,
687 1376 881 1446 gladio
911 1376 1042 1446 ipsa
1071 1391 1308 1446 quoque
1339 1376 1516 1430 vitam
1545 1373 1753 1429 ﬁnivit.

997 1553 1218 1607 Eodem
1251 1553 1344 1608 die

349 1642 499 1696 137
542 1642 992 1696 Commemoratio
1030 1643 1493 1710 manifestationis
1529 1647 1840 1695 sanctorum
1879 1655 1999 1708 sep-

829 1720 932 1767 tem
953 1730 1258 1782 puerorum
1284 1713 1508 1782 Ephesi.

422 1803 490 1857 Hi
523 1802 710 1857 sancti
733 1802 1191 1868 Maximilianus,
1223 1801 1569 1868 Jamblicus,
1591 1798 1998 1864 Martinianus,

350 1891 690 1962 Dionysius,
721 1892 998 1953 Joannes.
1041 1890 1465 1945 Constantinus
1523 1894 1582 1944 et
1637 1888 1998 1951 Antoninus,

345 1981 681 2052 imperante
715 1981 912 2047 Decio,
945 1980 1161 2051 Ephesi
1195 1979 1482 2035 claruere.
1518 1979 1600 2034 Ob
1645 1978 1863 2034 Christi
1894 1993 1998 2032 au-

341 2076 462 2126 tem
486 2070 921 2125 confessionem
937 2070 1376 2140 comprehensi,
1401 2074 1461 2124 et
1485 2069 1558 2123 ad
1581 2068 2002 2139 imperatorem

346 2161 642 2234 producti,
673 2176 808 2214 cum
829 2165 1060 2229 tempus
1092 2158 1165 2212 ad
1189 2156 1644 2212 deliberandum
1663 2156 1999 2227 petiissent,

347 2251 524 2321 idque
557 2251 998 2320 impetrassent,
1033 2248 1094 2301 in
1127 2253 1393 2302 montem
1426 2245 1745 2316 quemdam
1797 2243 2003 2315 profu-

349 2341 600 2412 gientes,
624 2339 685 2392 in
709 2338 1055 2408 speluncam
1081 2353 1210 2390 sese
1233 2335 1536 2402 abdidere,
1564 2335 1764 2405 ibique
1789 2333 2004 2388 obdor-

348 2431 633 2497 mierunt,
668 2429 940 2482 obstruso
974 2426 1274 2498 spelunca)
1333 2425 1517 2480 aditu.
1564 2424 2003 2479 Trecentesimo

347 2526 548 2576 autem
572 2517 1010 2590 septuagesimo
1036 2515 1296 2571 secundo
1324 2520 1456 2586 post
1479 2531 1657 2582 anno,
1675 2512 2004 2568 Theodosio

339 2609 586 2681 juniore
609 2607 962 2678 imperante,
984 2623 1119 2660 cum
1143 2604 1407 2659 haeretici
1424 2603 1637 2675 dogma
1656 2603 2002 2668 movissent,

349 2697 622 2770 negando
654 2695 1176 2763 resurrectionem,
1211 2709 1396 2763 eaque
1427 2709 1523 2747 res
1583 2692 2006 2762 imperatorem

350 2789 610 2847 maxime
644 2786 967 2841 sollicitum
1000 2784 1269 2850 haberet,
1297 2785 1474 2853 Deus,
1523 2788 1590 2837 ut
1635 2783 1698 2836 in
1736 2783 2006 2836 omnium

349 2876 568 2934 animis
599 2880 820 2930 certam
853 2873 1310 2928 resurrectionis
1367 2871 1546 2926 fidem
1603 2872 2005 2938 confirmaret,

349 2971 556 3038 aperta
609 2964 892 3035 spelunca
921 2962 1106 3017 voluit
1131 2977 1232 3016 eos
1261 2962 1418 3015 vivos
1452 2961 1740 3016 excitare:
1775 2977 1846 3014 ex
1876 2959 2010 3030 qui-

350 3057 460 3112 bus
491 3053 855 3110 Jamblichus
888 3057 1122 3123 sumpto
1151 3051 1312 3105 Decii
1343 3067 1589 3105 nummo
1621 3049 2009 3104 descenditin

349 3146 560 3202 urbem
592 3143 664 3198 ad
698 3141 1057 3197 coemendos
1087 3140 1273 3207 cibos,
1306 3145 1373 3194 ut
1430 3139 1530 3210 qui
1588 3140 1871 3194 hesterna
1915 3137 2010 3193 die

347 3234 729 3292 dormiisset:
765 3231 869 3286 sed
901 3230 1194 3301 cognitus,
1229 3228 1640 3299 adductusque
1671 3227 1745 3282 ad
1778 3228 2002 3298 episco-

2118 3228 2351 3304 τροφήν,
2406 3227 2482 3288 ὡς
2542 3223 2651 3297 ἤδη
2719 3227 2849 3298 χθὲς
2900 3227 3215 3301 κοιμηθεὶς,

349 3342 514 3397 pum,
548 3339 674 3377 rem
707 3337 969 3388 omnem,
1003 3319 1088 3373 uti
1121 3335 1182 3373 se
1209 3317 2010 3389 habuerat,exposuit.lgitur

355 3431 490 3469 cum
541 3416 816 3466 testatam
875 3408 1379 3464 resurrectionem
1436 3407 1742 3473 fecissent,
1795 3405 2011 3461 iterum

349 3501 591 3569 mortui,
623 3501 684 3555 in
719 3499 1066 3570 speluncam
1101 3497 1252 3552 illati
1293 3501 1450 3552 sunt.

1012 3587 1237 3642 Eodem
1269 3587 1365 3642 die

354 3681 508 3738 I88
544 3680 1000 3735 Commemoratio
1031 3678 1211 3732 sancti
1243 3677 1429 3730 Patris
1459 3673 1636 3730 nostri
1662 3674 1874 3745 lgnatii
1904 3691 2014 3744 pa-

726 3749 987 3805 triarchae
1019 3746 1637 3817 Constantinopolitani.

431 3844 680 3897 Sanctus
711 3841 886 3894 Pater
916 3843 1121 3892 noster
1174 3837 1440 3906 Ignatius
1491 3835 1652 3891 ﬁlius
1713 3837 2013 3892 Michaelis

355 3930 757 4003 imperatoris,
789 3928 973 3982 frater
1001 3925 1334 3997 Theophili,
1364 3931 1422 3979 et
1451 3942 1637 3997 nepos
1695 3925 2012 3996 Nicephori

357 4015 1123 4092 imperatorum,eunuchus
1146 4015 1428 4085 primum,
1452 4013 1667 4069 deinde
1684 4015 2012 4070 monachus

355 4112 569 4178 factus,
605 4107 843 4180 praefuit
869 4104 1232 4160 monasterio
1263 4104 1643 4174 Archangeli,
1677 4103 1834 4174 quod
1867 4104 2012 4158 olim

359 4197 635 4265 Orientis,
671 4212 829 4250 nunc
855 4198 1054 4248 autem
1085 4193 1274 4262 Satyri
1309 4209 1637 4264 cognomen
1668 4192 1868 4248 habet.
1903 4195 2014 4246 Po—

360 4293 486 4344 stea
516 4291 748 4342 creatus
774 4282 1112 4355 patriarcha
1141 4281 2013 4352 C0nstantinopolitanus,cum

358 4376 697 4450 praefuisset
723 4373 1003 4429 undecim
1035 4389 1220 4427 annos
1260 4377 1318 4426 et
1375 4389 1612 4427 menses
1659 4373 1946 4443 quinque,
1980 4388 2014 4427 a

358 4465 644 4522 Michaele
665 4464 1022 4535 imperatore
1052 4461 1422 4529 deturbatur,
1453 4462 1770 4533 subrogato
1793 4462 1855 4516 in
1883 4461 2013 4532 ejus

354 4557 555 4611 locum
589 4555 824 4621 Photio,
884 4552 1177 4607 monacho
1223 4552 1389 4622 prius
1441 4550 1630 4606 facto:
1667 4551 1768 4622 qui
1801 4555 1859 4604 et
1883 4551 2009 4622 ipse
2044 4588 2086 4652 D

355 4651 566 4718 postea
598 4643 822 4714 ejectus
853 4641 965 4695 fuit
993 4658 1025 4695 a
1057 4641 1277 4695 Basilio
1312 4642 1693 4711 imperatore,
1733 4640 2008 4695 restituto

361 4736 423 4789 in
457 4748 625 4788 suam
656 4730 858 4785 sedem
887 4729 1133 4800 Ignatio,
1169 4746 1346 4800 quam
1380 4747 1514 4784 cum
1535 4729 1709 4784 annis
1732 4729 2012 4784 undecim

359 4827 728 4894 occupasset,
760 4821 976 4873 iterum
1009 4819 1313 4889 depositus
1332 4823 1439 4884 est,
1463 4820 1707 4873 suffecto
1733 4819 1783 4872 ei
1810 4824 2013 4874 sancto

374 4911 671 4982 Stephano
706 4908 908 4964 Basilii
940 4907 1318 4979 imperatoris
1375 4908 1520 4962 filio.
1584 4908 1829 4963 Sanctus
1879 4925 2013 4962 vero

360 5003 631 5076 Ignatius
663 5001 722 5055 in
751 5000 939 5071 Satyri
971 4999 1402 5054 monasterium
1435 4999 1740 5067 secedens,
1775 4999 1891 5053 vita
1921 4998 2014 5070 pie

362 5092 758 5165 religioseque
792 5088 1082 5156 traducta,
1112 5089 1174 5141 in
1206 5105 1348 5158 pace
1382 5087 1655 5142 decessit.

914 5356 1156 5411 EODEM
1197 5355 1447 5410 MENSE.

858 5444 962 5499 Die
994 5443 1275 5498 vicesima
1305 5447 1516 5513 quarta

360 5541 513 5596 139
551 5540 840 5593 Certamen
866 5536 1044 5590 sancti
1072 5536 1334 5602 martyris
1364 5533 1606 5600 Arethae,
1639 5539 1692 5587 et
1720 5535 2011 5588 sociorum.

431 5700 538 5756 Hic
571 5701 774 5772 Negrae
800 5696 966 5753 urbis
997 5697 1059 5755 in
1078 5695 1374 5769 Ethiopia
1403 5696 1684 5770 princeps
1715 5695 1829 5752 fuit
1858 5701 2012 5754 tem-

2103 567 2286 643 ἃγεται
2325 570 2471 643 παρά
2524 574 2622 624 τοῦ
2680 567 2947 645 ἄρχοντος
2999 570 3086 627 ἐπὶ
3141 571 3204 627 τὸ
3264 572 3572 643 Βυξάντιον.
3634 573 3769 627 Εἶτα

2105 659 2156 714 ἐν
2192 661 2448 736 ’Δγκύρψ
2482 659 2606 716 ἔνθα
2637 663 2665 715 ὁ
2696 657 3063 736 πρεσϐύτερος
3091 665 3412 736 Σωκράτης,
3433 667 3542 716 τῶν
3564 659 3774 731 Ἐλλή-

2105 769 2210 804 νιυν
2243 748 2532 823 πάνδημον
2583 751 2777 824 ἑορτὴν
2834 751 3140 807 τελούντων
3199 757 3318 814 τοῖς
3371 751 3616 825 δαίμοσι,
3671 750 3768 806 καὶ

2103 841 2554 914 προσκυνούντων
2589 846 2705 903 τοῖς
2736 839 3012 911 εἷ’δώλοις,
3034 837 3272 911 εὐλαϐὴς
3303 839 3398 912 ὢν,
3417 843 3505 897 καὶ
3534 842 3626 897 τὸν
3653 841 3770 900 Κύ-

2109 947 2226 1002 ριον
2261 931 2423 1000 ἡμῶν
2449 930 2658 999 Ἰησοῦν
2685 931 2908 1005 Χριστὸν
2935 929 3247 1006 ὁμολογῶν,
3279 929 3453 1000 ζήλου
3471 928 3772 1001 πλησθεὶς,

2105 1018 2195 1072 καὶ
2225 1019 2317 1072 τὸν
2353 1019 2540 1093 βωμὸν
2574 1021 2942 1094 καταστρέψας
2973 1025 3079 1074 τῶν
3114 1022 3338 1091 θυσιῶν,
3399 1019 3610 1092 ἐτμήθη
3665 1021 3773 1088 τὴν

2106 1107 2369 1184 κεφαλήν.
2403 1110 2498 1162 Καὶ
2553 1109 2696 1163 οὕτω
2749 1107 3032 1185 παρέδωκε
3088 1111 3150 1164 τὸ
3198 1114 3431 1184 πνεῦμα.
3460 1112 3523 1166 Ἠ
3553 1107 3611 1165 δὶ
3641 1108 3773 1184 ἁγία

2108 1194 2370 1266 Θεοδότη,
2403 1197 2797 1272 ἀναγκασθεῖσα
2850 1200 3002 1254 θῦσαι
3060 1204 3176 1260 τοῖς
3225 1197 3503 1266 εἷ’δώλοις,
3561 1199 3767 1271 καὶμὴ

2106 1292 2406 1355 πεισθεῖσα,
2440 1285 2708 1357 ἐνεϐλήθη
2771 1287 2846 1348 εἷς
2905 1290 3137 1363 τήγανον
3203 1289 3336 1362 μετᾶ
3391 1286 3773 1362 κοχλάζοντος

2109 1375 2317 1432 ἐλαίου.
2355 1376 2458 1432 Καὶ
2487 1380 2556 1450 τῇ
2595 1381 2692 1431 τοῦ
2743 1382 2878 1432 Θεοῦ
2929 1377 3118 1454 χάριτι
3173 1383 3269 1433 τοῦ
3326 1379 3568 1454 τηγάνου
3625 1377 3777 1448 ἐξελ-

2108 1469 2275 1529 θοῦσα
2304 1460 2579 1536 ἀϐλαϐὴς,
2612 1463 2699 1520 διὰ
2727 1467 2912 1544 ξίφους
2941 1466 3237 1538 ἐτελειώθη
3267 1469 3356 1523 καὶ
3390 1467 3548 1538 αὐτή.

2711 1558 2795 1628 Τῇ
2830 1555 2965 1629 αὖτῇ
2998 1553 3180 1629 ἡμέρᾳ

2107 1644 2171 1698 Ἦ
2202 1642 2505 1716 ἀνάμνησις
2537 1650 2638 1713 τῆς
2667 1646 3023 1721 φανερώσεως
3045 1649 3161 1721 *τῶν
3195 1645 3367 1721 ἀγὲων
3401 1645 3534 1701 ἑπτὰ
3554 1642 3772 1700 παίδων

2701 1721 2808 1771 τῶν
2843 1717 2893 1771 ἐν
2928 1719 3163 1790 Ἐφέσῳ.

2181 1803 2347 1860 Οὗτοι
2382 1805 2435 1858 οἱ
2493 1804 2664 1878 ἅγιοι,
2718 1804 3138 1877 Μαξιμιλιανὸς,
3199 1801 3550 1881 Ἰάμϐλιχός,
3611 1808 3771 1878 Μαρ-

2107 1891 2369 1960 τινιανὸς,
2430 1892 2730 1960 Διονύσιος,
2820 1895 3100 1965 Ἰωάννης,
3191 1896 3618 1962 Κωνσταντῖνος,
3677 1893 3776 1948 καὶ

2107 1983 2459 2052 Ἀντωνῖνος,
2516 1984 2768 2058 ὑπῆρχον
2843 1981 2928 2037 ἐπὶ
2982 1984 3170 2038 Δεκίου
3226 1987 3323 2038 τοῦ
3387 1980 3657 2058 βασιλέως
3716 1981 3772 2035 ἐν

2105 2071 2335 2146 Ἐφέσῳ.
2373 2071 2470 2124 Διὰ
2516 2067 2572 2125 δὲ
2593 2071 2684 2125 τὸν
2739 2073 2970 2147 Χριστὸν
3012 2071 3392 2146 κρατηθέντες,
3443 2074 3774 2146 προσήχθη·

2107 2180 2201 2213 σαν
2233 2159 2313 2231 τῷ
2378 2157 2611 2234 βασιλεῖ.
2677 2159 2775 2214 Καὶ
2830 2161 3017 2231 καιρὸν
3081 2161 3438 2233 αἰτησάμενοι
3494 2165 3590 2214 τοῦ
3648 2160 3779 2214 σκέ-

2107 2250 2330 2321 ψασθαι,
2375 2244 2571 2324 ἔτυχον
2630 2249 2847 2309 τούτου,
2916 2253 3052 2307 Εἶτα
3111 2250 3373 2326 φυγόντες
3429 2250 3665 2319 ἀνῆλθον
3719 2248 3772 2302 ἐν

2109 2334 2376 2412 ὅρειτινὶ.
2419 2339 2505 2392 καὶ
2571 2338 2826 2408 εἰσῆλθον
2890 2339 2964 2400 είς
3025 2338 3318 2410 σπήλαιον,
3377 2339 3466 2393 καὶ
3526 2339 3579 2393 ἐν
3623 2339 3776 2410 αὐτῷ

2110 2425 2508 2500 ἐκοιμήθησαν.
2537 2431 2673 2483 Εἶτα
2703 2429 2978 2504 ἀνεφράγη
3011 2433 3109 2483 τοῦ
3161 2427 3435 2499 σπηλαίου
3467 2432 3501 2498 ἡ
3535 2425 3775 2493 εἷ’σοδος,

2109 2515 2200 2571 καὶ
2230 2517 2559 2590 τριακοσίων
2594 2519 2676 2590 οβ’
2732 2517 2865 2571 ἐτῶν
2915 2515 3321 2591 παρελθόντων,
3373 2516 3461 2572 ἐπὶ
3509 2524 3608 2586 τῆς
3671 2518 3774 2592 βαι

2112 2603 2321 2666 σιλείας
2356 2603 2646 2660 Θεοδοσίου
2694 2611 2796 2660 τοῦ
2861 2611 3079 2679 μικροῦ,
3132 2604 3308 2682 δόγμα
3353 2605 3576 2676 ἐκινήθη
3627 2608 3782 2680 παρά

2109 2699 2216 2750 τῶν
2271 2695 2581 2769 αἱρετικῶν,
2644 2694 2916 2770 λεγόντων
2972 2697 3048 2769 μή
3111 2699 3247 2750 εἶναι
3307 2697 3613 2751 ἀνάστασιν.
3673 2695 3775 2749 Καὶ

2110 2788 2208 2839 τοῦ
2257 2782 2527 2858 βασιλέως
2585 2785 2710 2859 περὶ
2769 2783 2972 2853 ταύτης
3031 2785 3435 2862 φροντίζοντος,
3506 2783 3679 2848 θέλων
3744 2785 3774 2838 ὁ

2114 2872 2242 2932 Θεὸς
2298 2869 2728 2948 πληροφορῆσαι
2789 2871 3012 2941 πάντας,
3073 2872 3157 2927 ὅτι
3235 2870 3376 2927 ἔστιν
3463 2873 3774 2940 ἀνάστασις,

2114 2958 2404 3030 εὐδόκησεν
2461 2962 2742 3037 ἀνοιγῆναι
2795 2961 2858 3016 τὸ
2926 2961 3223 3031 σπήλαιον,
3312 2962 3402 3016 καὶ
3477 2961 3774 3025 ἀναστῆναι

2117 3053 2341 3119 ζῶντας.
2373 3049 2459 3118 Ἐξ
2491 3050 2566 3102 ὧν
2607 3044 2964 3125 Ἰάμϐλιχος,
3025 3047 3211 3106 λαϐὼν
3265 3051 3512 3123 νόμισμα
3560 3049 3619 3105 ἐκ
3663 3054 3775 3105 τῶν

2116 3136 2205 3192 ἐπὶ
2235 3141 2333 3191 τοῦ
2362 3136 2575 3205 Δεκίου,
2599 3138 2688 3192 καὶ
2725 3138 3003 3194 κατελθὼν
3065 3139 3117 3194 ἐν
3157 3142 3226 3212 τῇ
3277 3137 3462 3208 πόλει,
3512 3139 3783 3215 ἀγοράσαι

3297 3227 3605 3303 ἐπεγνώσθη
3617 3247 3628 3260 ·
3689 3227 3785 3283 καὶ

2119 3315 2309 3390 ἀχθεὶς
2367 3315 2503 3388 πρὸς
2559 3317 2651 3370 τὸν
2714 3315 3032 3385 ἐπίσκοπον,
3119 3314 3394 3387 ἀνεδίδαξε
3446 3317 3618 3371 πᾶσαν
3678 3317 3782 3386 τήν

2119 3404 2403 3474 ἀλήθειαν.
2462 3405 2746 3479 Ἐγένοντο
2802 3405 2892 3459 οὗν
2955 3406 3224 3480 μάρτυρες
3279 3411 3379 3474 τῆς
3437 3406 3782 3470 ἀναστάσεως

2119 3493 2218 3548 Καὶ
2248 3491 2413 3548 πάλιν
2448 3493 2710 3561 θανόντες,
2744 3492 3002 3565 ἐτέθησαν
3037 3493 3089 3548 ἐν
3121 3499 3201 3566 τῷ
3231 3492 3510 3567 σπηλαίῳ.

2709 3588 2787 3658 τῇ
2830 3584 2964 3658 αὐτῇ
2995 3584 3197 3660 ἡμέρᾳ.

2118 3671 2324 3743 Μνήμη
2375 3669 2473 3725 τοῖ’)
2533 3670 2589 3746 ἐν
2637 3672 2819 3744 ἁγίοις
2877 3671 3088 3745 Πατρὸς
3139 3675 3301 3746 ἡμῷν
3355 3671 3618 3746 Ἰγνατίου
3677 3694 3787 3728 πα-

2466 3742 2736 3818 τριάρχου
2770 3742 3418 3806 Κονσταντινουπόλεωςξ

2190 3832 2252 3888 Ὀ
2302 3830 2353 3885 ἐν
2413 3831 2585 3907 ἁγίοις
2648 3833 2836 3908 Ηατὴρ
2899 3835 3059 3905 ἡμῶν
3124 3831 3382 3908 Ἰγνάτιος
3441 3831 3632 3909 γέγονε
3685 3834 3785 3906 μὶν

2120 3921 2236 3982 υἱὸς
2271 3919 2508 3995 Μιχαὴλ
2538 3925 2633 3975 τοῦ
2669 3919 2964 3996 βασιλέως,
2987 3919 3222 3998 ἀδελφὸς
3260 3918 3316 3976 δὲ
3369 3921 3662 3998 Θεοφίλου,
3691 3925 3787 3978 καὶ

2120 4003 2339 4086 ἔκγονος
2399 4009 2719 4086 Νικηφόρου
2772 4014 2879 4064 τῶν
2945 4009 3236 4086 βασιλέων.
3286 4010 3566 4086 Εὗνοῢχος
3609 4008 3666 4066 δὲ
3694 4034 3786 4086 γε·

2118 4100 2319 4178 γονὼς,
2354 4101 2468 4155 εἶτα
2498 4100 2588 4154 καὶ
2625 4101 2892 4175 μοναχὸς,
2945 4102 3137 4177 γέγονε
3183 4100 3272 4155 καὶ
3325 4097 3638 4176 ἡγούμενος
3683 4109 3788 4172 τῆς

2125 4195 2300 4264 μονῆς
2325 4192 2420 4244 τοῦ
2450 4191 2854 4265 Ἀρχαγγὲλου,
2905 4193 3004 4244 τοῦ
3056 4189 3180 4245 τότε
3236 4191 3329 4263 μὲν
3383 4188 3786 4265 ἐπιλεγομένευ

2120 4274 2536 4347 ἀνατέλλοντος,
2597 4282 2686 4332 νῦν
2750 4276 2806 4332 δὲ
2866 4277 3132 4353 Σατύρου.
3203 4277 3333 4334 Εἶτα
3381 4281 3783 4355 προεχειρίσθη

2119 4367 2210 4422 καὶ
2240 4366 2590 4443 πατριάρχης
2648 4366 3300 4433 Κωνσταντινουπόλιως·
3348 4368 3438 4423 καὶ
3489 4369 3784 4446 ἐκράτησεν

2121 4451 2213 4527 ἔτη
2298 4453 2507 4526 ἕνδεκα,
2599 4464 2773 4530 μῆνας
2851 4453 3030 4517 πέντε,
3116 4458 3220 4513 Καὶ
3288 4459 3424 4532 μετὰ
3475 4464 3642 4514 ταῦτα
3701 4459 3791 4533 ἐξ-

2121 4543 2331 4617 εϐλήθη
2370 4548 2472 4602 ὑπὸ
2501 4547 2734 4622 Μιχαὴλ
2772 4547 3064 4624 βασιλέως,
3101 4549 3212 4603 ἀντ’
3243 4549 3411 4603 αὐτοῦ
3432 4551 3786 4625 πατριάρχην

2121 4638 2448 4708 ποιήσαντος
2497 4638 2713 4692 Φώτιον
2794 4637 3083 4712 γενόμενον
3160 4637 3422 4713 πρότερον
3515 4641 3760 4715 μοναχόν

2128 4726 2257 4781 Εἶτα
2288 4720 2557 4797 ἐξεϐλήθη
2609 4726 2697 4781 καὶ
2755 4725 2915 4789 αὐτὸς
2978 4727 3081 4781 ὑπὸ
3139 4724 3428 4783 Βασιλείου
3491 4728 3785 4803 βασιλέωςι

2127 4815 2215 4869 καὶ
2278 4815 2632 4885 ἀντικατέστη
2693 4815 2953 4889 Ἰγνάτιος
3011 4813 3200 4870 πάλινο
3272 4816 3361 4870 καὶ
3417 4815 3787 4888 ἐπεσκόπησεν

2129 4901 2223 4973 ἔτη
2276 4897 2484 4958 ἕνδεκα·
2544 4903 2632 4957 καὶ
2691 4902 2856 4959 πάλιν
2915 4899 3207 4975 ἐξεϐλήθη·
3267 4903 3358 4959 καὶ
3416 4904 3628 4974 ἐγένετο
3681 4928 3794 4962 πα-

2126 4993 2404 5068 τριάρχης
2437 4993 2708 5070 Στέφανος
2740 4994 2767 5047 ὁ
2802 4992 2852 5048 ἐν
2884 4992 3062 5068 ἁγίοις
3122 4994 3238 5054 υἱὸς
3292 4993 3582 5050 Βασιλείου
3633 4997 3794 5072 βασι-

2127 5079 2292 5142 λέως.
2322 5082 2382 5138 Ὁ
2416 5079 2472 5135 δὲ
2503 5083 2658 5157 ἅγιος
2692 5082 2956 5156 Ἰγνάτιος
3017 5081 3268 5146 ἀπελθὼν
3315 5081 3369 5137 ἐν
3416 5087 3498 5156 τῷ
3537 5088 3634 5140 τοῦ
3680 5092 3791 5140 Σα-

2123 5169 2291 5244 τύρου
2353 5171 2734 5248 μοναστηρίῳ,
2801 5170 2890 5225 καὶ
2956 5167 3142 5234 καλῶς
3205 5171 3434 5247 βιώσας,
3493 5172 3544 5228 ἐν
3605 5173 3794 5251 εἰρήνῃ

2125 5256 2448 5331 ἐτελειώθη.

2679 5359 2862 5415 ΜΗΝΙ
2902 5364 2986 5412 ΤΩ
3025 5360 3226 5415 ΛΥΤΩ.

2897 5448 3014 5505 ΚΔ“.

2123 5535 2398 5606 ’Ἄθλησις
2457 5537 2552 5588 τοῦ
2609 5532 2769 5608 ἆγίου
2858 5533 3131 5608 μάρτυρος

2729 5605 2979 5668 συνοδίας
3007 5605 3193 5663 αὐτοῦ.

2199 5694 2372 5758 Οὗτος
2406 5694 2475 5766 ἦν
2505 5698 2722 5773 πρῶτος
2750 5701 2856 5766 τῆς
2881 5694 3098 5761 πόλεως
3140 5699 3350 5774 Νεγρᾶς
3401 5697 3451 5754 ἐν
3482 5700 3790 5778 Δίθιωπίᾳ,

3217 5535 3432 5611 ’Δρὲθα,
3525 5537 3616 5594 καί
3695 5543 3794 5611 τῆς
