4124 6444
308 426 418 490 125

1823 411 2207 476 OGTOBER.

3623 396 3744 456 126

304 560 391 616 ἰπὶ
445 565 543 629 τῆς
597 554 893 631 βασιλείας
970 554 1293 612 Ἰουστίνου’
1351 559 1451 621 τῆς
1514 551 1609 624 μὲν
1670 545 1977 606 Αἷθιωπίας

2102 541 2339 616 poribus
2368 539 2582 597 Justiui
2624 535 3023 608 imperatoris.
3057 531 3365 603 Ethiopian
3422 533 3623 584 autem
3651 546 3750 583 re-

309 648 701 726 βασιλεύοντος
756 642 1083 703 Ἐλεσϐαᾶν
1137 648 1235 700 τοῦ
1292 640 1840 719 χριστιανικωτάτου·
1868 639 1977 691 τῶν

306 739 386 809 δὶ,
420 740 757 812 Ὀμηριτῶν,
784 733 1064 810 Ἑϐραῖοι)
1093 729 1259 795 τινός.
1312 734 1376 788 'll
1434 729 1493 785 δὲ
1553 727 1785 795 τοιαύτη
1818 727 1981 800 χώρα

304 830 455 904 παρὰ
486 811 584 902 μὲν
610 830 680 900 τῇ
712 825 833 897 θείᾳ
864 829 1060 902 Γραφῇ
1108 823 1322 897 λέγεται
1377 815 1548 875 Σα6ἄ’
1580 813 1815 904 παρὰᾼδὶ
1844 811 1981 871 ’Έλ-

306 900 525 990 λησιν,
608 900 917 988 εὐδαίμων
968 900 1222 989 Ἀραϐία.
1281 913 1394 968 Τοῦ
1467 907 1526 964 δὲ
1566 900 1833 963 Ἐλεσϐαᾶ
1886 902 1977 957 τὸν

307 1006 565 1083 Ἐὃραῖον
591 1006 993 1075 ὑποτάξαντος,
1049 1003 1141 1057 καὶ
1200 999 1444 1077 φύλακας
1510 998 1562 1053 ἐν
1592 1000 1662 1068 τῇ
1693 993 1855 1049 πόλει
1885 991 1979 1046 αύο

307 1079 420 1154 τοῦ-
462 1098 948 1165 καταστήσαντος,
1008 1090 1308 1151 ἐπαναστάς
1368 1090 1396 1142 ὁ
1453 1082 1710 1158 Ἐϐραῖος
1766 1079 1979 1137 ἀνεῖλεν

309 1188 531 1254 αὐτοὺς,
567 1188 659 1243 καὶ
689 1186 827 1260 πρὸς
856 1185 957 1253 τὴν
1013 1182 1220 1257 Νεγρὰν
1275 1178 1439 1235 πόλιν
1495 1173 1805 1251 ἐξέδραμεν.
1836 1174 1979 1229 "Hv-

308 1300 433 1335 τινα
489 1274 917 1350 ἐπολιόρκησεν,
1007 1273 1073 1328 ού
1141 1269 1389 1343 δυνάμει,
1471 1265 1597 1322 ἀλλ’
1652 1261 1977 1337 ὲπιορκίαις.

306 1369 473 1431 Ὅθεν
531 1366 664 1427 τοὺς
698 1347 780 1419 τέν
838 1363 982 1435 αύτῇ
1037 1356 1389 1435 Χριστιανοὺς
1442 1353 1646 1411 πάντας
1701 1347 1896 1423 ἄνδρας
1922 1368 1983 1403 τε

307 1457 407 1512 καὶ
460 1460 726 1532 γυναῖκας
794 1452 1098 1529 ἐφόνευσεν.
1182 1450 1348 1512 Ἔνθα
1433 1446 1462 1500 ὁ
1519 1441 1674 1519 ἅγιος
1760 1438 1980 1532 ’έρέθας

308 1545 484 1622 γίρων
543 1539 646 1611 ὥν,
703 1540 795 1597 καὶ
834 1526 934 1615 ’μή
996 1535 1292 1611 δυνάμενος
1348 1538 1738 1611 περιπατῆσαι,
1784 1526 1980 1584 ἔκειτο.

312 1617 410 1703 ’νύξ
436 1634 503 1688 ού
561 1630 655 1687 ὅτε
710 1633 850 1706 ἦγον
911 1628 1076 1684 αὐτὸν
1136 1623 1559 1703 ἀποκεφαλίσαι,
1622 1620 1727 1674 ὑπὸ
1783 1617 1979 1691 ἐτέρων

328 1718 666 1791 ἐϐαστάζετο.
720 1718 943 1795 Ἀχθεὶς
1003 1718 1095 1772 οὖν
1154 1710 1585 1790 ἀπεκεφαλίσθη,
1645 1705 1983 1783 εὐχαριστῶν

327 1818 411 1884 τῷ
437 1817 566 1883 Θεῷ,
624 1809 765 1884 μετὰ
819 1813 929 1863 τῶν
992 1806 1204 1863 λοιπῶν
1263 1803 1627 1879 Χριστιανῶν,
1684 1801 1793 1852 τῶν
1828 1794 1882 1851 ἐν
1912 1795 1984 1867 τῇ

324 1900 480 1959 πόλει
511 1904 712 1976 Νεγρᾶ·
743 1899 834 1955 καὶ
867 1896 1043 1958 οὕτως
1074 1894 1390 1964 ἐτελειώθη.

895 2005 976 2075 Τῆ
1031 2000 1169 2075 αὖτῇ
1215 1996 1400 2073 ἡμέρᾳ

314 2103 530 2174 Μνήμη
564 2103 665 2155 τοῦ
695 2097 746 2154 ἐν
777 2096 957 2171 ἆγίοις
993 2095 1200 2169 [ἰατρὸς
1216 2095 1378 2166 ἡμῶν
1411 2086 1685 2165 Πρόκλου,
1713 2082 1977 2160 πατριάρ-

755 2208 863 2263 χου
899 2193 1017 2241 Κων
1026 2180 1547 2242 σταντινουπόλεως.

385 2301 452 2357 Ὀ
510 2298 567 2352 ἐν
629 2296 807 2373 ἁγίοις
848 2294 1038 2367 Πατὴρ
1069 2294 1231 2365 ἡμῶν
1287 2286 1557 2364 Ορόκλος,
1612 2278 1850 2351 εὐλαϐὴς
1881 2278 1975 2350 ὢν,

310 2392 405 2447 καὶ
460 2387 635 2466 σοερὸς
668 2431 684 2455 ,
735 2385 829 2442 καὶ
889 2384 1166 2459 ἐνάρετος,
1222 2378 1617 2456 ἐχειροτονήθη
1679 2376 1826 2448 παρὰ
1879 2373 1978 2427 τοῦ

314 2480 478 2557 ἁγίου
554 2475 835 2533 Σισιννίου
916 2474 1264 2549 πατριάρχου
1350 2462 1979 2524 Κωνσταντινουπόλεως

314 2551 624 2629 ἐπίσκοπος
688 2566 954 2634 Κυζίκου.
1011 2561 1287 2626 Ἀπεκθὼν
1347 2556 1425 2627 δὲ,
1474 2557 1565 2612 καὶ
1627 2556 1702 2629 μή
1764 2551 1977 2628 δεχθεὶς

313 2660 464 2736 παρὰ
490 2662 605 2713 τῶν
640 2656 754 2709 ἐκεῖ
803 2652 1108 2723 κληρικῶν,
1160 2651 1441 2726 αἱρετικῶν
1503 2641 1694 2719 ὄντων,
1722 2642 1978 2714 ὐπὲστρε-

314 2734 415 2826 ῴεν
474 2750 531 2804 ἐν
592 2742 1166 2804 Κωνσταντινουπόλει
1202 2785 1216 2809 ,
1287 2740 1379 2796 τὸν
1433 2737 1627 2812 μεταξὺ
1686 2734 1977 2811 σχολάζων

314 2840 551 2917 χρόνον,
582 2835 675 2891 καὶ
719 2832 1011 2910 προσέχων
1070 2831 1243 2904 ἑαυτῷ
1269 2851 1328 2884 τε
1383 2829 1474 2884 καὶ
1529 2832 1598 2902 τῇ
1656 2827 1979 2901 ἀναγνώσει.

313 2912 768 2998 Ῠελευτήσαντος
819 2921 877 2978 δὲ
931 2923 1273 2995 Μαξιμιανοῦ
1328 2922 1426 2974 τοῦ
1482 2917 1847 2993 πατριάρχου,
1898 2912 1981 2971 ἔτι

322 3023 422 3075 τοῦ
482 3015 753 3090 λειψάνου
812 3011 978 3067 αὐτοῦ
1033 3012 1287 3083 κειμένου
1345 3007 1399 3063 ἐν
1455 3005 1537 3080 τῷ
1591 3005 1841 3083 ἱερατείῳ
1884 3011 1985 3074 τῆς

329 3108 638 3183 ἁγιωτάτης
667 3107 766 3158 τοῖ’)
811 3100 946 3157 Θεοῦ
996 3098 1250 3175 Μεγάλης
1310 3096 1663 3167 Ἐκκλησιας,
1692 3094 1980 3171 προχειρί-

324 3204 472 3269 ζεται
531 3196 888 3270 πατριάρχης
950 3187 1596 3250 Κωνσταντινουπόλεως’
1655 3187 1747 3242 καὶ
1797 3185 1987 3261 ἐνθρυ-

326 3255 529 3357 vitam
558 3255 679 3339 κατ’
709 3255 878 3349 αδτῇήν
910 3280 1013 3349 τὴν
1077 3277 1317 3353 μεγάλην
1378 3271 1657 3351 ἑϐδομάδα
1686 3273 1739 3330 ἐν
1770 3278 1839 3348 τῇ
1864 3255 1992 3349 diqu
2023 3278 2066 3345 ρ
2103 3255 2343 3354 Christi.

327 3379 558 3450 πέμπτῃ
586 3376 686 3428 τοῦ
747 3371 1028 3445 σωτηρίου
1079 3368 1279 3429 πάθους
1326 3370 1424 3421 τοῦ
1456 3365 1660 3441 Κυρίου
1688 3367 1851 3437 ἡμῶν
1881 3365 1992 3433 Ἰη-

334 3470 431 3522 σοῦ
491 3466 755 3537 Χριστοῦ.
815 3459 917 3514 Καὶ
975 3456 1162 3519 καλῶς
1212 3455 1677 3528 πολιτευσάμενος
1733 3453 1825 3507 καὶ
1861 3453 1998 3527 μετᾶ

333 3555 432 3621 τὴν
465 3549 834 3627 χειροτονίαν,
880 3547 970 3602 καὶ
1030 3544 1277 3607 πολλοὺς
1335 3542 1427 3600 διὰ
1481 3550 1581 3614 τῆς
1641 3540 1999 3606 διδασκαλίας

351 3642 511 3697 αὖτοῦ
563 3640 855 3720 ὠφελήσας
882 3682 895 3707 ,
950 3636 1322 3708 ἐπεσκόπησεν
1378 3630 1473 3705 ἔτη
1525 3631 1736 3689 δώδεκα
1764 3631 1853 3688 καὶ
1890 3637 1998 3705 μῆ-

347 3752 441 3793 νας
471 3732 630 3806 τρεῖς,
657 3731 747 3786 καὶ
778 3725 1118 3795 τελειωθεὶς,
1149 3723 1506 3781 ἀνεπαύσατο.

913 3836 1089 3890 MHNI
1116 3833 1206 3911 Τῼ
1229 3837 1424 3912 Αγτᾳ.

1098 3926 1238 3978 KE‘.

331 4016 612 4087 Ἀθλησις
640 4018 748 4069 τῶν
784 4012 952 4089 ἁγίων
990 4012 1276 4087 μαρτύρων
1324 4007 1414 4064 καὶ
1445 4008 1708 4084 νοταρίων
1745 4010 2000 4083 Μαρκια-

832 4100 931 4157 νοῦ
989 4101 1083 4157 καὶ
1141 4101 1458 4177 Μαρτυρίου
1471 4142 1484 4160 .

403 4226 577 4283 Οὗτοι
638 4221 878 4295 μαθηταὶ
927 4218 1018 4275 καὶ
1075 4217 1317 4294 νοτάριοι
1376 4219 1634 4293 ύπῆρχον
1684 4221 1783 4271 τοῦ
1838 4218 1999 4292 ἁγίου

330 4312 561 4371 Παύλου
642 4315 741 4366 τοῦ
828 4307 1185 4383 ὁμολογητοῦ
1218 4352 1234 4378 ,
1293 4309 1640 4383 πατριάρχου
1708 4307 2003 4382 γεγονότος

329 4399 1002 4468 Κωνσταντινουπόλεως,
1060 4396 1146 4452 ἐπὶ
1203 4403 1306 4467 τῆς
1375 4393 1656 4471 βασιλείας
1714 4398 2002 4452 Κωνσταν-

329 4494 478 4551 τίου.
514 4490 671 4549 Ἐπεὶ
694 4487 920 4544 οῶὁέν
977 4486 1160 4563 ἁγίοις
1218 4485 1435 4543 Παῦλος
1494 4487 1621 4562 παρ’
1680 4485 1844 4541 αὐτοῦ
1898 4490 2001 4541 τοῦ

336 4582 638 4661 βασιλέως,
672 4576 849 4634 διὰτὸ
900 4578 976 4651 μή
1031 4573 1423 4652 καταδέχεσθαι
1478 4577 1579 4645 τήν
1635 4579 1745 4631 τῶν
1777 4575 1993 4651 Ἀρεια-

334 4680 445 4728 νῶν
497 4672 729 4744 αἳρεσιν,
761 4665 1133 4738 ἢκοινωνίαν,
1192 4664 1341 4721 ἀλλά
1393 4664 1622 4727 τούτους
1681 4665 1996 4738 ἀποκηρύτ-
2029 4638 2078 4705 D

330 4785 471 4830 τειν,
546 4757 838 4831 ὑπερόριος
895 4755 947 4811 ἐν
1016 4754 1277 4829 Ἀρμενίᾳ
1326 4755 1570 4831 γὲγονεν,
1633 4750 1765 4819 ἔνθα
1819 4756 1998 4810 καὶτὸ

340 4849 614 4925 μακάριον
647 4844 858 4919 ἐδέξατο
915 4842 1100 4912 τελος,
1132 4844 1450 4919 ἀποπνιγεὶς
1509 4843 1616 4898 ἀπὸ
1640 4848 1750 4899 τῶν
1779 4845 2001 4920 Ἀρεια-

337 4942 446 4995 νῶν
482 4936 575 4993 διὰ
602 4936 703 5005 τὴν
737 4932 1032 5008 ὁρθόδοξον
1062 4932 1386 5007 ὁμολογίαν*
1431 4933 1521 4988 καὶ
1556 4933 1705 4987 οὗτοι
1734 4933 1803 4987 τὰ
1831 4931 1999 5005 ὅμοια

335 5033 669 5107 ῳρονοῦντες
694 5030 776 5097 τῷ
804 5022 1138 5097 διδασκαλῳ,
1169 5023 1302 5085 τοὺς
1358 5024 1670 5099 Ἀρειανοὺς
1726 5020 1996 5101 ἤλεγχον,

333 5122 430 5177 καὶ
501 5119 879 5194 ἐκρατήθησαν
960 5114 1108 5189 παρᾶ
1184 5112 1473 5168 Φιλίππου
1555 5117 1652 5168 τοῦ
1729 5112 1998 5189 ἐπάρχου,

336 5212 628 5285 Ἀρειανοῦ
686 5204 867 5273 ὄντος,
899 5201 991 5258 καὶ
1021 5200 1208 5258 πολλὰ
1261 5202 1688 5278 τιμωρηθὲντες,
1745 5201 2001 5258 ἀπεκλείο

335 5304 535 5371 σθησαν
594 5295 671 5360 εἷς
733 5292 1019 5360 σκοτεινὴν
1083 5291 1331 5369 φυλακὴν
1364 5336 1379 5361 ,
1440 5290 1592 5365 λιμῷ
1644 5291 1736 5347 καὶ
1820 5292 2000 5348 σκότει

312 5387 785 5467 ’βασανιζόμενον
848 5375 1201 5450 ἐκϐληθέντες
1260 5378 1318 5436 δὲ
1371 5387 1474 5452 τῆς
1529 5382 1801 5460 φυλακῆς,
1831 5383 2002 5456 ἠναγ-

312 5482 555 5553 ’κάζοντο
617 5472 909 5537 συνελθεῖν
969 5468 1048 5531 είς
1102 5472 1203 5540 τὴν
1259 5475 1369 5525 τῶν
1424 5472 1717 5547 Ἀρειανῶν
1772 5471 1998 5547 αἳρεσινο

328 5574 411 5629 καί
472 5573 550 5645 μή
603 5563 931 5628 πεισθέντες
963 5602 978 5627 ,
1063 5556 1358 5634 ἀπάγονται
1443 5559 1495 5615 ἐν
1549 5565 1631 5634 τῷ
1701 5559 1852 5634 ἄκρῳ
1901 5565 2000 5616 τοῦ

316 5666 582 5741 τείχους,
645 5654 744 5712 καὶ
808 5650 1107 5741 σφάζονται
1172 5648 1306 5721 μετὰ
1365 5653 1676 5725 μαχαιρῶν·
1726 5647 1855 5716 ’ἔνθα
1908 5650 2000 5707 καὶ

315 5760 382 5819 τά
400 5739 642 5834 λείψανα
672 5747 868 5806 αὐτῶν
901 5739 1285 5814 κατιτὲθησαν.

2010 1910 2061 1975 Β

2088 650 2273 708 gnum
2298 636 2535 687 tenente
2557 628 2886 684 Elesbaano
2905 623 3119 679 eximio
3138 621 3489 677 Christianas
3512 618 3748 690 religio-

2090 724 2185 779 nis
2214 722 2468 787 cultore,
2495 716 2836 783 Homeritis,
2862 729 3116 786 quorum
3146 711 3305 780 regio
3338 709 3399 764 in
3430 708 3749 779 Scripturis

2090 813 2276 867 sacris
2311 809 2486 877 Saba,
2521 825 2556 863 a
2586 806 2804 863 Graecis
2844 808 3042 858 autem
3073 800 3235 856 Felix
3264 798 3484 854 Arabia
3503 796 3743 864 dicitur,

2090 900 2372 956 Hebraeus
2400 898 2642 970 quidam
2694 893 3044 965 imperabat.
3076 889 3442 944 Elesbaanus
3471 903 3608 942 vero
3643 904 3745 941 su-

2089 996 2294 1063 perato
2346 988 2612 1055 Hebrmo,
2634 985 2845 1041 urbem
2878 983 3005 1053 ejus
3035 978 3331 1052 pl‘tBSldllS
3380 977 3743 1032 ﬁrmaverat.

2087 1083 2163 1136 At
2188 1079 2489 1143 Hebraeus,
2521 1092 2674 1132 casso
2704 1077 2951 1144 repente
2983 1068 3282 1143 praesidio,
3305 1067 3380 1124 ad
3401 1066 3611 1122 urbem
3633 1066 3747 1120 Ne-

2093 1185 2259 1240 gram
2290 1165 2614 1231 contendit,
2649 1180 2828 1236 quam
2859 1177 2997 1216 cum
3028 1176 3151 1214 non
3188 1158 3264 1224 vi,
3326 1155 3431 1211 sed
3462 1154 3747 1227 perjuriis

2089 1258 2366 1329 cepisset,
2416 1255 2784 1311 Christianos
2822 1266 3030 1306 omnes
3068 1248 3151 1303 ibi
3181 1251 3470 1317 repertos,
3500 1243 3656 1299 viros
3688 1247 3749 1298 et

2086 1347 2365 1415 feminas,
2398 1344 2732 1400 trucidavit.
2786 1342 3035 1396 Sanctus
3066 1342 3266 1393 autem
3296 1334 3548 1389 Arethas
3606 1348 3744 1387 cum

2090 1437 2258 1493 senio
2289 1435 2596 1491 confectus
2646 1434 2896 1505 jaceret,
2955 1444 3151 1499 neque
3206 1443 3313 1498 per
3342 1440 3405 1480 se
3436 1421 3745 1478 ambulare

2086 1530 2310 1599 posset,
2342 1522 2809 1580 succollantibus
2840 1520 2978 1575 aliis
3006 1517 3083 1573 ad
3114 1515 3339 1572 easdem
3370 1512 3603 1568 delatus
3633 1516 3741 1566 est.

2087 1614 2278 1679 Quare
2308 1612 2528 1685 gratias
2556 1612 2676 1666 Deo
2706 1625 2909 1682 agens,
2944 1605 3300 1673 decollatus}
3320 1602 3435 1657 fuit
3458 1616 3581 1655 una
3608 1616 3746 1655 cum

2086 1701 2337 1772 reliquis
2368 1699 2721 1754 Christianis
2752 1698 2815 1752 in
2846 1695 2992 1751 urbe
3024 1697 3213 1765 Negra
3252 1690 3532 1763 repertis,
3567 1693 3747 1759 atque

2091 1792 2173 1845 ita
2202 1791 2385 1845 ﬁnem
2405 1790 2538 1844 vitea
2566 1788 2815 1859 accepit.

2746 1981 2963 2036 Eodem
2996 1980 3092 2035 die

2162 2077 2320 2134 140
2363 2073 2821 2130 Commemoratio
2848 2071 3026 2126 sancti
3054 2070 3238 2123 Patris
3268 2067 3445 2121 nostri
3468 2064 3674 2132 Procli,

2412 2163 2757 2220 Patriarchae
2809 2157 3425 2228 Constantinopolitani.

2166 2274 2417 2328 Sanctus
2446 2273 2622 2326 Pater
2648 2272 2853 2324 noster
2872 2265 3137 2332 Proclus,
3170 2264 3411 2336 pietate,
3436 2260 3748 2333 sapientia,

2094 2367 2152 2418 et
2184 2362 2396 2417 virtute
2426 2359 2698 2432 insignis,
2734 2374 2768 2412 a
2797 2356 3015 2411 Sisinio
3048 2352 3385 2426 patriarcha
3413 2350 3753 2406 Constanti-

2091 2451 2441 2523 nopolitano
2473 2449 2785 2521 episcopus
2814 2445 3001 2518 Cyzici
3034 2448 3287 2511 creatus,
3320 2456 3515 2512 neque
3560 2455 3596 2495 a
3625 2439 3748 2494 cle-

2094 2541 2234 2596 ricis
2263 2538 2606 2611 Clyzicenis,
2640 2536 2858 2608 quippe
2891 2533 2993 2604 qui
3026 2530 3289 2587 haeretici
3317 2533 3511 2597 erant,
3545 2544 3751 2599 recep-

2095 2636 2212 2697 tus,
2244 2610 2823 2698 Constantinopolim
2853 2610 3051 2692 rediit,
3085 2622 3287 2693 ibique
3305 2619 3434 2675 dies
3466 2618 3605 2690 egit,
3637 2613 3750 2671 sibi

2095 2720 2233 2792 ipsi,
2257 2725 2314 2775 et
2334 2718 2577 2774 lectioni
2601 2732 2833 2772 vacans.
2861 2712 3148 2769 Defuncto
3171 2715 3370 2767 autem
3397 2707 3750 2763 Maximiano

2096 2807 2453 2880 patriarcha,
2469 2821 2604 2862 cum
2625 2805 2754 2876 ejus
2773 2802 3043 2873 reliquiae
3065 2799 3258 2856 adhuc
3274 2798 3337 2853 in
3359 2795 3749 2853 sanctissimas

2099 2902 2158 2952 et
2187 2898 2408 2968 Magna)
2439 2895 2542 2949 Dei
2572 2892 2852 2949 Ecclesia:
2910 2889 3168 2945 sacrario
3203 2888 3494 2961 jacerent,
3526 2885 3589 2939 in
3620 2884 3750 2956 ejus

2098 2987 2297 3043 locum
2327 2984 2667 3058 patriarcha
2693 2979 3390 3051 Constantinopolitanus
3417 2976 3662 3042 electus,
3687 2974 3751 3031 in

2098 3078 2315 3133 throno
2367 3075 2694 3131 collocatur
2748 3073 2812 3127 in
2872 3070 3085 3141 majori
3151 3066 3547 3133 hebdomade,
3604 3064 3755 3120 feria

2101 3168 2310 3239 quinta
2358 3163 2639 3221 salutaris
2696 3161 2998 3233 passionis
3054 3158 3288 3214 Domini
3373 3155 3561 3211 nostri
3617 3155 3755 3209 Jesu

2377 3255 2642 3325 Cumque
2687 3256 2823 3323 post
2880 3248 3324 3305 ordinationem
3379 3244 3666 3317 praeclare
3699 3259 3761 3299 se

2103 3344 2407 3417 gessisset,
2442 3341 2766 3411 multisque
2794 3338 3066 3394 doctrina
3096 3352 3204 3392 sua
3222 3334 3563 3407 profuisset,
3589 3347 3762 3387 exac-

2104 3433 2182 3487 tis
2212 3431 2276 3486 in
2307 3431 2656 3501 episcopatu
2686 3428 2863 3483 annis
2922 3424 3238 3481 duodecim
3279 3439 3347 3479 ac
3376 3421 3568 3477 tribus
3594 3436 3764 3475 men-

2105 3519 2294 3587 sibus,
2317 3519 2382 3574 in
2412 3534 2557 3590 pace
2585 3516 2834 3589 quievit.

2663 3783 2907 3841 EODEM
2956 3783 3209 3838 MENSE.

2610 3875 2714 3931 Die
2745 3873 3027 3930 vicesima
3057 3872 3268 3944 quinta

2111 3969 2260 4023 141
2302 3968 2590 4022 Certamen
2619 3971 2937 4021 sanctorum
2992 3968 3304 4031 martyrum
3340 3967 3391 4017 et
3419 3962 3769 4017 notariorum

2610 4055 2883 4111 Marciani
2900 4058 2955 4107 et
2984 4054 3266 4122 Martyrii.

2184 4236 2252 4291 Hi
2284 4233 2586 4306 discipuli,
2610 4238 2669 4287 et
2692 4230 2909 4288 notarii
2941 4231 3106 4286 fuere
3137 4231 3327 4286 sancti
3348 4230 3519 4286 Pauli
3540 4228 3766 4286 confes-

2113 4324 2266 4380 soris
2291 4328 2352 4378 et
2379 4320 2731 4394 patriarchas
2780 4318 3449 4390 Constantinopolitaui,
3483 4317 3765 4389 tempori-

2111 4413 2223 4469 bus
2253 4410 2582 4467 Constantii
2614 4408 3013 4480 imperatoris.
3046 4409 3368 4478 Postquam
3399 4412 3598 4462 autem
3630 4422 3765 4460 san-

2111 4508 2241 4558 ctus
2273 4499 2492 4556 Paulus
2524 4498 2596 4555 ab
2639 4497 2849 4554 eodem
2891 4497 3272 4568 imperatore,
3306 4494 3466 4566 quod
3493 4495 3567 4550 ab
3599 4494 3767 4549 Aria-

2109 4606 2324 4646 norum
2354 4588 2567 4644 haaresi
2595 4586 2945 4653 abhorrens,
2976 4582 3205 4639 nullam
3237 4600 3374 4639 cum
3405 4582 3478 4638 iis
3500 4598 3766 4639 commu-

2108 4681 2355 4736 nionem
2376 4678 2627 4749 jungere
2669 4674 2973 4740 voluisset,
3006 4675 3068 4728 in
3099 4673 3446 4728 Armeniam
3473 4672 3767 4746 relegatus

2107 4769 2240 4834 fuit,
2274 4766 2475 4837 ibique
2507 4764 2747 4821 beatum
2780 4763 2910 4818 vita:
2934 4763 3115 4819 ﬁnem
3146 4763 3395 4834 accepit,
3429 4761 3501 4818 ab
3532 4760 3770 4817 Arianis

2108 4859 2181 4914 ob
2215 4856 2607 4913 orthodoxam
2665 4853 3106 4910 confessionem
3139 4853 3584 4925 strangulatus;
3617 4854 3769 4908 Mar-

2110 4945 2316 5001 cianus
2349 4950 2406 5000 et
2448 4942 2761 5014 Martyrius
2792 4941 3052 5013 vestigiis
3085 4942 3350 5013 magistri
3383 4941 3767 5006 inhaerentes,

2110 5035 2270 5106 quod
2311 5034 2562 5089 Arianos
2618 5029 3022 5102 objurgarent,
3082 5047 3115 5086 a
3166 5031 3441 5103 Philippo
3488 5030 3768 5102 praefecto

2109 5124 2328 5179 Ariano
2385 5119 2823 5193 comprehensi,
2857 5119 3079 5191 diuque
3128 5120 3290 5188 torti,
3341 5120 3403 5175 in
3435 5119 3767 5175 tenebrico-

2111 5230 2247 5270 cum
2305 5227 2608 5270 carcerem
2655 5208 3070 5276 includuntur,
3105 5214 3173 5264 ut
3218 5209 3375 5266 fame
3410 5226 3476 5265 ac
3508 5209 3772 5265 tenebris

2112 5303 2571 5360 conficerentur.
2594 5300 2739 5355 Inde
2762 5298 3007 5354 eductos
3029 5298 3469 5371 compellebant
3492 5299 3772 5353 Arianam

2109 5393 2431 5449 hmresium
2489 5389 2770 5463 amplecti
2806 5406 2819 5444 :
2853 5389 2915 5443 in
2963 5389 3265 5460 proposito
3310 5392 3509 5444 autem
3539 5388 3770 5460 persis-

2110 5488 2326 5548 tentes,
2360 5481 2434 5537 ad
2464 5480 2620 5537 muri
2648 5477 3053 5535 summitatem
3091 5476 3399 5543 adductos,
3433 5474 3646 5549 gladiis
3666 5475 3769 5548 ju-

2109 5572 2391 5645 gularunt
2423 5587 2436 5626 :
2470 5569 2572 5627 ubi
2603 5574 2663 5626 et
2692 5583 2897 5625 eorum
2928 5565 3198 5637 reliquias
3229 5564 3512 5636 depositae
3531 5569 3690 5623 sunt.
