4124 6426
377 377 494 437 127

388 600 546 656 142
583 599 868 654 Certamen
925 600 1105 653 sancti
1150 599 1410 665 martyris
1452 597 1586 651 Vari
1617 602 1667 650 et
1723 599 2037 648 sanctorum

930 702 1133 765 septem
1174 697 1468 749 sociorum.

451 789 697 842 Sanctus
729 791 952 855 martyr
985 787 1188 850 Varus,
1235 783 1588 838 Maximiano
1649 781 2031 851 imperatore,

378 876 654 948 stipenda
684 877 744 929 in
775 877 1014 944 Algypto
1056 890 1316 939 merens,
1357 888 1574 943 genere
1607 876 1665 925 et
1694 870 1910 942 pietate
1941 869 2036 922 in-

375 966 581 1038 signis,
617 980 748 1019 cum
783 963 970 1018 sancti
1006 963 1247 1033 quidam
1269 962 1374 1016 viri
1398 979 1468 1016 ex
1502 961 1794 1016 montium
1826 973 2033 1028 specu-

377 1056 510 1121 bus,
544 1055 605 1107 in
637 1052 854 1123 quibus
887 1052 988 1107 diu
1034 1052 1352 1117 latuerant,
1409 1050 1678 1116 extracti,
1711 1049 1774 1104 in
1799 1045 2036 1102 vincula

375 1143 447 1199 ob
479 1142 693 1197 Christi
727 1142 907 1196 ﬁdem
939 1147 1141 1196 essent
1170 1141 1447 1210 conjecti,
1481 1154 1781 1194 carcerem
1815 1139 2034 1208 ingres-

374 1251 497 1301 sus,
531 1233 758 1288 solutos
789 1233 1015 1287 catenis
1035 1237 1273 1287 sanctos
1295 1231 1484 1286 multa
1505 1229 1868 1302 benignitate
1903 1244 2035 1297 pro-

375 1329 616 1381 secutus
648 1328 776 1377 est:
809 1323 902 1377 cui
937 1323 1024 1376 illi
1060 1327 1332 1376 auctores
1378 1323 1638 1387 fuerunt,
1672 1325 1736 1373 ut
1766 1319 2030 1374 absterso

372 1413 555 1469 animi
595 1418 782 1479 metu,
817 1416 1020 1482 aperte
1063 1416 1121 1466 et
1177 1411 1375 1482 palam
1430 1410 1729 1464 Christum
1787 1408 2028 1462 coleret.

372 1504 521 1558 Cum
553 1501 733 1573 igitur
763 1517 921 1555 unus
955 1501 1196 1554 illorum
1229 1505 1457 1570 septem
1490 1500 1552 1553 in
1584 1514 1821 1553 carcere
1847 1497 2029 1552 obiis-

375 1596 484 1656 set,
516 1591 576 1644 in
612 1589 876 1644 defuncti
931 1589 1129 1644 locum
1161 1595 1401 1643 sanctus
1436 1590 1616 1643 Varus
1650 1603 1779 1642 sese
1811 1586 2032 1641 substi-

373 1679 508 1734 tuit.
559 1678 725 1742 Quod
768 1678 869 1732 ubi
927 1678 1164 1732 rescivit
1224 1677 1558 1748 praefectus,
1615 1675 1936 1731 adductum
1967 1675 2030 1729 in

373 1774 760 1840 conspectum
784 1784 958 1822 suum
989 1769 1202 1821 Varum
1235 1783 1356 1821 una
1381 1783 1515 1821 cum
1542 1765 1810 1836 reliquis,
1845 1770 1904 1818 et
1923 1781 2030 1835 pa-

1701 372 1754 433 M
1767 366 2132 432 ENOLUGII
2175 369 2387 430 PARS
2434 368 2484 428 Ι.

1025 509 1246 562 Eodem
1293 507 1388 562 die
2059 500 2117 567 Α

3682 377 3794 435 128

2743 504 2820 574 Τῇ
2851 500 2986 576 αὐτῇ
3019 501 3202 577 ἡμέρα

2141 588 2409 658 ἈθΛησις
2465 592 2564 644 τοῦ
2620 588 2778 664 ἁγίου
2841 588 3115 666 μάρτυρος
3172 590 3390 667 Οὐάρου
3443 593 3532 648 καὶ
3564 599 3672 651 τῶν
3708 597 3801 655 σὺν

2674 678 2822 750 αὐτῷ
2873 679 3006 733 ἒπτά
3063 678 3252 754 ἁγίων.

2211 785 2272 841 Ὀ
2305 785 2456 860 ἅγιος
2488 786 2692 857 μάρτυς
2739 784 2950 861 Οὐαρος
3012 788 3256 861 ὑπῆρχεν
3317 787 3406 843 ἐπὶ
3456 790 3800 865 Μαξιμιανοῦ

2137 877 2236 927 τοῦ
2296 871 2587 946 βασιλέως,
2639 876 3068 949 στρατευόμενος
3132 875 3182 930 έν
3242 877 3549 950 Αἰγύπτου,
3607 882 3798 956 γένους

2139 957 2213 1015 ὥν
2265 961 2539 1034 ἐπισήμου
2589 962 2678 1018 καὶ
2735 959 3010 1026 εὐσεϐοῦς.
3072 967 3463 1040 Κρατηθέντων
3517 966 3574 1024 δὲ
3623 975 3788 1026 τινῶν

2140 1049 2301 1106 ὁσίων
2338 1050 2568 1127 ἀνδρῶν,
2625 1057 2733 1107 τῶν
2793 1053 3059 1128 πρότερον
3115 1055 3208 1127 μὶν
3242 1056 3294 1110 ἐν
3327 1053 3476 1131 ὄρεσι
3531 1059 3620 1114 καὶ
3650 1081 3797 1132 σπη-

2139 1139 2318 1202 λαίοις
2371 1141 2457 1197 ἐπὶ
2516 1143 2746 1217 χρόνοις
2805 1141 3043 1205 πολλοῖς
3095 1141 3518 1218 διατριψάντων,
3570 1147 3684 1203 εἶτα
3721 1153 3792 1225 τῇ

2138 1231 2355 1309 φυλακῇ
2387 1229 2802 1306 παραδοθέντων
2835 1231 2926 1288 διὰ
2967 1235 3057 1289 τὸν
3115 1235 3379 1311 Χριστόν·
3441 1238 3734 1314 εἷ’σήρχετο
3767 1241 3796 1295 6

2137 1324 2288 1396 ἅγιος
2321 1319 2558 1396 Οὔαρος,
2593 1320 2742 1376 λύων
2800 1323 3000 1385 αὐτούς
3059 1328 3164 1380 τῶν
3217 1325 3486 1398 ἁλύσεων,
3543 1329 3634 1383 καὶ
3664 1330 3798 1384 τού-

2133 1431 2242 1466 των
2272 1409 2729 1483 ὶπιμελούμενος·
2765 1413 2960 1474 οἳτινες
3008 1415 3098 1467 καὶ
3157 1409 3344 1490 ἔλεγον
3375 1417 3526 1488 αύτῷ
3583 1416 3799 1494 παρῤηο

2137 1499 2438 1571 σιάσασθαι,
2497 1499 2586 1554 καὶ
2641 1502 2716 1572 μή
2775 1502 3167 1574 κεκρυμμένως
3226 1499 3472 1559 σέϐεσθαι
3526 1507 3616 1560 τὸν
3670 1509 3803 1582 Χριο

2136 1591 2283 1646 στόν.
2319 1589 2471 1647 Ἐπεὶ
2507 1589 2596 1644 οὗν
2631 1591 2702 1652 εἷς
2734 1594 2840 1644 τῶν
2904 1590 3038 1645 έπτά
3087 1590 3138 1646 ὲν
3196 1593 3343 1665 αὑτῷ
3396 1599 3476 1666 τῷ
3503 1593 3799 1668 δεσμωτη-

2135 1677 2240 1752 ρίῳ
2265 1678 2544 1751 ἀπέθανεν,
2592 1677 2826 1750 ένέταξεν
2877 1680 3061 1734 ἑαυτὸν
3120 1681 3228 1734 ἀντ’
3283 1681 3490 1738 ἐκείνου
3547 1686 3575 1739 6
3637 1687 3797 1759 ἅγιος

2135 1767 2364 1842 Οῧαρος.
2398 1768 2497 1822 Καὶ
2556 1765 2978 1844 διαγνωσθέντος
3009 1771 3204 1825 τούτου
3233 1775 3311 1843 τῷ
3340 1773 3590 1848 ἡγεμόνι,
3630 1771 3789 1850 ⁴ἒςχθη

375 1857 498 1913 lam
528 1857 826 1913 Christum
885 1855 1244 1920 confessum,
1303 1855 1478 1926 virgis
1535 1854 1682 1909 caedi
1733 1853 1934 1924 jussit,
1970 1859 2028 1908 et

2150 1856 2362 1911 ἐνώπιον
2414 1857 2580 1911 αὐτοῦ
2629 1859 2763 1929 μετὰ
2816 1861 2924 1912 τῶν
2987 1856 3226 1918 λοιπῶν,
3287 1861 3384 1915 Καὶ
3424 1867 3665 1938 φανερῶς
3694 1863 3792 1918 τὸν

376 1961 734 2016 suspensum
765 1944 826 1998 in
858 1943 1145 1998 lateribus
1175 1942 1472 1998 dilaniari.
1528 1941 1812 1996 Similiter
1841 1945 1900 1995 et
1929 1957 2026 1995 sex

370 2034 588 2104 reliqui
621 2033 811 2088 sancti
844 2033 906 2088 in
959 2032 1215 2087 sublime
1247 2031 1490 2102 arrepti,
1522 2030 1732 2085 ferreis
1789 2030 2030 2102 ungulis

370 2125 582 2198 depexi
605 2131 764 2193 sunt,
797 2125 1093 2196 virgisque
1115 2140 1221 2194 per
1243 2123 1508 2194 quinque
1541 2122 1716 2177 horas
1738 2121 2027 2194 percussi,

374 2215 565 2271 donec
597 2215 872 2286 spiritum
903 2213 1150 2268 Domino
1175 2212 1494 2267 tradidere.

926 2481 1168 2537 EODEM
1227 2480 1370 2534 MEN
1378 2479 1478 2533 SE.

894 2571 999 2626 Die
1026 2570 1307 2625 vicesima
1349 2572 1515 2622 sexta

447 2663 600 2719 143
633 2661 921 2716 Certamen
950 2662 1129 2716 sancti
1158 2661 1351 2728 magni
1380 2657 1643 2726 martyris
1674 2656 1957 2711 Demetrii.

451 2779 929 2838 Gloriosissimus
959 2777 1176 2833 Christi
1208 2781 1435 2847 martyr
1463 2775 1816 2840 Demetrius,
1851 2772 2032 2828 Maxi-

377 2873 580 2928 miano
613 2871 992 2941 imperatore,
1023 2884 1093 2922 ex
1137 2866 1284 2921 urbe
1335 2863 1756 2920 Thessalonica
1783 2862 1915 2927 fuit,
1946 2861 2035 2916 vir

377 2962 534 3034 pius,
567 2961 640 3016 'et
695 2958 1047 3014 Christiana
1097 2955 1236 3012 fidei
1294 2955 1598 3027 magister.
1657 2953 1804 3008 Cum
1834 2957 2033 3008 autem

379 3049 772 3106 Maximianus
828 3045 1309 3101 Thessalonicam
1366 3043 1649 3113 venisset,
1691 3045 2034 3098 accusatum

377 3139 729 3195 Christianae
751 3136 1060 3210 religionis
1086 3139 1357 3190 sanctum
1375 3133 1738 3189 Demetrium
1761 3147 2033 3202 compre-

2135 1945 2366 2021 Χριστὸν
2403 1944 2783 2020 ὁμολογήσας,
2840 1946 3096 2002 τύπτεται
3157 1944 3400 2024 ῥάϐδοις*
3459 1951 3548 2005 καὶ
3579 1971 3798 2026 κρεμα-

2138 2032 2282 2096 σθεὶς
2313 2032 2482 2104 ξέεται
2538 2033 2634 2095 τὰς
2684 2032 2946 2109 πλευράς.
3006 2034 3228 2106 Ομοίως
3287 2037 3375 2091 καὶ
3432 2038 3489 2091 οἱ
3519 2038 3712 2093 λοιποὶ
3741 2035 3798 2109 ἕξ

2137 2120 2281 2194 ἅγιοι
2342 2120 2434 2176 σὺν
2519 2121 2668 2193 αύτῷ
2751 2125 3144 2197 κρεμασθέντες
3225 2123 3436 2195 ἐξέοντο
3499 2127 3632 2199 μετά
3683 2132 3798 2182 τῶν

2137 2208 2382 2284 σιδηρῶν
2441 2211 2677 2286 ὀνυχων.
2739 2212 2838 2266 Καὶ
2889 2213 3033 2267 οὕτω
3092 2213 3358 2287 ξεόμενοι,
3416 2217 3506 2270 καὶ
3569 2212 3800 2292 ῥάϐδοις

2136 2301 2490 2374 τυπτόμενοι,
2521 2301 2608 2356 ἐπὶ
2653 2300 2812 2356 πέντε
2842 2301 3029 2375 ὠραις,
3062 2301 3380 2378 παρέδωκαν
3407 2305 3473 2360 τά
3511 2305 3800 2379 πνεύματα

2138 2391 2316 2446 αὐτῶν
2343 2395 2424 2462 τῷ
2455 2389 2667 2462 Κυρίῳ,

2676 2480 2862 2538 ΜΠΝΙ
2916 2485 3000 2534 Tn
3056 2482 3256 2538 AI‘TQ.

2903 2571 3015 2638 KC'.

2211 2659 2477 2726 ἈθΛησις
2516 2661 2613 2712 τοῦ
2653 2656 2809 2733 ἁγίου
2853 2657 3344 2735 μεγαλομάρτυρος
3378 2660 3719 2735 Δημητρίου.

2210 2776 2272 2832 Ὀ
2329 2771 2650 2844 πανένδοξος
2721 2779 2818 2828 τοῦ
2901 2780 3139 2849 Χριστοῦ
3200 2775 3404 2852 μάρτυς
3471 2780 3798 2854 Δημήτριος

2141 2863 2391 2938 ύπῆρχεν
2423 2862 2509 2918 ἐπὶ
2540 2865 2638 2932 τῆς
2698 2861 2977 2939 βασιλείας
3031 2866 3397 2939 Μαξιμιανοῦ,
3429 2887 3490 2922 εκ
3541 2874 3640 2937 τῆς
3673 2874 3808 2924 Θεσο

2141 2953 2438 3022 σαλονίκης
2466 2951 2709 3014 πόλεως’
2764 2948 2994 3022 εὐσεϐὴς
3055 2950 3153 3022 ὢν,
3205 2955 3297 3008 καὶ
3327 2961 3428 3025 τῆς
3462 2954 3537 3018 εἷς
3569 2957 3808 3032 Χριστὸν

2142 3039 2473 3104 διδάσκαλος
2523 3040 2777 3105 πίστεως.
2839 3042 3121 3099 ’Ᾱπελθὼν
3183 3041 3241 3098 δὲ
3298 3045 3326 3100 6
3373 3045 3712 3118 Μαξιμιανὸς
3747 3045 3808 3102 έν

2139 3133 2208 3204 τῇ
2241 3131 2628 3206 Θεσσαλονικῃ,
2660 3130 2748 3186 καὶ
2813 3133 2999 3206 μαθὼν
3056 3133 3181 3203 περὶ
3228 3137 3329 3189 τοῦ
3387 3136 3548 3211 ἁγίου
3607 3143 3813 3211 Δημη-

378 3228 558 3284 hendi
583 3227 903 3294 mandavit,
931 3230 1272 3295 tortumque
1291 3225 1353 3279 in
1375 3224 1437 3278 in
1459 3238 1760 3279 carcerem
1782 3221 2032 3279 includi.

2150 3222 2327 3298 τρίου,
2389 3224 2472 3277 ὅτι
2530 3223 2853 3298 Χριστιανός
2911 3223 3078 3296 ἐστιν,
3139 3223 3428 3301 ἐκράτησεν
3488 3227 3674 3297 αὐτὸν,
3706 3227 3807 3284 καὶ

378 3318 645 3374 Habebat
671 3333 806 3372 vero
838 3316 998 3371 idem
1039 3315 1428 3370 Maximianus
1459 3311 1778 3386 quemdam
1807 3310 2037 3384 gladia~

377 3414 589 3477 torem,
626 3409 861 3480 Lyaeum
895 3407 1164 3473 nomine,
1217 3405 1289 3461 de
1343 3421 1460 3476 quo
1520 3403 1906 3476 gloriabatur,
1940 3401 2041 3456 in-

380 3499 616 3570 quiens,
645 3497 947 3552 neminem
980 3496 1126 3563 fore,
1155 3497 1254 3566 qui
1289 3494 1573 3567 singulari
1614 3509 1750 3548 cum
1782 3491 1886 3547 illo
1917 3507 2046 3546 cer-

377 3587 600 3643 tamine
633 3603 1005 3660 congressus,
1039 3585 1222 3641 victor
1251 3583 1603 3640 discederet.
1630 3582 1695 3637 Id
1727 3581 1829 3636 ubi
1861 3579 2042 3636 resci-

383 3679 467 3732 vit
521 3681 732 3732 Nestor
763 3677 1007 3748 quidam
1065 3675 1573 3742 adolescentutus,
1635 3689 1936 3728 carcerem
1967 3670 2042 3726 ad

380 3772 654 3823 sanctum
685 3765 1051 3821 Demetrium
1081 3765 1407 3836 ingressus,
1441 3761 1710 3834 ejusdem
1746 3760 2043 3834 prmcibus

379 3873 442 3912 se
475 3853 922 3922 commendans,
955 3869 1091 3908 cum
1120 3853 1290 3923 Lyaeo
1323 3867 1699 3924 congressus,
1736 3851 2042 3905 hominem

379 3945 520 3999 vicit
551 3949 610 3998 et
640 3942 875 3997 occidit.
903 3941 1060 3996 Tulit
1087 3940 1514 3996 molestissime
1552 3939 1897 4012 gladiatoris
1929 3956 2040 3994 caa-

381 4035 518 4091 dem
568 4032 976 4100 Maximianus,
1037 4033 1208 4103 cujus
1267 4038 1570 4086 auctorem
1618 4030 1798 4086 fuisse
1829 4032 2042 4085 Deme-

380 4125 562 4180 trium
587 4140 724 4178 cum
749 4121 1137 4195 cognovisset,
1171 4121 1336 4175 misit
1365 4120 1564 4174 statim
1584 4121 1683 4191 qui
1711 4121 1772 4174 in
1804 4137 2041 4175 carcere

381 4231 517 4269 eum
551 4212 978 4268 interficerent.
1005 4209 1305 4264 Abeuntes
1337 4209 1517 4281 igitur
1539 4209 1763 4264 milites
1815 4209 2040 4264 lanceis

381 4319 519 4358 eum
551 4303 610 4358 in
642 4316 877 4356 carcere
908 4299 1496 4355 transverberarunt:
1549 4298 1648 4352 ubi
1672 4298 1904 4370 jacens,
1939 4314 2043 4352 cu-

377 4394 643 4450 rationes
674 4389 887 4446 fundit.

1034 4505 1256 4560 Eodem
1292 4503 1386 4560 die

2151 3312 2453 3375 Βασανίσας
2504 3311 2841 3371 ἀπέκλεισεν.
2883 3317 3020 3390 Εἶχε
3078 3311 3136 3370 δὲ
3189 3313 3314 3370 τότε
3369 3317 3398 3371 6
3458 3317 3811 3390 Μαξιμιανὸς

2151 3401 2472 3478 μονομάχον
2529 3402 2648 3458 τινά
2699 3400 2928 3476 ὅνόματι
2989 3403 3212 3459 Λύαιον·
3271 3404 3362 3460 καὶ
3414 3404 3686 3482 ἐκαυχᾶτο
3718 3405 3808 3462 ἐπ’

2149 3492 2326 3565 αὐτῷ,
2395 3490 2587 3569 λέγων,
2643 3491 2726 3546 ὅτι
2787 3491 2849 3547 οὐ
2909 3494 2988 3566 μὴ
3050 3494 3246 3568 εὑρεθῇ
3288 3514 3374 3557 τις
3431 3502 3651 3566 νικῆσαι
3708 3494 3812 3553 τὸν

2150 3583 2349 3640 Λύαιον
2382 3628 2395 3642 .
2458 3582 2556 3638 Καὶ
2627 3585 2814 3656 μαθὼν
2866 3587 3028 3639 τοῦτο
3085 3584 3364 3648 νεανίσκος
3418 3608 3513 3650 τας
3573 3586 3811 3662 ὀνόματι

2149 3671 2397 3749 Νέστωρ,
2430 3671 2728 3743 ἐζήλωσεν.
2763 3673 2860 3727 Καὶ
2893 3670 3146 3728 ἀπελθὼν
3205 3674 3259 3729 ὲν
3288 3677 3357 3748 τῇ
3389 3674 3608 3753 φυλακῇ
3666 3675 3815 3753 πρὸς

2147 3763 2240 3818 τὸν
2275 3762 2423 3838 ἃγιον
2457 3765 2796 3837 Δημήτριον,
2852 3758 3017 3818 ἔλαϐε
3071 3765 3199 3838 παρ’
3256 3765 3419 3820 αὐτοῦ
3471 3767 3668 3842 εὐχήν.
3705 3769 3809 3822 Καὶ

2147 3854 2375 3924 νικήσας
2403 3853 2493 3907 τὸν
2525 3851 2748 3920 Λύαιον,
2799 3851 3082 3928 ἐφόνευσεν
3141 3852 3327 3910 αὐτόν.
3379 3851 3665 3926 Ἐλυπήθη
3692 3851 3749 3910 δὶ
3781 3855 3820 3909 ὁ

2149 3941 2493 4016 Μαξιμιαγὸς
2549 3938 2639 3994 διὰ
2693 3940 2784 3995 τὸν
2846 3941 3070 3996 θάνατον
3127 3945 3224 3998 τοῦ
3289 3944 3638 4019 μονομάχου·
3700 3944 3825 3999 εἶτα

2154 4033 2336 4106 μαθὼν
2429 4030 2512 4085 ὅτι
2565 4029 2738 4092 αἴτιος
2823 4034 2920 4085 τοῦ
2979 4031 3208 4096 θανάτου
3266 4033 3433 4088 αὐτοῦ
3488 4035 3821 4108 Δημήτριος

2150 4119 2382 4195 ἐγένετο,
2419 4116 2750 4179 ἀποστείλας
2781 4117 2832 4172 έν
2882 4122 2950 4191 τῇ
3005 4118 3250 4197 φυλακῇ,
3303 4121 3582 4198 ἐφόνευσεν
3615 4121 3808 4177 αὐτόν’

2148 4213 2257 4263 τῶν
2306 4207 2651 4284 στρατιώτων
2725 4206 3074 4272 ἀπελθόντων
3156 4209 3208 4264 ἐν
3267 4215 3336 4276 τῆ
3396 4211 3615 4289 φυλακῇ
3672 4212 3819 4285 μετὰ

2149 4303 2263 4355 τῶν
2297 4297 2624 4372 κονταρίων,
2682 4299 2770 4352 καὶ
2828 4302 3338 4370 κατακεντησάντων
3399 4301 3579 4357 αὐτόν.
3641 4303 3818 4358 Ἔνθα

2153 4387 2408 4460 κείμενος
2441 4385 2594 4463 βρύει
2626 4387 2850 4461 ἰάματα.

2746 4506 2827 4578 Τῇ
2859 4503 2994 4577 αὑτῇ
3027 4503 3212 4581 ἡμέρᾳ

378 4603 532 4656 144
566 4600 853 4656 Certamen
892 4602 1206 4651 sanctorum
1267 4601 1578 4664 martyrum
1635 4596 1833 4664 Marci,
1884 4595 2039 4649 Sote-

2156 4592 2427 4664 Ἃθλησις
2456 4597 2562 4649 τῶν
2597 4592 2769 4666 ἁγίων
2825 4591 3137 4668 μαρτύρων,
3195 4594 3443 4674 Μάρκου,
3478 4595 3818 4673 Σωτηρίχου

886 4686 1029 4740 richi
1085 4692 1137 4739 et
1204 4685 1511 4739 Valentinae
1528 4725 1542 4736 .

447 4806 516 4860 Hi
556 4803 746 4860 sancti
780 4807 1072 4872 martyres
1102 4816 1237 4855 cum
1269 4801 1529 4870 primum
1574 4799 1754 4854 vitam
1786 4815 1954 4854 suam
1985 4798 2046 4852 in

381 4895 546 4950 omni
564 4895 784 4966 pietate
818 4891 1267 4962 transegissent,
1303 4889 1600 4944 Christum
1633 4888 1910 4944 omnibus
1941 4903 2047 4942 an-

381 4984 752 5049 nuutiantes,
768 4981 987 5036 multos
1006 4977 1344 5033 inﬁdelium
1367 4978 1440 5033 ad
1463 4977 1785 5034 Dominum
1809 4993 2050 5031 conver-

387 5090 484 5129 sos
513 5071 893 5144 baptizabant
913 5069 975 5123 in
999 5069 1244 5124 nomine
1277 5067 1488 5136 Patris,
1519 5073 1576 5121 et
1597 5067 1750 5132 Filii,
1779 5071 1839 5120 et
1867 5063 2049 5136 Spiri-

389 5170 484 5218 tus
516 5162 724 5218 sancti.
761 5162 951 5226 Quare
992 5156 1410 5227 comprehensi
1460 5156 1532 5211 ab
1568 5156 1767 5227 impiis
1809 5154 2047 5221 Graacis,

385 5253 710 5322 multisque
745 5247 1056 5304 tormentis
1113 5246 1454 5312 excruciati,
1515 5246 1716 5318 longis
1776 5244 1954 5299 clavis
1987 5243 2049 5297 in

385 5357 630 5412 corpore
655 5336 934 5402 confossi,
969 5334 1254 5403 humique
1283 5335 1471 5400 strati,
1504 5335 1618 5388 huc
1644 5339 1734 5388 est
1763 5331 1907 5386 illuc
1938 5331 2050 5385 mi-

366 5425 954 5488 serabiliteraviris,
1009 5421 1382 5488 mulieribus,
1454 5427 1516 5477 et
1584 5421 1786 5491 pueris
1846 5418 2053 5474 tandiu

373 5519 608 5589 raptati,
633 5523 692 5570 et
720 5513 1041 5569 concultati
1071 5511 1260 5578 fuere,
1291 5513 1500 5582 quoad
1533 5517 1771 5567 sanctas
1803 5516 1862 5564 et
1903 5508 2050 5564 bea-

384 5615 474 5661 tas
502 5607 732 5660 animas
766 5605 882 5658 Deo
916 5600 1241 5656 tradidere.
1275 5602 1648 5656 Christianus
1679 5606 1882 5655 autem
1919 5599 2055 5669 qui-

379 5700 536 5770 dam,
555 5697 942 5754 Terentianus
976 5694 1332 5765 nomine,vir
1351 5694 1507 5767 pius,
1527 5693 2055 5766 ﬁdelis,Deumque

2709 4683 2799 4738 καὶ
2843 4680 3235 4756 Οὐαλεντίνης.

2228 4799 2475 4857 Οὗτοιοὶ
2504 4796 2647 4874 ἅγιοι
2701 4797 2968 4875 μάρτυρες
3020 4798 3073 4854 έν
3140 4799 3288 4872 πάσᾳ
3343 4797 3588 4874 εὐσεϐείᾳ
3618 4805 3824 4871 ζῶντες

2156 4887 2444 4962 πρότερον,
2478 4886 2568 4942 καὶ
2615 4887 2708 4942 τὸν
2769 4889 3006 4962 Χριστόν
3059 4895 3180 4951 τοῖς
3241 4896 3376 4945 πᾶσι
3427 4891 3818 4966 κηρύττοντες,

2156 4976 2248 5032 καὶ
2277 4975 2526 5039 πολλοὺς
2572 4981 2679 5031 τῶν
2722 4975 2964 5033 ἀπίστων
3022 4979 3160 5053 πρὸς
3202 4979 3400 5054 Κύριον
3459 4981 3822 5056 ἐπιστρέφον-

2157 5087 2266 5136 τες,
2299 5067 2386 5121 καὶ
2426 5065 2777 5141 βαπτίζοντες
2837 5067 2914 5130 εἷς
2959 5067 3021 5121 τὸ
3070 5062 3246 5140 ὄνομα
3299 5073 3396 5124 τοῦ
3456 5070 3689 5145 Πατρὸς,
3718 5070 3814 5123 καὶ

2155 5159 2253 5210 τοῦ
2311 5156 2460 5225 Υὶοῦ,
2519 5155 2606 5209 καὶ
2654 5159 2752 5210 τοῦ
2812 5156 2971 5230 ἁγίου
3033 5156 3371 5229 Πνεύματος,
3427 5157 3803 5234 ἐκρατήθησαν

2156 5245 2304 5320 παρά
2339 5249 2447 5299 τῶν
2482 5239 2752 5299 δυσσεϐὧν
2795 5245 3104 5316 Ἑλλήνων,
3161 5246 3252 5301 καὶ
3308 5247 3496 5302 πολλὰ
3547 5266 3804 5322 τιμωρη-

2160 5334 2362 5401 θέντες,
2420 5334 2583 5398 ἦλοις
2647 5337 2876 5406 μακροῖς
2927 5334 2996 5387 τά
3044 5334 3272 5406 σώματα
3323 5336 3816 5405 κατεκεντήθησαν.

2161 5422 2260 5478 Καὶ
2290 5419 2462 5484 οὕτως
2521 5420 2836 5495 ἑλκόμενοι,
2900 5422 2991 5476 καὶ
3049 5421 3363 5498 συρόμενοι,
3419 5424 3511 5478 καὶ
3566 5443 3814 5479 καταπα-

2157 5512 2412 5585 τούμενοι
2466 5509 2716 5580 ἀνηλεῶς
2773 5511 2861 5565 ἐπὶ
2919 5514 3016 5579 τήν
3062 5519 3187 5586 γῆν,
3243 5513 3346 5567 ὑπὸ
3405 5510 3649 5588 ἀνδρῶν,
3720 5511 3814 5567 καὶ

2162 5606 2460 5678 γυναικῶν,
2491 5599 2582 5655 καὶ
2639 5597 2872 5668 παίδων,
2912 5602 3204 5672 παρέθεντο
3247 5607 3326 5674 τῷ
3375 5607 3491 5675 θεῷ
3524 5602 3618 5664 τὰς
3651 5602 3804 5676 ἁγίας

2161 5693 2250 5749 καὶ
2287 5691 2560 5768 μακαρίας
2595 5689 2770 5747 αὐτῶν
2829 5690 3035 5766 ψυχάς.
3086 5691 3411 5768 Χριστιανος
3469 5689 3526 5750 δέ
3571 5712 3654 5756 τις
3675 5691 3812 5768 ἀνὴρ
