4124 6444
290 410 412 471 199

1840 415 2234 481 OOTOBER.

3645 424 3763 486 130

303 535 567 611 εὗλαϐἧς,
597 542 696 597 καὶ
745 542 846 598 τὸν
906 544 1044 600 Θεὸν
1107 538 1468 622 φοϐούμενος,
1517 545 1610 600 καὶ
1665 545 1793 608 τοὺς
1851 547 1984 622 ὑπὲρ

2107 551 2340 625 timens,
2393 551 2496 626 qui
2547 553 2883 612 viventibus
2939 555 3303 628 martyribus
3366 554 3637 612 animum
3691 553 3764 610 ab

314 634 474 690 αὐτοῦ
538 637 989 708 μαρτυροῦντας,
1047 639 1251 703 ζῶντας
1311 635 1408 708 μὶν
1466 635 1815 706 ϐαρσοποιιὶν
1856 637 1995 713 πρὸς

309 724 374 779 τὸ
406 721 730 798 μαρτύριον,
781 721 1190 788 τελειωθεντας
1244 721 1302 778 δὲ
1357 725 1584 800 ἀγαπῶν
1642 726 1734 780 καὶ
1790 731 1992 798 τιμῶν,

313 809 507 868 λαὸὼν
540 811 645 866 ἀπὸ
674 815 776 877 τῆς
810 811 1026 878 Ἀσίας,
1057 814 1128 868 τὰ
1172 813 1330 886 τίμια
1360 811 1589 888 λείψανα
1641 818 1748 868 τῶν
1799 813 1992 890 ἁγίων,

321 901 692 977 μετακομίσας
762 900 841 962 εἷς
929 903 1104 956 Θάσον
1170 902 1270 970 τὴν
1325 904 1489 970 νῆσον
1527 944 1541 971 ,
1597 900 1850 958 κατέθετο
1909 902 1994 957 ἐν·

319 991 528 1064 τίμιοςο
571 991 661 1045 καὶ
699 990 936 1066 βρύουσι
993 995 1165 1066 μέχρι
1221 997 1322 1060 τῆς
1369 993 1612 1067 σήμερον
1645 991 1851 1066 ῗάματα
1877 998 1994 1048 τοῖς

320 1085 568 1141 πιστοῖς·
601 1077 850 1135 ἐκαλεῖτο
883 1077 943 1134 δὲ
966 1081 996 1134 6
1031 1079 1400 1154 μετακομίσας
1453 1079 1590 1136 αὐτὰ
1635 1082 1828 1144 πιστὸς
1858 1081 1994 1158 ἀνὴρ

321 1169 707 1248 Τερεντιανός.

939 1290 1020 1362 Τῇ
1055 1285 1192 1362 αὐτῇ
1214 1287 1397 1366 ἡμέρᾳ

551 1377 822 1449 Ἀθλησις
851 1381 948 1432 τοῦ
979 1376 1137 1452 ἆγίου
1171 1379 1446 1454 μάρτυρος
1477 1378 1774 1454 Νέστορος.

401 1495 464 1552 Ὁ
496 1495 706 1569 μάρτυς
739 1495 977 1568 Νήστωρ
1043 1493 1292 1569 ὑπῆρχεν
1323 1492 1383 1549 ἐκ
1435 1499 1538 1564 τῆς
1588 1494 1806 1556 πόλεως
1867 1498 1996 1548 Θεσ-

329 1581 635 1650 σαλονίκης
664 1579 751 1636 ἐπὶ
791 1587 894 1650 τῆς
928 1578 1210 1655 βασιλείας
1263 1581 1628 1655 Μαξιμιανοῦ.
1671 1579 1999 1656 Χριστιανὸς

343 1668 400 1724 δὲ
461 1669 561 1742 ὣν,
612 1670 904 1743 ἀπήρχετο
959 1669 1096 1743 πρὸς
1153 1670 1243 1724 τὸν
1305 1671 1454 1746 ἅγιον
1501 1671 1842 1746 Δημήτριον,
1869 1669 1922 1726 ἐν
1953 1670 2000 1743 ᾧ

347 1760 615 1828 ἐκαθέζετο
695 1759 850 1831 τόπῳ
885 1802 899 1828 ,
989 1758 1079 1813 καὶ
1133 1756 1404 1815 ἐδίδασκεν
1440 1803 1455 1829 ,
1540 1760 1631 1814 καὶ
1707 1759 1997 1833 ἐμάνθανεν

345 1844 722 1923 ἀκριϐέστερον
783 1847 912 1924 παρ’
970 1845 1137 1903 αὐτοῦ
1191 1847 1282 1903 τὸν
1343 1847 1508 1925 λόγον
1559 1854 1660 1919 τῆς
1711 1847 1998 1919 ἀληθείας.

2105 643 2483 700 subeundum
2538 647 2890 719 martyrium
2961 646 3202 715 addere,
3262 646 3558 702 defunctis
3617 659 3758 700 vero

2105 751 2370 792 amorem
2400 737 2811 810 honoremque
2837 739 3116 794 exhibere
3140 744 3527 794 consueverat
3556 753 3764 793 eorum

2101 827 2392 897 pretiosas
2445 827 2730 898 reliquias
2784 845 2855 884 ex
2893 829 3032 884 Asia
3085 828 3148 883 in
3188 829 3445 884 Thasum
3502 827 3766 882 insulam

2103 915 2442 982 translatas,
2476 917 2804 973 honoriﬁce
2843 918 3138 990 deposuit,
3169 918 3269 973 ubi
3301 918 3644 974 curationes
3684 916 3758 971 ad

2105 1005 2256 1062 hanc
2286 1005 2447 1061 diem
2478 1007 2754 1064 fidelibus
2796 1008 3081 1063 fundunt.

2748 1302 2971 1360 Eodem
3025 1303 3119 1358 die

2285 1393 2434 1450 I45
2474 1392 2769 1449 Certamen
2807 1395 2988 1449 sancti
3019 1393 3280 1462 martyris
3326 1392 3584 1448 Nestoris.

2177 1511 2387 1566 Nestor
2415 1516 2658 1584 martyr,
2692 1511 3126 1568 Thessalonica;
3156 1511 3373 1566 claruit
3391 1507 3762 1580 temporibus

2106 1599 2444 1655 Maximiani
2466 1599 2866 1672 imperatoris.
2890 1601 3262 1656 Christianus
3285 1616 3422 1655 cum
3449 1604 3628 1665 esset,
3645 1598 3765 1651 fre-

2105 1694 2357 1759 quenter
2373 1693 2648 1745 sanetum
2680 1690 3046 1744 Demetrium
3079 1689 3299 1757 adibat,
3335 1687 3681 1756 ubicunque
3716 1686 3766 1740 is

2107 1782 2462 1845 moraretur,
2494 1778 2566 1832 ab
2595 1794 2784 1849 eoque
2816 1778 3077 1833 veritatis
3101 1777 3278 1832 verbo
3310 1776 3645 1832 accuratius
3675 1775 3767 1830 in-

2109 1865 2372 1933 stitutus,
2405 1865 2673 1922 docebat.
2708 1868 2852 1921 Cum
2886 1871 3086 1921 autem
3116 1865 3552 1920 Thessalonicae
3584 1865 3768 1920 Maxi—

343 1939 770 2012 Παρατυχὸντος
808 1933 867 1991 δὲ
896 1940 999 1990 τοῦ
1047 1935 1392 2010 Μαξιμιανοῦ
1423 1937 1478 1992 ἐν
1507 1941 1577 2010 τῇ
1609 1935 1995 2011 Θεσσαλονίκῃ,

2108 1954 2345 2009 mianus
2365 1955 2623 2024 adesset,
2645 1960 2706 2010 et
2735 1955 3033 2010 circenses
3063 1954 3188 2009 ludi
3221 1954 3766 2017 committerentur,

335 2027 426 2082 καὶ
527 2024 900 2102 ἱπποδρομίαν
977 2023 1380 2096 ἐπιτελοῦντος,
1457 2026 1548 2080 καί
1597 2047 1720 2082 τινα
1773 2024 2000 2102 ἔχοντος

337 2111 507 2187 ἄνδρα
565 2113 797 2186 ἐθνικὸν,
857 2112 1058 2167 Λύαιον
1115 2111 1368 2185 ὀνόματι,
1428 2113 1774 2187 μονομάχον,
1836 2115 2002 2188 ὑπερ-

340 2207 554 2280 μεγέθη
584 2205 675 2259 καὶ
705 2204 957 2280 ἰσχυρὸν,
983 2203 1074 2259 καὶ
1133 2201 1380 2266 πολλοὺς
1431 2207 1538 2258 τῶν
1597 2203 2000 2278 ἀνθισταμένων

335 2295 479 2364 αὐτᾷ
530 2294 854 2368 ἀναιροῦντα
913 2291 965 2346 ἐν
1024 2296 1103 2364 τῷ
1154 2291 1381 2368 θεάτρῳο
1416 2289 1548 2346 ἰδὼν
1607 2294 1634 2346 6
1694 2294 1850 2368 ἅγιος
1904 2293 2006 2352 Νέ-

337 2403 488 2459 στωρ
546 2382 795 2453 ἐπλήσθη
853 2384 1038 2436 θεῖκοῦ
1099 2381 1292 2452 ζήλουο
1342 2383 1433 2437 καὶ
1481 2381 1598 2437 ἐπεὶ
1647 2380 1849 2452 ἤκουσε
1905 2388 2003 2440 τοῦ

333 2476 690 2547 mamma
741 2470 1002 2548 λέγοντος
1037 2489 1049 2503 ⁸
1111 2470 1184 2530 Ei’
1231 2493 1315 2535 τις
1373 2469 1541 2544 θέλει,
1596 2471 2000 2548 -πολεμησάτω,

333 2565 426 2617 καὶ
487 2563 772 2632 νικησάτω
825 2561 1049 2618 Λύαιον·
1108 2563 1295 2638 τρέχει
1355 2562 1493 2636 πρὸς
1550 2561 1641 2618 τὸν
1695 2563 1874 2640 ἅγιον·
1909 2565 2002 2620 καὶ

341 2651 672 2727 βουλεύεται
731 2651 878 2723 αὐτῷ
956 2650 1080 2727 περὶ
1163 2651 1379 2708 τούτου.
1447 2651 1550 2708 Καὶ
1615 2653 1741 2727 παρ’
1800 2651 2002 2708 ἐκείνου

337 2740 694 2816 στηριχθεὶς,
733 2740 824 2794 καὶ
883 2736 1220 2813 δυναμωθεὶς
1275 2744 1344 2814 τῇ
1377 2738 1604 2815 δυνάμει
1647 2745 1744 2796 τοῦ
1799 2740 2003 2816 Κυρίου

332 2832 500 2903 ἡμῶν
574 2832 757 2900 Ἰησοῦ
843 2833 1086 2903 Χριστοῦ
1119 2875 1135 2901 ,
1192 2828 1376 2884 ἀνεῖλε
1429 2829 1566 2905 ξίφει
1621 2831 1712 2886 τὸν
1771 2829 2001 2888 Λύαιον.

335 2919 632 2992 Θυμωθεὶς
692 2916 785 2972 οῦν
845 2919 874 2972 6
935 2917 1189 2994 βασιλεὺς
1249 2915 1340 2973 διὰ
1395 2922 1580 2990 τοῦτο,
1638 2919 2004 2998 ἀπεκεφάΛισε

334 3009 428 3064 τὸν
488 3011 766 3083 Νέστορα.
825 3007 929 3063 Καὶ
989 3005 1164 3072 οὕτως
1239 3005 1560 3080 ἐτελειώθη,
1627 3009 1853 3081 νικήσας
1908 3010 2000 3066 τὸν

344 3094 606 3154 διάϐολον
625 3140 641 3169 ,
674 3096 768 3153 καὶ
798 3095 890 3152 τὸν
922 3095 1147 3156 Λύαιον.

914 3215 1000 3288 Τῇ
1055 3212 1190 3288 αὐτῇ
1244 3211 1432 3289 ἡμέρᾳ

661 3301 996 3375 ’Δνάμνησις
1014 3306 1116 3358 τοῦ
1149 3301 1394 3378 μεγάλου
1425 3306 1672 3377 σεισμοῦ.

403 3424 497 3491 Τῷ
531 3419 766 3490 εἰκοστῷ
809 3417 1052 3493 τετάρτῳ
1101 3416 1206 3474 ἔτει
1262 3424 1366 3488 τῆς
1427 3417 1708 3494 βασιλείας
1760 3419 1994 3482 Λέοντος

327 3515 427 3566 τοῦ
457 3511 732 3583 Ίσαύρου,
762 3507 1097 3573 ίνδικτιῶνος
1154 3509 1400 3582 ἐννάτης,
1455 3511 1589 3583 μηνὶ
1649 3506 1994 3586 Ὀκτωϐρίῳ,

340 3597 514 3654 sitiat
578 3597 726 3672 ἕκτῃ,
787 3600 842 3653 ἐν
900 3603 970 3672 τῇ
1029 3601 1224 3674 μνήμῃ
1282 3603 1379 3654 τοῦ
1437 3599 1591 3674 ἁγίου
1645 3600 1994 3676 Δημητρίου,

349 3688 559 3763 ἐγένετο
615 3691 838 3761 σεισμδς
902 3689 1068 3763 μέγας
1113 3688 1204 3744 καὶ
1264 3684 1496 3766 φοϐερὸς
1557 3688 1608 3744 ἐν
1665 3697 1996 3745 Κωνσταντι-

350 3779 626 3834 νουπόλει·
682 3781 774 3834 καὶ
832 3780 1126 3834 κατέπεσον
1195 3782 1370 3834 πάντα
1426 3779 1492 3834 τὰ
1562 3779 1859 3854 οἰκήματα,
1904 3781 1995 3836 καὶ

347 3869 400 3922 αἰ
430 3868 736 3939 ἐκκλησίαι,
769 3870 858 3923 καὶ
905 3866 1109 3923 πολλοὶ
1168 3868 1432 3932 ἀπέθανον
1493 3872 1897 3944 συγγωσθέντες
1924 3873 1994 3944 τῇ

341 3960 682 4030 συμπτώσει.
719 3959 877 4014 Ὅθεν
921 3959 1023 4026 τήν
1083 3958 1386 4030 ἀνάμνησιν
1443 3963 1541 4013 τοῦ
1589 3958 1841 4014 τοιούτου
1890 3980 1994 4036 φο-

334 4044 501 4122 ϐεροῦ
553 4052 782 4119 σεισμοῦ
841 4046 1210 4120 ἑορτάζοντες,
1245 4047 1621 4120 Λιτανεύομεν,
1679 4048 1767 4104 καὶ
1829 4049 1995 4124 ἀπερ-

332 4137 554 4210 χόμεθα
581 4137 634 4190 ἐν
684 4140 764 4207 τῷ
817 4137 918 4206 τῆς
973 4135 1358 4210 παναχράντου
1408 4133 1733 4211 ὑπερνδόξου
1765 4135 1995 4192 Δεσποί-

328 4247 432 4294 νης
460 4227 627 4297 ἡμῶν
689 4223 965 4279 Θεοτύκου
1021 4223 1110 4278 καὶ
1171 4225 1562 4298 ’Δειπαρθένου
1620 4225 1833 4300 Μαρίας
1896 4247 1994 4300 με·

327 4314 493 4389 γάλῳ
525 4313 619 4368 καὶ
653 4314 786 4388 ἱερῷ
824 4317 938 4385 ναῷ
991 4317 1073 4385 τῷ
1130 4311 1181 4368 ἐν
1243 4314 1604 4388 ΒΛαχέρναις,
1665 4313 1994 4378 ἱκετεύοντες

325 4405 421 4458 καὶ
475 4402 857 4464 δυσωποῦντες
910 4401 1076 4470 αὐτὴν
1137 4401 1385 4464 ἐκτενῶς·
1420 4403 1510 4458 καὶ
1566 4404 1658 4459 τὸν
1717 4404 1768 4474 ἐξ
1820 4405 1993 4475 αὐτῆς

328 4494 592 4567 ἀσπόρως
653 4492 743 4546 καὶ
802 4491 1055 4568 ἀφθὸρως
1120 4493 1445 4566 γεννηθέντα
1525 4490 1595 4547 δι’
1662 4493 1809 4567 ήμᾶς
1864 4493 1991 4558 τοὺς

324 4580 703 4656 ἁμαρτωλοὺς
732 4581 932 4656 Κύριον
966 4584 1122 4654 ἆμῶν
1182 4583 1392 4650 Ἰησοῦν
1447 4583 1678 4655 Χριστὸν
1737 4604 1991 4660 παρακα-

323 4671 550 4732 λοῦντες
612 4671 871 4746 ῥύσασθαι
929 4673 1080 4743 ἡμᾶς
1133 4677 1235 4740 τῆς
1321 4668 1530 4734 δικαίας
1611 4672 1780 4727 αὐτοῦ
1870 4675 1990 4739 καθ’
2022 4675 2067 4741 D

321 4763 490 4833 ἡμῶν
521 4762 856 4833 κινουμένης
913 4759 1101 4835 ὀργῆς.
1154 4761 1256 4817 Ἐκ
1308 4761 1433 4816 τότε
1489 4761 1581 4816 οὗν
1643 4762 1986 4836 μεμνημένοι

319 4857 424 4920 τῆς
447 4851 714 4920 τοιαύτης
768 4848 1033 4925 ἀνάγκης,
1093 4848 1434 4926 εὐχαρίστως
1481 4849 1809 4925 ἑορτάζομεν
1864 4854 1991 4926 ἐτη-

324 4943 460 5005 σίως
522 4944 625 5012 τὴν
684 4946 964 5016 παροῦσαν
1024 4942 1244 5018 ἑορτὴν,
1303 4941 1598 5018 ἐύχόμενοι
1660 4945 1736 5017 μὴ
1769 4944 1994 5021 τοιαύτῃ

325 5035 653 5108 περιπεσεῖν
681 5029 906 5104 ἀπειλῇ.

878 5147 1065 5205 MHNI
1117 5149 1210 5225 To
1260 5149 1456 5228 ΔΥΤῼ.

1117 5264 1220 5320 ΚΖ.

322 5352 601 5424 Ἀθλησις
648 5359 748 5428 τῆς
823 5349 980 5428 ἁγίας
1061 5351 1789 5428 μάρτυροςΔΚαπετωλίνης
1823 5399 1838 5426 ,
1896 5358 1988 5412 καὶ

657 5421 999 5502 Ἐρωτηΐὸος
1045 5421 1148 5494 τῆς
1179 5421 1446 5490 οἰκέτιδος
1473 5425 1666 5496 αὐτῆς.

398 5517 464 5571 Ἦ
522 5515 730 5591 μάρτυς
809 5512 1174 5570 Καπετωλίνα
1223 5517 1291 5584 ἦν
1352 5515 1448 5588 μὶν
1508 5514 1597 5570 ἐπὶ
1656 5515 1991 5588 Διοκλητια-

328 5609 428 5659 νοῦ
462 5603 760 5680 βασιλέως·
795 5604 1016 5679 ὑπῆρχε
1065 5600 1123 5658 δὲ
1180 5602 1241 5658 ἐκ
1289 5610 1390 5674 τῆς
1451 5606 1640 5679 χώρας
1694 5602 1994 5662 Καππαδο-

326 5693 474 5756 κίας·
509 5694 732 5772 εὖγενής
763 5695 932 5749 πάνυ.
996 5692 1338 5767 Κρατηθεῖσα
1382 5689 1464 5766 δὲ,
1526 5693 1617 5748 καὶ
1677 5701 1993 5772 παραστᾶσα

323 5789 408 5857 τῷ
438 5782 694 5861 ἄρχοντι,
736 5782 1013 5860 ἠρωτήθη
1056 5776 1252 5856 ὅνὸμα,
1310 5781 1400 5837 καὶ
1449 5780 1639 5856 πόλιν,
1667 5785 1756 5840 καὶ
1788 5793 1990 5863 γονεῖς.

2105 2044 2302 2117 gladia
2332 2060 2615 2114 oremque
2675 2045 2980 2116 gentilem,
3037 2045 3273 2116 Lyaeum
3333 2043 3767 2113 nomine,por-

2106 2138 2340 2188 tentosa
2368 2133 2635 2204 corporis
2660 2133 3014 2204 proceritate
3039 2137 3099 2187 et
3126 2131 3474 2186 fortitudine
3506 2131 3568 2185 in
3603 2131 3766 2186 thea-

2108 2227 2258 2277 trum
2290 2223 2687 2294 produxisset,
2713 2224 2814 2293 qui
2845 2239 3054 2277 omnes
3087 2223 3147 2276 in
3185 2227 3485 2276 certamen
3517 2219 3764 2275 descen-

2105 2311 2247 2368 dere
2267 2329 2440 2368 auses
2471 2313 2897 2380 interficiebat;
2927 2318 3169 2368 sanctus
3189 2314 3399 2366 Nestor
3419 2311 3540 2366 zelo
3566 2310 3766 2366 divino

2106 2418 2412 2468 accensus,
2429 2409 2494 2456 ut
2513 2402 2738 2457 audivit
2761 2402 3182 2456 Maximianum
3209 2400 3526 2456 dicentem.
3549 2399 3606 2454 Si
3632 2399 3766 2470 quis

2104 2493 2251 2560 Vult,
2279 2493 2699 2566 congrediatur
2729 2509 2865 2548 cum
2918 2494 3108 2563 Lyaeo,
3144 2507 3399 2562 eumque
3430 2491 3668 2557 vincat;
3699 2505 3765 2544 re

2103 2599 2240 2638 cum
2270 2587 2476 2638 sancto
2505 2582 2802 2637 Demetrio
2835 2581 3310 2658 communicata,
3344 2579 3417 2635 ab
3450 2596 3518 2634 eo
3547 2579 3767 2634 conﬁr-

2104 2678 2322 2743 matus,
2351 2678 2412 2728 et
2431 2675 2647 2727 virtute
2671 2673 2907 2728 Domini
2939 2673 3129 2727 nostri
3150 2673 3288 2726 Jesu
3305 2670 3522 2727 Christi
3553 2673 3764 2724 auctus

2105 2765 2169 2820 in
2199 2780 2442 2820 arenam
2485 2763 2813 2829 descendit,
2848 2765 3204 2835 Lyaeumque
3253 2761 3450 2832 gladio
3502 2759 3764 2816 sustulit.

2107 2853 2504 2919 Quamobrem
2525 2858 2858 2908 commotus
2881 2853 3262 2908 vehementer
3282 2852 3628 2923 imperator,
3661 2850 3768 2904 Ne-

2108 2948 2328 2998 storem
2360 2942 2645 2998 decollari
2671 2942 2874 3014 jussit.
2905 2943 3090 3012 Atque
3121 2941 3204 2996 ita
3225 2941 3407 2996 finem
3429 2939 3656 3008 habuit,
3691 2938 3766 2995 de

2106 3032 2343 3089 diabolo
2375 3033 2554 3090 simul
2585 3037 2643 3088 et
2672 3030 2744 3088 de
2777 3033 2946 3104 Lyaeo
2977 3030 3375 3103 triumphans.

2745 3240 2968 3296 Eodem
3011 3239 3106 3295 die

2288 3359 2442 3414 146
2486 3355 2942 3413 Commemoratio
2977 3356 3170 3425 magni
3212 3360 3575 3409 terrwmotus.

2173 3452 2344 3503 Anno
2371 3449 2648 3520 vigesimo
2680 3451 2893 3518 quarto
2927 3444 3137 3500 Leonis
3158 3441 3347 3498 Isauri
3378 3440 3755 3512 imperatoris

2100 3536 2426 3592 indictione
2450 3554 2629 3602 nona,
2653 3551 2857 3590 mense
2882 3533 3140 3599 Octobri,
3164 3531 3258 3586 die
3287 3531 3570 3603 vigesima
3592 3535 3758 3584 sexta

2100 3628 2162 3682 in
2194 3628 2342 3682 festo
2369 3627 2557 3682 sancti
2612 3624 2916 3692 Demetrii,
2949 3621 3495 3692 Constantinopolis
3544 3635 3758 3692 magno

2103 3722 2161 3772 et
2189 3715 2488 3772 horrendo
2546 3720 2885 3770 terraemotu
2939 3729 3228 3768 concussa
3260 3716 3370 3779 est,
3423 3714 3488 3764 ut
3529 3709 3757 3765 azdibus

2101 3805 2398 3871 omnibus,
2424 3804 2810 3874 ecclesiisque
2838 3801 3273 3864 corruentibus,
3293 3797 3754 3853 innumerabilis

2099 3895 2443 3951 mortalium
2479 3893 2796 3948 multitudo
2829 3894 3119 3946 exstincta
3157 3889 3352 3944 fuerit.
3387 3889 3759 3959 Quapropter

2101 3984 2394 4038 tremendi
2420 3984 2598 4055 hujus
2622 3986 2994 4037 terrzemotus
3025 3978 3501 4035 recordationem
3517 3980 3757 4048 agentes

2101 4073 2597 4145 supplicationem
2624 4071 3014 4131 instituimus,
3038 4068 3430 4140 procedentes
3448 4065 3523 4121 ad
3546 4066 3758 4119 imma-

2100 4163 2310 4219 culataa
2339 4167 2401 4217 et
2427 4162 2870 4234 gloriosissima:
2899 4160 3164 4215 Dominus
3215 4164 3435 4213 nostra:
3467 4155 3755 4226 Deiparaa,

2103 4271 2456 4327 semperque
2517 4253 2770 4325 Virginis
2826 4251 3022 4306 Marias
3081 4254 3390 4322 augustam
3431 4251 3489 4301 et
3526 4260 3758 4301 sacram

2101 4344 2311 4413 tndem,
2345 4360 2476 4415 qua)
2507 4342 2569 4397 in
2627 4340 2972 4396 Blachernis
3004 4344 3095 4394 est
3125 4355 3138 4403 ;
3174 4337 3605 4408 supplicantes,
3638 4335 3754 4388 im-

2099 4449 2403 4506 penseque
2435 4436 2748 4502 precantes
2803 4434 2924 4484 tum
2961 4428 3176 4498 ipsam,
3209 4431 3337 4481 tum
3368 4424 3470 4494 qui
3504 4423 3632 4477 sine
3663 4439 3756 4477 se-

2099 4525 2261 4580 mine
2293 4528 2351 4580 et
2378 4522 2760 4593 corruptione
2791 4537 2898 4592 pro
2939 4517 3113 4573 nobis
3143 4513 3556 4588 peccatoribus
3587 4530 3659 4568 ex
3688 4528 3760 4568 ea

2097 4620 2275 4670 natus
2306 4618 2417 4683 est,
2451 4612 2771 4667 Dominum
2801 4615 3076 4665 nostrum
3105 4608 3305 4662 Jesum
3331 4604 3635 4660 Christum
3665 4619 3758 4658 ro-

2099 4711 2325 4779 gantes,
2349 4709 2416 4760 ut
2434 4704 2611 4759 istam
2634 4703 2697 4758 in
2718 4719 2829 4757 nos
2851 4700 3001 4756 iram
3020 4713 3190 4754 suam
3212 4697 3498 4752 remittat.
3531 4691 3757 4749 Exinde

2100 4795 2422 4866 quotannis
2456 4793 2636 4866 hujus
2669 4788 3076 4846 tribulationis
3104 4802 3424 4853 memores,
3457 4802 3593 4840 cum
3625 4799 3760 4856 gra-

2101 4885 2319 4940 tiarum
2350 4884 2583 4940 actione
2615 4881 2945 4937 solemnem
2975 4879 3135 4934 hunc
3167 4877 3323 4932 diem
3360 4875 3757 4943 celebramus,

2101 4978 2365 5042 orantes,
2396 4989 2472 5029 ne
2515 4973 2576 5027 in
2608 4969 2956 5044 hujusmodi
2985 4967 3292 5041 ﬂagellum
3326 4965 3685 5025 incidamus.

2655 5178 2896 5235 EODEM
2937 5177 3191 5232 MENSE.

2567 5269 2669 5324 Die
2707 5267 2990 5324 vicesima
3042 5265 3296 5337 septima

2101 5361 2250 5416 147
2318 5359 2606 5416 Certamen
2690 5364 2895 5413 sanctae
2978 5357 3246 5426 martyris
3316 5351 3664 5423 Capitolinae,
3707 5354 3760 5402 et

2563 5431 2836 5485 Eroteidis
2885 5430 3002 5498 ejus
3050 5427 3290 5481 ancillae.

2173 5520 2505 5593 Capitolina
2540 5524 2787 5591 martyr,
2847 5515 3214 5571 Diocletiano
3274 5513 3656 5582 imperatore,
3689 5521 3762 5560 ex

2100 5610 2485 5684 Cappadociae
2516 5610 2761 5682 regione
2791 5606 2922 5669 fuit,
2946 5620 3162 5675 genere
3195 5597 3550 5656 clarissima.
3585 5600 3756 5651 Com-

2099 5701 2397 5772 prehensa
2413 5703 2635 5767 autem,
2668 5703 2728 5752 et
2750 5695 2824 5751 ad
2855 5691 3201 5764 praafectum
3231 5688 3509 5755 adducta,
3544 5686 3616 5741 de
3659 5701 3763 5755 pa-

2103 5790 2235 5861 tria,
2266 5787 2615 5862 parentibus
2647 5792 2707 5842 et
2733 5783 2977 5841 nomine
3026 5781 3389 5851 interrogata
3420 5795 3433 5834 :
3489 5779 3630 5849 Ego,
3661 5776 3758 5828 In-
