4124 6428
414 386 525 445 131

1735 379 2165 444 MENOLOGII
2211 381 2410 441 PARS
2455 380 2504 441 Ι.

3719 376 3834 439 132

3222 443 3252 467 ί

413 517 563 588 quit,
593 517 931 574 Christiana
960 532 1137 573 vocor
1164 532 1180 572 :
1209 516 1462 590 patriam
1495 521 1696 574 autem
1726 516 1919 573 habeo
1951 528 2035 573 cae

2181 513 2281 570 Καὶ
2314 511 2607 587 ἀπεκρίθη,
2670 509 2917 567 εἰποῦσαο
2976 511 3094 565 Ὀτι
3152 509 3451 586 Χριστιανή
3515 510 3610 582 μὶν
3635 512 3838 566 καλοῦ-

419 607 629 662 lestem
657 608 983 663 Jerusalem
1013 625 1026 662 :
1053 612 1113 663 at
1141 612 1420 679 parentes
1446 612 1584 664 sunt
1603 608 2038 663 Christianorur

2184 623 2302 675 μαιο
2335 601 2498 658 πόλιν
2531 600 2588 657 δὲ
2617 599 2734 676 ἔχῶ
2762 603 2862 670 τὴν
2912 598 3025 657 ἅνω
3083 598 3467 672 Ἰερουσαλὴμ·
3526 599 3616 655 καὶ
3668 600 3836 654 πατέο

410 698 703 767 doctores,
739 704 798 753 et
827 700 888 752 in
918 698 1129 769 primis
1163 714 1414 770 magnus
1478 699 1861 755 Firmilianus
1887 699 2075 753 Cossa-

412 804 528 842 rea}
559 788 946 858 Cappadociae
1006 790 1337 860 episcopus.
1376 789 1560 859 Igitur
1617 805 1749 843 cum
1782 803 2070 859 generose

408 878 704 933 Christum
735 877 1139 949 prmdicasset,
1172 878 1382 934 falsam
1405 884 1604 934 autem
1637 877 1932 932 idolorum
1968 894 2067 931 su-

409 968 821 1038 perstitionem
854 967 1275 1039 redarguisset,
1302 968 1512 1023 falsam
1542 974 1739 1023 autem
1771 966 2067 1021 idolorum

410 1054 895 1126 superstitionem
952 1055 1373 1127 redarguisset,
1419 1055 1614 1111 vincta
1675 1055 1735 1109 in
1767 1070 2065 1109 carcerem

402 1143 756 1198 detruditur.
791 1144 957 1208 Quod
987 1144 1087 1199 ubi
1123 1144 1360 1199 rescivit
1388 1144 1616 1198 Eroteis
1648 1144 1777 1214 ejus
1822 1142 2060 1209 ancilla,

400 1248 699 1288 carcerem
740 1234 1029 1306 ingressa,
1073 1233 1332 1288 dominas
1386 1232 1623 1289 vincula
1652 1232 2057 1288 osculabatur.

397 1323 543 1378 Tum
573 1340 708 1379 vero
740 1328 946 1379 sancta
1001 1323 1333 1394 Capitolina
1376 1324 1568 1395 capite
1615 1323 2059 1379 obstruncatur.

397 1413 625 1467 Eroteis
654 1418 853 1468 autem
875 1412 1136 1484 primum
1166 1413 1229 1467 in
1259 1413 1457 1485 ignem
1490 1412 1786 1483 conjecta,
1816 1417 1870 1465 et
1898 1412 2059 1466 inco-

394 1499 576 1556 lumis
600 1502 738 1556 inde
757 1518 1023 1574 egressa;
1048 1518 1186 1556 mox
1209 1500 1469 1573 impulsa
1498 1501 1675 1556 idolis
1696 1500 2053 1565 sacrificare,

399 1607 536 1645 cum
568 1590 641 1645 ad
674 1591 733 1646 id
760 1591 961 1646 induci
993 1591 1289 1662 nequiret,
1335 1590 1528 1663 gladio
1560 1592 1809 1663 trajecta
1839 1596 1893 1645 et
1927 1590 2058 1662 ipsa

398 1679 704 1736 occubuit.

950 1825 1192 1879 EODEM
1239 1824 1491 1879 MENSE.

887 1931 993 1985 Die
1026 1930 1311 1986 vicesima
1339 1936 1547 1987 octava

403 2036 556 2092 148
610 2036 894 2092 Certamen
950 2040 1287 2094 sacrosancti
1342 2040 1608 2109 martyris
1656 2039 1901 2110 Cyriact,
1947 2040 2048 2108 qui

490 2112 793 2179 pretiosam
835 2125 1047 2165 crucem
1092 2117 1295 2165 sancta:
1325 2110 1546 2165 Helena:
1588 2113 1939 2166 monstravit.

461 2267 567 2323 Hic
605 2272 924 2339 postquam
977 2268 1301 2339 pretiosam
1361 2283 1429 2323 ac
1487 2267 1776 2323 vivificam
1808 2284 2047 2324 crucem

387 2356 760 2421 monstravit,
788 2356 1154 2428 baptismum
1194 2357 1483 2427 suscepit,
1516 2362 1578 2411 et
1615 2357 2049 2428 Hierosolymo-

383 2461 523 2500 rum
553 2446 869 2516 episcopus
897 2444 1089 2500 factus
1120 2450 1230 2501 est.
1266 2446 1456 2501 Vitam
1509 2451 1710 2501 autem
1750 2462 1939 2517 usque
1969 2445 2042 2501 ad

386 2534 607 2590 Iuliani
653 2536 949 2606 Apostataa
982 2539 1249 2605 tempora
1280 2534 1593 2606 produxit:
1634 2535 1734 2605 qui
1769 2541 2047 2606 suscepta

390 2624 671 2680 adversus
727 2625 935 2680 Persas
993 2624 1390 2695 expeditione,
1450 2640 1584 2679 cum
1636 2624 2044 2695 Hierosolyma

388 2713 710 2785 profectus,
745 2713 933 2769 sancti
964 2719 1129 2785 gesta
1158 2713 1483 2782 didicisset,
1516 2714 1680 2769 misit
1736 2715 1836 2785 qui
1870 2714 2041 2769 illum

386 2803 886 2874 comprehensum
910 2802 985 2856 ad
1044 2802 1302 2857 tribunal
1360 2820 1532 2857 suum
1590 2802 1946 2859 adduceret:
1984 2808 2041 2857 et

388 2892 715 2947 conabatur
736 2891 979 2963 quidem
1002 2892 1075 2946 ad
1108 2892 1404 2947 idolorum
1436 2892 1663 2947 cultum
1696 2909 1831 2948 eum
1862 2893 2038 2964 pelli-

384 2999 558 3048 cere;
604 2981 707 3036 sed
740 2982 1138 3052 reprehensus
1168 2980 1240 3036 ab
1273 2999 1362 3051 eo,
1388 2983 1571 3053 jussit
1601 2981 1904 3037 dexteram
1946 2982 2034 3037 illi

379 3086 626 3126 manum
657 3070 975 3141 amputari,
1028 3071 1307 3141 inquiens
1334 3088 1345 3124 :
1389 3072 1640 3141 quuum
1673 3078 1763 3126 est
1792 3072 2034 3142 prmcidi

376 3175 645 3224 manum,
669 3175 801 3229 qua:
823 3175 929 3229 per
957 3158 1187 3213 litteras
1215 3159 1505 3230 plurimos
1536 3176 1570 3214 a
1599 3159 1845 3214 deorum
1871 3160 2033 3215 cultu

2082 1868 2158 1952 Β.

2180 713 2276 764 ρας
2312 737 2326 761 ,
2384 691 2511 755 τοὺς
2569 689 2928 747 διδασκάλους
3002 694 3110 744 τῶν
3170 691 3523 763 Χριστιανῶν·
3584 690 3699 761 μεθ’
3760 690 3834 744 ὢν

2176 781 2267 835 καὶ
2322 784 2413 834 τὸν
2478 780 2645 856 μὲγαν
2705 780 3073 853 Φιρμιλιανὸν
3112 823 3126 849 ,
3192 776 3283 833 τὸν
3349 778 3674 852 Καισαρείας
3737 785 3838 847 τῆς

2180 869 2565 932 Καππαδοκίας
2598 869 2917 925 ἐπίσκοπον.
2980 870 3245 929 Γενναίως
3305 866 3396 922 οὖν
3443 868 3539 921 τὸν
3600 866 3833 941 Χριστὸν

2173 959 2574 1031 ἀνακηρύξασα,
2616 960 2710 1014 καὶ
2765 957 3023 1034 ἐλέγξασα
3046 958 3145 1025 τὴν
3207 954 3565 1030 ψευδώνυμον
3618 955 3832 1026 πλάνην

2169 1052 2280 1103 τῶν
2322 1046 2593 1117 εἰδώλων,
2653 1046 2809 1116 ἐδέθη
2870 1047 2961 1101 καὶ
3015 1044 3343 1115 ἀπεκλείσθη
3377 1045 3429 1099 ἐν
3460 1048 3529 1118 τῇ
3589 1048 3833 1122 φυλακῇ.

2170 1138 2232 1192 Ἣ
2296 1135 2353 1192 δὲ
2407 1138 2611 1207 ταύτης
2668 1135 2842 1205 δούλη
2895 1136 3167 1211 Ἐρωτηῐς
3224 1136 3535 1204 ἀκούσασα,
3587 1132 3836 1200 ἀπῆλθεν

2171 1225 2223 1282 ἐν
2253 1230 2321 1300 τῇ
2354 1226 2595 1303 φυλακῇ,
2652 1226 2744 1281 καὶ
2799 1224 3084 1302 κατεφίλεῖ
3137 1224 3204 1279 τὰ
3262 1223 3434 1297 δεσμά
3487 1230 3587 1293 τῆς
3640 1223 3832 1298 κυρίας

2166 1314 2354 1385 αὐτῆς.
2390 1316 2547 1372 Ὅθεν
2577 1317 2611 1384 ἡ
2677 1315 2772 1387 μὲν
2832 1314 2958 1390 ἁγία
3010 1312 3368 1370 Καπετωλίνα
3419 1313 3517 1381 τὴν
3579 1312 3832 1389 κεφαλὴν

2167 1404 2550 1476 ἀποτέμνεται’
2584 1407 2619 1474 ἡ
2654 1401 2711 1458 δὲ
2768 1403 2891 1479 ἁγία
2944 1404 3239 1479 Ἐρωτηῒς,
3295 1401 3558 1477 πρότερον
3611 1399 3663 1456 ἐν
3695 1399 3832 1477 πυρὶ

2170 1491 2459 1569 βληθεῖσα,
2500 1493 2592 1548 καὶ
2652 1493 2809 1569 ὑγιής
2840 1492 3149 1563 ἐξελθοῦσα,
3188 1492 3279 1546 καὶ
3335 1491 3832 1567 καταναγκασθεῖσα

2163 1585 2317 1638 θῦσαι
2342 1589 2461 1645 τοῖς
2521 1580 2803 1653 εἲδώλοις,
2858 1583 2949 1637 καὶ
3006 1582 3082 1654 μὴ
3141 1582 3436 1649 πεισθεῖσα,
3468 1579 3687 1655 ὕστερον
3736 1580 3831 1635 καὶ

2164 1674 2305 1741 αύτή
2337 1672 2477 1750 ξίφει
2507 1672 2809 1749 πληγεῖσα,
2842 1670 3161 1740 ἐτελειώθη.

2729 1782 2913 1839 MHNI
2942 1785 3026 1858 τᾳ
3059 1785 3256 1859 Αγτο.

2936 1888 3062 1945 KH'.

2163 1994 2439 2087 Ἀθλησιςι
2505 1999 2614 2087 τοῦ,
2664 1995 2826 2085 ἁγίου
2886 1992 3291 2087 ςιερομάρτυροες
3349 1996 3827 2087 Ιξυριακηοῦκτροῦ

2235 2064 2645 2145 ιρᾉανερώσαντός
2693 2064 2788 2123 τὸν
2844 2064 3029 2140 τίμιον
3084 2064 3310 2142 σταυρὸν
3366 2064 3454 2121 ἐπὶ
3510 2072 3609 2135 τῆς
3650 2064 3829 2139 Ἲάγίας

2234 2137 2481 2209 Ἑλένης.

2234 2262 2408 2326 Οὗτος
2471 2265 2606 2337 μετὰ
2646 2264 2709 2318 τὸ
2758 2266 3063 2341 φανερῶσαι
3122 2263 3214 2317 τὸν
3272 2264 3462 2336 τίμιον
3520 2261 3609 2317 καὶ
3671 2266 3824 2331 ζωο-

2161 2357 2320 2408 ποιὸν
2381 2352 2629 2427 σταυρὸν,
2689 2352 2778 2407 καὶ
2842 2353 3221 2427 βαπτισθῆναι,
3271 2351 3457 2427 γέγονε
3516 2351 3824 2415 ἐπίσκοπος

2157 2439 2582 2517 Ἱεροσολύμων’
2645 2441 2736 2496 καὶ
2784 2440 3091 2513 παρέτεινεν
3154 2444 3189 2509 ἡ
3248 2441 3361 2510 ζωὴ
3420 2440 3586 2496 αὐτοῦ
3647 2439 3822 2516 μέχρι

2156 2539 2257 2602 τῆς
2326 2531 2606 2606 βασιλείας
2661 2528 2971 2587 Ἰουλιανοῦ
3054 2534 3151 2586 τοῦ
3212 2526 3563 2605 Παραϐάτου,
3622 2534 3821 2593 ’Ὀστις

2152 2623 2294 2676 κατά
2347 2625 2457 2675 τῶν
2518 2624 2737 2695 Περσῶν
2797 2619 3168 2692 πορευόμενος
3207 2664 3220 2689 ,
3295 2620 3510 2688 ἀπῆλθε
3586 2620 3676 2674 καὶ
3736 2619 3821 2681 εἷς

2147 2710 2539 2783 Ἰερουσαλήμ.
2587 2709 2689 2767 Καὶ
2751 2711 2936 2782 μαθὼν
2992 2710 3114 2783 περὶ
3165 2714 3259 2764 τοῦ
3317 2709 3491 2784 ἁγίου,
3550 2709 3819 2764 καὶάπο-

2136 2800 2388 2868 ,στείλας,
2444 2800 2534 2854 καὶ
2590 2801 2866 2873 κρατήσας
2921 2799 3083 2853 αὐτὸν
3118 2842 3131 2866 ,
3208 2795 3513 2874 παρέστησε
3565 2802 3644 2871 τῷ
3683 2796 3814 2872 ἰδίῳ

2151 2889 2425 2965 κριτηρίῳ
2459 2934 2471 2945 .
2536 2889 2632 2943 Καὶ
2690 2889 2991 2965 ἀναγκάσας
3051 2890 3209 2944 αὐτὸν
3266 2894 3421 2953 θῦσαι
3470 2895 3587 2951 τοῖς
3644 2888 3810 2944 εἰδώ-

2148 2979 2290 3047 λοις,
2342 2979 2593 3054 ἠλέγχθη
2659 2980 2745 3032 ὑπ’
2802 2977 2989 3037 αὐτοῦ.
3049 2980 3209 3037 Ὅθεν
3270 2978 3517 3034 ἐκέλευσε
3566 2986 3811 3048 κοπῆναι

2143 3070 2241 3138 τὴν
2276 3066 2453 3141 δεξιὰν
2486 3068 2651 3122 αὐτοῦ
2700 3073 2883 3143 χεῖρα,
2942 3068 3131 3136 εἶπὼν,
3186 3067 3271 3123 ὅτι
3327 3067 3390 3122 σὺ
3437 3066 3652 3130 πολλὰς
3683 3068 3813 3122 ἐπι-

2144 3156 2342 3220 στολὰς
2395 3159 2604 3233 γράψας
2660 3158 2794 3229 μετά
2859 3165 2960 3226 τῆς
3020 3158 3205 3232 χειρὸς
3260 3164 3486 3228 ταύτης,
3554 3155 3811 3220 πολλοὺς

377 3247 683 3303 abstraxit.
718 3247 941 3303 Deinde
1000 3248 1290 3319 liquatum
1343 3248 1653 3320 plumbum
1713 3249 1773 3303 in
1806 3266 1871 3305 os
1902 3250 2030 3321 ejus

2152 3247 2482 3322 ἂπὲστρεψας
2516 3246 2622 3302 ἀπὸ
2654 3250 2759 3301 τῶν
2790 3249 2947 3304 θεῶν,
3014 3247 3142 3302 Εἶτα
3199 3247 3377 3323 ἐξέχεε
3435 3242 3714 3320 μόλυϐδον
3748 3246 3811 3302 ἐν

375 3336 610 3392 infundi
660 3336 999 3403 mandavit;
1034 3353 1170 3392 mox
1217 3338 1277 3391 in
1309 3338 1551 3410 grabato
1596 3354 1762 3394 teneo
1794 3339 2028 3394 cadenti

378 3442 513 3482 eum
545 3425 824 3482 collocari
854 3444 867 3482 :
892 3426 966 3482 ad
997 3443 1171 3498 quem
1208 3442 1343 3482 cum
1376 3431 1567 3481 mater
1591 3428 1721 3498 ejus
1750 3428 2031 3497 venisset,

371 3515 691 3587 corripitur
729 3520 787 3570 et
817 3515 965 3587 ipsa,
999 3532 1067 3572 ac
1097 3515 1169 3571 de
1202 3516 1443 3571 sublimi
1477 3516 1713 3587 capillis
1744 3533 2028 3588 appensa,

374 3605 585 3661 tandiu
615 3605 961 3671 dilaniatur,
994 3606 1137 3661 dum
1169 3606 1431 3661 animam
1464 3606 1714 3662 efflaret.
1741 3607 2031 3677 Cyriacus

370 3710 505 3748 vero
535 3694 596 3747 in
628 3692 885 3749 lebetem
918 3694 1197 3765 injectus,
1229 3698 1285 3748 et
1315 3694 1524 3749 lancea
1567 3695 1874 3749 confossus
1932 3711 2033 3750 oc-

371 3782 604 3838 cubuit.

1024 3889 1247 3945 Eodem
1297 3891 1391 3945 die

456 4008 609 4063 149
642 4009 1096 4065 Commemoratio
1148 4010 1324 4063 sancti
1351 4009 1581 4063 Joannis
1613 4008 1934 4065 Chozcbitce.

433 4121 537 4176 Hic
567 4120 972 4193 locupletibus
1007 4121 1357 4192 parentibus
1415 4120 1630 4176 Thebis
1659 4123 1886 4194 Egypti
1919 4139 2027 4178 na-

362 4215 488 4280 tus,
512 4226 649 4265 cum
671 4210 745 4266 ad
765 4216 1061 4267 maturam
1090 4217 1324 4267 aetatem
1349 4212 1628 4281 venisset,
1658 4212 1886 4267 nullam
1916 4212 2029 4267 sibi

363 4314 504 4354 cum
539 4300 804 4356 Ecclesia
826 4300 1122 4357 catholica
1135 4301 1620 4358 communionem
1642 4317 1771 4357 esse
1796 4301 2031 4357 volebat

358 4393 610 4460 propter
638 4390 962 4462 synodum,
996 4407 1130 4462 qua:
1156 4391 1526 4447 Chalcedone
1564 4390 1768 4446 habita
1792 4390 1923 4449 fuit.
1956 4393 2031 4445 At

364 4492 501 4532 cum
521 4478 846 4549 aliquando
879 4496 1017 4535 eum
1045 4486 1252 4536 sancta
1269 4480 1402 4535 loca
1429 4479 1658 4535 visendi
1689 4479 1903 4551 cupido
1936 4480 2024 4535 in-

368 4567 668 4635 cessisset,
697 4568 857 4624 visus
888 4574 979 4624 est
1004 4569 1119 4623 sibi
1149 4585 1257 4641 per
1287 4569 1550 4640 quietem
1579 4568 1836 4623 multum
1866 4567 2026 4623 labo-

368 4669 526 4719 rare,
549 4671 910 4727 omnemque
932 4673 1173 4728 operam
1195 4656 1498 4723 adhibere,
1514 4655 2021 4728 utingrederetur,

371 4745 818 4817 pretiosamque
843 4764 1080 4802 crucem
1111 4748 1404 4817 adoraret,
1435 4764 1546 4803 nec
1572 4753 1772 4803 tamen
1793 4753 2024 4818 portam

366 4832 633 4889 invenire
665 4852 871 4906 posse:
916 4853 1171 4908 cumque
1204 4837 1425 4892 idcirco
1457 4842 1791 4909 angeretur,
1822 4854 2023 4893 vocem

369 4922 576 4977 audire
609 4923 722 4978 sibi
754 4924 1091 4981 dicentem:
1126 4926 1372 4982 Crucem
1406 4926 1773 4997 contemptui
1803 4926 2023 4982 habere

365 5027 485 5079 eos,
514 5012 731 5082 quibus
789 5014 959 5070 nulla
1007 5020 1166 5071 esset
1222 5033 1359 5071 cum
1418 5014 1677 5070 Ecclesia
1732 5016 2025 5072 catholica

366 5102 728 5157 communio.
763 5104 1153 5175 Experrectus
1185 5105 1387 5178 igitur,
1407 5105 1621 5176 juncta
1651 5121 1786 5160 cum
1818 5107 2024 5161 catho-

364 5189 496 5245 licis
529 5193 971 5260 communione,
1007 5194 1322 5249 confestim
1358 5211 1419 5249 se
1442 5193 1502 5248 in
1527 5194 1858 5265 proximam
1890 5212 2019 5251 ere-

361 5297 530 5338 mum
562 5282 807 5354 recepit,
840 5287 1018 5353 atque
1047 5284 1108 5338 in
1141 5284 1407 5339 Chozeba
1429 5289 1631 5339 monte
1662 5283 1736 5338 ad
1767 5291 2021 5340 mortem

361 5386 551 5441 usque
583 5361 864 5426 concedit
891 5387 904 5425 :
937 5371 1038 5426 ubi
1088 5376 1145 5426 et
1175 5389 1237 5427 se
1270 5372 1467 5444 ipsum
1519 5372 1681 5427 omni
1738 5373 2020 5430 virtutum

359 5476 575 5531 genere
630 5461 915 5527 exercuit,
976 5467 1034 5516 et
1087 5462 1375 5518 miracula
1422 5462 1695 5535 patravit.
1752 5464 2019 5537 Denique

363 5564 500 5603 cum
529 5550 752 5606 multos
783 5551 1008 5606 sanctis
1052 5551 1343 5607 institutis
1385 5556 1443 5607 et
1468 5550 1761 5623 religiosis
1795 5559 2018 5613 exerci-

2137 3342 2219 3410 τῷ
2278 3337 2507 3409 στόματι
2568 3336 2774 3394 αὐτοῦ.
2841 3337 2938 3391 Καὶ
3002 3337 3136 3409 μετά
3189 3342 3355 3392 ταῦτα
3414 3336 3565 3407 ὲτέθη
3618 3335 3669 3391 ἐν
3722 3341 3811 3409 τῷ

2138 3420 2435 3503 κραϐϐάιῳ
2493 3426 2694 3501 χαλκῷ
2755 3426 3082 3499 πυρωθέντι.
3135 3424 3405 3489 Ἐλθοῦσα
3437 3422 3495 3480 δὲ
3544 3426 3679 3501 πρὸς
3710 3426 3807 3481 αύ-

2138 3515 2227 3570 τὸν
2261 3517 2295 3584 ἡ
2333 3516 2519 3591 μήτηρ
2554 3515 2741 3585 αὐτοῦ,
2775 3514 3053 3588 ἐκρατήθη
3085 3514 3177 3569 καὶ
3235 3514 3392 3584 αύτὴ.
3442 3513 3547 3571 Καὶ
3594 3535 3805 3591 κρεμα-

2141 3611 2326 3669 σθεῖσα
2354 3604 2411 3659 ἐγ
2443 3610 2551 3660 τῶν
2607 3609 2844 3681 τριχῶν,
2873 3605 2962 3660 καὶ
3022 3603 3273 3678 ξεομένη,
3333 3606 3614 3669 ἀπέθανεν.
3668 3606 3806 3661 Εἶτα

2139 3689 2441 3766 ἐμϐληθεὶς
2482 3694 2571 3749 καὶ
2632 3694 2795 3757 αὐτὸς
2849 3694 2925 3757 εἰς
2985 3690 3211 3766 λέϐητα,
3241 3692 3458 3768 ἐπλήγη
3522 3694 3657 3768 μετᾶ
3700 3699 3804 3749 τοῦ

2135 3784 2449 3859 κονταρίου,
2476 3784 2564 3838 καὶ
2594 3782 2909 3853 ἐτελειώθη.

2738 3903 2823 3973 Τῇ
2856 3900 2992 3975 αὐτῇ
3024 3902 3196 3977 ἡκέρᾳ

2315 4016 2527 4089 Μνήμη
2559 4019 2657 4071 τοῦ
2689 4014 2842 4071 ὁσίου
2873 4018 3125 4075 Ἰωάννου
3150 4021 3247 4074 τοῦ
3293 4013 3614 4087 Χοζεϐίτου.

2208 4133 2382 4195 Ουτος
2414 4132 2632 4209 γὲγονεν
2664 4132 2772 4187 ἀπὸ
2803 4127 2997 4203 Θηϐῶν
3029 4140 3132 4203 τῆς
3161 4132 3465 4210 Αἲγύπτου,
3511 4131 3797 4188 πλουσίων

2134 4219 2340 4297 γονέων
2374 4221 2508 4284 υἱός.
2544 4222 2710 4297 Ἀνήρ
2767 4219 2825 4277 δὲ
2853 4222 3144 4296 γενόμενος
3197 4224 3317 4278 καθ’
3362 4221 3610 4293 ⁴ἠλικίαν,
3642 4223 3802 4278 ἀκοι-

2132 4311 2374 4380 νώνητος
2433 4308 2589 4384 ἔμενε
2644 4316 2747 4380 τῆς
2801 4309 3103 4381 κηαθολικῆς
3137 4311 3514 4383 Ἐκκλησιίας,
3549 4309 3639 4367 διὰ
3691 4313 3799 4382 τήν

2133 4398 2189 4455 ἐν
2248 4397 2560 4471 Χαλκηδόνι
2620 4397 2868 4458 σύνοδον.
2930 4401 3277 4474 Ἐπεθύμησε
3334 4399 3393 4456 δὲ
3449 4402 3581 4457 ποτέ
3624 4401 3803 4457 ἀπελ-

2129 4489 2263 4559 θεῖν,
2297 4490 2387 4544 καῖ
2432 4495 2809 4563 προσκυνῆσαι
2868 4489 2995 4551 τοὺς
3062 4486 3397 4564 σεϐασμίους
3441 4490 3670 4555 τόπους’
3703 4493 3805 4546 καὶ

2134 4578 2235 4651 6ρᾶ
2262 4579 2382 4633 καθ’
2435 4576 2637 4640 ὕπνους
2692 4578 2880 4635 ἐαυτὸν
2942 4579 3037 4653 μὶν
3097 4577 3286 4636 πολλὰ
3344 4585 3648 4651 κοπιῶντα,
3701 4581 3800 4637 καὶ

2134 4664 2536 4739 ἀγωνιζόμενον
2571 4664 2856 4737 εἰσελθεῖν,
2911 4667 3000 4722 καὶ
3061 4674 3436 4742 προσκυνῆσαι
3490 4668 3583 4724 τὸν
3612 4668 3806 4741 τίμιον

2136 4757 2387 4831 σταυρόν·
2428 4758 2504 4828 μή
2540 4752 2839 4830 δυνάμενον
2875 4753 2932 4811 δὲ
2986 4756 3150 4832 θύραν
3205 4757 3401 4833 εὑρεῖν.
3462 4760 3804 4832 Ἀναγκαζο-

2139 4845 2256 4918 μέῳ
2289 4842 2346 4899 δὲ
2375 4842 2544 4914 ἦλθεν
2578 4843 2724 4916 αύτῷ
2772 4846 2929 4923 φωνή
2964 4845 3221 4921 λέγουσα·
3256 4845 3399 4909 Τοὺς
3461 4848 3538 4920 μή
3596 4868 3805 4902 κοινω-

2132 4938 2356 4996 νοῦντας
2388 4940 2488 5004 τῆς
2546 4930 2850 4999 καθολικῆς
2909 4933 3239 5005 Ἐκκλησίας
3267 4936 3295 4990 ὁ
3328 4937 3555 5009 σταυρὸς
3605 4936 3666 4991 ού
3695 4955 3804 4991 πα·

2134 5021 2444 5101 ραδέχεται.
2480 5024 2541 5081 Ὀ
2575 5020 2651 5095 δὲ,
2711 5022 2938 5095 ἔξυπνος
2986 5025 3305 5101 γενόμενος,
3365 5025 3693 5097 ἐκοινώνησε
3721 5029 3798 5101 τῇ

2130 5113 2403 5189 κπθολικῇ
2455 5112 2782 5193 Ἐκκλησία·
2841 5116 2931 5170 καὶ
2984 5117 3113 5193 παρ’
3169 5117 3307 5172 αὐτὰ
3336 5115 3561 5189 ἐξῆἷιθεν
3593 5117 3801 5184 εἰςτὰς

2131 5202 2366 5273 πλησίον
2402 5192 2810 5279 ἐρήμους-Καὶ
2870 5194 3076 5277 ἔμεινεν
3124 5203 3176 5260 ἐν
3236 5210 3314 5277 τῷ
3372 5201 3485 5280 ὄρει
3541 5210 3637 5262 τοῖ’»
3688 5207 3799 5263 Χο-

2132 5288 2262 5364 ζεϐἆ
2336 5289 2439 5354 ἓως
2495 5287 2689 5355 τέλους
2726 5338 2739 5363 ,
2800 5298 2971 5349 πᾶσαν
3034 5292 3259 5365 ἄσκησιν
3324 5292 3792 5369 ἐπιδεικνύμενος,

2129 5384 2216 5439 καὶ
2279 5383 2530 5455 θαύματα
2584 5380 2916 5445 ἐπιτελέσας
2976 5384 3067 5439 καὶ
3121 5382 3373 5448 πολλοὺς
3436 5382 3651 5457 διδάξας
3695 5408 3797 5459 μι-

2133 5473 2349 5545 μιῖσθαι
2376 5472 2476 5541 τής
2511 5469 2757 5545 ἐνάρετον
2792 5472 2956 5526 αὐτοῦ
3007 5472 3311 5546 πολιτείαν,
3343 5472 3434 5528 καὶ
3467 5475 3567 5543 τὴν
3622 5474 3791 5547 ἄσκη-

2130 5584 2237 5630 σιν,
2269 5560 2589 5631 ἐτελειώθη,
2620 5562 2807 5638 ταφεὶς
2841 5562 2891 5616 ἐν
2919 5559 3064 5634 αὐτῷ
3122 5569 3201 5635 τῷ
3258 5558 3370 5639 ὄρει
3426 5570 3527 5633 τῆς
3556 5562 3771 5637 ἐρήμου

365 5634 541 5691 nibus
571 5639 750 5708 probe
782 5638 1072 5709 excultos,
1095 5640 1169 5697 ad
1201 5641 1473 5698 eamdem
1494 5641 1625 5697 vita:
1666 5640 1961 5703 rationem
1993 5651 2319 5710 ineundam
2352 5651 2676 5720 allexisset,
2702 5634 2712 5638 -
2735 5651 3010 5722 decessit,
3068 5634 3244 5726 atque
3277 5634 3339 5710 in
3366 5634 3792 5712 eodem‘eremi

364 5730 565 5783 monte
596 5729 864 5799 sepultus
892 5728 1022 5787 fuit.
