4124 6434
285 412 403 474 133

877 554 1066 612 nam
1107 556 1200 634 Τῼ
1245 556 1438 634 me.

1112 646 1237 702 KO'.

491 731 708 802 Μνήμη
741 735 846 786 τοῦ
881 732 1042 788 ὁσίου
1070 736 1280 810 Πατρὸς
1303 737 1465 808 ἡμῶν
1499 729 1820 808 ’Λϐραμίου.

392 849 454 903 Ὀ
505 848 654 907 ὅσιος
721 841 1038 923 Ἀὖράμιος
1123 849 1194 918 ἧν
1283 851 1376 923 μὲν
1439 852 1777 924 Χριστιανῶν
1861 847 1999 906 υἱός.

324 937 675 1010 Σιδνεζεῦχθη
730 933 790 991 δὲ
848 932 1184 1008 ἀϐουλήτως
1244 944 1482 1015 γυναικί.
1519 941 1618 994 Διά
1649 937 1706 994 δέ
1734 938 1828 993 τὸν
1859 940 2002 1010 Χρι-

323 1025 788 1080 στὸνκεταλιπὼν
847 1027 1048 1098 αὐτὴν,
1107 1027 1199 1082 καὶ
1260 1031 1646 1106 ἀναχωρήσας,
1681 1026 1998 1082 ἀπέκλεισεν

323 1116 517 1170 ἑαυτὸν
574 1114 650 1177 si:
715 1117 913 1190 μικρὸν
976 1116 1193 1190 οἴκημα
1248 1117 1483 1194 χρόνους
1541 1116 1809 1180 πολλούς.
1862 1120 2002 1174 Εἶτα

327 1210 735 1279 χειροτονεῖται
816 1201 1212 1282 πρεσϐύτερος.
1295 1207 1733 1278 Τελευτήσαντος
1791 1203 1847 1260 δὲ
1902 1209 2000 1260 τοῦ

323 1293 574 1372 ἀδελφοῦ
629 1293 821 1366 αὐτοῦ,
880 1296 975 1350 καὶ
1031 1296 1432 1358 καταλιπόντος
1482 1294 1698 1352 παιδίον
1737 1293 1999 1366 θηλυκὸν,

324 1384 452 1437 ὡσεὶ
516 1382 738 1457 χρόνων
793 1383 952 1451 ἑπτὰ,
1033 1381 1330 1441 ἀνελάϐετο
1401 1385 1533 1441 αὐτὸ
1590 1387 1618 1441 ὁ
1677 1387 1850 1461 ἅγιος·
1908 1384 1998 1439 καὶ

319 1471 566 1542 πλησίον
597 1476 695 1526 τοῦ
750 1472 982 1528 κελλίου
1040 1473 1206 1528 αὐτοῦ
1263 1475 1341 1536 εἷς
1394 1472 1579 1547 1ἕτερον
1633 1472 1856 1530 κελλίον
1892 1473 1999 1528 ἀπ-

323 1559 588 1617 έκλεισεν.
617 1563 707 1617 Ἐν
740 1566 820 1633 τῷ
854 1561 1086 1634 εἰκοστῷ
1119 1560 1176 1617 δὲ
1207 1563 1394 1638 χρόνῳ
1423 1567 1523 1629 τῆς
1551 1561 1775 1633 ἡλικίας
1807 1563 1997 1634 αὐτῆς,

334 1645 526 1718 συνέϐη
562 1651 749 1723 φθόνῳ
804 1655 903 1705 τοῦ
963 1649 1226 1723 δαίμονος
1283 1658 1593 1726 περιπεσεῖν
1653 1651 1820 1720 αὐτὴν
1863 1671 1999 1726 πορ-

337 1739 467 1808 νείᾳ·
525 1743 633 1794 εἶτα
690 1740 785 1794 καὶ
843 1739 896 1794 ἐν
969 1737 1283 1817 πανδοχείῳ
1338 1741 1597 1806 ἀπελθεῖν
1660 1741 1795 1814 μετᾶ
1859 1761 1996 1815 πορ-

339 1833 464 1884 νῶν.
501 1829 669 1890 Γνοὺς
704 1826 763 1883 δὲ
794 1831 822 1884 ὁ
853 1829 1036 1903 ἅγιος,
1085 1831 1174 1885 καὶ
1237 1832 1572 1907 στρατιώτου
1604 1838 1803 1906 σχῆμα
1827 1831 1998 1909 φορέ-

1847 405 2238 476 OCTOBER.

2029 543 2086 610 Α

3646 419 3765 479 134

2675 543 2916 600 EODEM
2956 545 3210 601 MENSE.

2624 642 2729 697 Die
2762 644 3042 700 vicesima
3074 661 3252 701 nona.

2155 729 2310 784 I50
2345 730 2800 785 Commemoratio
2831 736 3010 788 sancti
3038 737 3221 789 Patris
3251 740 3425 792 nostri
3453 738 3723 798 Abramii.

2183 846 2430 902 Sanctus
2465 848 2779 903 Abramius
2812 849 3165 904 Christianis
3197 854 3550 922 parentibus
3570 862 3765 924 natus,

2111 950 2315 1004 uxore,
2348 953 2526 1006 quam
2549 939 2768 992 invitus
2807 939 3074 1006 duxerat,
3099 946 3342 1012 propter
3361 945 3657 1000 Christum
3685 946 3770 1001 di-

2110 1024 2314 1092 missa,
2350 1026 2693 1081 solitudinis
2725 1028 2918 1081 studio
2944 1045 3074 1084 sese
3098 1031 3161 1084 in
3188 1038 3499 1103 angustam
3523 1035 3770 1091 domun-

2110 1113 2306 1168 culam
2337 1115 2565 1169 abdidit
2593 1116 2695 1170 ubi
2728 1117 3068 1188 complures
3099 1136 3287 1175 annos
3341 1129 3766 1191 commoratus,

2110 1204 2423 1274 presbyter
2479 1205 2811 1261 ordinatur.
2868 1208 3133 1278 Cumque
3167 1209 3347 1264 evita
3415 1213 3768 1267 excessisset

2109 1291 2311 1358 frater,
2343 1293 2553 1348 relicta
2579 1294 2780 1365 puella
2811 1311 3001 1349 annos
3032 1302 3260 1367 septem
3283 1298 3571 1370 ingressa,
3597 1301 3766 1356 illam

2109 1385 2352 1436 sanctus
2384 1398 2586 1437 secum
2617 1382 2936 1439 abductam
2967 1385 3028 1439 in
3060 1385 3249 1440 altera
3279 1403 3400 1442 suaa
3424 1390 3762 1461 propinqua

2111 1469 2328 1525 cellula
2358 1470 2618 1527 inclusit.
2640 1474 2778 1538 Quas
2803 1491 2939 1528 cum
2958 1475 3310 1530 vicesimum
3336 1479 3526 1532 aatatis
3541 1495 3768 1535 annum

2111 1565 2330 1630 ageret,
2363 1559 2584 1615 diaboli
2617 1561 2842 1617 invidia
2873 1563 2933 1616 in
2966 1563 3427 1620 fornicationem
3459 1565 3625 1638 lapsa
3657 1574 3767 1634 est,

2113 1653 2170 1702 et
2201 1649 2261 1703 in
2293 1650 2597 1706 meritorio
2630 1652 2809 1706 etiam
2843 1652 3102 1724 hospitio
3156 1671 3292 1709 eum
3351 1657 3769 1712 meretricibus

2111 1737 2434 1794 habitabat.
2469 1740 2633 1804 Quod
2662 1740 2764 1794 ubi
2798 1741 3035 1796 rescivit
3068 1749 3330 1812 sanctus,
3365 1750 3600 1817 sumpto
3651 1746 3768 1800 mi-

2113 1825 2272 1882 litari
2304 1828 2509 1883 habitu
2541 1846 2572 1883 e
2605 1830 2758 1884 cella
2789 1847 3083 1902 egressus,
3117 1837 3176 1886 et
3205 1849 3530 1889 conscenso
3589 1851 3766 1906 equo,

330 1939 444 1986 σας,
503 1919 592 1972 καὶ
650 1923 752 1972 τοῦ
808 1917 1038 1974 κελλίου
1097 1919 1262 1974 αὐτοῦ
1345 1918 1598 1992 ἐξελθὼν,
1663 1920 1753 1975 καὶ
1805 1917 1997 1982 ἐπιϐὰς

2113 1934 2143 1973 a
2168 1915 2339 1989 lapsu
2367 1917 2532 1973 illam
2565 1919 2828 1985 retraxit,
2866 1924 2920 1974 et
2953 1919 3015 1973 in
3036 1921 3338 1991 propriam
3370 1903 3764 1978 cellulam—re;

325 2007 526 2072 ἵππου,
609 2011 709 2063 τοῦ
793 2009 1093 2082 πτώματος
1165 2008 1367 2080 ταύτην
1429 2010 1718 2086 ἐξήρπασε,
1777 2011 1864 2063 xui
1923 2014 2003 2082 τῷ

329 2095 452 2168 ἰδίῳ
478 2095 693 2169 κελλίῳ
751 2098 1180 2165 ἀποκατέστησε.
1243 2100 1343 2154 Καὶ
1400 2097 1658 2169 τοιαύτην
1717 2097 2002 2172 μετάνοιαν

321 2184 663 2257 ἐπεδείξατο,
724 2186 800 2248 ὡς
856 2186 946 2240 καὶ
1013 2191 1216 2259 σημεῖα
1271 2194 1522 2260 ποιῆσαι,
1579 2187 1668 2242 καὶ
1727 2187 1870 2242 οὕτω
1907 2209 1998 2244 τε·

321 2276 654 2344 λειωθῆναι.
688 2276 998 2348 Ἐκοιμήθη
1055 2273 1114 2330 δὲ
1166 2278 1255 2331 καὶ
1314 2278 1342 2331 ὁ
1405 2277 1556 2339 δσιος
1609 2272 1917 2354 Ἀϐράμιος
1944 2277 1995 2333 ἐν

312 2367 611 2439 βαθυτάτῳ
653 2366 823 2438 γήρᾳ-

903 2484 983 2555 Τῇ
1041 2479 1178 2556 αὖτῇ
1216 2481 1420 2557 ἡμέρᾳ·

306 2567 596 2641 Ἀλλησις
646 2575 756 2625 τῶν
793 2569 958 2644 ἁγίων
1011 2570 1302 2648 μαρτύρων
1349 2569 1648 2644 Κλαυδίου,
1681 2573 1996 2649 Ἀστερίου,

804 2660 1020 2722 Νέωνος
1069 2661 1158 2716 καὶ
1203 2660 1527 2731 Θεονίλλης.

395 2775 567 2831 Οὗτοι
628 2775 884 2849 ὑπῆρχον
941 2773 1030 2828 ἐπὶ
1089 2772 1488 2846 Διοκλητιανοῦ
1539 2780 1636 2830 τοῦ
1700 2775 1994 2851 βασιλέως,

325 2864 417 2918 καὶ
478 2865 697 2919 Λυσίου
755 2864 1030 2937 ἡγεμόνος
1086 2871 1186 2935 τῆς
1226 2864 1500 2928 Κιλικίαςο
1559 2866 1671 2920 νέοι
1735 2865 1830 2938 μὲν
1895 2867 1994 2936 τήν

323 2953 578 3024 ἡλικίαν,
612 2949 846 3026 ἀδελφοὶ
891 2951 949 3007 δὲ
990 2953 1246 3027 νόμιμοι.
1297 2954 1578 3030 Μητρυιάν
1612 2953 1704 3009 οὖν
1746 2953 1991 3030 ἔχοντες,

323 3044 415 3096 καὶ
442 3043 544 3109 τήν
576 3044 809 3117 γονικήν
865 3041 1042 3096 αὐτῶν
1099 3042 1322 3116 ὕπαρξιν
1385 3047 1698 3114 ζητοῦντες,
1741 3042 1992 3110 ἀπῆλθον

324 3130 378 3186 ἐν
434 3132 758 3205 Ηοψοεστίᾳ
813 3135 882 3204 τῇ
941 3130 1123 3200 πόλει,
1184 3128 1497 3186 δικάσασθαι
1558 3131 1644 3188 ἐπὶ
1713 3137 1812 3188 τοῦ
1859 3136 1996 3209 ἡγε-

325 3222 515 3293 μόνος.
601 3221 668 3275 ἸΙ
755 3216 812 3274 δέ
900 3221 1142 3294 μητρυιὰ
1226 3222 1302 3293 μή
1361 3221 1594 3284 θέλουσά
1640 3243 1694 3276 τι
1751 3219 1994 3277 ἀποδοῦ-

321 3331 409 3362 ναι
499 3308 715 3378 αὐτοῖς,
811 3304 1094 3364 διέϐαλλεν
1179 3308 1379 3365 αὐτοὺς
1465 3309 1542 3373 ὠς
1613 3280 2067 3387 Χρίστιανούς.0

323 3400 430 3454 Καὶ
489 3399 851 3470 κρατηθέντες
900 3399 985 3452 καὶ
1052 3397 1436 3472 ἐρωτηθέντες,
1498 3398 1876 3475 ὡμολόγήσαν
1933 3402 1995 3456 τὸ

328 3485 504 3559 ὄνομα
558 3491 658 3541 τοῦ
709 3487 947 3562 Χριστοῦ
1004 3487 1305 3563 παῤῥησίᾳ.
1367 3490 1524 3546 Ὅθεν
1574 3489 1915 3566 εἰσαχθέντες
1942 3489 1994 3545 ἂν

333 3581 413 3643 τῷ
466 3577 697 3651 θεάτρῳ,
754 3575 846 3629 καὶ
903 3577 1100 3650 γυμνοὶ
1169 3579 1584 3652 κρεμασθέντες,
1641 3577 2000 3655 ἐτιμωρήθη-

347 3685 466 3733 σαν,
521 3667 606 3718 καὶ
661 3665 947 3737 ἐξέσθησαν
1022 3665 1286 3741 ἰσχυρῶς.
1348 3670 1482 3724 Εἶτα
1562 3670 1698 3742 μετὰ
1781 3668 2000 3734 πολλὰς

343 3755 562 3829 πικρὰς,
618 3756 702 3809 καὶ
765 3753 1060 3832 διαφόρους
1123 3757 1409 3829 βασάνους,
1484 3756 1744 3828 δήσαντες
1801 3759 1998 3822 αὐτοὺς

337 3846 387 3898 οἱ
449 3849 772 3916 στρατιῶται
828 3843 907 3907 εἷς
969 3843 1092 3916 μίαν
1154 3844 1372 3914 ἆλυσιν,
1432 3848 1717 3923 ἀπήγαγον
1768 3845 1870 3920 ἔξω
1900 3854 1996 3904 τοῦ

329 3933 547 4008 τείχους
608 3941 707 4002 τῆς
765 3933 1006 3995 πόλεως·
1067 3935 1156 3989 καὶ
1213 3933 1300 3990 ἐπὶ
1373 3935 1548 4006 ξύλων
1608 3941 1996 4012 κρεμᾶσαντες,

321 4023 414 4075 καὶ
447 4021 610 4090 ἣλοις
668 4025 1137 4098 προσηλώσαντες
1191 4023 1501 4102 ἐφόνευσαν.
1535 4027 1665 4082 Εἶτα
1695 4027 1994 4102 προσήχθη

320 4113 412 4165 καὶ
481 4113 516 4179 ἡ
578 4112 708 4186 ἁγία
768 4110 1059 4167 Θεονίλλα’
1120 4112 1206 4167 καὶ
1289 4120 1652 4189 κρεμασθεῖσα
1709 4116 1796 4170 καὶ
1859 4115 1994 4183 αὐτὴ

2108 2007 2293 2077 duxit,
2329 2025 2458 2078 quae
2491 2013 2717 2062 tantam
2739 2025 2806 2063 ac
2829 2008 3007 2063 talem
3025 2009 3440 2079 pcenitentiam
3473 2012 3764 2082 exhibuit,

2107 2103 2174 2153 ut
2204 2103 2262 2152 et
2317 2097 2586 2170 prodigia
2636 2097 2882 2163 fecerit;
2945 2102 3123 2168 atque
3154 2098 3237 2153 ita
3294 2100 3474 2155 vitam
3535 2100 3754 2159 ﬁnivit.

2109 2187 2360 2242 Sanctus
2391 2203 2526 2241 vero
2559 2186 2875 2241 Abramius
2908 2187 2968 2241 in
3029 2204 3264 2244 summa
3321 2195 3626 2246 senectute
3658 2191 3765 2246 ob-

2109 2275 2409 2331 dormivit.

2746 2483 2970 2539 Eodem
3002 2483 3098 2538 die

2105 2572 2251 2628 151
2346 2574 2630 2628 Certamen
2709 2580 3024 2629 sanctorum
3129 2583 3435 2647 martyrum
3515 2575 3760 2646 Claudii,

2478 2649 2707 2715 Asterii,
2741 2647 2938 2700 Nconis
2969 2653 3021 2700 et
3055 2647 3370 2702 T/ieonillza.

2175 2763 2266 2830 Hi,
2295 2764 2653 2819 Diocletiano
2682 2765 3062 2835 imperatore,
3086 2771 3144 2819 et
3166 2766 3334 2837 Lysia
3355 2766 3575 2820 Ciliciae
3606 2783 3759 2837 prie-

2103 2853 2277 2922 fecto,
2312 2859 2483 2908 aetate
2509 2855 2780 2926 juvenes,
2814 2860 2872 2908 et
2902 2855 3420 2925 germauifratres,
3447 2872 3760 2911 novercam

2105 2942 2413 3009 habentes,
2448 2944 2507 2997 in
2547 2943 2753 2998 urbem
2787 2944 3205 3014 Mopsuestiam
3233 2945 3480 3015 profecti
3514 2950 3671 3014 sunt,
3696 2950 3763 2999 ut

2102 3032 2415 3088 facultates
2447 3037 2724 3104 paternas
2757 3039 3202 3103 recuperarent,
3243 3039 3300 3087 et
3332 3033 3434 3087 lite
3453 3034 3761 3106 acjudicio

2103 3139 2302 3177 coram
2325 3122 2602 3194 prazfecto
2626 3124 3596 3194 persequerenturAtnoverca,ne
3611 3122 3754 3194 quid

2107 3211 2228 3265 illis
2259 3209 2449 3280 daret,
2478 3210 2693 3266 detulit
2713 3229 2814 3266 eos
2848 3217 2911 3265 ut
2943 3211 3333 3267 Christianos.
3367 3214 3556 3277 Quare
3588 3229 3754 3268 com-

2107 3301 2386 3372 prehensi
2421 3305 2478 3355 et
2505 3301 2870 3372 interrogati,
2905 3301 3124 3355 Ghristi
3146 3317 3366 3356 nomen
3393 3301 3578 3356 libere
3610 3318 3755 3355 con-

2106 3391 2247 3445 fessi
2281 3395 2436 3445 sunt.
2473 3389 2636 3445 Unde
2665 3391 2726 3444 in
2759 3390 3055 3444 theatrum
3088 3390 3380 3460 perducti,
3425 3389 3755 3460 nudatique

2107 3481 2168 3534 in
2191 3480 2510 3552 equuleum
2545 3479 2884 3550 rapiuntur,
2917 3478 3293 3548 fustibusque
3317 3483 3757 3549 torquentur,ct

2107 3569 2490 3626 acerbissime
2521 3568 2933 3639 depectuntur.
2968 3568 3113 3621 Tum
3136 3566 3341 3622 multis
3362 3567 3496 3622 aliis
3527 3565 3759 3638 suppli-

2108 3661 2216 3716 ciis
2241 3658 2564 3715 crudeliter
2594 3658 2805 3725 vexati,
2835 3674 2955 3712 una
2986 3674 3194 3712 omnes
3225 3674 3259 3713 a
3301 3657 3593 3712 militibus
3625 3673 3760 3712 con-

2109 3749 2297 3803 stricti
2330 3752 2561 3818 catena,
2597 3752 2653 3800 et
2681 3752 2847 3800 extra
2877 3745 3042 3801 urbis
3075 3746 3295 3801 muenia
3327 3746 3546 3816 educti,
3580 3746 3758 3819 lignis

2107 3838 2402 3910 suspensi,
2429 3844 2487 3892 et
2507 3836 2689 3892 clavis
2715 3835 3219 3905 conﬁxi,mortem
3238 3835 3590 3891 occubuere.
3621 3838 3762 3890 Post

2106 3930 2215 3983 hos
2243 3933 2450 3984 sancta
2469 3926 2778 3982 Theonilla
2799 3925 3073 3993 adducta,
3102 3925 3236 3981 etin
3256 3926 3510 3980 sublime
3525 3925 3760 3996 capillis

2107 4019 2361 4086 sublata,
2389 4017 2566 4088 virgis
2598 4034 2704 4088 per
2743 4015 2961 4071 multas
3019 4017 3196 4071 horas
3245 4016 3514 4087 caiditur,
3575 4014 3764 4072 donec

2107 4110 2388 4183 spiritum
2420 4107 2670 4162 Domino
2706 4105 2987 4160 reddidit.

327 4201 434 4256 an;
517 4205 622 4254 τῶν
697 4206 943 4277 τριχῶν,
1020 4202 1110 4256 καὶ
1187 4203 1499 4276 τυπτομένη
1579 4200 1802 4280 ῥάϐδοις
1881 4203 1970 4259 ἐπὶ
2044 4199 2284 4259 πολλαῖς
2337 4200 2457 4258 ταῖς
2516 4193 2705 4268 ὥραις,
2765 4191 3012 4248 ἀπέδωκε
3067 4194 3129 4247 τὸ
3187 4197 3399 4266 πνεῦμα
3457 4191 3624 4258 αὐτῆς
3681 4213 3762 4265 τῳ

326 4290 533 4365 Κυρίῳ.

867 4408 1050 4466 MUNI
1111 4413 1204 4467 ΤΩ
1251 4415 1448 4470 ΑΥΤΩ.

1117 4516 1194 4564 Λ’.
1219 4549 1224 4554 -

533 4596 784 4664 Aci-qut:
815 4600 913 4650 τοῦ
944 4595 1102 4670 ἁγίου
1139 4597 1414 4674 μάρτυρος
1445 4600 1783 4675 Ἑπιμαχου.

397 4712 715 4785 Ἐπὲμαχος
750 4713 778 4766 ὁ
814 4713 1038 4787 μάρτυς,
1090 4713 1158 4783 ἦν
1217 4715 1310 4787 μὶν
1344 4716 1480 4792 ἆνῆρ
1515 4714 1764 4789 ἰδιώτης,
1793 4718 1996 4793 ὡραῖος
2029 4695 2075 4759 Ῑ)

322 4802 382 4858 ὂὶ
431 4806 501 4874 τῇ
559 4801 704 4874 δψει,
764 4804 1028 4879 ὑπάρχων
1098 4803 1158 4860 ἐκ
1225 4807 1412 4881 χώρας
1487 4808 1791 4884 Αἱγόπτου.
1856 4815 1991 4884 Χρι-

323 4891 546 4951 στιανὸς
579 4889 638 4944 δὲ
690 4887 787 4960 ὤν,
840 4892 928 4946 καὶ
985 4898 1204 4966 θεωρῶν
1254 4895 1346 4950 τὸν
1393 4902 1492 4966 τῆς
1525 4897 1716 4972 χώρας
1749 4893 1993 4971 ἄρχοντα

326 4979 692 5056 βασανίζοντα
743 4980 868 5042 τοὺς
925 4983 1110 5058 ἁγίους
1175 4985 1450 5060 μάρτυρας
1509 4984 1561 5040 ἐν
1612 4983 1994 5058 Ἀλεξανδρείᾳ

319 5072 394 5141 τῇ
423 5067 614 5140 πόλει,
656 5068 932 5128 ἐλυπεῖτο.
996 5073 1084 5127 Ἐν
1145 5077 1242 5146 μιᾷ
1298 5075 1387 5128 οὗν
1447 5079 1553 5130 τῶν
1587 5077 1835 5149 ἡμερῶν,
1865 5097 1994 5130 κατ-

328 5163 732 5234 αναγκαζοντος
790 5164 893 5214 τοῦ
950 5158 1218 5236 ἄρχοντος
1272 5162 1401 5228 τοὺς
1453 5165 1638 5241 ἁγίους
1692 5169 1845 5230 θῦσαι
1875 5169 1992 5228 τοῖς

321 5246 611 5313 εἰδώλοις,
647 5247 736 5302 xui
766 5253 864 5304 τοῦ
908 5249 1104 5325 βωμοῦ
1162 5253 1548 5327 προκειμένου,
1585 5253 1779 5325 ζήλου,
1813 5257 1995 5318 θεῖ’κοῦ

321 5337 598 5408 πλησθεὶς
660 5339 688 5391 ὁ
773 5338 1112 5414 Ἐπίμαχος,
1199 5340 1428 5416 ὥρμησε
1479 5345 1842 5418 καταστρέψαι
1900 5345 1992 5400 τὸν

328 5423 548 5502 βωμόν.
582 5427 740 5484 Ὀθεν
773 5430 1068 5504 κρατηθεὶς
1109 5428 1381 5507 παρεδόοη
1429 5436 1499 5507 τῇ
1544 5431 1785 5507 φυλακῇ.
1819 5433 1997 5490 Ἀλλὰ

320 5517 416 5573 καὶ
476 5517 589 5572 ἐκεῖ
643 5515 943 5592 παρεκάλει
1025 5516 1154 5580 τοὺς
1236 5519 1446 5594 ἁγίους,
1501 5522 1800 5597 προθύμως
1863 5522 1994 5600 ὑπὲρ

323 5609 564 5682 Χριστοῦ
625 5615 944 5686 μαρτυρεῖν.
1004 5603 1424 5680 Ἐκϐληθέντων
1457 5609 1514 5667 δὲ
1542 5616 1653 5669 τῶν
1691 5612 1860 5689 ἁγίων
1893 5619 1996 5684 τῆς

331 5697 600 5776 φυλακῆς,
653 5699 744 5757 καὶ
803 5699 901 5754 τὸν
955 5694 1200 5774 ἄρχοντα
1255 5697 1609 5778 ἐλεγξάντων,
1653 5703 1938 5778 ἠρώτησεν
1968 5704 1996 5758 ὁ

324 5790 528 5868 ἄρχων,
580 5790 663 5850 ὅτι
737 5789 912 5855 πόθεν
985 5787 1282 5860 ἐκτήσαντο
1331 5791 1431 5860 τὴν
1501 5790 1831 5870 παῤῥησίαν.
1893 5791 1997 5854 Καὶ

2658 4403 2901 4459 EODEM
2948 4403 3202 4458 MENSE.

2716 4519 2813 4574 Die
2844 4518 3149 4574 tricesima

2268 4613 2422 4670 152
2457 4611 2739 4668 Certamen
2770 4609 2948 4664 sancti
2980 4609 3246 4678 martyris
3275 4607 3588 4678 Epimachi.

2181 4720 2536 4792 Epimachus
2595 4723 2842 4789 martyr,
2901 4717 2988 4770 vir
3041 4715 3380 4770 litterarum
3437 4731 3648 4787 expers
3705 4720 3766 4771 et

2103 4809 2494 4883 ignar-us,:sed
2524 4809 2674 4865 facie
2704 4807 2938 4862 liberali
2965 4811 3021 4860 et
3052 4805 3285 4877 decora,
3319 4823 3389 4860 ex
3412 4806 3639 4878 :Egypti
3669 4822 3764 4860 re-

2103 4902 2277 4975 gione
2310 4901 2440 4957 fuit.
2475 4899 2846 4954 Christianus
2879 4901 3078 4952 autem
3113 4913 3248 4951 cum
3307 4901 3486 4961 esset,
3522 4901 3579 4951 et
3608 4913 3762 4968 pras-

2102 4989 2324 5045 fectum
2355 4989 2614 5062 regionis
2645 4987 2874 5042 videret
2905 4985 2964 5040 in
2999 4989 3238 5040 sanctos
3293 4991 3586 5057 martyres
3614 4990 3763 5055 ;tor-

2103 5081 2323 5136 mentis
2355 5081 2415 5136 in
2445 5079 2590 5135 urbe
2624 5077 2998 5134 Alexandriae
3031 5077 3412 5146 debacchari,
3457 5076 3763 5149 aegerrime

2103 5170 2164 5224 id
2194 5170 2348 5225 tulit.
2380 5169 2776 5235 Quamobrem
2810 5167 3068 5238 quadam
3103 5167 3219 5235 die,
3253 5183 3386 5222 cum
3449 5165 3766 5238 praafectus

2105 5266 2344 5316 sanctos
2376 5260 2450 5316 ad
2481 5259 2775 5315 idolorum
2810 5257 3104 5312 sacriﬁcia
3134 5255 3541 5327 compelleret,
3579 5260 3636 5309 et
3665 5270 3770 5309 ara

2105 5366 2306 5406 coram
2338 5349 2642 5422 proposita
2674 5352 2848 5414 esset,
2885 5345 3246 5417 Epimachus
3279 5344 3476 5399 divino
3511 5341 3632 5396 zelo
3662 5342 3757 5397 in-

2107 5437 2468 5505 ﬂammatus,
2504 5439 2730 5510 impetu
2790 5435 2943 5490 facto
3003 5451 3168 5489 oram
3226 5432 3533 5488 subvertit.
3598 5430 3762 5486 Unde

2107 5525 2578 5596 comprehensus
2609 5523 2894 5578 custodia;
2929 5521 3199 5576 traditur.
3236 5519 3347 5573 Sed
3379 5533 3487 5572 nec
3527 5517 3587 5570 in
3633 5517 3764 5573 vin-

2107 5614 2260 5670 culis
2294 5617 2474 5671 ﬁnem
2504 5612 2758 5670 faciebat
2775 5616 3010 5666 sanctos
3029 5607 3381 5664 cohortandi
3404 5606 3478 5662 ad
3503 5606 3764 5662 subeun-

2107 5703 2251 5760 dum
2282 5705 2514 5762 fortiter
2543 5719 2648 5776 pro
2679 5702 2911 5756 Christo
2946 5697 3315 5769 martyrium.
3347 5695 3553 5752 Educti
3586 5697 3766 5770 igitur

2109 5794 2301 5856 sancti
2334 5795 2407 5856 de
2439 5807 2676 5853 carcere
2709 5806 2843 5848 cum
2864 5788 3213 5863 praefectum
3245 5786 3655 5858 objurgarent,
3675 5786 3768 5842 in-
