4124 6426
420 416 535 477 135

1739 409 2185 474 MENOLOGII
2227 413 2437 480 PARS
2477 418 2531 481 ι.

3727 418 3846 480 136

417 550 738 626 terrogavit
761 549 888 621 ille,
912 547 1073 605 unde
1102 550 1302 603 tantos
1332 545 1447 602 sibi
1504 545 1736 603 animos
1785 546 2062 618 sumpsis-

2192 549 2403 622 μαθὼν,
2434 549 2517 608 ὅτι
2550 551 2611 609 ἐκ
2637 557 2736 609 τοῦ
2791 551 3129 630 Ἐπιμάχου,
3186 553 3465 629 κρεμάσας
3496 549 3658 607 αὐτὸν
3686 547 3847 623 ἔξεεν.

420 649 575 700 sent.
608 644 873 714 Cumque
906 641 1294 714 cognovisset,
1312 640 1491 711 hujus
1512 639 1598 694 rei
1616 642 1920 694 auctorem
1941 635 2077 708 Epi-

419 733 699 788 machum
726 731 929 797 fuisse,
971 729 1032 784 in
1092 728 1348 784 sublime
1407 733 1747 800 correptum
1796 726 2078 781 dilaniari

411 821 636 895 jussit:
671 821 842 893 cujus
873 819 1114 892 sanguis
1140 835 1274 874 cum
1306 819 1368 873 in
1412 818 1666 874 alterum
1718 817 2078 873 exstinctum

420 911 661 967 oculum
692 909 975 981 subjectae
1031 908 1341 981 cujusdam
1401 907 1637 981 puella),
1699 924 1831 979 quas
1887 921 2076 961 unum

416 1000 656 1057 oculum
683 999 934 1069 habens,
967 1003 1241 1055 sanctum
1273 997 1637 1066 intuebatur,
1690 996 1938 1068 ejusque
1988 993 2074 1049 fa-

2188 639 2507 713 Ἱσταμὲνης
2586 639 2645 697 δὶ
2718 644 2957 709 κάτωθεν
3037 643 3440 722 μονοφθάλμου
3510 642 3704 717 κόρης,
3761 639 3854 695 καὶ

2193 726 2506 803 βλεπούσης
2570 735 2756 806 αὐτὸν,
2840 735 2931 790 καὶ
3019 734 3314 810 θρηνύσης,
3388 732 3667 802 ἐπέσταξεν
3717 733 3858 804 αἷμα

2190 816 2269 880 εἱς
2322 820 2415 875 τὸν
2484 819 2807 900 ἐῶεσμένον
2858 824 3027 895 αὐτῆς
3085 822 3395 899 ὀφθαλμὸν,
3452 823 3540 877 καὶ
3576 820 3733 885 εὐθὺς
3765 821 3857 875 ἀν-

2188 900 2412 981 ἔϐλεψε.
2450 912 2549 967 Καὶ
2585 913 2856 986 θυμωθεὶς
2905 913 2933 968 ὁ
2983 911 3193 988 ἅρχων,
3240 908 3632 990 ἀπεκεφάλισεν
3667 909 3853 979 αὐτὸν,

2184 993 2275 1048 καὶ
2309 995 2483 1062 οὕτως
2515 999 2830 1072 ἐτελειώθη.

413 1094 542 1146 tum
573 1088 943 1161 deplorabat,
1003 1088 1374 1157 deﬂuxisset,
1421 1088 1618 1143 lucem
1681 1086 1771 1140 illi
1819 1084 2096 1157 protinus
2146 1086 2427 1148 restituit.
2462 1092 2653 1158 Quare
2695 1092 2897 1149 furore
2946 1093 3209 1166 percitus
3255 1090 3625 1164 praefectum,
3676 1089 3854 1145 illum

412 1177 700 1235 decollari
729 1177 1053 1248 mandavit,
1080 1182 1260 1250 atque
1291 1177 1368 1233 ita
1401 1177 1582 1233 vitam
1608 1174 1822 1232 ﬁnivit.

1079 1303 1301 1360 Eodem
1332 1304 1427 1359 die

585 1394 742 1452 I58
774 1395 1061 1450 Certamen
1089 1401 1293 1451 sancta
1318 1395 1582 1463 martyris
1608 1392 1915 1461 Eutrapim.

496 1512 779 1584 Eutropia
808 1518 1035 1583 martyr
1064 1511 1436 1568 Alexandriae
1468 1510 1695 1583 )Egypti
1726 1513 1885 1573 nata,
1942 1522 2078 1561 cum

428 1602 639 1673 ingens
670 1607 996 1672 martyrum
1030 1618 1319 1656 numerus
1347 1600 1408 1655 in
1441 1599 1647 1655 eadem
1679 1598 1824 1653 urbe
1856 1598 1918 1651 in
1948 1597 2075 1650 vin-

425 1691 577 1745 culis
610 1696 786 1760 esset,
821 1708 1025 1746 eorum
1057 1691 1321 1758 miserta,
1345 1706 1505 1745 nunc
1536 1688 1778 1761 quidem
1809 1702 2074 1759 praesens

424 1778 558 1850 ipsa
598 1779 733 1834 illos
765 1779 1062 1847 visitabat,
1096 1796 1257 1834 nunc
1287 1795 1422 1833 vero
1452 1795 1558 1849 per
1578 1778 1729 1832 alios
1757 1776 1833 1830 iis
1862 1792 2072 1830 neces-

2794 1310 2879 1382 Τῇ
2902 1306 3039 1383 αὐτῇ
3061 1303 3245 1383 ἡμέρᾳ

2385 1392 2659 1467 ’Ἂθλησις
2685 1403 2785 1467 τῆς
2823 1397 2976 1472 ἁγίας
3007 1396 3279 1472 μάρτυρος
3311 1392 3641 1471 Εὐτροπίας.

2258 1507 2321 1561 Ἣ
2384 1510 2591 1585 μάρτυς
2650 1511 2927 1587 Εὐτροπία
2981 1512 3049 1582 ἦν
3118 1512 3223 1567 ἀπὸ
3282 1507 3692 1585 Ἀλεξανδρείας
3748 1516 3856 1578 τῆς

2186 1596 2490 1670 Αἰγύπτου.
2526 1601 2675 1657 Ἐπεί
2737 1598 2795 1656 δὲ
2851 1600 3063 1671 πλῆτος
3123 1600 3414 1676 μαρτύρων
3445 1599 3497 1654 ἐν
3527 1603 3597 1672 τῇ
3629 1597 3855 1676 φυλακῇ

2182 1688 2281 1749 τῆς
2338 1685 2507 1758 αὐτῆς
2584 1688 2803 1752 πόλεως
2878 1688 3295 1759 ἀποκέκλειστο,
3345 1688 3573 1745 ἐλεοῦσα
3628 1687 3855 1756 αὐτοὺς,

2183 1775 2315 1829 ποτὶ
2360 1776 2454 1848 μὶν
2514 1777 2822 1854 ἀπήρχετο,
2880 1780 2971 1834 καὶ
3029 1778 3405 1848 ἐπεσκέπτετο,
3465 1777 3598 1833 ποτὶ
3652 1775 3710 1831 δὲ
3739 1776 3855 1831 ἀπ-

424 1840 616 1923 sarios
647 1874 915 1940 sumptus
945 1840 1381 1941 suppeditabat.
1429 1840 1825 1933 duamobrem
1877 1863 2062 1919 delata

2184 1863 2435 1920 ἐστελλεν
2470 1866 2655 1930 αὐτοῖς
2678 1869 2743 1922 τὰ
2768 1869 2905 1943 πρὸς
2931 1870 3033 1936 τήν
3064 1867 3277 1943 χρείαν.
3310 1866 3468 1925 Οὕτω
3500 1864 3557 1921 δὲ
3587 1870 3850 1934 ποιοῦσα,

423 1955 497 2011 ad
529 1956 908 2027 Apellianum
942 1957 1311 2028 praefectum,
1336 1956 1770 2027 comprehensa
1794 1954 1855 2007 in
1879 1968 2081 2007 carce-

426 2061 553 2100 rem
586 2045 942 2102 detruditur.
980 2046 1120 2102 Inde
1152 2046 1384 2112 educta,
1419 2044 1703 2099 tribunali
1730 2044 1860 2115 ejus
1919 2042 2081 2096 sisti-

418 2139 551 2190 tur:
582 2141 642 2191 et
671 2135 971 2191 Christum
1004 2136 1293 2208 professa,
1326 2135 1388 2189 in
1420 2134 1741 2205 equuleum
1774 2132 1987 2204 agitur,
2021 2136 2080 2185 et

417 2223 649 2279 facibus
681 2225 992 2280 aduritur:
1027 2241 1143 2295 quo
1178 2225 1238 2278 in
1280 2229 1576 2278 tormento
1623 2222 1778 2277 elata
1824 2226 2078 2275 tortores

417 2328 558 2368 voce
587 2313 944 2379 inclamans,
977 2313 1212 2368 aiebat:
1247 2314 1511 2384 Magnam
1571 2310 1717 2366 mibi
1765 2309 2076 2381 refrigera-

419 2403 643 2458 tionem
675 2403 867 2473 aﬂ‘ert,
920 2418 1100 2473 quam
1154 2400 1489 2469 infunditis,
1548 2417 1721 2470 aqua.
1780 2398 2077 2454 Flammas

417 2492 638 2564 quippe
668 2492 832 2547 velut
860 2508 1047 2561 aquas
1076 2491 1378 2553 censebat,
1404 2489 1877 2559 affirmabatque,
1905 2488 2076 2543 terri-

414 2582 599 2637 bilem
649 2598 711 2637 se
742 2581 962 2637 intueri
995 2581 1186 2637 virum
1228 2581 1376 2636 Filio
1410 2581 1511 2636 Dei
1561 2580 1847 2647 similem,
1896 2594 2074 2649 quem

416 2673 597 2728 etiam
621 2671 866 2741 milites,
901 2676 960 2726 et
989 2676 1283 2742 quotquot
1310 2670 1582 2737 aderant,
1614 2668 1903 2724 viderant.
1938 2669 2072 2723 Haec

416 2762 646 2827 dicens,
678 2767 738 2817 et
765 2763 986 2834 gratias
1023 2762 1257 2817 Christo
1288 2778 1490 2834 agens,
1525 2772 1632 2832 pro
1690 2776 1806 2831 quo
1856 2759 2071 2831 hujus-

416 2852 579 2908 modi
609 2852 907 2907 cruciatus
956 2849 1216 2907 libenter
1273 2850 1631 2923 perferebat,
1692 2850 1931 2905 beatam
1980 2847 2069 2903 illi

414 2940 678 2997 animam
708 2939 986 2996 reddidit.

968 3148 1211 3206 EODEM
1250 3148 1502 3205 MENSE.

906 3267 1010 3323 Die
1037 3267 1341 3323 tricesima
1369 3267 1566 3339 prima

404 3383 564 3440 154
613 3382 902 3439 Certamen
949 3386 1288 3438 sacrosancti
1345 3381 1608 3452 martyris
1691 3380 1931 3448 Zenobii,
2011 3383 2065 3433 et

905 3454 1159 3512 Zenobiae
1184 3454 1387 3510 sororis
1425 3457 1563 3526 ejus.

480 3571 772 3626 Zenobius
795 3576 1041 3643 martyr,
1065 3572 1432 3628 Diocletiano
1465 3572 1847 3643 imperatore,
1880 3571 2065 3624 Zeno-

405 3659 544 3714 doto
572 3664 631 3714 et
658 3659 876 3714 Thecla
907 3660 1261 3715 Christianis
1290 3661 1639 3732 parentibus
1670 3665 1867 3725 natus,
1900 3674 2062 3713 soro-

405 3766 533 3804 rem
566 3749 887 3805 Zenobiam
920 3750 1146 3805 habuit.
1177 3752 1321 3805 Cum
1352 3756 1551 3805 autem
1582 3757 1755 3805 aetate
1787 3748 1986 3813 simul,
2008 3753 2067 3801 et

402 3839 507 3895 Dei
538 3838 895 3911 cognitione,
927 3844 1107 3909 atque
1132 3840 1351 3911 pietate
1380 3840 1716 3911 proﬁceret,
1751 3839 2061 3909 episcopus

401 3931 568 3986 urbis
599 3933 827 4005 Egmm,
863 3932 962 3986 ubi
996 3938 1170 3987 natus
1202 3932 1413 4000 fuerat,
1467 3932 1792 3987 ordinatur.
1849 3930 2061 3986 Multas

403 4040 541 4078 vero
572 4024 633 4078 in
666 4023 887 4080 Christi
921 4024 1165 4079 nomine
1196 4024 1537 4079 curationes
1566 4023 1839 4089 faciebat,
1875 4029 1942 4078 ut
1971 4022 2061 4078 vel

401 4129 526 4180 eos,
552 4115 649 4183 qui
681 4113 1315 4169 medicisinsanabiles
1337 4120 1506 4170 erant
1534 4114 1773 4169 morbos
1803 4120 2059 4183 cnraret,

400 4203 882 4274 Compreliensus
942 4203 1165 4275 itaque,
1222 4205 1406 4276 Lysim
1471 4205 1749 4276 praefecto
1806 4203 2056 4259 sistitur.

400 4291 567 4357 Quod
592 4292 690 4347 ubi
724 4292 961 4348 rescivit
1011 4294 1268 4349 Zenobia
1297 4311 1483 4360 soror,
1536 4295 1793 4365 seipsam
1848 4299 2057 4365 sponte

402 4381 638 4438 obtulit.
690 4382 875 4455 Igitur
905 4383 1168 4455 primum
1196 4385 1353 4453 caesi,
1387 4391 1446 4440 et
1475 4385 1629 4441 lecto
1676 4384 1868 4439 ferreo
1918 4400 2059 4439 can-

2187 1949 2454 2025 διεϐλήθη
2513 1960 2594 2029 τῷ
2652 1958 2890 2033 ἡγεμόνι
2951 1956 3321 2029 Ἀπελλιανῷ.
3374 1963 3432 2014 Ὁ
3482 1955 3539 2011 δὲ
3568 1957 3851 2028 κρατήσας

2184 2042 2354 2111 αὐτὴν
2387 2041 2685 2100 ἐνέκλεισεν
2735 2046 2812 2110 είς
2860 2046 3129 2123 φυλακήν.
3188 2048 3319 2102 Εἶτα
3366 2042 3615 2102 ἐκϐαλὼν
3648 2046 3850 2115 αὐτὴν,

2184 2130 2489 2205 παρέστησε
2514 2138 2593 2205 τῷ
2628 2136 2837 2209 βήματι
2895 2137 3083 2191 αὐτοῦ·
3143 2136 3229 2190 καὶ
3294 2135 3714 2211 ὁμολογήσασαν
3746 2154 3849 2189 τον

2182 2219 2412 2294 Χριστὸν
2472 2220 2756 2296 ἐκρέμασε,
2842 2225 2930 2279 καὶ
3016 2222 3265 2297 λαμπάσι
3323 2226 3626 2279 κατέκαιεν.
3684 2224 3853 2285 ἽΙτις

2181 2311 2446 2381 καιομένη
2481 2306 2611 2366 ἐϐόα
2665 2313 2804 2383 πρὸς
2859 2312 2987 2375 τοὺς
3040 2318 3421 2388 τιμωροῦντας
3459 2310 3719 2384 δημίους,
3751 2311 3851 2366 καὶ

2182 2393 2352 2470 ἔλεγε·
2388 2398 2619 2474 Μεγάλη
2670 2403 2705 2470 ἡ
2755 2402 3040 2475 ψυχρότης
3086 2406 3183 2455 τοῦ
3232 2399 3424 2463 ὕδατος
3455 2400 3672 2472 τούτου,
3708 2399 3850 2472 ὅπερ

2183 2506 2277 2556 μοι
2308 2484 2576 2562 ἐπιχέετε.
2635 2490 2738 2551 Τὰς
2796 2490 2902 2566 γὰρ
2963 2488 3198 2566 φλόγας,
3246 2490 3319 2553 ὠς
3351 2488 3497 2565 ὕδωρ
3532 2489 3850 2564 ἐλογίζετος

2180 2573 2270 2628 καὶ
2329 2572 2704 2633 διεϐεϐαιοῦτο
2762 2579 2891 2652 ὁρᾷν
2954 2578 3122 2655 ἄνδρα
3178 2576 3411 2656 φοϐερὸν
3481 2579 3673 2653 ὅμοιον
3728 2580 3850 2650 Υἱῷ

2177 2666 2275 2716 τοῦ
2329 2669 2484 2719 Θεοῦ’
2546 2668 2731 2723 ὅντινα
2780 2667 2872 2722 καὶ
2931 2668 2988 2722 οἱ
3047 2674 3371 2744 στρατιῶται
3439 2663 3695 2740 ἔϐλεπον,
3747 2667 3848 2722 καὶ

2177 2753 2374 2817 πάντες
2434 2755 2486 2809 οἱ
2543 2761 2904 2833 παρεστῶτες.
2965 2761 3203 2815 Τοιαῦτα
3256 2758 3511 2833 λέγουσα,
3550 2757 3642 2812 καὶ
3672 2755 3851 2831 εὐχα-

2180 2847 2437 2917 ριστοῦσα
2465 2847 2706 2921 Χριστῷ,
2740 2844 2812 2902 δι’
2839 2847 2897 2902 ὅν
2926 2847 3023 2910 τὰς
3071 2847 3327 2911 τοιαύτας
3361 2845 3670 2924 ἀλγηδόνας
3698 2848 3848 2923 πρὸς

2178 2931 2370 3004 θύμως
2426 2934 2677 3010 ὑπέμενε,
2763 2933 3074 3013 παρέδωκεν
3162 2935 3311 3009 αὐτῷ
3391 2937 3492 3007 τήν
3568 2938 3845 3010 μακαρίαν

2177 3020 2346 3092 αὐτῆς
2369 3026 2579 3100 ψυχήν.

2664 3204 2672 3211 ο
2745 3171 2926 3230 MIINI
2955 3172 3046 3249 Τῼ
3076 3171 3276 3250 ΔΥΤῼ.

2944 3288 3074 3345 ΛΑ’.

2178 3403 2441 3475 ’Άθλησις
2468 3408 2567 3459 τοῦ
2619 3404 2782 3480 ἀγί-ου
2838 3401 3586 3480 ἱερομάρτυροςωΖηνοϐίου,
3617 3404 3708 3461 καὶ
3737 3412 3852 3477 τῆς

2608 3474 2848 3553 ἀδελφῆς
2890 3474 3057 3532 αὐτοῦ
3088 3474 3373 3549 Ζηνοόίας.

2246 3596 2310 3653 Ὁ
2364 3596 2570 3671 μάρτυς
2628 3590 2896 3666 Ζηνόϐιος
2955 3597 3174 3672 ὑπῆρχε
3224 3601 3319 3667 μὶν
3378 3594 3467 3651 ἐπὶ
3512 3603 3614 3666 τῆς
3678 3597 3847 3672 βασι-

2176 3683 2327 3748 λείας
2409 3685 2828 3756 Διοκλητιανοῦ·
2912 3686 3031 3750 υἱὸς
3108 3684 3415 3757 Ζηνοδότου
3470 3686 3560 3743 καὶ
3620 3685 3844 3758 Θὲκλης

2173 3776 2511 3851 Χριστιανῶν
2570 3771 2952 3850 ὅπανςχόντων.
3015 3777 3150 3850 Εἶχε
3203 3773 3262 3830 δὲ
3317 3776 3406 3831 καὶ
3454 3774 3700 3854 ἀδελφήν
3734 3796 3843 3832 κα-

2174 3863 2450 3938 λουμένην
2510 3861 2799 3935 Ζηνοϐιαν.
2861 3866 3150 3941 Προκόψας
3203 3863 3259 3920 δὲ
3302 3856 3392 3927 ἐἷς
3450 3865 3696 3934 ἡλικίαν,
3740 3867 3839 3922 καὶ

2173 3953 2252 4016 εἷς
2307 3955 2406 4023 τήν
2465 3955 2600 4009 κατά
2663 3953 2791 4009 Θεὸν
2849 3959 3049 4030 γνῶσιν
3103 3960 3200 4009 καῖ
3251 3950 3544 4024 ἐυσέϐειαν,
3608 3954 3835 4010 ἐπίσκο-

2171 4064 2272 4105 πος
2332 4043 2742 4119 προχειρίζεται
2795 4049 2897 4112 τῆς
2953 4042 3195 4118 Αἰγαίων
3251 4043 3487 4115 πόλεως,
3540 4042 3592 4097 ἐν
3735 4044 3838 4099 καὶ

2170 4132 2454 4209 ἐγεννήθη.
2493 4132 2756 4197 Πλείστας
2804 4130 2862 4188 δὲ
2911 4131 3079 4196 ἰάσεις
3137 4133 3377 4190 ἐπετέλει
3404 4134 3455 4189 ἐν
3485 4139 3564 4207 τῷ
3596 4134 3837 4208 ὀνόματι

2167 4227 2265 4279 τοῦ
2319 4226 2576 4299 Χριστοῦ,
2637 4222 2711 4285 ὠς
2753 4223 2845 4278 καὶ
2898 4222 2964 4278 τὰ
3020 4225 3168 4299 παρὰ
3219 4229 3327 4279 τῶν
3380 4223 3577 4292 ἰατρῶν
3611 4225 3841 4299 ἀπηγο-

2170 4308 2403 4384 ρευμένα
2434 4310 2580 4380 πάθη
2637 4308 2970 4384 Θεραπεόειν.
3029 4312 3203 4374 Οὗτος
3255 4312 3545 4387 κρατηθεὶς
3583 4314 3835 4387 παρέστη

2168 4403 2247 4471 τῷ
2303 4399 2536 4473 ἡγεμόνι
2590 4399 2783 4470 Λυσίᾳ.
2840 4400 2937 4453 Καὶ
2998 4398 3244 4473 μαθοῦσα
3296 4405 3459 4457 τοῦτο
3518 4404 3553 4472 ἡ
3612 4399 3835 4477 ἀδελφὴ

400 4470 566 4526 denti
600 4472 866 4543 impositi
895 4492 910 4539 ;
945 4472 1161 4530 deinde
1188 4474 1251 4528 in
1282 4473 1607 4529 ferventem
1638 4473 1894 4529 lebetem
1925 4474 2057 4544 pice

2179 4487 2332 4543 ιύτοῦ
2390 4483 2632 4559 Ζηνοϐία
2690 4485 2959 4543 ἐπέδωκεν
3016 4489 3209 4557 ἑαυτήν
3270 4490 3556 4553 ἑκουσίως.
3586 4490 3837 4548 Τύπτον-

400 4559 648 4631 plenum
679 4559 909 4631 injecti,
942 4566 1120 4634 atque
1153 4579 1222 4617 ex
1274 4562 1367 4618 his
1418 4563 1697 4618 omnibus
1742 4562 2056 4618 tormentis

2179 4598 2248 4633 ται
2309 4554 2574 4645 οὗνίκαὶ
2631 4576 2720 4632 ἐπὶ
2784 4576 2981 4648 κλίνης
3039 4554 3266 4654 σιδηρᾶς
3322 4580 3838 4655 πεπυρακτωμὲνης

395 4648 595 4703 divina
609 4650 796 4721 gratia
820 4650 1028 4721 erepti,
1052 4653 1495 4724 compelluntur
1518 4654 1755 4719 iterum,
1789 4670 1907 4724 qua
1928 4657 2055 4708 erat

392 4737 708 4809 praafectus
730 4737 1051 4808 dementia,
1084 4740 1336 4813 impuris
1357 4741 1668 4810 daemoniis
1691 4742 2048 4798 sacrificare.

395 4827 504 4881 Sed
528 4842 664 4883 cum
695 4826 759 4881 in
790 4829 1094 4900 proposito
1125 4837 1565 4903 permanerent,
1620 4831 1815 4904 gladio
1869 4831 2050 4888 finem

396 4931 715 4989 accepere:
749 4923 927 4989 atque
959 4918 1043 4974 ita
1069 4921 1423 4993 martyrium
1454 4926 1967 4978 consummarunt.

1040 5186 1261 5244 Eodem
1284 5186 1401 5244 die.

400 5273 555 5331 155
616 5272 1065 5349 commemoratio
1120 5283 1435 5349 sanctorum
1486 5278 1857 5349 apostolorum
1912 5279 2046 5335 Sta-

653 5346 800 5415 chys,
835 5347 1097 5419 Ampliat,
1138 5348 1365 5418 Urbani,
1400 5356 1452 5405 et
1476 5346 1766 5407 sociorum.

460 5461 711 5518 Sanctus
733 5464 1038 5535 apostolus
1057 5465 1302 5538 Stacbys
1320 5466 1395 5523 ab
1409 5466 1645 5524 Andrea
1669 5468 2044 5526 sanctissimo

385 5554 656 5622 apostolo
688 5556 1004 5628 episcopus
1038 5558 1296 5630 Byzantii
1330 5557 1661 5625 ordinatur,
1696 5576 1829 5615 cum
1862 5561 2046 5617 eccle-

388 5642 540 5697 siam
558 5645 904 5716 Argyropoli
939 5646 1313 5717 mdiﬁcasset,
1343 5649 1403 5705 in
1427 5665 1546 5721 qua
1567 5649 2042 5709 Chrirtianorum

387 5728 504 5784 duo
531 5732 722 5788 millia
754 5736 1212 5807 conveniebant,
1246 5755 1466 5812 eosque
1495 5739 1741 5813 Stachys
1772 5741 2040 5799 docebat.

385 5819 599 5876 Tenuit
627 5826 829 5879 autem
860 5824 1267 5899 episcopatum
1300 5828 1375 5885 ad
1405 5844 1595 5887 annos
1628 5832 1950 5917 sexdecim,
1984 5853 2044 5906 et

2164 4664 2555 4746 ἐφαπλοῦνταν
2611 4665 2702 4722 καὶ
2759 4666 2836 4729 εἷς
2919 4662 3127 4738 λέϐητα
3193 4671 3379 4738 ζέοντα
3442 4670 3535 4725 καὶ
3589 4668 3839 4746 γέμοντα

2161 4757 2360 4828 πίσσης
2436 4751 2833 4831 ἐμϐάλλονται.
2904 4756 3212 4823 Ῥυσθέντες
3286 4755 3345 4814 δὶ
3416 4762 3486 4835 τῇ
3533 4763 3631 4815 τοῦ
3687 4766 3838 4832 Θεοῦ

2164 4847 2351 4924 χάριτι
2398 4850 2507 4901 τῶν
2569 4845 2835 4902 τοιούτων
2899 4846 3169 4922 βασάνων,
3211 4846 3379 4904 πάλιν
3438 4848 3836 4924 ἀναγκάζονται

2160 4939 2315 4993 θῦσαι
2371 4940 2489 5000 τοῖς
2545 4934 2873 5012 ἀκαθάρτοις
2934 4933 3211 5011 δαίμοσιν,
3272 4938 3505 5013 ἀπονοίᾳ
3531 4944 3642 5013 ⁸τοῦ
3675 4936 3836 4997 δικά-

2162 5030 2370 5097 ζοντος.
2402 5026 2493 5095 Μὴ
2544 5010 2851 5088 πεισθέντες
2914 5022 2993 5097 δὲ,
3032 5010 3144 5095 τὴν
3204 5023 3292 5082 διὰ
3350 5010 3543 5107 ξίφους
3583 5026 3835 5100 ἐδέξαντο

2156 5114 2436 5189 τελευτήν.
2474 5114 2572 5173 Καὶ
2605 5114 2781 5180 οὕτως
2810 5114 3229 5188 ἐτελειώθησαν.

2743 5206 2829 5279 Τῇ
2860 5205 2995 5280 αὐτῇ
3027 5202 3233 5282 ἡμέρᾳο

2229 5296 2437 5372 Μνήμη
2460 5297 2592 5373 tibi
2611 5293 2783 5373 dyftbv
2814 5294 3139 5373 ἀποστόλων
3176 5293 3448 5373 ξτάχνος,
3482 5296 3751 5373 Ἀμπλία,

2441 5361 2749 5443 Οὐρϐανοῦ,
2778 5366 2869 5421 καὶ
2911 5373 3015 5437 τῆς
3047 5361 3534 5430 συνοδίαῖαὖτῶν.

2225 5485 2287 5543 Ὁ
2319 5485 2479 5560 ἅγιος
2531 5480 2840 5546 ἀπόστολος
2896 5482 3135 5558 Στάχυς,
3189 5482 3493 5548 ἐπίσκοπος
3533 5486 3827 5563 προχειρί-

2157 5580 2301 5647 ζεται
2349 5579 2447 5630 τοῦ
2498 5574 2798 5644 Βυζαντίου
2846 5572 2993 5648 παρά
3049 5570 3304 5649 Ἀνδρὲου
3352 5580 3448 5632 τοῦ
3514 5577 3828 5654 ἀγιωτάτου

2154 5664 2492 5735 ἀποστόλου,
2550 5664 2834 5729 κτίσαντος
2888 5659 3184 5734 ἐκκλησίαν
3238 5665 3404 5740 πέραν
3457 5666 3509 5722 ἐν
3558 5668 3830 5744 Ἀργυρο-

2151 5755 2336 5814 πόλει·
2384 5753 2441 5811 ἐν
2576 5753 2667 5811 καὶ
2708 5754 3132 5826 συνηθροίζοντο
3177 5756 3520 5830 Χριστιανοὶ,
3566 5757 3659 5814 τὸν
3701 5758 3827 5835 ἀρι-

2153 5847 2289 5923 θμὸν
2352 5842 2646 5920 δισχίλιοι.
2724 5844 2826 5899 Καὶ
2899 5840 3169 5900 διδάσκων
3244 5845 3464 5919 αὐτοὺς,
3522 5845 3821 5923 ἐκράτησεν
