4124 6434
296 352 402 412 137

1786 361 2262 425 NOVEMBER.

3637 369 3752 430 l38

302 483 384 538 ἐπὶ
439 478 533 553 ἔτη
592 481 841 558 δεκαέξ·
917 485 1025 544 Καὶ
1084 485 1356 561 ἐκοιμήθη
1416 487 1469 545 έν
1503 491 1743 566 εἰρήνῃ.
1804 493 1864 549 Ὀ
1920 490 1970 548 δὲ

2091 496 2154 550 in
2205 511 2350 568 pace
2409 495 2783 554 obdormivit.
2847 497 3110 569 Amplias
3169 501 3368 554 autem
3437 500 3752 572 episcopus

299 573 577 649 ’Δμπλίας
638 574 956 640 ἐπίσκοπος
1042 585 1142 648 τῆς
1199 578 1684 644 Ὀδυσσουπόλεως
1743 582 1976 656 ἐγένετο,

309 668 489 742 χώρας
521 662 895 735 Μακεδονίας,
949 667 1251 742 ἀναιρεθεὶς
1313 670 1416 724 ὑπὸ
1474 669 1782 740 Ἐλλήνων.
1821 673 1882 729 Ὁ
1915 670 1978 726 δὲ

311 750 586 831 Οοόρεανὸς
643 754 954 818 ἐπίσκοπος
1008 755 1344 822 Μακεδονίας
1399 759 1643 835 ἐγένετο,
1703 763 1976 839 φονευθεὶς

317 848 399 899 καὶ
429 845 594 906 αὐτὸς
628 844 735 898 ὐπὸ
788 865 851 899 τε
904 843 1190 900 Ἰουδαίων
1232 846 1322 902 καὶ
1379 848 1668 920 Ἐλλήνων
1721 851 1854 922 μετά
1883 852 1975 906 καὶ

323 936 506 1008 ἑτέρων
569 931 802 988 πολλῶν
841 979 854 991 .
938 936 1042 991 Καὶ
1100 933 1273 997 οὕτως
1317 936 1368 990 ἐν
1426 939 1608 1015 ἡμέρᾳ
1678 944 1776 1012 μιᾷ
1835 939 1977 995 οὕτω

325 1018 618 1095 σαμε-ἐντος
654 1067 669 1091 ,
730 1021 1014 1099 διαφόρως
1100 1025 1506 1099 βασανισθέντες
1576 1033 1628 1082 έν
1691 1026 1977 1106 διαφόροις

319 1116 522 1182 τόποις,
556 1114 646 1168 καὶ
677 1111 880 1181 ἔθνεσι,
929 1112 1020 1169 καὶ
1078 1115 1271 1170 πόλεσι
1318 1119 1466 1190 παρά
1521 1123 1630 1173 τῶν
1682 1120 1760 1191 μή
1812 1141 1975 1196 γινω-

315 1205 550 1258 σγάντων
574 1205 667 1257 τὸν
706 1204 836 1258 Θεὸν
898 1202 1188 1272 Ἑλλήνων
1247 1225 1304 1260 τε
1359 1207 1450 1260 καὶ
1509 1205 1698 1279 ἐθνῶν,
1727 1206 1974 1283 παρέδω-

312 1315 402 1348 καν
431 1295 533 1354 τάς
585 1294 857 1368 μακαρίας
913 1292 1092 1348 αὐτῶν
1147 1295 1328 1370 ψυχὰς
1377 1301 1457 1368 τῷ
1513 1296 1716 1370 Κυρίῳ.
1780 1300 1862 1355 Τὰ
1919 1296 1976 1353 δὲ

307 1383 465 1454 τίμια
534 1379 769 1454 λείψανα
853 1379 1036 1436 αὐτῶν
1121 1382 1339 1457 ὕστερον
1402 1387 1868 1460 μετακομισθέντα
1923 1386 1976 1443 έν

308 1469 884 1527 Κωνσταντινουπόλει
923 1515 938 1542 ,
1026 1469 1285 1544 ἐτέθησαν
1356 1473 1408 1528 ἐν
1467 1481 1588 1538 ταῖς
1647 1474 1974 1552 λεγομέναις

311 1566 539 1636 Πηγαῖς.

580 1694 910 1791 ΜΗΝΙ
995 1694 1698 1794 ΝΟΕΜΒΡΙΩ.

937 1866 1025 1922 Ἐν
1055 1868 1126 1940 τῇ
1158 1867 1347 1942 πρώτη

327 1981 376 2031 Η
430 1974 695 2047 κοίμησις
749 1976 898 2051 ᾲτῶνλ
950 1973 1118 2051 ἁγίων
1203 1973 1550 2051 Ἀναργύρων
1607 1976 1828 2051 ΔΚοσμᾶ
1881 1979 1972 2033 καὶ

498 2044 800 2120 Δαμιανοῦ,
831 2049 942 2100 τῶν
972 2044 1107 2101 ιίὶῶν
1157 2052 1258 2117 τῆς
1305 2044 1462 2122 ἁγίας
1494 2044 1790 2120 Θεοδότης.

379 2159 611 2228 Κοσμᾶς
637 2153 728 2209 καὶ
761 2153 1060 2227 Δαμιανὸς,
1093 2154 1145 2208 οὶ
1204 2155 1353 2230 ἅγιοι
1411 2155 1760 2232 ’Δνάργυροι,
1793 2156 1971 2232 ὑπῆρ-

308 2265 405 2320 χον
439 2245 554 2300 υἱοὶ
582 2244 842 2319 γυναικὸς
886 2264 1036 2306 τινος
1097 2245 1452 2320 Χριπιανῆς,
1515 2245 1743 2318 ὀνόματι
1774 2243 1971 2302 Θεοδό-

302 2353 423 2406 τηςο
460 2332 815 2409 διδαχθέντες
847 2334 944 2407 μὲν
1000 2335 1130 2409 παρ’
1177 2331 1344 2404 αὐτῆς
1383 2335 1483 2404 τήν
1541 2335 1707 2410 ὀρθὴν
1766 2335 1969 2398 πίστιν.

301 2424 388 2480 καὶ
419 2425 490 2479 τά
511 2424 635 2499 ἱερᾶ
664 2423 982 2498 γράμματα’
1016 2423 1165 2499 παρᾶ
1208 2421 1267 2478 δὲ
1317 2428 1415 2479 τοῦ
1448 2425 1604 2501 ἂγίου
1657 2424 1973 2499 Πνεύματος

301 2516 400 2582 τήν
431 2513 693 2588 ἴατρικὴν
715 2515 940 2588 τέχνην.
969 2513 1070 2570 Καῗ
1099 2512 1340 2586 ἲάτρευον
1367 2511 1429 2569 οὗ
1460 2512 1622 2588 μόνον
1652 2515 1972 2591 ἀνθρώπους

305 2603 448 2658 ἀλλὰ
477 2602 570 2657 καὶ
603 2604 806 2672 κτήνη,
849 2603 1042 2675 μισθὸν
1099 2603 1246 2678 παρά
1273 2624 1419 2668 τινος
1461 2605 1536 2676 μή
1573 2599 1966 2678 λαμϐἂνοντες.

304 2693 708 2767 Ἐθεράπευσαν
746 2689 805 2746 δὲ
859 2692 951 2745 καὶ
999 2691 1228 2766 γυναῖκά
1280 2713 1402 2746 τινα
1459 2691 1686 2766 ὀνόματι
1747 2693 1970 2750 Παλλα-

305 2781 441 2838 δὶαν.
478 2783 640 2843 ’Ἡτις
668 2780 848 2859 κρύφα
873 2777 1298 2856 προσδραμοῦσα
1355 2787 1436 2854 τῷ
1490 2783 1627 2859 ἁγίῳ
1687 2788 1965 2856 Δαμιανῷ,

302 2873 644 2948 προσέφερεν
699 2870 783 2926 ὡά
846 2871 1007 2944 τρία.
1068 2872 1168 2928 Καὶ
1227 2876 1388 2928 τοῦτο
1440 2873 1671 2937 ἀκούσας
1727 2874 1755 2928 ὁ
1815 2875 1966 2952 ἅγιος

305 2965 552 3035 Κοσμᾶς,
614 2960 984 3036 παρήγγειλε,
1018 2961 1095 3034 μή
1133 2963 1358 3034 μεθῆναι
1391 2962 1452 3016 τὸ
1485 2959 1740 3036 λείψανον
1768 2970 1968 3036 Δαμια-

307 3056 400 3105 νοῦ
432 3051 480 3105 ὲν
515 3055 584 3124 τῇ
608 3049 844 3122 τελευτῇ
879 3049 1041 3104 αἶ)τοῦ
1069 3052 1182 3123 μετ’
1202 3049 1386 3110 αὐτοῦ.
1409 3051 1714 3124 Ἐκοιμήθη
1750 3049 1808 3107 δὲ
1839 3052 1967 3128 πρό-

306 3143 505 3208 τερονὸ
538 3137 696 3216 ἅγιος
741 3145 981 3212 Κοσμᾶς’
1014 3139 1103 3194 καὶ
1141 3140 1274 3212 μετά
1328 3143 1495 3195 ταῦτα
1539 3138 1964 3212 τελευτήσαντος

1996 1873 2046 1940 Β

2092 585 2510 657 Ulyssipoleos,
2546 604 2676 656 qua)
2709 591 2798 640 est
2830 586 2890 640 in
2938 587 3301 656 Macedonia,
3334 605 3368 644 a
3399 589 3616 644 Graacis
3649 591 3747 644 in-

2091 680 2419 747 teremptus
2450 681 2556 730 est.
2585 676 2854 731 Urbanus
2881 693 3018 731 vero
3042 678 3398 733 Macedoniae
3429 680 3745 750 episcopus

2091 770 2148 820 et
2178 766 2302 837 ipse
2334 782 2368 820 a
2397 766 2615 820 Iudaeis
2643 772 2700 821 et
2728 767 2944 821 Graecis
2992 784 3112 822 una
3140 785 3274 822 cum
3306 769 3581 838 pluribus
3612 771 3747 824 aliis

2088 856 2352 909 occisus:
2383 861 2558 925 atque
2592 857 2672 911 ita
2721 872 2838 910 uno
2888 855 3214 927 eodemque
3255 857 3350 913 die
3382 860 3650 930 contigit,
3684 865 3749 914 ut

2089 945 2187 998 alii
2214 945 2332 999 alia
2360 945 2590 999 ratione
2623 945 2681 999 in
2734 945 2980 1000 diversis
3033 946 3199 1012 locis,
3248 953 3307 1002 et
3352 948 3646 1019 gentibus,
3677 966 3745 1004 ac

2089 1033 2424 1088 civitatibus
2455 1035 2774 1089 excruciati
2807 1035 2878 1088 ab
2902 1035 2994 1101 iis,
3021 1035 3122 1106 qui
3152 1037 3336 1091 Deum
3369 1037 3742 1109 ignorabant,

2089 1123 2304 1178 Graecis
2336 1128 2395 1177 et
2421 1123 2716 1195 gentibus,
2749 1123 2953 1178 felices
2996 1126 3245 1179 Domino
3293 1127 3526 1181 animas
3557 1128 3743 1182 tradi-

2087 1212 2324 1267 derint:
2359 1230 2609 1284 quorum
2638 1214 2914 1285 pretiosm
2943 1214 3213 1285 reliquiae
3244 1216 3744 1289 Constantinopo-

2086 1302 2194 1358 lim
2225 1303 2380 1360 156
2411 1308 2618 1375 postea
2642 1303 2966 1374 translatae,
2995 1304 3056 1360 in
3075 1321 3165 1374 eo,
3190 1306 3290 1376 qui
3321 1307 3475 1361 Fons
3503 1306 3740 1379 dicitur,

2085 1391 2217 1447 loco
2247 1392 2532 1464 depositaa
2562 1391 2822 1448 fuerunt.

2341 1679 2606 1775 ΜΕΝ
2616 1679 2766 1774 SE
2835 1679 3494 1777 NOVEMBBI

2743 1844 2847 1900 Die
2885 1845 3080 1918 prima

2081 1954 2231 2013 157
2289 1955 2556 2009 Dormitio
2610 1959 2927 2026 sanctorum
2981 1955 3404 2026 Anargyrorum
3450 1958 3655 2013 Cosme
3685 1964 3739 2014 et

2331 2028 2612 2090 Damiani,
2641 2025 2886 2097 ﬁliorum
2927 2032 3138 2083 sanctae
3171 2025 3485 2084 Theodotae.

2149 2133 2390 2189 Cosmas
2421 2138 2480 2188 et
2509 2134 2850 2202 Damianus,
2875 2135 3064 2188 sancti
3088 2135 3398 2206 Anargyri,
3430 2135 3594 2192 fuere
3626 2138 3736 2193 ﬁlii

2079 2223 2391 2294 cujusdam
2423 2222 2774 2278 Christiana)
2794 2222 3086 2286 mulieris,
3111 2225 3356 2278 nomine
3384 2226 3697 2282 Theodotm
3721 2243 3736 2284 :

2079 2330 2114 2370 a
2143 2329 2261 2384 qua
2289 2317 2513 2368 rectam
2546 2312 2748 2380 fidem,
2783 2328 3100 2384 sacrasque
3153 2313 3403 2382 litteras,
3445 2315 3739 2373 medicam

2077 2408 2276 2458 autem
2334 2407 2523 2457 artem
2579 2418 2614 2456 a
2673 2406 2877 2457 sancto
2936 2402 3156 2473 Spiritu
3206 2403 3420 2470 edocti,
3462 2407 3740 2463 curandis

2077 2509 2198 2548 non
2230 2491 2577 2547 hominibus
2609 2496 2862 2557 tantum,
2915 2491 3019 2546 sed
3071 2498 3129 2546 et
3171 2494 3465 2564 jumentis
3496 2512 3738 2566 operam

2077 2599 2247 2637 suam
2278 2583 2446 2637 nulla
2474 2581 2750 2637 mercede
2797 2581 3178 2637 adhibebant.
3213 2584 3358 2638 Cum
3391 2601 3526 2639 vero
3560 2585 3737 2641 femi~

2076 2688 2216 2726 nam
2249 2671 2570 2742 quamdam
2601 2671 2844 2726 nomine
2875 2670 3204 2726 Palladiam
3245 2679 3576 2742 curassent,
3609 2675 3736 2730 haac

2076 2760 2152 2816 ad
2182 2766 2453 2815 sanctum
2483 2760 2836 2816 Damianum
2859 2759 3012 2816 clam
3036 2761 3348 2827 accedens,
3375 2762 3486 2818 tria
3516 2763 3604 2817 illi
3627 2780 3736 2820 ova

2076 2849 2313 2906 obtulit.
2346 2849 2512 2915 Quod
2541 2850 2643 2904 ubi
2674 2850 2910 2904 rescivit
2936 2856 3178 2906 sanctus
3207 2853 3470 2920 Cosmas,
3503 2870 3734 2924 praece-

2075 2940 2181 3011 pit,
2210 2957 2285 2996 ne
2317 2939 2586 2994 Damiani
2619 2939 2903 3010 reliquias
2934 2939 3084 2996 I58
3115 2956 3296 3010 prope
3329 2957 3390 2995 se
3421 2947 3556 3012 post
3580 2959 3732 2997 mor-

2074 3034 2193 3084 tem
2221 3030 2604 3086 collocarent.
2629 3031 2854 3084 Mortuo
2876 3029 3055 3102 igitur
3075 3029 3240 3100 prius
3264 3031 3494 3098 Cosma,
3520 3032 3736 3088 deinde

2075 3120 2383 3187 Damiano,
2419 3118 2786 3174 deliberante
2815 3119 3056 3190 populo,
3079 3118 3325 3174 ubinam
3359 3121 3738 3191 sepeliendus

305 3233 603 3301 Δαμιανοῦ,
640 3226 980 3302 διελογίζετο
1013 3229 1040 3283 ὁ
1072 3226 1227 3297 λαὸς,
1290 3233 1394 3284 ποῦ
1427 3229 1585 3304 θάψει
1642 3230 1822 3288 αὐτόν.
1861 3231 1963 3287 Καὶ

2083 3213 2235 3263 esset
2260 3209 2603 3278 Damianus,
2639 3213 2883 3280 repente
2933 3209 3220 3278 camelus,
3269 3210 3369 3280 qui
3403 3226 3439 3264 a
3471 3210 3740 3267 dmmone

298 3318 554 3395 ἐξαίῖοτβ
607 3317 872 3390 κάμηλος
931 3315 1210 3390 ’δραμοῦσα
1251 3320 1284 3388 ἡ
1317 3318 1614 3374 κλασθεῖσα
1669 3319 1817 3394 παρά
1868 3325 1965 3375 τοῦ

303 3403 593 3476 διαϐόλου,
672 3407 763 3461 καὶ
841 3406 1052 3471 ίαθεῖσα
1099 3408 1246 3484 παρὰ
1295 3412 1404 3462 τῶν
1463 3406 1652 3485 ἁγίων,
1705 3407 1970 3480 ἐλάλησεν

706 3500 874 3570 φονῆ,
951 3498 1167 3567 τεθῆναι
1251 3498 1314 3552 τὸ
1379 3497 1630 3572 λείψανον
1692 3500 1828 3571 μετά
1875 3503 1970 3553 τοῦ

311 3588 461 3658 ἀγιοο
510 3591 722 3659 Κοσμί,
787 3584 870 3640 ὅτι
933 3585 1032 3640 οὐκ
1087 3585 1166 3648 εἰς
1245 3586 1435 3660 μισθὸν
1513 3582 1680 3642 ἓλαϐε
1744 3588 1810 3643 τὰ
1867 3588 1970 3662 ὡᾶ,

324 3673 467 3728 ἄλλα
545 3671 630 3728 διὰ
680 3675 776 3731 τὸν
836 3673 1041 3748 ὅρκον.
1115 3676 1214 3730 Καὶ
1264 3672 1439 3738 οὕτως
1494 3674 1748 3749 ἐτέθησαν
1799 3677 1974 3756 ἀμφό·

321 3781 491 3836 τερος.

307 3497 617 3570 ἀνθρωπίνῃ

918 3873 1001 3945 Τῇ
1034 3871 1171 3946 αὖτῇ
1194 3870 1377 3945 ἡμέρᾳ

310 3977 586 4049 Ἀθλησις
615 3981 725 4033 τῶν
771 3977 939 4054 ἁγίων
995 3976 1283 4053 μαρτύρων
1343 3983 1614 4054 γυναικῶν
1676 3980 1972 4054 Κυριαίνης

911 4067 1003 4122 καὶ
1030 4065 1360 4136 Ἰουλιανῆς.

375 4173 648 4249 Κοριαίνη
698 4175 727 4243 ἡ
793 4173 996 4248 μάρτυς
1044 4173 1292 4249 ὑπῆρχεν
1355 4172 1443 4229 ἐπὶ
1498 4175 1844 4248 Μαξιμιανοῦ
1873 4181 1970 4232 τοῦ

304 4259 585 4338 βασιλέως
623 4307 638 4333 ,
688 4261 749 4317 έκ
806 4260 1022 4324 πόλεως
1079 4267 1293 4338 Ταρσοῦ
1347 4270 1451 4332 τῆς
1510 4263 1785 4327 Κιλικίας·
1844 4262 1968 4334 ἥτις

299 4353 407 4408 ὑπὸ
453 4356 557 4407 τοῦ
618 4352 894 4428 ἡγεμόνες
959 4359 1059 4421 τῆς
1119 4351 1286 4422 αὐτῆς
1344 4351 1560 4416 πόλεως
1615 4360 1966 4430 κρατηθεῖσα,

298 4442 390 4496 καὶ
450 4440 647 4496 πολλά
715 4442 1108 4515 ἀναγκασθεῐσα
1166 4441 1500 4517 ἀρνήσασθαι
1557 4443 1649 4498 τὸν
1705 4444 1966 4518 Χριστὸν,

299 4533 395 4585 καὶ
416 4533 578 4586 θῦσαι
609 4535 729 4592 τοῖς
762 4528 1038 4598 εἰδώλοις,
1069 4531 1158 4585 καὶ
1208 4532 1284 4604 μή
1345 4533 1644 4600 πεισθεῖσα,
1703 4533 1966 4608 ξυρίζεται

2076 3299 2434 3366 confractus,
2469 3304 2714 3354 sanatus
2744 3316 2779 3354 a
2808 3300 3029 3354 sanctis
3060 3299 3272 3366 fuerat,
3307 3317 3446 3354 voce
3479 3301 3744 3357 humana

2075 3387 2280 3452 edixit,
2314 3389 2585 3444 Damiani
2615 3388 2900 3459 reliquias
2936 3388 3170 3456 eodem,
3203 3405 3321 3458 quo
3349 3390 3614 3457 Cosmas,
3647 3407 3741 3444 se-

2074 3477 2280 3548 pulcro
2312 3478 2486 3532 condi
2519 3477 2756 3543 debere,
2789 3493 2924 3532 cum
2969 3493 3088 3531 non
3120 3475 3416 3532 mercedis
3446 3477 3601 3545 loco,
3635 3477 3739 3533 sed

2067 3565 2412 3636 juramento
2441 3565 2686 3621 adactus
2718 3581 2825 3620 ova
2845 3565 3192 3636 accepisset.
3224 3567 3418 3636 Atque
3449 3566 3532 3621 ita
3561 3565 3735 3623 ambo

2075 3654 2251 3710 simul
2287 3655 2504 3727 sepulti
2533 3655 2720 3711 fuere.

2732 3867 2953 3925 Eodem
2983 3867 3080 3927 die

2076 3977 2228 4034 159
2297 3978 2587 4037 Certamen
2658 3985 2973 4034 sanctorum
3044 3978 3348 4050 mulierum
3429 3986 3732 4050 martyrum

2575 4051 2844 4120 Cyriaenw
2873 4056 2922 4106 et
2959 4049 3198 4106 Iuliana?
3211 4092 3223 4107 .

2145 4175 2414 4245 Cyriaana
2470 4179 2713 4246 martyr,
2783 4175 3138 4230 Maximiano
3223 4174 3605 4247 imperatore,
3666 4191 3737 4232 ex

2073 4265 2251 4319 Tarso
2283 4264 2500 4319 Ciliciae
2532 4263 2677 4318 urbe
2703 4264 2834 4319 fuit.
2858 4266 2905 4318 A
2926 4264 3204 4335 prmfecto
3236 4270 3435 4320 autem
3467 4265 3738 4336 ejusdem

2074 4353 2240 4408 urbis
2268 4353 2719 4424 comprehensa,
2761 4369 2896 4408 cum
2950 4352 3124 4407 variis
3180 4352 3375 4407 modis
3429 4357 3739 4424 cogeretur

2073 4443 2372 4498 Christum
2404 4442 2718 4514 abnegare,
2753 4447 2811 4496 et
2857 4441 3033 4496 idolis
3064 4441 3421 4507 sacrificare,
3455 4446 3739 4495 constan-

2075 4532 2307 4587 tissima
2336 4531 2397 4586 in
2425 4531 2728 4602 proposito
2757 4530 3106 4602 permansit.
3135 4529 3530 4594 Quamobrem
3567 4534 3736 4584 tonso

298 4622 405 4689 τήν
439 4621 693 4694 κεφαλὴν
723 4621 814 4674 σὺν
834 4625 953 4681 ταῖς
976 4620 1190 4698 ὀφρύσι·
1215 4620 1303 4675 καὶ
1333 4619 1617 4675 πιττάκιον
1647 4617 1856 4698 ὕϐρεων
1881 4624 1966 4698 γέ-

2083 4623 2268 4693 capite
2293 4626 2352 4675 et
2371 4619 2725 4692 superciliis,
2754 4620 3068 4690 fronteque
3090 4619 3332 4690 pittacio
3357 4619 3738 4674 contumeliis

303 4733 411 4783 μον
444 4711 780 4785 περιτίθεται
813 4708 863 4764 ἐν
885 4713 965 4781 τῷ
999 4711 1258 4783 μετώπῳ·
1291 4707 1399 4782 ὅνῳ
1422 4731 1480 4766 τε
1510 4706 1962 4783 έπιϐαϐασθεῖσα,

305 4802 446 4871 μετὰ
503 4798 816 4874 ναρθηκίων
903 4798 1004 4853 ὑπὸ
1063 4797 1363 4874 σχολητῶν
1420 4797 1631 4854 παίδων
1687 4800 1964 4857 ἐτύπνετο³

300 4890 396 4944 καὶ
434 4889 543 4943 ὑπὸ
579 4889 791 4960 μίμων,
839 4887 929 4942 καὶ
987 4887 1229 4943 ἀτάκτων
1291 4893 1634 4962 στρατιωτῶν
1665 4891 1765 4959 τήν
1823 4897 1967 4965 Ταρ-

303 4979 400 5034 σὸν
431 4977 601 5032 πόλιν
629 4977 806 5051 γδμνὴ
838 4978 1148 5052 περιήγετο.
1182 4975 1465 5051 Εὗξαμένη
1518 4975 1576 5032 δὲ
1636 4981 1712 5052 μή
1748 4980 1970 5050 ὁρᾶσθαι

303 5068 518 5143 γυμνὴ,
555 5066 660 5121 ὑπὸ
693 5066 836 5129 θείας
893 5067 1120 5142 χάριτος
1169 5065 1496 5138 έσκεπάσθη.
1549 5068 1654 5124 Καὶ
1685 5067 1784 5124 οὐκ
1811 5065 1970 5125 έϐΛέ-

301 5179 440 5213 πετο
472 5163 595 5219 τοῖς
629 5154 1084 5233 εἰδωλολάτραις.
1137 5157 1291 5215 Μετά
1339 5155 1396 5212 δὲ
1449 5158 1512 5213 τὸ
1571 5157 1746 5223 οὕτως
1793 5182 1971 5233 τιμω-

301 5257 552 5324 ρηθῆναι
584 5248 816 5322 ἀχθεῖσα
844 5248 897 5303 έν
952 5247 1112 5304 πόλει
1173 5245 1490 5322 Ῥαιδεστῷ,
1527 5251 1660 5322 μετᾶ
1711 5250 1800 5305 καὶ
1856 5252 1972 5306 έτέ-

301 5361 409 5415 ρας
468 5338 732 5413 γυναικὸς
810 5337 1188 5411 Χριπιανῆς,
1244 5336 1549 5408 Ἰουλιανῆς
1603 5337 1972 5413 καλουμένης,

301 5429 400 5483 καὶ
433 5427 494 5482 ἐκ
541 5434 644 5496 τῆς
700 5426 868 5492 αὐτῆς
923 5426 1142 5489 πόλεως
1199 5427 1583 5503 ὑπαρχούσης,
1645 5429 1776 5504 πυρὶ
1835 5450 1972 5505 παρ-

299 5516 496 5588 εδόθη.
536 5515 964 5594 Καὶάμφότεραι
1021 5515 1073 5571 ἒν
1129 5519 1198 5591 τῇ
1257 5516 1475 5590 καμίνῳ
1527 5517 1850 5588 ὸοξάζουσαι
1879 5519 1973 5574 τὸυ

297 5611 463 5679 Θεὸν,
495 5606 588 5662 καὶ
619 5606 1046 5683 εὐχαριστοῦσαι
1092 5605 1262 5679 αὐτῷ,
1320 5605 1415 5670 τὰς
1476 5606 1747 5683 μακαρίας
1797 5607 1973 5664 αὐτῶν

298 5703 529 5777 ἀφῆκαν
559 5696 763 5775 me.

595 5817 862 5880 PATBOL.
914 5817 1025 5876 Gn.
1078 5813 1310 5874 CVVII.

2078 4712 2257 4784 pleno
2289 4711 2565 4777 obducta,
2600 4709 2769 4764 asino
2828 4709 3125 4780 imposita,
3185 4709 3258 4764 ab
3302 4709 3509 4764 otiosis
3537 4709 3740 4781 pueris

2080 4800 2418 4856 cmdebatur
2447 4799 2675 4865 ferulis,
2705 4805 2883 4870 atque
2927 4815 2961 4853 a
3009 4798 3208 4853 mimis
3246 4804 3304 4853 et
3335 4799 3739 4870 petulantibus

2080 4889 2372 4945 militibus
2387 4888 2548 4943 nuda
2559 4905 2665 4959 per
2677 4888 2886 4943 urbem
2901 4890 3145 4943 Tarsum
3160 4888 3740 4944 circumducebatur.

2081 4981 2218 5044 Quae
2249 4994 2385 5032 cum
2434 4982 2682 5044 orasset,
2718 4993 2792 5031 ne
2841 4977 3002 5032 nuda
3047 4978 3512 5049 conspiceretur,
3542 4977 3740 5032 divino

2083 5067 2373 5123 beneﬁcio
2387 5065 3102 5132 obtecta,idololatrarum
3118 5067 3322 5122 oculos
3335 5067 3745 5123 fallebat.Post

2083 5158 2190 5211 hos
2221 5156 2518 5211 cruciatus
2561 5155 2623 5210 in
2671 5155 2880 5210 urbem
2931 5155 3313 5210 Rhaadestum
3341 5157 3594 5212 adducta
3624 5171 3744 5209 una

2083 5262 2219 5302 cum
2271 5245 2461 5299 altera
2501 5243 2840 5298 Christiana
2888 5244 3162 5310 muliere,
3210 5244 3447 5299 Juliana
3478 5242 3739 5312 nomine,

2085 5353 2216 5407 qua)
2269 5350 2339 5388 ex
2397 5333 2605 5389 eadem
2649 5335 2795 5387 urbe
2845 5339 2990 5400 erat,
3044 5335 3224 5404 inque
3274 5334 3472 5404 ignem
3502 5331 3740 5400 injecta,

2085 5424 2275 5480 amba)
2308 5425 2369 5480 in
2395 5423 2628 5479 camino
2657 5424 2842 5478 Deum
2863 5422 3288 5494 glorificantes,
3321 5421 3495 5491 eique
3527 5419 3745 5490 gratias

2085 5520 2347 5588 agentes,
2378 5513 2584 5569 beatas
2611 5513 2840 5568 animas
2872 5511 3206 5566 reddidere.
