4124 6430
400 358 525 421 ’139

1046 481 1269 538 Eodem
1325 478 1421 535 die

407 600 564 657 160
619 598 905 653 Certamen
948 594 1260 646 sanctorum
1307 591 1619 655 martyrum
1660 582 1912 657 Joannis,
1943 579 2064 650 epi-

513 654 686 741 scopi,
719 673 769 723 et
794 664 982 731 Iacob,
1007 661 1317 733 presbyter,
1350 654 1707 728 cognomento
1738 654 1973 711 Zelotz..

479 841 569 908 Hi,
614 840 831 909 Sapore
888 836 1207 889 Persarum
1262 844 1423 900 rege,
1454 827 1518 882 in
1547 823 1791 882 Perside
1820 819 2065 877 verbum

408 930 547 989 ﬁdei
578 926 890 991 docebant,
923 922 1267 991 multosque
1313 916 1387 974 ab
1435 915 1613 972 idolis
1640 913 1717 970 ad
1747 910 2067 968 Dominum

409 1015 850 1078 convertebant.
900 1009 1166 1077 Quadam
1224 1012 1426 1089 autem
1484 1004 1580 1060 die
1637 1019 1773 1059 cum
1811 1001 2069 1056 Joannes

412 1110 726 1181 episcopus
756 1104 819 1160 in
852 1100 1078 1158 somnis
1109 1097 1352 1153 vidisset
1393 1094 1736 1151 carnificem
1764 1103 2068 1154 coronam,

410 1179 590 1270 quam
621 1196 685 1251 in
733 1192 894 1249 ensis
947 1188 1158 1261 capulo
1216 1183 1693 1250 circumferebat,
1752 1179 1929 1251 capiti
1963 1191 2070 1233 suo

407 1289 840 1359 imponentem,
896 1280 1127 1351 sibique
1175 1278 1303 1332 hanc
1360 1274 1697 1330 dicentem:
1750 1270 1990 1341 Accipe,
2039 1281 2072 1320 ο

413 1378 711 1449 episc0pe,
774 1387 954 1443 quam
1042 1372 1352 1439 tantOpere
1429 1361 1703 1435 expetisti
1770 1373 2072 1415 coronam.

413 1446 787 1535 P—aucisipost
816 1459 1024 1516 diebus
1054 1453 1583 1527 comprehenditur
1611 1450 1684 1506 ab
1727 1446 2075 1503 infidelibus

415 1557 565 1629 ipse,
599 1558 659 1610 et
684 1553 937 1609 Iacobus
957 1547 1267 1621 presbyter
1290 1562 1302 1599 :
1331 1545 1432 1616 qui
1454 1543 1630 1598 variis
1651 1540 1919 1613 primum
1950 1553 2080 1592 cru-

417 1645 670 1702 ciatibus
729 1641 957 1709 tentati,
992 1637 1187 1713 gladio
1243 1634 1464 1691 deinde
1516 1632 1676 1701 caesi,
1725 1629 2080 1687 occubuere,

418 1737 637 1810 gratias
664 1734 912 1790 Domino
944 1733 1062 1786 Deo
1093 1732 1297 1785 nostro
1330 1727 1405 1782 ad
1449 1730 1781 1781 extremum
1815 1713 2078 1793 agentes’

1696 332 2168 433 .MENOLOGII
2211 336 2422 399 PARS
2469 335 2521 399 ι.

2094 474 2152 535 Α

3715 338 3834 400 MO

2752 473 2838 544 τῇ
2889 468 3025 543 αὐτῇ
3076 467 3264 546 ἡμέρᾳ

2167 583 2442 654 “aqua”
2490 584 2604 654 τῶν
2659 577 2832 654 ἀγίῳν
2895 576 3208 654 μαρτύρων.
3255 578 3553 654 Ἰωάννου,
3603 578 3827 654 ἐπισκόο

2245 645 2391 725 που,
2449 653 2540 726 mi
2593 645 2906 720 Ἰακώϐου,’
2943 645 3333 726 πρεσϐυτέροῦ,
3384 655 3479 707 τοῦ
3527 645 3833 708 ’ἐπικαλου-

2249 722 2415 802 μένου
2446 731 2519 794 Ζη
2528 722 2732 782 λωτοῦ.

2245 826 2412 884 Οὗτοι
2451 825 2705 898 ὑπῆρχον
2757 820 2847 877 ἐπὶ
2906 816 3198 898 Σαϐωρίου
3253 826 3350 878 τοῦ
3407 826 3628 896 Περσῶν
3674 823 3831 899 βασι-

2173 916 2334 978 λέως·
2368 912 2422 969 έν
2456 909 2679 988 Περσίδι
2710 909 3061 975 διδάσκοντες
3089 912 3182 967 τὸν
3233 909 3401 988 λόγον
3432 918 3533 982 τῆς
3574 912 3839 981 πίστέως,

2172 1004 2262 1060 καὶ
2293 1000 2548 1059 πολλοὺς
2580 998 2990 1078 ἐπιστρέφοντες
3022 999 3130 1055 ἀπὸ
3176 1003 3284 1055 τῶν
3347 997 3597 1056 εἰδώλων
3626 999 3714 1055 ἐπὶ
3742 1000 3837 1056 τὸν

2178 1094 2396 1165 Κύριον.
2425 1093 2512 1148 Ἐν
2548 1095 2646 1164 μιᾷ
2675 1089 2769 1146 οὑν
2806 1094 2915 1145 τῶν
2970 1092 3193 1165 ἡμερῶν
3255 1088 3508 1145 ἐθεάσατο
3540 1091 3570 1146 6
3600 1089 3832 1146 ἐπισκο-

2178 1202 2279 1244 πος
2310 1180 2565 1251 Ἰωάννης
2607 1181 2723 1244 καθ’
2784 1177 2984 1242 ὕπνους
3044 1176 3210 1254 ἄνδρα
3265 1179 3388 1234 τινὰ
3444 1175 3662 1252 δήμιον,
3695 1199 3831 1234 κατ-

2178 1273 2379 1347 έχοντα
2445 1268 2666 1325 σπαθίον
2727 1267 2859 1343 ὅπερ
2920 1267 2972 1325 έν
3039 1272 3118 1340 τῷ
3167 1265 3318 1341 ἄκρῳ
3376 1268 3495 1343 εἷχε
3546 1267 3834 1345 στέφανον.

2183 1362 2331 1426 ὅστις
2360 1359 2563 1435 δήμιος
2622 1357 2849 1436 δραμὼν
2899 1357 2986 1415 ἐπὶ
3015 1359 3106 1414 τὸν
3141 1356 3459 1429 ἐπίσκοπον,
3489 1356 3749 1427 ἐπέθηκεν
3786 1356 3842 1413 ἰν

2180 1454 2251 1526 τῇ
2336 1448 2550 1529 κεφαλῇ
2611 1448 2775 1504 αὐτοῦ
2829 1448 2922 1503 τὸν
2985 1446 3267 1524 στέφανον,
3325 1446 3515 1502 εἰπών’
3577 1441 3745 1516 Λάϐε,
3797 1446 3846 1499 ὧ

2184 1536 2466 1607 ἐπίσκοπε,
2519 1536 2795 1604 στέφανον,
2855 1532 2923 1589 οὗ
2981 1531 3347 1607 έπεθύμησας’
3402 1532 3493 1588 καὶ
3556 1533 3672 1606 μετ’
3723 1531 3847 1589 ὀλί-

2183 1647 2281 1702 γας
2313 1625 2526 1701 ἡμέρας
2557 1620 2830 1701 ἔκρατήθη
2862 1626 3010 1700 παρὰ
3059 1628 3166 1680 τῶν
3226 1622 3467 1679 ἀπίστων
3528 1623 3621 1678 καὶ
3652 1622 3843 1693 αὐτὸς,

2184 1717 2273 1772 καὶ
2336 1710 2595 1777 Ἰάκωϐος
2659 1716 2687 1770 6
2736 1709 3121 1789 πρεσϐύτερος.
3175 1713 3283 1769 Καὶ
3341 1710 3528 1769 πολλᾶ
3583 1732 3845 1786 τιμωρη-

426 1800 585 1898 quod
632 1824 794 1896 digni
844 1822 1097 1876 fuissent
1144 1821 1399 1874 mortem
1447 1832 1553 1887 pro
1598 1815 1726 1885 ipso
1778 1815 2077 1883 Oppetere.

2194 1805 2367 1869 θέντες
2424 1803 2712 1881 πρότερον,
2762 1803 2857 1859 καὶ
2914 1800 3195 1880 διαφόροις
3258 1804 3510 1878 βασάνοις
3567 1822 3848 1878 προσομι-

418 1920 613 1987 Atque
638 1914 721 1969 ita
742 1912 1018 1983 episcopo
1042 1907 1276 1973 accidit,
1302 1904 1461 1978 quod
1481 1904 1543 1959 in
1573 1901 1800 1958 somnis
1829 1899 2079 1969 viderat,

420 2000 890 2074 incorruptibilis
911 1998 1042 2054 vitae
1065 2012 1346 2054 coronam
1366 1997 1709 2050 consecuto.
1738 1993 1785 2045 A
1808 1988 2084 2044 ﬁdelibus

422 2100 622 2151 autem
653 2092 889 2164 piisque
919 2087 1060 2143 viris
1090 2086 1155 2142 in
1207 2084 1418 2141 eodem
1465 2081 1596 2139 loco
1627 2078 1956 2136 honorifice
1989 2093 2079 2131 se-

422 2183 573 2257 pulti
606 2186 764 2238 sunt.

981 2442 1225 2500 EODEM
1264 2439 1518 2496 MENSE.

1057 2549 1164 2606 Die
1195 2546 1461 2604 secunda

428 2666 578 2722 10]
618 2665 909 2722 Certamen
955 2664 1267 2715 sanctorum
1308 2660 1618 2726 martyrum
1648 2651 1954 2726 Acindym',
1983 2652 2085 2706 Pe-

496 2735 663 2823 gasii,
722 2732 1059 2823 Aphthonii,
1134 2723 1538 2798 Anempodisti,
1594 2723 1977 2795 Elpidephori,
2038 2727 2088 2777 et

495 2822 787 2866 sociorum.

499 2935 723 2990 Horum
745 2932 1088 2986 sanctorum
1120 2922 1467 2995 Acindynus
1493 2919 1760 2993 quidem,
1783 2916 2085 2990 Pegasius,

391 3088 397 3097 ,
429 3029 488 3081 et
515 3019 999 3093 Anempodistus,
1030 3012 1422 3071 Constantino
1466 3012 1672 3083 Magno
1704 3009 2087 3080 imperatore,

428 3131 500 3172 ex
526 3112 769 3185 regione
789 3110 1105 3165 Persarum
1128 3104 1391 3159 fuerunt.
1417 3102 1560 3156 Cum
1586 3103 1788 3155 autem
1818 3097 1880 3152 in
1910 3094 2090 3152 cellu-

423 3202 500 3259 lis
522 3201 644 3258 suis
666 3193 1220 3272 degerent,verbum
1241 3190 1344 3247 Dei
1370 3185 2086 3253 docebant.Quamobrem
2116 3204 2161 3273 ρ

427 3309 462 3349 a
483 3293 724 3363 Sapore,
745 3290 1061 3344 Persarum
1082 3297 1240 3356 rege,
1265 3276 1705 3351 comprehensi,
1725 3275 2086 3332 cruciatibus

429 3379 680 3453 subjecti
710 3377 876 3433 fuere
901 3391 914 3430 :
949 3389 1127 3446 quem
1158 3387 1296 3427 cum
1325 3367 1604 3442 precibus
1632 3371 1866 3423 mutum
1895 3364 2090 3421 reddi-

427 3467 959 3538 dissent,restituta
981 3467 1189 3536 postea
1206 3460 1435 3533 linguas
1455 3457 1761 3527 facultate,
1776 3456 1838 3512 in
1860 3455 2087 3514 lebetes

428 3559 676 3618 ferventi
711 3555 955 3629 plumbo
976 3553 1187 3625 plenos
1210 3549 1603 3622 injiciuntur;
1628 3545 1732 3602 sed
1754 3545 2087 3603 incolumes

429 3651 571 3706 inde
621 3646 864 3720 egressi,
911 3640 1317 3714 Aphthonium
1370 3637 1622 3693 militem
1669 3636 1757 3691 rei
1798 3636 2086 3692 miraculo

430 3740 814 3794 vehementer
843 3735 1212 3789 commotum
1253 3727 1326 3783 ad
1372 3725 1589 3781 Christi
1621 3724 1799 3780 fidem
1832 3730 2083 3794 traxere,

427 3827 528 3899 qui
561 3825 760 3881 statim
794 3828 958 3878 extra
981 3818 1203 3874 muenia
1232 3816 1501 3883 eductus,
1534 3819 1593 3869 et
1621 3813 1812 3885 capite
1844 3814 2087 3869 obtrun-

426 3922 593 3973 catus
624 3919 730 3969 est.
764 3912 858 3966 Illi
905 3925 1062 3974 vero,
1114 3905 1337 3961 bubulo
1391 3920 1560 3960 sacco
1592 3903 1798 3970 insuti,
1832 3904 1893 3958 in
1922 3921 2083 3960 mare

423 4003 674 4079 projecti
708 4006 884 4067 sunt;
919 4015 1067 4069 quos
1100 4000 1340 4052 sanctus
1390 3992 1766 4066 Aphthonius
1796 4009 1917 4047 una
1948 4010 2083 4049 cum

421 4095 649 4167 angelis
681 4107 996 4164 apparens,
1032 4089 1093 4142 in
1125 4086 1532 4141 continentem
1563 4083 1803 4139 eduxit:
1856 4089 1915 4138 et
1944 4085 2083 4156 quia

419 4183 795 4255 naufragium
824 4182 1156 4242 evaserant,
1186 4174 1499 4239 militibus,
1525 4173 1626 4244 qui
1656 4172 1792 4227 illos
1823 4172 1883 4227 in
1918 4190 2079 4229 mare

416 4272 756 4346 praecipites
805 4271 1068 4342 egerant,
1116 4281 1329 4320 manus
1382 4261 1807 4335 praeciduntur.
1841 4262 2080 4334 Elpide-

415 4364 639 4435 phorus
670 4366 892 4426 autem,
926 4354 1207 4412 senatorii
1239 4352 1466 4409 ordinis
1509 4351 1616 4416 vir,
1648 4350 1741 4406 his
1772 4351 2078 4407 miraculis

422 4452 739 4525 impulsus,
766 4465 967 4521 regem
998 4443 1364 4517 objurgavit;
1416 4445 1478 4497 et
1509 4456 1643 4496 cum
1672 4456 1740 4495 eo
1772 4441 2078 4496 credidere

420 4542 640 4614 septies
682 4539 847 4594 mille
878 4535 1176 4599 homines,
1211 4532 1313 4603 qui
1345 4546 1554 4586 omnes
1585 4529 1778 4601 capite
1810 4530 2076 4585 damnati

416 4628 691 4693 sunt.Qui
730 4642 864 4682 vero
910 4621 1128 4694 reliqui
1176 4621 1343 4675 fuere
1393 4618 1598 4691 viginti
1631 4622 1762 4673 octo
1790 4619 1920 4686 viri,
1956 4635 2075 4675 una

2193 1897 2479 1968 λήσαντες,
2535 1893 2756 1971 ὕστερον
2815 1892 2904 1949 διὰ
2961 1893 3143 1971 ξίφους
3200 1892 3617 1963 ἐτελειώθησαν,
3671 1891 3849 1968 εὐχα-

2189 1989 2495 2061 ριστοῦντες
2526 1983 2710 2059 Κυρίῳ
2742 1987 2822 2056 τῷ
2879 1987 2994 2055 Θεῷ
3051 1985 3213 2056 ἡμῶν
3269 1982 3435 2058 μέχρι
3470 1981 3723 2051 θανάτου,
3758 1980 3849 2036 δτι

2191 2076 2326 2149 ὑπὲρ
2358 2072 2522 2128 αὑτοῦ
2552 2074 2727 2127 θανεῖν
2787 2072 3117 2145 ἠξιώθησαν.
3178 2073 3277 2126 Καὶ
3330 2065 3506 2141 ἀπέϐη
3557 2074 3638 2142 τῷ
3693 2068 3851 2124 ἑπισ-

2186 2185 2348 2238 κοπῳ
2376 2164 2444 2219 τά
2470 2165 2566 2217 τοῦ
2622 2160 2855 2236 ὀνείρου,
2911 2155 3252 2217 ἀπολαϐόντι
3307 2159 3401 2216 τὸν
3453 2159 3711 2237 στέφανον
3743 2165 3855 2229 τῆς

2189 2254 2467 2331 ἀφθάρτου
2552 2256 2719 2321 ζωῆςο
2805 2249 3074 2329 ἐτάφησαν
3135 2247 3193 2305 δὲ
3248 2247 3482 2323 ἐντίμως
3558 2246 3610 2305 έν
3657 2247 3850 2321 ταύτῷ

2192 2342 2296 2398 ὑπὸ
2328 2345 2534 2397 πιστῶν
2565 2340 2657 2396 καὶ
2688 2332 2942 2396 εὑλαϐὦν
2977 2336 3210 2415 ἀνδρῶν,

2762 2466 2950 2524 MHM
2976 2468 3068 2543 To
3097 2467 3297 2544 arm.

2992 2555 3050 2610 Β.

2190 2663 2459 2738 Ἀθλησις
2527 2667 2644 2738 ,τῶν
2705 2662 2905 2738 ιῐιγίων⁸
2936 2661 3262 2738 μαρτύρων,
3323 2656 3647 2738 Ἀκρδύνρυ
3680 2662 3861 2738 ,μη-

2263 2728 2475 2814 γασίου,
2524 2728 2858 2814 ’Δφθ-ονίουκ
2895 2728 3350 2814 ᾊνεμπὸδίστου,
3411 2728 3862 2808 Ἐλπιδηφόρου,

2262 2804 2355 2865 καὶ
2382 2804 2482 2879 τῆς
2515 2804 2765 2869 σονυδίας
2800 2804 3001 2865 αὐτῶν.

2271 2914 2490 2975 Τούτων
2547 2918 2657 2970 τῶν
2716 2913 2886 2990 ἁγίων
2937 2913 2966 2969 6
3018 2915 3112 2986 μὶν
3175 2907 3509 2983 Ἀκίνδυνος,
3578 2909 3867 2983 Πηγάσιος

2192 3006 2283 3064 καὶ
2316 3002 2742 3079 Ἀνεμπὸδιστος
2800 3003 3053 3080 ὑπῆρχον
3107 2999 3202 3057 ἐπὶ
3254 3004 3353 3055 τοῦ
3422 2999 3667 3075 μεγάλου
3699 3003 3867 3052 Κων-

2192 3094 2470 3151 σταντίνου
2523 3093 2583 3150 έκ
2639 3100 2739 3163 τῆς
2801 3093 2989 3169 χώρας
3045 3094 3289 3166 Περσῶν
3353 3089 3406 3144 ἐν
3477 3085 3742 3157 ἰδιάζοντι
3803 3084 3867 3142 δὶ

2197 3183 2408 3258 κελλίῳ
2435 3183 2810 3257 καθεζόμενοι,
2863 3177 3145 3238 ἐδίδασκον
3198 3179 3290 3234 τὸν
3350 3176 3514 3254 λόγον
3567 3179 3664 3232 τοῦ
3691 3179 3859 3231 Θεοῦ.

2201 3273 2308 3332 Καὶ
2362 3273 2721 3349 κρατηθέντες
2777 3270 2881 3327 ὑπὸ
2937 3263 3225 3346 Σαϐωρίου
3278 3271 3381 3323 τοῦ
3441 3269 3658 3343 Περσῶν
3694 3265 3865 3341 βασι-

2200 3363 2343 3426 λέως
2378 3405 2393 3433 ,
2453 3357 2852 3431 ἐϐασανίζοντο·
2913 3356 3063 3415 ἀλλᾶ
3115 3355 3206 3414 διὰ
3262 3359 3583 3432 προσευχῆς
3639 3352 3862 3410 ἄλαλον

2197 3455 2418 3508 ποιοῦσι
2446 3450 2537 3507 τὸν
2592 3448 2841 3527 βασιλέα,
2890 3450 2982 3503 καὶ
3038 3445 3204 3504 πάλιν
3254 3445 3660 3523 θεραπεύουσιν.
3720 3444 3868 3500 Εἶτα

2199 3538 2568 3614 ἐνεϐλήθησαν
2621 3540 2699 3604 εἷς
2754 3537 2991 3610 λέϐητας
3062 3538 3334 3613 γέμοντας
3425 3527 3707 3608 μολύϐδου
3763 3532 3867 3587 καὶ

2195 3631 2610 3710 κοχλάζοντας,
2666 3629 2756 3685 καὶ
2816 3626 3040 3702 ἐξῆλθον
3102 3619 3386 3688 ἀϐλαϐεῖς.
3445 3621 3733 3701 Ἀφθόνιος
3800 3618 3865 3677 δὲ

2197 3723 2535 3798 στρατιώτης
2584 3719 2682 3793 ὢν,
2739 3716 2872 3773 ἰδὼν
2927 3717 2990 3773 τὸ
3047 3717 3227 3789 θαῦμα
3280 3713 3557 3769 ἐπίστευσε
3608 3715 3688 3783 τῷ
3718 3712 3866 3786 Χρι-

2197 3793 2307 3884 στῷ
2339 3858 2354 3884 ,
2409 3811 2499 3867 καὶ
2557 3806 2659 3880 ἔξω
2709 3812 2913 3883 τειχῶν
2974 3803 3400 3883 ἂπεκεφαλίσθη.
3451 3802 3582 3859 Εἶτα
3636 3793 3868 3872 ἐμϐάλ-

2197 3900 2386 3957 λονται
2439 3899 2515 3961 εἷς
2572 3896 2844 3962 θυλάκους
2901 3895 3136 3973 βοείους,
3193 3893 3285 3949 καὶ
3346 3888 3735 3968 ῥίπτονταιεῖς
3766 3888 3869 3943 θά-

2197 3991 2420 4046 λασσαν.
2454 3988 2558 4046 Καὶ
2589 3987 2772 4065 φανεὶς
2804 3987 2831 4041 6
2863 3982 3014 4059 ἅγιος
3077 3984 3368 4061 Ἀφθόνιος
3427 4001 3518 4035 συν
3567 3974 3864 4053 ἀγγέλοις,

2194 4079 2443 4155 ἐξήγαγεν
2479 4064 2679 4137 αὐτοὺς
2703 4074 2790 4130 ἐπὶ
2846 4080 2949 4143 τῆς
2998 4073 3183 4148 ξηρᾶς.
3245 4069 3348 4126 Καὶ
3402 4066 3542 4123 διότι
3594 4064 3857 4139 ἐξῆλθον,

2192 4167 2655 4243 χειροκοποῦνται
2712 4164 2764 4218 οἱ
2823 4161 3075 4238 ῥίψαντες
3157 4158 3352 4220 αὐτοὺς
3409 4160 3730 4232 στρατιῶτα.
3783 4155 3856 4212 Ὁ

2197 4257 2253 4313 δὲ
2311 4252 2679 4331 συγκλητικὸς
2750 4246 3158 4328 Ἐλπιδηφόρος
3242 4245 3422 4319 ἰδὼν,
3481 4245 3707 4315 ἀντέστη
3763 4248 3858 4318 τῷ

2198 4344 2458 4423 βασιλεῖ,
2510 4344 2598 4399 καὶ
2681 4340 2775 4396 σὺν
2836 4340 2984 4412 αὑτῷ
3040 4338 3355 4394 ἐπίστευσάν
3433 4333 3858 4407 ἑπτακισχίλιοι

2194 4419 2403 4511 ἅνδρες,
2461 4434 2550 4488 καὶ
2657 4428 3185 4503 ἀπεκεφαλίσθησαν’
3302 4423 3703 4501 ὑπελείφθησαν
3797 4419 3865 4477 δὶ

2191 4509 2367 4603 ἕτεροι
2397 4526 2513 4597 κη’,
2551 4522 2684 4596 μετᾶ
2711 4528 2813 4592 τῆς
2847 4521 3085 4596 μητέρος
3118 4512 3407 4593 Σαϐωρίου
3464 4509 3864 4583 πιπευσᾶσης,

2193 4618 2283 4673 καὶ
2313 4613 2444 4689 πυρῖ
2472 4609 2872 4688 παρεδόθησαν.

414 4735 554 4775 cum
586 4716 823 4788 Saporis
856 4718 1063 4782 matre,
1101 4727 1231 4780 quae
1262 4707 1479 4779 Christi
1512 4706 1693 4763 tidem
1719 4708 1993 4779 amplexa
2022 4709 2236 4776 fuerat,
2269 4707 2391 4781 igni
2423 4703 2722 4776 absumpti
2751 4705 2908 4758 sunt.

1069 4798 1292 4854 Eodem
1323 4797 1418 4851 die

416 4898 571 4954 162
630 4894 914 4951 Certamen
965 4895 1274 4946 sanctorum
1347 4892 1657 4955 martyrum
1695 4885 1894 4954 Attici,
1954 4888 2073 4942 Eu-

806 4965 981 5030 doxii,
1022 4961 1255 5031 Agapii,
1286 4965 1338 5014 et
1385 4960 1676 5014 sociorum.

483 5076 584 5134 Isti
613 5073 801 5130 sancti
843 5070 1064 5126 milites
1096 5067 1261 5124 fuere
1295 5066 1357 5120 in
1388 5064 1535 5119 urbe
1565 5062 1806 5119 Sebaste
1839 5069 2071 5138 tempo-

407 5166 574 5222 ribus
606 5162 817 5219 Licinii
868 5155 1282 5230 imperatoris:
1334 5153 1435 5224 qui
1485 5152 1545 5206 id
1595 5168 1804 5207 omnes
1834 5153 2071 5210 consilii

409 5270 642 5328 cepere,
675 5256 741 5306 ut
768 5265 902 5305 cum
952 5246 1234 5302 omnibus
1288 5240 1581 5297 militibus
1614 5240 1677 5295 in
1710 5240 1826 5295 ﬁde
1857 5232 2072 5299 Christi

408 5346 744 5401 manerent.
778 5341 967 5405 Quare
999 5352 1033 5390 a
1061 5331 1336 5389 Marcello
1368 5329 1516 5385 duce
1547 5328 1817 5399 cruciati,
1847 5330 1910 5386 in
1942 5348 2074 5387 car-

410 5451 608 5491 cerem
639 5427 1058 5487 detruduntur.
1093 5421 1236 5478 Inde
1268 5420 1494 5477 eductis
1525 5423 1777 5491 tergum,
1813 5425 1870 5474 et
1897 5437 2071 5477 renes

408 5526 603 5581 nervis
629 5518 1042 5579 crudelissime
1063 5515 1425 5580 lacerantur,
1448 5510 1776 5581 dentesque
1802 5512 2066 5569 evellun-

408 5621 523 5669 tur.
557 5615 700 5668 Cum
732 5614 931 5667 autem
989 5608 1431 5677 torquerentur,
1494 5615 1815 5655 conversus
1846 5601 1962 5657 dux
1993 5603 2068 5660 ad

412 5706 685 5759 sanctum
713 5697 1077 5756 Carterium:
1108 5695 1193 5750 'l‘u
1222 5692 1406 5764 solus,
1428 5688 1643 5762 inquit,
1671 5705 1849 5746 ausus
1877 5708 1939 5748 es
1958 5709 2063 5765 po-

2780 4791 2858 4862 Τῇ
2894 4786 3031 4861 αὐτῇ
3061 4786 3245 4861 ἡμέρᾳ

2182 4882 2449 4954 Ἀθλησις
2499 4884 2606 4936 τῶν
2653 4878 2866 4954 ’ἆγίωεῃ
2902 4875 3518 4954 μαρτύρωνῌἈττιζκος),
3550 4866 3855 4940 Εὑδοξίου,

2466 4944 2751 5030 Ἀγαπίου,
2782 4947 2873 5004 καὶ
2902 4944 3003 5019 τῆς
3048 4944 3301 5008 συνοδίας
3349 4948 3547 5000 αὖτῶν.

2253 5065 2417 5122 Οὗτοι
2468 5061 2521 5116 οἱ
2578 5061 2744 5136 ἅγιοι,
2802 5043 3127 5133 στρατιῶται
3192 5055 3445 5130 ὑπῆρχον
3490 5049 3543 5106 έν
3573 5053 3642 5124 τῇ
3674 5046 3856 5105 πόλει

2184 5148 2478 5224 Σεϐαστείᾳ
2507 5149 2595 5205 έπῖ
2627 5146 2907 5204 Λικιννίου
2957 5148 3060 5200 τοῦ
3117 5140 3412 5219 βασιλέως.
3471 5137 3677 5201 Οἵτινες
3711 5158 3845 5193 συν-

2185 5239 2476 5300 εϐούλευον
2522 5240 2668 5313 πάσῃ
2720 5240 2789 5311 τῇ
2849 5238 3075 5310 στρατιᾷ
3132 5228 3384 5307 ἐμμένειν
3412 5233 3481 5304 τῇ
3510 5229 3688 5284 πίστει
3718 5231 3849 5313 ,τοῦ

2180 5334 2434 5405 Χριστοῦ.
2468 5328 2562 5385 Διὸ
2615 5323 2995 5404 βασανίζονται
3053 5322 3154 5377 ὑπὸ
3216 5317 3544 5397 Μαρκέλλου
3580 5320 3679 5373 τοῦ
3711 5312 3845 5372 δου-

2177 5402 2296 5484 κός.
2349 5420 2484 5478 Εἶτα
2540 5402 2913 5491 ἐμϐάλλονται
2971 5412 3049 5476 εἰς
3107 5410 3381 5490 φυλακὴν.
3447 5402 3847 5478 Ἐκϐληθέντες

2179 5510 2237 5568 δὲ
2301 5509 2594 5566 τύπτονται
2654 5507 2793 5562 κατᾶ
2846 5505 3024 5560 νώτου
3080 5502 3168 5557 καὶ
3228 5500 3444 5564 κοιλίας
3519 5496 3845 5574 βουνεὺροις

2177 5601 2377 5676 ὠμοῖς.
2409 5600 2544 5655 Εἶτα
2597 5595 2932 5674 ἰκριζοῦνται
2983 5590 3111 5654 τοὺς
3167 5589 3414 5652 ὀδόντας.
3469 5586 3838 5662 Τιμωρουμέ-

2175 5675 2281 5748 νων
2339 5687 2399 5745 δὲ
2452 5685 2633 5765 ἔλεγεν
2695 5686 2725 5742 6
2779 5681 2904 5755 δοὺξ
2962 5681 3099 5759 πρὸς
3152 5681 3244 5737 τὸν
3299 5680 3451 5757 ἅγιον
3514 5675 3839 5753 Καρτέριον,
