4124 6444
241 344 332 405 Mi

1741 340 2192 403 NOVEMBER.

3568 347 3685 408 142

241 481 307 538 ὅτι
335 476 406 534 Σὺ
440 476 617 551 μόνος
650 477 976 549 ἀπέστησας
1015 476 1110 531 τὸν
1169 474 1298 531 λαὸν
1356 481 1456 545 τῆς
1488 477 1590 529 τοῦ
1626 472 1897 549 βασιλέως

2044 475 2221 530 »υΙιιω
2245 491 2280 530 a
2296 475 2411 531 ﬁde
2446 476 2822 548 imperatoris
2841 479 3163 535 abductum
3186 478 3260 535 ad
3279 478 3676 536 defectionem

251 573 506 643 ὓποταγῆς
543 567 658 638 ;Ὀ
704 563 768 622 δὲ
831 562 1048 641 ἔλεγεν,
1106 563 1187 620 ὅτι
1237 563 1315 622 Οὖ
1372 557 1773 618 συνεϐούλευσα
1826 567 1906 634 τῷ

251 663 350 733 λαῷ
378 658 758 726 ἐπαναστῆναι
799 660 884 728 τῷ
946 653 1183 731 βασιλεῖ,
1235 652 1381 709 ἀλλά
1446 651 1767 726 προσελθεῖν
1827 657 1907 725 τῷ

253 752 480 822 ἀθανάτῳ
515 746 747 824 βασιλεῖ
809 749 1058 820 Χριστῷ.
1103 743 1252 801 Μετά
1305 746 1474 797 ταῦτα
1528 743 1712 816 ἄγεται
1769 748 1907 797 Στυ-

261 841 420 917 ράιιιος
446 836 540 893 καὶ
599 833 885 910 ὁμολογεῖ
940 835 1034 889 τὸν
1097 826 1358 908 Χριστόν·
1421 828 1512 884 καὶ
1571 830 1724 893 αὗθις
1781 832 1904 886 Τω-

264 927 380 990 ὅίας*
436 927 555 982 εἶτα
614 922 1107 984 Νικοπολιτιανός·
1191 919 1278 976 καὶ
1350 917 1761 994 κατακρίνονται
1821 919 1905 989 £6-

265 1018 362 1081 λοις
409 1010 798 1091 συντριϐῆναι.
862 1012 961 1066 Καὶ
1026 1011 1161 1084 μετά
1205 1009 1408 1079 ταύτην
1457 1009 1557 1078 τήν
1649 1007 1904 1083 βάσανον,

255 1109 326 1163 καὶ
375 1106 563 1180 ἐτέρας
625 1101 893 1163 πλείονας
951 1096 1263 1176 ἀλγηδόνας
1323 1096 1730 1171 ὑπομείναντες,
1772 1095 1907 1170 μετὰ

251 1193 538 1250 καὶᾶλλων
591 1190 849 1261 πολλῶν,
904 1193 1014 1243 τῶν
1076 1187 1476 1242 πιστευσάντων
1535 1185 1614 1250 εἷς
1644 1186 1903 1261 Χριστὸν,

2018 564 2370 635 impellere?
2401 565 2505 620 Cui
2548 567 2648 622 ille
2683 585 2697 622 :
2730 571 2846 642 Ego
2896 570 3117 642 populo
3175 574 3382 624 auctor
3410 568 3518 634 fui,
3552 586 3674 624 non

2016 659 2084 708 ut
2109 656 2273 710 aﬁde
2305 657 2681 729 imperatoris
2708 659 3173 727 discederet,sed
3196 666 3260 715 ut
3280 660 3682 715 immortalem

2017 761 2214 816 regem
2248 747 2545 802 Christum
2578 755 2946 820 sequeretur.
3007 751 3148 804 Post
3202 750 3329 803 haec
3360 749 3676 804 adducitur

2022 834 2344 906 Styracius,
2377 837 2632 904 Tobilas,
2687 843 2745 892 et
2783 839 3287 911 Nicopolitianus:
3326 855 3581 910 cumque
3616 840 3681 894 in

2018 925 2233 980 Christi
2266 926 2643 982 confessione
2674 934 3140 998 perseverarent,
3202 929 3463 983 Marcelli
3504 929 3680 1000 jussu

2017 1012 2194 1084 lignis
2225 1016 2479 1083 contusi,
2519 1016 2772 1088 aliisque
2803 1017 3076 1089 pluribus
3109 1018 3419 1073 tormentis
3470 1034 3676 1073 excru-

2016 1102 2176 1170 ciati,
2214 1121 2333 1160 una
2359 1121 2494 1160 cum
2525 1105 2730 1161 multis
2762 1107 2918 1177 aliis,
2943 1108 3044 1178 qui
3067 1107 3129 1161 in
3161 1108 3459 1162 Christum
3478 1105 3676 1162 credi-

2026 1191 2258 1260 derant,
2290 1193 2412 1267 igni
2445 1194 2709 1250 damnati
2740 1197 2918 1251 vitam
2951 1196 3257 1252 ﬁnierunt.

249 1284 394 1348 τέλος
425 1285 532 1354 τήν
567 1280 663 1338 διά
684 1285 786 1336 τοῦ
816 1280 988 1355 πυρὸς
1013 1277 1279 1354 ἀπόφασιν
1311 1271 1534 1334 ἔλαϐον.
1568 1273 1673 1332 Καὶ
1703 1273 1877 1339 οὕτως
1906 1275 2332 1351 ἆτελιιώθησαν.

787 1387 969 1444 ΠΗΝΙ
1029 1387 1122 1442 ΤΩ
1177 1387 1369 1442 ΑῙἽὨ.

1064 1475 1117 1530 Γ,

253 1571 523 1657 Ἅθλῃσις
610 1572 723 1657 τ’ὧν
782 1565 962 1657 κάγίων
1054 1562 1339 1657 μαρτέρων
1425 1566 1522 1653 Ἀξ

317 1631 545 1770 :1an»,
639 1631 873 1714 Ἰωσὴᾀ,
955 1631 1347 1713 πρεσϐυτέρου,
1433 1635 1526 1691 καὶ

359 1735 596 1770 ιαιονου.

1425 1563 1722 1637 Ἀκεψιμᾶ,
1788 1561 1913 1637 ἐπι-

1621 1632 1908 1707 ⁵Δειθαλᾶ,

327 1841 424 1897 Καὶ
472 1858 622 1893 ουτοι
685 1835 739 1891 οἳ
798 1833 946 1910 ἃγιοι
1000 1831 1052 1887 ἐν
1114 1827 1334 1903 Περσίδι
1367 1829 1746 1904 ἐμαρτύρησαν
1805 1809 1986 1885 ὑπὸΒ

265 1925 544 2004 Σαόωρίου
566 1929 672 1982 τοῦ
693 1922 988 2000 τυράννου,
1051 1921 1137 1976 ἐπὶ
1201 1920 1606 1977 Κωνσταντίνου
1649 1923 1746 1974 τοῦ
1800 1920 1914 1976 Με-

259 2017 444 2094 γάλου,
483 2012 761 2090 βασιλέως
809 2008 1122 2083 Ῥωμαίων.
1180 2009 1279 2065 Ἠν
1330 2006 1424 2064 οὖν
1481 2009 1511 2063 ὁ
1569 2008 1720 2084 ἅγιος
1753 2008 1910 2065 ’Δκε-

259 2111 424 2181 claui;
458 2104 760 2164 ἐπίσκοπος
793 2099 992 2161 λευκὸς
1038 2098 1139 2167 τήν
1193 2095 1382 2172 τρίχα,
1439 2096 1615 2172 γέρων
1671 2095 1912 2172 γεγονὼς

251 2197 380 2252 ἐτῶν
410 2192 778 2272 ὁγδοήκοντα,
803 2187 1074 2251 συνεστὼς
1128 2181 1206 2242 ἔτι
1269 2185 1413 2261 ἔχων
1470 2186 1534 2241 τὸ
1595 2189 1776 2259 σῶμα,
1825 2183 1912 2240 εὐ-

251 2290 434 2362 μήκης
490 2283 586 2340 καὶ
642 2279 856 2354 ὄρθιος,
909 2278 1224 2354 περιουσίαν
1278 2275 1611 2350 κεκτημένος
1667 2275 1912 2347 πολλήν,

251 2377 552 2455 Κρατηθιὶς
583 2373 645 2431 δὶ
678 2373 813 2448 μετά
857 2375 969 2428 τῶν
1027 2369 1121 2425 σὺν
1175 2370 1348 2442 αὐτῷ,
1379 2368 1472 2424 καὶ
1503 2367 1782 2443 παραστὰς
1834 2372 1915 2440 τῷ

252 2470 575 2546 ἁρχιμάγῳ,
636 2463 729 2519 καὶ
793 2464 870 2537 μὴ
951 2459 1197 2546 πεισθεὶς,
1248 2464 1403 2524 θῦσαι
1460 2462 1541 2532 τῷ
1595 2456 1772 2531 Ἡλίῳ
1823 2455 1916 2514 καὶ

253 2545 328 2634 τῷ
353 2563 540 2633 Ἀρει,
599 2553 751 2611 ἀλλά
812 2551 1026 2628 μᾶλλον
1082 2545 1360 2625 ἐξυϐρίσας
1414 2549 1494 2613 εΐς
1551 2548 1768 2619 αὐτοὺς,
1822 2547 1917 2604 τύ-

253 2671 440 2707 πτεται
475 2649 729 2722 ’ἰσχυρῶς
785 2643 878 2698 καὶ
937 2641 1235 2716 δεσμεῖται.
1296 2642 1429 2697 Εἶτα
1466 2637 1654 2715 ἄγεται
1690 2639 1915 2716 Ἰωσήφ,

251 2741 311 2796 ἐκ
330 2746 435 2809 τῆς
485 2738 664 2805 αὐτῆς
719 2735 910 2810 χώρας
969 2730 1250 2806 ὑπάρχων,
1303 2729 1394 2785 καὶ
1448 2728 1608 2791 αὐτὸς
1662 2729 1914 2805 γηραιός.

257 2833 354 2886 Καὶ
411 2827 673 2888 ἀντιστὰς
725 2829 807 2896 τῷ
863 2821 1189 2900 ἀρχιμάγῳ,
1241 2820 1521 2890 τύπτεται,
1574 2819 1665 2874 καὶ
1726 2820 1916 2892 μαστί-

253 2926 421 2989 ζεται,
455 2918 537 2978 ὡς
578 2913 911 2982 διακοπῆναι
970 2911 1065 2972 τὰς
1120 2912 1317 2986 σάρκας
1373 2909 1539 2964 αὐτοῦ
1592 2908 1758 2984 μέχρι
1808 2912 1918 2963 τῶν

251 3008 478 3074 ὀστέων,
512 3005 608 3062 καὶ
661 3001 1041 3074 συνδεσμεῖται
1093 2999 1173 3073 τῷ
1229 2999 1368 3075 ἁγίῳ
1429 3001 1720 3073 Ἀκεψιμᾷ.
1782 3001 1918 3056 Εἶτα

257 3097 440 3173 ἃγεται
495 3093 593 3150 καῖ
678 3090 989 3160 Ἀειθαλάς,
1072 3091 1162 3146 καὶ
1244 3088 1522 3162 δεσμεῖται
1562 3088 1656 3151 τὰς
1723 3088 1916 3164 Χεῖρας

2590 1392 2831 1446 EODEM
2861 1392 3115 1449 MENSE.

2681 1481 2784 1536 Die
2819 1483 3008 1537 tertia.

2021 1570 2176 1624 103
2273 1570 2560 1626 Certamen
2655 1579 2970 1627 sanctorum
3060 1577 3372 1642 martyrum
3445 1570 3674 1640 Acepsi-

2090 1657 2260 1768 33,00
2289 1641 2554 1722 episcoPi,
2629 1645 2872 1715 Iosephi,
2945 1644 3276 1714 presbyteri,
3354 1649 3406 1698 et
3437 1643 3675 1699 Aithalae

2263 1730 2346 1768 m.

2097 1839 2200 1893 Isti
2233 1855 2471 1910 quoque
2503 1840 2692 1894 sancti
2731 1839 2793 1894 in
2833 1839 3074 1896 Perside
3103 1839 3456 1910 martyrium
3490 1839 3685 1895 subie-

2022 1932 2163 1982 runt
2192 1945 2226 1983 a
2254 1931 2472 2000 Sapore
2506 1928 3154 2001 tyranno,temporibus
3178 1928 3551 1983 Constantini
3571 1930 3688 1984 Ma-

2021 2019 2142 2090 gni,
2187 2020 2589 2074 Romanorum
2621 2018 3018 2090 imperatoris.
3054 2019 3193 2073 Erat
3214 2022 3413 2073 autem
3437 2017 3680 2088 Acepsi-

2023 2124 2152 2164 mas
2183 2109 2497 2180 episcopus
2518 2108 2856 2163 veneranda
2885 2108 3101 2163 canitie
3136 2107 3376 2179 (quippe
3405 2107 3682 2178 quiocto-

2023 2198 2315 2270 gesimum
2341 2214 2567 2253 annum
2590 2200 2832 2268 ageret),
2862 2214 3108 2268 corpore
3133 2197 3325 2252 adhuc
3346 2197 3682 2267 firmo,pro-

2025 2304 2280 2358 ceroque
2312 2292 2547 2342 etrecto
2573 2303 2586 2342 :
2621 2289 2693 2343 ad
2725 2289 2849 2342 haic
2880 2287 3092 2359 opibus
3123 2286 3686 2358 afﬂuens.Compre-

2025 2378 2248 2434 hensus
2276 2384 2475 2434 autem
2505 2395 2641 2433 cum
2675 2377 2873 2448 sociis,
2910 2377 3141 2432 sistitur
3180 2393 3485 2449 magorum
3523 2376 3686 2447 prin-

2025 2467 2181 2539 cipi:
2215 2484 2471 2539 cumque
2493 2467 2706 2523 adduci
2738 2484 2860 2522 non
2915 2471 3136 2538 posset,
3161 2471 3228 2521 ut
3274 2465 3392 2520 Soli
3425 2471 3482 2520 et
3521 2465 3689 2520 Marti

2027 2557 2411 2624 sacriﬁcaret,
2437 2557 2582 2628 quin
2613 2557 2810 2628 potius
2833 2555 2970 2611 illos
2999 2555 3377 2610 contumeliis
3404 2554 3689 2622 afficeret,

2025 2650 2371 2723 gravissime
2402 2667 2590 2705 cassus
2630 2651 2691 2704 in
2724 2649 2963 2704 vincula
2992 2649 3241 2720 rapitur.
3275 2649 3486 2703 Postea
3507 2647 3695 2702 addu-

2026 2745 2156 2795 ctus
2184 2740 2422 2810 Joseph,
2447 2740 2549 2810 qui
2583 2756 2655 2795 ex
2684 2739 2895 2794 eadem
2925 2738 3166 2811 regione
3199 2742 3413 2803 erat,et
3445 2738 3572 2808 ipse
3604 2753 3691 2791 se-

2027 2846 2163 2898 nex,
2193 2829 2353 2900 quod
2385 2829 2726 2902 archimago
2758 2829 3236 2896 contradixisset,
3292 2827 3548 2882 fustibus
3599 2843 3700 2881 ns-

2029 2937 2142 2991 que
2165 2920 2314 2974 adeo
2346 2920 2770 2991 percutitur,ut
2791 2919 3048 2975 concisis
3074 2917 3226 2973 foede
3259 2917 3539 2973 carnibus
3562 2933 3698 2972 ossa

2027 3010 2398 3065 nudarentur
2422 3027 2434 3065 :
2469 3009 2686 3064 deinde
2718 3009 2780 3064 in
2812 3025 3111 3064 carcerem
3138 3007 3399 3062 truditur
3419 3024 3538 3062 una
3558 3024 3692 3061 cum

2030 3105 2232 3156 sancto
2245 3099 2727 3170 Acepsima.Post
2747 3099 2855 3153 hos
2869 3104 2927 3153 et
2941 3098 3203 3153 Aithalas
3226 3097 3664 3168 producitur,re
3684 3127 3698 3136 -

266 3187 371 3243 ὑπὸ
425 3185 493 3240 τὰ
552 3184 782 3258 γόναταο
841 3182 930 3236 καὶ
995 3179 1343 3256 ὲξαρθροῦται
1401 3179 1575 3242 πάσας
1658 3178 1755 3240 τὰς
1821 3181 1918 3233 τοῦ

2044 3189 2360 3259 vinetisque
2391 3187 2465 3243 ad
2497 3205 2690 3250 genua
2720 3189 3020 3256 manibus,
3053 3189 3136 3243 ita
3168 3186 3439 3242 membra
3464 3185 3699 3257 singula

263 3277 530 3348 σώματος
587 3271 879 3346 ἁρμονίας.
942 3271 1097 3327 Μετά
1150 3272 1321 3324 ταῦτα
1377 3269 1404 3324 ὁ
1467 3267 1562 3341 μὲν
1623 3268 1930 3341 ’Λκεψιμᾶς

253 3365 602 3437 τυπτόμενος
636 3360 958 3431 ἐτελειώθη.
1017 3361 1080 3418 Ὀ
1131 3357 1188 3415 δὲ
1245 3359 1449 3434 Ἰωσὴφ
1505 3358 1642 3414 κατά
1683 3355 1930 3435 κεφαλής

266 3453 597 3529 κρεμσθεὶς
631 3445 1031 3521 ἐλιθοϐολήθη,
1084 3451 1112 3504 ὁ
1171 3445 1229 3503 δὲ
1285 3446 1576 3512 Ἀειθαλάς
1627 3446 1716 3502 καὶ
1769 3447 1933 3509 αὐτὸς

266 3545 409 3598 κατα
432 3548 679 3619 κεφαλῆς
705 3539 1058 3614 κρεμασθεὶς,
1091 3534 1374 3614 παρέδωκε
1393 3537 1456 3592 τὸ
1485 3541 1716 3610 πνεῦμα.

874 3715 954 3786 τῇ
986 3711 1121 3786 αὖτῇ
1155 3711 1340 3786 ἡμέρᾳ

288 3816 502 3887 Μνήμη
554 3818 648 3870 τοῦ
726 3811 880 3869 ὁσίου
937 3813 1147 3885 Πατρὸς
1203 3814 1366 3887 ἡμῷν
1427 3810 1766 3868 Ἰωαννικίου
1839 3815 1938 3867 τοῦ

891 3891 999 3940 Θαυ
1009 3883 1338 3958 ματουργοῦ.

353 3978 417 4034 Ὀ
475 3974 645 4050 μέγας
699 3976 883 4047 πατὴρ
958 3975 1118 4046 ἡμῶν
1203 3973 1536 4036 Ἰωαννίκιος
1585 3973 1831 4050 ὑπῆρχεν
1883 3971 1946 4028 ἐκ

274 4074 382 4136 τῆς
441 4067 639 4141 χώρας
699 4062 950 4127 Βιθυνίας
1007 4060 1093 4117 ἐπὶ
1151 4069 1253 4132 τῆς
1319 4061 1598 4138 βασιλείας
1658 4069 1944 4118 Κωνσταν-

277 4157 437 4210 τίνου
469 4158 571 4209 τοῦ
629 4147 1000 4210 Καϐαλλίνου.
1059 4151 1156 4206 Διά
1209 4149 1268 4206 δὲ
1319 4152 1418 4219 τήν
1476 4149 1695 4228 ἀνδρίαν
1755 4152 1942 4225 αὐτοῦ,

275 4243 618 4321 ἐστρατεύθη
708 4241 784 4304 εἷς
869 4242 970 4310 τήν
1025 4244 1132 4296 τῶν
1221 4236 1554 4296 ἐσκουϐίτων
1642 4241 1944 4315 στρατείαν,

270 4336 368 4390 καὶ
409 4331 750 4407 ἠνδραγάθει
812 4331 862 4386 ὲν
924 4336 1056 4385 πᾶσι
1115 4327 1414 4404 πολέμοις,
1472 4331 1827 4386 κατακόπτων
1883 4331 1946 4386 τὸ

272 4429 389 4480 τῶν
417 4419 767 4496 Βουλγαρων
847 4416 1018 4484 ἔθνος.
1074 4421 1163 4477 Ἐν
1226 4423 1326 4493 μιᾷ
1383 4417 1440 4475 δὲ
1487 4415 1737 4494 πολέμου
1792 4440 1950 4496 γενο-

281 4517 480 4588 μένου,
517 4509 652 4566 ἰδὼν
707 4507 955 4572 πολλοὺς
1012 4512 1119 4564 τῶν
1178 4514 1593 4585 συστρατιωτῶν
1629 4509 1948 4588 σφαγέντας,

2036 3278 2339 3346 luxantur,
2370 3283 2438 3333 ut
2467 3282 2589 3333 tota
2609 3279 2876 3350 corporis
2905 3293 3222 3349 compages
3251 3275 3696 3331 dissolveretur.

2037 3368 2300 3423 Tandem
2328 3368 2674 3438 Acepsimas
2695 3367 3048 3440 interﬂagra
3078 3366 3395 3436 exspiravit
3421 3364 3696 3435 ;Joseph,

2039 3459 2272 3513 inverso
2304 3457 2494 3528 capite
2527 3473 2876 3529 suspensus,
2927 3455 3224 3527 lapidibus
3282 3453 3528 3509 obrutus
3561 3457 3652 3508 est
3684 3473 3699 3520 ;

2038 3545 2308 3602 Aithalas
2337 3562 2474 3600 vero
2533 3550 2592 3600 et
2649 3546 2774 3617 ipse
2833 3545 3026 3618 capite
3083 3543 3316 3598 inverso
3348 3557 3697 3614 suspensus,

2042 3637 2319 3709 spiritum
2349 3634 2614 3691 tradidit.

2699 3724 2920 3782 Eodem
2951 3724 3047 3781 die

2048 3818 2203 3873 164
2251 3816 2706 3873 Commemoratio
2747 3816 2928 3873 sancti
2983 3813 3171 3899 Patris
3226 3810 3513 3870 Joannicii
3543 3811 3711 3868 thau-

2768 3896 3037 3944 maturat.

2768 3905 3037 3959 maturgt.

2121 3982 2365 4054 Magnus
2395 3986 2565 4053 pater
2583 3986 2789 4038 noster
2816 3980 3163 4038 Joannicius
3196 3995 3266 4033 ex
3306 3976 3598 4049 Bithyniae
3612 3993 3677 4031 re
3699 4006 3718 4017 -

2051 4071 2224 4144 gione
2255 4071 2367 4126 fuit
2397 4071 2766 4142 temporibus
2797 4068 3173 4126 Constantini
3203 4066 3492 4122 Caballini
3524 4066 3707 4137 impe-

2051 4161 2284 4218 ratoris.
2315 4160 2460 4216 Cum
2492 4167 2690 4215 autem
2725 4161 2785 4214 in
2819 4176 2906 4228 ea,
2935 4177 3067 4230 qum
3122 4157 3533 4212 excubitorum
3565 4154 3717 4209 dici-

2054 4256 2170 4318 tur,
2203 4250 2424 4305 militia
2453 4249 2752 4321 stipendia
2803 4248 3051 4314 faciens,
3083 4251 3142 4301 et
3167 4247 3228 4300 in
3276 4244 3554 4299 omnibus
3576 4243 3713 4298 aliis

2053 4340 2228 4397 bellis
2258 4339 2492 4395 fortiter
2517 4355 2579 4394 se
2609 4337 2909 4411 gessisset,
2945 4336 3451 4409 Bulgarorumque
3482 4336 3719 4406 gentem

2055 4429 2436 4496 concidisset,
2466 4428 2674 4484 videns
2723 4425 3047 4498 aliquando
3105 4425 3168 4478 in
3221 4423 3480 4494 quodam
3509 4421 3716 4493 praelio

2056 4535 2332 4592 magnam
2362 4518 2842 4573 commilitonum
2869 4531 3113 4571 suorum
3137 4513 3722 4568 multitudinemtru-

275 4605 373 4660 καὶ
431 4597 1051 4670 λυπηθεὶς,’κατὲλιπε
1102 4600 1202 4668 τὴν
1291 4598 1589 4673 στρατείαν.
1651 4599 1756 4656 Καὶ
1821 4620 1920 4654 κατ

2059 4591 2576 4673 cidatam,tantum
2609 4607 2807 4662 animo
2827 4604 3094 4660 dolorem
3125 4602 3491 4674 concepit,ut
3521 4599 3722 4655 statim

281 4688 455 4748 ἔλαϐε
483 4691 548 4745 τὸ
577 4693 678 4744 τοῦ
710 4687 997 4761 Ὀλύμπου
1023 4684 1180 4763 ὄρος,
1209 4688 1301 4743 καὶ
1323 4687 1618 4758 ἡσύχαζεν.
1651 4692 1788 4746 Εἶτα
1807 4710 1949 4764 γνω-

281 4783 501 4856 ρισθεὶς
552 4779 704 4853 παρά
750 4778 1153 4852 συστρατιώτου
1211 4778 1379 4845 τινὸς,
1439 4778 1624 4855 φυγὼν
1701 4777 1943 4847 ἀπῆλθεν

280 4871 336 4925 ἐν
365 4874 450 4942 τῷ
479 4872 584 4933 τῆς
616 4866 821 4928 Λυκίας
870 4862 1006 4940 ὅρεν
1057 4863 1109 4920 ἐν
1169 4866 1215 4938 ᾧ
1272 4865 1460 4922 πολλά
1511 4866 1760 4942 θαύματα
1787 4870 1950 4940 ποιή-

281 4981 410 5029 σας,
483 4955 557 5012 δι’
614 4953 1016 5030 ἀποκαλύψεως
1071 4952 1239 5025 ἦλθεν
1294 4954 1372 5016 εἷς
1419 4957 1518 5025 τήν
1581 4957 1753 5030 μονὴν
1806 4959 1955 5032 Ἐρι-

284 5056 444 5118 στῆς·
479 5047 569 5103 καὶ
597 5046 803 5122 γίνεται
839 5043 1110 5119 μοναχός·
1159 5045 1249 5100 καὶ
1305 5045 1410 5100 ἀπὸ
1468 5041 1629 5114 ὅρους
1695 5046 1771 5109 εἷς
1825 5042 1954 5122 ὅρος

289 5130 663 5208 μεταϐαίνων,
749 5132 1208 5208 ἐθαυματοῦργει·
1269 5133 1359 5188 καὶ
1437 5131 1700 5209 δαίμονας
1757 5135 1955 5213 ἐφυγά·

285 5226 465 5296 δευεν,
526 5223 736 5300 ἐδέξατο
797 5223 858 5282 δὲ
916 5224 1012 5280 καὶ
1062 5225 1402 5298 προορατικά
1454 5224 1789 5300 χαρίσματα.
1853 5226 1955 5284 Καὶ

289 5318 562 5393 βασιλέων
623 5319 720 5393 μὲν
781 5313 1046 5389 ἀλλαγὰς
1130 5317 1378 5388 προεῖπε,
1439 5314 1529 5369 καὶ
1575 5321 1958 5392 πατριαρχῶν.

291 5408 387 5478 Ἐξ
437 5408 494 5464 οὗ
534 5410 622 5466 καὶ
683 5410 827 5485 μετά
887 5405 960 5461 τὸ
1015 5401 1259 5478 γενέσθαι
1314 5405 1407 5460 τὸν
1469 5404 1621 5481 ἃγιον
1682 5403 1952 5464 Μεθόδιον

285 5502 648 5582 πατριάρχην,
683 5501 814 5579 περὶ
848 5498 922 5554 οὗ
957 5494 1354 5569 προεφήτευσε,
1409 5497 1544 5569 μετὰ
1596 5495 1788 5570 τρίτην
1821 5499 1961 5572 ἠμὲ-

278 5611 375 5667 ραν
407 5594 705 5673 ἐκοιμήθη.

2060 4699 2331 4754 abdicata
2360 4697 2598 4762 militia,
2648 4697 2965 4768 Olympum
2998 4697 3260 4748 montem
3293 4690 3722 4761 conscendens,

2063 4788 2391 4843 solitariam
2445 4788 2624 4842 vitam
2677 4785 2986 4857 amplexus
3024 4782 3222 4839 fuerit.
3278 4781 3391 4836 Sed
3450 4780 3726 4853 cognitus

2061 4877 2212 4933 forte
2245 4893 2278 4932 a
2308 4876 2716 4933 commilitone
2761 4873 3044 4947 quodam,
3100 4873 3161 4926 in
3220 4871 3406 4943 Lycias
3463 4876 3731 4926 montem

2064 4967 2380 5034 concessit,
2412 4967 2515 5021 ubi
2547 4983 2686 5021 cum
2721 4964 2910 5020 multa
2959 4961 3251 5017 miracula
3281 4960 3588 5028 edidisset,
3642 4958 3732 5012 di-

2067 5058 2207 5112 vina
2262 5056 2623 5112 revelatione
2678 5053 3039 5116 admonitus,
3070 5053 3132 5107 in
3178 5051 3385 5106 Eristae
3426 5053 3727 5106 monaste-

2070 5147 2226 5201 rium
2259 5162 2387 5201 sese
2419 5145 2662 5216 recepit,
2687 5149 2746 5199 et
2774 5141 3104 5198 monachus
3135 5140 3327 5197 factus
3359 5145 3466 5196 est.
3501 5140 3646 5194 Tum
3699 5152 3729 5191 e

2073 5240 2275 5292 monte
2306 5236 2368 5290 in
2393 5240 2654 5290 montem
2678 5230 3213 5302 recedens,ubique
3236 5229 3506 5302 prodigia
3535 5231 3734 5298 patra-

2070 5327 2191 5396 bat,
2217 5329 2275 5380 et
2305 5325 2604 5380 daemones
2627 5323 2885 5396 fugabat.
2922 5319 3032 5376 Sed
3063 5324 3122 5374 et
3151 5317 3478 5391 prophetiae
3513 5314 3738 5370 donum

2074 5413 2324 5486 accepit,
2348 5418 2406 5467 et
2435 5413 2864 5485 imperatorum
2896 5408 3489 5482 patriarcharumque
3512 5419 3742 5458 succes-

2077 5505 2276 5560 siones
2326 5503 2620 5575 praedixit.
2681 5501 2875 5556 Tertio
2929 5498 3170 5553 demum
3220 5499 3353 5568 post
3382 5493 3498 5560 die,
3559 5507 3738 5562 quam

2079 5598 2322 5649 sanctus
2352 5593 2686 5648 Methodius
2716 5587 3072 5665 patriarcha,
3106 5585 3193 5639 uti
3239 5580 3740 5656 prmnuntiaverat

2083 5684 2394 5742 ordinatus
2419 5687 2531 5754 est,
2562 5682 2625 5738 in
2656 5681 2906 5739 Domino
2935 5673 3307 5733 obdormivit.
