4124 6430
381 378 496 440 M3

946 511 1186 567 EODEM
1209 510 1467 564 MENSE.

1040 600 1143 654 Die
1175 603 1386 670 quarta

549 710 693 768 185
729 711 1020 766 Certamen
1050 711 1227 764 sancti
1257 711 1521 780 martyris
1547 707 1869 779 Porphyrii.

382 838 746 910 Porphyrius
777 842 1022 909 martyr,
1055 836 1381 892 Aureliano
1410 836 1785 908 imperatore,
1818 835 1927 892 fuit
1974 852 2042 890 ex

381 928 530 984 urbe
562 929 814 999 Epheso,
851 927 1119 999 egregius
1151 927 1523 982 scenicorum
1560 926 1836 981 ludorum
1860 929 2043 991 actor,

377 1018 549 1089 cujus
581 1017 810 1071 ludicra
840 1021 964 1072 arte
997 1016 1326 1071 delectatus
1360 1014 1691 1071 Alexander
1706 1016 2046 1070 Caesareen-

381 1108 534 1161 sium
569 1123 788 1173 comes,
825 1123 1028 1162 secum
1060 1107 1388 1161 Caesaream
1421 1105 1591 1160 illum
1624 1104 2044 1175 adduxit.Age-

376 1195 551 1250 batur
583 1195 732 1251 forte
764 1195 951 1251 festus
985 1196 1322 1251 daemonum
1355 1195 1481 1249 dies
1505 1211 1739 1249 summa
1768 1193 2046 1248 ludorum

387 1284 751 1351 celebritate,
788 1286 849 1340 in
883 1285 1098 1356 quibus
1136 1291 1194 1340 et
1237 1285 1710 1339 Christianorum
1742 1284 1892 1338 ritus
1941 1297 2048 1352 per

370 1373 577 1446 jocum
610 1374 1172 1445 reprazsentabatur.
1207 1374 1534 1429 Productus
1566 1373 1745 1445 igitur
1778 1371 2043 1442 Porphy-

380 1464 528 1530 rius,
560 1468 626 1517 ut
655 1462 727 1517 ab
759 1480 848 1529 eo,
893 1464 993 1534 qui
1027 1464 1255 1518 scilicet
1276 1464 1536 1535 episcopi
1575 1478 1892 1534 personam
1951 1461 2044 1514 in-

384 1551 616 1618 duerat,
650 1552 1066 1622 baptizaretur,
1091 1552 1272 1608 allata
1301 1568 1475 1622 aqua,
1505 1551 1700 1607 nudus
1731 1551 1896 1605 illam
1953 1550 2048 1604 in-

380 1640 665 1711 greditur,
728 1640 877 1695 falso
937 1641 1183 1696 interim
1241 1641 1542 1712 episcopo,
1573 1640 2047 1694 Christianorum

380 1729 520 1794 ritu,
558 1728 792 1783 dicente
821 1745 834 1782 :
868 1729 934 1784 In
963 1729 1205 1799 nomine
1228 1730 1438 1799 Patris,
1466 1733 1525 1783 et
1548 1729 1768 1794 Filii,et
1799 1728 2050 1799 Spiritus

381 1819 592 1886 sancti,
630 1818 962 1890 baptizatur
1002 1819 1389 1890 Porphyrius.
1439 1819 1562 1883 Quo
1622 1818 1776 1873 facto
1808 1817 2051 1872 adfuere

1701 376 2140 438 MENOLOGIl
2183 377 2385 437 PARS
2431 377 2480 437 Ι.

2071 520 2125 584 Α

3689 375 3806 435 144

2685 509 2862 564 ΜΗΝΙ
2921 509 3014 563 TD
3070 509 3274 564 ΑΥΤΩ.

2969 597 3021 650 Δ.

2293 704 2569 776 ’Ἂθλησις
2625 708 2722 759 τοῦ
2771 706 2931 780 ἁγίου
2993 705 3267 780 μάρτυρος
3323 702 3658 781 Ηορφυρίου.

2225 831 2534 909 ΙΙορφύριος
2572 833 2600 886 6
2636 834 2839 905 μάρτυς
2898 833 3142 907 ὑπῆρχεν
3202 829 3290 885 ἐπὶ
3353 829 3631 907 βασιλείας
3691 833 3802 889 Αὖ-

2157 925 2453 996 ρηΛιανοῢς
2484 921 2542 976 ἐκ
2565 926 2664 992 τῆς
2695 920 2913 984 πόλεως
2942 918 3189 1000 Ἐφέσου,
3224 924 3303 985 εἷς
3347 917 3420 975 ὤν
3479 928 3578 990 τῆς
3635 922 3803 994 θυμέ-

2157 1010 2404 1083 λης,καὶ
2437 1011 2488 1066 ἐν
2537 1014 2608 1083 τῇ
2658 1012 2968 1087 ὀρχηστικῇ
3026 1009 3357 1084 εὕδοκιμῶν.
3415 1011 3626 1067 Τούτου
3685 1017 3805 1073 τοῖς

2153 1099 2428 1174 παιγνίοις
2465 1101 2713 1174 τερφθεὶς
2769 1102 2796 1154 6
2854 1107 2954 1169 τῆς
3019 1100 3326 1174 Καισαρέων
3373 1097 3557 1171 κόμης
3611 1096 3807 1169 Ἀλέξ-

2156 1187 2772 1264 ανδρος,προσελά6ετο
2823 1189 3007 1259 αὐτὸν,
3063 1191 3151 1244 καὶ
3210 1186 3415 1263 ἤγαγεν
3473 1188 3548 1251 εἷς
3608 1187 3806 1244 Καισά-

2157 1301 2325 1355 ρειαν.
2359 1282 2589 1357 Ἐορτῆς
2621 1278 2678 1336 δὲ
2713 1287 2829 1343 τοῖς
2886 1280 3110 1355 δαίμοσι
3166 1279 3525 1354 τελουμένης,
3556 1279 3646 1334 καὶ
3694 1283 3805 1334 τῶν

2154 1371 2424 1444 παιγνίων
2481 1373 2809 1448 γινομένων,
2861 1369 3200 1440 διεπαίζοντο
3254 1371 3343 1425 καὶ
3404 1371 3454 1423 οἱ
3510 1374 3618 1424 τῶν
3671 1371 3812 1444 Χρι-

2159 1463 2388 1514 στιανῶν
2419 1459 2606 1516 τύποι.
2660 1459 2760 1518 Καὶ
2813 1463 3107 1536 προσήχθη
3142 1460 3476 1536 Πορφύριος,
3511 1459 3656 1534 παρὰ
3708 1463 3812 1513 τοῦ

2160 1547 2322 1619 δῆθεν
2379 1549 2454 1612 είς
2520 1550 2690 1606 τόπον
2755 1549 3052 1605 ἐπισκόπου
3132 1549 3602 1625 σχηματισθέντος
3709 1550 3815 1625 βα-

2157 1643 2472 1705 πτισθῆναι·
2521 1638 2832 1714 ἐνεχθέντος
2889 1641 2980 1694 οὗν
3013 1636 3226 1706 ὕδατος,
3257 1639 3563 1714 γυμνωθεὶς
3615 1637 3812 1708 εἰσῆλ-

2161 1729 2246 1783 θεν
2282 1729 2333 1783 ἐν
2383 1728 2549 1802 αὐτῷ⁹
2606 1734 2703 1784 τοῦ
2757 1727 3251 1804 ψευδοεπισκόπου,
3303 1730 3378 1790 ὡς
3437 1729 3488 1782 οἱ
3546 1734 3811 1804 Χριστια-

2158 1819 2265 1889 νοὶ,
2300 1816 2580 1894 λὲγοντος,
2610 1819 2700 1881 Εἰς
2728 1821 2790 1875 τὸ
2823 1815 2999 1894 ὄνομα
3025 1824 3123 1874 τοῦ
3150 1819 3384 1893 ΙΙατρὸς,
3415 1819 3502 1874 καὶ
3534 1822 3630 1872 τοῦ
3654 1819 3814 1890 Υἱοῦ,

381 1907 596 1979 angeli,
631 1908 731 1978 qui
759 1907 970 1962 induto
1013 1908 1165 1964 stola
1194 1908 1331 1964 alba
1361 1907 1708 1979 Porphyrio,
1743 1923 1876 1962 cum
1903 1907 2044 1961 faci-

2160 1909 2250 1963 καὶ
2311 1913 2413 1964 τοῦ
2471 1911 2626 1984 ἁγίου
2685 1910 3025 1983 Πνεύματος,
3087 1910 3403 1985 βαπτίζεται
3472 1908 3812 1985 Πορφύριος.

386 1997 495 2052 bus
544 1997 903 2068 psallebant,
937 1998 1246 2054 dicentes:
1292 1999 1640 2070 Quicunque
1698 1998 1760 2052 in
1818 1997 2049 2052 Christo

386 2086 662 2156 baptizati
689 2087 853 2154 estis,
888 2088 1186 2142 Christum
1209 2086 1793 2154 induistis,A1leluia.
1829 2089 1906 2141 Eo
1939 2087 2048 2141 mi-

387 2175 591 2230 raculo
625 2177 908 2230 commoti
940 2176 1205 2248 plurimi,
1242 2177 1306 2232 in
1355 2178 1673 2232 Dominum
1722 2176 2048 2232 credidere.

393 2268 602 2318 Comes
633 2281 768 2319 vero
798 2264 1016 2320 rubore
1051 2267 1312 2322 suffusus
1343 2267 1650 2322 discessit:
1677 2271 1734 2321 et
1777 2267 2048 2338 sequenti

392 2352 487 2407 die
517 2354 913 2426 Porphyrium
935 2359 1225 2426 praetento
1249 2355 1489 2428 magicae
1521 2357 1665 2412 artis
1686 2356 1938 2412 crimine
1958 2357 2054 2412 de-

393 2441 598 2496 collari
623 2443 823 2514 jussit.

1067 2640 1290 2696 Eodem
1314 2641 1406 2697 die

387 2727 544 2782 160
578 2728 1040 2784 Commemoratio
1069 2736 1385 2804 sanctorum
1415 2733 1788 2804 apostolorum
1841 2734 1907 2788 de
1937 2751 2046 2788 nu-

457 2816 607 2854 mero
638 2804 1018 2873 septuaginta,
1069 2803 1345 2871 Patrobas,
1381 2803 1622 2872 Hermae,
1679 2807 1828 2872 Lini,
1890 2806 2044 2874 Gaii,

459 2877 514 2925 et
545 2871 843 2942 Philologi.

463 2996 531 3050 Hi
564 3012 770 3052 omnes
798 2998 964 3053 fuere
995 3000 1249 3071 apostoli
1283 3017 1352 3056 ex
1394 3017 1645 3057 numero
1677 3004 2050 3076 septuaginta

394 3084 846 3157 discipulorum.
876 3090 945 3142 Et
973 3090 1254 3145 Patrobas
1286 3091 1548 3161 quidem,
1582 3093 1752 3163 cujus
1793 3095 2050 3149 mentio-

392 3190 530 3228 nem
564 3175 626 3228 in
659 3176 781 3230 suis
813 3178 1093 3248 Epistolis
1125 3179 1342 3234 Paulus
1373 3197 1624 3252 magnus
1652 3182 2050 3253 facit,episco-

2161 1999 2282 2068 Καὶ,
2308 1999 2506 2054 τούτου
2536 2001 2857 2072 γενομένου,
2897 1997 3070 2068 ἦλθον
3100 2000 3151 2053 οἱ
3181 1997 3405 2074 ἂγγελοι
3436 1999 3524 2053 καὶ
3559 1995 3814 2052 ἐνέδυσαν

2161 2087 2362 2158 στολὴν
2392 2087 2591 2158 λευκὴν
2618 2091 2708 2144 τὸν
2744 2088 3075 2167 [Ιορφύριον,
3135 2090 3270 2160 μετὰ
3327 2085 3629 2162 λαμπάδων
3661 2087 3816 2162 ψάλ-

2160 2177 2370 2240 λοντες·
2451 2180 2605 2235 Ὀσοι
2685 2178 2765 2240 είς
2823 2179 3056 2254 Χριστὸν
3126 2172 3504 2248 ἐϐαπτίσθητε,
3572 2177 3814 2251 Χριστὸν

2159 2265 2494 2339 ἐνεδύσασθε,
2529 2266 2896 2339 Ἀλληλούϊα.
2932 2265 3162 2329 ’ἰδόντες
3189 2264 3278 2322 οὖν
3323 2267 3386 2320 τὸ
3433 2270 3634 2339 θαῦμα,
3665 2264 3819 2321 πολ-

2162 2357 2250 2413 λοὶ
2286 2357 2598 2413 ἐπίστευσαν
2661 2357 2750 2413 ἐπὶ
2800 2359 2892 2413 τὸν
2961 2357 3184 2433 Κύριον.
3238 2357 3298 2414 Ὁ
3352 2353 3411 2410 δέ
3460 2355 3662 2429 κόμης,
3719 2357 3817 2410 αἱ·

2159 2447 2428 2524 σχυνθείς,
2465 2449 2815 2524 ὑπεχώρησε’
2849 2448 2938 2502 καὶ
2978 2451 3048 2520 τῇ
3095 2445 3350 2520 ἐπαύριον
3383 2445 3594 2522 ἀγαγὼν
3623 2443 3815 2516 αὐτὸν,

2156 2538 2245 2593 καὶ
2277 2537 2350 2599 ὡς
2373 2538 2549 2612 γόητα
2581 2533 2878 2606 διαϐαλὼν,
2911 2535 3324 2614 ἀπεκεφάλισεν.

2749 2656 2832 2728 Τῇ
2864 2651 2998 2728 αὒτῆ
3032 2655 3211 2728 ἡμέραιῐ

2159 2745 2368 2815 Μνήμη
2408 2743 2535 2817 ,τῶν
2594 2742 2766 2817 ἀγίων
2823 2741 3171 2817 ἀποστόλων-
3195 2739 3254 2795 ἐκ
3288 2745 3423 2817 ΔτῖιὶφνΔ
3454 2742 3497 2795 ο’
3530 2735 3812 2814 [Ῑατροϐἆ,

2406 2815 2604 2890 Ἑρμᾶ,
2639 2812 2824 2884 Λίνου,
2857 2814 3044 2884 Γαῖου,
3088 2814 3178 2869 καὶ
3211 2812 3554 2888 Φιλολόγου.

2228 2994 2393 3050 Οὗτοι
2432 2993 2629 3057 πάντες
2683 2995 2934 3069 ὑπῆρχον
2995 2991 3055 3047 ἐκ
3109 2997 3217 3047 τῶν
3270 2989 3651 3066 ἑϐδομήκοντα
3703 3013 3818 3065 μα-

2158 3089 2338 3154 θητῶν
2399 3086 2487 3138 καὶ
2575 3083 2917 3139 ἀποστόλων.
2974 3083 3069 3140 Καὶ
3129 3084 3156 3137 6
3223 3084 3314 3156 μὲν
3381 3079 3684 3158 Πατροϐἆς,
3746 3083 3820 3138 οὗ

2156 3173 2246 3228 καὶ
2280 3175 2307 3227 ὁ
2342 3173 2506 3249 μέγας
2539 3169 2754 3235 Παῦλος
2788 3173 2838 3228 ἐν
2870 3178 2988 3235 ταῖς
3042 3173 3234 3227 ἑαυτοῦ
3293 3173 3649 3234 Ἐπιστολαῖς
3709 3174 3819 3245 μὲ-

391 3277 503 3330 pus
535 3263 907 3317 Puteolorum
929 3264 1377 3331 factus,mu1tos
1407 3267 1481 3321 ad
1511 3268 1726 3322 Christi
1751 3269 1927 3324 ﬁdem
1945 3275 2044 3325 tra-

2167 3284 2389 3336 μνηται,
2424 3263 2718 3318 ἐπίσκοπος
2777 3261 3062 3318 Ποτιόλων
3120 3261 3348 3337 ἐγένετο,
3407 3261 3653 3325 πολλοὺς
3712 3263 3823 3337 βα-

392 3345 600 3401 ductos
649 3347 980 3418 baptizavit.
1033 3353 1278 3406 Hermas
1336 3358 1554 3417 autem,
1589 3354 1661 3409 de
1705 3372 1822 3424 quo
1871 3357 2050 3411 etiam

389 3435 606 3490 Paulus
638 3438 940 3507 apostolus
966 3439 1028 3493 in
1053 3440 1316 3511 Epistola
1336 3441 1408 3496 ad
1432 3444 1730 3498 Romanos
1751 3445 2048 3510 meminit,

387 3522 871 3595 Philippopoleos
930 3529 1244 3599 episcopus
1273 3530 1405 3584 fuit.
1466 3533 1647 3586 Porro
1680 3533 1859 3587 Linus
1917 3539 2052 3604 post

387 3613 829 3670 sanctissimum
889 3617 1224 3687 apostolum
1285 3620 1523 3674 Petrum
1578 3637 1806 3695 magna)
1848 3625 2046 3678 Roma:

387 3700 700 3771 episcopus
734 3709 823 3756 est
852 3710 1256 3776 nuncupatus.
1307 3708 1483 3762 Gaius
1505 3726 1661 3777 vero,
1687 3713 1857 3782 cujus
1889 3711 2048 3766 idem

385 3788 688 3858 apostolus
721 3792 1088 3847 mentionem
1120 3794 1344 3865 injecit,
1380 3803 1516 3867 post
1547 3805 1821 3854 sanctum
1851 3801 2048 3856 Timo-

388 3874 593 3930 theum
623 3877 934 3949 episcopus
964 3881 1353 3951 Ephesiorum
1374 3887 2047 3959 renuntiatur.Denique

392 3962 759 4038 Philologus,
802 3966 875 4021 de
907 3985 1022 4038 quo
1055 3968 1209 4024 idem
1234 3974 1538 4043 apostolus
1569 3976 1863 4040 meminit,
1885 3977 2046 4032 Sino-

391 4051 482 4121 pis
515 4053 828 4124 episcopus
858 4063 1091 4112 creatus
1119 4059 1231 4114 fuit
1258 4061 1330 4116 ab
1361 4062 1599 4118 Andrea
1622 4065 1884 4134 primum
1917 4083 2046 4121 om-

393 4141 561 4194 nium
612 4145 1018 4214 apostolorum
1053 4155 1276 4204 vocato.
1309 4151 1728 4222 Episcopatum
1752 4154 1950 4224 itaque
1981 4156 2042 4210 in

389 4231 736 4287 memoratis
754 4234 1089 4292 civitatibus
1119 4245 1418 4310 gerentes,
1449 4257 1582 4294 cum
1614 4241 1834 4297 multas
1865 4244 2048 4299 mole-

385 4319 526 4374 stias
557 4326 732 4392 atque
769 4326 1106 4381 vexationes
1137 4344 1243 4398 pro
1274 4327 1450 4383 verbo
1475 4330 1715 4400 pietatis
1746 4332 2042 4402 tulissent,

381 4409 720 4482 multosque
752 4415 1004 4485 populos
1026 4416 1294 4473 docendo
1312 4417 1383 4472 ad
1404 4419 1704 4476 Christum
1721 4424 2046 4493 pertraxis-

380 4503 530 4566 sent,
566 4499 972 4558 decesserunt.

947 4702 1188 4756 EODEM
1213 4703 1465 4759 MENSE.

1044 4789 1148 4844 Die
1179 4791 1391 4860 quinta

382 4888 537 4944 167
585 4892 877 4948 Certamen
935 4902 1265 4950 sanctorum
1313 4896 1667 4955 Galactionis
1705 4906 1761 4955 et
1813 4903 2039 4973 Episte-

1130 4983 1263 5024 mes.

449 5085 699 5141 Sanctus
732 5087 1036 5144 Galaction
1069 5106 1138 5145 ex
1170 5090 1314 5146 urbe
1346 5093 1558 5149 Emesa
1584 5094 1715 5164 fuit,
1750 5097 2038 5168 Onupurii

375 5175 654 5229 monachi
688 5177 1076 5246 praedictione
1108 5185 1346 5252 natus,a
1380 5199 1497 5253 quo
1526 5188 1584 5238 et
1614 5190 1892 5256 parentes
1910 5187 2038 5258 ejus

373 5263 649 5334 liaptizati
683 5266 940 5321 fuerant.
986 5267 1127 5324 Cum
1153 5277 1349 5325 autem
1384 5278 1518 5342 post
1572 5275 1780 5328 matris
1811 5275 2038 5330 obitum

373 5353 634 5408 dedisset
693 5355 779 5408 illi
833 5362 998 5427 pater
1055 5374 1322 5427 uxorem,
1375 5362 1618 5416 nomine
1673 5364 2035 5434 Epistemen,

369 5441 996 5512 formosissimam,sed
1032 5447 1224 5502 adhuc
1256 5449 1583 5518 inﬁdelem,
1620 5452 1846 5523 nuptiis
1878 5454 2035 5507 cele-

368 5528 572 5598 bratis,
605 5533 750 5587 adiit
780 5534 1023 5604 quidem
1076 5537 1378 5594 Galaction
1411 5557 1678 5607 uxorem,
1734 5541 1835 5596 sed
1872 5543 2038 5599 nulla

369 5618 598 5673 ratione
631 5621 843 5677 adduci
873 5625 1085 5694 potuit,
1109 5632 1173 5680 ut
1195 5627 1268 5682 ad
1292 5630 1565 5686 osculum
1591 5645 1721 5685 eam
1752 5630 2034 5686 admitte-

375 5711 494 5773 ret;
530 5709 698 5779 cujus
727 5711 813 5766 rei
846 5728 1090 5770 causam
1122 5715 1196 5772 ab
1229 5732 1298 5773 ea
1329 5724 1589 5791 rogatus,
1623 5719 1791 5789 Quia,
1819 5719 2032 5792 inquit,

2164 3355 2380 3424 πτίσας,
2413 3353 2502 3410 καὶ
2536 3354 2897 3430 προσαγαγὼν
2925 3358 3004 3426 τῷ
3053 3359 3289 3428 Χριστῷ.
3350 3354 3410 3409 Ὁ
3466 3352 3523 3408 δέ
3578 3356 3818 3430 Ἑρμᾶς,

2159 3444 2220 3498 οὗ
2250 3447 2340 3498 καὶ
2399 3444 2567 3498 αὐτοῦ
2627 3445 2656 3497 6
2714 3443 2876 3506 αὐτὸς
2937 3445 3103 3518 μέγας
3162 3442 3473 3506 ἀπόστολος
3534 3445 3818 3516 μέμνηται

2159 3534 2210 3588 ἐν
2243 3537 2311 3608 τῇ
2339 3534 2476 3608 πρὸς
2506 3533 2817 3606 Ῥωμαίους
2881 3532 3200 3603 Ἐπιστολῇ,
3252 3533 3549 3596 ἐπισκοπος
3599 3534 3819 3590 Φιλιπ-

2156 3625 2482 3686 πουπόλεως
2515 3624 2744 3700 ἐγένετο.
2803 3627 2861 3682 Ὀ
2921 3623 2978 3679 δὲ
3034 3631 3196 3690 Λῖνος
3258 3625 3391 3698 μετὰ
3456 3626 3658 3702 Πέτρον
3717 3626 3820 3681 τὸν

2159 3717 2461 3791 ἁγιώτατον
2495 3714 2826 3784 ἀπόστολον,
2881 3721 2985 3784 τῆς
3048 3715 3294 3791 μεγάλης
3323 3717 3542 3788 Ῥώμης
3593 3715 3820 3770 ἐπίσκο-

2156 3826 2261 3867 πος
2291 3803 2688 3880 ἐχρημάτισεν.
2717 3805 2780 3861 Ὁ
2813 3802 2871 3858 δέ
2928 3803 3111 3876 Γάϊος,
3159 3805 3220 3860 οὗ
3280 3805 3371 3859 καὶ
3423 3804 3590 3859 αὐτοῦ
3622 3806 3649 3860 6
3709 3804 3818 3858 αὐ-

2155 3896 2247 3957 τὸς
2281 3893 2588 3956 ἀπόστολος
2622 3894 2915 3968 μέμνηται,
2972 3895 3106 3967 μετὰ
3155 3893 3246 3948 τὸν
3304 3891 3453 3969 ἅγιον
3512 3894 3820 3968 Τιμόθεον,

2157 3986 2449 4048 ἐπίσκοπος
2493 3985 2727 4061 Ἐφέσου
2786 3984 3018 4060 ἐγένετο.
3076 3985 3136 4043 Ὀ
3212 3982 3269 4040 δέ
3354 3984 3694 4062 Φιλόλογος,
3749 3987 3823 4041 οὗ

2154 4077 2244 4130 καὶ
2301 4076 2466 4131 αὐτοῦ
2525 4074 2764 4137 ὁάὐτὸς
2814 4073 3123 4136 ἀπόστολος
3161 4076 3456 4147 μέμνηται,
3515 4075 3825 4141 ἐπίσκοπος

2157 4166 2414 4235 Σινώπης
2447 4164 2656 4240 ἐγένετο
2687 4165 2790 4219 ὑπὸ
2823 4162 3082 4238 Ἀνδρέου
3112 4168 3209 4218 τοῦ
3265 4162 3667 4240 πρωτοκλήτου
3697 4171 3818 4220 τῶν

2154 4254 2499 4313 ἀποστόλων.
2535 4254 2640 4311 Καὶ
2681 4253 3144 4323 ἐπισκοπήσαντες
3185 4250 3236 4307 ἐν
3291 4258 3411 4314 ταῖς
3445 4251 3821 4324 δηλωθείσαις

2153 4343 2371 4412 πόλεσι,
2404 4343 2492 4398 καὶ
2523 4342 2814 4405 πλείστους
2868 4342 3228 4418 πειρασμοὺς,
3280 4341 3368 4396 καὶ
3429 4341 3642 4416 Θλίψεις
3721 4342 3824 4401 διὰ

2152 4434 2244 4489 τὸν
2276 4436 2376 4503 τῆς
2420 4429 2689 4496 εὐσεϐείας
2742 4431 2908 4507 λόγον
2972 4431 3379 4505 ὑπομείναντες,
3411 4431 3502 4486 καὶ
3561 4432 3822 4498 πολλοὺς

2157 4521 2487 4597 διδάξαντες,
2545 4523 2637 4578 καὶ
2696 4526 2776 4595 τῷ
2833 4522 3054 4598 Χριστῷ
3120 4523 3557 4596 προσαγαγόντες
3615 4519 3817 4594 λαοὺς,

2069 4629 2116 4694 D
2159 4612 2573 4683 ἐτελειώθησαν.

2691 4703 2871 4759 ΜΗΝΙ
2927 4702 3018 4757 ΤΩ
3065 4705 3261 4758 ΑΥΤΩ.

2936 4791 2993 4845 Ε,

2151 4896 2425 4967 ’Ἀθλησις
2529 4901 2636 4952 τῶν
2741 4896 2961 5022 ἁγίωννι
3008 4895 3388 4958 Γαλακτίωνος
3475 4895 3565 4951 καὶ
3655 4899 3816 4953 Ἐπιο

2865 4989 3107 5022 nunc.

2865 4989 2961 5039 στη
2975 4990 3048 5041 μη
3062 4991 3108 5031 ς-

2219 5096 2280 5153 Ὀ
2313 5096 2463 5170 ἅγιος
2493 5094 2808 5151 Γαλακτίων
2868 5098 3113 5172 ὑπῆρχεν
3168 5095 3227 5150 ἐκ
3271 5103 3372 5165 τῆς
3402 5093 3618 5157 πόλεως
3648 5097 3814 5168 Ἐμέ.-

2149 5206 2272 5255 σης,
2304 5185 2578 5259 γεννηθεὶς
2625 5184 2684 5240 ἐκ
2715 5185 3071 5263 προρῥήσεως
3122 5186 3370 5260 μονοιχοῦ
3412 5206 3559 5248 τινος
3616 5186 3811 5242 Ὀνου-

2149 5273 2333 5350 φρίου,
2367 5278 2462 5328 τοῦ
2494 5274 2582 5328 καὶ
2626 5273 2752 5337 τοὺς
2811 5281 2992 5350 γονεῖς
3041 5274 3205 5329 αὐτοῦ
3269 5274 3652 5350 βαπτίσαντος.
3711 5281 3811 5330 Τε-

2149 5363 2488 5434 λευτησάσης
2523 5361 2579 5418 δέ
2609 5371 2710 5434 τῆς
2761 5364 3022 5439 μητέρος,
3077 5365 3103 5419 6
3160 5366 3340 5436 πατὴρ
3401 5363 3810 5436 ἐμνηστεύσατο

2148 5453 2298 5524 αὐτῷ
2369 5459 2598 5529 γυναῖκα
2655 5454 2792 5508 πάνυ
2853 5455 3082 5530 ὡραίαν,
3136 5454 3364 5527 ὀνόματι
3429 5455 3806 5526 Ἐπιστήμην,

2145 5541 2222 5597 ἔτι
2256 5542 2481 5598 ἄπιστον
2517 5544 2700 5601 οὖσαν.
2735 5545 2841 5601 Καὶ
2876 5545 3011 5616 μετά
3049 5545 3140 5599 τὸν
3201 5546 3379 5618 γάμον
3415 5543 3806 5620 ἀπερχόμενος

2145 5634 2172 5689 6
2260 5631 2576 5689 Γαλακτίων
2656 5631 2793 5707 πρὸς
2842 5632 3030 5706 αὐτὴν,
3114 5634 3214 5690 οὐκ
3277 5632 3552 5704 ἠσπάζετο
3612 5633 3802 5704 αὐτήν.

2145 5723 2523 5800 Ερωτησάσης
2577 5720 2634 5778 δὲ
2666 5721 2898 5797 ἐκείνης,
2936 5724 3034 5778 Διὰ
3063 5722 3116 5779 τί
3174 5720 3318 5781 οὕτω
3373 5729 3553 5789 ποιεῖς
3585 5746 3601 5798 ;
3633 5725 3800 5780 εἶπενο
