4124 6442
268 412 376 472 ηὸ

1771 412 2241 478 NOVEMBER.

3600 434 3716 496 146

281 541 423 601 Διὸτι
477 539 591 616 οὒχ
648 539 934 617 ὗπάρχεις
993 542 1322 617 Χριστιανή.
1390 541 1453 598 Ἠ
1528 539 1586 598 δὲ
1650 539 1952 626 ἀκούσασα,

2095 549 2408 612 3hristiana
2437 573 2559 613 non
2581 574 2664 614 es.
2689 561 2880 626 Quare
2906 563 3105 620 statim
3131 563 3529 622 Christianam
3561 584 3623 622 se
3647 568 3715 624 fu

290 637 478 694 εὐθέως
543 631 799 685 συνέθετο
859 631 1118 706 γενέσθαι
1177 633 1496 706 Χριστιαντς.
1581 625 1956 707 Πρεσϐυτέρου

290 725 348 781 δὲ
381 727 454 798 μὴ
506 722 664 788 ὄντος
727 723 822 778 διὰ
879 723 976 778 τὸν
1037 719 1300 796 διωγμὸν,
1357 716 1656 790 ἐϐαπτίσθη
1689 721 1835 796 παρὰ
1862 726 1960 776 τοῦ

297 814 692 876 Γαλακτίωνος.
753 815 894 870 Εἶτα
955 811 1238 875 συνέθεντο
1292 808 1590 879 ἀλλήλοις,
1620 809 1710 863 καὶ
1757 806 1958 865 διένει-

310 926 404 978 μιν
452 905 549 959 τὸν
605 903 852 958 πλοῦτον
915 901 1089 956 αὐτῶν
1149 905 1267 963 τοῖς
1322 898 1537 969 πένησι,
1578 897 1667 952 καὶ
1724 897 1958 967 ἀνῆλθον

309 997 382 1055 εἷς
408 990 554 1068 ὅρος,
585 993 680 1047 καὶ
729 991 1000 1065 έμόνασαν
1063 987 1214 1050 ἰδίως
1272 987 1349 1052 είς
1407 989 1767 1061 μοναστήρια.
1802 989 1955 1062 Ἐγέ·

303 1105 412 1140 mo
467 1081 530 1138 δί
581 1081 835 1158 διωγμὸς
888 1082 1016 1137 τότε
1069 1079 1206 1135 κατὰ
1278 1083 1386 1134 τῶν
1446 1079 1806 1154 Χριστιανῶν·
1869 1079 1956 1133 καὶ

301 1175 485 1246 μαθὼν
542 1175 570 1227 ὁ
618 1179 722 1242 τῆς
761 1173 952 1246 χώρας
1014 1168 1199 1245 ἄρχων
1255 1169 1376 1242 περὶ
1432 1167 1633 1238 αὐτῶν,
1684 1166 1967 1222 ἀπέστειλε

292 1264 382 1318 καὶ
441 1262 715 1336 ἐκράτησε
782 1262 872 1316 τὸν
931 1257 1300 1315 Γαλακτίωνα.
1358 1258 1458 1311 Καὶ
1538 1255 1736 1312 τούτου
1794 1275 1962 1330 συρο-

297 1355 491 1426 μένου,
552 1347 779 1414 ἔφθασεν
835 1347 1000 1404 αὐτὸν
1053 1351 1089 1418 ἡ
1155 1347 1494 1419 Ἐπιστήμη,
1552 1345 1642 1400 καὶ
1703 1365 1963 1420 συνεκρά-

292 1445 464 1511 τήθηθ
527 1441 619 1494 καὶ
679 1440 828 1513 παρὰ
880 1443 978 1494 τοῦ
1037 1438 1304 1513 ἄρχοντος
1361 1437 1618 1497 κοπέντες
1647 1439 1840 1511 χεῖρας
1869 1435 1964 1490 καὶ

294 1528 496 1599 πόδας,
529 1527 1062 1608 άπεκεφαλίσθησαν.

917 1658 994 1730 Τῇ
1023 1651 1160 1728 αὖτῇ
1184 1652 1367 1726 ἡμέρᾳ

316 1779 576 1845 Ἀθλησις
630 1772 731 1825 τοῦ
789 1765 947 1837 ἁγίου
1005 1759 1292 1845 Δομνίνου,
1352 1759 1443 1813 καὶ
1509 1759 1618 1812 τῶν
1649 1753 1764 1845 1σὺν

387 1826 1026 1917 ὃέὸζίρουητίιρεθξου,
1083 1826 1378 1899 ἒιίοιλοθέου,
1449 1826 1758 1904 Δωροθέου,
1826 1830 1973 1902 Καρ-

383 1904 583 1993 rapio-3,
613 1904 708 1970 καὶ
741 1904 1039 1966 Σιλϐᾶνοό.

375 2047 545 2104 Οὗτοι
605 2043 860 2115 ὑπῆρχον
916 2033 1004 2090 ἐπὶ
1062 2029 1367 2104 Μαξιμίνου
1421 2031 1519 2084 τοῦ
1562 2023 1969 2103 βασιλέως,δι-

304 2135 596 2196 δάσκοντες
651 2132 742 2186 τὸν
803 2126 972 2202 λόγον
1029 2127 1126 2178 τοῦ
1187 2123 1342 2175 Θεοῦ’
1399 2119 1490 2173 καὶ
1547 2115 1800 2178 πολλοὺς
1855 2119 1965 2170 τῶν

301 2226 548 2282 ἁπιστων
581 2201 994 2296 ἐπιστρέφοντες
1049 2212 1137 2268 ἐπὶ
1194 2212 1284 2266 τὸν
1337 2209 1562 2284 Κύριον,
1598 2201 1967 2277 διεϐλήθησαν

298 2321 379 2388 τῷ
485 2311 795 2386 Μαξιμίνῳ·
894 2305 983 2360 καὶ
1083 2298 1461 2388 κρατηθέντες,
1547 2296 1968 2388 ἐτιμωρήθησαν

301 2382 603 2481 Eppia;
639 2382 786 2457 -Εἶτα
857 2391 1317 2461 κατεδικάσθησαν
1381 2382 1963 2481 ταλαιπωρεῖσθαιλῂ

299 2471 448 2556 τοῖς.
473 2496 577 2546 τοῦ
608 2487 826 2564 χαλκοῦ
883 2481 1172 2558 μετάλλοι.
1231 2479 1335 2536 Καὶ
1398 2477 1532 2550 μετὰ
1565 2477 1764 2550 χρόνον
1795 2471 1971 2528 πολὺν

303 2580 672 2654 ἱκϐληθὲντες
710 2581 807 2634 τοῦ
865 2571 1150 2650 χαλκείου,
1207 2570 1294 2624 καὶ
1353 2566 1720 2642 παραστάντες
1751 2567 1832 2636 τῷ
1861 2583 1973 2617 πα-

309 2674 544 2750 ρανόμῳ
606 2670 839 2744 βήματι,
897 2663 986 2719 καὶ
1061 2657 1593 2750 καταναγκασθέντες
1639 2656 1795 2750 θῦσαι
1853 2656 1973 2750 τοῖς

308 2740 618 2828 έῗόώλοιςξ
668 2740 756 2812 καὶ
848 2755 924 2827 μὴ
1010 2749 1335 2816 πεισθέντες,
1396 2744 1825 2820 ἐκρεμάσθησαν,
1884 2740 1973 2796 καὶ

309 2853 602 2924 ἒξέσθησαν
686 2847 951 2916 ἀνηλεῶς.
1009 2843 1186 2916 Ὁρῶν
1255 2836 1312 2893 δὲ
1383 2838 1483 2906 τὴν
1540 2830 1978 2924 καρτερίανλαύᾉ-

307 2921 416 2999 tibi»
453 2937 751 3017 Πάμφιλός
779 2956 861 2996 τις
899 2933 1059 3008 ἁνὴρ,
1116 2930 1204 2984 καὶ
1257 2926 1643 3017 λογισάμενος,
1677 2922 1782 3017 ὅτι,
1815 2921 1865 2976 εἴ

314 3034 468 3107 εἰχον
526 3010 681 3084 οὗτοι
743 3022 986 3100 μεγάλας
1034 3021 1126 3076 καὶ
1186 3012 1548 3107 βεϐαίας-τάς
1601 3010 1848 3107 ἐλπίδας,
1881 3011 1980 3066 οᾶκ

322 3097 682 3180 ἅλ’τοιαύτας
737 3097 1008 3188 τιμωρίας
1069 3107 1360 3181 ὑπέμενον,
1419 3103 1694 3160 ἐπίστευσε
1724 3105 1805 3174 τῷ
1837 3107 1978 3176 Χρι-

316 3216 446 3284 στῷο
503 3210 597 3265 καὶ
658 3205 752 3262 σὺν
812 3204 962 3275 αὗτῷ
1024 3203 1271 3274 γυναῖκες
1329 3195 1588 3271 παρθένοι
1645 3197 1813 3284 τρεῖς,
1873 3188 1978 3247 Καὶ

2073 645 2264 698 turam
2287 645 2619 716 pollicetur.
2648 649 2758 705 Sed
2781 668 2916 706 cum
2939 653 3105 708 nulla
3124 654 3455 726 presbyteri
3478 656 3733 713 facultas

2073 738 2316 804 propter
2344 739 2821 806 persecutionem
2846 741 3108 809 daretur,
3133 743 3204 798 ab
3233 744 3360 814 ipso
3385 747 3729 802 Galactione

2075 820 2365 893 baptizata
2395 832 2503 881 est.
2539 828 2764 884 Deinde
2814 846 2881 886 ex
2932 833 3260 904 composito
3302 833 3638 890 distributis
3669 837 3732 892 in

2074 929 2367 986 pauperes
2387 915 2791 987 facultatibus,
2818 925 3067 993 uterque
3091 923 3150 977 in
3179 930 3443 979 montem
3467 927 3732 994 secessit,

2075 1007 2252 1075 atque
2280 1005 2342 1060 in
2368 1009 2799 1064 monasterium
2827 1013 3146 1081 separatim
3188 1031 3248 1068 se
3280 1016 3524 1086 recepit.
3560 1017 3735 1072 Com-

2077 1100 2238 1149 mota
2259 1101 2458 1151 autem
2477 1097 2538 1152 in
2557 1099 2923 1157 Christianos
2937 1104 3456 1174 persecutione,ad
3475 1105 3736 1178 regionis

2076 1183 2423 1252 praefectum
2455 1185 2635 1242 delati
2668 1193 2828 1244 sunt.
2853 1191 3002 1245 Dum
3035 1192 3213 1264 igitur
3242 1193 3546 1250 Galaction
3578 1211 3738 1250 com-

2076 1273 2412 1343 prehensus
2445 1275 2518 1331 ad
2549 1277 2894 1348 prmfectum
2940 1280 3216 1350 trahitur,
3248 1284 3545 1354 Episteme
3578 1301 3741 1340 asse-

2080 1366 2216 1418 cuta
2248 1379 2382 1418 eum
2414 1369 2523 1430 est,
2580 1373 2638 1422 et
2685 1367 2865 1423 simul
2908 1385 3044 1424 eum
3095 1370 3198 1425 illo
3231 1376 3483 1428 retenta.
3518 1373 3740 1431 Deinde

2079 1451 2275 1522 ambo,
2335 1455 2600 1526 pracisis
2659 1457 2938 1513 manibus
2992 1475 3060 1515 ac
3116 1460 3388 1532 pedibus,
3464 1462 3741 1519 decollati

2079 1539 2265 1597 fuere.

2714 1670 2934 1727 Eodem
2987 1672 3104 1728 die.

2083 1774 2236 1830 168
2268 1775 2554 1848 Certamen
2584 1779 2762 1832 sancti
2813 1780 3097 1848 Domnini,
3143 1787 3195 1836 et
3250 1785 3524 1838 sociorum
3566 1783 3739 1840 Theo-

2155 1848 2298 1924 tigni,
2332 1846 2619 1924 Timothei,
2670 1848 2969 1918 Philothei,
3022 1846 3306 1920 Darothei,
3369 1856 3627 1924 Carterii,
3687 1862 3738 1910 et

1997 1928 2046 1994 Β
2157 1919 2394 1974 Slivani.

2149 2044 2250 2099 Isti
2283 2043 2596 2100 Maximino
2628 2045 2987 2118 imperatore
3036 2048 3323 2105 claruere.
3356 2053 3504 2108 Cum
3535 2056 3733 2106 autem

2079 2134 2323 2189 verbum
2380 2135 2483 2189 Dei
2546 2134 2846 2204 docerent,
2879 2137 3220 2210 multosque
3279 2139 3615 2194 inﬁdelium
3664 2140 3740 2195 ad

2081 2224 2399 2280 Dominum
2455 2230 2890 2290 converterent,
2950 2226 3130 2282 delati
3187 2228 3262 2284 ad
3333 2229 3741 2299 Maximinum,

2082 2319 2141 2368 et
2169 2315 2608 2386 comprehensi,
2649 2316 3133 2389 gravissimisque
3186 2319 3500 2374 tormentis
3532 2335 3740 2374 excru-

2082 2403 2242 2470 ciati,
2277 2403 2638 2459 damnantur
2685 2404 2761 2460 ad
2818 2406 3082 2462 metalla.
3135 2409 3276 2463 Post
3320 2408 3576 2462 multum
3608 2426 3742 2463 vero

2083 2498 2319 2565 tempus
2342 2493 2638 2566 ergastulo
2664 2494 3183 2563 educti,sistuntur
3205 2497 3412 2569 iniquo
3436 2497 3740 2552 tribunali:

2085 2598 2341 2652 cumque
2366 2583 2567 2638 induci
2593 2584 2931 2655 nequirent,
2956 2586 3022 2639 nt
3043 2585 3217 2641 idolis
3242 2586 3649 2654 immolarent,
3683 2588 3744 2641 in

2085 2672 2408 2743 equuleum
2430 2674 2567 2741 acti,
2593 2674 3006 2730 crudelissime
3031 2676 3530 2732 excarnificantur
3555 2694 3566 2730 :
3593 2694 3744 2748 quo-

2084 2779 2217 2817 rum
2249 2764 2650 2819 constantiam
2681 2765 3026 2836 Pamphilus
3058 2766 3300 2838 quidam
3343 2768 3744 2838 conspicatus,

2087 2869 2408 2924 secumque
2438 2860 2744 2925 reputans,
2767 2855 2882 2909 nisi
2913 2856 3085 2911 ﬁrma
3117 2859 3514 2915 maximarum
3545 2877 3746 2916 rerum

2088 2957 2191 3013 spe
2221 2942 2412 3009 nixos,
2446 2959 2565 2998 non
2614 2960 2786 3014 posse
2833 2943 2969 3000 illos
3010 2946 3190 3002 tantis
3237 2948 3546 3020 suppliciis
3576 2967 3750 3022 pares

2089 3047 2237 3098 esse,
2275 3030 2335 3085 in
2367 3031 2667 3087 Christum
2700 3031 2972 3102 credidit,
3002 3050 3122 3090 una
3169 3051 3304 3090 cum
3356 3037 3544 3092 tribus
3584 3037 3755 3110 virgi-

2087 3120 2284 3176 nibus.
2319 3121 2509 3186 Quare
2536 3121 2761 3194 pudore
2794 3123 3055 3179 suffusus
3086 3125 3460 3194 Maximinus,
3493 3143 3756 3199 pronun-

2089 3212 2274 3280 tiavit,
2299 3218 2363 3267 ut
2388 3229 2596 3268 omnes
2627 3213 2818 3284 capite
2840 3212 3280 3284 plecterentur:
3315 3215 3416 3286 qui
3449 3215 3751 3282 decollati,

308 3274 511 3357 τοϐτου
567 3295 894 3373 γενομένου,
939 3274 1261 3346 αἰσχυνθεὶς
1315 3287 1344 3342 ὁ
1402 3286 1731 3358 Μαξιμῖνος,
1780 3274 1976 3336 ἔδωκεν

2095 3307 2332 3357 sanctas
2363 3317 2431 3358 ac
2480 3300 2686 3358 beatas
2733 3302 2964 3358 animas
3013 3319 3152 3359 suas
3205 3303 3454 3360 Domino
3486 3305 3752 3362 tradide-

311 3368 593 3449 διιεόφαειίν⁷
643 3368 757 3440 κατ’
821 3379 1019 3437 αὒτῶν.
1065 3377 1183 3435 Καὶ
1264 3373 1458 3436 πάντες
1517 3368 1978 3449 ἀποκεφαλισθέν-

312 3447 778 3554 τεςίπαρέὸωκαν
835 3477 918 3546 τῷ
977 3468 1164 3546 Κυρίῳ
1213 3467 1308 3530 τὰς
1364 3464 1522 3542 ἁγίας
1575 3462 1666 3520 καὶ
1704 3447 1979 3537 μακαρίας

326 3571 503 3626 αὐτῶν
526 3565 725 3644 ψυχάς.

895 3671 1084 3729 ΜΗΝΙ
1105 3668 1194 3726 ΤΩ
1216 3671 1410 3723 ΛΠΩ.

1131 3782 1171 3846 ζ,

400 3891 666 3961 ’Δθλησις
720 3891 839 3961 τοῦΔ
879 3885 1065 3961 ἁγίου-
1099 3880 1321 3938 Παυλου
1372 3877 1912 3961 τοᾷῥμολογητοῦ,

643 3951 992 4036 πατριάρχου
1024 3951 1669 4028 Κωνσταντινουρόλεως.

394 4088 572 4149 Οὗτος
630 4088 850 4161 ὑπῆρχε
934 4081 994 4138 έκ
1071 4087 1171 4149 τῆς
1243 4075 1666 4147 Θεσσαλονίκης,
1734 4074 1986 4151 νοτάριος

319 4175 685 4252 Ἀλεξάνδρου
714 4178 812 4230 τοῦ
865 4169 1172 4248 ἀγιωτάτου
1220 4169 1588 4242 πατριάρχου,
1617 4165 1706 4220 καὶ
1739 4161 1988 4227 διάκονος

320 4278 421 4340 τῆς
498 4267 554 4323 έν
618 4259 1197 4322 Κωνσταντινουπόλει
1256 4255 1606 4326 Ἐκκλησίας⁶
1662 4255 1722 4310 ’ὸν
1781 4255 1838 4308 οἱ
1895 4253 1990 4328 ὀρ-

321 4358 544 4432 θόδοξοι
607 4355 741 4428 μετᾶ
796 4351 1056 4418 τελευτὴν
1131 4342 1494 4420 Ἀλεξάνδρου
1545 4343 1988 4420 προχειρίζονται

318 4447 700 4523 πατριάρχην,
761 4439 1133 4500 Κιυνστάντιος
1193 4433 1250 4492 δὲ
1309 4436 1337 4491 ὁ
1399 4433 1988 4523 βασιλεὺς,Ἀρειανᾷς

321 4519 804 4610 ἔδῃ-ὑποστρέψας
865 4531 970 4585 ἀπὸ
1015 4526 1381 4602 Ἀντιοχείας,
1442 4519 1703 4579 ἐκϐάλλει
1731 4527 1834 4610 τοῦ
1861 4521 1990 4599 θρό-

321 4607 447 4695 νου,
507 4626 600 4680 καὶ
639 4607 769 4678 *ἀντ’
831 4620 1036 4676 ἐκείνου
1093 4614 1519 4692 προεχειρίσατο
1579 4607 1841 4670 Εὖσὲϐιον
1895 4611 1988 4667 τὸν

322 4713 725 4790 Νικομηὸείας.
757 4713 820 4770 Ὁ
879 4707 935 4765 δὲ
990 4701 1398 4778 καταλαμϐάνει
1455 4705 1554 4774 τήν
1609 4703 1858 4774 Ῥώμην,
1902 4701 1988 4756 εὐ-
2020 4684 2065 4748 Ῑ)

326 4808 443 4885 ρὼν
477 4786 597 4860 *καὶ
656 4803 748 4858 τὸν
829 4797 996 4876 μέγαν
1058 4797 1376 4853 Ἀθανάσιον
1432 4786 1840 4865 ἐκϐεϐλημένον
1898 4794 1996 4846 τοῦ

328 4879 546 4954 οἰκείου
608 4893 825 4968 θρόνου’
883 4890 973 4944 καὶ
1033 4885 1120 4942 διᾶ
1178 4885 1517 4961 γραμμάτων
1577 4885 1674 4936 τοῦ
1728 4879 1999 4957 βασιλέως

329 4986 690 5044 Κώνσταντος
752 4971 1210 5051 ἀπολαμϐάνουσι
1268 4973 1396 5036 τοὺς
1458 4969 1697 5032 οἰκείους
1749 4971 1996 5047 θρόνους.

333 5077 434 5134 Καὶ
465 5072 639 5130 πάλιν
673 5067 1036 5126 έκϐάλλονται
1090 5063 1236 5141 παρὰ
1288 5060 1662 5118 Κωνσταντίου
1705 5053 1998 5134 συμϐουλῇ

326 5173 443 5223 τῶν
507 5167 822 5240 Ἀρειανῶν.
902 5158 1042 5218 Τότε
1121 5154 1312 5233 γράφει
1399 5155 1657 5240 Κώνστας
1715 5153 1852 5240 πρὸς
1906 5153 1996 5240 τόν

329 5237 589 5332 ἀδελφὸν⁷
609 5250 1000 5320 Κωνστάντιον,
1024 5245 1131 5318 ὅτι,
1155 5245 1219 5302 Εἴ
1249 5245 1326 5318 μή
1351 5237 1680 5332 ἀπολάϐοιεν
1713 5239 1840 5304 τοὺς
1873 5239 2000 5315 θρό-

330 5369 464 5408 νους
492 5331 719 5414 έαυτῶν,
759 5340 1058 5412 ἐλεύσομαι
1109 5336 1243 5409 μετᾶ
1291 5333 1482 5390 ’ὃπλων
1537 5331 1674 5388 κατὰ
1704 5336 1821 5390 σοῦ.
1864 5333 2003 5388 Ἀπ-

333 5431 536 5494 έλαϐεν
564 5434 654 5489 οὗν
685 5433 772 5488 τὸν
811 5433 1007 5508 θρόνον
1053 5427 1081 5481 ὁ
1139 5422 1353 5486 Παῦλος
1402 5423 1464 5478 τὸ
1495 5420 1698 5498 τρίτον.
1734 5420 1835 5478 Καὶ
1871 5421 2006 5494 μετᾶ

336 5530 565 5594 θάνατον
626 5526 1002 5586 Κώνσταντος,
1065 5515 1363 5590 έξορίζεται
1415 5513 1490 5576 εἰς
1551 5514 1860 5570 Κούκουσον
1904 5517 2004 5582 τῆς

337 5616 650 5692 ’Λρμενίας.
709 5614 810 5674 Καὶ
868 5603 1266 5670 ἀποκλεισθεὶς
1325 5603 1378 5659 έν
1435 5603 1722 5676 οἰκήματι,
1754 5601 2006 5692 λειτουρ-

340 5687 462 5785 γῶν
522 5707 777 5784 ἀπεπνίγη
829 5700 991 5776 παρὰ
1049 5701 1158 5752 τῶν
1213 5695 1534 5772 ’Δρειανῶν,
1568 5692 1706 5767 μετὰ
1732 5696 1829 5748 τοῦ
1860 5687 2005 5747 ἰδίου

343 5819 571 5878 ωμοφορ
582 5799 676 5860 ίου.

2090 3395 2249 3447 runt.

2646 3675 2900 3732 EODEM
2938 3677 3192 3732 MENSE.

2773 3785 2875 3840 Die
2907 3792 3072 3842 sexta

2094 3895 2248 3950 169
2282 3895 2567 3952 Certamen
2594 3895 2776 3966 sancti
2819 3895 2982 3949 Pauli
3031 3897 3374 3964 confessoris,
3411 3895 3758 3966 patriarchae

2617 3965 3245 4038 Constantinopolitani.

2167 4091 2272 4146 Hic
2303 4107 2373 4146 ex
2399 4090 2546 4146 urbe
2577 4090 2999 4147 Thessalonica
3020 4091 3150 4158 fuit,
3177 4093 3539 4149 sanctissimi
3562 4094 3750 4165 patri-

2097 4183 2292 4238 archa;
2323 4179 2638 4236 Alexandri
2671 4181 3037 4250 notarius,et
3073 4183 3758 4255 Constantinopolitanm

2097 4271 2376 4327 Ecclesiae
2426 4270 2745 4325 diaconus:
2795 4269 2897 4340 qui
2946 4270 3280 4326 Alexandro
3310 4273 3428 4326 vita
3460 4272 3659 4327 functo
3689 4273 3762 4328 ab

2101 4361 2442 4420 orthodoxis
2482 4360 2819 4433 patriarcha
2866 4362 3266 4427 renuntiatus,
3313 4378 3347 4416 a
3394 4362 3762 4430 Constantio,

2099 4455 2317 4510 Ariano
2341 4452 2721 4522 imperatore,
2745 4449 2817 4505 ab
2848 4450 3161 4505 Antiochia
3191 4467 3449 4517 reverso,
3485 4469 3514 4505 e
3549 4451 3760 4506 throno

2104 4543 2402 4615 dejicitur,
2433 4541 2495 4595 in
2528 4540 2656 4612 ejus
2683 4540 2881 4595 locum
2930 4541 3175 4596 suffecto
3207 4540 3458 4596 Eusebio
3492 4541 3764 4596 Nicome-

2106 4633 2319 4690 diensi.
2353 4631 2572 4686 Paulus
2594 4636 2793 4685 autem
2821 4631 3067 4685 Romam
3089 4629 3412 4701 profectus,
3437 4629 3660 4701 reperit
3681 4629 3763 4684 ibi

2105 4721 2497 4778 Athanasium
2529 4737 2559 4775 e
2591 4719 2832 4791 propria
2880 4718 3020 4774 sede
3069 4719 3466 4775 exturbatum.
3517 4717 3630 4774 Sed
3662 4736 3767 4790 per

2107 4813 2336 4868 litteras
2367 4809 2704 4888 Constantis
2763 4809 3140 4881 imperatoris
3191 4809 3253 4863 in
3299 4825 3473 4865 suum
3517 4815 3767 4879 uterque

2107 4903 2388 4958 thronum
2403 4899 2842 4955 restituitur.lis
2856 4915 2991 4954 vero
3004 4900 3573 4954 rursusArianorum
3589 4915 3772 4970 opera

2109 5009 2144 5048 a
2163 4989 2504 5046 Constantio
2527 4988 2754 5061 ejectis,
2789 4989 3079 5044 Constans
3102 4987 3176 5044 ad
3207 4989 3618 5044 Constantium
3647 4988 3769 5043 fra-

2109 5083 2262 5132 trem
2293 5076 2550 5148 scripsit,
2583 5075 2699 5130 nisi
2759 5075 2934 5131 ambo
2993 5075 3055 5130 in
3109 5075 3432 5148 pristinum
3463 5075 3769 5148 dignitatis

2109 5165 2359 5237 gradum
2389 5165 2869 5236 restituerentur,
2923 5180 2985 5219 se
3036 5163 3262 5220 bellum
3295 5165 3348 5220 ei
3381 5163 3766 5219 indictarum.

2110 5255 2304 5312 Tertio
2337 5255 2516 5328 igitur
2540 5253 2759 5308 Paulus
2789 5255 3067 5308 thronum
3092 5270 3265 5308 suum
3289 5253 3530 5324 recepit.
3555 5253 3772 5306 Verum

2111 5350 2246 5417 post
2274 5345 2614 5401 Constantis
2644 5349 2898 5399 mortem
2921 5343 2985 5397 in
3013 5343 3331 5406 Cucusum,
3359 5342 3650 5397 Armeniae
3679 5356 3774 5395 ur-

2111 5434 2270 5503 bem,
2304 5433 2622 5506 relegatus,
2648 5433 2788 5488 dum
2816 5433 2876 5486 in
2901 5431 3151 5487 aedicula
3173 5431 3439 5485 inclusus
3471 5429 3772 5496 lilurgiam

2113 5523 2576 5593 celebraret,suo
2621 5521 2972 5594 omophorio
3035 5520 3108 5575 ab
3174 5517 3400 5574 Arianis
3450 5520 3772 5574 suffocatus

2115 5619 2224 5670 est.
