4124 6426
418 440 535 504 147

422 684 580 741 170
611 682 1064 743 Commemoratio
1093 683 1362 754 pulveris,
1411 680 1523 738 sive
1572 682 1791 748 cineris,
1841 684 1937 735 aut
1963 684 2073 735 sta-

953 761 1062 811 etes
1090 756 1157 809 de
1197 755 1330 811 cmlo
1363 754 1553 825 lapsas.

497 879 785 937 Extremis
811 879 1019 934 Leonis
1046 879 1243 951 magni
1267 878 1663 951 imperatoris,
1688 880 2081 949 cognomento

428 971 614 1042 Bessi,
648 969 1037 1041 temporibus,
1058 969 1205 1024 hora
1237 968 1353 1024 diei
1386 974 1567 1036 sexta,
1594 967 1911 1022 obductum
1938 966 2083 1021 atris

427 1060 687 1118 nubibus
733 1059 968 1125 cmlum,
1024 1058 1198 1130 quale
1248 1058 1401 1114 solet
1448 1074 1575 1113 esse
1627 1055 2083 1112 imminentibus

424 1148 703 1208 maximis
724 1147 1036 1218 imbribus,
1062 1147 1370 1203 ardentem
1393 1164 1628 1219 quaque
1651 1163 1853 1202 versus
1870 1145 2081 1200 faciem

425 1240 774 1312 praeferens,
797 1238 918 1311 igni
947 1238 1147 1293 omnia
1171 1243 1582 1309 correpturum
1601 1252 1730 1291 esse
1752 1234 2080 1301 videbatur,

422 1336 488 1387 ut
520 1328 752 1385 etiamsi
775 1345 845 1383 ex
865 1328 965 1399 huj
978 1326 1210 1382 usmodi
1235 1326 1495 1382 nubibus
1518 1326 1717 1398 pluvia
1733 1324 2083 1393 deferretur,

428 1420 552 1493 igni
586 1424 786 1474 tamen
807 1434 875 1473 ac
901 1417 1163 1486 ﬂamma,
1187 1433 1309 1471 non
1340 1433 1510 1472 secus
1538 1433 1605 1471 ac
1635 1415 1779 1470 olim
1809 1413 2082 1479 Sodoma,

425 1508 627 1566 omnia
659 1512 818 1564 esset
845 1507 1182 1562 incensura.
1205 1506 1320 1562 Sed
1344 1522 1478 1561 cum
1511 1504 1846 1561 sacerdotes
1878 1519 2086 1558 omnes

431 1616 499 1657 ac
518 1599 598 1671 pii
616 1597 891 1653 homines
904 1613 1039 1652 cum
1057 1595 1337 1669 lacrymis
1351 1594 1421 1651 ad
1442 1594 1661 1667 templa
1678 1593 2084 1665 confugerent,

435 1690 740 1758 Deumque
763 1692 822 1741 et
842 1686 1287 1741 immaculatam
1310 1686 1620 1757 Deiparam
1650 1683 1949 1755 supplices
1982 1682 2086 1738 de-

429 1781 819 1850 precarentur
842 1803 857 1844 ;
889 1777 993 1847 qui
1020 1792 1139 1830 non
1161 1774 1284 1830 vult
1304 1780 1558 1830 mortem
1581 1778 1958 1845 peccatorum
1977 1771 2090 1827 cle-

430 1865 842 1922 mentissimus
881 1865 1190 1931 Dominus,
1237 1881 1472 1936 pmnam
1504 1862 1823 1918 clementia
1853 1866 2089 1934 tempe-

429 1974 592 2022 rans,
628 1955 939 2028 imperavit
963 1954 1249 2024 nubibus,
1279 1959 1345 2010 ut
1382 1953 1798 2010 admirabilem
1827 1952 2088 2024 pluviam

429 2046 791 2101 emitterent.
825 2049 869 2098 A
903 2059 1145 2115 vespere
1194 2043 1374 2116 igitur
1430 2043 1505 2098 ad
1560 2042 1821 2097 mediam
1851 2047 2090 2097 noctem

429 2137 604 2210 pluit.
636 2137 776 2202 Quas
804 2140 1005 2191 autem
1037 2133 1357 2203 deﬂuebat,
1390 2139 1574 2189 stacte
1597 2138 1722 2189 erat
1743 2133 1975 2188 fervens
1996 2132 2090 2187 in-

430 2231 554 2282 star
582 2225 912 2281 carbonum
943 2241 1075 2296 quas
1107 2223 1342 2295 plantas
1391 2239 1601 2279 omnes
1648 2223 1912 2279 adussit:
1959 2238 2089 2293 quae

429 2330 566 2370 vero
600 2314 662 2369 in
705 2312 934 2385 tegulas
995 2311 1232 2383 decidit,
1286 2311 1360 2369 ad
1416 2311 1679 2369 hominis
1732 2312 2089 2384 spithamam

434 2402 712 2461 excrevit.

1005 2525 1244 2582 EODEM
1268 2525 1519 2582 MENSE.

1067 2616 1169 2671 Die
1210 2616 1465 2688 septima

442 2725 591 2780 171
660 2722 942 2778 Certamen
999 2728 1318 2779 sanctorum
1371 2729 1678 2793 martyrum
1734 2720 1984 2793 Antonii,
2042 2727 2094 2776 et

682 2801 983 2866 parentum
1013 2795 1151 2864 ejus,
1183 2794 1484 2866 Melasippi
1529 2801 1582 2849 et
1614 2795 1841 2863 Casinas,

510 2903 601 2972 lli,
633 2902 866 2959 Iuliano
919 2906 1189 2976 apostata
1237 2902 1617 2975 tyrannidem
1667 2906 2000 2967 exercente,
2031 2902 2095 2956 in

436 2992 583 3047 urbe
632 2994 865 3063 Ancyra
908 2997 1097 3049 erant.
1148 2992 1576 3064 Comprehensi
1624 2996 1824 3047 autem
1864 2991 1935 3047 ab
1966 2991 2096 3064 ipso

437 3087 595 3136 sunt.
649 3082 721 3136 Et
776 3082 1032 3138 Antonio
1086 3082 1329 3153 quidem
1362 3081 1425 3137 in
1456 3098 1756 3138 carcerem
1803 3081 2093 3153 conjecto,

438 3177 718 3245 parentes
749 3171 879 3244 ejus
927 3172 990 3227 in
1022 3171 1343 3243 equuleum
1377 3172 1673 3244 suspensi,
1707 3171 2095 3239 dilaniantur,

440 3266 617 3334 atque
647 3261 768 3335 igni
798 3261 1168 3317 aduruntur:
1202 3267 1262 3317 et
1307 3260 1534 3317 Casinas
1575 3261 1881 3329 mamillaa,
1915 3259 2096 3316 Mela-

439 3351 611 3424 sippo
643 3356 843 3407 autem
883 3367 1059 3407 crura
1104 3349 1559 3407 abscinduntur.
1608 3350 1941 3407 Productus
1965 3366 2101 3406 vero

444 3442 757 3509 Antonius,
789 3458 926 3498 cum
955 3441 1198 3497 vidisset
1218 3445 1497 3515 parentes
1519 3457 1863 3513 suspensos,
1894 3457 2101 3497 eorum

442 3531 714 3588 membra
739 3531 906 3587 humi
928 3531 1196 3604 jacentia
1239 3531 1635 3601 exosculatus,
1667 3531 1931 3603 seipsum
1962 3548 2099 3587 san-

446 3622 622 3695 guine
647 3620 719 3676 de
741 3621 863 3676 illis
885 3620 1214 3678 distillante
1235 3620 1424 3676 unxit.
1446 3620 1540 3675 Illi
1563 3636 1698 3675 vero
1721 3620 1805 3677 ita
1827 3622 2102 3693 suspensi

444 3711 520 3766 ad
551 3710 869 3765 Dominum
890 3710 1394 3783 migrarunt.Tum
1418 3709 1843 3782 Antonius,qui
1875 3727 2102 3766 annum
2128 3734 2137 3744 ·

445 3801 746 3857 decimum
778 3800 1019 3854 tertium
1050 3799 1282 3872 agebat,
1313 3800 1377 3854 in
1421 3799 1637 3855 faciem
1674 3801 1971 3871 Apostataa
2003 3818 2099 3856 ex-

444 3906 686 3962 spuens,
712 3888 1098 3960 suspenditur
1119 3893 1178 3943 et
1202 3888 1350 3959 ipse,
1374 3904 1443 3943 ac
1468 3887 2102 3960 discerpitur,ejusque

442 3980 549 4036 tali
579 3978 975 4048 terebrantur,
998 3983 1056 4032 et
1071 3982 1250 4049 caput
1268 3977 1517 4033 raditur.
1542 3977 1767 4033 Deinde
1793 3978 1868 4034 ad
1894 3978 2102 4051 Agrip-

442 4070 655 4143 pinum
713 4067 924 4123 ducem
981 4067 1222 4135 missus,
1284 4072 1461 4138 atque
1519 4066 1591 4122 ab
1650 4083 1719 4123 eo
1773 4067 1835 4122 in
1859 4067 2103 4123 furnum

444 4160 726 4232 injectus,
784 4173 921 4213 cum
975 4156 1201 4212 illaasus
1285 4155 1626 4229 prodiisset,
1711 4157 2105 4231 quadraginta

446 4265 665 4322 pueros
694 4246 779 4304 rei
802 4246 1213 4321 magnitudine
1240 4251 1569 4302 commotos
1585 4246 1660 4302 ad
1683 4247 1899 4303 Christi
1922 4246 2102 4304 fidem

445 4338 767 4412 pertraxit:
800 4337 902 4411 qui
933 4352 1142 4393 omnes
1189 4352 1311 4392 una
1355 4352 1491 4392 cum
1518 4336 1729 4392 eodem
1761 4341 2103 4409 exoptatum

447 4429 654 4500 ﬁnem,
683 4427 904 4502 gladio,
935 4426 1095 4498 cesi,
1128 4430 1508 4498 acceperunt.

1098 4623 1323 4680 Eodem
1356 4625 1452 4681 die

453 4734 607 4792 172
635 4732 920 4789 Certamen
974 4732 1155 4786 sancti
1206 4732 1483 4799 Hieronis,
1533 4732 1913 4802 sociorumque
1967 4732 2105 4787 duo-

523 4821 648 4862 rum
695 4820 759 4859 ac
806 4805 1065 4873 triginta,
1095 4804 1194 4873 qui
1222 4804 1284 4858 in
1311 4803 1446 4859 urbe
1474 4803 1729 4860 Melitina
1771 4806 2107 4874 martyrium

529 4878 837 4934 subierunt.

531 4984 729 5041 Sancti
759 4986 1051 5054 martyres
1081 4981 1321 5049 Hieron,
1355 4982 1669 5049 Nicander,
1696 4983 2115 5055 Hesychius,et

460 5074 564 5131 alii
595 5073 839 5147 triginta
867 5072 1035 5140 socii,
1060 5071 1415 5127 Maximiano
1441 5076 1500 5126 et
1525 5071 1890 5129 Diocletiano
1913 5071 2116 5144 impiis

456 5162 944 5237 imperatoribus,
975 5163 1039 5217 in
1065 5160 1212 5216 urbe
1258 5161 1549 5217 Armenias
1589 5161 1855 5217 Melitina
1883 5161 2114 5218 clarue-

454 5260 616 5312 runt.
648 5255 796 5310 Cum
825 5256 1025 5308 autem
1055 5250 1118 5305 in
1148 5266 1359 5305 omnes
1390 5250 1761 5306 Christianos
1790 5250 2116 5307 universim

454 5364 565 5420 per
592 5343 787 5401 caedes
808 5342 1132 5403 smviretur,
1152 5339 1377 5395 detenti
1402 5345 1461 5395 et
1482 5339 1596 5411 ipsi
1618 5356 1653 5394 a
1674 5340 1951 5395 Melitinas
1974 5357 2120 5412 pras-

454 5437 632 5506 fecto,
665 5432 871 5489 multis
902 5429 1212 5502 suppliciis
1233 5430 1443 5485 tentati
1475 5435 1634 5496 sunt,
1658 5447 1803 5485 num
1837 5446 1871 5485 a
1900 5429 2117 5486 Christi

459 5527 624 5582 cultu
654 5524 729 5580 ad
759 5522 1059 5578 idolorum
1080 5520 1568 5592 superstitionem
1590 5519 1820 5576 traduci
1850 5524 2116 5592 possent.

465 5615 579 5671 Sed
596 5630 730 5670 cum
751 5629 872 5668 non
894 5611 1088 5667 solum
1110 5609 1170 5665 id
1190 5610 1384 5665 facere
1406 5610 1885 5679 recusarent,sed
1906 5627 2122 5683 magna

470 5704 649 5759 etiam
672 5719 813 5757 voce
843 5701 1143 5757 Christum
1170 5716 1375 5756 verum
1426 5701 1633 5769 Deum,
1667 5704 1728 5757 et
1755 5700 1888 5757 coeli
1921 5706 2122 5757 terrm-

472 5808 610 5868 que,
643 5809 711 5851 ac
741 5790 1011 5848 omnium
1054 5804 1186 5861 quae
1241 5790 1306 5846 in
1365 5790 1451 5846 eis
1495 5794 1653 5864 sunt,
1685 5792 1962 5865 opiﬁcem
1994 5809 2123 5849 esse

1735 435 2174 499 MENOLOGII
2217 439 2429 501 PARS
2470 439 2524 500 l.

1071 575 1291 631 Eodem
1322 574 1418 630 die
2102 571 2156 641 Α

2834 527 2841 532 δ
3442 521 3451 525 _
3723 440 3836 502 us

2755 576 2839 647 Ti:
2881 572 3016 646 αὕτῇ
3062 574 3265 648 ἡμέραι

2194 676 2256 731 Ἦ
2290 679 2588 753 ἀνάμνησις
2616 687 2718 750 τῆς
2750 679 3022 755 πεσόυσης
3072 677 3123 750 ἐξ
3173 680 3409 755 οὐρανοῦ
3455 680 3679 751 κόνεως,
3711 682 3839 750 ἤτοι

2718 752 2941 829 τέφρας,
2971 755 3006 822 ἤ
3052 752 3305 822 στακτῆς.

2259 875 2383 931 Ἐπὶ
2415 876 2648 938 Λέοντος
2706 873 2803 931 τοῦ
2864 876 3109 951 μεγάλου
3165 874 3458 952 βασιλέως,
3514 881 3612 932 τοῦ
3657 875 3844 934 ἐπιλε-

2185 965 2421 1039 γομένου
2446 966 2677 1037 Βέσσου,
2710 965 2831 1040 περὶ
2871 967 2940 1022 τὰ
2988 964 3275 1023 τελευταῖα
3327 973 3425 1037 τῆς
3480 964 3646 1022 αὐτοῦ
3680 966 3843 1043 βασι-

2190 1051 2361 1125 λείας,
2393 1051 2510 1130 ὥρᾳ
2536 1050 2665 1129 ἕκτῃ
2724 1058 2824 1120 τῆς
2878 1055 3109 1131 ἡμέρας,
3171 1055 3363 1131 γέγονε
3403 1058 3663 1135 συννεφὴς
3693 1056 3723 1110 6
3755 1056 3846 1110 οό-

2188 1142 2370 1217 ρανὸς,
2402 1143 2491 1198 καί
2523 1144 2621 1212 τὴν
2680 1144 2884 1215 συνήθη
2942 1149 3050 1199 τῶν
3111 1140 3477 1221 ὀμϐροφόρων
3518 1149 3716 1223 νεφῶν,
3751 1165 3852 1217 με·-

2190 1229 2378 1287 λανίαν
2413 1231 2489 1296 εἰς
2535 1230 2763 1306 πυρώδη
2817 1233 2937 1297 θέαν
2991 1229 3338 1307 μεταϐαλὼν,
3377 1230 3553 1289 ἐδόκει
3579 1234 3648 1289 τὰ
3675 1235 3851 1289 πάντα

2187 1320 2566 1396 καταφλέγειν*
2625 1321 2699 1385 ὡς
2757 1322 2996 1396 νομίζειν
3054 1325 3314 1394 ἅπαντας,
3358 1324 3435 1389 ὡς
3463 1323 3626 1380 εἶκαὶ
3663 1324 3848 1399 βροχὴ

2189 1410 2539 1485 κατενεχθείη
2599 1409 2659 1466 ἐκ
2707 1411 2971 1467 τοιούτων
3028 1417 3226 1488 νεφῶν,
3285 1412 3499 1474 πάντως
3542 1417 3648 1489 πῦρ
3678 1410 3849 1481 ἔσται,

2189 1500 2281 1555 καὶ
2339 1498 2498 1578 φλὸξ,
2555 1501 2850 1557 κατακαίου
2912 1502 2985 1566 ὡς
3043 1503 3214 1559 πάλαι
3270 1505 3341 1559 τὰ
3399 1502 3643 1577 Σόδομα.
3704 1504 3851 1561 Πάν-

2190 1611 2297 1645 των
2333 1587 2389 1644 δὲ
2417 1594 2526 1645 τῶν
2587 1588 2773 1667 ἱερέων
2822 1591 2912 1646 καὶ
2968 1596 3075 1647 τῶν
3131 1587 3379 1648 εὖλαϐῶν
3434 1593 3569 1666 μετᾶ
3600 1589 3852 1666 δακρύων

2192 1679 2616 1757 προσφυγόντων
2672 1685 2791 1743 ταῖς
2860 1679 3198 1752 ἐκκλησίαις,
3252 1682 3344 1737 καὶ
3397 1681 3489 1737 τὸν
3549 1683 3702 1752 Θεὸν,
3759 1680 3855 1737 καὶ

2191 1769 2291 1838 τήν
2320 1769 2702 1845 πανάχραντον
2758 1769 3019 1826 Θεοτόκον
3053 1768 3474 1843 δυσωπούντων,
3509 1773 3536 1827 ὁ
3569 1773 3644 1845 μή
3677 1770 3854 1836 θέλων

2197 1860 2288 1915 τὸν
2347 1859 2568 1915 θάνατον
2623 1863 2731 1916 τῶν
2788 1858 3135 1934 ἁμαρτωλῶν
3196 1858 3586 1936 φιλάνθρωπος
3631 1860 3858 1935 Κύριος,

2124 1927 2426 2025 Βκεράτας
2484 1952 2553 2023 τῇ
2602 1927 2844 2024 τιμωρία
3057 1927 3406 2027 ἀγαθότηταξ
3443 1927 3864 2015 ἐκέλευσεπαῖς

2196 2037 2451 2118 νεφέλαις
2518 2038 2736 2116 βρέχειν
2802 2039 2952 2096 ὑετὸν
3027 2038 3352 2115 παράδοξον.
3413 2041 3549 2098 Ἀπὸ
3605 2041 3706 2117 γὰρ
3759 2044 3865 2111 τῆς

2209 2127 2433 2203 ἑσπέρας
2493 2124 2719 2201 ἤρξατο,
2794 2129 2884 2183 καὶ
2966 2130 3131 2205 μέχρι
3196 2128 3582 2202 μισοννυκτὶου
3639 2124 3862 2207 ἔόρεχε.

2195 2218 2269 2273 Τὸ
2302 2215 2358 2272 δέ
2387 2217 2792 2292 κατερχόμενον
2849 2218 2916 2288 ἦν
2979 2220 3178 2290 στακτὴ
3228 2218 3422 2289 ζέουσα
3464 2219 3539 2282 ὠς
3569 2219 3860 2294 ἀνθρακιά·

2196 2308 2320 2379 ἣτις
2373 2305 2462 2362 καὶ
2518 2307 2812 2364 κατέκαυσε
2863 2307 3038 2364 πάντα
3091 2308 3158 2365 τὰ
3209 2310 3370 2387 φυτὰ,
3429 2310 3664 2366 ἐπὶτῶν
3695 2308 3864 2386 κερά-

2198 2417 2317 2472 μων
2344 2398 2557 2453 τεθεῖσα
2586 2395 2662 2461 ὠς
2693 2395 3195 2474 ἀνδρὸςξσπιθάμη.

2764 2527 2944 2584 ΜΗΝΙ
2970 2528 3060 2585 ΤΩ
3088 2530 3285 2586 ΑΥΤΩ.

2990 2618 3063 2675 Z‘.

2197 2720 2473 2793 ’Ἂθλησις
2520 2724 2636 2798 τῶν
2690 2721 2858 2798 ᾴγίων
2915 2721 3202 2798 μαρτόρων
3265 2724 3581 2798 Ἀντωνίου,
3613 2725 3704 2781 καὶ
3744 2729 3862 2782 τῶν

2411 2793 2613 2869 γονέων
2648 2792 2834 2864 αὐτοῦ,
2867 2792 3230 2851 Μελασίππου
3260 2796 3349 2851 καὶ
3380 2792 3640 2869 Κασίνής.

2272 2901 2438 2959 Οὗτοι
2477 2902 2730 2978 ὑπῆρχον
2791 2901 2880 2958 ἐπὶ
2930 2909 3031 2972 τῆς
3081 2901 3394 2979 τυραννίδος
3437 2905 3732 2965 Ἰουλιανοῦ
3760 2910 3870 2962 τοῦ

2204 2984 2547 3066 Παραϐάτου,
2606 2988 2658 3045 έν
2720 2989 2961 3066 Ἀγκόρᾳ
3029 2996 3100 3067 τῇ
3160 2992 3341 3050 πόλει’
3403 2994 3779 3071 ἐκρατήθησαν
3814 2993 3875 3051 δὲ

2203 3081 2332 3155 παρ’
2388 3078 2573 3135 αὐτοῦ.
2632 3079 2737 3137 Καὶ
2797 3081 2826 3135 ὁ
2888 3080 2984 3154 μέν
3043 3082 3450 3148 Ἀντώνιοςεῖς
3480 3085 3728 3155 φυλακὴν
3766 3083 3877 3159 έμ-

2205 3165 2493 3238 εάλλεται,
2541 3169 2595 3224 οἱ
2654 3165 2712 3223 δὲ
2760 3174 2940 3246 γονεῖς
2994 3171 3162 3227 αὐτοῦ
3213 3173 3602 3247 κρεμασθέντες
3635 3173 3874 3245 ἐξέοντο,

2205 3261 2293 3315 καὶ
2328 3259 2459 3336 πυρὶ
2488 3259 2858 3320 κατεκαίοντο.
2917 3260 3051 3317 Εἶτα
3106 3264 3141 3331 ἡ
3205 3262 3302 3336 μὲν
3366 3264 3566 3335 Κασίνη
3613 3263 3876 3337 τέμνεται

2208 3350 2338 3415 τοὺς
2395 3349 2652 3425 μαστοὺς,
2709 3351 2738 3406 6
2795 3347 2853 3406 δὲ
2908 3351 3269 3416 Μελάσιππος
3335 3352 3464 3418 τοὺς
3530 3351 3703 3417 πόδας
3758 3354 3877 3411 ἀπὸ

2206 3444 2315 3497 τῶν
2339 3439 2604 3515 γονάτων.
2660 3440 2886 3515 Ἀχθεὶς
2945 3437 3002 3496 δὲ
3055 3442 3145 3498 καὶ
3189 3442 3219 3497 6
3256 3442 3579 3512 Ἀντώνιος,
3609 3443 3699 3500 καὶ
3731 3439 3876 3500 ἰδὼν

2206 3528 2336 3592 τοὺς
2392 3534 2574 3605 γονεῖς
2632 3528 2795 3584 αὐτοῦ
2849 3531 3245 3608 κρεμαμένους,
3300 3532 3390 3588 καὶ
3455 3534 3523 3589 τὰ
3571 3533 3878 3590 ἐκκοπέντα

2214 3617 2357 3693 μέλη
2419 3618 2599 3674 αὐτῶν
2654 3618 2743 3674 ἐπὶ
2799 3621 2900 3693 γῆς
2977 3620 3220 3694 κείμενα,
3286 3620 3649 3697 κατεφίλησεν
3706 3621 3871 3678 αὐτά·

2208 3710 2299 3766 καὶ
2333 3703 2516 3764 λαϐὼν
2571 3707 2678 3764 ἀπὸ
2732 3712 2832 3764 τοῦ
2888 3707 3292 3779 ἀπνστάζοντος
3338 3712 3591 3785 αἳματος,
3635 3709 3875 3787 ἤλειψεν

2210 3798 2419 3857 ἑαυτόν.
2453 3797 2802 3874 Κρεμάμενοι
2862 3796 2920 3853 δέ
2978 3799 3031 3854 οἳ
3083 3805 3258 3874 γονεῖς
3297 3800 3462 3856 αὐτοῦ
3492 3802 3630 3877 πρὸς
3662 3800 3874 3877 Κύριον

2210 3885 2572 3961 ἑξεδήμησαν.
2632 3887 2689 3941 Ὀ
2775 3885 2832 3942 δὲ
2916 3887 3212 3953 Ἀντώνιος
3294 3890 3512 3966 χρόνων
3573 3888 3878 3964 δεκατριῶν

2213 3976 2500 4053 ὑπάρχων,
2531 3974 2808 4050 έμπτύσας
2839 3974 2917 4039 εἰς
2951 3977 3015 4032 τὸ
3044 3977 3337 4053 πρόσωπον
3378 3984 3476 4035 τοῦ
3528 3975 3880 4055 παραϐάτου,

2211 4063 2536 4142 κρεμασθείς
2565 4065 2759 4138 εέεται,
2818 4064 2909 4120 καὶ
2964 4072 3232 4142 τρυπᾶται
3283 4068 3411 4131 τοὺς
3471 4068 3882 4146 ἀστραγάλους,

2210 4155 2302 4210 καὶ
2356 4154 2576 4228 ξυρᾶται
2627 4156 2727 4225 τήν
2785 4154 3055 4232 κεφαλήν.
3127 4157 3261 4214 Εἶτα
3315 4162 3588 4232 πέμπεται
3642 4161 3887 4235 ’Λγριπ-

2212 4245 2357 4318 πίνῳ
2420 4248 2500 4317 τῷ
2556 4242 2732 4302 ὃουκι.
2794 4244 2897 4302 Καὶ
2956 4244 3033 4308 εἰς
3092 4250 3327 4323 φοῦρνον
3374 4247 3619 4324 βληθεὶς,
3650 4247 3886 4319 ἐξῆλθεν

2215 4335 2396 4410 ὑγιής.
2456 4331 2663 4389 ’ἰδόντα
2717 4331 2775 4389 δὲ
2829 4333 2990 4390 αὐτὸν
3057 4333 3248 4391 παιδία
3300 4338 3701 4414 τεσσαράκοντα
3754 4338 3889 4396 έπε-

2214 4443 2459 4492 στευσαν,
2517 4422 2609 4479 καὶ
2668 4422 2763 4479 σὺν
2812 4422 2963 4498 αὐτῷ
3011 4425 3315 4501 προθύμως
3351 4428 3415 4484 τὸ
3445 4425 3536 4484 διὰ
3562 4431 3660 4485 τοῦ
3690 4427 3893 4507 ξίφους

2211 4512 2374 4579 τέλος
2402 4510 2669 4587 ἐδέξαντο.

2783 4626 2867 4699 Τῇ
2907 4623 3044 4699 αὐτῇ
3095 4626 3298 4703 ἡμέρᾳ-

2214 4727 2486 4801 ⁴Δθλησις
2542 4734 2640 4811 τοῦ
2694 4729 2882 4811 ἁγίου.
2928 4732 3217 4811 Ἱέρωνοςη
3270 4732 3388 4811 καὶ-
3427 4738 3535 4791 τῶν
3598 4736 3691 4792 σὺν
3722 4734 3889 4811 αὐτῷ

2285 4799 2676 4930 τΞιακονταδόο
2712 4799 3025 4879 μαρτύρων,
3052 4810 3162 4861 τῶν
3184 4799 3251 4860 ’ἐν
3285 4805 3556 4884 Μελιτινῇ
3591 4799 3896 4885 μαρτυρηζ

2291 4895 2323 4929 σ
2359 4895 2519 4930 ντων.

2291 4895 2519 4932 σαντων,

2294 4982 2361 5038 Οἱ
2393 4982 2534 5057 ἅγιοι
2596 4981 2886 5056 μάρτυρες,
2942 4978 3146 5056 Ἱὲρων,
3206 4981 3534 5061 Νίκανδρος,
3592 4984 3898 5062 Ἦσόχιος,

2221 5069 2312 5127 καὶ
2371 5071 2423 5125 οἱ
2480 5068 2573 5124 σὺν
2634 5069 2820 5133 αὐτοῖς
2876 5067 3052 5147 ἕτεροι
3108 5071 3420 5147 τριάκοντα,
3479 5075 3733 5151 ὑπῆρχον
3791 5076 3899 5134 ἐπὶ

2225 5159 2591 5233 Μαξιμιανοῦ,
2647 5159 2738 5214 καὶ
2797 5160 3194 5232 Διοκλτ,τιανοῦ
3250 5166 3359 5217 τῶν
3414 5164 3747 5239 παρανόμῶν
3786 5166 3905 5241 βοι-

2226 5248 2422 5305 σιλέων
2480 5247 2532 5304 ἐν
2588 5248 2858 5325 Μελιτινῇ
2916 5249 3077 5306 πόλει
3130 5257 3231 5322 τῆς
3280 5252 3592 5328 Ἀριιειίας.
3627 5261 3909 5331 Διωγμοῦ

2228 5338 2286 5394 δὲ
2340 5336 2638 5395 καθολικοῦ
2693 5341 2989 5416 γενομένου
3037 5340 3172 5396 κατὰ
3215 5345 3323 5396 τῶν
3380 5343 3733 5419 Χριστιανῶν,
3795 5346 3910 5401 καὶ

2226 5430 2511 5502 πανταχοῦ
2584 5426 3015 5503 ἀναιρουμένων,
3091 5426 3461 5504 ἐκρατήθησαν
3538 5433 3628 5487 καὶ
3728 5433 3912 5491 αὐτοὶ

2228 5517 2375 5595 παρὰ
2422 5520 2520 5572 τοῦ
2575 5519 2675 5587 τῆς
2733 5516 3037 5587 Μελιτινῆς
3095 5520 3394 5593 ἡγεμόνος.
3450 5521 3553 5577 Καὶ
3584 5520 3771 5578 πολλὰ
3798 5544 3911 5580 τι·-

2235 5605 2579 5684 μωρηθέντες
2626 5607 2959 5683 ἀρνήσασθαι
3006 5608 3100 5663 τὸν
3149 5609 3400 5685 Χριστὸν,
3451 5611 3540 5667 καὶ
3583 5617 3736 5677 θῦσαι
3769 5620 3916 5682 τοῖς

2230 5698 2555 5772 ἀκαθάρτοις
2584 5694 2863 5765 εἰδώλοις,
2905 5697 2995 5753 καὶ
3046 5698 3123 5771 μὴ
3175 5702 3483 5765 πεισθέντες
3526 5706 3690 5759 τοῦτο
3719 5711 3909 5775 ποιῆ-

2230 5809 2340 5864 σαι,
2400 5787 2548 5845 ἀλλὰ
2606 5776 2820 5862 μᾶλλον
2881 5785 3097 5864 μεγάλῃ
3169 5792 3239 5865 τῇ
3296 5795 3453 5868 φωνῇ
3508 5791 3598 5849 τὸν
3651 5794 3907 5870 Χριστὸν
